4036 6208
387 294 446 347 u
1487 283 1690 342 PIIILO
1732 282 2125 340 CARPASIUS
2167 284 2564 342 EPISCOPUS.
3584 289 3654 344 i2

385 415 665 468 denotare.
702 409 887 482 Itaque
915 424 1131 466 sensum
1176 408 1382 477 Polybii
1414 408 1554 463 bene
1589 416 1716 464 sunt
1743 422 1965 463 assecu—
1995 415 2040 468 Α
2072 418 2236 479 atque
2296 411 2366 463 ita
2411 425 2595 464 vocem
2651 408 2788 464 illam
2821 407 3009 461 Latine
3044 404 3222 460 reddit
3269 402 3540 459 Fabrotus
3582 409 3652 460 ad

384 507 422 560 ti
457 517 565 560 tum
598 505 689 575 qui
720 520 838 560 eam
871 500 1156 573 Epiphanii
1194 500 1366 555 Vitam
1399 499 1588 556 Latine
1632 501 1814 563 vertit,
1848 507 1962 553 tum

388 597 658 653 Meursius
711 595 811 665 (a),
872 592 1176 662 Ducangius
1228 591 1326 662 (ὁ),
1375 590 1585 646 Caveus
1641 590 1711 661 (ο)
1745 599 1799 645 el
1825 590 1961 656 alii;

386 687 477 755 qui
517 686 622 741 illis
653 684 856 748 verbis,
908 681 1172 755 κληρικὸς
1206 680 1315 734 ἀπὸ
1371 679 1635 752 ρητόρων,
1670 680 1961 750 signilicari

383 777 719 840 existimant,
768 773 1049 828 Philonem
1095 770 1349 826 clericum
1406 769 1574 826 fuisse
1627 770 1692 823 de
1739 784 1964 831 numero

389 869 688 930 rhetorum,
740 880 928 921 eorum
971 865 1176 920 scilicet
1206 862 1298 933 qui
1341 877 1405 917 ex
1431 862 1576 917 clero
1607 861 1855 916 rhetores
1884 862 1964 915 di-

386 960 666 1012 cebantur.
1099 963 1113 975 '

461 1048 532 1102 De
569 1047 652 1102 his
691 1047 999 1102 rhetoribus
1023 1060 1086 1100 ex
1118 1046 1264 1100 clero
1301 1045 1454 1100 testis
1482 1057 1565 1101 est
1586 1045 1823 1102 Codinus
1850 1045 1961 1101 Cu-

388 1141 625 1208 ropalata
653 1140 756 1211 (ἀ),
811 1139 953 1208 apud
994 1154 1152 1208 quem
1189 1146 1307 1208 post
1337 1147 1445 1192 tres
1473 1139 1765 1209 Evangelii,
1816 1141 1961 1209 Λιιοο

385 1229 508 1284 stoli
541 1241 596 1283 et
618 1229 864 1284 Psalterii
897 1230 1166 1293 doctores,
1216 1243 1446 1296 quorum
1476 1229 1684 1296 primus
1731 1241 1964 1300 quatuor

385 1320 770 1390 evangelistas,
813 1321 1082 1374 secumlus
1134 1318 1403 1389 Epistolas
1437 1319 1498 1372 Ι).
1559 1318 1730 1384 Pauli,
1772 1322 1963 1376 tertius

387 1405 631 1462 l’salmus
663 1407 1144 1477 interpretabatur,
1177 1407 1392 1473 ponitur
1423 1425 1475 1464 n.
1514 1409 1625 1463 22:
1674 1410 1734 1463 Ὀ
1778 1411 1961 1483 ῥήτωρ

384 1498 464 1559 εἰς
491 1496 551 1548 τὸ
585 1497 912 1568 ἑρμηνεύειν
936 1496 1034 1560 τὰς
1057 1496 1303 1567 Γραφάς,
1332 1496 1526 1551 Rhetor
1555 1500 1622 1551 ad
1655 1499 1960 1569 Scripturas

383 1589 828 1654 interpretandas.
897 1588 1129 1645 Goarius
1169 1590 1354 1644 eadem
1391 1589 1565 1644 ofﬁcia
1619 1593 1834 1662 subjicit
1895 1609 1963 1648 ex

386 1678 565 1750 Regiis
608 1694 738 1736 mss.
773 1682 868 1749 (e),
910 1682 962 1734 in
996 1680 1190 1748 quibus
1218 1682 1468 1747 habetur,
1516 1685 1544 1736 ὁ
1574 1684 1762 1755 ῥήτωρ
1794 1685 1874 1747 εἰς
1903 1683 1963 1736 τὸ

385 1771 719 1842 ῥητορεύειν,
744 1774 920 1826 rhetor
941 1773 1008 1824 ad
1044 1774 1323 1826 orandunt.
1387 1773 1449 1828 Et
1482 1774 1813 1843 splendidam
1841 1790 1959 1828 eam
1993 1758 2035 1812 Β

383 1864 550 1920 fuisse
585 1863 894 1934 dignitatem
924 1863 1207 1920 blatthtnus
1232 1867 1528 1919 monachus
1570 1867 1788 1930 indicat,
1810 1867 1962 1937 cujus

384 1958 436 2010 in
471 1955 728 2025 opusculo
763 1956 836 2010 De
866 1957 1042 2027 oﬂiciis
1064 1956 1248 2025 palatii
1274 1966 1324 2010 et
1358 1955 1608 2011 Ecclesite
1656 1956 1959 2012 Constanti-

384 2047 623 2114 nopoleos
670 2046 865 2117 legitur
895 2046 946 2117 (f
959 2045 999 2116 ),
1035 2047 1180 2118 Ὅρα
1207 2046 1298 2100 τὸν
1335 2046 1584 2118 λαμπρὸν
1612 2048 1833 2118 ῥήτορα,
1866 2045 1965 2100 Re-

382 2139 522 2204 spice
555 2138 812 2192 illustrem
843 2138 1118 2193 rhetorem.
1172 2138 1238 2192 Et
1262 2139 1401 2207 apud
1439 2136 1680 2191 Nicetatn
1728 2135 1960 2191 Chonia-

385 2242 490 2283 tam
516 2229 592 2302 (g)
622 2228 846 2286 Michael
879 2230 1101 2300 quidam
1132 2238 1353 2284 vocatur
1396 2228 1488 2281 τὸν
1521 2227 1808 2299 ῥητορικὸν
1838 2226 1962 2298 Θρό-

383 2337 472 2374 νον
524 2320 784 2392 κοσμῶν·
843 2335 962 2389 quae
1021 2319 1182 2374 verba
1225 2333 1347 2372 cum
1399 2318 1583 2386 jejune
1640 2317 1963 2372 reddidisset

375 2412 742 2490 ﬂieronymus
766 2411 992 2467 Wolfius
1016 2426 1111 2482 per
1139 2414 1352 2466 unicam
1383 2426 1566 2465 vocem
1597 2410 1960 2474 concionator,

382 2507 450 2561 ab
493 2506 691 2560 Allat‘to
725 2505 803 2571 (h)
869 2504 1236 2574 reprehensus
1273 2513 1374 2558 esu
1429 2501 1787 2566 Quamobrem
1830 2515 1961 2554 ano-

383 2609 576 2665 nymus
622 2609 650 2648 a
685 2593 885 2650 Goario
920 2593 1100 2648 editus
1147 2592 1208 2663 (ἱ)
1246 2592 1344 2653 ait,
1375 2590 1681 2660 φιλοσόφων
1730 2588 1956 2655 ὕπατος,

385 2687 628 2759 ρητόρων
678 2686 921 2757 πρῶτοςο
978 2683 1044 2738 ad
1075 2700 1195 2754 qua:
1245 2684 1403 2738 verba
1454 2681 1707 2755 Goarius.
1848 2683 1962 2737 hac

384 2778 661 2832 adnotavit
699 2794 713 2830 :
751 2777 971 2832 Summa
996 2777 1327 2845 imperatoris
1360 2775 1524 2829 virtus
1563 2785 1659 2838 est,
1692 2785 1746 2827 ut
1777 2774 1958 2828 erudi-

383 2871 544 2923 tionis
596 2870 803 2938 capiam
835 2869 972 2922 inter
1017 2868 1334 2938 loquendum
1384 2869 1581 2921 diserte
1635 2868 1800 2936 possit
1831 2884 1951 2933 pro-

383 2961 600 3030 fundere
630 2977 649 3014 :
675 2969 726 3014 et
742 2962 834 3030 jus
862 2960 1143 3029 unicuique
1165 2961 1415 3024 debitum,
1445 2970 1500 3012 ut
1527 2958 1681 3028 facile
1707 2976 1958 3029 agnosce-

2065 497 2310 554 Nicetam
2338 500 2404 572 (ι)
2439 518 2452 556 :
2487 503 2693 572 ῥήτωρ,
2725 502 2813 570 qui
2848 501 3156 569 Scripturas
3204 498 3380 549 instar
3423 499 3652 552 oratoris

2064 591 2399 648 ecclesiastici
2459 593 2945 661 interpretabatur;
2999 605 3120 661 qua:
3169 597 3297 643 sunt
3331 588 3449 656 ipsa
3489 588 3650 642 verba

2068 683 2284 740 Meursii
2337 685 2387 739 in
2428 683 2722 740 Glossario.
2759 684 3044 739 Gretserus
3073 681 3168 752 (in)
3204 694 3422 750 quoque
3445 679 3513 734 ad
3543 677 3650 734 Co-

2065 775 2248 829 dinum
2285 792 2298 828 :
2338 774 2576 830 Rhetoris
2630 776 2855 844 ofﬁcium
2899 785 2974 828 est
3025 771 3310 842 generatim
3342 768 3651 837 Scripturas

2064 883 2243 922 sacras
2271 867 2638 935 interpretari;
2669 877 2714 920 et
2747 866 2948 919 videtur
2974 864 3082 927 ille,
3131 877 3281 931 quem
3324 877 3414 914 nos
3434 858 3648 916 concio-

2066 967 2309 1012 natorem
2335 959 2688 1011 nominamus.
2743 955 2846 1010 Sed
2882 953 3112 1008 Allatius
3149 942 3232 1022 '(n)
3271 949 3646 1004 animadvertit

2066 1049 2323 1103 rhetorem
2356 1049 2594 1117 patuisse
2625 1046 2788 1100 latius
2813 1060 2974 1115 quam
3010 1047 3286 1099 doctorem
3333 1040 3638 1108 Evangelii;

2064 1150 2120 1195 et
2175 1140 2422 1194 rhetores
2445 1139 2536 1206 qui
2589 1149 2855 1208 praecepta
2905 1137 3026 1191 aliis
3053 1135 3353 1197 traderent,
3389 1142 3644 1201 tanquam

2063 1229 2382 1300 eloquentiae
2408 1229 2745 1300 professores
2797 1229 2863 1282 ad
2915 1229 2966 1282 id
3019 1226 3190 1282 ferme
3237 1239 3434 1278 munus
3461 1222 3641 1276 vocari

2064 1321 2429 1375 consuevisse.
2458 1319 2570 1374 Non
2601 1335 2790 1385 unum,
2811 1321 2904 1374 sed
2930 1319 3110 1388 plures
3133 1318 3183 1369 in
3209 1315 3447 1370 Ecclesia
3478 1313 3644 1368 fuisse

2066 1413 2314 1467 rhetores
2345 1411 2426 1464 vel
2451 1411 2538 1464 illa
2564 1413 2726 1466 verba
2763 1411 3002 1465 indicant
3034 1406 3221 1475 plurali
3256 1419 3484 1459 numero
3517 1418 3644 1457 con-

2063 1514 2216 1571 cepta
2249 1502 2314 1556 de
2354 1501 2577 1556 Philone
2613 1510 2800 1556 nostro
2831 1502 2882 1555 in
2909 1499 3190 1568 Epiphanii
3232 1495 3386 1558 Vita;
3412 1506 3464 1549 et
3492 1509 3556 1548 ex
3581 1508 3644 1548 eo

2066 1592 2302 1646 maxime
2328 1601 2560 1653 constat,
2594 1591 2733 1659 quod
2767 1604 2908 1644 unus
2958 1589 3194 1657 ipsorum
3241 1583 3443 1652 primas
3493 1591 3642 1634 tene-

2065 1693 2170 1746 ret,
2227 1692 2389 1750 atque
2444 1681 2690 1752 μαῖστωρ
2745 1681 2853 1734 τῶν
2905 1680 3175 1751 ρητόρων,
3228 1675 3401 1747 μέγας
3458 1673 3636 1744 ῥήτωρ

2065 1784 2482 1844 nuncuparetur,
2517 1774 2580 1829 de
2631 1789 2735 1843 quo
2793 1773 3056 1828 Meursius
3089 1770 3186 1841 (ο),
3226 1779 3280 1824 et
3308 1767 3513 1823 Caveus
3542 1765 3639 1836 (ρ),

2064 1867 2154 1936 qui
2183 1862 2312 1921 fuse
2340 1867 2405 1920 de
2453 1865 2675 1922 Philone
2710 1876 2898 1920 nostro
2933 1865 3220 1934 disputat;
3270 1875 3334 1914 ac
3370 1860 3420 1914 in
3452 1858 3643 1928 quavis

2064 1959 2178 2012 fere
2215 1958 2407 2026 majori
2431 1958 2661 2013 ecclesia
2695 1956 2865 2012 fuisse
2915 1955 3072 2011 docet
3104 1953 3360 2024 aliquem,
3399 1951 3489 2022 qui
3514 1951 3641 2005 rhe-

2062 2051 2196 2104 toris
2250 2067 2474 2106 munere
2517 2051 2856 2122 fungeretur,
2917 2057 3078 2118 atque
3126 2063 3189 2103 es
3251 2047 3368 2114 ejus
3403 2044 3644 2098 ecclesias

2065 2143 2324 2198 reditibus
2356 2144 2625 2208 aleretur;
2676 2157 2706 2196 a
2743 2157 2850 2210 quo
2892 2141 3054 2196 etiam
3075 2138 3321 2208 iuniores
3353 2135 3534 2191 clerici
3575 2134 3642 2188 ad

2065 2233 2272 2289 futuras
2301 2235 2439 2289 sacri
2468 2233 2675 2288 ordinis
2716 2231 3016 2286 functiones
3048 2228 3419 2299 promovendi,
3472 2225 3643 2281 sacris

2069 2326 2265 2380 litteris
2296 2335 2350 2380 et
2379 2325 2684 2396 disciplinis
2723 2322 3105 2379 ecclesiasticis
3133 2319 3497 2376 erudirentur.

2135 2414 2240 2468 Sed
2269 2426 2326 2467 ut
2349 2417 2415 2468 ad
2446 2414 2730 2469 Philonem
2767 2414 3074 2477 redeamus,
3106 2420 3253 2464 tanta
3303 2413 3372 2464 de
3426 2424 3492 2464 eo
3543 2407 3643 2464 fuit

2066 2505 2125 2560 S.
2159 2506 2443 2574 Epiphanii
2473 2505 2679 2575 opinio,
2717 2514 2776 2558 ιιι
2805 2503 3033 2558 Romam
3062 2500 3400 2572 profecturus
3435 2500 3506 2554 illi
3548 2514 3639 2554 ac-

2063 2598 2365 2669 cersito~(q)
2386 2606 2706 2666 potestatem
2742 2595 2948 2650 dederit
2983 2592 3425 2648 administranda:
3457 2590 3638 2646 Eccle-

2068 2689 2160 2742 sia:
2182 2688 2508 2743 Constantia!
2539 2707 2552 2755 ;
2578 2699 2631 2742 et
2657 2688 2700 2743 si
2735 2702 2870 2756 opus
2903 2685 3116 2748 fuisset,
3148 2684 3429 2738 ordinandi
3483 2682 3642 2737 cleri-

2061 2796 2156 2836 cos
2191 2780 2522 2846 facultatem,
2560 2790 2618 2835 ut
2654 2789 2840 2834 narrat
2882 2779 3020 2832 idem
3055 2790 3212 2846 quem
3244 2789 3402 2843 supra
3435 2788 3639 2830 memo-

2066 2871 2326 2935 ravimus,
2352 2871 2784 2926 Rhinucurorum
2816 2869 3096 2938 episcopus
3131 2866 3401 2937 Polybius.

2133 2963 2392 3019 Novimus
2443 2966 2687 3034 quidem,
2733 2961 2856 3016 Vita
2901 2961 2989 3016 illa
3033 2960 3093 3016 S.
3123 2959 3408 3028 Epiphanii
3445 2957 3641 3015 multas

382 3069 458 3117 re,
490 3055 561 3108 ita
586 3062 884 3106 constanter
912 3051 1127 3105 reddere
1157 3057 1223 3105 sit
1252 3062 1491 3121 paratus.
1523 3049 1580 3106 Si
1608 3053 1734 3120 quid
1768 3052 1955 3106 horum
1984 3095 2028 3155 ϐ
2062 3057 2325 3111 contineri
2380 3057 2617 3122 fabulas,
2649 3071 2755 3127 quo
2801 3055 3019 3110 nomine
3059 3067 3121 3109 ea
3174 3052 3326 3106 valde
3371 3050 3641 3119 displicuit

382 3156 572 3200 natura
616 3145 692 3200 vel
743 3147 1048 3199 exercitium
1101 3145 1412 3214 denegabat,
1456 3143 1521 3197 ab
1569 3143 1691 3198 aliis
1736 3161 1956 3214 quarunt

379 3237 709 3299 eruditione,
753 3235 1086 3305 eloquentia,
1155 3236 1324 3304 legunt
1386 3235 1572 3302 peritia
1623 3252 1684 3288 ac
1730 3237 1959 3304 justiticc

379 3343 559 3382 amore
582 3329 864 3381 duceretur
906 3336 954 3380 et
987 3325 1364 3390 sublevaretur,
1397 3343 1542 3396 Opem
1574 3329 1808 3380 mutuari
1856 3342 1960 3380 non

379 3419 712 3474 erubescebat
746 3420 1007 3490 quondam
1045 3419 1099 3471 in
1126 3415 1340 3472 Oriente
1381 3419 1702 3486 imperator:
1730 3417 1837 3472 τῶν
1871 3436 1960 3489 φι-

378 3508 658 3580 λοσόφων,
699 3510 996 3563 divinarum
1045 3507 1499 3578 humanarumque
1543 3525 1714 3562 rerum
1777 3509 1960 3579 cogni-

379 3603 520 3656 tione
552 3603 840 3656 instructus
890 3601 1282 3665 eruditionem;
1325 3599 1574 3674 ρητόρων
1619 3600 1836 3674 πρῶτος
1875 3601 1960 3653 di-

379 3693 529 3747 cendi
555 3693 891 3762 facilitatem.
928 3729 942 3744 .
987 3730 1001 3744 .
1040 3732 1054 3746 .
1105 3691 1429 3761 suggerebat.
1461 3691 1722 3747 Veniebat
1754 3692 1963 3747 scilicet

383 3785 619 3841 rhetoris
659 3787 874 3838 nomine
929 3782 1164 3854 palatina
1223 3783 1387 3838 etiam
1421 3781 1655 3853 dignitas
1697 3800 1714 3840 :
1764 3784 1851 3839 cui
1891 3785 1963 3839 si-

379 3879 523 3935 milis
555 3877 642 3933 illa
676 3877 1037 3934 ecclesiastica
1065 3895 1078 3942 ;
1105 3876 1247 3946 quod
1286 3876 1522 3931 imlicant
1546 3891 1609 3930 ea
1633 3877 1792 3931 verba
1819 3893 1959 3948 quae,

379 3981 610 4040 utsupra
635 3968 835 4026 dictum
871 3980 973 4034 est,
999 3969 1176 4024 attulit
1204 3967 1569 4039 Goarins(k)e
1594 3985 1724 4024 mss.
1759 3969 1962 4042 Regiis,

377 4064 408 4114 ὀ
442 4065 626 4134 ῥήτωρ
649 4063 732 4126 εἰς
758 4062 817 4115 τὺ
846 4061 1183 4134 ῥητορεύειν.
1219 4060 1352 4115 Nam
1387 4061 1684 4132 Evangelii,
1719 4064 1800 4117 vel
1822 4063 1964 4133 Apo-

379 4153 500 4209 stoli
549 4155 673 4224 (huc
721 4163 804 4208 est
851 4153 1214 4224 Epistolarum
1265 4151 1329 4207 D.
1363 4151 1558 4223 Pauli),
1600 4155 1683 4209 vel
1715 4155 1960 4211 Psalterii

378 4247 629 4302 doctores
685 4261 870 4300 sacras
925 4245 1245 4315 Scripturas
1301 4243 1534 4299 strictim
1569 4246 1957 4314 exponebant:

378 4340 566 4394 rhetor
593 4354 722 4394 vero
759 4338 812 4392 in
852 4337 1042 4392 iisdem
1073 4334 1295 4391 uberius
1343 4337 1765 4404 pertractandis,
1801 4346 1856 4392 et
1893 4340 1960 4394 ad

2060 3147 2429 3218 Papebrochio
2476 3151 2547 3222 (r)
2601 3160 2654 3204 et
2711 3146 3052 3203 Tillemontio
3103 3144 3193 3216 (s),
3233 3159 3390 3214 quem
3439 3143 3639 3214 passim

2067 3241 2158 3295 alii
2203 3251 2523 3310 sequuntur.
2560 3241 2818 3309 Dupinius
2875 3237 3026 3292 nihili
3078 3252 3197 3292 eam
3223 3237 3488 3302 aestimat;
3544 3236 3639 3290 sed

2063 3333 2182 3402 ejus
2221 3333 2522 3387 rationibus
2555 3332 2751 3402 quibus
2781 3330 2929 3384 illaut
2959 3327 3180 3384 omnino
3213 3327 3556 3396 rejiciendam
3585 3327 3639 3381 in

2063 3426 2315 3482 omnibus
2345 3435 2516 3496 putat,
2543 3439 2876 3481 summorum
2913 3421 3152 3475 virorum
3181 3419 3442 3490 judicium
3475 3433 3642 3488 oppo-

2066 3520 2266 3574 nimus.
2309 3516 2444 3572 Nam
2481 3518 2658 3587 primo
2695 3532 2798 3572 non
2851 3514 3072 3569 omnino
3096 3527 3213 3568 eam
3251 3511 3639 3582 aspernandam

2062 3612 2314 3667 Petavius
2344 3612 2556 3665 censuit
2601 3610 2690 3681 (t),
2726 3609 2816 3679 qui
2845 3628 2858 3662 :
2892 3605 3162 3676 Subjecta,
3195 3605 3391 3674 inquit,
3425 3622 3456 3658 a
3489 3599 3642 3659 nobis

2061 3715 2134 3761 est
2183 3704 2464 3774 Epiphanii
2499 3702 2662 3770 Vita,
2725 3701 2911 3755 Latine
2967 3699 3094 3754 olint
3163 3715 3194 3750 a
3243 3696 3424 3763 Suria,
3465 3698 3643 3754 Grates

2064 3806 2238 3850 autem
2262 3812 2396 3848 nunc
2429 3795 2639 3863 vulgata
2671 3794 2921 3862 primum,
2949 3807 3011 3843 ac
3046 3789 3228 3844 multis
3257 3791 3311 3842 in
3341 3789 3469 3844 locis
3499 3807 3641 3844 reco-

2062 3886 2231 3956 gnita.
2267 3885 2396 3950 Qua:
2423 3899 2727 3955 quanquam
2765 3884 2818 3936 in
2865 3881 3125 3951 plerisque
3157 3880 3354 3948 fabula:
3386 3892 3458 3936 est
3487 3899 3644 3951 quam

2061 3979 2294 4032 historia:
2319 3977 2552 4046 prOpior,
2607 3985 2664 4029 ut
2695 3975 3014 4046 jamdudum
3060 3974 3114 4026 in
3140 3974 3442 4030 Annalibus
3471 3974 3643 4030 Baro-

2063 4071 2180 4124 nius
2211 4071 2526 4136 admonuit;
2570 4071 2666 4124 erit
2719 4068 2971 4124 tamenin
3031 4068 3289 4122 lutulenta
3321 4069 3414 4121 illa
3450 4083 3640 4120 narra-

2063 4161 2202 4214 tione
2244 4161 2468 4230 fortasse
2512 4164 2648 4232 quod
2699 4162 2881 4217 tollere
2929 4165 3115 4232 possis.
3156 4162 3221 4214 Et
3251 4159 3448 4224 alioqui
3475 4155 3640 4210 multa

2064 4252 2292 4306 continet
2311 4269 2428 4323 qua:
2444 4269 2565 4306 cum
2588 4269 2708 4307 vera
2735 4263 3035 4324 receptaque
3070 4253 3135 4305 ab
3157 4249 3396 4304 omnibus
3421 4246 3645 4301 historia

2064 4328 2411 4396 consentanea
2439 4352 2583 4396 sunt.
2606 4342 2806 4397 Deinde
2826 4358 2942 4397 eam
2977 4341 3136 4396 veluti
3171 4340 3421 4395 idoneum
3446 4346 3642 4393 testem

379 4429 557 4498 populi
589 4439 806 4498 captum
836 4427 1171 4494 explicandis
1197 4425 1593 4495 dilatandisque
1618 4429 1958 4484 versabatur.
1995 4445 2042 4504 ι)
2067 4431 2172 4487 sibi
2208 4434 2478 4488 advocare
2509 4448 2697 4488 eorum
2732 4450 2852 4505 qua:
2881 4433 3152 4496 dicebant,
3189 4447 3294 4486 non
3325 4431 3642 4486 dubitarunt

377 4518 742 4586 Quamobrem
785 4517 1016 4574 Allatius
1042 4516 1082 4569 ι.
1106 4516 1196 4570 cit.
1223 4516 1506 4570 adnotavit
1540 4516 1795 4571 rhetorem
1823 4534 1960 4574 non-

377 4609 553 4666 nullos
585 4609 930 4681 interpretari
963 4608 1422 4671 concionatorent;
1460 4609 1601 4676 quod
1625 4623 1810 4663 verum
1840 4621 1961 4666 est:

447 4745 524 4816 (a)
561 4745 614 4816 in
654 4741 891 4816 Qlossar.

449 4812 524 4885 (b)
557 4815 615 4885 in
645 4812 884 4870 Glossar.

449 4819 499 4885 (b
560 4819 615 4870 In
645 4819 884 4870 Glossar.

449 4819 524 4955 (ci
548 4884 622 4938 De
667 4887 912 4954 scriptor.
943 4887 1235 4942 ecclesiast.
1282 4885 1500 4955 incertae
1523 4894 1670 4940 celat.
1724 4885 1777 4939 in
1825 4901 1961 4940 nova

392 4953 653 5010 Historia:
675 4953 972 5011 ecclesiast.
1003 4960 1249 5022 scriptor.
1279 4956 1410 5010 edit.
1447 4953 1715 5009 Basileen.
1755 4971 1806 5024 p.
1843 4959 1929 5010 ίϋ.

447 5027 525 5095 (d)
565 5025 638 5097 De
663 5027 844 5097 ofﬁciis
873 5029 1054 5082 eccles.
1088 5025 1707 5094 Constantinopolitante,
1737 5041 1858 5092 cap.
1906 5029 1956 5094 1,

375 5096 628 5168 quinario
658 5095 718 5162 ις
751 5099 950 5168 pag.3,
981 5098 1113 5154 edit.
1141 5097 1310 5151 Paris.

449 5166 517 5236 (ε)
541 5165 673 5236 lbitl.
703 5165 906 5236 pugf'l.

448 5237 514 5304 if)
548 5235 678 5288 Ibid.
701 5235 821 5304 pag.
845 5237 898 5292 8.

449 5306 524 5375 (g)
563 5304 804 5378 l_.ib._vtt,
837 5307 1086 5378 pag.7137
1120 5307 1298 5378 Regia:
1325 5304 1656 5378 edit._Paris.

450 5373 528 5447 (h)
568 5373 785 5429 Prcclat.
831 5373 1225 5447 aii—Excerpta'
1255 5379 1402 5431 varia
1446 5375 1680 5432 Gra'cor.
1735 5377 1960 5444 saphist.

450 5445 516 5516 (ii
546 5448 698 5517 Apud
724 5445 1009 5517 Codinum,
1039 5445 1159 5517 pag.
1191 5448 1280 5502 Η.

451 5514 518 5587 (λ’)
551 5515 686 5570 “illi.
721 5532 842 5587 pug.
875 5514 966 5581 44,
999 5514 1147 5574 ιιιιιιῐ.
1179 5522 1232 5574 9.

451 5585 522 5658 (ιι)
546 5587 684 5658 ibid.
715 5603 765 5654 p.
796 5585 845 5639 7.

450 5656 512 5724 (ι)
543 5657 596 5709 In
624 5656 868 5712 Glossar.
897 5659 965 5712 ad
999 5656 1243 5711 Nicetam
1277 5659 1514 5727 praefixo.

451 5733 545 5800 (at)
567 5727 683 5783 Lib.
727 5742 764 5794 ι,
809 5743 926 5800 cap.
976 5728 1008 5786 8
1035 5724 1317 5786 Obserrai.
1373 5731 1426 5781 in
1456 5727 1646 5782 Codin.
1683 5729 1732 5781 in
1767 5724 1956 5783 Cadini

2071 4524 2401 4582 Posseviuus
2437 4527 2490 4580 in
2527 4531 2801 4597 Apparatu
2853 4545 3028 4591 sacro,
3061 4527 3320 4590 Oudinus,
3359 4523 3644 4587 Meursius,

2073 4613 2418 4683 Dufresnius,
2447 4617 2695 4687 Allatius,
2733 4619 2996 4690 Leqnien,
3030 4617 3331 4683 Fabricius,
3363 4615 3642 4670 Garetius.

2064 4749 2192 4825 edit.
2227 4751 2357 4825 Reg.
2382 4753 2566 4825 Paris.
2603 4769 2722 4825 pag.
2751 4756 2874 4811 168.

2135 4822 2212 4893 (η)
2251 4821 2466 4893 Ριῖξκῖεη.
2497 4827 2562 4878 ad
2591 4821 2854 4884 Excerpta
2883 4823 3114 4880 θηρίον.
3149 4824 3369 4893 sophist.

2161 4892 2211 4949 oi
2248 4892 2302 4945 In
2329 4893 2572 4949 Clossar.

2161 4911 2188 4945 ο
2248 4893 2302 4945 In
2329 4893 2572 4949 Clossar.

2135 4893 2211 5032 li):
2237 4962 2374 5016 Loco
2397 4965 2497 5034 ubi
2524 4980 2708 5034 supra.

2134 5031 2204 5106 (θ)
2241 5031 2813 5106 Μεταστέλλεεᾳιῌτδν
2867 5036 3269 5106 προειρημένον
3310 5036 3520 5088 Φίλωνα
3556 5031 3643 5106 cf»!

2068 5097 2390 5176 ετξίάιιοπᾳν,
2439 5104 2722 5176 aediﬁcati)
2760 5097 3050 5176 ἀποδίδωσι
3089 5097 3196 5176 ’ἑὴν
3227 5106 3507 5176 αὐθενειαν
3545 5097 3640 5164 τῆς

2081 5172 2523 5250 Ἑκκλῃᾳίαςεῆς
2541 5172 2974 5250 Κωνσεαντείας,
3013 5193 3132 5245 qua:
3153 5172 3380 5230 barbare
3406 5173 3642 5250 incertus

2067 5245 2194 5316 ejus
2237 5245 2676 5316 YitwAinterpres
2710 5247 2882 5316 reddit
2915 5262 2928 5298 :
2973 5248 3166 5316 datque
3196 5248 3243 5299 ei
3280 5245 3642 5316 auctoritatem

2067 5309 2318 5384 Ecclesia:
2353 5308 2696 5384 constantiae.
2741 5313 2856 5367 Vita
2884 5316 2942 5370 S.
2978 5308 3145 5384 Epth
3179 5353 3193 5376 ,
3219 5326 3342 5379 cap.
3372 5308 3463 5361 49.

2163 5385 2206 5451 r)
2240 5384 2355 5437 Act.
2391 5381 2494 5451 SS.
2527 5382 2593 5436 ad
2619 5387 2760 5438 diem
2800 5401 2877 5440 XII
2910 5381 3056 5439 Maii.

2161 5446 2207 5522 s)
2233 5451 2387 5508 Tom.
2427 5450 2492 5516 X,
2527 5469 2644 5523 pag.
2682 5455 2808 5520 487,
2838 5459 2967 5510 edit.
3021 5453 3193 5507 Paris.
3219 5450 3285 5504 de
3317 5448 3376 5502 S.
3422 5446 3649 5517 Epipha-

2068 5522 2179 5581 nio.
2200 5533 2390 5593 etinut.
2421 5524 2469 5584 l,
2503 5522 2626 5593 pag.
2657 5525 2780 5580 803.

2141 5593 2204 5662 (t)
2242 5592 2398 5648 Tom.
2427 5593 2470 5648 ll
2496 5588 2656 5666 Oper.
2691 5597 2747 5650 S.
2778 5591 3081 5664 Epiphanii,
3116 5589 3325 5662 praefat.
3362 5589 3428 5644 ad
3474 5588 3664 5661 Iecto-_

2068 5678 2200 5720 rem.

3611 5869 3737 6042 ἢ]

3748 6021 3799 6072 ι

3725 6071 3839 6134 Qa
