4048 6212
378 358 447 421 15

1808 349 2198 406 ramento.
3585 345 3647 413 η

384 486 532 554 Quin
568 482 736 537 etiam
778 480 885 548 ipse
912 468 1297 532 Tillemontius
1335 473 1434 545 (a),
1482 472 1570 527 ubi
1607 471 1716 541 agit
1754 470 1820 525 de
1875 471 1977 524 hoc

2101 469 2254 522 iasius
2284 469 2616 537 episcopatus
2642 470 2664 522 ?
2696 470 2921 524 Κάλπαι
2968 474 3088 527 urbs
3122 484 3218 541 est,
3268 491 3383 545 quis
3415 486 3463 530 et
3508 477 3656 530 Κάλι

392 594 522 650 ipso
549 574 793 629 Philonis
840 569 1262 630 commentario,
1300 566 1457 621 [idem
1480 564 1528 618 ei
1568 563 1679 617 vult
1709 562 1976 628 adhiberi,

401 648 532 723 cum
559 665 832 720 Philonem
866 660 998 715 dicit
1021 660 1266 725 Carpasii
1292 657 1625 725 episcopum.

482 762 607 826 Quae
635 770 761 809 vero
783 754 963 823 ipsum
992 749 1394 805 Tilletnontium
1455 747 1710 818 fugerant
1751 743 1820 800 de
1850 744 1984 799 Car-

416 851 574 921 pasize
594 844 887 915 episcopali
916 845 1047 898 sede
1085 850 1452 904 monumenta,
1491 854 1553 893 ea
1595 840 1803 909 primus
1827 854 1878 895 ν.
1912 837 1979 891 ci.

410 944 589 997 Petrus
623 938 953 992 Franciscus
978 934 1272 1003 Foggiuius
1324 932 1401 1003 (b)
1439 931 1696 986 indicavit
1727 934 1987 984 adversus

402 1034 711 1103 Dupinium,
746 1030 837 1100 qui
868 1027 1148 1097 Carpasiau
1178 1030 1439 1080 honorem
1492 1025 1643 1077 illum
1683 1024 1982 1077 ademerat.

407 1126 481 1177 Ae
500 1126 565 1176 de
592 1121 821 1176 Philone
844 1119 1104 1189 episcopo
1129 1117 1390 1185 Carpasio
1414 1130 1521 1169 non
1546 1113 1811 1169 dubitavit
1842 1112 1985 1166 Alla-

407 1216 512 1267 tius
550 1213 620 1280 (ε)
650 1212 710 1266 S.
742 1209 1101 1279 Epiphaniam
1150 1208 1292 1277 loqui
1348 1208 1398 1260 in
1450 1204 1685 1270 Epistula
1711 1205 1779 1257 ad
1814 1201 1986 1256 Joan-

406 1319 517 1355 nem
545 1301 855 1369 episcopum
892 1298 1453 1367 Ilierosolymitnnum,
1493 1311 1614 1365 quae
1651 1295 1878 1349 habetur
1908 1296 1989 1348 in-

403 1405 484 1445 ter
512 1392 973 1462 llieronymianas
1013 1389 1273 1463 epistolas
1315 1389 1383 1442 ab
1427 1387 1545 1456 ipso
1576 1385 1910 1452 Hieronymo
1935 1387 1985 1440 in

404 1484 655 1538 Latinum
688 1494 952 1536 cetn'erSa
980 1480 1059 1551 (d)
1089 1498 1101 1534 :
1131 1477 1271 1532 Nam
1300 1478 1476 1542 multi,
1526 1478 1604 1534 ait
1633 1478 1988 1549 Epiphanius,

407 1576 628 1643 episcopi
653 1573 1044 1627 communionis
1069 1583 1261 1626 nostra:
1290 1581 1338 1626 et
1364 1570 1695 1642 presbyteros
1731 1574 1785 1626 in
1811 1586 1989 1625 nostra

407 1666 780 1718 ordinaverunt
801 1664 1096 1730 provincia,
1131 1677 1259 1731 quos
1287 1677 1381 1715 nos
1413 1660 1849 1730 comprehendere
1889 1678 1991 1715 non

407 1768 751 1824 poteramus;
784 1766 830 1809 et
856 1758 1110 1809 miserunt
1163 1756 1229 1807 ad
1256 1771 1350 1808 nos
1376 1756 1626 1810 diaconos
1655 1765 1701 1809 et
1734 1755 1990 1825 hypodia-

2085 577 2231 625 πεια,
2274 560 2499 631 Κάλπη,
2549 572 2728 627 portus
2757 564 2807 615 in
2839 561 3091 633 Bithynia
3117 570 3257 634 apud
3308 567 3348 623 S
3373 570 3654 632 ephanum,

2081 652 2169 720 qui
2200 652 2318 704 inde
2339 650 2621 714 Καλπεὺς,
2647 652 2941 717 Καλπίνος,
2983 654 3347 722 Καλπιτανόςφ
3381 675 3482 713 non
3510 660 3657 713 Κὰλιι

2085 742 2298 805 πάσιος,
2335 743 2647 812 gentilitium
2693 753 2780 796 aut
2821 747 3165 809 possessivum
3208 749 3454 817 deﬂectit.
3506 752 3660 823 Καρ-

2086 833 2258 886 πάσια
2285 832 2407 885 urbs
2438 844 2509 886 est
2550 830 2713 901 Cypri
2759 832 3008 899 Diodoro,
3038 833 3324 904 Stephano,
3376 838 3658 898 Ptolemazo

2087 933 2395 987 memorata,
2424 923 2720 993 Xenagora:
2760 925 3059 997 Κάρπαθος
3082 930 3241 997 dicta,
3270 931 3530 987 Demetrio
3556 934 3660 990 Sa~

2089 1018 2303 1071 laminio
2331 1016 2641 1089 Καρϐἀσια.
2692 1018 2771 1070 An
2802 1021 2854 1070 in
2882 1019 3051 1074 altera
3095 1022 3282 1074 harunt
3311 1025 3542 1091 urbium,
3585 1044 3657 1079 un

2088 1109 2217 1161 alibi
2263 1109 2592 1177 episcopatus
2621 1107 2778 1175 fuerit
2832 1124 2933 1175 non
2981 1110 3295 1167 divinamus.
3336 1113 3483 1170 Satis
3509 1130 3662 1170 vere”:-

2089 1199 2282 1255 cunde.
2300 1200 2409 1269 Ego
2439 1214 2568 1255 vero
2602 1199 2886 1268 legendum
2918 1202 2972 1254 in
3009 1200 3230 1258 Menaeis
3254 1206 3519 1275 suspicbr,
3542 1207 3666 1262 ἑπι-

2092 1290 2294 1343 σκόπου
2321 1289 2614 1360 γενομένου
2637 1287 2730 1342 τοῦ
2755 1290 3099 1361 Καρπασίου,
3124 1303 3175 1347 ct
3203 1295 3270 1348 de
3292 1295 3511 1353 Philone
3540 1298 3667 1353 Car-

2092 1383 2241 1452 pusio
2284 1382 2535 1453 episcopo
2592 1381 2703 1436 illic
2739 1382 3066 1438 mentionem
3127 1386 3276 1455 ﬁeri;
3332 1404 3396 1442 ea
3435 1390 3663 1455 ratione,

2091 1474 2231 1543 quini
2276 1470 2344 1528 cx
2384 1473 2691 1529 nominibus
2722 1474 2964 1540 Κάλπαι,
3023 1477 3294 1543 Κάλπεια,
3332 1479 3523 1555 Κάλπη
3561 1498 3666 1538 non

2094 1580 2228 1616 bene
2262 1564 2537 1618 derivetur
2569 1563 2909 1628 Καλπάσιος.

2163 1652 2225 1709 ll.
2266 1655 2417 1720 Quod
2451 1655 2519 1710 ad
2554 1655 2797 1711 Philonis
2834 1656 3078 1727 Carpasii
3111 1660 3305 1716 attinet
3346 1664 3567 1734 scripta,
3596 1666 3671 1719 iu-

2096 1757 2322 1813 certum,
2352 1764 2420 1802 an
2451 1749 2538 1804 ille
2565 1750 2635 1804 sit
2660 1748 2816 1818 cujus
2844 1752 3139 1820 fragmenta
3161 1754 3403 1824 quaedam
3427 1757 3528 1812 sub
3552 1755 3673 1812 Phi-

411 1866 588 1912 conos,
610 1864 741 1918 quos
772 1848 1094 1916 suscepimus
1124 1861 1240 1899 cum
1268 1846 1444 1915 gratia
1468 1860 1488 1900 :
1513 1855 1560 1899 et
1587 1847 1696 1911 ipse
1743 1845 1991 1899 cohorta-
2023 1825 2063 1879 Β
2094 1840 2232 1895 lonis
2261 1842 2652 1909 tantummodo,
2721 1853 2816 1897 aut
2844 1843 3082 1899 Philonis
3106 1845 3340 1916 episcopi
3367 1848 3587 1903 nomine
3620 1850 3671 1902 in

414 1951 499 1993 tus
521 1956 632 1991 sum
666 1940 828 1993 beata:
855 1937 1124 1992 memoria:
1147 1935 1426 1990 Philonem
1463 1938 1761 2007 episcopum
1788 1950 1836 1991 et
1866 1954 1993 1991 san-

415 2043 553 2085 ctum
586 2031 965 2098 Theoprepum,
988 2040 1042 2084 ut
1068 2032 1121 2084 in
1150 2030 1377 2085 ecclesiis
1419 2027 1580 2098 Cypri
1609 2043 1718 2100 qua
1759 2031 1919 2101 juxta
1941 2047 1995 2084 se

413 2134 582 2187 erant,
617 2121 685 2173 ad
718 2137 845 2175 mea:
878 2134 1055 2174 autem
1102 2122 1347 2190 partecia:
1388 2121 1657 2175 ecclesiam
1690 2122 1996 2175 videbantur

415 2207 689 2280 pertinere,
708 2228 767 2265 eo
804 2213 942 2284 quod
972 2213 1192 2280 grandis
1218 2222 1346 2291 esset
1384 2221 1431 2266 et
1463 2212 1567 2291 late
1587 2223 1767 2281 patens
1787 2214 1996 2283 provin-

415 2306 523 2371 cia,
561 2305 860 2359 ordinareut
889 2306 1215 2375 presbyteros
1241 2314 1288 2359 et
1310 2289 1506 2360 Christi
1538 2289 1790 2360 Ecclesia:
1826 2306 1997 2374 provi-

420 2381 614 2449 derent.
645 2397 1011 2462 Quamobrem
1039 2394 1251 2450 Caveus
1290 2393 1362 2466 (e)
1397 2394 1587 2449 scribit
1609 2396 1675 2449 de
1718 2393 1944 2449 Philone
1978 2411 1993 2449 :

426 2486 505 2538 Ad
542 2483 765 2555 Cyprum
824 2483 1031 2538 delatus
1070 2485 1136 2537 ab
1178 2482 1473 2552 Epiphanio
1504 2481 1781 2553 Carpathi,
1808 2483 1997 2536 insula:

422 2574 588 2629 'maris
620 2574 996 2629 Mediterranei
1042 2574 1105 2627 ab
1132 2574 1361 2628 Asiatico
1395 2574 1574 2627 littore
1604 2586 1708 2626 non
1743 2572 1891 2641 longe
1916 2573 1999 2625 di-

428 2668 630 2731 stantis,
660 2668 736 2720 uti
772 2668 922 2737 r'ulgo
962 2656 1213 2732 creditur,
1260 2666 1454 2720 rectius
1492 2680 1614 2719 vero
1642 2680 1756 2719 mea
1787 2663 1997 2737 quidem

426 2761 695 2822 sententia,
747 2758 1021 2826 Carpasice
1070 2758 1213 2811 urbis
1254 2758 1308 2810 in
1358 2754 1530 2826 Cypro
1578 2772 1681 2810 non
1724 2754 1996 2826 ignobilis,

418 2852 692 2918 episcopus
757 2850 820 2903 ab
857 2849 1115 2918 insignem
1156 2849 1366 2918 pietatis
1392 2848 1590 2915 [amant
1621 2848 1899 2901 ordinatus
1925 2859 1998 2901 est

416 2954 559 2995 ‘anuo
590 2940 713 2995 401.
743 2941 883 3007 Quin
909 2941 1067 2994 etiam
1096 2936 1420 3008 Epiphanius
1453 2937 1667 2992 Romam
1704 2939 1997 3003 discedens,

426 3022 671 3087 Ecclesia:
693 3050 807 3087 sua:
830 3030 1249 3086 Constantieusis
1281 3045 1466 3085 curant
1505 3032 1555 3084 ei
1574 3030 1858 3094 commisit,
1892 3036 1998 3084 etc.

2095 1931 2321 1986 diversis
2345 1931 2566 1986 Catenis
2599 1930 2815 1986 Patrum
2877 1932 3189 1989 Graecorum
3230 1934 3554 1992 exhibentur
3580 1937 3671 2008 (j).

2095 2022 2301 2078 Caveus
2328 2024 2443 2080 loco
2488 2040 2647 2095 quem
2700 2041 2858 2096 supra
2887 2027 3063 2091 attuli,
3124 2035 3399 2082 auctorem
3431 2031 3675 2098 suapica-

2099 2126 2183 2168 tur
2216 2131 2336 2171 esse
2378 2115 2627 2170 Historia:
2663 2116 3049 2181 ecclesiasticte,
3106 2132 3266 2187 quem
3304 2117 3490 2174 laudat
3526 2121 3673 2174 Ana-

2095 2212 2292 2265 stasius
2326 2210 2531 2264 Siuaita
2577 2210 2730 2265 initio
2772 2210 3240 2266 Demonstrationis
3288 2212 3554 2268 historica:
3611 2219 3675 2266 de

2097 2320 2288 2372 magna
2320 2312 2369 2355 et
2402 2303 2642 2373 angelica
2688 2304 2877 2358 summi
2933 2305 3220 2358 sacerdotis
3273 2305 3548 2375 dignitate,
3593 2305 3678 2360 his

2101 2396 2308 2450 verbis:
2337 2395 2424 2447 Ἐν
2447 2397 2512 2466 τῇ
2543 2395 3037 2464 Ἐκκλεσιαστικῇ
3066 2396 3301 2465 ἱστορίᾳ
3327 2397 3559 2460 Φίλωνος
3582 2392 3676 2451 τοῦ

2097 2488 2383 2557 φιλοσόφου
2410 2480 2568 2558 εὗρόν
2605 2505 2660 2540 τι
2686 2487 2925 2541 τοιοῦτον
2948 2505 2961 2518 ⁸
2996 2487 3062 2542 In
3094 2489 3474 2545 Ecclesiastica
3504 2491 3677 2545 histo-

2103 2581 2176 2633 ria
2216 2579 2461 2632 Philonis
2496 2579 2795 2648 philosophi
2849 2580 2952 2633 tale
2980 2582 3104 2651 quid
3132 2582 3320 2648 reperi.
3364 2583 3444 2635 Ae
3480 2596 3547 2636 ne
3587 2587 3673 2637 cui

2103 2672 2296 2726 mirum
2328 2671 2571 2726 videatur
2595 2671 2664 2724 ibi
2695 2669 2975 2726 Philonem
3004 2672 3258 2743 appellari
3278 2672 3673 2743 philosommm,

2100 2761 2280 2816 subdit
2306 2779 2319 2816 :
2359 2760 2474 2816 Vox
2494 2763 2598 2816 ista
2638 2778 2739 2816 non
2770 2763 3053 2817 monachos
3086 2764 3240 2818 modo
3267 2775 3315 2818 et
3342 2765 3582 2819 arctioris
3604 2769 3680 2820 rio

2101 2864 2166 2908 tu:
2202 2852 2424 2908 cultores
2471 2853 2721 2908 denotare
2750 2854 2922 2924 capit,
2971 2857 3059 2909 sed
3089 2865 3139 2910 et
3188 2871 3364 2910 omnes
3393 2861 3677 2927 prtesertim

2100 2946 2154 2998 in
2209 2945 2345 2999 clero
2383 2946 2709 3009 constitutos,
2773 2947 2859 3016 qui
2913 2947 2984 3000 ad
3034 2947 3439 3002 reconditiorum
3478 2948 3683 3006 litteras

2103 3050 2216 3086 rum
2245 3034 2478 3087 studium
2508 3035 2743 3089 animum
2774 3037 3111 3106 appulerunt.
3145 3036 3250 3092 Sed
3280 3037 3397 3093 hac
3428 3054 3575 3095 mera
3599 3050 3695 3097 est

422 3109 695 3180 Fabricius
736 3126 924 3180 itidem
960 3123 1054 3195 (ί),
1110 3107 1348 3192 Letluien
1394 3122 1493 3194 (g),
1538 3122 1787 3178 Garetius
1826 3118 1900 3192 (lt)
1950 3130 2003 3175 et
2034 3184 2070 3195 _
2103 3122 2287 3189 Cavei,
2320 3139 2426 3178 non
2465 3133 2638 3179 tamen
2674 3124 3041 3194 improbabilis
3060 3125 3399 3194 conjectura;

429 3220 657 3274 Allatius
687 3184 1072 3273 dissertatione
1105 3184 1264 3284 quam
1294 3184 1633 3286 supr'aTdixi,
1665 3215 1731 3270 de
1759 3184 2000 3268 Philoni-
2029 3184 2071 3242 θ
2176 3184 2327 3281 uod
2364 3225 2545 3270 autem
2576 3216 2707 3270 nihil
2731 3184 3084 3272 dubitationis
3101 3184 3312 3273 videtur
3336 3220 3536 3275 habere
3562 3237 3686 3290 pos~

423 3316 536 3376 tus,
570 3328 692 3367 cum
722 3313 789 3365 de
823 3310 1050 3365 Philone
1084 3309 1272 3363 eadem
1305 3309 1520 3363 tradant
1561 3322 1680 3377 quae
1729 3306 2002 3377 Polybius,

422 3406 558 3460 satis
596 3404 908 3467 ostendunt,
940 3409 1006 3456 'ca
1038 3415 1097 3455 se
1131 3402 1229 3469 pro
1252 3401 1397 3455 veris
1431 3390 1710 3463 habuisse,
1766 3415 1884 3469 qua:
1936 3400 2003 3452 de

420 3482 539 3566 ipso
571 3495 796 3551 Philone
816 3496 1043 3566 ejusque
1067 3495 1376 3563 episcopatu
1405 3493 1458 3547 in
1490 3491 1607 3546 Vita
1632 3490 1689 3546 S.
1723 3490 2004 3561 Epiphanii

422 3603 737 3644 narrantur.
769 3588 921 3644 llunc
947 3572 1229 3643 Philonem
1258 3589 1322 3641 de
1350 3602 1457 3658 quo
1491 3586 1645 3641 nobis
1693 3594 1777 3640 cst
1798 3598 2000 3648 sermo,

426 3683 689 3750 sustiicari
723 3684 842 3751 quis
885 3679 1062 3749 possit
1106 3680 1357 3734 eumdem
1387 3693 1507 3733 esse
1546 3694 1668 3733 cum
1722 3691 1787 3732 eo
1843 3685 2005 3747 quem

427 3783 729 3848 inclinarunt
777 3788 965 3843 magna
1024 3770 1226 3826 Mantua
1292 3754 1604 3848 Graecorum
1652 3768 1717 3822 ad
1753 3768 1895 3823 diem
1935 3766 2008 3821 24

426 3846 694 3928 Januarii,
723 3865 809 3919 ubi
841 3865 952 3918 haec
978 3850 1287 3918 habentur:
1322 3846 1400 3933 Τῇ
1434 3861 1573 3932 αὐτῇ
1599 3859 1782 3931 ἡμέρᾳ
1815 3859 2006 3929 μνήμη

434 3955 531 4007 τοῦ
561 3954 713 4023 ἁγίου
746 3940 1012 4026 μάρτυρος
1045 3936 1430 4026 Ἑρμογένους,
1464 3951 1557 4004 καὶ
1583 3951 1766 4019 Μηνᾶ,
1794 3950 1887 4003 καὶ
1912 3948 2007 4000 τοῦ

439 4044 593 4098 ὁσίου
628 4044 835 4115 Πατρος
879 4045 1031 4116 ἡμῶν
1070 4045 1339 4107 Φίλωνος,
1376 4042 1678 4095 ὲῖιτισκόπου
1714 4040 2006 4112 γενομένου

430 4135 532 4190 τοῦ
583 4135 931 4189 Καλπασῖου·
981 4137 1183 4191 Eadem
1224 4137 1311 4189 die
1362 4136 1787 4189 commemoratio
1842 4132 2010 4187 sancti

428 4230 680 4302 martyris
754 4216 1122 4300 Hermogenis,
1174 4227 1463 4313 ehMentc,
1513 4237 1561 4281 et
1617 4227 1786 4281 sancti
1829 4223 2009 4279 Patris

428 4320 603 4374 nostri
655 4316 895 4373 Philonis
944 4318 1172 4387 episcopi
1234 4312 1490 4383 Calpasii.
1562 4315 1679 4382 Quo
1718 4315 1835 4369 luco
1890 4313 2010 4368 Bol-

428 4407 625 4467 landus
660 4412 824 4465 allato
864 4412 929 4465 ad
990 4411 1237 4464 eumdem
1280 4412 1419 4464 diem
1480 4393 1551 4461 Bb
1598 4406 1842 4461 Januarii
1876 4406 2008 4460 sub-

2105 3326 2183 3376 se,
2210 3302 2425 3381 scripsit
2450 3309 2604 3365 Philo
2628 3310 2872 3381 Carpasii
2919 3311 3205 3381 episcOpus
3234 3312 3378 3367 hunc
3408 3312 3500 3383 qui
3529 3313 3687 3369 modo

2106 3402 2159 3458 in
2186 3402 2457 3473 publicum
2489 3403 2685 3472 prodit,
2721 3404 3176 3459 commentarium
3212 3405 3268 3459 in
3303 3404 3527 3458 Cantica
3557 3421 3687 3459 σακε-

2105 3498 2347 3551 ticorumt
2389 3495 2457 3550 Et
2487 3496 2764 3553 Philonem
2804 3498 2956 3552 illum
2998 3499 3150 3569 cujus
3189 3498 3392 3553 mentis
3434 3510 3518 3554 est
3547 3502 3686 3569 apud

2106 3587 2408 3659 Polybium,
2441 3589 2813 3644 commentarii
2848 3589 3007 3660 hujus
3036 3590 3205 3647 fuisse
3242 3600 3518 3646 auctorem
3553 3593 3688 3646 satis

2107 3681 2463 3749 comprobare
2494 3680 2768 3747 videntur,
2798 3690 3068 3751 quotquot
3096 3682 3336 3752 reperire
3374 3682 3530 3738 licuit
3553 3698 3686 3736 mss.

2107 3772 2346 3839 codices,
2382 3771 2705 3827 Mutinensis
2751 3772 2806 3827 in
2846 3772 3170 3828 bibliotheca
3217 3774 3549 3830 serenissitni
3592 3774 3691 3828 du-

2108 3864 2186 3919 cis
2227 3862 2447 3919 blutinte
2481 3865 2951 3929 membranaceus,
3012 3866 3246 3935 scriptus
3280 3867 3491 3921 decimo
3518 3882 3693 3922 ercet:-

2110 3953 2161 4007 ln
2184 3970 2199 4020 ;
2224 3966 2277 4009 et
2307 3955 2445 4010 alius
2474 3955 2660 4010 itidem
2691 3957 3137 4010 membranaccus
3164 3957 3303 4026 apud
3334 3956 3436 4013 PP.
3468 3957 3691 4012 Theoti-

2110 4059 2206 4101 nns
2234 4045 2453 4116 Neapoli
2517 4047 2569 4100 in
2605 4047 2771 4103 Domo
2829 4046 2888 4102 S.
2921 4046 3095 4113 Pauli,
3156 4048 3310 4118 cujus
3358 4051 3477 4107 dum
3521 4054 3695 4106 tertias

2111 4148 2294 4210 partes
2349 4140 2563 4207 scripta!
2623 4139 2874 4195 videntur
2907 4140 3104 4196 szcculo
3143 4142 3448 4209 undecimo,
3489 4144 3692 4215 hliqmt

2115 4230 2269 4286 tertia
2298 4230 2498 4286 εδτειιιο
2532 4230 2743 4285 decimo
2778 4231 2975 4296 tertio;
3003 4240 3058 4286 et
3088 4233 3177 4302 qui
3213 4243 3294 4287 est
3331 4236 3381 4288 in
3411 4235 3693 4291 bibliutht»

2110 4334 2174 4374 ca
2204 4317 2498 4375 Barberina
2527 4320 2888 4391 bombycinus
2936 4335 3035 4375 xm
3067 4321 3264 4376 sacculo
3295 4331 3549 4377 exarntus
3575 4340 3590 4388 ;
3641 4334 3696 4377 et

2112 4411 2218 4465 duo
2250 4420 2493 4467 recentes
2523 4411 2890 4481 tuanuscripti,
2925 4410 3063 4465 alter
3093 4410 3410 4468 chartacens
3447 4416 3585 4484 apud
3634 4415 3697 4466 il-

430 4505 507 4556 dit
533 4502 595 4572 (ii
621 4519 636 4554 :
663 4500 814 4556 Certe
853 4503 1113 4555 illustrem
1142 4499 1488 4577 confessorem
1511 4496 1787 4551 Philonem
1814 4498 2008 4566 episco-
2042 4538 2090 4597 υ
2116 4500 2500 4557 lustrissimum
2575 4501 2939 4567 Auximanum
3013 4506 3324 4576 episcopum
3380 4505 3694 4575 Pompeium

429 4611 551 4663 pum
585 4594 898 4665 ﬁgyptium
947 4594 1000 4646 in
1038 4592 1279 4647 cnsilium
1321 4590 1543 4659 ejectum
1591 4603 1700 4643 esse
1727 4606 1758 4641 a
1788 4584 2009 4656 Georgio

432 4688 739 4759 Cappadoce
766 4686 828 4742 S.
864 4686 1195 4740 Athanasius
1226 4684 1404 4738 scribit
1435 4682 1490 4734 in
1517 4679 1775 4751 Apologia
1793 4679 1860 4734 de
1886 4678 2012 4746 luga

434 4796 549 4845 sua,
593 4793 641 4835 et
695 4780 749 4832 in
791 4777 1032 4849 Epistula
1080 4776 1147 4832 ad
1210 4774 1508 4831 solitariam
1558 4773 1726 4847 vitam
1765 4782 2008 4841 agentes.

438 4873 519 4923 ubi
571 4871 646 4923 ait
688 4848 967 4922 Philonem
1018 4878 1277 4921 retrusam
1306 4881 1415 4919 esse
1439 4862 1782 4933 Babylonem,
1819 4863 1925 4915 sive
1957 4860 2010 4913 in

432 4963 776 5030 propinquam
804 4959 1062 5029 Babyloni
1083 4960 1418 5015 solitudinem
1444 4968 1490 5013 et
1520 4958 1586 5011 ad
1619 4956 1819 5011 obitum
1847 4970 2012 5027 usque

433 5055 839 5121 persecutionem
888 5068 1135 5120 passum;
1162 5064 1214 5107 et
1244 5050 1402 5122 paulo
1428 5059 1549 5121 post
1581 5067 1596 5104 :
1632 5051 1727 5103 Ast
1757 5047 1845 5101 ubi
1873 5045 2005 5102 Cal-

508 5236 582 5305 (a)
609 5236 677 5290 Et
699 5236 920 5303 quelque
937 5234 1110 5300 [nasse
1139 5235 1360 5306 quersoit
1386 5243 1514 5289 cette
1548 5230 1661 5306 Vie,
1695 5249 1824 5286 nous
1851 5247 2010 5306 avons

433 5311 651 5377 quelque
672 5307 805 5371 suiet
835 5310 901 5359 de
922 5306 1089 5377 croire
1113 5305 1297 5374 qu’elle
1317 5320 1380 5358 ne
1410 5315 1555 5377 ptent
1570 5317 1665 5371 pas
1691 5319 1753 5355 en
1771 5318 1827 5377 ce
1843 5305 2009 5377 point,

437 5372 540 5429 non
560 5372 677 5443 plus
705 5393 804 5445 que
839 5382 1015 5446 quand
1046 5372 1142 5429 elle
1175 5377 1269 5446 ait,
1303 5391 1401 5443 que
1432 5372 1608 5446 Sgbin
1638 5372 1860 5427 succéda
1893 5374 1924 5446 ti
1950 5374 2009 5446 ξ.

436 5442 748 5515 Epiphanes
776 5442 905 5500 lom.
925 5444 991 5507 Χ.
1028 5458 1138 5499 not.
1171 5444 1257 5506 10.
1292 5442 1433 5515 ius.
1456 5444 1723 5513 Epiphan.
1751 5458 1869 5513 pag.
1887 5442 2009 5496 809.

509 5520 580 5585 (b)
618 5519 922 5571 Connuent.
957 5517 1219 5587 Epiphan.
1252 5516 1306 5570 in
1329 5514 1552 5569 Cantica
1587 5515 1930 5577 canticorum,
1961 5514 2011 5566 in

440 5593 646 5656 puniat.
679 5588 917 5658 [133.30.
1178 5656 1209 5658 μ
1384 5654 1414 5658 __
1536 5654 1548 5658 _
1641 5653 1673 5658 __
1863 5595 1910 5658 _‘

510 5660 579 5725 lc)
610 5653 844 5712 Diatriha
880 5657 944 5710 de
974 5653 1285 5725 Philonibus
1330 5654 1506 5710 adhuc
1535 5653 1841 5711 inedita.-—
1863 5654 2019 5709 Edita

442 5744 610 5796 nuper
662 5730 717 5782 in
775 5726 1101 5797 Bibliotheca
1166 5724 1386 5782 Patrum
1432 5726 1580 5781 card.
1638 5726 1829 5797 Augeli
1874 5725 2016 5789 Maii,

442 5795 568 5853 tom.
594 5798 679 5854 Ἡ.
718 5798 877 5854 Ευιτ.
920 5795 1157 5854 ΡΑτιιυι..

414 5940 451 5981 ο

2117 4590 2580 4663 Contpagnonum,
2632 4601 2689 4646 et
2744 4605 2896 4647 meus
2930 4592 3068 4649 alter
3116 4592 3297 4647 itidem
3343 4592 3693 4651 cbartaceus;

2115 4682 2205 4752 qui
2241 4683 2343 4737 duo
2396 4684 2653 4753 postremi
2687 4684 2784 4738 etsi
2831 4693 3096 4749 recentes,
3159 4698 3265 4739 non
3316 4690 3494 4736 tamen
3522 4695 3588 4735 ex
3630 4682 3696 4735 iis

2114 4789 2250 4844 quos
2273 4774 2455 4843 priore
2487 4772 2606 4829 loco
2633 4773 2930 4839 nominavi,
2966 4774 3219 4844 descripti
3245 4786 3364 4828 esse
3393 4772 3644 4827 videntur
3682 4784 3699 4836 ξ

2113 4867 2257 4935 quod
2290 4864 2558 4934 colligitur
2588 4879 2653 4919 ex
2678 4865 3015 4921 variantibus
3048 4863 3388 4927 lectionibus,
3417 4878 3537 4932 qua:
3570 4866 3678 4917 mut

2121 4959 2190 5012 tis
2249 4958 2302 5013 in
2366 4957 2500 5013 locis
2545 4966 2858 5013 occurrunt.
2899 4955 3029 5012 rNon
3092 4965 3269 5009 tamen
3324 4954 3697 5023 dissimulabo,

2115 5065 2292 5104 meum
2328 5063 2392 5104 es
2434 5048 2730 5104 Barherino
2768 5049 2955 5103 codice
2988 5046 3154 5101 videri
3196 5060 3315 5101 esse
3348 5046 3698 5115 descriptum.

2192 5232 2271 5303 (tl)
2318 5233 2376 5288 In
2428 5234 2558 5289 edit.
2594 5230 2760 5303 Oper.
2886 5228 3104 5303 Hieron.
3147 5226 3435 5303 novissima
3451 5226 3698 5303 ‘Veroum

2121 5293 2435 5427 ἓὲιὶιίὶξιιι,
2469 5293 2693 5358 curanie
2721 5293 3001 5364 Vallarsio,
3024 5310 3154 5352 tom.
3178 5295 3219 5364 l,
3241 5298 3345 5352 col.
3373 5298 3499 5364 249,
3531 5303 3693 5370 epist.

2196 5414 2208 5427 .
2241 5390 2292 5425 ιι.
2358 5412 2372 5427 .

2194 5414 2208 5436 ,
2241 5390 2292 5425 ιι.
2317 5375 2372 5428 2.

2191 5442 2259 5511 (e)
2296 5442 2680 5500 HistorJitter.
2722 5451 2850 5496 tum.
2876 5440 2917 5511 l7,
2949 5456 3066 5511 pag.
3105 5441 3209 5495 ’575
3239 5439 3366 5495 edit.
3397 5439 3699 5507 Basilceusq

2192 5510 2259 5583 tt)
2296 5513 2447 5583 Τοιη.
2479 5512 2563 5583 |x_
2587 5513 2838 5569 Biblioth.
2871 5510 2992 5583 Gn,
3023 5527 3143 5582 pag.
3170 5511 3298 5583 252.
3602 5514 3607 5519 ’

2192 5580 2263 5652 (g)
2289 5581 2492 5639 Orient.
2523 5581 2720 5637 Christ.
2756 5591 2889 5636 tum.
2927 5581 2987 5646 ll,
3019 5580 3138 5651 paﬁ.
3182 5580 3345 5652 1067.7
3369 5651 3372 5652 ν
3396 5650 3411 5652 _
3478 5637 3482 5643 _

2201 5650 2274 5723 (tt)
2303 5653 2538 5720 Operam
2565 5653 2871 5723 Cassiodo_ri
2904 5650 3036 5708 tom.
3064 5652 3129 5718 ll,
3167 5668 3290 5723 pag.
3317 5650 3439 5709 542.

2199 5719 2262 5796 (i
2287 5719 2425 5796 ficta
2448 5731 2780 5796 sanctorum,
2799 5721 3055 5796 Jamtarii
3095 5719 3224 5777 tom.
3246 5720 3471 5796 ".mpag.
3495 5719 3632 5796 «59ft.

2200 5788 2265 5866 υ)
2287 5793 2417 5850 Vide
2447 5792 2686 5861 Fabric.,
2720 5788 2971 5850 Bt‘btiottt.
3000 5792 3096 5849 Gr.
3125 5803 3255 5848 tom.
3297 5788 3388 5855 IX,
3415 5788 3535 5861 pag.
3563 5788 3694 5847 252.
