4048 6212
345 372 413 427 i5
1439 362 1643 420 PHILO
1683 362 1939 421 CARPAE

2041 360 2079 418 S
2114 360 2510 419 EPISCOPUS.
3536 365 3601 421 iii

343 488 403 541 lli
438 499 569 542 vero
589 497 781 539 omnes
805 484 950 539 clare
985 483 1127 537 hunc
1155 480 1368 535 titulum
1404 478 1733 550 prmierunt:
1765 476 1932 530 ψιλω-
1962 483 2006 537 Α
2038 476 2187 544 liqua
2222 475 2397 531 ϐταξεί
2434 474 2593 544 hujus
2631 473 3003 528 commentarii
3031 474 3418 544 interpretatio.
3456 476 3604 533 Illam

344 593 435 639 νος
465 575 767 629 ἐπισκόπου
800 573 894 628 τοῦ
928 573 1249 645 Καρπασίου
1282 574 1379 627 σὺν
1407 570 1527 643 Θεῷ
1550 560 1814 643 ἐρ’μηνεία
1839 572 1927 635 εις

344 668 415 722 τὰ
436 669 708 739 ’ᾼσματα
735 665 851 719 τῶν
879 664 1167 735 ᾀσμάτων
1199 664 1334 737 πρὸς
1361 663 1653 717 Εὐστάθιον
1684 662 1923 735 πρεσϐύ-

341 776 498 832 τερον
523 759 615 812 καὶ
643 758 900 811 Εὖσὲϐιον
926 757 1172 810 διάκονον
1194 774 1207 786 ·
1250 756 1486 811 Philonis
1521 757 1747 825 episcopi
1794 755 1928 809 Car-

343 853 503 922 pasii,
540 850 645 904 Dco
697 849 936 917 jurante,
978 850 1246 903 enarratio
1285 848 1337 902 in
1372 848 1657 903 Canticum
1688 848 1928 901 cantico-

346 953 464 995 rum
487 941 554 993 ad
586 939 921 993 Eustathium
966 940 1320 1009 presbyterum
1347 948 1396 992 et
1421 935 1709 990 Eusebium
1748 938 1929 990 diaco-

345 1049 493 1088 num.
531 1030 786 1085 Eamdem
835 1028 1003 1084 fuisse
1050 1030 1395 1100 epigraphem
1422 1029 1567 1084 credi
1630 1029 1925 1098 oportetin

346 1123 452 1177 alio
470 1122 655 1177 codice
694 1120 904 1184 Graeco,
944 1134 1105 1189 quem
1136 1129 1283 1175 certe
1321 1122 1517 1176 vidisse
1564 1122 1800 1174 arbitror
1821 1120 1929 1172 Lu-

344 1214 845 1270 catnllolslettium.
877 1212 1007 1266 Nam
1046 1213 1098 1265 in
1150 1214 1292 1266 notis
1332 1218 1397 1265 ad
1432 1210 1815 1284 Geographiam
1838 1229 1928 1265 sa-

344 1323 485 1359 cram
518 1303 692 1360 Caroli
733 1318 762 1356 a
795 1303 851 1354 S.
883 1302 1051 1355 Paulo
1088 1302 1188 1371 (η),
1232 1301 1427 1371 Hujus,
1481 1302 1673 1371 inquit,
1704 1302 1926 1371 (Carpa-

346 1400 461 1469 site)
489 1399 756 1465 episwpus
799 1394 950 1449 Philo
1000 1394 1345 1465 Καρπάσιος,
1397 1394 1548 1463 cujus
1596 1402 1930 1447 exstatcom-

348 1490 630 1545 mentcrius
666 1486 883 1541 Crcecus
915 1503 1012 1540 ms.
1042 1487 1095 1540 in
1124 1486 1345 1540 Cantica
1386 1485 1741 1551 canticorum,
1781 1501 1930 1554 quem

348 1586 499 1655 rulgo
556 1585 691 1637 male
747 1580 1112 1649 Carpathium,
1161 1580 1312 1649 quasi
1351 1595 1382 1630 a
1437 1576 1703 1647 Carpatho
1759 1575 1931 1629 insula

347 1676 631 1746 appellant.
694 1675 827 1730 Cum
861 1673 1139 1727 Holstenio
1162 1673 1435 1727 consentit
1484 1670 1733 1735 Allatius,
1764 1670 1853 1739 qui
1880 1670 1930 1722 in

348 1769 577 1821 diatriba
633 1772 696 1820 de
748 1750 1086 1827 Philouibus,
1162 1761 1369 1816 Philoni
1424 1760 1685 1829 Carpasio
1746 1760 1932 1815 tribuit

348 1857 795 1911 commentarium
832 1858 883 1908 in
915 1853 1189 1910 Canticum
1214 1854 1537 1906 canticorum
1571 1866 1590 1905 .'
1623 1851 1927 1914 Saccincta,
1962 1835 2003 1889 Β

349 1949 543 2017 inquit,
576 1949 665 2001 sed
687 1947 997 2001 acutissima
1043 1944 1521 2014 laudatissimaque
1553 1945 1935 1997 commentaria

347 2041 551 2107 scripsit
597 2040 651 2093 in
718 2038 997 2092 Caitticnm
1067 2038 1397 2091 canticorum
1456 2037 1526 2088 ad
1597 2033 1933 2089 Eustathium

346 2131 702 2200 presbyterum
725 2139 771 2182 et
800 2126 1084 2182 Eusebium
1114 2128 1415 2180 diaconum.
1445 2125 1552 2180 Nec
1587 2125 1745 2179 aliaat
1773 2141 1933 2194 quam

349 2236 471 2291 qum
503 2221 558 2275 in
588 2220 904 2275 memoratis
936 2218 1215 2273 codicibus
1247 2218 1558 2284 exhibetur,
1585 2218 1932 2289 epigraphetu

351 2310 607 2366 habuisse
658 2310 866 2364 videtur
914 2307 1135 2364 Graecus
1190 2310 1356 2363 codex
1421 2309 1650 2363 Enterici
1717 2308 1932 2377 Bigotii.

348 2400 481 2454 Cum
516 2400 661 2454 enim
687 2399 1042 2454 Cassiodorus
1066 2398 1352 2469 scripserit
1390 2398 1488 2469 (b),
1516 2396 1575 2452 S.
1606 2394 1935 2467 Epiphanius

347 2493 567 2547 antistes
595 2492 1000 2562 Cypriustotum
1024 2489 1217 2542 librum
1246 2488 1428 2544 (ἔνατα
1455 2505 1691 2543 sermone
1712 2504 1814 2542 uno
1849 2505 1937 2541 vo-

348 2585 545 2639 lumine
568 2582 872 2650 complexus
894 2592 989 2636 est.
1011 2578 1168 2634 Hunc
1195 2597 1310 2645 nos,
1339 2592 1392 2634 ut
1421 2580 1578 2644 alios,
1611 2581 1664 2633 in
1691 2578 1936 2634 Latinam

350 2677 585 2747 linguam
617 2691 708 2744 per
734 2674 965 2728 amicum
1018 2684 1274 2736 nostrum,
1331 2676 1502 2726 uirum
1530 2672 1935 2725 disertissimum

354 2768 704 2838 Epiphaniam
738 2766 980 2829 fecimus,
1015 2763 1121 2818 Deo
1147 2764 1386 2831 iurante,
1417 2764 1729 2830 transferri;
1770 2763 1939 2818 Gare-

352 2862 460 2915 tius
498 2860 564 2913 ad
597 2858 741 2912 hunc
769 2857 947 2911 locum
990 2856 1133 2908 hanc
1165 2864 1348 2908 notam
1380 2855 1630 2925 apposuit
1667 2871 1681 2907 :
1730 2852 1819 2908 Vel
1844 2871 1939 2924 po-

349 2955 458 3006 tius
493 2949 648 3004 Philo
680 2948 952 3002 ordinatus
982 2948 1253 3015 episcOpus
1277 2946 1519 3014 Carpasii
1545 2948 1598 2999 in
1626 2946 1799 3000 insula
1831 2946 1938 3017 Cy-

351 3059 446 3113 pro
478 3060 508 3096 α
537 3040 595 3096 S.
632 3040 923 3111 Epiphanio
965 3039 1280 3095 Salaminia:
1321 3041 1578 3104 antistite,
1612 3041 1747 3093 utin
1774 3040 1937 3110 ipsius

2027 580 2077 618 γ.
2121 565 2191 621 cl.
2235 564 2425 620 Petrus
2474 564 2795 619 Franciscus
2851 562 3140 634 Fogginius
3197 581 3342 620 anno
3386 568 3524 624 I750
3555 570 3606 624 in

2030 656 2197 709 lucem
2232 653 2426 709 extulit
2457 669 2488 708 e
2515 655 2929 708 metnbranaceo
2966 655 3237 710 Vaticame
3272 656 3610 715 bibliothecae

2028 747 2231 812 codice,
2273 746 2427 816 cujus
2464 756 2675 801 aetatem
2704 748 2981 801 existimat
3006 740 3388 805 millenariam.
3424 753 3608 807 Codex
3679 808 3686 816 ,

2030 840 2117 895 ille
2145 841 2452 909 interpretis
2482 840 2696 911 quidem
2733 856 2836 895 non
2878 841 3095 895 exhibet
3127 857 3352 909 nomen;
3393 844 3486 899 sed
3514 858 3611 899 au-

2028 942 2233 986 ctorem
2289 931 2509 1002 praefert
2548 931 2607 985 S.
2668 930 3049 999 Epiphaniam.
3106 931 3418 987 lianccnim
3448 936 3611 988 habet

2031 1024 2435 1094 inscriptionem
2475 1042 2488 1080 :
2523 1022 2798 1092 Expositio
2833 1023 2893 1078 S.
2933 1023 3214 1092 Epiphanii
3250 1026 3474 1095 episcopi
3511 1026 3613 1095 ενα

2030 1116 2110 1183 pri
2136 1118 2185 1169 in
2218 1116 2437 1170 Cantica
2475 1117 2829 1170 canticorum.
2882 1116 3029 1169 lianc
3067 1118 3362 1193 versionem
3421 1116 3612 1187 Poggi-

2033 1211 2152 1259 nitts
2185 1218 2333 1276 putat
2380 1210 2447 1259 ab
2492 1207 2790 1275 Epiphanio
2820 1207 3159 1261 St'ltclastico
3186 1224 3307 1261 esse
3343 1210 3612 1278 compo:i«

2034 1308 2161 1362 tam,
2195 1308 2247 1351 et
2276 1302 2519 1352 eamdem
2555 1300 2702 1352 illam
2729 1314 2846 1353 esse
2871 1310 3062 1355 censet
3091 1301 3608 1370 interpretationem,

2032 1406 2191 1460 quam
2226 1390 2583 1446 Cassiodorus
2612 1391 2727 1446 loco
2749 1406 2906 1462 quem
2942 1393 3221 1447 attulimus
3265 1408 3423 1462 supra
3466 1408 3612 1449 com-

2035 1495 2316 1539 memorat.
2364 1484 2509 1539 Illius
2551 1486 2691 1539 tituli
2745 1487 3027 1540 veritatem
3053 1489 3269 1557 agnovit
3302 1488 3610 1542 Adriamtsl

2035 1592 2171 1645 papa
2203 1576 2252 1629 in
2284 1578 2485 1646 scripto
2513 1576 2585 1629 De
2606 1578 2920 1643 imaginibus
2947 1577 3011 1630 ad
3032 1577 3280 1633 Carolum
3310 1594 3485 1649 regem
3510 1582 3610 1648 (c):

2036 1666 2100 1720 In
2169 1684 2426 1737 persona,
2490 1669 2696 1736 inquit,
2752 1667 2950 1722 Christi
3004 1680 3050 1723 et
3100 1668 3350 1723 Ecclesiae
3411 1669 3614 1725 diversa

2033 1771 2332 1814 sanctorum
2361 1757 2580 1813 Patrum
2634 1759 2884 1825 opuscula
2939 1762 2991 1814 in
3018 1761 3238 1815 Cantica
3279 1762 3613 1816 canticorum

2034 1854 2316 1921 explanata
2341 1864 2461 1907 sunt
2483 1870 2501 1907 .·
2536 1865 2582 1907 et
2617 1854 2664 1908 si
2692 1855 2901 1923 quando
2921 1853 3313 1923 intelligendum
3343 1864 3440 1921 est,
3485 1855 3617 1909 scire

2035 1948 2215 2011 velint,
2241 1945 2298 2000 S.
2330 1945 2618 2013 Epiphanii
2644 1946 2873 2014 episcopi
2926 1943 3086 2014 Cypri
3112 1945 3431 2014 proferimus
3460 1961 3619 2016 expo-

2035 2035 2299 2099 sitionem,
2340 2035 2391 2087 in
2412 2050 2514 2104 qua
2540 2036 2677 2088 inter
2720 2035 2885 2087 multa
2912 2034 3119 2088 diversa
3146 2036 3311 2104 inquit
3337 2051 3355 2088 :
3382 2035 3621 2091 Ostende

2038 2133 2166 2187 mibi
2196 2133 2387 2187 faciem
2423 2142 2592 2197 tuam,
2616 2143 2669 2187 et
2692 2131 2930 2186 auditam
2959 2131 3044 2185 iac
3071 2130 3201 2186 mihi
3222 2146 3403 2187 vocem
3433 2140 3617 2199 tuam;

2039 2225 2141 2279 hoc
2164 2235 2246 2278 est
2274 2240 2371 2294 per
2407 2224 2579 2295 legem
2616 2234 2669 2277 et
2708 2223 2999 2292 prophetas
3055 2237 3158 2276 non
3193 2223 3322 2276 mihi
3353 2223 3617 2292 loquaris,

2038 2314 2130 2367 sed
2165 2314 2505 2382 temetipsum
2561 2323 2729 2367 totum
2769 2313 2896 2366 mihi
2931 2313 3176 2378 ostende,
3205 2323 3252 2366 et
3287 2324 3476 2367 ctrtera
3501 2328 3621 2383 qua

2040 2415 2343 2474 sequuntur.
2378 2401 2499 2455 lla-c
2532 2416 2659 2455 vero
2713 2411 2838 2455 sunt
2867 2400 3135 2468 ipsissima
3188 2402 3373 2466 verba,
3418 2414 3538 2470 quae
3567 2401 3621 2455 in

2038 2496 2273 2550 editione
2297 2492 2623 2562 Fogginiana
2653 2495 2899 2561 leguntur
2926 2506 3049 2561 pag.
3074 2491 3179 2551 59;
3222 2491 3397 2561 iisque
3436 2492 3624 2548 Graeca

2040 2584 2367 2655 respondent
2412 2584 2463 2637 in
2519 2582 2618 2636 hac
2666 2582 2900 2637 editione
2948 2592 3130 2635 nostra
3182 2598 3331 2637 num.
3366 2583 3454 2636 7i.
3511 2583 3620 2639 Nec

1989 2736 1993 2741 ,
2045 2691 2170 2731 vero
2215 2677 2382 2729 codex
2421 2674 2510 2727 ille
2549 2672 2837 2727 Vaticanus
2868 2684 2952 2728 est
2990 2674 3215 2736 unicus;
3247 2675 3340 2728 sed
3361 2685 3536 2729 exstat
3569 2677 3619 2731 iu

2042 2768 2370 2822 bibliotheca
2404 2764 2567 2833 Regia
2615 2763 2910 2819 Parisiensi
2965 2766 3105 2819 inter
3143 2765 3478 2818 miscellanea
3537 2765 3622 2819 Bi-

2040 2858 2168 2929 gotii
2207 2858 2347 2912 idem
2382 2856 2611 2910 Latinus
2643 2857 3093 2921 commentarius,
3127 2872 3285 2926 quem
3315 2873 3378 2910 ex
3410 2854 3623 2910 Vatica-

2042 2966 2111 3002 no
2138 2947 2326 3003 codice
2358 2949 2572 3016 quidam
2612 2949 2957 3017 suspicantur
2990 2961 3111 3002 esse
3136 2948 3484 3019 descriptum.
3516 2947 3622 3003 Sed

2043 3042 2197 3097 falso.
2226 3039 2363 3096 Nam
2406 3042 2457 3095 itt
2486 3040 2767 3111 Bigoliano
2785 3041 2971 3096 codice
3004 3042 3150 3096 deest
3181 3041 3441 3109 praefatio,
3463 3056 3623 3111 quant

360 3136 532 3189 sancti
567 3133 687 3188 Vita
718 3133 926 3203 legitur.
980 3130 1098 3185 Vidi
1137 3131 1353 3200 hujusce
1408 3134 1770 3187 commentarii
1823 3143 1936 3187 tex-
1965 3169 2008 3227 ο
2051 3133 2340 3188 Vaticanus
2366 3134 2533 3188 codex
2564 3134 2830 3202 integrant
2877 3132 3055 3187 habet.
3090 3132 3324 3202 :Equuut
3350 3134 3516 3203 igitur
3543 3141 3627 3188 est

352 3224 731 3282 tum'Gra'cum
774 3227 830 3279 in
870 3224 1110 3277 manilius
1136 3240 1185 3278 υ.
1221 3224 1290 3278 cl.
1322 3223 1550 3277 Emerici
1585 3222 1780 3293 Bigotii
1812 3222 1935 3278 cum

355 3318 707 3374 translatione
743 3315 960 3379 Latina,
1002 3316 1156 3384 cujus
1178 3314 1263 3367 hic
1299 3315 1531 3368 meminit
1564 3312 1935 3370 Cassiodorus.

351 3411 487 3465 Cum
521 3407 801 3463 Holstenio
829 3417 885 3459 et
932 3403 1153 3461 Garetio
1208 3407 1537 3461 concordant
1574 3405 1856 3461 Fabricius
1886 3418 1937 3461 et

353 3502 613 3573 l.equien.
647 3499 746 3555 Hic
777 3500 922 3554 enim
959 3500 1010 3554 iu
1043 3498 1256 3553 Oriente
1302 3497 1608 3553 Christiano
1658 3497 1729 3569 (ε)
1768 3517 1782 3553 :
1813 3497 1943 3553 Phi-

354 3594 516 3661 lonis,
543 3591 737 3663 inquit,
791 3591 1020 3661 episcopi
1051 3588 1298 3657 Carpasii
1329 3600 1495 3643 exstat
1534 3591 1942 3646 commentarius

354 3686 408 3741 in
449 3686 733 3741 Canticum
788 3687 1149 3748 canticorum,
1211 3681 1362 3752 cujus
1412 3680 1605 3736 Latina
1663 3683 1942 3738 translatio

353 3777 750 3849 circumfertur,
778 3793 811 3831 a
849 3774 1038 3831 (ἐνωοο
1086 3775 1266 3829 codice
1299 3775 1586 3829 admodum
1611 3775 1936 3845 discrepans.

355 3868 651 3927 Centtinttm
678 3872 793 3936 eius
821 3867 1088 3939 exemplar
1143 3867 1211 3923 cl.
1244 3866 1485 3937 Bigotius
1526 3867 1579 3919 in
1620 3882 1722 3919 sua
1750 3866 1940 3919 biblio-

357 3965 505 4019 theca
530 3967 788 4025 servabat,
815 3961 957 4033 quod
980 3959 1162 4015 Crtece
1187 3958 1468 4029 Latineque
1500 3975 1532 4011 a
1573 3974 1628 4012 se
1643 3958 1944 4026 propediem

355 4056 611 4111 edendum
641 4055 936 4109 Casimirus
964 4052 1145 4108 Oudin
1167 4054 1223 4107 in
1262 4068 1360 4107 suo
1391 4051 1461 4105 ad
1491 4049 1820 4104 Mbbeanam
1851 4047 1947 4103 Bi-

358 4147 664 4201 bliothecam
686 4143 1045 4214 supplemento
1064 4159 1211 4213 spem
1244 4143 1391 4197 nobis
1422 4143 1634 4211 fecerat.
1665 4140 1947 4197 Fabricius

360 4253 487 4293 vero
520 4237 600 4309 (ά)
656 4253 671 4291 :
724 4234 1046 4299 Genuinum,
1103 4232 1298 4302 inquit,
1350 4230 1591 4285 Philonis
1626 4241 1950 4285 commenta-

360 4333 499 4385 rium
529 4328 716 4385 Grcco
753 4344 781 4384 e
809 4327 987 4381 codice
1032 4325 1309 4397 Bigotiano
1358 4324 1624 4379 editurum
1655 4323 1857 4392 pridem
1894 4323 1948 4376 in

361 4421 627 4491 serecepit
659 4421 736 4474 uir
766 4419 1104 4473 doctissimus
1126 4416 1403 4472 Ansclmus
1426 4414 1732 4469 Bandurius
1768 4429 1951 4468 mona-

360 4520 488 4571 chus
504 4513 897 4570 Benedictinus.

432 4608 616 4679 Itaque
638 4621 759 4662 cum
789 4602 1043 4676 praeclara
1073 4599 1313 4657 doctrina
1342 4605 1658 4668 prastantes
1676 4595 1949 4661 Garetius,

362 4699 624 4770 Lequien,
676 4696 982 4758 Fabricius,
1031 4692 1342 4747 Bandurlus
1400 4698 1455 4746 et
1499 4691 1609 4744 duo
1633 4689 1736 4743 viri
1769 4688 1948 4759 magni

365 4794 593 4850 Mlatius
618 4801 674 4849 et
702 4787 1017 4846 llolstenius
1046 4787 1100 4841 in
1146 4786 1249 4841 hoc
1276 4781 1637 4847 consentiant,
1670 4779 1948 4835 Philonem

365 4887 681 4959 Carpasium
734 4892 1011 4940 auctorem
1067 4877 1237 4934 fuisse
1266 4877 1438 4934 (ἓνωοί
1469 4872 1842 4931 commentarii
1893 4873 1949 4926 in

368 4979 645 5035 Canticum
684 4976 1035 5037 canticorum,
1061 4981 1115 5028 et
1152 4969 1325 5025 Grarci
1354 4968 1571 5023 codices
1596 4981 1824 5036 quorum
1855 4980 1952 5020 no-

372 5072 485 5127 titia
513 5070 580 5125 ad
634 5083 733 5124 nos
767 5066 1034 5138 pervenit,
1075 5062 1312 5117 Philonis
1370 5060 1619 5129 Carpasii
1663 5056 1956 5129 praeferant

370 5178 604 5228 nomen;
666 5161 807 5217 haud
839 5170 988 5215 certe
1048 5158 1242 5213 fecisse
1282 5166 1481 5210 temere
1535 5153 1799 5217 videatur,
1862 5148 1952 5219 qui

375 5257 519 5313 hunc
541 5269 703 5325 quem
744 5252 941 5322 publici
965 5250 1104 5321 juris
1135 5249 1292 5311 iacio,
1334 5244 1803 5307 commentarium,
1836 5256 1957 5296 cum

374 5349 561 5404 iisdem
585 5345 789 5401 Graecis
816 5343 1088 5398 codicibus
1107 5341 1376 5402 collatum,
1402 5338 1574 5393 eidem
1599 5335 1808 5391 Philoni
1828 5332 1959 5388 Car-

375 5439 509 5511 pasii
539 5437 791 5508 episcopo
826 5432 1088 5488 tribuerit.

446 5529 826 5585 Verumtamen
852 5522 1224 5595 gravissimam
1271 5516 1638 5574 difﬁcultatem
1665 5514 1823 5571 olI'ert
1855 5529 1955 5569 an-

452 5664 526 5739 (a)
700 5679 758 5739 I_t.
786 5657 1082 5739 φεμ-2972.

451 5723 525 5805 ibi
557 5736 673 5790 Lib.
706 5723 1241 5805 υίίηῑιξηιςιιέειεναι
1271 5765 1286 5791 ,
1321 5739 1440 5795 cap.
1477 5723 1529 5779 δ.

451 5795 519 5872 lci
555 5806 710 5861 Tom.
738 5805 800 5871 Il,
832 5816 951 5872 pag.
983 5795 1140 5852 1067.

2042 3225 2355 3280 existimare
2403 3223 2582 3294 plures
2608 3222 2829 3277 Latinos
2862 3223 3027 3278 fuisse
3062 3224 3187 3277 olim
3243 3225 3445 3279 similes
3474 3226 3622 3279 codi-

2042 3332 2155 3381 ces,
2186 3327 2242 3372 et
2290 3316 2523 3372 fortasse
2577 3317 2755 3371 adhuc
2798 3316 2995 3372 alicubi
3062 3318 3414 3383 delitescere;
3467 3319 3627 3389 idque

2042 3412 2208 3482 probe
2242 3410 2808 3476 animadvertendum,
2840 3425 2907 3464 ne
2947 3411 3065 3479 quis
3104 3424 3167 3464 ex
3200 3426 3264 3465 eo
3304 3413 3445 3481 quod
3490 3428 3628 3467 unus

2045 3503 2416 3556 tantummodo
2461 3511 2517 3556 et
2553 3502 2847 3569 singularis
2874 3502 3217 3557 existimetur
3256 3519 3377 3559 esse
3413 3503 3629 3558 Vatica-

2045 3610 2145 3650 nus
2183 3596 2376 3659 codex,
2426 3593 2499 3647 illi
2550 3608 2769 3663 pacvam
2810 3594 2969 3647 tidem
3021 3594 3321 3649 habendam
3350 3610 3470 3649 esse
3498 3611 3629 3650 con-

2046 3687 2248 3741 tendat.
2273 3685 2404 3740 Cum
2454 3685 2615 3754 igitur
2643 3683 2893 3739 Latinum
2922 3687 3371 3740 commentarium
3419 3695 3627 3740 constet

2042 3792 2165 3832 esse
2186 3776 2358 3832 Graeci
2378 3775 2677 3831 Philoniaui
2708 3778 3038 3834 versionem:
3063 3776 3376 3832 alterutrum
3402 3778 3631 3845 pseudo-

2043 3871 2393 3941 epigraphum
2450 3882 2569 3924 esse
2608 3879 2837 3939 oportet.
2893 3867 3041 3925 Hanc
3100 3862 3466 3925 dilﬁenltatem
3535 3871 3631 3924 ha-

2051 3978 2166 4016 rum
2219 3976 2402 4017 rerum
2461 3960 2884 4032 intelligentibus
2928 3962 3314 4033 expediendam
3362 3964 3630 4032 relinquo.

2059 4056 2220 4110 Certe
2251 4056 2505 4110 Caretius
2532 4056 2621 4124 qtti
2669 4057 2809 4125 apud
2844 4048 3108 4125 Bigotium
3161 4065 3448 4126 utrumque
3479 4056 3629 4120 \idit,

2065 4146 2514 4200 commentarium
2539 4145 2786 4202 Gracum
2820 4160 2874 4202 et
2908 4147 3180 4212 Latinum,
3226 4148 3422 4202 nodum
3468 4146 3633 4199 auda-

2047 4246 2164 4294 cter
2230 4247 2477 4307 amputat
2533 4249 2590 4292 et
2645 4238 2863 4307 oblique
2903 4239 3210 4293 Cassiodori
3262 4237 3631 4292 testimonium

2050 4329 2270 4382 videtur
2294 4328 2545 4398 rejicere,
2578 4327 2948 4399 lectoremqne
2987 4329 3374 4399 propemodum
3420 4327 3474 4382 in
3513 4343 3633 4383 eam

2056 4418 2326 4474 adducere
2357 4408 2782 4482 dubitationem,
2807 4425 2989 4473 utrum
3038 4416 3371 4487 Epiphanius
3408 4416 3635 4471 antistes

1984 4521 2027 4577 ι)
2056 4507 2287 4579 Cyprius
2330 4504 2782 4562 commentarium
2852 4502 3238 4575 conscripserit
3285 4502 3521 4573 aliquem
3582 4502 3638 4555 in

2060 4599 2334 4655 Canticum
2371 4598 2717 4652 canticorum.

2134 4691 2273 4760 Quid
2304 4690 2348 4747 si
2385 4690 2678 4747 contendat
2736 4686 2931 4757 aliquis
2960 4684 3222 4741 memoria
3264 4683 3471 4753 lapsum
3505 4680 3639 4737 Cas-

2058 4783 2360 4847 siodorum,
2406 4797 2505 4852 pro
2536 4780 2762 4836 Philone
2815 4776 3098 4847 Epiphanii
3127 4774 3318 4845 aequali
3354 4783 3410 4828 et
3441 4773 3639 4836 amico,

2060 4873 2416 4942 Epiphaniam
2446 4868 2735 4939 posuisse?
2757 4867 2897 4935 Quid
2934 4868 2975 4922 si
2998 4867 3238 4922 codicem
3263 4880 3424 4934 quem
3452 4863 3643 4919 habuit

2058 4964 2443 5028 Cassiodorus,
2479 4972 2538 5016 ut
2576 4962 2777 5031 majore
2808 4962 2979 5031 pretio
3009 4958 3230 5028 dignum
3263 4956 3466 5011 faceret
3494 4970 3644 5010 ama-

2060 5058 2303 5124 nuensis,
2348 5052 2630 5125 Epiphanii
2665 5068 2874 5123 magna:
2907 5052 3069 5106 famae
3099 5065 3293 5105 nomen
3331 5064 3428 5121 pro
3450 5051 3643 5105 obscu-

2064 5147 2206 5200 riore
2234 5143 2477 5199 Philonis
2509 5142 2726 5196 nomine
2756 5141 2828 5196 illi
2861 5141 3178 5211 inscripsit?
3203 5141 3267 5194 Et
3299 5138 3641 5196 consuevisse

2064 5238 2282 5309 quidem
2335 5234 2608 5298 librarios,
2664 5244 2721 5288 ut
2757 5233 2838 5288 vel
2894 5234 3144 5301 peritiam
3178 5233 3262 5287 vel
3311 5229 3645 5299 diligentiam
3726 5238 3731 5243 '

2068 5328 2513 5382 commendarent
2564 5340 2741 5389 suam,
2794 5326 2884 5395 qui
2933 5327 3148 5381 codices
3207 5322 3289 5378 vel
3331 5322 3534 5376 nullttm
3563 5319 3646 5375 vel

2068 5421 2311 5491 ignotum
2347 5420 2705 5475 obscurumve
2744 5418 3059 5487 praferrent
3087 5424 3380 5480 auctorem,
3415 5413 3483 5467 iis
3513 5411 3645 5466 insi-

2066 5528 2171 5585 gne
2204 5511 2433 5581 alicujus
2476 5510 2706 5568 celebris
2754 5511 3039 5582 scriptoris
3101 5521 3297 5563 nomen
3346 5503 3649 5577 praefigere,

2132 5648 2210 5717 (ιι)
2242 5646 2384 5703 Loco
2409 5662 2570 5716 supra
2602 5649 2693 5703 cit.

2135 5712 2207 5790 (ε)
2245 5718 2401 5775 Tom.
2428 5712 2492 5773 IV
2526 5716 2728 5773 Concil.
2767 5714 3048 5778 lIarduiui,
3073 5712 3178 5767 col.
3206 5712 3328 5769 783.
