4048 6212
386 265 455 318 Π
1811 257 2200 315 ΡΒᾸΞΕᾹΤΙΟ.
3588 255 3651 312 l8

384 379 739 436 notissimum
765 385 842 430 est
871 375 1127 430 omnibus
1176 375 1265 444 qui
1300 373 1381 425 vel
1407 372 1595 427 leviter
1624 373 1727 427 hoc
1766 374 1971 429 studio-
1998 377 2045 435 Α
2077 381 2461 428 commentum.
2491 370 2840 441 Carpathium
2886 384 3013 428 vero
3041 379 3097 427 ct
3122 370 3565 427 commentarium
3597 372 3648 425 in

393 486 514 525 rum
538 483 713 538 genus
745 466 1039 534 attigerint.
1076 464 1285 534 Lapsus
1318 480 1444 519 vero
1482 464 1759 520 memoriae
1789 464 1842 519 in
1873 481 1969 518 au-

397 561 647 617 ctoribus
710 558 1049 612 nominandis
1115 555 1391 625 complura
1477 555 1656 610 alferri
1749 566 1974 626 possunt

417 653 671 718 exetupla.
698 649 968 704 Melchiori
1000 648 1148 703 Cano
1173 648 1272 720 (a),
1296 658 1347 701 et
1368 647 1628 703 Garnerio
1662 647 1758 720 (b),
1793 647 1961 717 suspi-

413 748 489 800 cio
520 744 608 797 fuit
634 742 952 811 Gregorium
978 740 1228 811 Magnum
1256 738 1329 809 (ε)
1347 755 1441 811 pro
1471 738 1772 802 Sozomeno
1792 741 1971 795 Theo-

416 838 630 891 doretum
685 833 970 904 posuisse;
1000 832 1065 886 de
1111 846 1218 901 quo
1267 832 1542 885 llll'lllOl'llﬁ
1604 832 1748 900 lapsu
1787 832 1970 887 Fabri-

412 931 511 985 cius
537 928 613 995 (ά)
644 943 751 981 non
790 926 1123 994 suspicatur,
1164 924 1258 978 sed
1294 941 1395 977 nun
1444 923 1656 976 dubiant
1693 941 1801 978 esse
1827 924 1969 978 allir-

404 1029 519 1085 mat,
548 1018 870 1089 Gregorium
908 1016 1142 1071 voluisse
1193 1015 1592 1070 Theodoretum
1647 1032 1742 1084 pro
1801 1019 1969 1071 δοιο-

401 1125 550 1166 meno
588 1111 788 1164 dicere.
833 1108 952 1176 Quo
990 1109 1042 1164 in
1072 1108 1191 1164 loco
1221 1107 1458 1163 Fabricii
1488 1110 1640 1178 plura
1673 1109 1778 1164 alia
1816 1125 1970 1180 repe.

402 1204 506 1258 rias
538 1201 794 1270 ejusmodi
833 1201 1021 1273 lapsus
1071 1200 1341 1271 exempla.
1390 1200 1453 1255 Et
1491 1211 1641 1257 certe
1681 1211 1785 1257 tam
1829 1217 1970 1270 smpe

393 1293 446 1348 id
473 1293 690 1357 accidit,
738 1303 793 1346 ut
827 1293 893 1347 de
945 1290 1252 1360 huiusmodi
1298 1291 1561 1361 exemplis
1607 1292 1969 1365 Hieronymus

390 1385 734 1441 Tartarottus
762 1386 832 1456 (e)
856 1385 1053 1439 librum
1098 1387 1213 1440 sive.
1244 1385 1681 1440 dissertationem
1704 1388 1970 1442 coniicere

384 1477 646 1545 potuerit.
684 1474 951 1530 Pratterea
1010 1485 1063 1528 et
1101 1475 1228 1529 illud
1284 1474 1481 1543 aliquis
1516 1490 1709 1545 urgere
1759 1476 1963 1546 possit;

383 1567 530 1637 quod
554 1580 649 1619 nos
680 1565 748 1619 ad
798 1564 1208 1634 explicationem
1260 1563 1633 1618 Philonianam
1683 1581 1832 1620 ntun.
1862 1566 1969 1619 Ὧι).

379 1657 789 1721 adnotavimus,
813 1669 921 1724 quo
944 1654 997 1708 in
1026 1653 1142 1709 loco
1172 1652 1371 1709 locutio
1394 1655 1659 1723 reperitur
1680 1654 1744 1708 de
1766 1654 1965 1720 Verbo,

2077 480 2198 520 eum
2234 464 2427 518 librum
2458 462 2760 534 scripsisse,
2793 470 2848 517 et
2887 461 3035 532 plura
3095 478 3159 517 ex
3190 462 3469 533 Epiphanii
3503 477 3650 516 com-
3716 484 3721 489 -

2075 558 2344 611 mentario
2375 562 2627 624 excerpta
2659 552 2711 608 in
2747 567 2903 608 suum
2938 554 3405 616 commentarium,
3440 554 3489 608 in
3536 553 3651 622 epi-

2080 660 2259 706 tomeu
2296 650 2533 711 redacta,
2573 647 2890 703 inseruisse.
2922 645 3119 701 Verum
3168 646 3501 717 probandum
3535 645 3647 700 fue-

2075 753 2159 798 rat
2191 743 2364 811 primo
2395 750 2607 797 exstare
2633 742 2863 811 aliquem
2887 750 2977 795 aut
2997 740 3271 795 exstitisse
3300 740 3399 794 sub
3429 740 3648 794 nomine

2076 833 2321 891 Philonis
2355 834 2408 888 in
2441 833 2659 889 Cantica
2703 833 3026 887 canticorum
3074 830 3340 893 eiusmodi
3367 845 3648 885 commen-

2074 929 2291 994 tarium,
2326 926 2418 1000 qui
2447 925 2704 997 pleraque
2748 924 2849 994 ipsi
2874 922 3080 979 Philoni
3110 920 3326 993 propria
3351 929 3407 974 et
3438 920 3506 975 ab
3533 917 3650 989 ejus

2073 1020 2288 1092 ingenio
2346 1016 2584 1089 proiecta
2622 1016 2940 1078 contineret,
2995 1024 3050 1069 et
3098 1017 3163 1068 ab
3196 1012 3260 1068 iis
3288 1012 3499 1067 diversa
3528 1025 3649 1080 qua:

2074 1113 2126 1167 in
2154 1111 2530 1183 Epiphaniano
2553 1107 2943 1165 commentario
2972 1105 3333 1175 reperiuntur.
3359 1101 3562 1158 Deinde
3584 1115 3651 1156 ea

2072 1203 2266 1258 all‘erre
2322 1217 2457 1274 opus
2490 1202 2685 1265 fuerat,
2747 1213 2868 1269 qua:
2904 1197 3056 1254 Philo
3095 1211 3159 1252 ex
3200 1193 3497 1266 Epiphanio
3550 1207 3647 1247 ex-

2070 1302 2255 1364 cerpta
2279 1293 2332 1346 in
2362 1306 2517 1347 suum
2570 1287 3015 1345 commentarium
3050 1283 3133 1341 vel
3178 1284 3458 1339 decurtata
3482 1281 3565 1336 vel
3594 1281 3645 1335 in

2071 1385 2446 1455 compendium
2506 1382 2721 1439 redacta
2764 1377 3123 1435 transtulerit.
3178 1375 3283 1432 Sed
3331 1374 3416 1429 vir
3459 1372 3649 1428 doctus

2071 1487 2319 1534 neutrum
2353 1484 2611 1546 praestare
2639 1474 2830 1545 potuit.

2144 1568 2255 1623 lmo
2285 1582 2411 1622 vero
2439 1567 2484 1623 si
2506 1565 2680 1622 Grieci
2711 1564 3086 1623 commentarii
3122 1562 3275 1635 copia
3323 1560 3395 1617 illi
3430 1559 3648 1622 fuisset,

2071 1658 2320 1728 profecto
2345 1657 2772 1728 Epiphanianum
2804 1653 3257 1711 commentarium
3281 1650 3645 1723 perspexisset

377 1764 551 1818 quam
600 1747 935 1817 Epiphanius
991 1747 1179 1801 haeresi
1215 1761 1421 1811 Lxxvn,
1457 1761 1605 1799 num.
1633 1744 1724 1812 29,
1754 1745 1968 1801 videtur

2073 1750 2313 1806 Latinam
2348 1765 2471 1807 esse
2523 1746 2825 1804 Philoniani
2883 1746 3057 1802 Graeci
3113 1744 3454 1809 versionem;
3487 1751 3541 1796 et
3591 1740 3647 1794 in

374 1842 748 1911 improbasse.
785 1839 892 1894 Nec
938 1839 1133 1909 aliquis
1166 1837 1398 1894 fortasse
1445 1837 1698 1901 defuerit,
1726 1839 1816 1909 qui
1884 1854 1968 1894 re-

379 1932 628 2002 spiciens
657 1931 723 1985 ad
754 1930 1064 1986 Cassiodori
1120 1928 1413 1984 Chronicun
1439 1937 1494 1984 et
1518 1927 1859 1997 Tripartitam
1882 1930 1964 1983 hi—

373 2024 630 2088 storiam,
655 2023 918 2092 judicium
966 2022 1083 2093 ejus
1117 2022 1417 2089 desideret;
1468 2022 1553 2077 cui
1593 2028 1874 2091 propterea
1912 2023 1964 2078 in

374 2116 510 2171 aliis
544 2130 760 2185 quoque
788 2114 950 2170 rebus
998 2113 1053 2168 in
1083 2112 1277 2183 quibus
1309 2112 1497 2168 critica
1528 2121 1615 2168 est
1671 2127 1824 2182 opus,
1862 2127 1964 2165 non

378 2216 563 2264 tutum
593 2222 716 2261 esse
746 2206 1045 2263 arbitretur
1064 2206 1283 2259 omnino
1310 2203 1492 2259 lidere.

464 2300 569 2356 Sed
605 2298 966 2370 Epiphaniani
1019 2296 1394 2353 commentarii
1432 2296 1829 2352 eruditissimus
1849 2296 1966 2349 edi-

381 2401 479 2447 lor
501 2392 568 2445 ad
607 2391 745 2445 hanc
773 2390 1157 2443 removendam
1199 2386 1558 2442 difﬁcultatem
1594 2386 1752 2441 aliam
1783 2387 1966 2455 ingre-

380 2484 543 2537 ditur
572 2482 709 2535 viam
750 2497 765 2535 :
815 2479 1082 2545 Primum,
1148 2479 1593 2534 commentarium
1646 2479 1877 2547 aliquem
1913 2478 1967 2530 in

381 2569 670 2625 Canticum
697 2569 1019 2622 canticorum
1068 2583 1097 2622 a
1150 2566 1371 2622 Philone
1415 2566 1667 2637 quopiam
1697 2568 1967 2637 composi-

382 2669 508 2714 tum
530 2657 682 2713 facile
701 2657 975 2713 concedit.
995 2657 1205 2712 Etsane
1224 2656 1421 2711 Snidas
1438 2658 1490 2711 in
1527 2657 1716 2711 Lexico
1736 2674 1753 2712 :
1772 2657 1968 2726 Φίλων,

382 2752 487 2815 ait,
509 2748 819 2823 Καρπάθιος
850 2748 1090 2820 ἔγραψεν
1114 2748 1412 2820 ὑπόμνημα
1435 2751 1521 2814 εἰς
1543 2747 1609 2802 τὸ
1630 2744 1831 2819 *ᾼσμιι
1852 2747 1971 2803 τῶν

379 2844 674 2914 ᾀσμάτων
697 2855 713 2872 ⁹
759 2839 917 2895 Philo
952 2840 1268 2908 Carpathius
1304 2840 1512 2909 scripsit
1540 2841 1968 2894 commentarium

380 2940 442 2989 in
458 2935 739 2991 Canticum
764 2932 1118 2988 canticorum.
1134 2929 1398 2987 Praeterea
1418 2931 1642 2985 Cosmus
1660 2930 1967 3001 Egyptius,

2067 1842 2256 1899 Graeco
2282 1842 2469 1897 eadem
2496 1840 2653 1911 plane
2676 1840 2792 1895 loca
2825 1837 3113 1909 reperisset
3146 1837 3375 1906 integra,
3411 1846 3531 1903 quae
3560 1831 3649 1886 ille

2067 1942 2271 1986 catena:
2306 1930 2521 1986 Meursii
2551 1938 2606 1984 et
2638 1927 2909 1984 Vaticana
2964 1925 3128 1981 nimis
3163 1923 3425 1987 conlisus,
3454 1920 3645 1977 existi-

2070 2021 2236 2077 mavit
2290 2019 2565 2075 Philonem
2602 2018 2740 2075 facta
2799 2017 3045 2075 breviora
3095 2016 3149 2070 in
3198 2010 3645 2070 commentarium

2067 2126 2221 2167 situm
2255 2112 2606 2183 compegisse.

2140 2203 2353 2259 Primus
2394 2204 2537 2259 enim
2590 2202 2741 2258 locus
2789 2210 2873 2257 est
2902 2200 2974 2272 (lt)
3005 2199 3094 2271 qui
3141 2196 3336 2269 legitur
3370 2196 3420 2249 in
3454 2193 3649 2247 Latino

2069 2297 2457 2353 commentario
2517 2312 2570 2369 p.
2602 2296 2683 2365 ll,
2737 2296 2830 2350 lin.
2864 2294 2950 2360 i9,
2997 2309 3156 2366 quem
3224 2291 3443 2346 totidem
3470 2286 3649 2342 verbis

2070 2390 2221 2445 aﬂet‘l
2252 2406 2319 2446 ex
2379 2388 2602 2446 Philone
2638 2390 2865 2445 Cosmas
2899 2386 3183 2458 )Egyptius
3243 2382 3329 2455 (Ι).
3392 2379 3497 2437 Sed
3542 2394 3653 2435 non

2070 2493 2216 2536 recte
2236 2497 2299 2535 ea
2328 2490 2411 2535 cst
2434 2480 2829 2550 argumentatio
2847 2478 3101 2533 conclusa
3147 2493 3163 2530 :
3194 2474 3250 2528 lu
3271 2470 3642 2543 Epiphaniam

2069 2572 2459 2628 commentario
2481 2584 2544 2625 ea
2583 2569 2825 2625 Philonis
2849 2567 3010 2622 verba
3033 2567 3224 2621 Latine
3264 2563 3471 2619 reddita
3495 2574 3648 2629 repe-

2072 2664 2299 2718 riuntur.
2334 2660 2481 2717 Philo
2536 2660 2702 2732 igitur
2751 2674 2813 2714 ea
2859 2672 2927 2714 ex
2978 2656 3279 2728 Epiphanio
3329 2651 3641 2721 desumpsit.

2072 2756 2176 2811 Sed
2208 2756 2380 2810 solum
2432 2752 2554 2808 inde
2597 2751 2901 2817 conficitur,
2936 2749 3121 2806 eadem
3168 2746 3329 2802 verba
3387 2742 3547 2799 unius
3592 2752 3647 2795 et

2070 2844 2309 2913 ejusdem
2345 2858 2465 2899 esse
2493 2842 2727 2899 auctoris
2777 2854 2870 2897 seu
2902 2838 3160 2902 Philonis,
3198 2851 3291 2892 seu
3328 2833 3645 2905 Epiphauii;

2071 2945 2124 2992 et
2154 2935 2333 2989 verius
2369 2932 2635 2999 Philonis,
2673 2930 2827 3002 cujus
2874 2927 3320 2998 commentarium
3350 2923 3406 2979 in
3440 2922 3650 2979 caeteris

386 3024 767 3120 Topograpltia:
801 3022 1118 3120 Christiana:
1141 3022 1232 3077 lib.
1262 3038 1292 3076 χ
1326 3021 1417 3092 (f),
1447 3024 1550 3075 tria
1578 3023 1692 3077 loca
1720 3022 1873 3076 affert
1899 3038 1963 3109 ex
1998 3059 2041 3120 ο
2074 3027 2313 3097 partibus
2350 3024 2405 3080 in
2435 3024 2806 3094 Epiphaniano
2843 3023 3087 3078 videmus
3117 3020 3307 3075 Latine
3354 3011 3667 3087 retu-tesca?

383 3112 608 3170 Philone
631 3112 943 3182 Carpathio.
970 3112 1084 3168 lluc
1107 3113 1333 3175 accedit,
1360 3113 1501 3183 quod
1529 3112 1579 3165 in
1608 3122 1798 3168 catena
1820 3104 1975 3168 ora-

384 3221 450 3259 ca
477 3204 696 3260 Meursii
725 3203 1040 3257 Graecorum
1074 3201 1174 3256 PP.
1203 3203 1256 3255 in
1285 3201 1503 3256 Cantica
1538 3203 1882 3265 canticorum,
1917 3211 1970 3257 et

385 3298 443 3352 in
497 3304 687 3349 catena
737 3291 923 3347 Graeca
968 3290 1226 3344 Vaticana
1286 3290 1530 3360 Procopii
1579 3290 1754 3345 (ὶδιευί
1819 3290 1967 3360 plura

389 3388 691 3457 fragtnenla
719 3399 785 3439 ex
816 3381 1042 3437 Philone
1082 3379 1414 3447 aﬂ'eruntur;
1446 3389 1503 3433 ut
1554 3396 1658 3435 non
1706 3380 1838 3435 satis
1872 3379 1969 3433 mit

392 3478 499 3532 rari
567 3490 768 3546 queam
807 3472 1070 3528 Iacobum
1132 3472 1182 3526 le
1231 3472 1378 3543 Long
1427 3472 1603 3527 virum
1667 3472 1972 3527 eruditione

392 3576 765 3638 praestantem,
808 3565 898 3619 tibi
957 3564 1067 3632 agit
1113 3563 1179 3617 de
1208 3563 1601 3617 commentario
1635 3564 1688 3616 in
1750 3563 1971 3617 Cantica

394 3661 740 3723 canticorum,
767 3656 1050 3726 scripsisse
1083 3655 1159 3725 (g)
1190 3672 1203 3708 :
1254 3653 1413 3708 Philo
1456 3656 1728 3722 Carpathii
1770 3657 1969 3721 episco-

396 3768 492 3821 pus
516 3752 571 3804 in
607 3748 778 3820 Cypro
808 3760 996 3802 auctor
1023 3749 1410 3817 supposititius.
1445 3744 1578 3800 Nam
1604 3746 1769 3800 Eliam
1812 3747 1973 3816 Dupl-

394 3848 547 3901 nium
595 3846 683 3913 qui
732 3845 870 3898 idem
918 3851 1188 3902 senserat,
1243 3855 1348 3895 non
1404 3839 1564 3895 modo
1616 3840 1974 3911 eaStigaverat

397 3938 644 3993 Oedipus
670 3938 744 4005 th)
767 3934 1060 3999 allirmans,
1100 3949 1219 3987 eum
1256 3933 1357 3987 sibi
1390 3932 1554 3987 videri
1580 3934 1805 3987 absurde
1831 3932 1970 4000 falli,

403 4044 527 4082 cum
558 4026 715 4094 hujus
737 4038 837 4078 tum
859 4028 1147 4095 scriptoris,
1176 4036 1284 4077 tum
1325 4023 1683 4077 commentarii
1723 4025 1972 4077 memine-

394 4121 512 4175 rint
535 4127 589 4172 et
616 4117 951 4173 (.‘auiodorus
982 4130 1030 4172 et
1075 4118 1298 4181 Suidas,
1342 4116 1528 4187 quibus
1565 4115 1824 4171 elevandi:
1852 4116 1974 4171 Elia

389 4214 620 4266 idoneus
656 4210 835 4281 (verba
881 4222 1007 4266 sunt
1044 4211 1217 4280 ipsius
1268 4208 1491 4277 Oudini)
1548 4210 1673 4262 mihi
1715 4225 1825 4264 esse
1870 4227 1971 4263 non

383 4304 615 4358 videtur.
683 4302 791 4357 Sed
820 4304 985 4357 etiam
1042 4302 1251 4371 Dupinii
1294 4301 1611 4357 ratiunculis
1652 4303 1864 4357 abunde
1886 4317 1972 4356 sa-

2077 3129 2265 3172 talum.
2299 3117 2404 3172 Sed
2430 3127 2715 3186 antequam
2748 3113 2972 3170 ulterius
3004 3111 3431 3184 progrediamur,
3473 3106 3651 3161 admo-

2072 3212 2279 3266 nendus
2303 3220 2385 3266 est
2412 3210 2577 3266 lector
2606 3210 2780 3263 locum
2814 3207 2959 3262 illum
2999 3222 3030 3260 a
3074 3204 3267 3261 Cosma
3292 3200 3544 3279 Egyptio
3573 3199 3651 3252 al-

2073 3303 2260 3367 latum,
2295 3302 2507 3372 aliaque
2533 3301 2699 3370 multa
2727 3298 2975 3355 eumdem
3010 3298 3187 3353 locum
3214 3293 3568 3367 praecedentia
3598 3304 3650 3345 rt

2070 3395 2473 3464 subsequentia,
2505 3409 2626 3464 qua:
2655 3393 2706 3447 in
2751 3391 3119 3463 Epiphaniano
3153 3387 3543 3447 commentario
3572 3386 3647 3439 le-

2070 3499 2270 3559 guntur
2306 3503 2427 3561 pag.
2455 3486 2508 3553 7,
2539 3486 2592 3553 8,
2627 3485 2679 3549 9,
2709 3484 2797 3549 lO,
2832 3486 2889 3539 l-l
2923 3494 2976 3539 et
3004 3483 3092 3553 12,
3127 3500 3156 3538 a
3190 3481 3381 3538 Cra-co
3412 3479 3651 3535 Philonis

2070 3594 2228 3651 quem
2257 3580 2360 3634 hac
2385 3580 2618 3635 editione
2648 3589 2831 3634 nostra
2856 3578 3014 3633 modo
3039 3577 3407 3648 producimus,
3431 3574 3652 3640 abesse;

2071 3684 2133 3723 ea
2188 3684 2317 3723 vero
2382 3670 2434 3723 in
2486 3667 2689 3725 Grazcis
2741 3683 2876 3740 quos
2939 3667 3217 3732 habemus,
3253 3663 3651 3735 exemplaribus

2075 3761 2192 3816 ideo
2224 3761 2413 3817 deesse
2439 3759 2884 3822 existimaverim,
2924 3761 3068 3830 quod
3097 3760 3200 3814 duo
3234 3757 3434 3813 fuerint
3462 3754 3649 3810 Philo-

2074 3851 2221 3905 niani
2277 3852 2653 3907 commentarii
2688 3851 2955 3906 editiones
2987 3850 3245 3920 antiquae,
3284 3860 3513 3917 quarum
3543 3846 3653 3915 pri-

2073 3958 2215 3996 mam
2251 3943 2418 3999 nostri
2472 3942 2688 3997 codices
2727 3939 2896 3996 Graeci
2953 3946 3380 4011 repraesentem;
3431 3950 3535 3991 non
3569 3951 3653 3991 se-

2073 4034 2329 4101 cundam,
2366 4051 2469 4103 qua
2497 4036 2747 4089 utebatur
2793 4034 3021 4089 Cosmas
3048 4030 3356 4102 Egyptius,
3377 4031 3466 4087 ubi
3500 4029 3655 4086 Philo

2074 4124 2175 4177 alia
2225 4126 2471 4195 quaedam
2511 4126 2796 4180 addiderit.
2860 4125 3176 4196 Exemplum
3225 4125 3404 4179 simile
3459 4124 3651 4187 habes,

2077 4219 2265 4284 lector,
2316 4218 2368 4272 in
2413 4220 2657 4274 oratione
2698 4219 3073 4275 Demosthenis
3109 4219 3245 4287 Περὶ
3290 4219 3396 4273 τοῦ
3431 4218 3651 4286 στεφάο

2076 4328 2207 4375 νου,
2235 4310 2286 4364 in
2320 4325 2421 4379 qua
2476 4312 2721 4380 quaedam
2754 4328 2781 4367 a
2837 4310 3063 4366 diversis
3106 4312 3459 4382 SCI‘lplOtlbuS
3488 4313 3667 4367 citatav

388 4394 664 4451 lisfecerat
735 4393 1110 4450 Tillenmntius
1165 4397 1293 4469 (i);
1356 4396 1576 4466 ejusque
1648 4399 1969 4449 sententiam

2083 4402 2281 4456 frustra
2313 4403 2623 4472 quaesieris;
2655 4406 2798 4475 quod
2849 4404 3102 4477 Ulpiauus
3142 4406 3263 4461 inde
3309 4406 3506 4461 factum
3533 4421 3650 4459 mo-

386 4488 503 4560 ipse
531 4487 827 4558 Foggiuius
868 4488 932 4557 (j)
968 4490 1207 4542 ninnium
1246 4489 1482 4543 maxime
1503 4486 1825 4542 confutavit.
1876 4487 1974 4543 Se-

386 4582 646 4644 cundum,
671 4582 805 4634 duos
846 4591 994 4646 putat
1050 4582 1215 4635 fuisse
1248 4578 1522 4644 Philones,
1572 4579 1799 4634 alterum
1843 4578 1974 4634 Car-

387 4675 632 4745 pathium
679 4676 991 4744 epismpum
1050 4677 1101 4730 iu
1160 4676 1429 4745 Carpatho
1480 4676 1656 4731 insula
1713 4692 1834 4746 qum
1892 4685 1973 4731 est

391 4782 490 4820 una
513 4783 578 4821 ex
609 4766 966 4839 Cycladibus;
991 4769 1305 4837 Carpasium
1333 4768 1585 4835 alterum,
1613 4768 1885 4839 Carpasize
1920 4769 1972 4824 in

395 4858 560 4914 insula
599 4858 763 4930 Cypri
794 4862 1124 4931 episcOpum.
1157 4862 1221 4916 Et
1253 4861 1572 4932 Carpasiqu
1612 4863 1851 4932 quidem,
1879 4877 1974 4917 eu-

391 4949 473 5016 jus
500 4953 643 5020 apud
670 4951 955 5023 Polybium
980 4963 1063 5007 est
1100 4955 1325 5018 mentio,
1352 4966 1629 5008 auctorem
1665 4968 1788 5009 esse
1820 4969 1972 5009 com-

391 5041 642 5097 mentarii
671 5043 728 5096 in
753 5041 1030 5097 Canticum
1055 5046 1398 5109 canticorum,
1421 5045 1609 5100 statuit
1636 5060 1830 5100 vanum
1855 5058 1978 5100 esse

462 5215 541 5355 la;
582 5219 805 5277 Delocis
829 5224 1077 5295 theolog.,
1112 5225 1200 5279 lib.
1235 5241 1307 5283 at.
1334 5243 1453 5296 eap.
1485 5228 1535 5279 6.

462 5286 517 5355 (υ
566 5291 786 5351 Auctor.
815 5292 1140 5351 Theodorei.
1181 5296 1464 5352 Dissertat.
1492 5298 1527 5351 ‘2

462 5286 540 5355 (υ)
566 5291 786 5351 Auctor.
815 5286 1140 5351 Theodot'et.
1181 5286 1464 5352 Disseruit.
1492 5298 1545 5351 ‘2.

464 5360 676 5432 lC_)L_ih.
724 5378 798 5426 vt,
836 5366 996 5432 epist.
1037 5366 1089 5420 5.

464 5427 551 5506 id)
571 5429 830 5506 yiblioth.
863 5427 1149 5506 Cr._._tom.
1188 5436 1272 5497 VI,
1310 5453 1428 5506 pag.
1466 5439 1585 5494 ιεῖ.

467 5499 536 5587 li.)
568 5500 756 5587 βδδέἑδί
789 5499 1766 5587 ιυωο,ἶί)ίνο.ε2¹¹εέίοὉθιοεεείαηεξε.

467 5566 531 5636 tl}
565 5570 626 5649 _l_n
659 5571 1057 5649 Nova_collect.
1115 5576 1228 5631 PP.
1280 5566 1546 5636 (ἶναεεον.ν
1569 5581 1972 5649 Moutlaucouii,

397 5643 533 5713 ton).
565 5639 627 5713 ll,
654 5657 774 5713 pag.
813 5644 939 5699 550.

469 5706 544 5780 (9)
575 5706 826 5769 Biﬂlioth.
850 5732 1014 5784 tam,
1055 5725 1183 5774 tom.
1210 5715 1276 5771 ll.

2076 4499 2189 4554 net,
2215 4491 2356 4562 quod
2383 4493 2676 4563 scriptores
2702 4493 2774 4549 illi
2802 4494 2962 4549 aliam
2989 4496 3104 4564 ejus
3158 4496 3420 4551 orationis
3455 4496 3646 4551 editio-

2075 4597 2194 4635 nem
2259 4582 2561 4638 habuerint.
2626 4585 2731 4639 Sed
2789 4586 2856 4640 ad
2903 4588 3245 4643 collationem
3298 4588 3536 4643 locorum
3586 4602 3653 4645 cx

2073 4674 2370 4745 Epiphanio
2398 4684 2453 4731 et
2476 4676 2701 4734 Philone
2739 4694 2902 4749 quam
2953 4680 3185 4735 instituit
3218 4682 3299 4734 vir
3343 4678 3648 4733 eruditissi-

2074 4783 2212 4830 mus,
2240 4769 2537 4825 redeamus.

2097 4852 2101 4856 ’
2147 4859 2425 4918 Secundus
2463 4863 2613 4920 locus
2647 4875 2731 4922 est
2759 4867 2850 4938 qui
2887 4868 2937 4923 in
2969 4866 3157 4922 Latino
3193 4864 3432 4920 occurrit
3470 4880 3521 4935 p.
3555 4865 3647 4929 25,

2075 4951 2169 5004 lin.
2206 4951 2292 5018 12,
2324 4955 2408 5009 cui
2440 4955 2506 5010 ad
2530 4955 2672 5014 latus
2710 4961 2929 5030 apponit
2970 4959 3215 5014 eumdem
3252 4955 3425 5011 locum
3455 4957 3649 5026 partim

2073 5058 2139 5098 ex
2187 5052 2377 5099 catena
2403 5043 2621 5103 Meursii
2657 5048 2777 5122 (in),
2819 5052 3015 5121 partim
3049 5066 3114 5106 ex
3162 5060 3354 5105 catena
3395 5047 3650 5105 Vaticana

2159 5230 2411 5306 (lt)_Tom.
2439 5232 2455 5287 1
2490 5232 2565 5288 De
2593 5234 2885 5306 scriptorib.
2917 5229 3232 5299 ecclesiast,
3273 5249 3390 5306 pag.
3423 5235 3544 5291 89l.

2158 5304 2217 5370 (ὅ)
2243 5303 2369 5361 Loc.
2400 5306 2491 5357 cit.
2525 5313 2634 5357 not.
2679 5305 2765 5359 lt).

2155 5372 2219 5446 (ᾗ
2250 5373 2461 5446 [fragrat
2491 5374 2556 5429 ad
2586 5374 2772 5446 Epiph.
2805 5373 3197 5446 Commentar.,
3229 5390 3360 5446 pag.
3383 5373 3473 5446 22:.

2156 5441 2229 5513 (It)
2261 5443 2391 5499 Vide
2417 5444 2515 5497 bas
2544 5441 2868 5518 collaiiones
2895 5443 2945 5496 in
2980 5444 3185 5511 praefat.
3222 5441 3651 5518 ad'Epiphauia-

2083 5526 2211 5585 num
2238 5523 2612 5585 commentam
2644 5530 2765 5585 pag.
2802 5513 2868 5568 l7
2897 5523 2951 5568 et
2972 5528 3123 5585 seqq.

2155 5581 2216 5650 (ι)
2245 5580 2388 5652 Loco
2415 5598 2576 5652 supra
2617 5580 2710 5640 cit.

2153 5652 2247 5724 (in)
2280 5651 2407 5724 Pag.
2443 5651 2509 5709 18
2540 5654 2671 5711 edit.
2698 5654 2916 5713 Batava:
2945 5655 3112 5714 in~8-.
