4036 6208
291 283 356 343 21

1734 258 2129 323 PREFATIO.
3504 252 3580 305 22

296 393 403 450 καὶ
433 387 652 460 sessor,
674 384 919 453 (Casinas
952 378 1240 451 £gyptius
1285 377 1559 450 icpu'vllql,
1593 377 1650 430 ὲν
1699 380 1764 448 τῇ
1793 375 1900 430 τῶν
1931 379 1976 434 Α
2008 375 2186 429 niauis
2218 375 2266 427 in
2298 371 2516 428 lectoris
2541 369 2907 433 commodum,
2933 368 3022 438 qui
3050 367 3146 422 has
3173 381 3294 421 cum
3319 365 3422 420 illis
3449 381 3582 420 con-

304 482 570 554 οὐρανῶν
625 475 897 536 καθεσθεὶς
958 472 1206 543 βασιλείᾳ
1259 475 1317 524 ὲν
1375 470 1519 542 δεξιᾷ
1558 469 1654 523 τοῦ
1685 468 1898 539 Πατρός

311 574 548 644 (Cusm.
590 568 862 638 iﬁgyptius
902 565 1000 618 τοῦ
1029 563 1233 632 Θεοῦ).
1264 565 1457 618 Iisdem
1508 563 1690 617 verbis
1713 563 1893 616 locum

323 667 485 721 hunc
501 663 712 717 Philonis
738 659 913 714 refert
943 657 1177 714 Cosmas
1201 656 1504 728 Egyptius.
1530 657 1588 711 ln
1614 671 1679 711 eo
1703 656 1894 719 variat,

337 757 480 825 quod
505 754 553 807 in
578 766 732 806 sacro
751 759 905 805 textu
937 749 1086 819 legit,
1105 749 1170 801 Τί
1198 747 1509 820 ὠραιώοης,
1529 747 1622 800 καὶ
1643 748 1693 800 τί
1717 746 1895 818 ἱδρύν-

345 845 578 917 01);;Cur
602 847 871 911 speciosus
892 841 1065 907 [actus
1087 858 1164 903 es,
1188 851 1238 895 et
1255 856 1350 893 cur
1364 839 1608 906 ﬁrmatus
1625 857 1674 894 es
1691 842 1716 894 ?
1736 853 1896 908 quam

343 938 598 992 lectionem
646 950 756 988 non
793 934 924 988 alibi
966 933 1225 1002 reperias.
1270 931 1631 998 Quamobrem
1667 930 1799 984 nihil
1833 945 1898 985 ex

331 1027 598 1084 collatione
637 1027 836 1080 horum
881 1025 1120 1080 locorum
1152 1039 1216 1079 ex
1251 1023 1553 1093 Epiphanio
1591 1032 1646 1078 et
1677 1022 1900 1077 Philone

329 1121 609 1190 colligitur,
641 1132 753 1188 quo
791 1118 971 1188 possis
1013 1125 1258 1172 statuere
1304 1115 1586 1170 Philonem
1625 1129 1900 1169 commen-

333 1212 514 1264 tarium
551 1209 784 1278 quidem
819 1208 1186 1277 composuisse
1214 1208 1285 1262 ab
1319 1206 1692 1278 Epiphaniano
1717 1206 1900 1260 diver-

312 1317 462 1367 sum;
508 1301 656 1355 unde
700 1311 886 1355 tamen
937 1299 1104 1353 multa
1152 1299 1502 1370 decerpserit,
1547 1308 1601 1355 et
1644 1300 1698 1354 in
1731 1298 1900 1369 epito-

307 1407 423 1447 men
454 1394 689 1446 redacta
735 1392 789 1444 in
823 1406 982 1445 suum
1010 1389 1318 1445 inseruerit.

375 1528 590 1584 Sextus
621 1527 773 1581 locus
800 1542 865 1580 ex
898 1525 1195 1595 Epiphanio
1219 1541 1341 1595 pag.
1375 1524 1464 1589 28,
1491 1525 1713 1596 ejusque
1739 1524 1900 1578 colla-

309 1622 380 1676 tio
404 1637 542 1676 cum
568 1619 798 1674 Philone
824 1618 960 1672 nihil
986 1618 1093 1673 tale
1130 1617 1312 1672 itidem
1344 1620 1553 1686 probat.
1592 1618 1726 1671 Nam
1754 1618 1796 1672 si
1835 1618 1900 1672 ad

301 1715 419 1782 ejus
477 1713 626 1765 latus
669 1708 912 1764 ascribas
950 1724 1058 1763 non
1103 1709 1264 1762 verba
1301 1708 1581 1778 desumpta
1615 1723 1677 1761 ex
1714 1717 1902 1763 catena
1937 1732 1980 1787 Β

300 1804 560 1867 hleursii,
599 1812 661 1856 ut
715 1800 841 1855 fecit
889 1800 972 1853 vir
1030 1798 1455 1863 eruditissimus,
1503 1799 1596 1853 sed
1638 1799 1906 1870 integrum

310 1895 564 1950 Philonis
597 1893 775 1947 locum
810 1906 971 1961 quem
1016 1890 1185 1945 habes
1208 1905 1354 1943 num.
1383 1889 1474 1953 26,
1507 1889 1690 1943 (ἓνκαὶ
1720 1899 1767 1942 et
1804 1886 1909 1941 La—

307 1989 420 2040 tina
463 1987 524 2040 in
576 1985 834 2040 omnibus
889 1983 1162 2052 repereris
1199 1980 1533 2034 consentire.
1573 1977 1744 2032 Verba
1781 1976 1909 2031 Phi-

305 2081 456 2136 lonis
501 2076 878 2140 ευιιιεεὺθὶδς
929 2075 1340 2146 ὑπομιμνήσκει
1392 2073 1453 2125 τὸ
1507 2068 1643 2142 αἷμα
1699 2071 1792 2124 καὶ
1851 2070 1911 2122 τὸ

304 2172 460 2240 ὕδωρ
492 2171 556 2223 τὸ
589 2171 789 2234 στάξαν
822 2171 882 2221 ὲν
922 2167 1001 2239 τῷ
1027 2167 1189 2222 πάθει
1220 2170 1283 2220 ὲκ
1309 2165 1550 2236 πλευρᾶς
1576 2163 1671 2216 τοῦ
1713 2163 1907 2234 Ἰησοῦ’

312 2283 331 2315 s
362 2264 710 2334 Ἀποδεσμδς
736 2263 838 2333 τῆς
863 2263 1101 2332 στάκτης
1117 2259 1391 2328 ἁδελφιδός
1414 2276 1513 2330 μου
1545 2257 1665 2328 ἐμοί
1683 2275 1695 2287 ·
1723 2277 1740 2310 ι
1775 2257 1912 2326 ὅπερ

317 2355 506 2407 ὶςτὶνο
550 2355 648 2406 Ἐκ
693 2353 784 2406 τοῦ
835 2352 1128 2417 στάξαντος
1173 2350 1381 2416 ὓδατος,
1413 2350 1506 2403 καὶ
1539 2350 1789 2419 αἵματος,
1819 2348 1915 2400 καὶ

329 2446 648 2514 πνεὺματος
681 2445 773 2497 τοῦ
821 2446 883 2497 ὲκ
909 2444 1154 2515 πλευρᾶς
1189 2441 1375 2506 αὑτοῦ,
1413 2441 1575 2503 αὐτὸς
1607 2440 1793 2509 γέγονέ
1824 2438 1912 2510 ac:

330 2537 597 2606 νυμφίος.
633 2535 782 2603 κάγὼ
803 2535 948 2590 αὑτοῦ
978 2535 1165 2605 νύμφη
1183 2551 1195 2563 °
1231 2534 1420 2604 αἵματι
1451 2533 1548 2603 μὲν
1573 2533 1651 2602 τῷ
1671 2535 1734 2584 ὲκ
1759 2532 1915 2585 πλευ-

294 2615 437 2700 ’ρᾶς
469 2627 636 2680 αὑτοῦ
661 2627 1028 2698 ἀγοραζομένη
1057 2625 1204 2695 αὑτῷ
1233 2627 1327 2680 καὶ
1361 2626 1758 2697 συναπτομένη.
1789 2626 1910 2681 ὓδα-

319 2735 383 2771 et
418 2719 474 2772 δὲ
526 2717 604 2787 τῷ
647 2719 750 2771 ἀπὸ
811 2717 1032 2790 σαρκῶν
1081 2717 1250 2774 αὐτοῦ
1305 2713 1679 2785 βαπτιζομὲνη
1737 2713 1910 2784 αὐτῷ,

314 2809 601 2880 πνεύματι
644 2810 700 2862 δὲ
754 2809 833 2880 τῷ
879 2810 988 2862 ἀπὸ
1019 2809 1272 2879 Θεότητος
1314 2807 1478 2865 αὐτοῦ
1511 2807 1914 2880 συγκρινομένη

315 2900 474 2970 αὒτῷ
522 2902 617 2954 καὶ
648 2901 1028 2971 τελειουμένη.
1072 2901 1201 2966 Quae
1241 2900 1421 2954 omnia
1475 2897 1668 2954 Latine
1704 2899 1912 2953 reddita

319 3009 617 3062 cognosces
662 2996 715 3047 itt
758 2994 1096 3062 Epiphanio:
1131 2992 1233 3047 Per
1289 3003 1491 3062 guttam
1547 2993 1723 3060 itaque
1774 3008 1914 3046 com-

322 3098 576 3139 memorat
609 3098 655 3139 et
703 3087 1015 3155 sanguinem
1047 3097 1092 3140 et
1128 3102 1340 3155 aquam,
1378 3101 1494 3156 qua:
1536 3086 1802 3154 [luxerunt
1849 3087 1912 3138 de
1941 3070 1989 3130 C

321 3179 480 3231 latere
513 3177 662 3232 Iesu.
709 3197 728 3229 ι
753 3177 1081 3237 Fasciculus,
1105 3197 1124 3229 ι
1180 3179 1370 3248 inquit,
1407 3196 1424 3228 ι
1451 3187 1606 3246 gutta:
1638 3176 1910 3245 fratruelis

318 3287 465 3326 meus
502 3272 661 3331 milii;
683 3291 702 3322 ι
737 3287 798 3324 ac
817 3273 862 3324 si
882 3270 1112 3324 diceret:
1145 3269 1226 3323 Ea:
1249 3287 1382 3339 aqua
1415 3268 1492 3322 uel
1515 3270 1770 3339 sanguine
1791 3285 1910 3336 quis

326 3361 540 3415 stillavit
571 3379 633 3415 ex
671 3365 785 3431 ejus
821 3363 1004 3428 latere,
1048 3363 1154 3433 ipse
1182 3364 1312 3416 mihi
1348 3362 1520 3431 [actus
1551 3379 1771 3430 sponsus
1811 3373 1906 3423 est,

321 3466 366 3508 st
395 3471 490 3524 ego
512 3458 558 3509 ei
593 3473 824 3525 sponsa;
852 3458 1107 3526 sanguine
1131 3456 1340 3527 quidem
1371 3469 1436 3508 ea:
1460 3455 1572 3523 ejus
1602 3453 1766 3506 latere
1785 3471 1910 3521 pro-

325 3550 540 3615 ﬂuente,
565 3566 669 3617 quo
695 3551 744 3601 ei
775 3550 1046 3618 redempta
1070 3561 1119 3602 et
1153 3557 1424 3617 cowquata
1448 3562 1598 3610 sum;
1625 3562 1762 3615 aqua
1793 3562 1911 3599 vero

327 3645 502 3694 carnis
523 3641 659 3709 ejus,
688 3657 779 3703 per
803 3656 962 3709 quam
999 3640 1047 3693 ei
1087 3639 1354 3708 baptizata
1383 3655 1498 3692 sum
1536 3651 1689 3708 atque
1712 3639 1910 3706 clariﬁ-

328 3743 485 3796 cata;
521 3734 716 3801 spiritu
740 3747 878 3793 vero,
909 3747 1013 3801 quo
1049 3732 1316 3785 divinitati
1359 3729 1472 3798 ejus
1501 3730 1747 3799 copulata
1769 3747 1910 3796 sunt,

327 3833 379 3876 et
401 3832 765 3877 consummata
789 3823 1092 3893 dignoscor.

403 3932 648 4005 Denique
678 3932 848 3986 locum
885 3931 1168 4001 Epiphanii
1202 3948 1254 4002 p.
1285 3935 1378 4000 23,
1418 3935 1485 3990 ad
1519 3951 1582 3990 ea
1609 3935 1751 3990 sacri
1785 3946 1906 3990 tex-

339 4032 430 4076 tus
486 4026 647 4076 verba
679 4039 692 4072 :
721 4021 840 4075 Filii
898 4024 1085 4076 matris
1133 4040 1260 4078 mea:
1317 4038 1674 4098 pugnaverunt
1722 4037 1907 4082 contra

327 4131 430 4176 me.
454 4125 589 4178 etc.,
616 4123 668 4167 et
698 4129 1020 4185 v.seqttettt.,
1044 4115 1340 4170 Posuerunt
1386 4133 1466 4169 me
1486 4119 1772 4184 custodem,
1796 4129 1902 4175 etc.

325 4210 526 4279 (quem
564 4207 739 4262 locum
785 4209 910 4274 huc,
941 4218 998 4262 ut
1033 4207 1193 4278 paulo
1223 4207 1524 4278 longiorem
1582 4210 1729 4279 piget
1761 4221 1909 4264 tran-

328 4303 612 4371 scribere),
641 4301 893 4356 collatum
927 4317 1047 4358 cum
1079 4312 1270 4357 catena
1298 4301 1513 4356 .‘l‘leursii
1545 4318 1668 4374 pag.
1695 4302 1782 4370 16,
1815 4305 1906 4366 de-

2007 465 2150 520 ferre
2183 464 2330 518 velit.

2080 559 2270 626 Epiph.
2315 557 2437 611 4:5.
2484 555 2607 611 iss.
2652 554 2773 609 m.
2821 553 2940 626 its.
2978 554 3109 626 iss.
3143 551 3270 626 _t_s7.
3307 549 3437 626 res.

2075 619 2235 684 Philo
2303 629 2429 682 118.
2479 627 2595 681 145.
2637 626 2760 680 151.
2803 623 2927 678 152.
2970 623 3093 676 160.
3136 622 3259 676 161.
3301 619 3421 674 170.

2075 787 2260 853 Epiph.
2308 785 2429 840 165.
2474 785 2596 839 166.
2640 744 2925 839 173.779.
2969 785 3090 839 ist.

2076 858 2230 912 Philo
2301 857 2422 911 171.
2468 855 2585 911 172.
2631 854 2750 908 182.
2800 854 2916 909 188.

2082 1017 2274 1086 Epiph.
2317 1018 2439 1073 iss.
2482 1018 2606 1074 206.
2647 977 2942 1073 att—ms.
2982 1015 3107 1070 225.
3148 1016 3274 1070 22s.
3313 1015 3438 1070 229.

2079 1085 2237 1143 Philo
2319 1090 2440 1144 196.
2481 1091 2606 1145 216.
2646 1089 2773 1144 224.
2817 1087 2941 1141 228.
2982 1086 3110 1141 255.
3148 1086 3276 1140 237.
3310 1085 3436 1142 258.

2082 1245 2273 1315 Epiph.
2316 1247 2444 1301 230.
2485 1248 2611 1302 257.
2652 1249 2776 1303 258.
2816 1250 2944 1306 259.
2983 1251 3110 1305 240.

2076 1317 2233 1371 Philo
2321 1316 2445 1373 259.
2488 1318 2613 1373 246.
2655 1320 2780 1375 247.
2819 1321 2944 1375 248.
2985 1322 3110 1378 249.

2005 1473 2226 1530 Caetera:
2293 1491 2479 1533 omnes
2534 1480 2669 1534 nihil
2711 1482 2852 1537 inter
2883 1497 2940 1538 se
2969 1481 3281 1554 discrepant
3320 1485 3590 1540 sententia

2004 1576 2059 1622 et
2116 1570 2316 1633 verbis,
2372 1573 2656 1641 perpaucis
2716 1575 2955 1644 exceptis
3001 1591 3274 1644 :quarum
3340 1575 3588 1646 quaedam

2009 1663 2346 1717 concordant
2373 1680 2478 1719 non
2504 1664 2710 1731 verbis,
2735 1666 2829 1721 sed
2863 1667 3160 1732 sententia;
3187 1667 3433 1737 quaedam
3463 1682 3590 1736 par-

2015 1755 2108 1808 tim
2147 1756 2438 1820 sententia,
2466 1759 2660 1826 partim
2689 1759 2902 1826 verbis;
2939 1767 2993 1813 et
3023 1759 3074 1812 in
3105 1758 3171 1814 iis
3195 1759 3331 1829 apud
3362 1759 3594 1830 Epipha-

2019 1846 2167 1901 nium
2214 1848 2415 1918 aliquid
2469 1849 2553 1906 vel
2619 1851 2945 1919 detractum,
2984 1851 3066 1906 vel
3107 1851 3308 1921 aliquid
3351 1852 3590 1907 additqu

2013 1954 2134 1995 esse
2159 1939 2599 2011 deprehenditur.
2629 1942 2992 2010 Quamobrem
3015 1943 3418 2014 Epiphanianus
3440 1959 3593 2000 com-

2016 2030 2316 2083 tuentarius
2342 2028 2463 2098 jure
2501 2032 2714 2086 censeri
2749 2040 2928 2102 potest
2968 2032 3272 2087 Philoniani
3337 2033 3595 2102 interpre.

2017 2120 2170 2185 latio,
2202 2135 2286 2184 ac,
2317 2130 2373 2175 ut
2412 2122 2490 2176 ait
2535 2121 2794 2192 chuien,
2841 2123 2958 2180 loco
2996 2139 3144 2192 supr.
3179 2125 3364 2190 citat.,
3394 2124 3590 2180 Latina

2017 2211 2322 2278 translatio,
2347 2231 2377 2266 a
2402 2211 2586 2268 Cra'co
2615 2216 2792 2270 codice
2816 2216 3097 2270 admodum
3124 2217 3449 2288 discrepans.

2087 2303 2141 2358 ln
2173 2319 2237 2358 ea
2279 2315 2454 2360 autem
2501 2307 2826 2376 qumstione,
2876 2320 3054 2363 utrum
3107 2309 3260 2364 Philo
3303 2310 3596 2382 Carpasius

2017 2399 2328 2468 episcOpus,
2357 2416 2421 2452 an
2447 2399 2604 2455 Philo
2627 2399 2954 2470 Carpathius
2979 2403 3430 2458 commentarium
3459 2404 3594 2458 scri-

2017 2489 2186 2558 pserit
2209 2491 2262 2542 in
2297 2489 2568 2543 Canticum
2597 2493 2944 2557 canticorum,
2974 2491 3205 2548 tldenter
3230 2509 3362 2549 sane
3393 2495 3587 2550 doctus

2024 2579 2108 2632 vir
2144 2581 2457 2649 pronuntiat
2501 2581 2602 2650 (a),
2641 2591 2700 2634 ut
2733 2581 2841 2635 dixi
2893 2598 3076 2654 supra,
3128 2599 3326 2640 vanum
3375 2587 3596 2642 omnino

2015 2687 2136 2726 esse
2183 2683 2572 2738 commentum,
2612 2670 2893 2728 Philonem
2935 2675 3146 2730 scilicet
3189 2674 3344 2744 cujus
3388 2679 3592 2734 mentio

2015 2773 2100 2816 est
2123 2763 2263 2831 apud
2293 2761 2759 2832 Polybiutn,illius
2795 2766 3177 2820 commentarii
3207 2766 3381 2824 fuisse
3405 2781 3596 2825 aucto-

2017 2869 2152 2908 rem.
2195 2853 2254 2908 ΕΙ
2303 2854 2544 2922 profecto
2575 2865 2818 2910 veterum
2854 2855 3180 2912 auctoritate
3211 2856 3308 2912 niti
3335 2872 3492 2927 posse
3525 2859 3596 2912 vi-

2019 2944 2205 3009 detur;
2239 2962 2382 3009 cum,
2416 2946 2508 3015 qui
2536 2946 2855 3017 Carpasium
2887 2947 3080 3002 doceat
3121 2947 3279 3003 talem
3313 2950 3596 3020 scripsisse

2019 3039 2491 3102 commentarium,
2546 3038 2792 3094 invenias
2841 3055 2906 3094 ex
2967 3039 3239 3097 veteribus
3299 3043 3596 3097 neminem.

2020 3127 2221 3182 Contra
2261 3129 2491 3184 Cosmus
2538 3130 2798 3202 Egyptius
2848 3129 3000 3184 illum
3051 3131 3198 3188 clare
3245 3131 3596 3203 Carpathium

2021 3221 2301 3287 nominat;
2331 3230 2385 3276 et
2423 3221 2642 3290 Suidas,
2676 3233 2734 3278 ut
2778 3223 2982 3280 dictum
3014 3233 3117 3285 est.
3156 3225 3359 3282 diserte
3403 3226 3596 3295 inquit,

2017 3311 2193 3366 Φίλων
2227 3313 2546 3384 Καρπάθιος
2588 3315 2825 3388 ἔγραψεν
2873 3316 3175 3388 ὑπόμνημα
3207 3318 3294 3383 εἰς
3311 3317 3374 3370 τὸ
3395 3313 3596 3388 τᾼσνμα

2017 3401 2138 3458 τῶν
2161 3403 2463 3474 ᾀσμάτων.
2497 3405 2561 3459 Ει
2598 3415 2774 3460 tamen
2815 3406 2947 3461 nihil
2991 3422 3053 3461 ea
3091 3408 3296 3464 ratione
3341 3410 3597 3463 commoti

2018 3496 2120 3551 viri
2149 3497 2313 3564 docti,
2345 3514 2560 3569 magna,
2595 3499 2734 3567 quod
2764 3497 2981 3554 Grzecos
3009 3499 3223 3555 codices
3252 3501 3485 3556 lortasse
3518 3502 3592 3556 in-

2017 3591 2316 3660 spexerint,
2335 3589 2526 3646 fiducia
2553 3590 2870 3663 Carpasium
2903 3592 3020 3664 ejus
3049 3595 3427 3650 commentarii
3455 3597 3598 3650 scri-

2023 3693 2231 3752 ptorem
2288 3682 2459 3738 fuisse
2517 3685 2959 3752 pronuntiarunt,
3012 3685 3289 3748 Garetius,
3329 3685 3592 3756 Lequien,

2017 3769 2324 3826 Holsteuius
2341 3787 2355 3836 ;
2374 3787 2437 3826 ex
2453 3772 2646 3842 quibus
2662 3772 2966 3828 l-lolstenius
2983 3775 3179 3830 diserte
3195 3773 3426 3829 aﬂirmat
3440 3777 3596 3842 vulgo

2017 3865 2154 3919 male
2177 3865 2432 3934 appellari
2449 3865 2818 3933 Carpathium.
2839 3867 3065 3920 Allatius
3079 3877 3255 3920 autem
3282 3866 3420 3920 hanc
3447 3865 3595 3920 vide-

2019 3964 2102 4008 tur
2131 3956 2380 4009 dirimere
2395 3958 2838 4010 controversiam.
2861 3956 2953 4010 llle
2971 3959 3112 4012 enim
3128 3960 3178 4011 itt
3201 3959 3364 4014 citata
3384 3959 3446 4012 de
3468 3956 3594 4012 Phi-

2016 4047 2221 4100 lonibus
2273 4047 2520 4111 diatriba,
2552 4047 2715 4103 allan
2744 4049 2980 4118 epistolae
3011 4051 3288 4120 Epiphauii
3324 4053 3390 4105 ad
3431 4050 3594 4106 Joan-

2017 4154 2137 4193 nem
2163 4138 2705 4211 llierosolymitanum
2734 4142 2853 4196 loco
2887 4158 3045 4212 quem
3105 4143 3354 4212 superius
3407 4143 3595 4196 attuli-

2017 4231 2259 4296 mus,ubi
2278 4232 2599 4287 sanctusille
2621 4235 2806 4288 doctor
2838 4234 3164 4288 mentionem
3192 4233 3320 4286 facit
3355 4232 3596 4286 Philonis

2015 4323 2269 4392 episcopi,
2294 4323 2470 4378 subdit
2490 4324 2749 4388 :Adverte,
2776 4325 2956 4389 lector,
2983 4322 3254 4376 Philonem
3279 4321 3416 4375 hunc
3436 4323 3596 4390 fuisse

325 4405 602 4486 funali"?
633 4393 849 4486 (illide
885 4387 1285 4464 ἀυΡέειιθηάθε»
1313 4392 1409 4447 sed
1437 4395 1577 4462 apud
1625 4394 1906 4450 Ρίιίίοιιθω
1944 4432 1989 4486 ι)
2016 4387 2311 4483 episcopum
2336 4416 2560 4485 regionis
2595 4432 2712 4484 qua:
2743 4387 2991 4484 proxima
3027 4426 3137 4467 erat
3165 4387 3445 4484 parve/tite
3470 4413 3596 4480 Epi-

325 4501 477 4538 num.
518 4485 611 4543 15.
646 4483 830 4539 ϐτωοδ
881 4487 1025 4540 omni
1061 4501 1125 4540 ex
1179 4497 1333 4556 parte
1379 4487 1588 4542 Latinis
1633 4489 1749 4543 sine
1803 4489 1911 4544 ulla

325 4575 699 4631 diminutione
734 4577 1113 4645 respondentia
1145 4579 1329 4633 omnia
1360 4579 1626 4649 reperies.

403 4691 483 4748 Ex
511 4691 693 4747 altatis
723 4691 890 4760 igitur
927 4691 1060 4747 locis
1102 4695 1532 4750 commentarius
1559 4695 1654 4764 qui
1681 4694 1917 4767 Epipha-

343 4779 437 4831 nio
462 4782 727 4845 tribuitur,
768 4799 910 4838 unus
942 4784 1191 4854 idemque
1230 4786 1448 4840 videtur
1471 4801 1593 4841 esse
1618 4801 1741 4842 cum
1761 4804 1913 4841 com-

341 4872 615 4924 mentario
660 4873 920 4930 Philonis.
958 4874 1012 4929 ιιι
1044 4886 1224 4930 autem
1255 4891 1322 4932 eo
1356 4879 1572 4933 videtur
1597 4879 1908 4935 conﬁrmari

334 4975 506 5031 posse
540 4963 778 5030 validius,
811 4968 952 5036 quod
993 4983 1058 5023 ex
1085 4968 1336 5023 ducentis
1369 4971 1909 5042 undequinquaginta

331 5051 808 5120 cxplanationihus
856 5058 910 5112 in
966 5059 1342 5128 Epiphaniano
1391 5065 1785 5118 commentario
1828 5067 1912 5118 vi-

326 5143 467 5214 εἰηιὶ
505 5154 748 5215 quatuor
789 5153 1160 5207 tantummodo
1192 5167 1221 5205 a
1270 5151 1606 5209 Philouianis
1645 5158 1910 5211 sententia

330 5234 452 5302 ipsa
503 5236 836 5307 discrepant,
881 5255 1021 5309 quas
1069 5242 1121 5296 in
1165 5243 1410 5312 subjecta
1463 5243 1659 5299 tabella
1692 5247 1914 5300 exhibe-

329 5342 473 5384 mus.
515 5328 571 5381 In
601 5345 660 5382 ea
688 5329 923 5401 singulis
959 5333 1203 5389 numeris
1229 5335 1426 5404 quibus
1463 5336 1568 5391 illa:
1599 5339 1918 5407 explicatio-

330 5433 431 5474 nes
486 5427 742 5475 notantur
771 5423 826 5475 in
882 5423 1168 5494 Epiphanii
1229 5429 1642 5494 commentario,
1673 5429 1919 5501 singulos

329 5524 597 5564 numeros
622 5513 947 5582 subiicimus
974 5517 1216 5586 adiectos
1241 5517 1702 5593 explicationibus
1733 5520 1918 5580 Philo-

397 5692 486 5765 (ts)
525 5691 740 5752 Ρτιεῐιι.
773 5699 840 5756 ad
874 5711 1164 5760 comment.
1195 5702 1456 5776 Epiphan.
1485 5721 1606 5779 pag.
1643 5705 1734 5764 26.

2016 4505 2218 4574 pltanii,
2243 4507 2442 4576 scilicet
2469 4508 2522 4561 in
2548 4510 2729 4560 eadem
2753 4507 2930 4560 insula
2959 4505 3120 4574 Cypri
3149 4507 3202 4559 in
3241 4507 3451 4560 civitate
3471 4503 3596 4558 Car-

2016 4599 2154 4666 pasii
2187 4613 2323 4653 :nec
2385 4597 2558 4653 obstat
2602 4615 2886 4669 cognomen
2937 4597 3233 4668 Carpathii.
3275 4593 3420 4656 Licet
3458 4597 3595 4648 enim

2017 4687 2334 4758 Carpathius
2354 4709 2386 4745 a
2419 4690 2686 4760 Carpatho
2711 4707 2867 4762 prape
2892 4691 3080 4746 Citium
3119 4691 3347 4746 insulam
3373 4708 3406 4743 a
3426 4688 3598 4758 Cypro

2018 4794 2270 4848 distante,
2315 4787 2360 4839 si
2400 4783 2711 4855 geograpltis
2746 4785 3009 4840 credimus
3054 4786 3121 4853 (a
3169 4801 3275 4853 qua
3319 4793 3365 4837 et
3416 4792 3596 4839 natum

2017 4882 2264 4953 adagium
2299 4880 2344 4930 ‘6
2395 4877 2716 4950 Καρπάθιος
2764 4876 2854 4930 τὸν
2897 4875 3137 4946 λαγωόν,⁵
3153 4885 3200 4930 et
3235 4892 3379 4930 mare
3417 4877 3588 4944 ipsum

2019 4972 2360 5042 Carpat/tium
2425 4969 2893 5039 cognominatum)
2947 4968 3184 5022 videatur
3268 4966 3589 5031 deductum;

2017 5076 2062 5119 et
2087 5060 2390 5128 aCarpasio
2429 5058 2608 5130 Cypri,
2645 5057 2720 5113 vel
2768 5057 3088 5130 Καρπασίᾳ,
3141 5059 3218 5110 vel
3243 5057 3594 5130 Καρπασείᾳ,

2017 5156 2094 5211 vel
2116 5152 2428 5226 Kap6aalqt,
2460 5151 2836 5220 Carpaseotes,
2885 5151 2990 5203 sive
3047 5149 3206 5202 etiam
3260 5166 3375 5202 cum
3431 5149 3595 5204 Theo-

2020 5261 2208 5317 pompa
2234 5244 2564 5315 Carpasseus
2592 5243 2836 5296 dicatur:
2868 5250 3039 5294 tamen
3079 5242 3216 5294 scias
3255 5243 3354 5296 hoc
3398 5243 3595 5314 Carpa-

2023 5337 2158 5390 sium
2189 5353 2220 5389 a
2251 5333 2518 5388 nonnullis
2561 5343 2608 5386 et
2651 5331 2911 5402 pra'cipue
2965 5328 3245 5401 Xenagora
3279 5331 3594 5401 Carpat/tum

2027 5426 2369 5497 appellatum,
2396 5442 2428 5479 a
2453 5439 2556 5494 quo
2576 5424 2686 5478 sine
2718 5423 2876 5475 dubio
2923 5420 3240 5492 Carpat/tius
3270 5423 3352 5493 ﬁt.
3373 5425 3591 5494 Stepha-

2033 5536 2128 5576 nus
2156 5535 2173 5574 :
2201 5515 2502 5589 Καρπάσια
2533 5514 2687 5579 πόλις
2719 5513 2958 5586 Κύπρου,
2996 5514 3062 5587 ἢν
3092 5515 3422 5587 Πυγμαλῐων
3455 5517 3594 5570 Exn.
