4048 6212
429 304 503 355 χμ)
1522 274 1729 331 t’lllLO
1771 277 2171 339 CARPASIL'S
2213 275 2613 335 EPISCOI’CS.
3607 273 3683 332 2‘

420 409 534 453 seu,
568 386 642 454 ta,-
680 388 986 453 Ἑλλάνικος
1026 392 1086 444 ἐν
1118 390 1503 459 Κυπριακοῖς.
1527 390 1801 456 Διονύσιος
1829 392 1885 446 δὲ
1912 392 2000 446 διὰ
2030 447 2031 452 η

2132 413 2158 450 ιι
2197 395 2332 451 locis
2365 391 2760 450 contractiores
2787 388 3013 445 exhibet
3051 387 3484 456 explanationes,
3519 405 3684 460 quam

419 481 704 552 διφοόγγου
759 483 1118 554 Καρπάσειαν
1163 483 1334 554 αὐτήν
1358 501 1524 555 φησιν
1563 488 1620 539 ἐν
1647 486 1815 558 τρίτῳ
1850 489 1999 543 Βασ-

419 587 680 641 σαρικων
707 586 720 600 ·

428 662 542 716 Ἠδ’
577 665 791 725 ὀπόσοι
829 664 1136 734 Κινύρειον
1164 664 1239 717 ιδ’
1269 665 1549 732 αἰπεινὴν
1588 663 1997 733 Κραπάσειίιν.

421 755 577 809 Ἔστι
609 757 701 810 καὶ
736 758 899 827 νῆσος
930 758 1228 829 Καρπασία
1252 760 1390 811 κατὰ
1421 758 1519 829 τὴν
1542 760 1718 830 ἄκραν
1738 759 1835 831 τὴν
1862 761 2004 831 Σαρ-

420 850 703 921 πηδονίαν.
752 851 1062 922 Ξεναγόρας
1115 851 1169 903 δὲ
1222 849 1519 922 Κάρπαθον
1577 851 1746 921 αὐτὴν
1808 853 1998 906 καλά’

422 944 731 1014 Δημήτριος
784 944 840 996 δὲ
885 944 913 994 ὁ
966 943 1291 1013 Σαλαμίνιος
1336 943 1656 1013 Καρϐασίαν
1701 945 1886 1016 ergo-iv,
1921 946 2002 998 ὅτι

423 1031 559 1102 πρὸς
596 1032 687 1086 τὸν
716 1030 1042 1102 καλούμενον
1070 1032 1267 1101 ἄνερ-(ιν
1302 1031 1515 1087 κεῖσθαι
1539 1033 1702 1087 δοκεῖ.
1733 1034 2005 1089 Hactenus

424 1125 674 1191 Allatius,
710 1126 799 1196 qui
827 1140 1039 1181 versum
1070 1140 1137 1177 ex
1164 1123 1422 1195 Dionysio
1454 1125 1672 1182 allatum
1712 1142 1742 1181 a
1770 1125 2004 1195 Stepha-

425 1231 495 1272 no
534 1231 724 1270 sanum
750 1214 990 1280 exhibet,
1020 1222 1076 1267 ιιι
1106 1224 1191 1269 est
1219 1214 1271 1268 in
1305 1216 1636 1271 editiouihus
1662 1231 1781 1286 quas
1811 1217 2009 1272 Bethe-

427 1308 622 1362 lianam
662 1314 1080 1375 prmcesseruut,
1119 1306 1171 1360 in
1204 1320 1312 1376 qua
1345 1308 1460 1377 ipse
1490 1306 1769 1363 Berkclius
1802 1308 1854 1363 in
1889 1318 2007 1364 tex-

426 1409 537 1453 tum
559 1398 776 1452 admisit
807 1413 959 1451 suam
990 1398 1449 1461 emendationem,
1480 1416 1582 1469 qua
1608 1416 1824 1455 versum
1852 1401 2000 1455 illum

425 1488 758 1555 depravavit.
812 1488 987 1542 Edidit
1023 1488 1166 1542 enim

440 1580 551 1637 Ἡδ*
576 1581 792 1635 ὀπόσοι
820 1582 1133 1651 Κινύρειον
1173 1582 1266 1653 ἠδ’
1296 1583 1556 1653 ἀπεινὴν
1600 1587 2002 1654 Καρπάσειαν,

426 1682 481 1725 et
519 1674 597 1728 sic
638 1674 854 1729 tertium
894 1684 946 1730 et
982 1674 1229 1744 quintum
1265 1675 1575 1731 claudicare
1610 1675 1741 1731 facit
1789 1676 2008 1743 pedem.

428 1762 519 1817 illa
571 1772 752 1819 autem
803 1741 1103 1819 litterarum
1159 1763 1473 1819 melathesis
1525 1764 1577 1818 in
1616 1778 1747 1820 voce
1781 1741 2006 1835 Κραπά-
2044 1741 2083 1797 Β

431 1873 580 1910 σειαν
616 1856 803 1911 eadem
832 1866 933 1919 est,
964 1873 1123 1927 quam
1162 1855 1425 1911 llomerus
1468 1856 1715 1913 adhibuit
1751 1854 1911 1910 Iliad.
1946 1855 2009 1924 Β,

435 1964 574 2004 vers.
611 1949 713 2003 676
749 1965 762 2001 :

435 2043 500 2095 Ol
521 2042 573 2095 δ’
595 2041 708 2110 ἄρα
730 2041 997 2109 Νίσιψόν
1019 2042 1063 2094 τ’
1080 2036 1266 2110 εἶχεν,
1290 2039 1609 2108 Κράπαθόν
1626 2058 1688 2095 τε
1706 2043 1910 2096 Κασόν
1928 2059 2010 2096 τε.

436 2135 541 2189 Sed
577 2136 677 2191 hoc
729 2136 787 2190 ἐν
830 2135 1065 2207 παρόδῳ.

503 2225 769 2281 therum
825 2226 879 2280 in
944 2227 1029 2282 bis
1082 2226 1290 2282 duabus
1347 2228 2013 2297 quzestionibuszi'num

433 2320 853 2374 commentarius
900 2319 1127 2375 Latinus
1156 2335 1187 2374 e
1226 2319 1478 2375 Vaticana
1525 2320 1855 2377 biblimheca
1886 2336 2014 2392 pro-

436 2408 573 2463 latus
604 2422 729 2463 vere
771 2409 836 2464 sit
893 2404 1210 2480 Epiphanii;
1243 2410 1302 2463 2'
1329 2426 1456 2465 num
1503 2409 1659 2467 Philo
1693 2412 2020 2483 Carpathius

435 2516 595 2570 quem
644 2501 838 2557 Suit'as
891 2502 1056 2557 tradit
1107 2503 1393 2575 scripsisse
1421 2506 1475 2558 in
1510 2503 1730 2558 Cantica
1787 2505 2021 2558 cantico-

437 2610 577 2661 rum,
610 2594 754 2650 idem
803 2605 875 2650 διι
915 2576 1009 2666 qui
1046 2596 1338 2667 Carpasius
1376 2597 1531 2669 cujus
1582 2612 1776 2653 nomen
1824 2597 2018 2668 praele-

439 2696 566 2743 rttnt
618 2688 834 2744 codices
872 2687 1084 2756 Graeci;
1115 2704 1235 2759 quae
1270 2698 1396 2745 sunt
1434 2704 1465 2743 a
1497 2702 1582 2744 me
1614 2690 1875 2745 hactenus
1907 2691 2022 2746 dis-

440 2785 645 2850 putata,
695 2779 831 2833 satis
888 2794 1011 2834 csse
1062 2780 1356 2835 lectoribus
1404 2780 1665 2847 arbitror,
1705 2796 1810 2849 quo
1869 2796 2022 2837 suam

444 2870 585 2924 ferre
606 2871 933 2927 sententiam
967 2872 1196 2943 possint,
1223 2871 1305 2927 vel
1333 2872 1507 2927 adhuc
1541 2888 1644 2927 non
1668 2872 1875 2943 liquere
1897 2888 2024 2941 ιιι-ος

446 2962 714 3017 nundenL

515 3053 601 3110 ιιι.
641 3055 718 3133 De
758 3054 985 3110 Philone
1041 3053 1268 3125 ejusque
1325 3055 1721 3112 commentario
1767 3057 2024 3112 disserui.

447 3146 627 3215 Nunc,
661 3148 803 3220 quod
848 3147 1004 3203 initio
1034 3148 1314 3219 preposui,
1346 3149 1412 3205 de
1436 3148 1676 3220 ejusdem
1706 3150 2031 3221 interpreta-

452 3239 688 3297 tionibus
735 3239 1026 3294 dicendum
1086 3251 1187 3295 cst.
1256 3239 1540 3312 Epiphanii
1595 3240 1843 3299 Latinum
1883 3262 2034 3298 com-

451 3330 776 3384 mentarium
807 3329 859 3382 in
901 3327 1341 3385 adnotationibus
1369 3347 1505 3398 quas
1544 3332 1609 3387 ad
1641 3333 1883 3391 Philonis
1926 3348 2037 3392 tex-

452 3427 565 3473 tum
607 3416 811 3487 adjeci,
862 3424 1080 3473 veterem
1126 3419 1609 3488 interpretationem
1643 3440 1795 3491 voco,
1833 3436 1887 3481 et
1942 3428 2035 3495 qui

453 3523 572 3562 eam
604 3507 923 3577 composuit,
956 3507 1241 3565 brevitatis
1269 3515 1644 3571 tantummodo
1669 3518 1865 3587 gratia,
1893 3528 2035 3574 vete-

455 3616 565 3655 rem
604 3600 941 3671 interpretem
975 3602 1206 3673 appello.
1247 3603 1324 3661 De
1368 3621 1473 3677 quo
1500 3607 1816 3679 interprete,
1851 3610 1895 3665 si
1924 3611 2040 3680 qui-

457 3693 577 3749 dem
622 3693 693 3748 sit
720 3692 1054 3764 Epiphanius
1086 3694 1458 3755 Scholasticus
1488 3714 1647 3771 quem
1681 3700 2039 3759 Cassiodorus

457 3785 581 3841 loco
606 3800 771 3855 supra
814 3786 982 3842 citato
1013 3797 1426 3854 commemorat,
1461 3788 1589 3844 illud
1627 3790 1757 3844 mihi
1800 3790 1853 3844 in
1889 3805 2040 3847 men-

462 3890 568 3933 tem
600 3879 766 3945 venit,
799 3878 945 3950 quod
975 3881 1041 3936 de
1084 3879 1175 3936 illo
1197 3878 1465 3952 judicavit
1503 3879 1732 3936 [laetius
1755 3880 1831 3935 De
1861 3881 2042 3936 inter—

460 3973 751 4042 pretatione
784 3971 921 4027 libro
954 3972 1226 4028 secundo:
1259 3970 1606 4041 Epiphanius,
1642 3971 1836 4042 inquit,
1871 3971 2041 4029 Scho-

462 4066 680 4119 lasticus
705 4063 1004 4129 Socratem,
1040 4063 1390 4118 Sosomenum
1430 4076 1476 4119 et
1520 4061 1902 4120 Theodoretum
1938 4062 2045 4119 La-

463 4156 571 4213 tine
626 4170 906 4224 exponens,
938 4170 1124 4208 nomen
1162 4170 1314 4208 suum
1366 4155 1505 4209 inter
1551 4155 1733 4209 doctos
1782 4157 2041 4210 traduxit.

466 4248 652 4304 Graeca
690 4247 947 4315 siquidem
971 4246 1055 4300 vix
1081 4255 1347 4299 assecutus
1369 4256 1481 4310 est;
1514 4257 1558 4299 et
1588 4247 1634 4298 si
1664 4262 1782 4315 qua:
1806 4248 1942 4315 forte
1965 4247 2048 4298 in»

466 4342 687 4403 tellexit,
719 4358 778 4395 ea
804 4357 867 4394 ne
885 4358 915 4394 a
933 4339 1156 4410 posteris
1200 4337 1636 4407 intelligerentur,
1656 4342 1901 4404 obscura,
1926 4340 2048 4393 baro

2105 505 2227 562 qua:
2275 497 2400 543 sunt
2455 487 2507 541 in
2548 484 2737 541 Graeco
2784 481 3029 541 Philonis
3086 481 3510 548 commentario;
3546 496 3689 552 saepe

2106 581 2257 637 addit
2292 595 2415 650 qua:
2475 577 2796 634 sententiam
2849 575 3040 648 ipsam.
3071 572 3316 629 Philonis
3365 573 3448 628 vel
3495 573 3692 628 obtun-

2105 675 2272 738 dunt,
2319 672 2402 728 vel
2457 678 2748 734 evertunt,
2791 667 2873 723 vel
2929 681 3117 722 errore
3170 665 3355 735 aliquo
3416 665 3688 720 inliciunt.

2106 765 2368 835 Exemplo
2400 765 2509 819 sint
2542 762 2630 817 illa
2663 777 2785 832 pag.
2816 761 2905 826 Η,
2936 758 3034 817 lin.
3066 759 3151 821 ΓΙ,
3200 755 3320 811 Non
3362 759 3502 812 enim
3541 756 3695 812 solvit

2105 858 2239 916 velut
2275 858 2515 921 ebrietas,
2545 865 2599 907 ut
2639 854 2945 908 obscuratur
2966 852 3081 921 quis
3119 856 3357 914 corruat,
3379 858 3486 904 etc.
3515 847 3699 903 [seeos

2107 962 2189 1008 est
2237 952 2290 1006 iu
2325 950 2517 1004 Crteco
2564 945 2812 999 Philonis
2863 942 3255 998 commentario
3296 957 3443 996 num.
3472 940 3537 995 ιι
3571 962 3583 995 :
3616 938 3698 993 Οὐ

2106 1044 2217 1115 γὰρ
2262 1042 2379 1096 λύει
2421 1057 2488 1111 με
2526 1038 2716 1109 ὥσπερ
2748 1039 2781 1108 ἠ
2826 1034 2961 1107 μέθη
3003 1032 3162 1088 τοῦτο
3201 1031 3388 1102 πόμα,
3428 1048 3482 1085 κ.
3521 1048 3575 1085 τ.
3618 1030 3698 1096 λ.,

2109 1153 2337 1208 quorum
2384 1132 2712 1189 sententiam
2750 1127 2959 1184 dolebis
3012 1127 3081 1180 ab
3132 1126 3428 1191 interprete
3465 1136 3701 1176 enerva-

2112 1234 2222 1281 tam
2277 1239 2402 1293 pag.
2448 1221 2532 1285 Π,
2586 1221 2650 1274 ad
2704 1218 2792 1272 illa
2849 1214 3013 1271 verba
3053 1233 3065 1268 :
3107 1212 3233 1267 Ideo
3296 1210 3704 1265 adolescentulte

2110 1319 2410 1373 dilexerunt
2475 1323 2560 1378 te,
2620 1306 3024 1379 explanationis
3074 1304 3408 1358 Philoniana:
3473 1316 3700 1356 sensum

2114 1425 2262 1463 num.
2288 1407 2321 1461 4
2345 1449 2360 1474 ,
2411 1420 2517 1460 non
2563 1413 2649 1458 est
2684 1410 2988 1456 assecutus.
3043 1397 3133 1452 Sic
3168 1411 3291 1466 pag.
3318 1394 3417 1460 22,
3461 1393 3557 1448 lin.
3589 1392 3698 1446 i3:

2117 1499 2237 1552 Non
2278 1498 2414 1550 enim
2452 1502 2570 1548 erat
2618 1489 2862 1547 sensibile
2898 1486 3036 1558 quod
3085 1486 3311 1552 dicebat,
3359 1485 3449 1539 sed
3494 1485 3558 1538 de
3596 1484 3701 1537 isto

2113 1602 2224 1649 erat
2257 1590 2388 1652 sole,
2411 1598 2539 1649 etc.,
2563 1600 2683 1656 qme
2706 1582 2921 1653 quidem
2958 1581 3099 1636 inter
3125 1595 3185 1635 se
3216 1586 3477 1648 pugnant.
3502 1574 3711 1630 Confer

2115 1700 2235 1740 cmn
2278 1683 2363 1737 his
2392 1679 2579 1735 Graeca
2618 1674 2859 1731 Philonis
2895 1689 3043 1728 num.
3092 1670 3184 1737 l2,
3224 1679 3282 1725 et
3314 1684 3437 1741 pag.
3467 1667 3560 1731 25,
3611 1665 3710 1719 lin.

2121 1778 2209 1842 15,
2254 1774 2354 1831 Ubi
2400 1776 2535 1828 enim
2588 1770 2793 1841 paritas
2839 1776 2950 1832 est,
2998 1764 3109 1818 illic
3162 1761 3445 1831 increpatio
3500 1771 3712 1829 quoque

2120 1871 2492 1942 subsequitur;
2551 1879 2661 1936 quo
2715 1861 2844 1931 quid
2916 1854 3253 1913 absurdius?
3303 1853 3508 1924 purilas
3560 1849 3714 1906 enim

2124 1966 2251 2023 nulli
2290 1957 2651 2030 inerepationi
2692 1962 2867 2025 potest
2911 1965 3033 2006 esse
3081 1946 3336 2002 obnoxia.
3365 1943 3501 1999 Vide
3543 1943 3715 1996 etiam

2125 2051 2359 2112 hominis
2412 2047 2706 2108 inscitiam,
2754 2042 2846 2111 qui
2905 2054 3030 2110 pag.
3071 2038 3161 2100 89,
3211 2045 3431 2089 vertens
3488 2032 3713 2094 Graeca,

2124 2164 2243 2221 quat
2277 2153 2404 2201 sunt
2438 2139 2577 2210 apud
2610 2137 2890 2191 Philonem
2930 2146 3079 2186 num.
3109 2128 3214 2183 *ὶῡό
3244 2148 3255 2183 :
3287 2123 3717 2221 Auzea-dedatur

2072 2298 2085 2313 ,
2125 2215 2184 2297 έν
2218 2233 2634 2309 παραδρομαῖς,
2677 2229 2779 2283 οὐκ
2814 2223 3063 2311 ἀνάγκης
3106 2221 3355 2313 δεσμοῖς,
3403 2215 3719 2313 lilii-exeo-

2128 2330 2242 2385 eloo
2302 2304 2720 2398 ξριλέινθρωπὶας
2771 2307 3137 2389 χρηστότητι,
3190 2308 3437 2364 scribit:
3491 2304 3717 2360 Vinctus

2127 2433 2200 2479 est
2230 2397 2406 2475 autem
2440 2416 2547 2479 ipse
2593 2428 2695 2465 non
2730 2422 2934 2477 sponsa:
2964 2418 3076 2457 suae
3124 2400 3448 2463 necessitate,
3495 2397 3597 2452 sed
3637 2413 3731 2451 vo-

2131 2521 2334 2568 luntate
2383 2502 2688 2561 clementiw.
2722 2498 2883 2566 Atqui
2934 2491 3192 2548 Ecclesia:
3239 2504 3449 2561 sponsa:
3494 2489 3547 2544 id
3605 2505 3725 2545 ma-

2133 2602 2279 2658 xime
2307 2612 2443 2669 opus
2492 2593 2613 2659 luit,
2649 2599 2709 2643 ut
2741 2586 2994 2643 Christus
3028 2591 3328 2651 pateretur.
3365 2579 3433 2633 Et
3466 2593 3589 2650 [338-
3626 2577 3719 2643 ‘9’

2134 2698 2317 2754 itidem
2358 2690 2507 2747 addit
2554 2702 2675 2758 quae.
2717 2685 2915 2739 absunt
2957 2696 2986 2733 a
3026 2679 3213 2733 Graeco
3261 2686 3408 2731 textu
3435 2716 3451 2741 ,
3491 2685 3546 2729 et
3593 2685 3724 2744 apta

2134 2797 2264 2844 sunt
2291 2781 2620 2841 insinuando
2649 2774 2849 2839 errori,
2884 2771 3181 2828 Ecclesiam
3212 2768 3416 2825 scilicet
3450 2776 3719 2821 constare

2134 2879 2265 2936 solis
2296 2874 2506 2932 electis.
2549 2869 2739 2927 Graeca
2787 2866 2930 2922 enim
2980 2873 3107 2920 sunt
3158 2877 3304 2916 num.
3333 2859 3447 2915 88:
3489 2856 3720 2929 Ἐπειδὴ

2134 2969 2244 3043 γὰρ
2295 2964 2426 3039 περὶ
2478 2964 2580 3034 τῆς
2628 2957 2869 3031 πληθύος
2920 2950 3042 3009 εἷπε
3083 2954 3183 3024 τῆς
3217 2949 3574 3021 Ἐκκλησίας,
3625 2950 3725 3043 τῆς

2139 3042 2291 3124 ἐντὸς
2321 3056 2488 3129 οὔσης
2512 3052 2607 3108 τοῦ
2636 3050 2997 3117 Μονογενοῦς,
3031 3048 3186 3118 φησι,
3219 3063 3273 3100 κ.
3300 3063 3350 3102 τ.
3376 3044 3454 3109 λ.,
3479 3058 3600 3113 qua:
3643 3042 3727 3098 sic

2135 3154 2331 3210 Latine
2364 3149 2575 3205 reddita
2602 3155 2728 3202 sunt
2760 3163 2772 3198 :
2802 3142 2941 3208 Quia
2972 3141 3110 3194 enim
3138 3140 3201 3192 de
3224 3136 3561 3191 multitudine
3586 3135 3725 3188 dixit

2138 3244 2392 3300 Ecclesia
2459 3255 2575 3311 qua:
2633 3245 2835 3290 constat
2874 3236 2929 3287 in
2974 3233 3087 3285 suis
3151 3228 3348 3293 electis,
3403 3228 3528 3282 istos
3582 3226 3727 3279 intra

2140 3329 2477 3404 Uuigenitum
2504 3343 2614 3382 esse
2636 3326 2955 3378 demonstrat
3005 3318 3330 3381 dicens,elc.
3369 3313 3566 3368 Eurum
3597 3325 3727 3364 veru

2139 3398 2267 3496 qua;
2281 3421 2421 3491 apud
2457 3417 2737 3487 Philonem
2769 3412 3023 3478 leguntur
3054 3424 3202 3461 num.
3228 3404 3297 3496 iii
3325 3422 3338 3458 :
3370 3401 3591 3472 Ἐπειδὴ
3617 3398 3729 3496 γμὰρ

2139 3490 2196 3570 di
2227 3490 2374 3569 δολιοὶ
2421 3509 2531 3563 τῶν
2565 3502 2946 3577 φατνωμάτων
2978 3498 3115 3553 εἰσὶν
3149 3495 3439 3564 ὲσώτεραι,
3473 3510 3527 3545 κ.
3555 3508 3609 3543 τ.
3647 3490 3726 3553 λ..

2141 3608 2320 3665 versio
2349 3603 2508 3671 plane
2534 3598 2760 3662 insulsa,
2789 3604 2843 3649 et
2873 3593 3018 3649 omni
3052 3605 3214 3645 sensu
3242 3600 3437 3642 carens
3468 3598 3591 3655 pag.
3615 3581 3684 3635 50
3710 3598 3725 3634 :

2143 3698 2411 3767 Quoniam
2457 3693 2620 3764 igitur
2661 3691 2803 3759 tigna
2860 3684 3097 3738 trabibus
3141 3687 3526 3746 componuntur
3571 3682 3728 3740 atque

2143 3765 2400 3853 celantur,
2443 3782 2781 3855 pulchritudo
2828 3796 2945 3833 vero
2994 3777 3179 3828 domus
3237 3770 3470 3823 trabibus
3524 3765 3730 3819 indica-

2144 3895 2246 3946 tur,
2280 3890 2385 3936 etc.
2425 3876 2533 3931 Nec
2570 3879 2686 3930 sine
2733 3870 3019 3926 siontmzbo
3066 3866 3166 3937 legi
3217 3871 3395 3933 potest
3446 3860 3594 3913 locus
3640 3855 3732 3909 ille

2146 3991 2266 4047 pag.
2294 3972 2363 4028 56
2405 3973 2459 4026 in
2496 3967 2589 4024 lin.
2632 3966 2697 4021 de
2725 3964 2988 4019 Christo:
3019 3956 3145 4013 lam
3193 3956 3330 4012 enim
3368 3969 3461 4006 nec
3509 3959 3729 4047 mortem

2147 4083 2239 4137 pro
2280 4064 2428 4117 nobis
2456 4061 2704 4127 suscepit,
2735 4073 2853 4111 cum
2885 4054 3040 4109 semel
3078 4067 3263 4118 passus
3301 4051 3398 4111 sit,
3444 4041 3731 4101 secundum

2148 4136 2286 4228 quod
2325 4160 2538 4208 sanctus
2579 4151 2708 4203 dicit
2753 4146 3031 4216 Apostolus
3069 4160 3087 4196 :
3120 4162 3137 4193 ι
3169 4140 3309 4195 Mors
3351 4140 3401 4228 ei
3444 4136 3583 4188 ultra
3629 4146 3733 4185 non

2150 4227 2506 4302 dominabitur
2526 4243 2592 4306 ¹⁰,
2618 4259 2637 4291 ι
2668 4251 2773 4293 etc.
2807 4237 2911 4291 Sed
2946 4236 3060 4289 lucc
3092 4247 3156 4285 ex
3193 4227 3439 4299 plurimis
3473 4238 3592 4295 qua:
3621 4232 3733 4277 tum

2152 4358 2180 4395 a
2215 4340 2442 4392 veritate
2467 4344 2579 4389 tum
2609 4349 2639 4387 a
2673 4339 2821 4385 recta
2853 4322 3246 4395 interpretandi
3284 4320 3494 4374 ratione
3528 4315 3737 4386 longis-

467 4436 595 4489 bara
629 4444 674 4487 et
698 4433 955 4502 dissipata
976 4432 1214 4485 oratione
1243 4429 1476 4499 perfecit.
1508 4430 1660 4495 Quod
1685 4435 1975 4501 ergo,dum
1996 4433 2031 4486 it

2157 4434 2293 4489 sime
2331 4431 2612 4491 aberrant,
2655 4440 2779 4481 cum
2814 4423 2881 4477 iis
2916 4435 3020 4475 non
3054 4417 3236 4472 inultis
3285 4414 3576 4484 conjuncta
3617 4422 3741 4478 quae

468 4526 721 4593 epitomen
750 4541 781 4578 a
810 4523 1124 4579 Cassiodoro
1170 4524 1519 4590 contrahitur,
1558 4524 1832 4591 damnum,
1871 4535 1927 4577 ut
1962 4525 2044 4593 ﬁt,

469 4631 654 4684 passus
696 4624 794 4680 est,
831 4614 1160 4683 aliarumque
1190 4614 1353 4683 ipsius
1389 4615 1877 4683 interpretationum
1918 4631 2050 4686 quas

471 4713 594 4768 bene
623 4707 817 4761 multas
845 4716 1075 4760 recenset
1108 4704 1482 4772 Cassiodorus,
1499 4707 1766 4776 jacturam
1801 4708 1913 4761 sine
1941 4717 2051 4762 sto-

471 4803 658 4858 macho
691 4801 943 4872 feramus.
974 4797 1039 4854 Et
1068 4810 1215 4854 certe
1236 4798 1598 4857 Cassiodorus
1630 4799 1823 4854 melius
1853 4815 2052 4856 consu-

473 4896 666 4951 luisset
713 4893 1073 4967 scriptoribus
1103 4892 1314 4947 Graecis
1352 4906 1489 4960 quos
1520 4895 1570 4947 iu
1607 4889 1865 4947 Latinum
1913 4890 2055 4946 verti

473 4985 711 5053 curavit,
763 4987 807 5041 si
865 4998 1080 5055 seraper
1114 4983 1325 5038 Aniano
1356 4998 1490 5037 usus
1545 4991 1690 5039 esset
1726 4981 2057 5052 interprete,

476 5082 636 5151 cujus
678 5096 900 5154 operam
939 5080 991 5135 in
1041 5079 1317 5135 vertendis
1360 5077 1689 5143 quibusdam
1733 5075 1792 5130 S.
1822 5074 2060 5146 Chryso-

480 5171 639 5228 stomi
698 5171 936 5227 homiliis
983 5171 1175 5226 merito
1228 5168 1368 5224 idem
1431 5166 1657 5221 [laetius
1706 5178 2056 5234 summopere

482 5263 685 5319 laudat.
730 5264 997 5320 Cancrum
1053 5262 1383 5333 Epiphanius
1436 5258 1806 5314 Scholasticus
1856 5256 1907 5310 in
1955 5255 2060 5312 hac

482 5370 576 5413 sua
617 5354 919 5409 Philoniani
956 5353 1336 5413 commentarii
1368 5348 1843 5420 interpretatione,
1877 5346 2061 5404 multis

556 5471 600 5503 ³ο
633 5470 789 5549 Rern.
814 5483 887 5533 vt,
914 5468 968 5523 9.

558 5587 633 5654 (a)
674 5585 879 5641 Prodiit
918 5586 1141 5642 Parisiis
1176 5601 1238 5639 ex
1275 5583 1508 5654 ollicina
1536 5581 1902 5654 \Vcchﬂvljana
1930 5596 2059 5634 ann.

490 5649 645 5713 1557.
681 5657 888 5712 Βθριιειι
933 5654 1127 5710 deinde
1186 5655 1283 5709 fuit
1343 5656 1394 5708 in
1428 5653 1674 5706 Biblioth.
1704 5649 1815 5705 PP.
1840 5664 2063 5705 rotante

485 5739 552 5793 de
590 5729 641 5789 la
681 5725 849 5803 Bigne
900 5727 1033 5784 edit.
1066 5726 1093 5783 1
1128 5727 1182 5782 in
1232 5724 1531 5802 Appendic.
1585 5722 1648 5779 Et
1683 5724 1735 5776 in
1790 5722 1919 5778 edit.
1946 5718 1984 5784 2
2010 5731 2061 5779 ct

2161 4528 2212 4580 in
2245 4520 2692 4578 adnotationibus
2725 4514 3031 4575 attulimus,
3071 4511 3203 4566 satis
3246 4523 3365 4563 esse
3395 4512 3619 4576 possunt
3662 4501 3744 4554 iu-

2159 4618 2323 4680 dicio,
2365 4629 2526 4684 quam
2558 4608 2857 4674 abnormis,
2902 4621 3062 4675 quam
3095 4601 3283 4660 inﬁda.
3326 4612 3486 4667 quam
3523 4592 3741 4648 horrida

2156 4711 2389 4778 denique
2419 4716 2474 4762 et
2506 4706 2781 4772 incompta
2805 4703 2876 4755 sit
2909 4698 3100 4752 Latina
3141 4694 3229 4746 illa
3256 4686 3562 4744 Philoniani
3592 4698 3745 4739 com-
3811 4768 3818 4781 ⁴

2159 4799 2409 4854 tnentarii
2440 4806 2597 4852 vetus
2627 4789 3027 4860 interpretatio.

2231 4889 2319 4943 IV.
2360 4887 2478 4945 Jam
2517 4900 2647 4940 vero
2680 4885 2746 4937 de
2777 4881 3053 4949 Stephano
3083 4875 3331 4929 Salutate
3367 4870 3590 4940 ejusque
3622 4882 3747 4922 ver-

2160 4983 2331 5048 sione,
2386 4980 2430 5036 si
2467 4994 2532 5033 ea
2585 4987 2765 5031 tamen
2819 4970 3134 5043 appellanda
3190 4966 3261 5021 sit
3302 4963 3502 5026 versio,
3556 4960 3745 5028 loqua-

2164 5088 2286 5127 mur
2311 5071 2408 5143 (a).
2439 5069 2625 5139 Neque
2649 5065 2818 5130 enim,
2847 5063 2939 5117 ubi
2983 5060 3095 5115 vult
3140 5057 3423 5114 Philonem
3456 5062 3748 5143 repraesen-

2166 5176 2303 5229 tare,
2324 5142 2462 5232 agit
2511 5172 2691 5232 partes
2726 5158 2816 5213 lldi
2865 5153 3199 5224 interpretis,
3230 5148 3382 5218 cujus
3412 5155 3495 5201 cst
3526 5142 3752 5232 reddere

2167 5259 2329 5312 verba
2373 5231 2521 5326 ipsa,
2544 5262 2599 5309 et
2628 5252 2818 5308 eodem
2861 5249 3075 5311 ordine,
3108 5244 3197 5301 ubi
3239 5244 3292 5298 id
3345 5256 3448 5294 non
3493 5231 3755 5326 impediat

2167 5324 2449 5421 utriusque
2481 5346 2753 5405 sermonis
2794 5344 2968 5400 Graeci
3000 5350 3055 5397 et
3083 5337 3259 5395 Latini
3296 5336 3508 5389 diversa
3544 5324 3756 5383 indoles

2171 5581 2224 5644 5,
2261 5581 2465 5707 ιοὲἓιι.
2515 5578 2582 5635 Ει
2608 5580 2690 5639 .in
2723 5570 2975 5639 Biblioth.
3017 5566 3132 5625 PP.
3173 5563 3485 5634 Lugduncn.
3520 5568 3652 5621 tom.
3692 5554 3758 5624 ν,

2172 5669 2290 5707 una.
2425 5684 2440 5701 .

2172 5669 2290 5724 pag.
2320 5669 2410 5707 υω
2425 5684 2440 5701 ο

2536 5833 2617 5842 ἡ...
