4048 6212
359 306 435 366 25
1084 363 1091 369 _
1804 303 1965 362 PBJE

2071 303 2195 361 I‘IO.
3496 296 3501 299 ⁷
3556 302 3628 358 26

354 436 413 481 et
451 420 847 491 discrepantia,
873 416 962 472 sed
1000 432 1060 473 se
1099 430 1156 473 ut
1191 429 1462 474 oratorem
1509 421 1668 490 gerit.
1710 423 1961 491 Quinimo
1989 426 2037 484 Α
2067 433 2172 480 tem
2223 440 2253 478 a
2306 422 2470 479 Suitla
2527 422 2834 477 nominatur
2870 422 3189 494 ὑπόμνημα,
3242 420 3292 473 in
3342 418 3630 472 immanem

358 532 494 571 cum
552 515 616 568 in
670 511 945 568 collatione
1015 523 1296 579 pergerem
1352 509 1526 567 Graeci
1581 530 1705 569 eum
1760 514 1956 573 Latino

361 607 784 667 commentario,
823 602 1073 656 videbam
1114 600 1416 657 Salutatum
1455 604 1733 661 brevitatis
1770 607 1957 662 Philo-

372 701 562 754 niauae
605 699 822 750 fortasse
884 704 1210 765 pertaesum,
1263 695 1432 753 lineas
1480 713 1649 769 usque
1702 694 1958 760 sntiat-ius

381 790 680 853 transilire;
738 787 908 843 multa
965 802 1072 847 non
1127 787 1195 845 de
1252 789 1430 843 verbis
1484 790 1692 856 solum,
1746 792 1838 846 sed
1894 795 1958 847 de

385 880 658 935 Sententiis
708 878 967 941 demere;
1018 878 1176 946 longe
1225 893 1353 932 vero
1400 880 1660 947 plurimas
1704 882 1960 948 esplana-

383 973 565 1034 tiones,
596 984 733 1038 quas
753 968 954 1023 frustra
980 969 1034 1024 in
1064 969 1285 1026 Philone
1310 986 1546 1039 quaeras,
1569 973 1828 1040 inserere,
1853 989 1959 1045 quo

372 1062 616 1132 pleniore
657 1077 778 1116 eum
819 1064 1213 1116 commentario
1255 1063 1367 1133 ipse
1413 1064 1654 1131 prodiret
1698 1065 1749 1117 in
1787 1067 1959 1132 publi-

380 1169 537 1218 cum;
573 1168 743 1221 eoque
767 1153 817 1206 in
855 1153 972 1207 suis
1003 1153 1366 1208 additionibns
1400 1167 1521 1210 esse
1572 1156 1956 1223 c0piosiorem,

381 1262 489 1314 quo
520 1245 744 1299 ulter‘us
779 1245 832 1298 in
865 1261 960 1299 sua
1003 1245 1115 1309 illa,
1145 1246 1188 1301 si
1230 1245 1388 1299 talem
1420 1247 1598 1303 dicere
1631 1247 1711 1303 ias
1748 1258 1849 1313 est,
1881 1250 1959 1303 in-

373 1338 762 1406 terpretatione
792 1337 1131 1407 procederet.
1156 1336 1290 1392 lllud
1325 1348 1502 1393 tamen
1547 1339 1816 1395 atlirmare
1852 1355 1959 1393 non

367 1427 760 1491 dubitaverim,
788 1428 833 1480 si
869 1443 974 1480 non
1009 1436 1178 1481 totum
1213 1429 1661 1482 commentarium
1696 1428 1958 1497 Philonis,

368 1520 671 1589 maximam
717 1529 897 1573 tamen
927 1519 1044 1590 ejus
1078 1530 1286 1590 partem
1318 1520 1372 1575 in
1415 1535 1516 1575 suo
1546 1522 1638 1576 illo
1683 1536 1961 1577 commen-

373 1615 513 1666 tario
546 1613 799 1682 reperiri,
843 1613 939 1668 sed
991 1624 1098 1666 tam
1137 1612 1322 1668 multis
1370 1628 1490 1683 quae
1524 1614 1828 1684 largissima
1862 1615 1962 1668 ad-

367 1703 507 1777 iecit,
550 1721 716 1758 manu
765 1720 1118 1775 oppressam,
1169 1705 1255 1759 vix
1300 1714 1359 1759 ut
1406 1717 1686 1775 appareat.
1731 1707 1958 1763 Possum

373 1796 643 1861 Philonis,
697 1806 756 1850 ut
794 1797 864 1850 ita
899 1797 1110 1861 dicam,
1169 1795 1377 1861 frusta,
1428 1797 1517 1851 ubi
1563 1812 1625 1852 ea
1682 1798 1959 1854 Salutatus

384 1887 698 1951 collocavit,
753 1887 1013 1941 iudicare.
1065 1886 1330 1941 Caeterum
1392 1887 1670 1942 Salutatus
1728 1888 1961 1944 lectores

386 1994 517 2034 suos
552 1978 701 2032 ludos
744 1977 896 2040 facit,
926 1993 1049 2035 cum
1079 1981 1130 2031 in
1161 1993 1257 2035 sua
1296 1978 1537 2048 I'Ipistola
1567 1981 1636 2035 ad
1677 1980 1960 2036 Nicolaum

379 2069 735 2141 Burgi/asiam
778 2071 1133 2141 presbyterum
1165 2071 1550 2126 Bononienrem
1580 2072 1806 2126 scribit:
1839 2071 1960 2126 Non

375 2179 516 2216 unus
552 2164 680 2216 mihi
726 2161 899 2228 Philo,
924 2164 1016 2217 sed
1040 2165 1216 2231 plures
1240 2166 1371 2218 mihi
1405 2165 1665 2229 videntur,
1695 2166 1783 2235 qui
1810 2171 1963 2219 hosce

380 2257 784 2309 commentarios
823 2256 875 2309 in
917 2255 1201 2313 Canticum
1238 2262 1572 2311 canticorum
1618 2256 1959 2326 confecerint.

390 2344 528 2400 Nam
580 2347 721 2416 quod
782 2346 1024 2402 Philonis
1095 2348 1303 2402 nomine
1378 2348 1770 2419 circumfertur,
1821 2349 1962 2418 apud

391 2436 596 2492 (ἔπεισε
638 2442 786 2493 breve
820 2440 1109 2493 admodum
1149 2448 1247 2494 est.
1277 2439 1385 2495 Sed
1414 2452 1533 2494 sunt
1568 2442 1657 2511 qui
1702 2441 1856 2495 velint
1897 2438 1963 2495 ab

391 2530 674 2587 Eustathio
723 2548 927 2603 quoque
962 2542 1012 2586 et
1048 2529 1272 2586 Eusebio
1305 2533 1548 2603 (quorum
1585 2542 1771 2601 rogatu
1807 2531 1963 2585 Philo

384 2624 497 2688 ipse
539 2625 966 2678 commentarium
1004 2626 1142 2678 hunc
1176 2624 1506 2695 confecerat)
1566 2625 1963 2693 interpretatum

394 2732 523 2783 esse,
548 2731 812 2787 unumque
843 2717 909 2771 de
939 2718 1107 2770 tribus
1137 2732 1247 2770 esse
1282 2715 1643 2786 conjunctum.
1671 2716 1739 2767 At
1777 2727 1967 2783 quam-

384 2824 506 2864 nam
535 2808 608 2863 illi
642 2808 807 2863 ﬁdem
841 2809 1185 2874 habebimus,
1215 2807 1305 2878 qui
1340 2808 1407 2863 de
1436 2808 1646 2862 duobus
1683 2805 1788 2861 illis
1817 2820 1964 2860 com-

384 2902 668 2957 mentariis
714 2912 913 2957 testem
964 2898 1206 2971 proferat
1258 2899 1572 2953 neminem?
1610 2898 1814 2952 nullum
1865 2911 1965 2951 no-

386 2992 553 3048 minet
581 2993 854 3056 codicem,
882 2992 971 3047 ubi
1013 2990 1468 3046 commentarium
1512 2989 1662 3045 illum
1697 3004 1762 3043 ex
1794 2988 1967 3042 tribus

2072 515 2500 586 magnitudinem
2550 515 2852 569 excrevisse
2901 533 2913 568 :
2960 525 3016 567 ut
3069 514 3301 581 aliquam
3354 510 3631 579 scriptioni

2067 621 2177 662 sua!
2232 607 2549 661 conciliaret
2586 607 2772 669 tidem,
2821 605 3053 659 fabulam
3106 606 3251 658 illam
3300 613 3635 658 ccmmentus

2065 711 2149 755 est
2204 700 2270 754 de
2298 700 2509 755 duobus
2550 697 2954 754 commentariis
3002 695 3266 753 Eustathii
3315 704 3370 749 et
3415 692 3633 749 Eusebii

2065 806 2185 845 cum
2214 790 2535 845 Philoniano
2562 790 2863 844 commistis
2889 797 2940 841 et
2976 788 3026 841 in
3060 802 3223 840 unum
3256 786 3523 841 conﬂatis.

2140 884 2213 937 De
2263 883 2433 938 (ἔτωοί
2486 881 2856 936 commentarii
2894 889 3071 945 attate,
3112 879 3227 933 sive
3278 878 3425 931 illum
3481 877 3636 934 Philo

2060 974 2380 1045 Carpasius,
2425 974 2538 1028 sive
2590 973 2913 1042 Carpathius
2959 969 3366 1036 conscripserit,
3401 969 3635 1024 dubitari

2063 1086 2169 1124 non
2218 1077 2405 1138 potest
2434 1066 2598 1121 fuisse
2644 1065 3001 1131 compositum
3041 1073 3166 1118 ante
3193 1063 3444 1117 Cosmam
3475 1061 3636 1133 Egy-

2062 1164 2258 1233 ptium.
2306 1160 2422 1229 qui,
2468 1168 2526 1213 nt
2558 1174 2716 1227 supra
2765 1158 2964 1212 dictmn
2996 1165 3100 1218 est,
3148 1170 3212 1210 ex
3260 1154 3485 1209 Philone
3534 1154 3637 1207 tria

2062 1254 2245 1308 attulit
2281 1252 2397 1307 loca
2431 1252 2482 1305 in
2508 1266 2605 1306 sua
2623 1249 2987 1318 Topogrpphia
3007 1244 3639 1315 Christiana.Scripsisse

2063 1357 2242 1400 autent
2271 1346 2523 1400 Cosmam
2571 1357 2724 1396 somn
2752 1356 2888 1411 opus
2922 1354 3062 1393 anno
3105 1338 3210 1394 5'55
3245 1338 3431 1408 prohat
3461 1337 3638 1391 Mont-

2062 1436 2351 1492 l‘anconius
2383 1434 2483 1508 (ιι).
2513 1433 2613 1500 Qui
2662 1432 2866 1486 Philoni
2910 1431 3168 1500 Carpasio
3194 1429 3635 1486 commentarium

2063 1531 2205 1583 hunc
2224 1526 2563 1582 tribuendum
2598 1522 3048 1588 existimaverint,
3077 1522 3111 1576 ii
3131 1532 3386 1576 censeant
3406 1529 3637 1591 oportet,

2062 1622 2322 1691 scriptum
2344 1634 2464 1674 esse
2478 1618 2559 1673 vel
2577 1618 2850 1672 desinente
2866 1614 3061 1670 steeulo
3084 1624 3302 1685 quarto,
3318 1612 3402 1668 vel
3422 1614 3641 1667 ineunte

2063 1713 2273 1784 quinto.
2298 1712 2361 1765 Et
2390 1708 2634 1765 Oudinus
2656 1709 2858 1764 idcirco
2877 1708 2941 1761 de
2971 1706 3194 1761 Philone
3213 1703 3475 1773 Carpasio
3496 1702 3643 1770 ejus-

2063 1819 2169 1875 que
2191 1805 2391 1872 scripto
2420 1803 2475 1855 in
2508 1800 2780 1855 Canticum
2807 1802 3131 1853 canticorum
3160 1796 3486 1851 mentionem
3514 1794 3644 1847 facit

2062 1897 2128 1950 ad
2146 1910 2344 1949 annum
2362 1893 2561 1948 Christi
2582 1888 3191 1961 quadringentesimum.
3211 1885 3465 1956 Ejusdem
3498 1899 3643 1939 cont-

2065 1986 2315 2041 mentarii
2344 1984 2467 2054 quis
2500 1997 2627 2039 usus
2655 1996 2773 2036 esse
2800 1980 2967 2050 possit
2995 1978 3061 2033 ad
3092 1976 3466 2034 conﬁrmanda
3498 1990 3644 2043 qua:-

2064 2080 2185 2133 dam
2237 2077 2514 2132 catholicae
2565 2076 2686 2130 ﬁdei
2736 2077 3007 2143 dogmata,
3052 2074 3211 2128 docet
3255 2071 3325 2126 cl.
3353 2069 3645 2141 Fogginius

2067 2172 2118 2224 in
2151 2169 2302 2237 prter.
2328 2170 2393 2222 ad
2429 2177 2723 2223 comment.
2756 2167 2949 2237 Epiph.
2980 2181 3033 2236 p.
3059 2165 3129 2219 ιι)
3159 2173 3213 2220 et
3244 2171 3516 2232 sequent.,
3554 2161 3642 2214 ubi

2067 2260 2231 2316 multa
2268 2261 2425 2316 docte
2451 2268 2505 2315 et
2531 2260 2742 2314 erudite
2770 2258 3028 2329 disputat,
3057 2273 3177 2328 qua:
3205 2256 3295 2326 qui
3333 2252 3543 2325 legerit,
3574 2267 3641 2309 ea

2065 2369 2124 2410 se
2152 2352 2344 2421 legisse
2374 2368 2480 2408 non
2518 2351 2824 2421 paenitebit.

2140 2443 2204 2499 V.
2239 2444 2481 2513 Denique
2518 2445 2570 2497 in
2608 2445 2710 2498 hoc
2749 2442 2939 2498 Graeco
2979 2440 3221 2497 Philonis
3251 2436 3646 2494 commentario

2066 2536 2367 2605 evulgando
2396 2534 2525 2605 quid
2556 2548 2733 2602 opera:
2771 2534 2886 2601 ipse
2917 2533 3290 2601 impenderim,
3322 2530 3511 2599 paucis
3541 2544 3645 2582 ex-

2069 2626 2300 2696 pediam.
2326 2622 2553 2678 Codices
2577 2622 2713 2678 duos
2747 2622 3098 2677 Barberinum
3121 2618 3645 2681 eti'it'allicellantnn,

2068 2731 2298 2787 quorum
2338 2714 2426 2770 ille
2463 2715 2514 2769 in
2557 2714 2697 2778 fine,
2742 2713 2831 2768 hic
2880 2714 2932 2767 in
2977 2712 3242 2781 principio
3279 2720 3336 2765 et
3381 2712 3486 2765 line
3526 2724 3646 2763 ruu-

2069 2810 2200 2864 tilus
2232 2816 2336 2874 est,
2368 2806 2596 2877 inspexi,
2632 2815 2686 2861 et
2717 2821 2839 2862 cum
2876 2805 2943 2860 iis
2987 2819 3165 2859 meum
3208 2803 3450 2859 codicem
3486 2815 3647 2871 quam

2069 2899 2475 2971 diligentissime
2513 2898 2740 2954 contuli.
2787 2897 2895 2953 llos
2924 2897 3067 2952 enim
3106 2904 3338 2950 tractare
3368 2907 3487 2948 meo
3521 2890 3650 2946 tnihi

2071 2993 2227 3048 licuit
2265 2993 2535 3046 arbitratu
2581 3008 2595 3045 :
2636 3001 2862 3047 caeteros
2912 3006 3016 3043 non
3057 2989 3209 3053 item,
3259 2987 3646 3050 Mutinensem,

384 3085 672 3142 conﬂatum
705 3084 1006 3154 repererit?
1030 3098 1261 3153 cumque
1291 3082 1690 3138 tniscellaneum
1720 3082 1870 3135 illum
1899 3095 1963 3137 ex
1994 3120 2038 3178 ε
2072 3084 2422 3148 Theatinum,
2462 3083 2862 3148 Auximanum;
2918 3082 3011 3136 sed
3050 3080 3374 3150 quihusdam
3412 3078 3461 3131 in
3516 3077 3650 3130 locis

387 3179 631 3248 pluribus
677 3186 1044 3248 compactum,
1072 3177 1260 3234 Graece
1312 3178 1573 3248 scriptum
1607 3191 1731 3231 esse
1776 3176 1966 3229 existi-

384 3273 521 3326 mari
560 3280 833 3343 oporteat,
862 3286 1023 3343 quem
1065 3269 1341 3327 Salutatus
1370 3285 1399 3324 a
1435 3283 1493 3325 se
1524 3268 1717 3324 Latine
1753 3282 1967 3322 versum

390 3365 593 3437 profert
632 3366 687 3420 in
737 3365 946 3431 lucem;
990 3380 1086 3419 cur
1133 3376 1242 3419 tam
1294 3363 1461 3418 multa
1510 3364 1563 3418 iu
1605 3378 1669 3418 ea
1716 3362 1971 3417 versione

388 3468 688 3513 occurrunt
731 3474 851 3527 qua:
894 3457 1024 3512 nihil
1059 3458 1239 3512 oleant
1281 3455 1604 3520 Graecitatis,
1651 3455 1744 3509 sed
1780 3454 1970 3524 primi.

391 3547 498 3602 tiva
534 3564 602 3602 ex
636 3548 833 3603 Latino
874 3547 1020 3602 fonte
1052 3547 1279 3601 deducta
1312 3562 1434 3601 esse
1471 3545 1804 3615 appareant?
1837 3544 1972 3598 Prte-

396 3649 543 3695 terea
580 3639 750 3693 multa
801 3638 1047 3694 Philonis
1096 3655 1201 3693 non
1247 3639 1442 3709 exigua
1490 3637 1788 3708 fragmenta
1836 3636 1974 3690 male

394 3732 728 3788 assuta-suis
780 3731 1143 3787 additionibns
1188 3732 1407 3787 exhibet
1456 3730 1754 3793 Salutatus,
1810 3729 1973 3783 multa

397 3837 463 3876 es
492 3823 555 3877 ἱ).
579 3822 838 3890 Gregorio
868 3820 1058 3892 Magno
1096 3821 1260 3874 etiam
1301 3821 1602 3889 desumpta,
1647 3816 1975 3888 qund'jatn-

398 3911 603 3967 dudum
627 3927 656 3963 a
698 3911 942 3983 pluribus
986 3922 1070 3965 est
1102 3910 1539 3965 animadversum
1570 3930 1583 3965 :
1617 3920 1674 3963 ut
1720 3908 1834 3976 ejus
1883 3924 1975 3961 ne-

410 4017 606 4071 queam
634 4005 761 4058 satis
793 4004 977 4059 mirari
1014 4006 1301 4069 rationem,
1333 4006 1423 4073 qui
1471 4004 1713 4057 Philonis
1744 4004 1976 4073 genuina

402 4091 750 4164 praefatione,
787 4110 950 4166 eaque
999 4097 1210 4165 integra
1244 4105 1475 4161 retenta,
1507 4094 1854 4164 pluribusque
1887 4094 1977 4147 iti-

395 4188 525 4243 dem
569 4185 901 4244 Philonianis
933 4188 1385 4260 explicationibus
1427 4189 1567 4242 inter
1617 4188 1787 4243 multo
1827 4187 1975 4256 plura

392 4279 768 4335 additamenta
814 4296 909 4336 sua
957 4281 1214 4343 insertis,
1263 4279 1524 4333 audacter
1567 4279 1828 4350 ejusmodi
1881 4295 1978 4331 κυ-

392 4373 580 4429 κεῶνα.
632 4373 880 4428 Philonis
926 4372 1148 4428 nomine
1198 4371 1495 4427 lectoribus
1545 4372 1657 4426 suis
1692 4371 1980 4441 propinare

2073 3176 2127 3229 in
2172 3175 2370 3245 quibus
2404 3175 2698 3240 lnerebam,
2731 3173 2797 3227 ab
2848 3171 3038 3226 amicis
3071 3170 3383 3225 Graecarum
3430 3167 3644 3222 littera-

2072 3284 2190 3323 rum
2231 3267 2423 3338 peritis
2460 3266 2825 3336 inspiciendos
2861 3264 3068 3319 curavi.
3106 3263 3213 3317 llos
3247 3271 3427 3316 autem
3458 3273 3653 3313 omnes

2074 3376 2196 3417 esse
2252 3359 2494 3430 comperi
2547 3359 2710 3413 nimis
2747 3356 2932 3412 multis
2979 3354 3263 3410 erroribus
3302 3352 3648 3418 maculosos;

2072 3454 2268 3524 quibus
2338 3450 2572 3507 fortasse
2630 3460 2870 3504 veterem
2931 3447 3119 3516 ipsum-
3166 3446 3556 3516 interpretem,
3601 3454 3656 3498 et

2075 3546 2407 3617 Stephanum
2444 3544 2749 3599 Salotatum
2787 3543 3036 3612 suspicor
3088 3556 3192 3595 non
3231 3539 3488 3594 habuisse
3537 3551 3652 3591 me-

2083 3637 2268 3693 liores.
2314 3634 2370 3690 !n
2404 3637 2862 3700 adnotationibus,
2897 3633 2997 3688 tnei
3028 3632 3253 3699 codicis,
3284 3630 3373 3701 qui
3411 3628 3658 3699 plurimis

2078 3730 2131 3783 in
2174 3728 2307 3785 locis
2336 3740 2421 3784 est
2450 3729 2794 3798 depravatus,
2821 3741 3057 3790 errores,
3091 3723 3350 3780 adhibitis
3381 3737 3518 3793 quos
3542 3720 3655 3783 dixi

2077 3823 2372 3887 codicibus,
2401 3820 2717 3887 emendavi;
2751 3828 2805 3873 et
2835 3818 2923 3873 ubi
2966 3818 3144 3873 locum
3188 3805 3424 3886 aliquem
3457 3815 3510 3868 in
3538 3828 3657 3868 om-

2084 3917 2242 3972 nibus
2277 3916 2556 3970 codicibus
2596 3926 2911 3984 corruptum
2951 3910 3304 3980 deprehendi,
3338 3908 3656 3973 conjectura

2080 4010 2228 4063 illum
2286 4010 2574 4063 restituere
2623 4008 2827 4061 studui.
2889 4003 3239 4064 Philonianas
3275 4000 3418 4056 sacri
3479 4010 3660 4054 textus

2082 4099 2341 4153 lectiones
2380 4115 2500 4152 cmn
2532 4098 2807 4153 Vaticana:
2852 4095 3107 4152 editionis
3142 4092 3482 4157 lectionibus,
3510 4091 3661 4144 aliis-

2082 4206 2187 4259 que
2215 4191 2552 4245 variantihus
2596 4206 2624 4245 a
2670 4189 2961 4246 Lamberto
2999 4186 3160 4243 Bosio
3189 4186 3242 4240 in
3287 4199 3386 4240 sua
3424 4184 3662 4238 editione

2090 4281 2299 4338 Veteris
2330 4281 2663 4341 Testamenti
2697 4281 2870 4340 Cra-ci
2919 4280 3189 4345 adductis,
3237 4285 3491 4332 accurate
3528 4288 3663 4328 con-

2085 4379 2214 4444 tuli;
2247 4390 2303 4431 et
2333 4378 2460 4447 quid
2497 4378 2549 4431 in
2587 4392 2802 4447 quoque
2832 4376 2949 4432 loco
2978 4374 3134 4429 Philo
3157 4388 3188 4426 a
3222 4370 3435 4426 caeteris
3465 4367 3658 4431 variet,

394 4467 470 4520 sit
524 4481 712 4520 ausus.
763 4466 919 4521 illum
979 4466 1288 4535 suscepisse
1358 4464 1607 4535 suspicor
1674 4463 1978 4516 l’hiloniani
2013 4460 2056 4515 Ι)
2088 4470 2140 4523 in
2173 4470 2362 4524 iisdem
2393 4469 2832 4526 adnotationibus
2864 4470 3148 4539 diligenter
3179 4464 3425 4535 exposui.
3460 4462 3514 4516 In
3557 4459 3663 4515 La-

396 4560 777 4613 commentarii
817 4559 1126 4612 versionem
1154 4576 1167 4612 :
1201 4572 1432 4627 cumque
1472 4572 1586 4612 suae
1617 4555 1978 4621 interpolandi

393 4648 608 4702 libidini
655 4649 861 4718 ubique
917 4648 1142 4702 nimium
1190 4662 1251 4703 se
1291 4648 1747 4702 animadverteret
1804 4645 1979 4702 indul-

392 4739 552 4803 sbse,
580 4749 634 4794 et
666 4741 1125 4793 commentarium
1171 4740 1260 4810 qni
1298 4750 1520 4809 praptcr
1573 4739 1690 4809 ejus
1739 4739 1977 4796 brevita-

466 4880 541 4953 (σε)
581 4878 806 4937 Praelat.
833 4882 899 4934 ad
937 4880 1118 4936 Cosm.
1142 4877 1361 4950 Egypt.
1397 4894 1513 4949 cap.
1540 4877 1591 4932 1.

2092 4559 2204 4614 tina
2238 4556 2471 4629 denique
2493 4561 2762 4627 versione,
2792 4575 2954 4630 quam
2978 4574 3009 4614 e
3033 4559 3250 4629 regione
3276 4554 3450 4612 Graeci
3486 4561 3665 4605 textus

2092 4651 2344 4722 apposui,
2381 4652 2552 4722 magis
2584 4653 2714 4709 tnihi
2751 4652 2982 4710 ﬁdelitas
3008 4666 3149 4707 cura:
3188 4649 3311 4713 fuit,
3349 4660 3506 4717 quam
3550 4640 3663 4696 cle~

2086 4743 2287 4811 gantia.
