4048 6212
280 261 349 320 29
1213 263 1613 324 ENARRATIO
1653 268 1720 327 ΙΝ
1763 266 2122 325 CANTICUM
2162 270 2636 328 CANTICORUM.
3488 274 3560 333 50

280 398 398 453 ριον
447 381 725 455 ἐπιϐάτην
764 380 999 451 ἔχοντες,
1050 383 1130 446 οἷς
1164 381 1263 454 τὴν
1310 383 1419 439 τῶν
1457 385 1743 458 μακαρίων
1785 385 1879 439 καὶ

1994 389 2326 456 adhibentes,
2384 388 2615 443 Domino
2663 402 2876 444 sessore
2933 403 2996 444 ac
3048 387 3205 454 duce,
3264 388 3317 446 in
3350 390 3559 447 beatam

277 474 564 541 ἀθάνατον
587 475 665 546 (8)
691 474 1073 545 είσελεύσομεν
1103 474 1282 529 πόλιν.
1327 476 1401 529 Ού
1441 476 1550 548 γὰρ
1579 478 1637 545 ἐξ
1672 478 1882 532 ἑαυτῶν

278 566 514 639 ἔχοντές
550 585 622 629 τι,
662 565 792 620 ἀλλὰ
820 565 900 637 τῷ
933 565 1131 619 διδόντι
1158 564 1258 629 τὰς
1292 566 1521 636 χάριτας
1555 566 1881 637 ὁμολογοῦν-

281 677 406 726 τες,
439 662 520 724 εἰς
549 660 607 713 τὸ
637 659 997 729 προκείμενον
1047 657 1241 729 ῐωμεν.
1302 658 1641 730 Ἀιριερώσας
1658 660 1735 730 (9)
1773 661 1882 731 γάρ

287 771 378 818 τις
431 754 506 824 τῷ
539 752 655 823 Θεῷ
691 751 756 805 τὸ
799 750 998 804 ἑαυτοῦ
1047 750 1325 821 φρόνημα,
1376 750 1473 805 καὶ
1522 751 1623 822 τὴν
1675 751 1884 806 ἔννοιαν

292 845 602 910 ἀπαλλάξας
629 844 740 898 τῶν
780 844 990 914 γηίνων
1020 843 1448 915 ἐνθυμημάτων,
1479 842 1599 897 ὅλον
1635 843 1725 897 τὸν
1758 844 1884 896 νοῦν

294 938 508 1000 ἀναθεὶς
536 936 615 1006 τῷ
640 935 761 1006 Θεῷ
783 936 916 1006 (l0),
947 934 1044 988 καὶ
1100 936 1167 1007 τῇ
1197 935 1296 1005 τῆς
1329 934 1685 1007 σωφροσύνης
1710 936 1881 1008 ἀρετῇ

290 1029 709 1100 κεκοσμημένος
736 1027 836 1096 τὴν
860 1026 1061 1097 ψυχὴν,
1097 1027 1194 1079 κα).
1227 1025 1493 1095 στέφανον
1521 1026 1770 1098 οὐράνιον
1795 1027 1883 1079 δε-

296 1123 529 1193 ξάμενος
557 1120 793 1192 χαρίτων
822 1122 893 1190 τῇ
925 1117 1119 1173 ἐαυτοῦ
1164 1121 1400 1190 κορυφῇ,
1442 1116 1616 1179 οὕτως
1647 1118 1885 1188 ἐφαπτέ-

298 1199 410 1268 σθω
430 1213 538 1285 (Η)
557 1211 836 1281 τῆςὰγίας
863 1210 972 1265 τῶν
1000 1208 1386 1280 πνευματικῶν
1419 1209 1707 1280 ’ᾼσμάτων
1736 1211 1881 1283 Γρα.

1990 480 2460 551 immortalemque
2486 481 2760 537 civitatem
2794 481 3135 538 invehamur.
3170 481 3285 539 Non
3322 484 3467 539 enim
3495 499 3560 540 ex

1990 574 2396 645 nobismetipsis
2427 577 2722 645 quidquam
2776 574 3058 642 habentes,
3106 576 3198 631 sed
3249 576 3478 646 gratiam
3511 576 3560 631 ei

1989 666 2078 734 qui
2119 667 2226 730 dat,
2265 667 2561 721 referentes
2615 675 2915 735 acceptam,
2957 667 3023 721 ad
3048 667 3379 736 propositum
3410 681 3559 721 acce-

1986 759 2197 812 damus.
2239 757 2314 814 Ut
2351 759 2497 813 enim
2524 773 2679 813 suum
2710 759 2940 828 quisque
2962 758 3199 812 animum
3231 765 3342 815 Deo
3373 764 3561 813 cense-

1960 851 2241 913 scraverit,
2274 860 2330 904 et
2355 862 2588 905 mentem
2617 865 2646 904 a
2697 852 2927 906 terrenis
2978 850 3396 921 cogitationibus
3430 850 3562 905 libe-

1989 942 2145 1007 rarit,
2176 950 2228 994 et
2268 941 2637 1010 temperantia:
2684 942 2886 996 virtute
2917 950 3165 996 ornatum
3197 940 3436 995 animum
3468 955 3562 1009 ge-

1990 1049 2136 1099 rens,
2170 1034 2445 1089 cmlestem
2479 1050 2577 1089 suo
2601 1035 2763 1105 capiti
2793 1036 3084 1102 gratiarum
3112 1039 3366 1089 ceronam
3404 1046 3564 1088 acce-

1987 1127 2172 1197 perit:
2213 1126 2283 1181 ita
2323 1137 2565 1182 sanctam
2626 1126 2984 1196 spiritualium
3046 1125 3389 1181 Canticorum
3416 1124 3565 1180 Scri-

1988 1228 2200 1287 pturam
2239 1220 2493 1289 attingat.
2546 1217 2758 1285 Quibus
2807 1216 2952 1271 enim
3004 1227 3163 1271 rectae
3208 1217 3565 1287 cogitationes

290 1306 417 1376 φῆς.
461 1304 572 1357 Καὶ
616 1303 758 1374 αύτὴ
790 1301 900 1374 γὰρ
930 1305 963 1373 ἡ
1014 1300 1296 1372 ἐπιγραφὴ
1323 1300 1461 1372 (12),
1490 1304 1604 1365 τοῖς
1650 1301 1759 1356 τῶν
1801 1302 1886 1356 λο-

1994 1316 2137 1391 pint,
2165 1323 2284 1375 eos,
2312 1324 2431 1363 cum
2462 1308 2526 1361 ad
2575 1319 2818 1363 sanetam
2851 1308 2992 1362 hanc
3012 1305 3348 1377 Scripturam
3379 1321 3566 1361 acces-

285 1399 500 1470 γισμῶν
528 1399 747 1469 ἔχουσιν
775 1395 909 1467 εύθῆ
940 1395 1072 1467 (15),
1105 1394 1441 1449 ἀπαλλάττει
1473 1396 1570 1466 μὲν
1600 1395 1729 1449 εὐθὺ
1755 1412 1886 1467 σαρ-

285 1493 459 1547 κικῶν
486 1490 710 1546 ἐννοιῶν
741 1490 868 1553 τοὺς
895 1488 1100 1560 ταύτην
1131 1488 1292 1557 ἁγίαν
1323 1488 1607 1560 μετιόντας
1637 1489 1881 1560 Γραφήν.

288 1586 367 1639 Ού
400 1585 512 1655 γάρ
532 1582 726 1646 ἁπλῶς
752 1581 1007 1653 ’ᾼσματα
1049 1581 1489 1653 προγέγραπται,
1523 1580 1556 1651 ἢ
1593 1580 1809 1649 λέγεται
1850 1580 1881 1651 ἦ

288 1675 770 1750 προσαγορεύεται
796 1674 930 1746 (ﬂ),
966 1672 1105 1727 ἀλλὰ
1138 1674 1414 1744 ’ᾼσματα
1442 1671 1763 1741 ᾀσμάτων·
1797 1672 1883 1725 ἵνα

294 1769 535 1832 ἀκούσας
601 1768 860 1839 ’ᾼσματα
924 1766 1184 1838 ᾀσμάτων
1239 1765 1597 1837 ύπομνησθῇς
1639 1763 1751 1836 (15)
1815 1765 1884 1819 τὰ

301 1860 468 1929 ’Δγια
495 1860 602 1914 τῶν
629 1859 829 1929 ἁγίων*
874 1859 936 1911 οὐ
988 1858 1145 1930 μόνον
1184 1856 1292 1929 γάρ
1329 1856 1585 1928 ’ᾼσματα
1625 1856 1885 1928 ᾀσμάτων

303 1950 522 2021 ἔχομεν,
549 1949 681 2004 ἀλλὰ
707 1950 801 2004 καί
832 1949 1000 2017 Ἅγια
1023 1948 1219 2017 ἁγίων,
1251 1948 1344 2002 καὶ
1373 1946 1627 2000 Σάϐϐατα
1677 1945 1885 2001 σαϐϐά-

294 2060 427 2098 των.
473 2042 678 2113 Ὠσπερ
724 2037 818 2096 οὖν
875 2041 1044 2109 Ἀγια
1093 2041 1202 2095 τῶν
1255 2031 1429 2111 ἁγίων
1483 2040 1708 2113 μείζονὰ
1761 2060 1883 2097 τινα

298 2131 650 2203 μυστηριώδη
678 2133 772 2186 καὶ
800 2132 1117 2203 ἀπόκρυφον
1146 2131 1374 2205 ἔχειτὴν
1400 2133 1588 2204 τιμὴν,
1615 2132 1762 2198 ἁπαξ
1788 2134 1882 2189 τοῦ

296 2224 542 2278 ἐνιαυτοῦ
578 2224 840 2288 εἰσιόντος
877 2224 972 2277 τοῦ
1005 2226 1308 2297 ἀρχιερέως
1353 2228 1433 2289 είς
1477 2226 1547 2280 τὰ
1571 2227 1737 2295 Ἀγια
1775 2226 1883 2278 τῶν

299 2316 499 2384 ἀγίωνι
535 2316 680 2370 οὕτω
713 2317 810 2371 καὶ
851 2316 922 2369 τὰ
958 2316 1215 2388 ’ᾼσματα
1247 2311 1357 2371 τῶν
1398 2318 1680 2389 ᾀσμάτων,
1724 2335 1885 2371 πνευ-

305 2408 538 2479 ματικὴν
582 2409 678 2462 καὶ
714 2406 1020 2479 βαθυτέραν
1067 2408 1166 2479 τὴν
1220 2408 1328 2463 τῶν
1369 2410 1885 2481 τεθησαυρισμένων

302 2499 524 2566 ἀγαθῶν
558 2500 848 2571 νοημάτων
879 2498 1096 2572 εὕρεσιν
1125 2500 1258 2571 ἔχει.
1286 2499 1397 2554 ’Καὶ
1426 2500 1618 2573 ὥσπερ
1647 2501 1715 2556 τὰ
1744 2501 1883 2554 Σάϐ⁸

301 2592 445 2646 ϐατα
469 2592 576 2646 τῶν
614 2591 902 2646 σαϐϐάτων
943 2577 1167 2662 μείζονα
1198 2592 1298 2663 τῆς
1324 2591 1604 2664 παρούσης
1634 2592 1883 2648 ἀναπαύ-

297 2704 446 2750 σεως
471 2685 579 2756 ἔχει
608 2684 721 2757 (16)
751 2685 851 2757 τὴν
895 2684 1004 2738 τῶν
1051 2685 1354 2755 μελλόντων
1382 2687 1605 2756 ἀγαθῶν
1638 2688 1883 2742 ἀνάπαυ-

291 2796 387 2832 σιν
424 2778 703 2848 (Σάϐϐατα
744 2778 855 2849 γὰρ
899 2778 1185 2833 σαϐϐάτων
1230 2777 1331 2843 τὰς
1382 2779 1680 2851 μελλούσας
1715 2780 1773 2833 ἐν
1807 2778 1885 2851 τῷ

1988 1402 2182 1463 set-int,
2220 1401 2335 1468 ipsa
2369 1400 2658 1470 inscriptio
2708 1401 3020 1456 carnalibus
3076 1400 3258 1454 statim
3289 1400 3568 1470 cogitatio-

1994 1491 2151 1547 uibus
2216 1492 2432 1547 liberat.
2488 1491 2602 1546 Non
2654 1492 2798 1547 enim
2856 1491 3177 1563 simpliciter
3234 1492 3566 1557 inscribitur,

1988 1585 2249 1649 Cantica;
2279 1585 2372 1639 sed
2425 1582 2648 1638 Cantica
2715 1583 3079 1648 canticorum;
3134 1592 3192 1636 ut
3228 1597 3350 1638 cum
3380 1583 3570 1637 audias

1987 1677 2207 1732 Cantica
2262 1677 2643 1741 canticorum,
2703 1676 2795 1729 tibi
2855 1675 2908 1729 in
2981 1674 3298 1729 memoriam
3347 1675 3569 1728 veniant

1987 1768 2183 1822 Sancta
2214 1777 2545 1823 sanctorum.
2577 1767 2694 1823 Non
2739 1767 2899 1823 enim“
2943 1768 3313 1823 tantummodo
3341 1766 3567 1822 Cantica

1986 1860 2328 1915 canticorum
2361 1860 2644 1927 habemus,
2677 1860 2771 1915 sed
2800 1861 2965 1914 etiam
2998 1859 3196 1915 Sancta
3228 1868 3566 1925 sanctorum,

1986 1958 2040 2006 et
2074 1953 2307 2008 Sahbata
2340 1952 2709 2007 sabbatorum.
2745 1951 3208 2020 Quemadmodum
3243 1952 3407 2023 igitur
3431 1951 3570 2005 San-
3596 1983 3609 1993 κ

1986 2056 2071 2100 cta
2123 2056 2434 2100 sanctorum
2495 2044 2752 2115 majorem
2817 2045 3105 2115 quamdam
3169 2055 3221 2100 et
3282 2045 3567 2115 mysticam

1985 2137 2466 2208 absconditamque
2490 2137 2804 2208 dignitatem
2842 2138 3037 2193 habent
3064 2154 3080 2203 ;
3108 2153 3229 2192 cum
3254 2137 3424 2193 semel
3447 2145 3569 2190 tau-

1988 2240 2101 2284 tum
2125 2229 2176 2282 in
2203 2243 2344 2284 anno
2371 2229 2748 2298 ingrederetur
2780 2228 3020 2298 pontifex
3055 2229 3106 2282 iu
3131 2229 3329 2283 Sancta
3352 2238 3569 2283 sancto-

1987 2337 2145 2376 rum:
2189 2322 2261 2376 ita
2328 2321 2551 2377 Cantica
2599 2322 2933 2376 canticorum
2993 2320 3324 2392 spiritualem
3355 2328 3409 2374 et
3441 2335 3568 2390 pro-

1986 2412 2292 2467 fundiorem
2381 2413 2673 2468 reconditae
2755 2412 3124 2482 intelligentia:
3181 2411 3562 2465 inveniendum

1988 2504 2189 2560 habent
2245 2503 2581 2565 thesaurum.
2674 2504 2739 2556 Et
2799 2502 3258 2572 quemadmodum
3324 2499 3563 2554 Sabbala

1986 2584 2336 2651 sabbatorum
2384 2591 2645 2662 majorem
2702 2607 2861 2663 quam
2927 2606 3046 2662 quae
3081 2606 3224 2646 llllllc
3272 2591 3426 2659 quies
3457 2600 3563 2654 est,

1988 2687 2293 2744 futurorum
2324 2686 2560 2757 quietem
2585 2685 2847 2740 bonorum
2897 2683 3098 2739 habent
3134 2680 3391 2755 (futuram
3417 2683 3564 2737 enim

1989 2783 2251 2837 bonorum
2307 2780 2361 2835 in
2420 2778 2513 2835 illo
2562 2778 2760 2834 saeculo
2822 2774 3082 2848 quietem,
3140 2784 3194 2831 et
3240 2786 3569 2847 praeparatas

290 2873 476 2924 ἐκεῖσε
512 2869 669 2923 αἰῶνι
698 2868 1058 2934 ἀναπαύσεις,
1101 2870 1196 2924 καὶ
1228 2870 1325 2933 τὰς
1351 2870 1762 2941 ἡτοιμασμένοις
1787 2872 1887 2940 τῆς

1994 2873 2189 2943 quietis
2217 2870 2607 2942 promissiones
2652 2868 2783 2923 mihi
2817 2881 3134 2937 persuasum
3183 2875 3267 2921 est
3300 2863 3568 2920 nominari

292 2960 663 3025 ἀναπαύσεως
697 2959 1034 3028 ἐπαγγελίας
1058 2961 1156 3032 τὴν
1182 2962 1344 3030 ἁγίαν
1374 2960 1554 3030 λέγειν
1585 2962 1888 3033 πέπεισμαι

296 3054 545 3125 Γραφήν.
601 3054 837 3106 Ἐκεῖναι
868 3050 987 3125 [17]
1025 3052 1133 3124 γὰρ
1184 3052 1437 3108 Σάϐϐατα
1495 3054 1801 3121 σαϐϐάτων,
1833 3057 1888 3109 αἱ

294 3144 395 3199 τοῦ
431 3145 717 3214 μέλλοντος
748 3146 947 3208 αἰῶνος
988 3145 1345 3211 ἀναπαύσεις,
1395 3146 1489 3200 καὶ
1528 3145 1751 3217 εὐωχίαι
1782 3148 1890 3200 τῶν

295 3234 536 3287 ἐνταῦθα
564 3234 882 3297 Σαϐϐάτων,
914 3234 1158 3288 τουτέστι
1202 3235 1312 3289 τῶν
1352 3236 1765 3308 ἁμαρτημάτων
1794 3239 1892 3310 ἀρ-

297 3328 448 3399 γίας.
500 3328 562 3381 Οἱ
616 3327 726 3399 γὰρ
781 3326 973 3381 ἐνθάδε
1018 3328 1125 3380 ἀπὸ
1174 3330 1585 3401 ἁμαρτημάτων
1633 3329 1895 3401 ἀργίσαν-

296 3418 545 3489 τες(18),
577 3421 678 3490 τὴν
712 3420 933 3476 τελείαν
962 3420 1269 3475 ἀνάπαυσιν
1298 3424 1355 3474 ὲν
1384 3422 1463 3493 τῷ
1495 3423 1654 3476 αἰῶνι
1682 3425 1895 3496 εὐωχη-

300 3510 582 3583 θήσονται)
610 3529 626 3542 ο
679 3512 871 3584 ὥσπερ
922 3508 1017 3567 οὖν
1061 3515 1129 3568 τά
1190 3514 1441 3569 Σάϐϐατα
1486 3518 1669 3570 ἐκεῖνα
1716 3517 1896 3589 πολλῷ

306 3602 534 3674 μείζονα
560 3604 764 3658 τούτων
791 3605 901 3657 τῶν
921 3605 1236 3668 Σαϐϐάτων,
1261 3593 1402 3660 οὕτω
1430 3609 1521 3661 καὶ
1542 3608 1610 3662 τά
1641 3609 1897 3681 ’ᾼσματα

301 3695 415 3747 τῶν
461 3696 720 3765 ᾀσμάτων
774 3695 997 3766 μείζονά
1053 3715 1173 3750 τινα
1209 3698 1306 3750 καὶ
1361 3700 1737 3771 πνευματικὴν
1785 3700 1896 3771 ἕχει

305 3783 410 3853 τὴν
452 3785 673 3855 ἀγωγὴν
722 3785 873 3854 παρά
914 3785 983 3839 τά
1034 3788 1092 3839 ἐν
1135 3790 1257 3851 ταῖς
1292 3787 1478 3852 ἄλλαις
1516 3790 1757 3861 Γραφαῖς
1804 3807 1897 3859 γε·

310 3875 612 3946 γραμμένα
648 3876 887 3947 ᾄσματα.
917 3877 1093 3930 Πολλὰ
1121 3880 1231 3950 γὰρ
1260 3877 1478 3949 ᾅσματα
1507 3882 1563 3933 ὲν
1585 3883 1706 3944 ταῖς
1730 3880 1903 3945 θείαις

316 3967 571 4034 Γραφαῖς
620 3967 945 4038 γέγραπται.
1009 3971 1118 4023 Καὶ
1173 3970 1248 4027 ἴδε
1295 3971 1394 4041 τὴν
1440 3970 1684 4034 Μωσέως
1736 3971 1898 4043 ᾠδὴν,

317 4075 340 4108 σ
375 4057 636 4127 ᾍσωμεν
682 4058 755 4128 τῷ
808 4061 1058 4132 Κυρίῳ,›
1102 4061 1399 4130 λέγουσανυ
1463 4082 1480 4113 ι
1514 4063 1738 4131 ἐνδόξως
1795 4066 1904 4136 γὰρ

306 4148 647 4218 δεδόξασται,
677 4171 694 4200 ι
721 4153 812 4206 καὶ
836 4153 974 4207 ἄλλα
1002 4155 1102 4210 ὅσα
1138 4154 1249 4226 (19)
1282 4155 1535 4228 εὑρήσεις
1566 4157 1623 4209 ἐν
1648 4156 1727 4228 τῷ
1754 4158 1906 4230 νόμῳ

383 4334 429 4366 ⁸³
455 4334 627 4390 Exod.
682 4352 790 4403 xu,
839 4337 893 4393 l.
989 4404 996 4411 .

1993 2980 2022 3018 a
2050 2972 2235 3019 sancta
2270 2962 2553 3034 Scriptura
2584 2959 2825 3015 Sabbata
2879 2959 3253 3014 sabbatorum.
3279 2956 3395 3012 Illic
3425 2958 3570 3013 enim

1995 3065 2126 3112 sunt
2161 3055 2400 3112 Sabbata
2448 3054 2824 3118 sabbatorum,
2867 3053 3124 3108 nimirum
3161 3051 3328 3106 futuri
3385 3053 3570 3108 saeculi

1994 3147 2213 3217 requies
2262 3146 2621 3214 cmlestesque
2680 3143 2868 3214 dapes,
2938 3142 3319 3213 provenientes
3370 3156 3437 3197 ex
3489 3142 3575 3198 his

1995 3238 2245 3303 Sahbatis
2275 3252 2394 3307 quae
2412 3244 2539 3292 sunt
2564 3235 2709 3307 apud
2736 3250 2856 3303 nos,
2888 3234 2940 3290 id
2970 3245 3052 3291 est
3100 3251 3166 3289 ex
3214 3235 3516 3291 cessatione
3545 3252 3574 3289 a

1996 3329 2250 3400 peccatis.
2292 3328 2394 3395 Qui
2424 3327 2569 3383 enim
2601 3328 2657 3382 in
2686 3342 2923 3397 prmsens
2956 3342 2985 3380 a
3045 3326 3284 3396 peccatis
3325 3340 3577 3382 cessave.

1996 3423 2124 3487 rint,
2146 3421 2379 3492 perlecta
2406 3420 2589 3491 quiete
2620 3421 2673 3475 in
2711 3419 2891 3474 futuro
2920 3419 3117 3475 saeculo
3148 3418 3531 3489 perfruentur)
3559 3437 3575 3472 ε

1998 3512 2451 3580 quemadmodum
2492 3511 2659 3581 igitur
2715 3510 2803 3564 illa
2855 3508 3090 3565 Sabbata
3125 3509 3293 3564 multo
3337 3520 3463 3563 sunt
3495 3511 3578 3564 his

2001 3603 2252 3658 Sahbatis
2278 3603 2691 3671 praestantiora;
2723 3606 2793 3655 ita
2846 3600 3065 3656 Cantica
3094 3602 3428 3656 canticorum
3464 3616 3579 3655 ma-

1993 3696 2166 3763 jorem
2202 3694 2488 3763 quamdam
2535 3702 2591 3747 et
2644 3693 2980 3762 spiritualem
3018 3691 3217 3746 habent
3262 3691 3579 3759 iucundita-

2005 3800 2108 3841 tem
2146 3801 2254 3855 prae
2279 3785 2505 3840 canticis
2536 3800 2654 3852 quae
2688 3784 2739 3837 in
2779 3784 2993 3845 cmtcris
3028 3784 3322 3851 Scripturis
3378 3785 3578 3852 scripta

2006 3878 2365 3948 reperiuntur.
2392 3876 2557 3931 Plura
2584 3876 2726 3930 enim
2765 3876 2816 3929 in
2866 3875 3070 3929 sanctis
3122 3874 3419 3942 Scripturis
3455 3890 3578 3928 can-

2006 3971 2110 4026 tica
2145 3971 2343 4039 scripta
2381 3980 2533 4024 sunt.
2567 3967 2702 4022 Vide
2751 3968 3022 4022 canticum
3052 3964 3250 4037 Moysis
3283 3984 3297 4021 :
3330 3985 3349 4018 ι
3380 3963 3576 4022 caute-

2006 4080 2125 4119 mus
2175 4063 2423 4125 Domino,
2454 4081 2472 4112 ι
2504 4061 2580 4116 ait
2609 4062 2685 4129 ¹²;
2739 4079 2758 4112 ι
2792 4059 3022 4131 gloriose
3073 4062 3216 4115 enim
3245 4061 3581 4131 glorificatns

2007 4170 2126 4222 est;
2159 4177 2178 4209 ι
2205 4166 2258 4211 et
2279 4166 2474 4212 ca-tera
2499 4171 2616 4226 qua:
2636 4157 2688 4211 in
2708 4154 2825 4226 lege
2850 4155 3091 4227 reperies
3109 4156 3321 4212 cantica
3350 4166 3404 4211 et
3418 4155 3567 4209 odas-
3670 4186 3679 4195 ι

380 4512 464 4597 (β)
506 4512 982 4597 ιθκοιάθμνάτων.
1011 4517 1201 4597 libeat.
1231 4521 1314 4597 εἰς
1338 4519 1445 4597 τὴν
1482 4521 1760 4597 μακαρίαν
1794 4523 1888 4576 καὶ

1995 4525 2340 4597 glossemata.

305 4582 585 4652 ἀθάνατον
625 4586 997 4659 είσελάσομεν.
1024 4589 1193 4656 Quam
1229 4582 1511 4647 lectionem
1554 4593 1610 4647 in
1637 4582 1888 4648 'versione

310 4667 532 4707 uentus
563 4670 624 4707 Sil
634 4674 682 4707 Ill
692 4698 705 4710 .

389 4724 466 4793 (9)
508 4722 707 4777 Locum
743 4727 885 4800 hunc
927 4727 1104 4799 legere
1133 4741 1217 4784 est
1249 4745 1301 4783 tn
1344 4730 1786 4800 Expositionibus
1837 4732 1894 4785 in

314 4792 604 4873 Cumarum
624 4806 767 4851 cant.
803 4792 1003 4873 (ξι-αξρέ
1027 4800 1194 4873 _e_ditis
1220 4816 1248 4854 a
1285 4792 1518 4858 Mem-sio
1560 4801 1729 4873 Lugd.
1764 4802 1890 4861 Bal-

311 4864 630 4938 anosjtip,
665 4882 767 4938 pag
811 4869 865 4930 9,
898 4869 990 4921 litt.
1020 4870 1084 4923 15
1108 4886 1137 4923 a
1168 4873 1292 4923 line.

389 4934 507 5005 (10)
539 4935 723 5007 ,Ὀλον
740 4934 873 4991 'tor
901 4939 1052 4994 νοῦν
1077 4940 1320 5007 ἀναθεὶς
1350 4939 1430 5007 τῷ
1462 4941 1602 5007 Θεῷ,
1641 4941 1765 4995 Hum
1799 4941 1896 4993 ah-

318 5002 455 5058 sunt
500 5002 569 5057 ab
598 5007 1039 5075 Espositionihus
1074 5002 1412 5073 Meursia'uis,
1452 5024 1507 5065 et
1545 5002 1768 5067 delenda
1814 5015 1897 5064 vi-

309 5077 536 5136 dentur,
569 5089 625 5127 ut
654 5094 1114 5147 supervacaneum
1146 5083 1436 5148 glossema.

384 5168 499 5243 (ll)
544 5167 635 5243 _S_ic
669 5171 879 5225 restitui
920 5186 982 5225 ex
1016 5173 1137 5243 cod.
1170 5170 1384 5237 Tlteat.,
1407 5183 1458 5226 et
1490 5175 1569 5228 sic
1597 5183 1777 5243 postea
1814 5189 1897 5227 rc-

307 5241 426 5303 pc-ri
463 5243 516 5291 in
552 5240 988 5307 Expositionibus
1022 5258 1048 5294 a
1078 5241 1196 5295 Men
1213 5245 1320 5295 rsio
1343 5244 1519 5299 editis.
1548 5240 1703 5299 nam.
1736 5245 1897 5299 habet

302 5308 695 5376 ἐξάπτεσθαιο
735 5327 886 5365 meus
919 5313 1081 5366 habet
1113 5314 1451 5385 ἐφάπτηται.

394 5403 508 5469 (12)
552 5402 644 5458 Sic
680 5402 875 5460 Theat.
902 5407 970 5460 At
1005 5405 1167 5461 Barh.
1188 5418 1243 5462 et
1275 5423 1427 5464 mens
1456 5412 1793 5482 περιγραφή.

387 5496 505 5564 (15)
548 5495 820 5553 Lacunam
869 5501 970 5554 mei
1018 5500 1140 5559 cod.
1167 5510 1221 5554 et
1255 5498 1414 5554 Barb.
1445 5519 1507 5555 ex
1561 5504 1752 5557 Theat.
1796 5505 1902 5556 im-

306 5566 477 5644 ples‘i.
504 5565 772 5644 Craterum
788 5569 1076 5644 legendum
1114 5573 1325 5627 videtur
1345 5574 1474 5636 τοὺς
1497 5572 1604 5626 τῶν
1627 5572 1903 5644 λογισμῶν

304 5636 554 5706 ῐχοντας
582 5639 652 5692 τὰ
682 5638 840 5709 εύθῆ.

392 5728 618 5807 (Ηλᾚ
659 5729 928 5807 λέγεται,
973 5731 1012 5800 ἢ
1055 5736 1579 5804 προσαγορεύεται.
1632 5733 1753 5789 Haec
1798 5749 1903 5789 non

308 5803 569 5872 agnus-cit
609 5811 759 5858 vetus
811 5803 1112 5873 interpres,
1161 5815 1216 5860 et
1267 5803 1502 5873 delenda
1554 5806 1805 5863 \identur
1842 5819 1898 5863 ut

2071 4596 2183 4664 (t5)
2224 4596 2393 4668 Codd.
2419 4592 2579 4668 Barl).
2606 4601 2662 4646 et
2694 4588 2909 4668 auxia}.
2935 4591 3137 4646 habent
3172 4584 3573 4668 ὑπομνητρείς,

2002 4660 2223 4787 Τὶιἰ·;ιὲ.ἦ
2241 4665 2403 4721 habet
2436 4660 2810 4734 ύπομνησθής.
2866 4661 3051 4730 Itaque
3100 4661 3377 4714 emendth
3429 4660 3554 4706 ὑπο-

2014 4753 2155 4787 mmo
2230 4752 2278 4787 ς.

2013 4738 2278 4807 μνησθῇςο

2013 4895 2018 4897 ἓ
2074 4825 2185 4897 (16)
2228 4826 2414 4894 Ἔχει,
2445 4838 2567 4897 ιιυὲ
2591 4837 2696 4877 vox
2724 4820 2875 4875 deest
2903 4820 2956 4874 in
2993 4833 3111 4875 meo
3140 4817 3258 4873 cod.
3286 4826 3341 4870 et
3371 4815 3423 4870 lu
3453 4812 3582 4868 Bar-

2005 4894 2121 4950 ber.
2151 4894 2394 4965 Supplevi
2420 4910 2486 4950 ex
2508 4894 2703 4973 Theat.

2080 4987 2194 5058 (l7)
2235 4986 2544 5058 Legendum
2588 4982 2961 5058 censeosxsi.
2994 4977 3161 5058 yetus
3196 4976 3474 5058 interpres.
3504 4976 3584 5058 le-

2009 5044 2414 5129 gisse'videi'ur
2436 5057 2585 5129 ἐκεῖ·
2620 5055 2694 5107 ait
2728 5055 2912 5129 enim:
2951 5067 2970 5100 σ
2995 5047 3108 5129 ll_lic
3158 5045 3301 5129 enim
3349 5044 3584 5129 Sabbata

2006 5113 2357 5184 sabbatorum
2391 5126 2662 5194 futurique
2685 5122 2864 5196 s:ec_uli
2891 5119 3126 5188 requies,
3148 5126 3203 5170 et
3219 5113 3589 5196 prmsentium,

2013 5201 2308 5255 cumulatio
2364 5188 2723 5251 Sabbatorum
2780 5191 3000 5252 horum,
3048 5202 3167 5255 quae
3218 5188 3304 5242 hic
3355 5193 3586 5255 aguntur

2012 5281 2357 5338 prccatowm
2411 5265 2678 5338 segnitie,
2722 5260 3033 5338 reperitur;_
3063 5256 3153 5326 qui
3201 5257 3344 5338 enim
3399 5256 3487 5309 hic
3536 5257 3592 5337 in

2009 5325 2234 5410 peccata
2271 5339 2407 5409 pigri
2453 5325 2612 5410 sntit,
2657 5325 2836 5410 futuro
2876 5325 3349 5410 sztcculo’perl‘ecta
3399 5327 3586 5410 requie

2013 5397 2377 5480 perfracti-tur.
2406 5425 2425 5459 ι
2487 5404 2616 5480 Quae
2648 5402 2867 5480 referre
2920 5398 3025 5453 huc
3080 5397 3347 5480 voluimus
3372 5413 3403 5480 ;_
3429 5397 3590 5480 idque

2008 5467 2261 5550 subinde,
2296 5489 2358 5550 ut
2387 5490 2474 5531 res
2504 5467 2711 5535 tulerit,
2746 5469 3032 5550 faciemus,
3062 5476 3124 5527 ut
3152 5469 3350 5528 habeat
3390 5467 3583 5532 lector,

2013 5550 2140 5619 quid
2172 5540 2362 5603 de’tali
2395 5551 2697 5613 interprete
2724 5540 3022 5598 existimet.

2082 5645 2127 5718 (l
2141 5644 2195 5718 8)
2237 5642 2374 5712 Lege
2409 5640 2553 5715 ἀργή
2562 5656 2772 5707 σαντες.

2085 5740 2197 5811 (19)
2239 5739 2333 5794 Sic
2376 5735 2693 5795 Theatinus.
2729 5736 2794 5801 At
2828 5748 3001 5803 meus,
3041 5740 3094 5791 et
3126 5729 3350 5788 Barber.
3389 5725 3590 5783 habent

2014 5814 2178 5880 ἄλλας
2210 5812 2360 5877 ὅσας.
