4048 6212
319 359 391 419 33
1260 362 1664 419 ENARRA'IIU
1704 364 1772 417 ΙΝ
1821 365 2196 419 CANI'ICUM
2238 367 2712 425 CANTICORUM.
3525 376 3609 433 δι’

319 476 650 552 ομιλοῦντος
691 476 800 551 ατ)
832 475 993 550 αὐτῇ·
1034 496 1054 529 ι
1087 478 1373 544 Ἄκουσον,
1406 478 1668 552 θύγατερ,
1707 480 1801 534 καὶ
1830 480 1905 534 ἴδε

2041 503 2059 536 ι
2095 486 2252 551 Audi,
2305 486 2409 539 ﬁlia
2445 504 2459 539 :
2493 498 2544 539 et
2587 486 2728 550 vide,
2777 494 2829 541 et
2874 487 3067 542 inclina
3108 501 3292 544 aurem
3341 496 3518 552 tuam,
3548 500 3602 545 et

320 573 425 627 καὶ
481 571 668 625 κλῖνον
722 571 783 623 τὸ
830 565 931 634 οῦς
966 586 1094 623 σου’
1163 572 1255 624 καὶ
1314 571 1574 625 ἐπιλάθου
1640 572 1735 625 τοῦ
1794 573 1907 626 λαοί

2029 578 2229 633 οΙ›Ιίνίεη
2254 592 2345 633 ere
2382 581 2634 648 populum
2668 590 2814 634 tuum
2850 588 2903 633 et
2925 581 3140 636 domum
3171 582 3337 650 patris
3392 584 3469 637 tui
3503 601 3516 637 :
3550 592 3602 636 et

327 678 432 716 σου
472 661 608 733 (28),
642 660 730 715 καί
756 661 851 714 τοῦ
882 662 1032 715 οἴκου
1064 660 1158 715 τοῦ
1196 656 1409 732 πατρός
1443 680 1557 716 σου”
1610 666 1703 718 καὶ
1734 664 1907 717 ἐπιουι

2030 671 2373 737 concupisret
2429 686 2519 724 rex
2585 672 3037 740 pulchritudinem
3098 684 3278 737 tuam,
3326 678 3449 744 quia
3494 689 3602 745 ipse

334 755 508 825 μήσει
537 754 567 804 ό
597 750 849 821 βασιλεὺς
898 751 994 804 τοῦ
1035 752 1266 813 κάλλους
1314 768 1429 811 σου.
1483 754 1566 806 ὅτι
1608 754 1769 817 αὑτός
1807 757 1901 807 ὲστ

2024 769 2107 812 est
2143 759 2400 816 Dominus
2434 762 2572 816 Deus
2605 772 2727 817 tuus
2757 765 2801 795 ²²
2833 780 2848 817 :
2881 783 2900 816 ι
2933 775 2985 819 ει
3017 778 3204 819 rursus
3238 764 3409 822 Isaias
3433 766 3601 837 legiti-

334 845 541 918 Κύριός
562 861 674 898 σουο
722 864 743 895 ι
776 846 874 898 καὶ
904 844 1066 898 πάλιν
1106 845 1327 899 Ἡσαΐου
1359 845 1450 900 τὸν
1477 845 1697 917 ἔννομον
1722 847 1907 918 τιμῶν⁴

2028 866 2142 905 mas
2195 852 2466 907 honorans
2497 855 2732 924 nuptias,
2782 855 2913 909 dicit
2957 871 3002 910 et
3053 855 3099 887 "
3132 875 3145 911 :
3184 874 3202 907 ι
3238 857 3604 925 Quemadmo-

335 954 426 1000 τος
475 937 667 1007 γάμον.
706 937 804 989 καὶ
853 936 1109 1005 λέγοντος
1153 937 1319 1009 αὐτῇ·
1369 955 1387 988 ι
1431 938 1528 991 Ὃν
1582 939 1783 1009 τρόπον
1828 941 1907 993 εὐ-

2024 943 2148 995 dum
2182 943 2448 997 laetabitur
2478 960 2709 1015 sponsus
2740 948 2791 999 iu
2823 962 3042 1015 sponsa,
3080 948 3157 1001 sic
3194 948 3465 1004 ltctabitur
3498 949 3603 1004 Do-

331 1027 699 1098 φρανοήσεται
741 1027 977 1097 νυμφίος
1009 1027 1102 1080 ἐπὶ
1128 1031 1194 1099 τῇ
1223 1029 1431 1102 νύμφῃ,
1463 1029 1637 1094 οὕτως
1682 1032 1907 1104 εύφραν·

2025 1036 2207 1090 minus
2246 1038 2295 1089 in
2335 1047 2383 1090 te
2411 1038 2495 1105 ›);
2539 1039 2689 1106 quasi
2737 1039 2896 1106 igitur
2932 1039 3015 1093 his
3077 1039 3301 1108 aliisque
3341 1040 3601 1108 cjusmodi

331 1118 559 1190 θήσεται
587 1118 791 1189 Κύριος
819 1121 914 1172 ἐπὶ
937 1119 1020 1173 σοί
1058 1120 1133 1190 ›)’
1177 1119 1367 1192 ὥσπερ
1393 1118 1486 1175 οὖν
1515 1121 1720 1176 τούτων
1745 1126 1907 1179 ἐνωτιι

2033 1129 2376 1182 sermonibus
2406 1144 2597 1198 Sponsa
2632 1132 2876 1198 praebens
2902 1144 3060 1184 aures
3089 1130 3308 1197 clamat,
3354 1143 3406 1185 et
3435 1131 3597 1185 dicit:

332 1213 542 1283 ωμένη
583 1213 675 1264 καί
702 1212 876 1265 ἄλλων
913 1214 1116 1283 ὁμοίων
1152 1214 1185 1283 ἡ
1223 1212 1535 1285 καλουμένη
1566 1215 1751 1287 νύμφη
1784 1217 1907 1288 (29),

2034 1216 2316 1272 Osculelur
2340 1237 2421 1273 me
2452 1222 2515 1273 ab
2544 1221 2735 1274 osculis
2768 1222 2873 1275 oris
2906 1223 3009 1273 sui.
3039 1221 3115 1273 Tu
3147 1221 3331 1291 igitur,
3359 1222 3599 1292 quisquis

323 1305 601 1371 ἀναφωνεῖ
637 1304 731 1356 καὶ
763 1303 935 1372 λέγει’
966 1303 1282 1372 Φιλησάτω
1314 1323 1393 1376 με
1425 1306 1545 1361 ἀπὸ
1573 1307 1907 1378 φιλημάτων

2023 1310 2241 1366 Cantica
2280 1315 2610 1367 canticorum
2655 1316 2828 1378 audis,
2862 1316 3077 1383 quando
3117 1315 3394 1383 spirituale
3437 1326 3487 1370 et
3532 1319 3600 1371 ab

319 1397 617 1464 στόματος
653 1397 865 1451 αὐτοῦ.
899 1398 973 1452 Σὺ
1018 1397 1170 1466 γοῦν,
1213 1400 1321 1462 πᾶς
1365 1400 1394 1452 ὁ
1428 1399 1778 1472 ἀκροώμενος
1810 1400 1907 1454 τῶν

2019 1404 2163 1457 omni
2203 1396 2367 1459 carne
2409 1421 2601 1475 purum
2657 1408 2895 1462 osculum
2954 1409 3127 1473 audis,
3188 1409 3293 1462 noli
3367 1416 3598 1462 mentem

316 1489 714 1558 πνευματικῶν
739 1490 1023 1559 ᾀσμάτων,
1054 1491 1135 1544 ὅτι
1169 1491 1383 1563 φίλημα
1412 1493 1786 1562 πνευματικὸν
1820 1496 1907 1547 καὶ

2020 1496 2328 1551 carnalibus
2377 1498 2578 1553 lmdere
2618 1500 3002 1570 voluptatibus.
3039 1500 3291 1555 OScttlum
3320 1503 3463 1554 enim
3494 1502 3596 1569 spi.

314 1580 589 1652 ἄχραντον
622 1581 724 1651 τῆς
754 1580 960 1651 σαρκὸς
991 1580 1210 1645 ἀκούεις
1244 1582 1478 1653 φίλημα,
1509 1583 1584 1654 μὴ
1612 1583 1915 1655 τιτρώσκου

314 1676 416 1742 τὴν
459 1672 707 1726 διάνοιαν
759 1676 882 1736 ταῖς
916 1674 1015 1743 τῆς
1048 1675 1250 1746 σαρκὸς
1289 1674 1659 1747 ἡδυπαθείαις.
1702 1676 1916 1748 Φίλημα

319 1765 428 1835 γὰρ
494 1763 869 1834 πνευματικὸν
935 1764 1235 1835 φιλήματος
1303 1764 1570 1836 σαρκικοῦ
1633 1765 1768 1819 πολῦ
1821 1768 1916 1820 καὶ

326 1858 671 1928 ἀσυγκρίτως
702 1857 996 1927 διενήνοχε,
1031 1857 1341 1929 καθάπερή
1377 1859 1559 1929 ἡμέρα
1590 1858 1692 1930 τῆς
1723 1860 1916 1924 νυκτός

2023 1588 2213 1642 rituale
2265 1589 2470 1642 carnali
2520 1591 2704 1644 osculo
2744 1595 2912 1646 multo
2946 1603 3029 1647 est
3061 1603 3115 1646 et
3154 1596 3271 1647 sine
3311 1606 3600 1661 compara-

2018 1679 2164 1735 tione
2187 1682 2551 1749 praestantius.
2585 1683 2725 1737 sicut
2750 1684 2864 1739 dies
2890 1695 3099 1739 noctem
3126 1686 3327 1738 lumine
3353 1694 3596 1752 supcrat.

2018 1772 2493 1838 Quemadmodum
2519 1776 2662 1828 enim
2730 1792 2925 1846 corpus
2976 1787 3058 1831 est
3091 1778 3344 1840 animale,
3389 1788 3441 1831 et
3473 1792 3594 1832 cor-

2017 1880 2114 1933 pus
2144 1865 2422 1934 spirituale
2450 1865 2532 1919 “z
2572 1868 2643 1922 ita
2676 1866 2929 1923 osculum
2962 1880 3043 1925 est
3075 1871 3314 1936 carnale,
3348 1879 3402 1923 et
3434 1884 3596 1924 oscu-

327 1951 470 2017 φωτὶ
502 1949 904 2020 ἐπερίσσευσεν.
936 1949 1147 2021 Ὠσπερ
1179 1949 1289 2020 γὰρ
1325 1949 1441 2002 ἔστι
1472 1949 1631 2021 σῶμα
1661 1949 1907 2021 ψυχικὸν,

2017 1957 2125 2010 lum
2160 1958 2455 2027 Spiritnale.
2494 1958 2686 2013 Verum
2723 1962 2939 2016 carnale
2971 1972 3229 2017 terresue
3269 1971 3388 2028 est;
3430 1962 3587 2032 spiri-

320 2045 417 2096 καὶ
474 2043 590 2096 ἔστι
642 2042 798 2112 σῶμα
857 2041 1245 2112 πνευματικόν·
1292 2041 1467 2105 οὕτως
1513 2041 1630 2095 ἔστι
1698 2044 1911 2115 φίλημα

318 2134 607 2208 σαρκικὺν,
635 2138 729 2189 καὶ
775 2134 988 2205 φίλημα
1036 2134 1426 2205 πνευματικόν.
1481 2134 1642 2188 Ἀλλά
1689 2137 1750 2189 τὺ
1813 2138 1911 2208 μὲν

318 2226 583 2299 σαρκικδν
613 2228 854 2296 ἐπίγειον
874 2244 886 2257 ·
915 2226 977 2279 τὸ
1000 2226 1056 2279 δὲ
1080 2226 1449 2297 πνευματικὸν
1471 2227 1813 2300 ἐπουράνιον.
1845 2229 1911 2282 Ἡ

315 2322 494 2375 τοίνυν
541 2320 636 2374 ἐπὶ
684 2320 789 2391 γῆς
815 2318 968 2389 φιλία
1001 2319 1110 2390 (50)
1156 2317 1349 2389 ὲπιμίξ
1378 2321 1492 2372 ἐστι
1521 2319 1688 2374 καλοῦ
1726 2337 1786 2373 τε
1817 2322 1911 2374 καὶ

317 2412 512 2464 κακοῦ.
546 2409 705 2481 Καλὴ
730 2409 842 2481 γὰρ
869 2410 903 2479 ἡ
938 2409 1066 2480 περὶ
1088 2407 1264 2477 γάμον
1300 2406 1467 2476 φιλία,
1505 2407 1651 2478 κακὴ
1677 2407 1787 2476 δὲή
1814 2423 1911 2459 πε-

318 2504 376 2574 ρὶ
420 2502 695 2575 πορνείαν.
730 2500 805 2553 ού
858 2499 968 2572 γὰρ
1013 2499 1149 2570 πρὸς
1192 2499 1357 2570 μόνας
1387 2499 1488 2562 τάς
1523 2499 1628 2552 ὑπὸ
1653 2498 1788 2551 Θεοῦ
1817 2517 1912 2551 συ-

315 2596 639 2666 ζευχθεὶσας
666 2596 853 2657 αὐτοῖς
880 2594 1129 2664 νομίμως
1152 2590 1397 2664 γαμετὰς
1420 2591 1669 2644 ἕλκονται
1706 2590 1910 2653 πάντες

315 2686 397 2757 τῷ
432 2685 584 2756 πόθῳ
610 2685 742 2755 (τοῖς
764 2685 809 2738 δ’
836 2683 1198 2755 ἀρκουμένοις
1220 2682 1416 2752 τούτῳ,
1442 2680 1642 2748 ἀγαθόν
1675 2679 1757 2753 [51
1851 2680 1909 2746 ἐξ

318 2778 526 2847 ἀγαθοῦ
549 2778 656 2849 γάρ
690 2780 721 2831 ὁ
741 2776 964 2847 γάμος)·
991 2775 1126 2830 ἀλλὰ
1160 2775 1342 2829 πολλοὶ
1378 2774 1472 2828 καὶ
1509 2775 1648 2846 μετὰ
1678 2772 1911 2844 ἀνομίας

318 2870 678 2941 κλεψιγάμοις
725 2870 908 2931 εὐναῖς
964 2868 1387 2941 συμπλέκονται,
1427 2866 1707 2938 δεινοτάτῃ
1755 2866 1909 2937 φιλίᾳ

312 2960 849 3035 οίστρηλατούμενοι·
897 2960 1019 3030 ἣτις
1051 2960 1233 3024 αὐτοῖς
1278 2960 1360 3023 είς
1396 2956 1597 3030 ἔχθραν
1637 2974 1909 3028 μετατρα-

314 3055 570 3125 πήσεται,
600 3055 734 3107 ὅταν
772 3052 915 3107 κατά
958 3052 1174 3106 πάντων
1201 3050 1311 3104 τῶν
1338 3050 1597 3122 κρυπτῶν
1641 3048 1907 3119 ὲποπτικὴ

309 3144 403 3199 τοῦ
436 3144 576 3198 Θεοῦ
614 3143 795 3216 κρίσις
847 3144 1211 3215 παραγίνεται
1270 3143 1485 3212 ἑκάστῳ
1529 3141 1596 3195 τὰ
1638 3140 1762 3208 ἄξια
1808 3158 1906 3194 τα-

313 3232 666 3303 μιεύσασθαι.
723 3232 786 3285 Ἦ
834 3231 890 3285 δὲ
943 3230 1148 3286 ἀνωθεν
1203 3232 1297 3285 καὶ
1344 3232 1473 3303 περὶ
1505 3230 1573 3284 τά
1602 3231 1714 3285 ἄνω
1754 3229 1904 3300 φιλία

312 3323 441 3391 ἁγία
470 3323 641 3387 ἐστὶν,
670 3320 922 3384 αἰωνίους
942 3321 1040 3385 τάς
1061 3320 1401 3392 γλυκύτητας
1432 3320 1629 3392 ἔχουσα
1648 3361 1661 3384 ,
1694 3322 1904 3375 ἀκατα-

308 3414 589 3477 παύστους
644 3414 745 3478 τὰς
778 3412 1115 3485 εὐφροσύνας
1142 3412 1402 3484 βρύουσα,
1432 3412 1771 3484 ἀπεράντους
1806 3414 1906 3477 τὰς

306 3506 538 3570 εὐωδίας
581 3507 842 3571 πνέουσα,
875 3507 1149 3578 ἀρρήτους
1180 3507 1280 3570 τὰς
1304 3505 1474 3571 δόξας
1506 3505 1723 3577 ἔχουσα,
1750 3507 1904 3576 ίσαγ-

306 3599 504 3667 τέλους
556 3597 657 3661 τὰς
703 3598 873 3668 τιμὰς
916 3597 1178 3670 φέρουσα,
1207 3598 1371 3651 αὐτὸν
1411 3598 1501 3650 τὸν
1542 3599 1903 3669 ἀγαπήσαντα

311 3693 461 3763 ἡμᾶς
506 3689 713 3763 Κύριον
757 3693 891 3762 ἡμῖν
932 3688 1348 3764 ἑσοπτρίζουσα,
1390 3690 1490 3762 τὴν
1532 3690 1669 3761 πρὸς
1699 3690 1789 3743 τὸν
1815 3693 1904 3743 Δε-

309 3784 520 3854 σπότην
544 3784 861 3856 παρρησίαν
889 3781 1246 3856 προξενοῦσα,
1271 3781 1331 3834 τὸ
1369 3782 1656 3854 ἰσόρροπον
1680 3781 1780 3852 τῆς
1820 3781 1901 3835 δι-

310 3876 610 3947 καιοσύνης
644 3876 940 3945 ἐπάγουσα,
978 3874 1074 3929 καὶ
1125 3875 1218 3927 ἐπὶ
1276 3874 1382 3944 γῆς
1430 3873 1524 3928 καὶ
1566 3876 1622 3926 ὲν
1655 3874 1904 3944 οὐρανοῖς

315 3970 493 4041 τιμὴν
536 3970 630 4023 καὶ
665 3971 813 4037 δόξαν
847 3969 1113 4041 φέρουσα.
1152 3968 1423 4039 ’Δκήκοας
1467 3966 1767 4038 φιλήματος
1809 3965 1905 4017 καὶ

317 4062 640 4133 φιλήματος
672 4062 921 4134 διαφορὰν
977 4062 1070 4115 καὶ
1112 4059 1386 4132 διάκρισιν
1422 4058 1571 4129 (5‘2);
1623 4058 1796 4111 Γνῶθι
1844 4060 1905 4111 τὸ

2024 2048 2165 2104 tuale
2219 2060 2301 2104 est
2354 2050 2593 2104 caeleste.
2649 2052 2815 2106 Amor
2849 2053 3012 2124 igitur
3051 2053 3103 2107 in
3153 2054 3254 2108 hac
3287 2064 3429 2108 terra
3472 2068 3601 2123 pro~

2016 2140 2223 2195 miscue
2265 2149 2349 2196 est
2393 2152 2505 2196 tum
2544 2144 2668 2197 boni
2718 2154 2828 2197 tum
2880 2144 3023 2197 mali.
3082 2144 3261 2199 Bonus
3314 2146 3456 2199 enim
3512 2155 3597 2200 est

2015 2240 2167 2280 amor
2222 2227 2272 2281 in
2327 2230 2546 2298 nuptiis,
2608 2232 2884 2300 improbus
2944 2233 2995 2286 in
3046 2232 3434 2301 fornicatione;
3488 2251 3594 2289 nou

2017 2317 2161 2372 enim
2196 2333 2385 2375 omnes
2427 2323 2695 2378 desiderio
2749 2326 2814 2378 ad
2871 2325 3012 2381 solas
3040 2326 3328 2380 trahuntur
3373 2341 3592 2391 uxores,

2019 2425 2142 2480 quae
2198 2410 2305 2466 illis
2348 2428 2376 2465 a
2436 2413 2543 2469 Deo
2587 2414 2824 2482 legitime
2876 2424 2998 2471 sunt
3036 2418 3372 2487 conjunctm;
3423 2427 3475 2471 et
3527 2418 3595 2473 iis

2012 2503 2232 2570 quidem
2289 2505 2379 2572 qui
2426 2519 2489 2557 eo
2540 2507 2780 2559 contenti
2831 2516 2976 2569 sunt,
3018 2509 3067 2560 id
3120 2509 3320 2562 bonum
3356 2520 3437 2562 est
3473 2526 3487 2561 :
3524 2523 3592 2562 ex

2010 2591 2154 2646 bono
2178 2592 2320 2645 enim
2354 2593 2572 2662 nuptite.
2607 2592 2804 2646 Verum
2854 2596 3002 2647 multi
3037 2596 3235 2649 furtivo
3305 2595 3593 2650 concubitu

2013 2699 2134 2739 cum
2164 2683 2357 2738 alienis
2388 2685 2647 2739 uxoribus
2673 2686 3119 2750 ronnniscemur,
3158 2686 3365 2741 nefario
3394 2689 3584 2757 perciti

2012 2791 2239 2841 amore;
2292 2776 2382 2846 qui
2426 2776 2642 2847 quidem
2680 2779 2731 2831 in
2764 2778 2944 2832 odium
2973 2779 3079 2833 illis
3108 2787 3300 2844 vertet,
3341 2792 3461 2833 cum
3500 2778 3596 2834 Dei

2005 2868 2272 2936 jndiéium
2309 2869 2518 2922 occulta
2555 2884 2783 2940 qua‘que
2818 2871 3154 2939 perspiciens
3204 2870 3501 2938 advenerit,
3530 2881 3595 2927 ut

2012 2976 2170 3014 suum
2209 2976 2317 3029 quo
2348 2961 2574 3030 quisth
2603 2963 2796 3031 dignus
2823 2971 2925 3026 cst,
2960 2963 3247 3032 unicuique
3279 2963 3592 3022 distribuat.

2014 3052 2247 3108 Sanctus
2308 3064 2489 3107 autem
2549 3068 3014 3124 snpernarum‘qne
3073 3064 3252 3110 rerum
3305 3070 3458 3111 amor
3505 3056 3594 3113 ille

2017 3153 2120 3209 est,
2158 3145 2251 3214 qui
2283 3136 2524 3199 inﬁnitas
2564 3145 2806 3197 continet
2840 3146 3190 3212 dulcedines;
3255 3148 3344 3216 qui
3379 3149 3591 3217 gaudiis

2013 3248 2289 3305 nunquam
2324 3233 2702 3289 deficientibus
2736 3244 2940 3301 scatet;
2997 3237 3426 3293 interminabiles
3463 3239 3596 3292 odo-

2015 3342 2131 3382 rum
2164 3328 2334 3399 spirat
2371 3310 2665 3382 suavitates
2699 3344 2713 3393 ;
2757 3328 3080 3384 iuell'abilcm
3121 3330 3279 3384 habet
3321 3328 3589 3400 gloriam;

2012 3420 2251 3475 honores
2308 3418 2463 3474 aﬂ‘ert
2521 3421 2781 3489 angelicis
2817 3422 3116 3476 honoribus
3159 3434 3355 3490 pares;
3415 3404 3592 3490 ipsum

2012 3510 2297 3564 Dominum
2331 3509 2423 3578 qui
2455 3524 2553 3562 nos
2577 3508 2787 3572 dilexit,
2823 3520 3077 3581 tanquam
3110 3509 3164 3563 in
3197 3508 3417 3580 speculo
3440 3509 3593 3563 nobis

2008 3601 2376 3672 aSpiciendnm
2416 3603 2675 3667 exhibet;
2724 3602 2975 3656 ﬁduciam
3025 3605 3091 3657 ad
3139 3602 3420 3657 Dominum
3452 3616 3591 3672 prte-

2009 3697 2132 3759 bet;
2186 3694 2495 3763 aequitatem
2545 3694 2769 3765 justitia:
2814 3692 3011 3760 aﬂ‘ert;
3065 3703 3120 3748 et
3166 3694 3220 3748 in
3264 3704 3404 3748 terra
3444 3702 3499 3748 et
3536 3693 3590 3749 in

2012 3786 2167 3841 caelis
2192 3785 2453 3839 honorem
2492 3795 2543 3838 et
2574 3786 2802 3853 gloriam
2840 3788 3003 3854 parit.
3041 3786 3250 3842 Audisti
3277 3788 3418 3841 inter
3442 3800 3591 3840 oscu-

2012 3875 2123 3929 lum
2156 3885 2213 3930 ct
2255 3877 2501 3930 osculum
2538 3878 2895 3931 diﬂ'erentiam
2940 3889 2992 3932 et
3030 3877 3375 3949 'discrimen?
3418 3875 3592 3930 Nosce

2017 3968 2144 4035 quid
2187 3968 2329 4022 inter
2370 3979 2661 4036 utrumque
2691 3967 2905 4021 intersit
2936 3986 2949 4020 :
2985 3968 3195 4037 seligito
3221 3969 3360 4036 quod
3398 3966 3591 4021 melius

2011 4069 2095 4114 est
2129 4078 2142 4113 :
2178 4059 2298 4128 lnge
2330 4063 2471 4129 quod
2502 4062 2642 4114 laedit
2678 4078 2691 4113 :
2724 4070 2846 4116 tene
2881 4062 3021 4131 quod
3054 4060 3282 4115 salutem
3313 4061 3476 4132 parit.

302 4157 594 4226 διάφορον,
655 4153 860 4219 ἕκλεξαι
919 4153 983 4206 τὸ
1029 4155 1295 4224 κρεῖττον,
1344 4149 1482 4219 φύγε
1537 4149 1597 4203 τὸ
1636 4148 1894 4220 βλάπτον,
1936 4151 2129 4223 κράτει
2150 4151 2211 4205 τὸ
2238 4151 2409 4217 σῶζον
2439 4151 2574 4223 (55).

374 4246 699 4315 Φιλησάτω
720 4264 798 4318 με
828 4245 949 4301 ἀπὸ
978 4244 1329 4316 φιλημάτων
1358 4245 1658 4314 στόματος
1691 4243 1903 4298 αὐτοῦ·

304 4342 604 4400 τουτέστιν,
651 4342 681 4393 ὁ
721 4340 867 4403 Υἱός.
896 4340 1046 4395 Ἀνω
1086 4340 1185 4411 τῆς
1225 4336 1465 4400 διανοίας
1516 4335 1578 4390 τὸ
1624 4336 1808 4407 ὄμμα·
1839 4338 1901 4390 οὐ

303 4436 417 4506 γάρ
462 4432 730 4504 σαρκικδν
780 4432 844 4486 τὸ
892 4432 1205 4502 λεγόμενον,
1251 4428 1387 4484 ἀλλὰ
1428 4428 1800 4499 πνευματικὸν
1844 4428 1904 4481 τὸ

309 4526 813 4598 προφητευόμενον.
872 4523 948 4577 Οὐ
992 4522 1237 4594 βούλεται
1279 4521 1388 4593 γὰρ
1443 4519 1555 4591 (δι)
1606 4519 1694 4573 διὰ
1739 4519 1902 4589 μόνου

308 4614 583 4684 στόματος
626 4612 925 4687 προφητῶν
965 4611 1299 4683 διδαχθῆναν
1349 4609 1464 4664 ἀλλ’
1496 4609 1679 4674 αὐτὸς,
1718 4612 1901 4681 φησὶν,

2084 4247 2370 4302 Osculelur
2413 4263 2493 4301 me
2532 4249 2598 4301 ab
2633 4246 2828 4302 osculis
2857 4248 2963 4302 oris
2993 4249 3117 4302 sui:
3140 4248 3349 4303 scilicet
3393 4247 3584 4306 Filius.

2013 4338 2240 4394 Sursum
2273 4337 2422 4404 erige
2448 4338 2645 4391 mentis
2671 4337 2910 4391 oculum.
2946 4337 3059 4392 Non
3086 4338 3227 4393 enim
3263 4338 3478 4393 carnale
3503 4349 3588 4395 est

2010 4430 2063 4484 id
2103 4430 2169 4485 de
2195 4444 2301 4499 quo
2332 4439 2414 4483 est
2446 4443 2625 4484 sermo
2654 4447 2669 4496 ;
2718 4432 2811 4485 sed
2843 4430 3142 4499 Spiriltmlc,
3179 4430 3319 4497 quod
3354 4433 3587 4501 prOphe-

2012 4522 2116 4576 tice
2166 4520 2384 4574 dicitur.
2424 4519 2537 4573 Non
2572 4523 2716 4574 enim
2751 4521 3087 4575 solummodo
3121 4537 3215 4593 per
3256 4536 3317 4578 os
3357 4525 3588 4592 propheo

2019 4625 2193 4667 tarum
2222 4611 2401 4665 doceri
2436 4613 2589 4677 vult;
2622 4614 2714 4667 sed
2749 4614 2880 4682 ipse,
2912 4615 3109 4684 inquit,
3162 4616 3382 4669 accedat
3410 4624 3461 4666 et
3500 4629 3586 4668 me

304 4705 589 4776 ὲγγισάτω
643 4706 738 4759 καὶ
784 4704 1048 4769 διδαξάτω
1090 4721 1155 4775 με
1190 4703 1340 4768 Υίός.
1377 4701 1603 4773 Μεγάλη
1643 4702 1752 4774 γάρ
1787 4702 1898 4773 (55)

2010 4705 2194 4759 doceat
2222 4701 2411 4757 Filius.
2443 4701 2634 4756 Gravis
2670 4707 2834 4769 enim,
2876 4705 3052 4758 aiebat
3098 4705 3366 4773 quondam
3398 4702 3584 4758 Eccle-

346 4862 351 4869 ·
385 4845 434 4876 ’³
461 4843 602 4898 Psal.
651 4859 800 4907 thv,
840 4840 928 4896 i0.
1003 4839 1049 4873 “
1080 4839 1184 4895 lsa.
1215 4855 1351 4905 tht,
1377 4839 1432 4895 5.
1506 4839 1552 4872 “
1580 4838 1598 4893 Ι
1622 4837 1748 4897 Cor.
1782 4854 1869 4905 xv,
1897 4836 1986 4893 44.

383 4976 507 5049 (27)
528 4976 635 5049 Δεἰς
675 4991 852 5043 meus,
881 4985 936 5031 et
966 4973 1129 5030 Barb.
1154 4983 1209 5030 et
1235 4972 1432 5029 Theat.
1459 4972 1517 5028 lu
1554 4973 1890 5032 Vallicellan.

303 5047 791 5122 συμεξσυὶεύογτος·

372 5114 492 5193 (28)
533 5119 762 5173 ιίεειίιυὶ
792 5133 909 5181 σου,
934 5131 1055 5187 quae
1080 5114 1270 5170 vocula
1294 5130 1323 5170 a
1356 5129 1478 5170 meo
1500 5116 1622 5171 cod.
1650 5125 1705 5171 et
1732 5114 1888 5174 Barb.

538 5257 659 5313 Yet.
690 5260 918 5328 interpr.
956 5276 974 5309 ι
1004 5266 1226 5312 evocata
1268 5270 1486 5329 sponsa.
1517 5275 1535 5309 ι
1560 5255 1685 5329 _Sed
1719 5256 1891 5329 ﬂ‘xa-

294 5325 545 5402 λουμένῃ
570 5329 759 5400 νύμφη
788 5325 935 5402 idem
956 5337 1128 5402 estate
1158 5326 1481 5402 simpliciter
1513 5325 1749 5398 νύμφη(
1768 5325 1887 5381 Vid.

296 5396 614 5459 (inminent.
642 5396 824 5454 ineunt
872 5399 938 5453 ad
987 5396 1175 5451 Electr.
1240 5397 1521 5467 Sophocl.,
1560 5396 1626 5452 ad
1679 5396 1892 5453 versum

375 5545 493 5616 (.50)
526 5542 786 5616 Valjicejl.
813 5537 1215 5616 φιλανθρωπία,

374 5609 493 5685 (51)
541 5611 1053 5685 Τοῖςηδξῌάρκουέιμ.
1092 5625 1145 5662 τ.
1179 5609 1426 5685 ἀγαθόν.
1453 5610 1563 5685 _Sic
1584 5610 1889 5685 interpun-

333 5678 544 5740 t-ndtim
570 5678 860 5738 ex'Vallic.
890 5692 945 5735 et
981 5679 1173 5734 Theat.
1199 5679 1375 5751 τούτῳ
1410 5678 1489 5751 τῷ
1528 5679 1717 5751 πόθῳ,
1756 5678 1888 5732 Bar-

318 5750 552 5819 ierinus,
594 5764 648 5808 et
680 5767 835 5807 meus
882 5749 1310 5821 liabcntjroﬁto,
1341 5749 1397 5806 et
1432 5749 1664 5821 pravam
1708 5749 1880 5805 inter-

296 5825 652 5899 punctionem
682 5824 888 5879 habent
914 5820 1073 5893 hujus
1103 5819 1227 5879 loci.

2074 4970 2185 5043 ('52)
2223 4969 2387 5025 Vetus
2442 4966 2708 5043 interpres
2754 4968 2954 5043 vertit:
2998 4984 3018 5017 ι
3070 4965 3316 5043 Audistis
3363 4966 3581 5043 qnidgm

1999 5034 2178 5099 osculi
2225 5050 2278 5094 et
2311 5037 2483 5092 osculi
2534 5034 2892 5091 dilferentiam
2937 5047 3096 5104 atque
3146 5034 3435 5102 judicium.
3478 5038 3583 5094 Co-

2001 5110 2652 5185 gtiosce_discr-ctionem.
2685 5107 2833 5185 Elige
2863 5108 3000 5185 quod
3025 5107 3220 5185 melius
3239 5115 3341 5171 est,
3377 5125 3394 5156 ι
3423 5118 3529 5185 etc.

2074 5183 2186 5253 (55)
2222 5180 2593 5253 Vetus__versio
2623 5180 2869 5253 quaedam
2904 5178 2991 5231 hic
3025 5177 3209 5241 habet,
3247 5190 3367 5247 qua
3387 5179 3582 5234 absunt

1999 5248 2348 5309 aboninihns
2382 5250 2587 5305 Guecis
2616 5248 2912 5302 codicibus.

2072 5325 2185 5395 (54)
2232 5320 2465 5376 Restitni
2498 5318 2607 5391 γάρ
2659 5334 2726 5374 ex
2761 5317 2882 5372 aliis
2942 5315 3098 5372 codd.
3136 5316 3304 5374 Abest
3347 5318 3490 5373 enim
3548 5334 3578 5375 ο

1995 5394 2171 5449 Barh;
2190 5402 2244 5447 et
2280 5407 2420 5446 meo.

2067 5465 2176 5536 ('55)
2223 5462 2432 5536 Haecin
2463 5462 2631 5536 veteri
2670 5458 2920 5536 versione
2950 5457 3161 5536 reddita
3193 5467 3317 5536 sunt
3349 5473 3576 5536 perver-

1990 5528 2247 5592 sissiuie:
2286 5550 2306 5582 ι
2336 5532 2504 5585 Mater
2538 5531 2681 5583 enim
2714 5543 2829 5582 mea
2879 5528 3122 5583 Ecclesia
3172 5529 3467 5597 aliquando
3498 5528 3577 5583 di-

1989 5608 2145 5661 cebat
2171 5621 2184 5656 :
2214 5602 2429 5657 Pusillis
2456 5616 2560 5655 non
2587 5599 2876 5665 salvabor;
2911 5616 3163 5670 magnum
3195 5610 3248 5653 et
3277 5597 3575 5667 perfectum

1989 5675 2259 5730 medicum
2321 5673 2631 5740 requiram,
2680 5684 2829 5724 mero
2868 5669 3081 5740 perfusa
3140 5685 3296 5729 sum,
3334 5669 3576 5740 tenebrat

1994 5688 2259 5730 tltedlcutn
2321 5688 2378 5726 re
2421 5688 2631 5732 atram,
2680 5688 2829 5724 mero
2868 5688 3081 5740 pertttsa
3140 5688 3296 5729 sum,
3338 5688 3576 5722 tenebrat

1994 5754 2127 5818 sunt
2147 5688 2529 5818 lucernattlcgis
2552 5750 2607 5796 et
2626 5741 2901 5818 prophetae
2928 5744 3034 5795 :ait
3062 5740 3203 5794 enim
3230 5752 3303 5818 ιιι
3332 5736 3576 5816 Lucerna

1992 5815 2214 5887 pedibus
2281 5815 2414 5868 meis
2465 5813 2548 5868 lex
2589 5822 2717 5879 tua,
2772 5821 2827 5867 et
2884 5812 3062 5866 lumen
3110 5812 3317 5864 semitis
3370 5812 3574 5861 meis.)
