  <div class='ocr_page' id='page_1' title='image "/cluster/home/n/w/nwhite01/storage/ocr_20150623/40/hvd.32044073501843/026.png"; bbox 0 0 4036 6208; ppageno 0'>
   <div class='ocr_carea' id='block_1_1' title="bbox 294 219 3588 331">
    <p class='ocr_par' dir='ltr' id='par_1_1' title="bbox 294 219 3588 331">
     <span class='ocr_line' id='line_1_1' title="bbox 294 219 3588 331; baseline 0.007 -22"><span class='ocrx_word' id='word_1_1' title='bbox 294 270 368 323; x_wconf 75' lang='lat'><strong>37</strong></span> <span class='ocrx_word' id='word_1_2' title='bbox 1232 258 1640 318; x_wconf 75' lang='lat' dir='ltr'><strong>ENARRATIO</strong></span> <span class='ocrx_word' id='word_1_3' title='bbox 1682 258 1750 315; x_wconf 81' lang='lat' dir='ltr'><strong>IN</strong></span> <span class='ocrx_word' id='word_1_4' title='bbox 1788 258 2144 321; x_wconf 79' lang='lat' dir='ltr'><strong>CANTICUM</strong></span> <span class='ocrx_word' id='word_1_5' title='bbox 2184 219 2665 327; x_wconf 78' lang='lat' dir='ltr'><strong>CANTICORUM.</strong></span> <span class='ocrx_word' id='word_1_6' title='bbox 3510 268 3588 331; x_wconf 78' lang='lat'><strong>38</strong></span> 
     </span>
    </p>
   </div>
   <div class='ocr_carea' id='block_1_2' title="bbox 296 377 3639 468">
    <p class='ocr_par' dir='ltr' id='par_1_2' title="bbox 296 377 3639 468">
     <span class='ocr_line' id='line_1_2' title="bbox 296 377 3639 468; baseline 0.008 -42"><span class='ocrx_word' id='word_1_7' title='bbox 296 387 414 442; x_wconf 63' lang='grc' dir='ltr'><strong>ἀπ),</strong></span> <span class='ocrx_word' id='word_1_8' title='bbox 476 379 769 456; x_wconf 73' lang='grc' dir='ltr'>προσὼτωυ</span> <span class='ocrx_word' id='word_1_9' title='bbox 828 377 1162 468; x_wconf 74' lang='grc' dir='ltr'>εὐπρεπείας</span> <span class='ocrx_word' id='word_1_10' title='bbox 1226 377 1385 451; x_wconf 80' lang='grc' dir='ltr'>δόξης</span> <span class='ocrx_word' id='word_1_11' title='bbox 1448 379 1647 435; x_wconf 85' lang='grc' dir='ltr'>αὑτοῦ·</span> <span class='ocrx_word' id='word_1_12' title='bbox 1702 401 1721 433; x_wconf 75' lang='grc' dir='ltr'><strong>ι</strong></span> <span class='ocrx_word' id='word_1_13' title='bbox 1783 383 1880 454; x_wconf 75' lang='grc' dir='ltr'>τὴν</span> <span class='ocrx_word' id='word_1_14' title='bbox 1923 384 2225 457; x_wconf 73' lang='grc' dir='ltr'>ὑπερϐολὴν</span> <span class='ocrx_word' id='word_1_15' title='bbox 2267 387 2369 457; x_wconf 83' lang='grc' dir='ltr'>τῆς</span> <span class='ocrx_word' id='word_1_16' title='bbox 2406 388 2706 459; x_wconf 78' lang='grc' dir='ltr'>εὑφρασίας</span> <span class='ocrx_word' id='word_1_17' title='bbox 2742 390 2852 445; x_wconf 86' lang='grc' dir='ltr'><strong>τῶν</strong></span> <span class='ocrx_word' id='word_1_18' title='bbox 2899 392 2991 446; x_wconf 80' lang='grc' dir='ltr'><strong>τοῦ</strong></span> <span class='ocrx_word' id='word_1_19' title='bbox 3058 393 3193 449; x_wconf 84' lang='grc' dir='ltr'>Θεοῦ</span> <span class='ocrx_word' id='word_1_20' title='bbox 3260 393 3455 466; x_wconf 86' lang='grc' dir='ltr'>λογίων</span> <span class='ocrx_word' id='word_1_21' title='bbox 3494 397 3588 451; x_wconf 73' lang='grc' dir='ltr'><strong>ἐκ·</strong></span> <span class='ocrx_word' id='word_1_22' title='bbox 3636 440 3639 445; x_wconf 50' lang='grc' dir='ltr'><strong><em>ν</em></strong></span> 
     </span>
    </p>
   </div>
   <div class='ocr_carea' id='block_1_3' title="bbox 300 481 708 551">
    <p class='ocr_par' dir='ltr' id='par_1_3' title="bbox 300 481 708 551">
     <span class='ocr_line' id='line_1_3' title="bbox 300 481 708 551; baseline -0.017 -17"><span class='ocrx_word' id='word_1_23' title='bbox 300 481 524 551; x_wconf 78' lang='grc' dir='ltr'>πληττό</span> <span class='ocrx_word' id='word_1_24' title='bbox 531 492 708 551; x_wconf 82' lang='grc' dir='ltr'>μενος.</span> 
     </span>
    </p>
   </div>
   <div class='ocr_carea' id='block_1_4' title="bbox 384 558 1905 641">
    <p class='ocr_par' dir='ltr' id='par_1_4' title="bbox 384 561 1900 636">
     <span class='ocr_line' id='line_1_4' title="bbox 384 561 1900 636; baseline -0.003 -14"><span class='ocrx_word' id='word_1_25' title='bbox 384 571 469 625; x_wconf 64' lang='grc'><strong>[⁵⁸.</strong></span> <span class='ocrx_word' id='word_1_26' title='bbox 494 568 591 621; x_wconf 64' lang='lat' dir='ltr'><strong>Et.</strong></span> <span class='ocrx_word' id='word_1_27' title='bbox 627 566 687 636; x_wconf 82' lang='grc' dir='ltr'><strong>β’.</strong></span> <span class='ocrx_word' id='word_1_28' title='bbox 717 562 826 619; x_wconf 71' lang='grc' dir='ltr'><strong>Καὶ</strong></span> <span class='ocrx_word' id='word_1_29' title='bbox 864 561 1026 633; x_wconf 78' lang='grc' dir='ltr'>ὀσμὴ</span> <span class='ocrx_word' id='word_1_30' title='bbox 1047 562 1254 633; x_wconf 80' lang='grc' dir='ltr'><strong>μύρων</strong></span> <span class='ocrx_word' id='word_1_31' title='bbox 1279 578 1395 617; x_wconf 85' lang='grc' dir='ltr'>σου</span> <span class='ocrx_word' id='word_1_32' title='bbox 1424 563 1577 633; x_wconf 82' lang='grc' dir='ltr'>ὑπὲρ</span> <span class='ocrx_word' id='word_1_33' title='bbox 1607 563 1803 618; x_wconf 80' lang='grc' dir='ltr'>πάντα</span> <span class='ocrx_word' id='word_1_34' title='bbox 1827 564 1900 618; x_wconf 83' lang='grc' dir='ltr'>τὰ</span> 
     </span>
    </p>
   </div>
   <div class='ocr_carea' id='block_1_5' title="bbox 2015 558 3589 641">
    <p class='ocr_par' dir='ltr' id='par_1_5' title="bbox 2077 558 3589 641">
     <span class='ocr_line' id='line_1_5' title="bbox 2077 558 3589 641; baseline 0.007 -26"><span class='ocrx_word' id='word_1_35' title='bbox 2077 561 2165 615; x_wconf 87' lang='lat' dir='ltr'><strong>Ill.</strong></span> <span class='ocrx_word' id='word_1_36' title='bbox 2209 558 2374 615; x_wconf 68' lang='lat' dir='ltr'><strong>Vsus.</strong></span> <span class='ocrx_word' id='word_1_37' title='bbox 2414 561 2468 615; x_wconf 68' lang='grc'><strong>2.</strong></span> <span class='ocrx_word' id='word_1_38' title='bbox 2512 560 2579 614; x_wconf 85' lang='lat' dir='ltr'><strong>Et</strong></span> <span class='ocrx_word' id='word_1_39' title='bbox 2606 562 2739 617; x_wconf 86' lang='lat' dir='ltr'><strong>odor</strong></span> <span class='ocrx_word' id='word_1_40' title='bbox 2762 575 3141 633; x_wconf 77' lang='lat' dir='ltr'><strong>unguentorum</strong></span> <span class='ocrx_word' id='word_1_41' title='bbox 3187 576 3397 623; x_wconf 79' lang='lat' dir='ltr'><strong>tuorum</strong></span> <span class='ocrx_word' id='word_1_42' title='bbox 3436 588 3589 641; x_wconf 74' lang='lat' dir='ltr'><strong>super</strong></span> 
     </span>
    </p>
   </div>
   <div class='ocr_carea' id='block_1_6' title="bbox 316 664 614 730">
    <p class='ocr_par' dir='ltr' id='par_1_6' title="bbox 316 664 614 730">
     <span class='ocr_line' id='line_1_6' title="bbox 316 664 614 730; baseline -0.02 -13"><span class='ocrx_word' id='word_1_43' title='bbox 316 664 614 730; x_wconf 79' lang='grc' dir='ltr'><strong>ἀρώματα.</strong></span> 
     </span>
    </p>
   </div>
   <div class='ocr_carea' id='block_1_7' title="bbox 359 681 1902 820">
    <p class='ocr_par' dir='ltr' id='par_1_7' title="bbox 359 681 1902 820">
     <span class='ocr_line' id='line_1_7' title="bbox 359 681 1902 820; baseline -0.004 -13"><span class='ocrx_word' id='word_1_44' title='bbox 359 681 861 820; x_wconf 52' lang='grc' dir='ltr'>μὲίὲαἷτῖρτροπὴν,</span> <span class='ocrx_word' id='word_1_45' title='bbox 910 740 1087 818; x_wconf 74' lang='grc' dir='ltr'>οἶμαι,</span> <span class='ocrx_word' id='word_1_46' title='bbox 1131 748 1232 817; x_wconf 79' lang='grc' dir='ltr'>τῆς</span> <span class='ocrx_word' id='word_1_47' title='bbox 1280 746 1608 818; x_wconf 79' lang='grc' dir='ltr'>Ἑκκλησίας</span> <span class='ocrx_word' id='word_1_48' title='bbox 1648 745 1709 800; x_wconf 81' lang='grc' dir='ltr'>τὸ</span> <span class='ocrx_word' id='word_1_49' title='bbox 1748 746 1902 815; x_wconf 71' lang='grc' dir='ltr'>ἅγιον</span> 
     </span>
    </p>
   </div>
   <div class='ocr_carea' id='block_1_8' title="bbox 331 834 1903 911">
    <p class='ocr_par' dir='ltr' id='par_1_8' title="bbox 331 834 1903 911">
     <span class='ocr_line' id='line_1_8' title="bbox 331 834 1903 911; baseline -0.027 -15"><span class='ocrx_word' id='word_1_50' title='bbox 331 842 534 911; x_wconf 70' lang='grc' dir='ltr'>Πνεῦμα</span> <span class='ocrx_word' id='word_1_51' title='bbox 569 836 803 891; x_wconf 81' lang='grc' dir='ltr'>τοιαῦτα</span> <span class='ocrx_word' id='word_1_52' title='bbox 839 835 1072 907; x_wconf 78' lang='grc' dir='ltr'><strong>μελῳδεῖ</strong></span> <span class='ocrx_word' id='word_1_53' title='bbox 1108 834 1220 906; x_wconf 68' lang='grc'><strong>(46)</strong></span> <span class='ocrx_word' id='word_1_54' title='bbox 1252 834 1332 906; x_wconf 77' lang='grc' dir='ltr'><strong>τῷ</strong></span> <span class='ocrx_word' id='word_1_55' title='bbox 1361 836 1553 907; x_wconf 72' lang='grc' dir='ltr'>Κυρίῳ</span> <span class='ocrx_word' id='word_1_56' title='bbox 1579 851 1593 864; x_wconf 93' lang='grc'><strong>.</strong></span> <span class='ocrx_word' id='word_1_57' title='bbox 1649 835 1713 889; x_wconf 64' lang='grc' dir='ltr'><strong>ενι</strong></span> <span class='ocrx_word' id='word_1_58' title='bbox 1742 838 1903 907; x_wconf 64' lang='grc' dir='ltr'>ἡμεῖς</span> 
     </span>
    </p>
   </div>
   <div class='ocr_carea' id='block_1_9' title="bbox 331 926 1902 1002">
    <p class='ocr_par' dir='ltr' id='par_1_9' title="bbox 331 926 1902 1002">
     <span class='ocr_line' id='line_1_9' title="bbox 331 926 1902 1002; baseline -0.005 -12"><span class='ocrx_word' id='word_1_59' title='bbox 331 933 559 1002; x_wconf 74' lang='grc' dir='ltr'><strong>τοιαύτης</strong></span> <span class='ocrx_word' id='word_1_60' title='bbox 594 927 831 992; x_wconf 79' lang='grc' dir='ltr'>εὐωδίας</span> <span class='ocrx_word' id='word_1_61' title='bbox 864 927 1200 998; x_wconf 81' lang='grc' dir='ltr'>αίσθόμενοι,</span> <span class='ocrx_word' id='word_1_62' title='bbox 1228 926 1326 997; x_wconf 79' lang='grc' dir='ltr'>τὴν</span> <span class='ocrx_word' id='word_1_63' title='bbox 1350 927 1616 982; x_wconf 80' lang='grc' dir='ltr'><strong>δυσωδίαν</strong></span> <span class='ocrx_word' id='word_1_64' title='bbox 1650 929 1760 982; x_wconf 82' lang='grc' dir='ltr'><strong>τῶν</strong></span> <span class='ocrx_word' id='word_1_65' title='bbox 1800 946 1902 1000; x_wconf 88' lang='grc' dir='ltr'>μυ-</span> 
     </span>
    </p>
   </div>
   <div class='ocr_carea' id='block_1_10' title="bbox 323 1016 1904 1095">
    <p class='ocr_par' dir='ltr' id='par_1_10' title="bbox 323 1016 1904 1095">
     <span class='ocr_line' id='line_1_10' title="bbox 323 1016 1904 1095; baseline -0.004 -17"><span class='ocrx_word' id='word_1_66' title='bbox 323 1023 487 1095; x_wconf 76' lang='grc' dir='ltr'>σαρῶν</span> <span class='ocrx_word' id='word_1_67' title='bbox 512 1019 941 1093; x_wconf 74' lang='grc' dir='ltr'><strong>ἁμαρτημάτων</strong></span> <span class='ocrx_word' id='word_1_68' title='bbox 973 1016 1399 1088; x_wconf 81' lang='grc' dir='ltr'>ἀποπτύσωμεν·</span> <span class='ocrx_word' id='word_1_69' title='bbox 1442 1018 1542 1089; x_wconf 83' lang='grc' dir='ltr'>τὴν</span> <span class='ocrx_word' id='word_1_70' title='bbox 1585 1016 1642 1071; x_wconf 84' lang='grc' dir='ltr'>δὲ</span> <span class='ocrx_word' id='word_1_71' title='bbox 1676 1018 1904 1072; x_wconf 74' lang='grc' dir='ltr'>εὐωδίαν</span> 
     </span>
    </p>
   </div>
   <div class='ocr_carea' id='block_1_11' title="bbox 315 1107 1906 1185">
    <p class='ocr_par' dir='ltr' id='par_1_11' title="bbox 315 1107 1906 1185">
     <span class='ocr_line' id='line_1_11' title="bbox 315 1107 1906 1185; baseline -0.001 -21"><span class='ocrx_word' id='word_1_72' title='bbox 315 1117 410 1185; x_wconf 72' lang='grc' dir='ltr'>τῆς</span> <span class='ocrx_word' id='word_1_73' title='bbox 431 1111 519 1166; x_wconf 79' lang='grc' dir='ltr'><strong>τοῦ</strong></span> <span class='ocrx_word' id='word_1_74' title='bbox 563 1108 816 1182; x_wconf 75' lang='grc' dir='ltr'><strong>Χριστοῦ</strong></span> <span class='ocrx_word' id='word_1_75' title='bbox 851 1107 1198 1179; x_wconf 77' lang='grc' dir='ltr'>δικαιοσύνης</span> <span class='ocrx_word' id='word_1_76' title='bbox 1239 1110 1319 1171; x_wconf 89' lang='grc' dir='ltr'>εἰς</span> <span class='ocrx_word' id='word_1_77' title='bbox 1359 1109 1587 1173; x_wconf 81' lang='grc' dir='ltr'>ἑαυτοὺς</span> <span class='ocrx_word' id='word_1_78' title='bbox 1630 1109 1906 1179; x_wconf 83' lang='grc' dir='ltr'>ἀντλήσω-</span> 
     </span>
    </p>
   </div>
   <div class='ocr_carea' id='block_1_12' title="bbox 325 1197 1904 1275">
    <p class='ocr_par' dir='ltr' id='par_1_12' title="bbox 325 1197 1904 1275">
     <span class='ocr_line' id='line_1_12' title="bbox 325 1197 1904 1275; baseline -0.005 -18"><span class='ocrx_word' id='word_1_79' title='bbox 325 1221 432 1275; x_wconf 88' lang='grc' dir='ltr'>μεν.</span> <span class='ocrx_word' id='word_1_80' title='bbox 464 1221 482 1254; x_wconf 80' lang='grc' dir='ltr'><strong>ι</strong></span> <span class='ocrx_word' id='word_1_81' title='bbox 524 1201 713 1272; x_wconf 77' lang='grc' dir='ltr'>Ὂσμὴ</span> <span class='ocrx_word' id='word_1_82' title='bbox 772 1197 961 1270; x_wconf 81' lang='grc' dir='ltr'>μύρων</span> <span class='ocrx_word' id='word_1_83' title='bbox 1015 1215 1130 1261; x_wconf 88' lang='grc' dir='ltr'>σου,</span> <span class='ocrx_word' id='word_1_84' title='bbox 1173 1216 1192 1248; x_wconf 72' lang='grc' dir='ltr'><strong>ι</strong></span> <span class='ocrx_word' id='word_1_85' title='bbox 1243 1197 1428 1267; x_wconf 76' lang='grc' dir='ltr'>φησὶν,</span> <span class='ocrx_word' id='word_1_86' title='bbox 1478 1216 1494 1248; x_wconf 82' lang='grc' dir='ltr'><strong>ι</strong></span> <span class='ocrx_word' id='word_1_87' title='bbox 1536 1198 1675 1268; x_wconf 83' lang='grc' dir='ltr'>ὑπὲρ</span> <span class='ocrx_word' id='word_1_88' title='bbox 1728 1198 1904 1250; x_wconf 86' lang='grc' dir='ltr'>πάντα</span> 
     </span>
    </p>
   </div>
   <div class='ocr_carea' id='block_1_13' title="bbox 314 1287 1904 1367">
    <p class='ocr_par' dir='ltr' id='par_1_13' title="bbox 314 1287 1904 1367">
     <span class='ocr_line' id='line_1_13' title="bbox 314 1287 1904 1367; baseline -0.003 -22"><span class='ocrx_word' id='word_1_89' title='bbox 314 1296 595 1367; x_wconf 81' lang='grc' dir='ltr'>ἀρώματα.</span> <span class='ocrx_word' id='word_1_90' title='bbox 643 1311 663 1343; x_wconf 72' lang='grc' dir='ltr'><strong>ι</strong></span> <span class='ocrx_word' id='word_1_91' title='bbox 699 1290 776 1343; x_wconf 83' lang='grc' dir='ltr'><strong>Τὸ</strong></span> <span class='ocrx_word' id='word_1_92' title='bbox 811 1289 1003 1361; x_wconf 87' lang='grc' dir='ltr'>μύρον,</span> <span class='ocrx_word' id='word_1_93' title='bbox 1048 1287 1268 1358; x_wconf 76' lang='grc' dir='ltr'>ἀδελφοὶ</span> <span class='ocrx_word' id='word_1_94' title='bbox 1312 1287 1448 1357; x_wconf 70' lang='grc'><strong>(47),</strong></span> <span class='ocrx_word' id='word_1_95' title='bbox 1484 1288 1577 1341; x_wconf 69' lang='grc' dir='ltr'><strong>ἐπὶ</strong></span> <span class='ocrx_word' id='word_1_96' title='bbox 1619 1287 1904 1357; x_wconf 64' lang='grc' dir='ltr'>βασιλικῆς</span> 
     </span>
    </p>
   </div>
   <div class='ocr_carea' id='block_1_14' title="bbox 309 1380 1906 1456">
    <p class='ocr_par' dir='ltr' id='par_1_14' title="bbox 309 1380 1906 1456">
     <span class='ocr_line' id='line_1_14' title="bbox 309 1380 1906 1456; baseline -0.006 -14"><span class='ocrx_word' id='word_1_97' title='bbox 309 1406 365 1442; x_wconf 78' lang='grc' dir='ltr'><strong>τε</strong></span> <span class='ocrx_word' id='word_1_98' title='bbox 389 1388 484 1440; x_wconf 72' lang='grc' dir='ltr'><strong>καὶ</strong></span> <span class='ocrx_word' id='word_1_99' title='bbox 507 1383 800 1456; x_wconf 74' lang='grc' dir='ltr'>ἱερατικῆς</span> <span class='ocrx_word' id='word_1_100' title='bbox 823 1380 981 1446; x_wconf 79' lang='grc' dir='ltr'>ἀξίας</span> <span class='ocrx_word' id='word_1_101' title='bbox 1003 1380 1261 1452; x_wconf 82' lang='grc' dir='ltr'><strong>τετάχθαι</strong></span> <span class='ocrx_word' id='word_1_102' title='bbox 1283 1381 1390 1434; x_wconf 82' lang='grc' dir='ltr'><strong>ἀπὸ</strong></span> <span class='ocrx_word' id='word_1_103' title='bbox 1414 1380 1522 1433; x_wconf 83' lang='grc' dir='ltr'>τῶν</span> <span class='ocrx_word' id='word_1_104' title='bbox 1548 1380 1721 1449; x_wconf 83' lang='grc' dir='ltr'>ἁγίων</span> <span class='ocrx_word' id='word_1_105' title='bbox 1744 1380 1906 1453; x_wconf 81' lang='grc' dir='ltr'><strong>ῂσθή-</strong></span> 
     </span>
    </p>
   </div>
   <div class='ocr_carea' id='block_1_15' title="bbox 311 1472 1900 1553">
    <p class='ocr_par' dir='ltr' id='par_1_15' title="bbox 311 1472 1900 1553">
     <span class='ocr_line' id='line_1_15' title="bbox 311 1472 1900 1553; baseline -0.006 -18"><span class='ocrx_word' id='word_1_106' title='bbox 311 1481 446 1553; x_wconf 77' lang='grc' dir='ltr'>μεθα</span> <span class='ocrx_word' id='word_1_107' title='bbox 476 1477 743 1551; x_wconf 62' lang='grc' dir='ltr'><strong>Γραφιῖη.</strong></span> <span class='ocrx_word' id='word_1_108' title='bbox 777 1476 893 1529; x_wconf 84' lang='grc' dir='ltr'>υὺκ</span> <span class='ocrx_word' id='word_1_109' title='bbox 924 1475 1136 1546; x_wconf 76' lang='grc' dir='ltr'>ἄσημον</span> <span class='ocrx_word' id='word_1_110' title='bbox 1177 1475 1285 1545; x_wconf 85' lang='grc' dir='ltr'><strong>γὰρ</strong></span> <span class='ocrx_word' id='word_1_111' title='bbox 1318 1474 1448 1545; x_wconf 84' lang='grc' dir='ltr'>ὑμῖν</span> <span class='ocrx_word' id='word_1_112' title='bbox 1481 1472 1621 1527; x_wconf 86' lang='grc' dir='ltr'>δοκῶ</span> <span class='ocrx_word' id='word_1_113' title='bbox 1659 1477 1770 1538; x_wconf 82' lang='grc' dir='ltr'>τοῖς</span> <span class='ocrx_word' id='word_1_114' title='bbox 1802 1491 1900 1527; x_wconf 85' lang='grc' dir='ltr'>πο-</span> 
     </span>
    </p>
   </div>
   <div class='ocr_carea' id='block_1_16' title="bbox 304 1564 1904 1644">
    <p class='ocr_par' dir='ltr' id='par_1_16' title="bbox 304 1564 1904 1644">
     <span class='ocr_line' id='line_1_16' title="bbox 304 1564 1904 1644; baseline -0.008 -17"><span class='ocrx_word' id='word_1_115' title='bbox 304 1572 637 1644; x_wconf 76' lang='grc' dir='ltr'>λυμαθέσιν,</span> <span class='ocrx_word' id='word_1_116' title='bbox 668 1571 752 1622; x_wconf 78' lang='grc' dir='ltr'>ὅτι</span> <span class='ocrx_word' id='word_1_117' title='bbox 779 1569 830 1621; x_wconf 92' lang='grc' dir='ltr'><strong>οί</strong></span> <span class='ocrx_word' id='word_1_118' title='bbox 859 1568 918 1620; x_wconf 78' lang='grc' dir='ltr'>ἐν</span> <span class='ocrx_word' id='word_1_119' title='bbox 942 1569 1063 1630; x_wconf 84' lang='grc' dir='ltr'>ταῖς</span> <span class='ocrx_word' id='word_1_120' title='bbox 1092 1567 1335 1636; x_wconf 85' lang='grc' dir='ltr'>Γραφαῖς</span> <span class='ocrx_word' id='word_1_121' title='bbox 1371 1564 1608 1635; x_wconf 79' lang='grc' dir='ltr'>βασιλεῖς</span> <span class='ocrx_word' id='word_1_122' title='bbox 1634 1564 1712 1636; x_wconf 81' lang='grc' dir='ltr'>τῷ</span> <span class='ocrx_word' id='word_1_123' title='bbox 1739 1565 1904 1637; x_wconf 79' lang='grc' dir='ltr'>ἐλαίῳ</span> 
     </span>
    </p>
   </div>
   <div class='ocr_carea' id='block_1_17' title="bbox 304 1657 1903 1736">
    <p class='ocr_par' dir='ltr' id='par_1_17' title="bbox 304 1657 1903 1736">
     <span class='ocr_line' id='line_1_17' title="bbox 304 1657 1903 1736; baseline -0.016 -10"><span class='ocrx_word' id='word_1_124' title='bbox 304 1667 400 1736; x_wconf 76' lang='grc' dir='ltr'>τῆς</span> <span class='ocrx_word' id='word_1_125' title='bbox 440 1664 686 1736; x_wconf 76' lang='grc' dir='ltr'>κρίσεως</span> <span class='ocrx_word' id='word_1_126' title='bbox 722 1657 1028 1731; x_wconf 81' lang='grc' dir='ltr'><strong>βασιλεύειν</strong></span> <span class='ocrx_word' id='word_1_127' title='bbox 1054 1658 1398 1714; x_wconf 82' lang='grc' dir='ltr'>καθίσταντο.</span> <span class='ocrx_word' id='word_1_128' title='bbox 1432 1658 1668 1710; x_wconf 83' lang='grc' dir='ltr'>Κάκεῖνο</span> <span class='ocrx_word' id='word_1_129' title='bbox 1691 1657 1746 1709; x_wconf 84' lang='grc' dir='ltr'>δὲ</span> <span class='ocrx_word' id='word_1_130' title='bbox 1775 1658 1903 1727; x_wconf 84' lang='grc' dir='ltr'>ὑμῖν</span> 
     </span>
    </p>
   </div>
   <div class='ocr_carea' id='block_1_18' title="bbox 307 1749 1905 1828">
    <p class='ocr_par' dir='ltr' id='par_1_18' title="bbox 307 1749 1905 1828">
     <span class='ocr_line' id='line_1_18' title="bbox 307 1749 1905 1828; baseline -0.006 -17"><span class='ocrx_word' id='word_1_131' title='bbox 307 1757 548 1828; x_wconf 70' lang='grc' dir='ltr'>φανερὸν</span> <span class='ocrx_word' id='word_1_132' title='bbox 578 1752 722 1808; x_wconf 73' lang='grc' dir='ltr'>εἶναι</span> <span class='ocrx_word' id='word_1_133' title='bbox 772 1752 1057 1823; x_wconf 80' lang='grc' dir='ltr'>βούλομαι,</span> <span class='ocrx_word' id='word_1_134' title='bbox 1089 1751 1171 1804; x_wconf 76' lang='grc' dir='ltr'><strong>ὅτι</strong></span> <span class='ocrx_word' id='word_1_135' title='bbox 1202 1750 1293 1804; x_wconf 74' lang='grc' dir='ltr'><strong>καὶ</strong></span> <span class='ocrx_word' id='word_1_136' title='bbox 1316 1751 1365 1803; x_wconf 81' lang='lat' dir='ltr'><strong>oi.</strong></span> <span class='ocrx_word' id='word_1_137' title='bbox 1395 1750 1515 1803; x_wconf 85' lang='grc' dir='ltr'>τότε</span> <span class='ocrx_word' id='word_1_138' title='bbox 1546 1753 1710 1824; x_wconf 79' lang='grc' dir='ltr'>ἱερεῖς</span> <span class='ocrx_word' id='word_1_139' title='bbox 1747 1749 1905 1821; x_wconf 83' lang='grc' dir='ltr'>μύρῳ</span> 
     </span>
    </p>
   </div>
   <div class='ocr_carea' id='block_1_19' title="bbox 312 1838 1902 1924">
    <p class='ocr_par' dir='ltr' id='par_1_19' title="bbox 312 1838 1902 1924">
     <span class='ocr_line' id='line_1_19' title="bbox 312 1838 1902 1924; baseline -0.006 -25"><span class='ocrx_word' id='word_1_140' title='bbox 312 1850 616 1924; x_wconf 67' lang='grc' dir='ltr'>χρώμενοι,</span> <span class='ocrx_word' id='word_1_141' title='bbox 672 1844 733 1897; x_wconf 71' lang='grc' dir='ltr'>τὸ</span> <span class='ocrx_word' id='word_1_142' title='bbox 783 1840 1079 1913; x_wconf 78' lang='grc' dir='ltr'>ἱερατεύειν</span> <span class='ocrx_word' id='word_1_143' title='bbox 1129 1838 1432 1910; x_wconf 79' lang='grc' dir='ltr'>ὲλάμδανον</span> <span class='ocrx_word' id='word_1_144' title='bbox 1479 1838 1613 1908; x_wconf 73' lang='grc'><strong>(48).</strong></span> <span class='ocrx_word' id='word_1_145' title='bbox 1685 1838 1902 1910; x_wconf 82' lang='grc' dir='ltr'>Ἐπειδὴ</span> 
     </span>
    </p>
   </div>
   <div class='ocr_carea' id='block_1_20' title="bbox 2010 654 2483 708">
    <p class='ocr_par' dir='ltr' id='par_1_20' title="bbox 2010 654 2483 708">
     <span class='ocr_line' id='line_1_20' title="bbox 2010 654 2483 708; baseline -0.006 0"><span class='ocrx_word' id='word_1_146' title='bbox 2010 654 2190 708; x_wconf 80' lang='lat' dir='ltr'><strong>omnia</strong></span> <span class='ocrx_word' id='word_1_147' title='bbox 2218 660 2483 705; x_wconf 75' lang='lat' dir='ltr'><strong>aromata.</strong></span> 
     </span>
    </p>
   </div>
   <div class='ocr_carea' id='block_1_21' title="bbox 2081 742 3593 820">
    <p class='ocr_par' dir='ltr' id='par_1_21' title="bbox 2081 742 3593 820">
     <span class='ocr_line' id='line_1_21' title="bbox 2081 742 3593 820; baseline 0.006 -22"><span class='ocrx_word' id='word_1_148' title='bbox 2081 745 2161 798; x_wconf 79' lang='lat' dir='ltr'><strong>Ad</strong></span> <span class='ocrx_word' id='word_1_149' title='bbox 2192 742 2605 806; x_wconf 88' lang='lat' dir='ltr'><strong>cohortaudam,</strong></span> <span class='ocrx_word' id='word_1_150' title='bbox 2643 754 2703 797; x_wconf 92' lang='lat' dir='ltr'><strong>ut</strong></span> <span class='ocrx_word' id='word_1_151' title='bbox 2746 745 2960 815; x_wconf 84' lang='lat' dir='ltr'><strong>opinor,</strong></span> <span class='ocrx_word' id='word_1_152' title='bbox 3005 746 3305 803; x_wconf 88' lang='lat' dir='ltr'><strong>Ecclesiam</strong></span> <span class='ocrx_word' id='word_1_153' title='bbox 3352 750 3593 820; x_wconf 86' lang='lat' dir='ltr'><strong>Spiritus</strong></span> 
     </span>
    </p>
   </div>
   <div class='ocr_carea' id='block_1_22' title="bbox 2009 836 3591 909">
    <p class='ocr_par' dir='ltr' id='par_1_22' title="bbox 2009 836 3591 909">
     <span class='ocr_line' id='line_1_22' title="bbox 2009 836 3591 909; baseline 0.002 -16"><span class='ocrx_word' id='word_1_154' title='bbox 2009 848 2234 893; x_wconf 87' lang='lat' dir='ltr'><strong>sanctus</strong></span> <span class='ocrx_word' id='word_1_155' title='bbox 2269 836 2394 889; x_wconf 85' lang='lat' dir='ltr'><strong>talia</strong></span> <span class='ocrx_word' id='word_1_156' title='bbox 2427 837 2572 889; x_wconf 89' lang='lat' dir='ltr'><strong>canit</strong></span> <span class='ocrx_word' id='word_1_157' title='bbox 2605 836 2860 903; x_wconf 85' lang='lat' dir='ltr'><strong>Dutttino;</strong></span> <span class='ocrx_word' id='word_1_158' title='bbox 2900 849 2959 891; x_wconf 92' lang='lat' dir='ltr'><strong>nt</strong></span> <span class='ocrx_word' id='word_1_159' title='bbox 2997 854 3095 892; x_wconf 87' lang='lat' dir='ltr'><strong>nos</strong></span> <span class='ocrx_word' id='word_1_160' title='bbox 3118 840 3380 909; x_wconf 78' lang='lat' dir='ltr'><strong>ejusmodi</strong></span> <span class='ocrx_word' id='word_1_161' title='bbox 3415 844 3591 897; x_wconf 81' lang='lat' dir='ltr'><strong>suavi-</strong></span> 
     </span>
    </p>
   </div>
   <div class='ocr_carea' id='block_1_23' title="bbox 2012 927 3585 1002">
    <p class='ocr_par' dir='ltr' id='par_1_23' title="bbox 2012 927 3585 1002">
     <span class='ocr_line' id='line_1_23' title="bbox 2012 927 3585 1002; baseline 0.001 -18"><span class='ocrx_word' id='word_1_162' title='bbox 2012 929 2137 984; x_wconf 88' lang='lat' dir='ltr'><strong>tatis</strong></span> <span class='ocrx_word' id='word_1_163' title='bbox 2164 930 2330 984; x_wconf 86' lang='lat' dir='ltr'><strong>odore</strong></span> <span class='ocrx_word' id='word_1_164' title='bbox 2372 927 2522 991; x_wconf 88' lang='lat' dir='ltr'><strong>tacti,</strong></span> <span class='ocrx_word' id='word_1_165' title='bbox 2575 927 2906 994; x_wconf 87' lang='lat' dir='ltr'><strong>impurormn</strong></span> <span class='ocrx_word' id='word_1_166' title='bbox 2969 927 3195 985; x_wconf 75' lang='lat' dir='ltr'><strong>fetorem</strong></span> <span class='ocrx_word' id='word_1_167' title='bbox 3236 943 3585 1002; x_wconf 72' lang='lat' dir='ltr'><strong>peccatorum</strong></span> 
     </span>
    </p>
   </div>
   <div class='ocr_carea' id='block_1_24' title="bbox 2011 1020 3587 1090">
    <p class='ocr_par' dir='ltr' id='par_1_24' title="bbox 2011 1020 3587 1090">
     <span class='ocr_line' id='line_1_24' title="bbox 2011 1020 3587 1090; baseline 0.004 -16"><span class='ocrx_word' id='word_1_168' title='bbox 2011 1036 2346 1085; x_wconf 89' lang='lat' dir='ltr'><strong>aversemur,</strong></span> <span class='ocrx_word' id='word_1_169' title='bbox 2378 1030 2431 1075; x_wconf 90' lang='lat' dir='ltr'><strong>et</strong></span> <span class='ocrx_word' id='word_1_170' title='bbox 2456 1020 2753 1089; x_wconf 82' lang='lat' dir='ltr'><strong>jucundum</strong></span> <span class='ocrx_word' id='word_1_171' title='bbox 2784 1021 3011 1090; x_wconf 74' lang='lat' dir='ltr'><strong>justitia:</strong></span> <span class='ocrx_word' id='word_1_172' title='bbox 3045 1024 3245 1079; x_wconf 91' lang='lat' dir='ltr'><strong>Christi</strong></span> <span class='ocrx_word' id='word_1_173' title='bbox 3276 1026 3498 1080; x_wconf 89' lang='lat' dir='ltr'><strong>odorem</strong></span> <span class='ocrx_word' id='word_1_174' title='bbox 3534 1027 3587 1081; x_wconf 87' lang='lat' dir='ltr'><strong>in</strong></span> 
     </span>
    </p>
   </div>
   <div class='ocr_carea' id='block_1_25' title="bbox 2010 1110 3591 1185">
    <p class='ocr_par' dir='ltr' id='par_1_25' title="bbox 2010 1110 3591 1185">
     <span class='ocr_line' id='line_1_25' title="bbox 2010 1110 3591 1185; baseline 0.002 -16"><span class='ocrx_word' id='word_1_175' title='bbox 2010 1130 2112 1169; x_wconf 87' lang='lat' dir='ltr'><strong>nos</strong></span> <span class='ocrx_word' id='word_1_176' title='bbox 2143 1113 2474 1169; x_wconf 85' lang='lat' dir='ltr'><strong>bauriamus.</strong></span> <span class='ocrx_word' id='word_1_177' title='bbox 2502 1131 2520 1163; x_wconf 79' lang='grc' dir='ltr'><strong>ι</strong></span> <span class='ocrx_word' id='word_1_178' title='bbox 2545 1110 2746 1177; x_wconf 66' lang='lat' dir='ltr'><strong>Odor,»</strong></span> <span class='ocrx_word' id='word_1_179' title='bbox 2782 1114 2975 1183; x_wconf 91' lang='lat' dir='ltr'><strong>inquit,</strong></span> <span class='ocrx_word' id='word_1_180' title='bbox 3011 1126 3442 1185; x_wconf 72' lang='lat' dir='ltr'><strong>«unguentorum</strong></span> <span class='ocrx_word' id='word_1_181' title='bbox 3473 1129 3591 1172; x_wconf 78' lang='lat' dir='ltr'><strong>luo-</strong></span> 
     </span>
    </p>
   </div>
   <div class='ocr_carea' id='block_1_26' title="bbox 2010 1201 3588 1275">
    <p class='ocr_par' dir='ltr' id='par_1_26' title="bbox 2010 1201 3588 1275">
     <span class='ocr_line' id='line_1_26' title="bbox 2010 1201 3588 1275; baseline 0.003 -16"><span class='ocrx_word' id='word_1_182' title='bbox 2010 1221 2133 1260; x_wconf 87' lang='lat' dir='ltr'><strong>rum</strong></span> <span class='ocrx_word' id='word_1_183' title='bbox 2168 1220 2330 1272; x_wconf 84' lang='lat' dir='ltr'><strong>super</strong></span> <span class='ocrx_word' id='word_1_184' title='bbox 2379 1203 2560 1259; x_wconf 83' lang='lat' dir='ltr'><strong>omnia</strong></span> <span class='ocrx_word' id='word_1_185' title='bbox 2612 1201 2932 1257; x_wconf 55' lang='lat' dir='ltr'><strong>aromalafs</strong></span> <span class='ocrx_word' id='word_1_186' title='bbox 2991 1202 3368 1275; x_wconf 75' lang='lat' dir='ltr'><strong>Unguentum,</strong></span> <span class='ocrx_word' id='word_1_187' title='bbox 3411 1208 3588 1263; x_wconf 86' lang='lat' dir='ltr'><strong>dilecti</strong></span> 
     </span>
    </p>
   </div>
   <div class='ocr_carea' id='block_1_27' title="bbox 2013 1295 3590 1368">
    <p class='ocr_par' dir='ltr' id='par_1_27' title="bbox 2013 1295 3590 1368">
     <span class='ocr_line' id='line_1_27' title="bbox 2013 1295 3590 1368; baseline 0.001 -17"><span class='ocrx_word' id='word_1_188' title='bbox 2013 1296 2231 1359; x_wconf 78' lang='lat' dir='ltr'><strong>fratres,</strong></span> <span class='ocrx_word' id='word_1_189' title='bbox 2258 1295 2324 1349; x_wconf 89' lang='lat' dir='ltr'><strong>ad</strong></span> <span class='ocrx_word' id='word_1_190' title='bbox 2357 1295 2562 1364; x_wconf 82' lang='lat' dir='ltr'><strong>regiam</strong></span> <span class='ocrx_word' id='word_1_191' title='bbox 2593 1305 2648 1349; x_wconf 90' lang='lat' dir='ltr'><strong>et</strong></span> <span class='ocrx_word' id='word_1_192' title='bbox 2676 1296 3066 1350; x_wconf 82' lang='lat' dir='ltr'><strong>sacerdotalem</strong></span> <span class='ocrx_word' id='word_1_193' title='bbox 3094 1298 3405 1368; x_wconf 84' lang='lat' dir='ltr'><strong>dignitatem</strong></span> <span class='ocrx_word' id='word_1_194' title='bbox 3436 1300 3590 1354; x_wconf 87' lang='lat' dir='ltr'><strong>insti-</strong></span> 
     </span>
    </p>
   </div>
   <div class='ocr_carea' id='block_1_28' title="bbox 2013 1388 3590 1460">
    <p class='ocr_par' dir='ltr' id='par_1_28' title="bbox 2013 1388 3590 1460">
     <span class='ocr_line' id='line_1_28' title="bbox 2013 1388 3590 1460; baseline 0.001 -17"><span class='ocrx_word' id='word_1_195' title='bbox 2013 1399 2183 1443; x_wconf 89' lang='lat' dir='ltr'><strong>tutum</strong></span> <span class='ocrx_word' id='word_1_196' title='bbox 2211 1402 2329 1442; x_wconf 88' lang='lat' dir='ltr'><strong>esse</strong></span> <span class='ocrx_word' id='word_1_197' title='bbox 2355 1403 2385 1441; x_wconf 89' lang='lat' dir='ltr'><strong>a</strong></span> <span class='ocrx_word' id='word_1_198' title='bbox 2420 1389 2590 1441; x_wconf 84' lang='lat' dir='ltr'><strong>sacris</strong></span> <span class='ocrx_word' id='word_1_199' title='bbox 2609 1388 2907 1456; x_wconf 88' lang='lat' dir='ltr'><strong>Scripturis</strong></span> <span class='ocrx_word' id='word_1_200' title='bbox 2935 1390 3215 1456; x_wconf 80' lang='lat' dir='ltr'><strong>novimus;</strong></span> <span class='ocrx_word' id='word_1_201' title='bbox 3248 1391 3410 1460; x_wconf 88' lang='lat' dir='ltr'><strong>idque</strong></span> <span class='ocrx_word' id='word_1_202' title='bbox 3440 1391 3590 1445; x_wconf 82' lang='lat' dir='ltr'><strong>vobis</strong></span> 
     </span>
    </p>
   </div>
   <div class='ocr_carea' id='block_1_29' title="bbox 2010 1479 3589 1553">
    <p class='ocr_par' dir='ltr' id='par_1_29' title="bbox 2010 1479 3589 1553">
     <span class='ocr_line' id='line_1_29' title="bbox 2010 1479 3589 1553; baseline 0.001 -18"><span class='ocrx_word' id='word_1_203' title='bbox 2010 1480 2337 1536; x_wconf 85' lang='lat' dir='ltr'><strong>doctissimis</strong></span> <span class='ocrx_word' id='word_1_204' title='bbox 2375 1479 2507 1533; x_wconf 88' lang='lat' dir='ltr'><strong>viris</strong></span> <span class='ocrx_word' id='word_1_205' title='bbox 2549 1480 2825 1547; x_wconf 88' lang='lat' dir='ltr'><strong>cognitum</strong></span> <span class='ocrx_word' id='word_1_206' title='bbox 2862 1495 2983 1535; x_wconf 89' lang='lat' dir='ltr'><strong>esse</strong></span> <span class='ocrx_word' id='word_1_207' title='bbox 3029 1483 3286 1546; x_wconf 80' lang='lat' dir='ltr'><strong>arbitror,</strong></span> <span class='ocrx_word' id='word_1_208' title='bbox 3340 1482 3481 1553; x_wconf 89' lang='lat' dir='ltr'><strong>quod</strong></span> <span class='ocrx_word' id='word_1_209' title='bbox 3536 1484 3589 1537; x_wconf 89' lang='lat' dir='ltr'><strong>in</strong></span> 
     </span>
    </p>
   </div>
   <div class='ocr_carea' id='block_1_30' title="bbox 2010 1572 3590 1641">
    <p class='ocr_par' dir='ltr' id='par_1_30' title="bbox 2010 1572 3590 1641">
     <span class='ocr_line' id='line_1_30' title="bbox 2010 1572 3590 1641; baseline -0.001 -11"><span class='ocrx_word' id='word_1_210' title='bbox 2010 1574 2183 1630; x_wconf 86' lang='lat' dir='ltr'><strong>sacris</strong></span> <span class='ocrx_word' id='word_1_211' title='bbox 2245 1572 2541 1641; x_wconf 85' lang='lat' dir='ltr'><strong>Scripturis</strong></span> <span class='ocrx_word' id='word_1_212' title='bbox 2599 1586 2754 1640; x_wconf 85' lang='lat' dir='ltr'><strong>reges</strong></span> <span class='ocrx_word' id='word_1_213' title='bbox 2805 1585 2899 1639; x_wconf 91' lang='lat' dir='ltr'><strong>per</strong></span> <span class='ocrx_word' id='word_1_214' title='bbox 2961 1572 3136 1627; x_wconf 85' lang='lat' dir='ltr'><strong>oleum</strong></span> <span class='ocrx_word' id='word_1_215' title='bbox 3195 1575 3468 1629; x_wconf 83' lang='lat' dir='ltr'><strong>unctionis</strong></span> <span class='ocrx_word' id='word_1_216' title='bbox 3522 1575 3590 1628; x_wconf 87' lang='lat' dir='ltr'><strong>ad</strong></span> 
     </span>
    </p>
   </div>
   <div class='ocr_carea' id='block_1_31' title="bbox 2012 1663 3591 1738">
    <p class='ocr_par' dir='ltr' id='par_1_31' title="bbox 2012 1663 3591 1738">
     <span class='ocr_line' id='line_1_31' title="bbox 2012 1663 3591 1738; baseline -0.004 -15"><span class='ocrx_word' id='word_1_217' title='bbox 2012 1667 2344 1738; x_wconf 85' lang='lat' dir='ltr'><strong>regnandum</strong></span> <span class='ocrx_word' id='word_1_218' title='bbox 2366 1664 2865 1719; x_wconf 84' lang='lat' dir='ltr'><strong>constituebantur.</strong></span> <span class='ocrx_word' id='word_1_219' title='bbox 2900 1663 3031 1717; x_wconf 90' lang='lat' dir='ltr'><strong>Illud</strong></span> <span class='ocrx_word' id='word_1_220' title='bbox 3059 1666 3224 1719; x_wconf 88' lang='lat' dir='ltr'><strong>etiam</strong></span> <span class='ocrx_word' id='word_1_221' title='bbox 3256 1680 3352 1718; x_wconf 87' lang='lat' dir='ltr'><strong>vos</strong></span> <span class='ocrx_word' id='word_1_222' title='bbox 3380 1666 3591 1718; x_wconf 85' lang='lat' dir='ltr'><strong>nescios</strong></span> 
     </span>
    </p>
   </div>
   <div class='ocr_carea' id='block_1_32' title="bbox 2010 1755 3591 1825">
    <p class='ocr_par' dir='ltr' id='par_1_32' title="bbox 2010 1755 3591 1825">
     <span class='ocr_line' id='line_1_32' title="bbox 2010 1755 3591 1825; baseline -0.004 -11"><span class='ocrx_word' id='word_1_223' title='bbox 2010 1774 2133 1814; x_wconf 85' lang='lat' dir='ltr'><strong>esse</strong></span> <span class='ocrx_word' id='word_1_224' title='bbox 2183 1756 2326 1822; x_wconf 92' lang='lat' dir='ltr'><strong>nolo,</strong></span> <span class='ocrx_word' id='word_1_225' title='bbox 2363 1756 2503 1825; x_wconf 89' lang='lat' dir='ltr'><strong>quod</strong></span> <span class='ocrx_word' id='word_1_226' title='bbox 2544 1755 2857 1809; x_wconf 86' lang='lat' dir='ltr'><strong>sacerdotes</strong></span> <span class='ocrx_word' id='word_1_227' title='bbox 2908 1770 3124 1825; x_wconf 86' lang='lat' dir='ltr'><strong>quoque</strong></span> <span class='ocrx_word' id='word_1_228' title='bbox 3172 1765 3282 1809; x_wconf 90' lang='lat' dir='ltr'><strong>tum</strong></span> <span class='ocrx_word' id='word_1_229' title='bbox 3334 1756 3591 1823; x_wconf 88' lang='lat' dir='ltr'><strong>temporis</strong></span> 
     </span>
    </p>
   </div>
   <div class='ocr_carea' id='block_1_33' title="bbox 2009 1847 3590 1921">
    <p class='ocr_par' dir='ltr' id='par_1_33' title="bbox 2009 1847 3590 1921">
     <span class='ocr_line' id='line_1_33' title="bbox 2009 1847 3590 1921; baseline -0.003 -15"><span class='ocrx_word' id='word_1_230' title='bbox 2009 1852 2128 1906; x_wconf 91' lang='lat' dir='ltr'><strong>oleo</strong></span> <span class='ocrx_word' id='word_1_231' title='bbox 2158 1850 2404 1921; x_wconf 86' lang='lat' dir='ltr'><strong>peruncti</strong></span> <span class='ocrx_word' id='word_1_232' title='bbox 2429 1848 2793 1903; x_wconf 84' lang='lat' dir='ltr'><strong>sacerdotium</strong></span> <span class='ocrx_word' id='word_1_233' title='bbox 2830 1849 3222 1917; x_wconf 81' lang='lat' dir='ltr'><strong>suscipiebant.</strong></span> <span class='ocrx_word' id='word_1_234' title='bbox 3259 1847 3393 1901; x_wconf 89' lang='lat' dir='ltr'><strong>Cum</strong></span> <span class='ocrx_word' id='word_1_235' title='bbox 3428 1848 3590 1917; x_wconf 79' lang='lat' dir='ltr'><strong>igitur</strong></span> 
     </span>
    </p>
   </div>
   <div class='ocr_carea' id='block_1_34' title="bbox 318 1928 1905 2014">
    <p class='ocr_par' dir='ltr' id='par_1_34' title="bbox 318 1928 1904 2006">
     <span class='ocr_line' id='line_1_34' title="bbox 318 1928 1904 2006; baseline -0.008 -11"><span class='ocrx_word' id='word_1_236' title='bbox 318 1943 501 1995; x_wconf 75' lang='grc' dir='ltr'>τοίνυν</span> <span class='ocrx_word' id='word_1_237' title='bbox 530 1936 666 1992; x_wconf 78' lang='grc' dir='ltr'>κατὰ</span> <span class='ocrx_word' id='word_1_238' title='bbox 718 1935 887 2006; x_wconf 75' lang='grc' dir='ltr'>νόμον</span> <span class='ocrx_word' id='word_1_239' title='bbox 936 1932 1092 2004; x_wconf 80' lang='grc' dir='ltr'>μύρῳ</span> <span class='ocrx_word' id='word_1_240' title='bbox 1136 1931 1379 2002; x_wconf 77' lang='grc' dir='ltr'>ἐχρίοντο</span> <span class='ocrx_word' id='word_1_241' title='bbox 1435 1929 1666 2001; x_wconf 78' lang='grc' dir='ltr'>βασιλεῖς</span> <span class='ocrx_word' id='word_1_242' title='bbox 1694 1946 1751 1982; x_wconf 84' lang='grc' dir='ltr'><strong>τε</strong></span> <span class='ocrx_word' id='word_1_243' title='bbox 1795 1928 1904 2000; x_wconf 64' lang='grc'><strong>(49)</strong></span> 
     </span>
    </p>
   </div>
   <div class='ocr_carea' id='block_1_35' title="bbox 2015 1928 3591 2014">
    <p class='ocr_par' dir='ltr' id='par_1_35' title="bbox 2015 1942 3591 2014">
     <span class='ocr_line' id='line_1_35' title="bbox 2015 1942 3591 2014; baseline -0.006 -17"><span class='ocrx_word' id='word_1_244' title='bbox 2015 1943 2064 1997; x_wconf 91' lang='lat' dir='ltr'><strong>in</strong></span> <span class='ocrx_word' id='word_1_245' title='bbox 2098 1943 2213 2014; x_wconf 86' lang='lat' dir='ltr'><strong>lege</strong></span> <span class='ocrx_word' id='word_1_246' title='bbox 2259 1952 2370 1996; x_wconf 90' lang='lat' dir='ltr'><strong>tum</strong></span> <span class='ocrx_word' id='word_1_247' title='bbox 2413 1955 2583 2010; x_wconf 78' lang='lat' dir='ltr'><strong>reges.</strong></span> <span class='ocrx_word' id='word_1_248' title='bbox 2625 1949 2736 1993; x_wconf 88' lang='lat' dir='ltr'><strong>tum</strong></span> <span class='ocrx_word' id='word_1_249' title='bbox 2781 1942 3091 1994; x_wconf 75' lang='lat' dir='ltr'><strong>sacerdotes</strong></span> <span class='ocrx_word' id='word_1_250' title='bbox 3120 1948 3390 2010; x_wconf 85' lang='lat' dir='ltr'><strong>unguento</strong></span> <span class='ocrx_word' id='word_1_251' title='bbox 3420 1953 3591 2008; x_wconf 68' lang='lat' dir='ltr'><strong>ungo.</strong></span> 
     </span>
    </p>
   </div>
   <div class='ocr_carea' id='block_1_36' title="bbox 314 2018 1904 2103">
    <p class='ocr_par' dir='ltr' id='par_1_36' title="bbox 314 2018 1904 2103">
     <span class='ocr_line' id='line_1_36' title="bbox 314 2018 1904 2103; baseline -0.011 -16"><span class='ocrx_word' id='word_1_252' title='bbox 314 2032 406 2087; x_wconf 82' lang='grc' dir='ltr'><strong>καὶ</strong></span> <span class='ocrx_word' id='word_1_253' title='bbox 436 2034 623 2103; x_wconf 76' lang='grc' dir='ltr'>ἱερεῖς,</span> <span class='ocrx_word' id='word_1_254' title='bbox 664 2023 938 2097; x_wconf 78' lang='grc' dir='ltr'>λαμπρῶς</span> <span class='ocrx_word' id='word_1_255' title='bbox 974 2022 1074 2094; x_wconf 74' lang='grc' dir='ltr'>ἤδη</span> <span class='ocrx_word' id='word_1_256' title='bbox 1124 2022 1222 2093; x_wconf 83' lang='grc' dir='ltr'>τὴν</span> <span class='ocrx_word' id='word_1_257' title='bbox 1263 2019 1555 2092; x_wconf 79' lang='grc' dir='ltr'>περιϐολὴν</span> <span class='ocrx_word' id='word_1_258' title='bbox 1601 2019 1699 2090; x_wconf 75' lang='grc' dir='ltr'>τῆς</span> <span class='ocrx_word' id='word_1_259' title='bbox 1753 2018 1904 2089; x_wconf 78' lang='grc' dir='ltr'>βασιο</span> 
     </span>
    </p>
   </div>
   <div class='ocr_carea' id='block_1_37' title="bbox 306 2104 1901 2191">
    <p class='ocr_par' dir='ltr' id='par_1_37' title="bbox 306 2104 1901 2191">
     <span class='ocr_line' id='line_1_37' title="bbox 306 2104 1901 2191; baseline -0.006 -18"><span class='ocrx_word' id='word_1_260' title='bbox 306 2126 459 2188; x_wconf 71' lang='grc' dir='ltr'>λείας</span> <span class='ocrx_word' id='word_1_261' title='bbox 488 2122 603 2191; x_wconf 74' lang='grc'><strong>(50)</strong></span> <span class='ocrx_word' id='word_1_262' title='bbox 632 2104 731 2173; x_wconf 67' lang='grc' dir='ltr'><strong>καὶ</strong></span> <span class='ocrx_word' id='word_1_263' title='bbox 770 2115 1041 2188; x_wconf 85' lang='grc' dir='ltr'>ίερατείας</span> <span class='ocrx_word' id='word_1_264' title='bbox 1068 2113 1163 2167; x_wconf 82' lang='grc' dir='ltr'><strong>τοῦ</strong></span> <span class='ocrx_word' id='word_1_265' title='bbox 1197 2111 1534 2181; x_wconf 84' lang='grc' dir='ltr'>Μονογενοῦς</span> <span class='ocrx_word' id='word_1_266' title='bbox 1568 2112 1842 2165; x_wconf 73' lang='grc' dir='ltr'>ἐκτίθεται</span> <span class='ocrx_word' id='word_1_267' title='bbox 1868 2113 1901 2181; x_wconf 79' lang='grc' dir='ltr'><strong>ἡ</strong></span> 
     </span>
    </p>
   </div>
   <div class='ocr_carea' id='block_1_38' title="bbox 307 2202 1904 2286">
    <p class='ocr_par' dir='ltr' id='par_1_38' title="bbox 307 2202 1904 2286">
     <span class='ocr_line' id='line_1_38' title="bbox 307 2202 1904 2286; baseline -0.009 -16"><span class='ocrx_word' id='word_1_268' title='bbox 307 2215 427 2269; x_wconf 82' lang='grc' dir='ltr'>Θεία</span> <span class='ocrx_word' id='word_1_269' title='bbox 462 2212 682 2286; x_wconf 76' lang='grc' dir='ltr'>Γραφῆ,</span> <span class='ocrx_word' id='word_1_270' title='bbox 714 2229 734 2262; x_wconf 78' lang='grc' dir='ltr'><strong>ι</strong></span> <span class='ocrx_word' id='word_1_271' title='bbox 779 2207 954 2279; x_wconf 79' lang='grc' dir='ltr'>Ὀσμὴ</span> <span class='ocrx_word' id='word_1_272' title='bbox 983 2203 1170 2277; x_wconf 85' lang='grc' dir='ltr'>μύρων</span> <span class='ocrx_word' id='word_1_273' title='bbox 1205 2222 1321 2267; x_wconf 89' lang='grc' dir='ltr'>σου,</span> <span class='ocrx_word' id='word_1_274' title='bbox 1357 2224 1375 2256; x_wconf 74' lang='grc' dir='ltr'><strong>ι</strong></span> <span class='ocrx_word' id='word_1_275' title='bbox 1409 2202 1663 2273; x_wconf 78' lang='grc' dir='ltr'>λέγουσα,</span> <span class='ocrx_word' id='word_1_276' title='bbox 1709 2222 1727 2256; x_wconf 85' lang='grc' dir='ltr'><strong>ι</strong></span> <span class='ocrx_word' id='word_1_277' title='bbox 1765 2204 1904 2276; x_wconf 80' lang='grc' dir='ltr'>ὑπὲρ</span> 
     </span>
    </p>
   </div>
   <div class='ocr_carea' id='block_1_39' title="bbox 305 2296 1903 2377">
    <p class='ocr_par' dir='ltr' id='par_1_39' title="bbox 305 2296 1903 2377">
     <span class='ocr_line' id='line_1_39' title="bbox 305 2296 1903 2377; baseline -0.014 -16"><span class='ocrx_word' id='word_1_278' title='bbox 305 2309 495 2361; x_wconf 76' lang='grc' dir='ltr'>πάντα</span> <span class='ocrx_word' id='word_1_279' title='bbox 524 2305 596 2358; x_wconf 81' lang='grc' dir='ltr'>τὰ</span> <span class='ocrx_word' id='word_1_280' title='bbox 618 2301 887 2377; x_wconf 86' lang='grc' dir='ltr'>ἀρώματα</span> <span class='ocrx_word' id='word_1_281' title='bbox 909 2318 928 2351; x_wconf 66' lang='grc' dir='ltr'><strong>ι</strong></span> <span class='ocrx_word' id='word_1_282' title='bbox 963 2299 1039 2363; x_wconf 83' lang='grc' dir='ltr'><strong>ὡς</strong></span> <span class='ocrx_word' id='word_1_283' title='bbox 1071 2299 1261 2352; x_wconf 74' lang='grc' dir='ltr'>εἰπεῖν’</span> <span class='ocrx_word' id='word_1_284' title='bbox 1291 2296 1464 2368; x_wconf 79' lang='grc' dir='ltr'>Ὸσμὴ</span> <span class='ocrx_word' id='word_1_285' title='bbox 1493 2296 1594 2367; x_wconf 76' lang='grc' dir='ltr'>τῆς</span> <span class='ocrx_word' id='word_1_286' title='bbox 1617 2296 1717 2366; x_wconf 77' lang='grc' dir='ltr'>σῆς</span> <span class='ocrx_word' id='word_1_287' title='bbox 1749 2296 1903 2367; x_wconf 84' lang='grc' dir='ltr'>βασι-</span> 
     </span>
    </p>
   </div>
   <div class='ocr_carea' id='block_1_40' title="bbox 304 2388 1905 2467">
    <p class='ocr_par' dir='ltr' id='par_1_40' title="bbox 304 2388 1905 2467">
     <span class='ocr_line' id='line_1_40' title="bbox 304 2388 1905 2467; baseline -0.006 -16"><span class='ocrx_word' id='word_1_288' title='bbox 304 2397 473 2461; x_wconf 80' lang='grc' dir='ltr'>λείας</span> <span class='ocrx_word' id='word_1_289' title='bbox 510 2398 608 2449; x_wconf 71' lang='grc' dir='ltr'><strong>κσίι</strong></span> <span class='ocrx_word' id='word_1_290' title='bbox 649 2391 1058 2467; x_wconf 80' lang='grc' dir='ltr'>ἀρχιερωσύνης</span> <span class='ocrx_word' id='word_1_291' title='bbox 1104 2389 1244 2461; x_wconf 83' lang='grc' dir='ltr'>ὑπὲρ</span> <span class='ocrx_word' id='word_1_292' title='bbox 1282 2389 1462 2451; x_wconf 89' lang='grc' dir='ltr'>πάσας</span> <span class='ocrx_word' id='word_1_293' title='bbox 1499 2389 1598 2452; x_wconf 84' lang='grc' dir='ltr'><strong>τὰς</strong></span> <span class='ocrx_word' id='word_1_294' title='bbox 1631 2388 1905 2459; x_wconf 82' lang='grc' dir='ltr'>βασιλείας</span> 
     </span>
    </p>
   </div>
   <div class='ocr_carea' id='block_1_41' title="bbox 311 2480 1911 2560">
    <p class='ocr_par' dir='ltr' id='par_1_41' title="bbox 311 2480 1911 2560">
     <span class='ocr_line' id='line_1_41' title="bbox 311 2480 1911 2560; baseline -0.008 -15"><span class='ocrx_word' id='word_1_295' title='bbox 311 2492 419 2545; x_wconf 64' lang='grc' dir='ltr'><strong>καὶ</strong></span> <span class='ocrx_word' id='word_1_296' title='bbox 459 2486 850 2560; x_wconf 79' lang='grc' dir='ltr'>ἀρχιερατείας·</span> <span class='ocrx_word' id='word_1_297' title='bbox 884 2482 1066 2546; x_wconf 85' lang='grc' dir='ltr'>καθὼς</span> <span class='ocrx_word' id='word_1_298' title='bbox 1099 2480 1346 2552; x_wconf 80' lang='grc' dir='ltr'>ὁΔανιήλ</span> <span class='ocrx_word' id='word_1_299' title='bbox 1366 2496 1546 2551; x_wconf 83' lang='grc' dir='ltr'>φησιν·</span> <span class='ocrx_word' id='word_1_300' title='bbox 1585 2499 1604 2531; x_wconf 76' lang='grc' dir='ltr'><strong>ι</strong></span> <span class='ocrx_word' id='word_1_301' title='bbox 1648 2481 1911 2551; x_wconf 82' lang='grc' dir='ltr'>Ἀναστή-</span> 
     </span>
    </p>
   </div>
   <div class='ocr_carea' id='block_1_42' title="bbox 311 2571 1908 2648">
    <p class='ocr_par' dir='ltr' id='par_1_42' title="bbox 311 2571 1908 2648">
     <span class='ocr_line' id='line_1_42' title="bbox 311 2571 1908 2648; baseline -0.006 -13"><span class='ocrx_word' id='word_1_302' title='bbox 311 2598 401 2635; x_wconf 85' lang='grc' dir='ltr'><strong>σει</strong></span> <span class='ocrx_word' id='word_1_303' title='bbox 442 2582 476 2633; x_wconf 83' lang='grc' dir='ltr'>ὀ</span> <span class='ocrx_word' id='word_1_304' title='bbox 500 2578 635 2642; x_wconf 82' lang='grc' dir='ltr'>Θεὸς</span> <span class='ocrx_word' id='word_1_305' title='bbox 656 2576 749 2630; x_wconf 82' lang='grc' dir='ltr'><strong>τοῦ</strong></span> <span class='ocrx_word' id='word_1_306' title='bbox 780 2575 1009 2648; x_wconf 85' lang='grc' dir='ltr'>οὐρανοῦ</span> <span class='ocrx_word' id='word_1_307' title='bbox 1040 2572 1339 2645; x_wconf 86' lang='grc' dir='ltr'>βασιλείαν,</span> <span class='ocrx_word' id='word_1_308' title='bbox 1369 2573 1491 2642; x_wconf 74' lang='grc' dir='ltr'>ἥτις</span> <span class='ocrx_word' id='word_1_309' title='bbox 1519 2572 1770 2644; x_wconf 80' lang='grc' dir='ltr'>ὑπερέξει</span> <span class='ocrx_word' id='word_1_310' title='bbox 1803 2571 1908 2625; x_wconf 68' lang='grc' dir='ltr'>πάι</span> 
     </span>
    </p>
   </div>
   <div class='ocr_carea' id='block_1_43' title="bbox 308 2666 1907 2742">
    <p class='ocr_par' dir='ltr' id='par_1_43' title="bbox 308 2666 1907 2742">
     <span class='ocr_line' id='line_1_43' title="bbox 308 2666 1907 2742; baseline -0.008 -13"><span class='ocrx_word' id='word_1_311' title='bbox 308 2692 428 2738; x_wconf 88' lang='grc' dir='ltr'><strong>σας</strong></span> <span class='ocrx_word' id='word_1_312' title='bbox 466 2673 569 2735; x_wconf 82' lang='grc' dir='ltr'><strong>τάς</strong></span> <span class='ocrx_word' id='word_1_313' title='bbox 594 2669 863 2742; x_wconf 78' lang='grc' dir='ltr'>βασιλείας</span> <span class='ocrx_word' id='word_1_314' title='bbox 906 2668 1010 2739; x_wconf 79' lang='grc' dir='ltr'>τῆς</span> <span class='ocrx_word' id='word_1_315' title='bbox 1044 2667 1169 2739; x_wconf 79' lang='grc' dir='ltr'>γῆς·</span> <span class='ocrx_word' id='word_1_316' title='bbox 1200 2685 1220 2718; x_wconf 74' lang='grc' dir='ltr'><strong>ι</strong></span> <span class='ocrx_word' id='word_1_317' title='bbox 1257 2666 1369 2732; x_wconf 77' lang='grc' dir='ltr'>καὶ,</span> <span class='ocrx_word' id='word_1_318' title='bbox 1414 2684 1432 2717; x_wconf 79' lang='grc' dir='ltr'><strong>ι</strong></span> <span class='ocrx_word' id='word_1_319' title='bbox 1480 2666 1551 2718; x_wconf 71' lang='grc' dir='ltr'><strong>ΣΞ)</strong></span> <span class='ocrx_word' id='word_1_320' title='bbox 1601 2666 1779 2737; x_wconf 80' lang='grc' dir='ltr'>ἱερεὺς</span> <span class='ocrx_word' id='word_1_321' title='bbox 1828 2666 1907 2728; x_wconf 81' lang='grc' dir='ltr'><strong>εἰς</strong></span> 
     </span>
    </p>
   </div>
   <div class='ocr_carea' id='block_1_44' title="bbox 309 2758 1902 2831">
    <p class='ocr_par' dir='ltr' id='par_1_44' title="bbox 309 2758 1902 2831">
     <span class='ocr_line' id='line_1_44' title="bbox 309 2758 1902 2831; baseline -0.006 -10"><span class='ocrx_word' id='word_1_322' title='bbox 309 2768 411 2822; x_wconf 80' lang='grc' dir='ltr'>τὸν</span> <span class='ocrx_word' id='word_1_323' title='bbox 469 2764 642 2820; x_wconf 81' lang='grc' dir='ltr'>αὲῶνα</span> <span class='ocrx_word' id='word_1_324' title='bbox 704 2763 848 2817; x_wconf 83' lang='grc' dir='ltr'>κατὰ</span> <span class='ocrx_word' id='word_1_325' title='bbox 892 2761 990 2831; x_wconf 80' lang='grc' dir='ltr'>τὴν</span> <span class='ocrx_word' id='word_1_326' title='bbox 1036 2759 1191 2827; x_wconf 81' lang='grc' dir='ltr'>τάξιν</span> <span class='ocrx_word' id='word_1_327' title='bbox 1251 2758 1605 2830; x_wconf 80' lang='grc' dir='ltr'>Μελχισεδὲκ,</span> <span class='ocrx_word' id='word_1_328' title='bbox 1651 2777 1669 2809; x_wconf 75' lang='grc' dir='ltr'><strong>ι</strong></span> <span class='ocrx_word' id='word_1_329' title='bbox 1719 2759 1902 2828; x_wconf 83' lang='grc' dir='ltr'>φησίν.</span> 
     </span>
    </p>
   </div>
   <div class='ocr_carea' id='block_1_45' title="bbox 310 2847 1907 2930">
    <p class='ocr_par' dir='ltr' id='par_1_45' title="bbox 310 2847 1907 2930">
     <span class='ocr_line' id='line_1_45' title="bbox 310 2847 1907 2930; baseline -0.008 -18"><span class='ocrx_word' id='word_1_330' title='bbox 310 2880 331 2913; x_wconf 75' lang='grc' dir='ltr'><strong>ι</strong></span> <span class='ocrx_word' id='word_1_331' title='bbox 375 2858 565 2930; x_wconf 81' lang='grc' dir='ltr'>Ὀσμὴ</span> <span class='ocrx_word' id='word_1_332' title='bbox 599 2856 791 2928; x_wconf 84' lang='grc' dir='ltr'>μύρων</span> <span class='ocrx_word' id='word_1_333' title='bbox 836 2871 985 2918; x_wconf 61' lang='lat' dir='ltr'><strong>con,»</strong></span> <span class='ocrx_word' id='word_1_334' title='bbox 1018 2852 1201 2923; x_wconf 67' lang='grc' dir='ltr'>φησιν,</span> <span class='ocrx_word' id='word_1_335' title='bbox 1240 2870 1258 2903; x_wconf 88' lang='grc'><em>‹</em></span> <span class='ocrx_word' id='word_1_336' title='bbox 1283 2851 1425 2924; x_wconf 81' lang='grc' dir='ltr'>ὑπὲρ</span> <span class='ocrx_word' id='word_1_337' title='bbox 1462 2851 1640 2930; x_wconf 80' lang='grc' dir='ltr'>πάντα</span> <span class='ocrx_word' id='word_1_338' title='bbox 1664 2849 1731 2901; x_wconf 76' lang='grc' dir='ltr'><strong>τά</strong></span> <span class='ocrx_word' id='word_1_339' title='bbox 1761 2847 1907 2919; x_wconf 70' lang='grc' dir='ltr'>ἀρώσ-</span> 
     </span>
    </p>
   </div>
   <div class='ocr_carea' id='block_1_46' title="bbox 312 2927 1906 3025">
    <p class='ocr_par' dir='ltr' id='par_1_46' title="bbox 312 2927 1906 3025">
     <span class='ocr_line' id='line_1_46' title="bbox 312 2927 1906 3025; baseline -0.008 -18"><span class='ocrx_word' id='word_1_340' title='bbox 312 2927 500 3025; x_wconf 46' lang='lat' dir='ltr'><strong>pata.</strong></span> <span class='ocrx_word' id='word_1_341' title='bbox 529 2927 563 3005; x_wconf 28' lang='grc'><strong>»⁷</strong></span> <span class='ocrx_word' id='word_1_342' title='bbox 593 2927 691 3004; x_wconf 68' lang='lat' dir='ltr'><strong>To</strong></span> <span class='ocrx_word' id='word_1_343' title='bbox 710 2949 905 3022; x_wconf 88' lang='grc' dir='ltr'>μύρον,</span> <span class='ocrx_word' id='word_1_344' title='bbox 948 2945 1164 3016; x_wconf 78' lang='grc' dir='ltr'>ἀδελφὲ,</span> <span class='ocrx_word' id='word_1_345' title='bbox 1196 2943 1318 2999; x_wconf 79' lang='grc' dir='ltr'><strong>καθ’</strong></span> <span class='ocrx_word' id='word_1_346' title='bbox 1347 2944 1405 2997; x_wconf 79' lang='grc' dir='ltr'>ὃν</span> <span class='ocrx_word' id='word_1_347' title='bbox 1440 2927 1606 2997; x_wconf 80' lang='grc' dir='ltr'>τόπον</span> <span class='ocrx_word' id='word_1_348' title='bbox 1649 2941 1906 3014; x_wconf 80' lang='grc' dir='ltr'>ὑπάρχει,</span> 
     </span>
    </p>
   </div>
   <div class='ocr_carea' id='block_1_47' title="bbox 310 3034 1908 3112">
    <p class='ocr_par' dir='ltr' id='par_1_47' title="bbox 310 3034 1908 3112">
     <span class='ocr_line' id='line_1_47' title="bbox 310 3034 1908 3112; baseline -0.008 -13"><span class='ocrx_word' id='word_1_349' title='bbox 310 3047 494 3100; x_wconf 79' lang='grc' dir='ltr'>ἐκεῖσε</span> <span class='ocrx_word' id='word_1_350' title='bbox 532 3044 633 3097; x_wconf 69' lang='grc' dir='ltr'><strong>καὶ</strong></span> <span class='ocrx_word' id='word_1_351' title='bbox 674 3043 775 3112; x_wconf 79' lang='grc' dir='ltr'>τὴν</span> <span class='ocrx_word' id='word_1_352' title='bbox 812 3038 1040 3094; x_wconf 80' lang='grc' dir='ltr'>εὐωδίαν</span> <span class='ocrx_word' id='word_1_353' title='bbox 1071 3037 1321 3109; x_wconf 81' lang='grc' dir='ltr'>παρέχει.</span> <span class='ocrx_word' id='word_1_354' title='bbox 1360 3035 1596 3107; x_wconf 77' lang='grc' dir='ltr'>Χριστὸς</span> <span class='ocrx_word' id='word_1_355' title='bbox 1640 3034 1697 3088; x_wconf 83' lang='grc' dir='ltr'>δὲ</span> <span class='ocrx_word' id='word_1_356' title='bbox 1720 3034 1908 3087; x_wconf 82' lang='grc' dir='ltr'>’τοίνυν</span> 
     </span>
    </p>
   </div>
   <div class='ocr_carea' id='block_1_48' title="bbox 307 3125 1909 3208">
    <p class='ocr_par' dir='ltr' id='par_1_48' title="bbox 307 3125 1909 3208">
     <span class='ocr_line' id='line_1_48' title="bbox 307 3125 1909 3208; baseline -0.009 -16"><span class='ocrx_word' id='word_1_357' title='bbox 307 3140 364 3193; x_wconf 74' lang='grc' dir='ltr'>ἐν</span> <span class='ocrx_word' id='word_1_358' title='bbox 396 3136 622 3208; x_wconf 78' lang='grc' dir='ltr'>οὐρανῷ</span> <span class='ocrx_word' id='word_1_359' title='bbox 651 3134 747 3188; x_wconf 66' lang='grc' dir='ltr'><strong>καὶ</strong></span> <span class='ocrx_word' id='word_1_360' title='bbox 776 3136 846 3204; x_wconf 83' lang='grc' dir='ltr'><strong>γῇ</strong></span> <span class='ocrx_word' id='word_1_361' title='bbox 876 3131 969 3185; x_wconf 75' lang='grc' dir='ltr'><strong>καὶ</strong></span> <span class='ocrx_word' id='word_1_362' title='bbox 996 3129 1237 3202; x_wconf 81' lang='grc' dir='ltr'><strong>θαλάττῃ</strong></span> <span class='ocrx_word' id='word_1_363' title='bbox 1270 3129 1450 3183; x_wconf 84' lang='grc' dir='ltr'>πάντα</span> <span class='ocrx_word' id='word_1_364' title='bbox 1483 3127 1769 3198; x_wconf 75' lang='grc' dir='ltr'>περιέχων,</span> <span class='ocrx_word' id='word_1_365' title='bbox 1812 3125 1909 3196; x_wconf 82' lang='grc' dir='ltr'>τὴν</span> 
     </span>
    </p>
   </div>
   <div class='ocr_carea' id='block_1_49' title="bbox 308 3215 1910 3298">
    <p class='ocr_par' dir='ltr' id='par_1_49' title="bbox 308 3215 1910 3298">
     <span class='ocr_line' id='line_1_49' title="bbox 308 3215 1910 3298; baseline -0.009 -15"><span class='ocrx_word' id='word_1_366' title='bbox 308 3228 639 3283; x_wconf 78' lang='grc' dir='ltr'>δεσποτείαν</span> <span class='ocrx_word' id='word_1_367' title='bbox 668 3224 783 3298; x_wconf 82' lang='lat'><strong>(5|)</strong></span> <span class='ocrx_word' id='word_1_368' title='bbox 818 3221 985 3277; x_wconf 82' lang='grc' dir='ltr'>αὑτοῦ</span> <span class='ocrx_word' id='word_1_369' title='bbox 1015 3222 1109 3275; x_wconf 71' lang='grc' dir='ltr'><strong>καὶ</strong></span> <span class='ocrx_word' id='word_1_370' title='bbox 1142 3219 1417 3292; x_wconf 87' lang='grc' dir='ltr'>βασιλείαν</span> <span class='ocrx_word' id='word_1_371' title='bbox 1447 3219 1623 3288; x_wconf 84' lang='grc' dir='ltr'>πάντη</span> <span class='ocrx_word' id='word_1_372' title='bbox 1659 3216 1769 3287; x_wconf 70' lang='grc'><strong>(52)</strong></span> <span class='ocrx_word' id='word_1_373' title='bbox 1816 3215 1910 3270; x_wconf 75' lang='grc' dir='ltr'><strong>καὶ</strong></span> 
     </span>
    </p>
   </div>
   <div class='ocr_carea' id='block_1_50' title="bbox 2012 2031 3594 2101">
    <p class='ocr_par' dir='ltr' id='par_1_50' title="bbox 2012 2031 3594 2101">
     <span class='ocr_line' id='line_1_50' title="bbox 2012 2031 3594 2101; baseline 0.001 -15"><span class='ocrx_word' id='word_1_374' title='bbox 2012 2032 2228 2097; x_wconf 84' lang='lat' dir='ltr'><strong>bantur,</strong></span> <span class='ocrx_word' id='word_1_375' title='bbox 2260 2031 2539 2100; x_wconf 88' lang='lat' dir='ltr'><strong>perspicue</strong></span> <span class='ocrx_word' id='word_1_376' title='bbox 2570 2031 2680 2099; x_wconf 84' lang='lat' dir='ltr'><strong>jam</strong></span> <span class='ocrx_word' id='word_1_377' title='bbox 2717 2043 2873 2084; x_wconf 88' lang='lat' dir='ltr'><strong>sacra</strong></span> <span class='ocrx_word' id='word_1_378' title='bbox 2907 2031 3186 2100; x_wconf 83' lang='lat' dir='ltr'><strong>Scriptura</strong></span> <span class='ocrx_word' id='word_1_379' title='bbox 3214 2040 3268 2084; x_wconf 86' lang='lat' dir='ltr'><strong>et</strong></span> <span class='ocrx_word' id='word_1_380' title='bbox 3300 2033 3499 2101; x_wconf 80' lang='lat' dir='ltr'><strong>regiam</strong></span> <span class='ocrx_word' id='word_1_381' title='bbox 3536 2039 3594 2087; x_wconf 75' lang='lat' dir='ltr'><strong>et</strong></span> 
     </span>
    </p>
   </div>
   <div class='ocr_carea' id='block_1_51' title="bbox 2011 2107 3639 2193">
    <p class='ocr_par' dir='ltr' id='par_1_51' title="bbox 2011 2107 3639 2193">
     <span class='ocr_line' id='line_1_51' title="bbox 2011 2107 3639 2193; baseline 0.001 -16"><span class='ocrx_word' id='word_1_382' title='bbox 2011 2107 2399 2177; x_wconf 81' lang='lat' dir='ltr'><strong>sacerdotalem</strong></span> <span class='ocrx_word' id='word_1_383' title='bbox 2447 2122 2760 2190; x_wconf 87' lang='lat' dir='ltr'><strong>dignitatem</strong></span> <span class='ocrx_word' id='word_1_384' title='bbox 2807 2122 2857 2175; x_wconf 90' lang='lat' dir='ltr'><strong>in</strong></span> <span class='ocrx_word' id='word_1_385' title='bbox 2905 2120 3190 2193; x_wconf 88' lang='lat' dir='ltr'><strong>Unigenito</strong></span> <span class='ocrx_word' id='word_1_386' title='bbox 3223 2123 3442 2190; x_wconf 78' lang='lat' dir='ltr'><strong>exponit</strong></span> <span class='ocrx_word' id='word_1_387' title='bbox 3471 2137 3593 2179; x_wconf 86' lang='lat' dir='ltr'><strong>esse</strong></span> <span class='ocrx_word' id='word_1_388' title='bbox 3622 2153 3639 2170; x_wconf 71' lang='grc' dir='ltr'>ι</span> 
     </span>
    </p>
   </div>
   <div class='ocr_carea' id='block_1_52' title="bbox 2015 2214 3589 2287">
    <p class='ocr_par' dir='ltr' id='par_1_52' title="bbox 2015 2214 3589 2287">
     <span class='ocr_line' id='line_1_52' title="bbox 2015 2214 3589 2287; baseline -0.002 -18"><span class='ocrx_word' id='word_1_389' title='bbox 2015 2214 2382 2283; x_wconf 83' lang='lat' dir='ltr'><strong>conjunctam.</strong></span> <span class='ocrx_word' id='word_1_390' title='bbox 2415 2233 2432 2267; x_wconf 76' lang='grc' dir='ltr'><strong>ι</strong></span> <span class='ocrx_word' id='word_1_391' title='bbox 2461 2215 2609 2270; x_wconf 84' lang='lat' dir='ltr'><strong>Odor</strong></span> <span class='ocrx_word' id='word_1_392' title='bbox 2651 2225 3043 2284; x_wconf 88' lang='lat' dir='ltr'><strong>unguentormn</strong></span> <span class='ocrx_word' id='word_1_393' title='bbox 3079 2223 3313 2280; x_wconf 86' lang='lat' dir='ltr'><strong>tuorum,</strong></span> <span class='ocrx_word' id='word_1_394' title='bbox 3341 2235 3359 2268; x_wconf 73' lang='grc' dir='ltr'><strong>ι</strong></span> <span class='ocrx_word' id='word_1_395' title='bbox 3397 2216 3589 2287; x_wconf 75' lang='lat' dir='ltr'><strong>inquit,</strong></span> 
     </span>
    </p>
   </div>
   <div class='ocr_carea' id='block_1_53' title="bbox 2020 2306 3590 2377">
    <p class='ocr_par' dir='ltr' id='par_1_53' title="bbox 2020 2306 3590 2377">
     <span class='ocr_line' id='line_1_53' title="bbox 2020 2306 3590 2377; baseline 0 -18"><span class='ocrx_word' id='word_1_396' title='bbox 2020 2324 2038 2359; x_wconf 82' lang='grc' dir='ltr'><strong>ι</strong></span> <span class='ocrx_word' id='word_1_397' title='bbox 2067 2322 2230 2377; x_wconf 89' lang='lat' dir='ltr'><strong>super</strong></span> <span class='ocrx_word' id='word_1_398' title='bbox 2256 2308 2435 2363; x_wconf 84' lang='lat' dir='ltr'><strong>omnia</strong></span> <span class='ocrx_word' id='word_1_399' title='bbox 2479 2315 2723 2361; x_wconf 85' lang='lat' dir='ltr'><strong>aromata</strong></span> <span class='ocrx_word' id='word_1_400' title='bbox 2752 2322 2767 2360; x_wconf 86' lang='lat'><strong>:</strong></span> <span class='ocrx_word' id='word_1_401' title='bbox 2802 2325 2821 2359; x_wconf 75' lang='grc' dir='ltr'><strong>ι</strong></span> <span class='ocrx_word' id='word_1_402' title='bbox 2855 2307 3011 2377; x_wconf 91' lang='lat' dir='ltr'><strong>quasi</strong></span> <span class='ocrx_word' id='word_1_403' title='bbox 3048 2307 3230 2362; x_wconf 84' lang='lat' dir='ltr'><strong>dicat:</strong></span> <span class='ocrx_word' id='word_1_404' title='bbox 3263 2306 3409 2361; x_wconf 88' lang='lat' dir='ltr'><strong>Odor</strong></span> <span class='ocrx_word' id='word_1_405' title='bbox 3443 2308 3590 2376; x_wconf 84' lang='lat' dir='ltr'><strong>regni</strong></span> 
     </span>
    </p>
   </div>
   <div class='ocr_carea' id='block_1_54' title="bbox 2012 2399 3590 2470">
    <p class='ocr_par' dir='ltr' id='par_1_54' title="bbox 2012 2399 3590 2470">
     <span class='ocr_line' id='line_1_54' title="bbox 2012 2399 3590 2470; baseline -0.003 -17"><span class='ocrx_word' id='word_1_406' title='bbox 2012 2408 2066 2453; x_wconf 89' lang='lat' dir='ltr'><strong>et</strong></span> <span class='ocrx_word' id='word_1_407' title='bbox 2096 2399 2386 2468; x_wconf 83' lang='lat' dir='ltr'><strong>sacerdotii</strong></span> <span class='ocrx_word' id='word_1_408' title='bbox 2431 2400 2507 2453; x_wconf 90' lang='lat' dir='ltr'><strong>tui</strong></span> <span class='ocrx_word' id='word_1_409' title='bbox 2543 2415 2707 2468; x_wconf 86' lang='lat' dir='ltr'><strong>super</strong></span> <span class='ocrx_word' id='word_1_410' title='bbox 2748 2401 2933 2456; x_wconf 83' lang='lat' dir='ltr'><strong>omnia</strong></span> <span class='ocrx_word' id='word_1_411' title='bbox 2970 2414 3133 2470; x_wconf 87' lang='lat' dir='ltr'><strong>regna</strong></span> <span class='ocrx_word' id='word_1_412' title='bbox 3167 2410 3218 2452; x_wconf 89' lang='lat' dir='ltr'><strong>et</strong></span> <span class='ocrx_word' id='word_1_413' title='bbox 3252 2400 3590 2464; x_wconf 80' lang='lat' dir='ltr'><strong>sacerdotia;</strong></span> 
     </span>
    </p>
   </div>
   <div class='ocr_carea' id='block_1_55' title="bbox 2013 2489 3589 2560">
    <p class='ocr_par' dir='ltr' id='par_1_55' title="bbox 2013 2489 3589 2560">
     <span class='ocr_line' id='line_1_55' title="bbox 2013 2489 3589 2560; baseline 0 -17"><span class='ocrx_word' id='word_1_414' title='bbox 2013 2490 2465 2560; x_wconf 84' lang='lat' dir='ltr'><strong>quemadmodum</strong></span> <span class='ocrx_word' id='word_1_415' title='bbox 2503 2491 2579 2543; x_wconf 87' lang='lat' dir='ltr'><strong>ait</strong></span> <span class='ocrx_word' id='word_1_416' title='bbox 2615 2489 2799 2544; x_wconf 90' lang='lat' dir='ltr'><strong>Daniel</strong></span> <span class='ocrx_word' id='word_1_417' title='bbox 2833 2507 2847 2544; x_wconf 88' lang='lat'><strong>:</strong></span> <span class='ocrx_word' id='word_1_418' title='bbox 2896 2509 2914 2541; x_wconf 83' lang='grc' dir='ltr'><strong>ι</strong></span> <span class='ocrx_word' id='word_1_419' title='bbox 2946 2490 3242 2545; x_wconf 82' lang='lat' dir='ltr'><strong>Suscitabit</strong></span> <span class='ocrx_word' id='word_1_420' title='bbox 3277 2492 3417 2543; x_wconf 83' lang='lat' dir='ltr'><strong>Deus</strong></span> <span class='ocrx_word' id='word_1_421' title='bbox 3465 2489 3589 2544; x_wconf 68' lang='lat' dir='ltr'><strong>cadi</strong></span> 
     </span>
    </p>
   </div>
   <div class='ocr_carea' id='block_1_56' title="bbox 2013 2580 3588 2649">
    <p class='ocr_par' dir='ltr' id='par_1_56' title="bbox 2013 2580 3588 2649">
     <span class='ocr_line' id='line_1_56' title="bbox 2013 2580 3588 2649; baseline 0 -14"><span class='ocrx_word' id='word_1_422' title='bbox 2013 2595 2237 2648; x_wconf 83' lang='lat' dir='ltr'><strong>regnum</strong></span> <span class='ocrx_word' id='word_1_423' title='bbox 2277 2580 2420 2649; x_wconf 91' lang='lat' dir='ltr'><strong>quod</strong></span> <span class='ocrx_word' id='word_1_424' title='bbox 2445 2580 2719 2649; x_wconf 85' lang='lat' dir='ltr'><strong>superabit</strong></span> <span class='ocrx_word' id='word_1_425' title='bbox 2744 2581 2923 2635; x_wconf 87' lang='lat' dir='ltr'><strong>omnia</strong></span> <span class='ocrx_word' id='word_1_426' title='bbox 2954 2596 3115 2649; x_wconf 79' lang='lat' dir='ltr'><strong>regna</strong></span> <span class='ocrx_word' id='word_1_427' title='bbox 3143 2588 3302 2634; x_wconf 69' lang='lat' dir='ltr'><strong>terra:</strong></span> <span class='ocrx_word' id='word_1_428' title='bbox 3328 2580 3406 2645; x_wconf 80' lang='grc'><strong>¹⁸;</strong></span> <span class='ocrx_word' id='word_1_429' title='bbox 3436 2598 3455 2631; x_wconf 75' lang='grc' dir='ltr'><strong>ι</strong></span> <span class='ocrx_word' id='word_1_430' title='bbox 3489 2591 3537 2634; x_wconf 95' lang='lat' dir='ltr'><strong>et</strong></span> <span class='ocrx_word' id='word_1_431' title='bbox 3573 2598 3588 2635; x_wconf 86' lang='lat'><strong>:</strong></span> 
     </span>
    </p>
   </div>
   <div class='ocr_carea' id='block_1_57' title="bbox 2019 2670 3592 2729">
    <p class='ocr_par' dir='ltr' id='par_1_57' title="bbox 2019 2670 3592 2729">
     <span class='ocr_line' id='line_1_57' title="bbox 2019 2670 3592 2729; baseline 0 -6"><span class='ocrx_word' id='word_1_432' title='bbox 2019 2690 2037 2723; x_wconf 77' lang='grc' dir='ltr'><strong>ι</strong></span> <span class='ocrx_word' id='word_1_433' title='bbox 2070 2670 2148 2729; x_wconf 84' lang='lat' dir='ltr'><strong>Tu</strong></span> <span class='ocrx_word' id='word_1_434' title='bbox 2180 2671 2433 2724; x_wconf 85' lang='lat' dir='ltr'><strong>sacerdos</strong></span> <span class='ocrx_word' id='word_1_435' title='bbox 2476 2671 2527 2722; x_wconf 91' lang='lat' dir='ltr'><strong>in</strong></span> <span class='ocrx_word' id='word_1_436' title='bbox 2557 2680 2821 2724; x_wconf 66' lang='lat' dir='ltr'><strong>aeternum</strong></span> <span class='ocrx_word' id='word_1_437' title='bbox 2856 2671 3151 2725; x_wconf 81' lang='lat' dir='ltr'><strong>secundum</strong></span> <span class='ocrx_word' id='word_1_438' title='bbox 3182 2672 3425 2724; x_wconf 89' lang='lat' dir='ltr'><strong>ordinem</strong></span> <span class='ocrx_word' id='word_1_439' title='bbox 3460 2670 3592 2724; x_wconf 52' lang='lat' dir='ltr'><strong>Mel.</strong></span> 
     </span>
    </p>
   </div>
   <div class='ocr_carea' id='block_1_58' title="bbox 2014 2758 3591 2833">
    <p class='ocr_par' dir='ltr' id='par_1_58' title="bbox 2014 2758 3591 2833">
     <span class='ocr_line' id='line_1_58' title="bbox 2014 2758 3591 2833; baseline -0.001 -15"><span class='ocrx_word' id='word_1_440' title='bbox 2014 2763 2265 2820; x_wconf 89' lang='lat' dir='ltr'><strong>chisedee</strong></span> <span class='ocrx_word' id='word_1_441' title='bbox 2282 2762 2484 2816; x_wconf 78' lang='grc' dir='ltr'><strong>”.›-ι</strong></span> <span class='ocrx_word' id='word_1_442' title='bbox 2509 2758 2654 2816; x_wconf 89' lang='lat' dir='ltr'><strong>Odor</strong></span> <span class='ocrx_word' id='word_1_443' title='bbox 2677 2772 3067 2832; x_wconf 87' lang='lat' dir='ltr'><strong>unguentorum</strong></span> <span class='ocrx_word' id='word_1_444' title='bbox 3091 2770 3359 2828; x_wconf 67' lang='lat' dir='ltr'><strong>tuorum,»</strong></span> <span class='ocrx_word' id='word_1_445' title='bbox 3397 2763 3591 2833; x_wconf 88' lang='lat' dir='ltr'><strong>inquit,</strong></span> 
     </span>
    </p>
   </div>
   <div class='ocr_carea' id='block_1_59' title="bbox 2019 2852 3596 2925">
    <p class='ocr_par' dir='ltr' id='par_1_59' title="bbox 2019 2852 3596 2925">
     <span class='ocr_line' id='line_1_59' title="bbox 2019 2852 3596 2925; baseline 0.001 -17"><span class='ocrx_word' id='word_1_446' title='bbox 2019 2874 2037 2908; x_wconf 80' lang='grc' dir='ltr'><strong>ι</strong></span> <span class='ocrx_word' id='word_1_447' title='bbox 2067 2869 2228 2924; x_wconf 88' lang='lat' dir='ltr'><strong>super</strong></span> <span class='ocrx_word' id='word_1_448' title='bbox 2258 2853 2440 2907; x_wconf 90' lang='lat' dir='ltr'><strong>omnia</strong></span> <span class='ocrx_word' id='word_1_449' title='bbox 2487 2863 2749 2907; x_wconf 87' lang='lat' dir='ltr'><strong>aromata.</strong></span> <span class='ocrx_word' id='word_1_450' title='bbox 2778 2871 2796 2904; x_wconf 76' lang='grc' dir='ltr'><strong>ι</strong></span> <span class='ocrx_word' id='word_1_451' title='bbox 2831 2852 3168 2923; x_wconf 80' lang='lat' dir='ltr'><strong>Unguentum</strong></span> <span class='ocrx_word' id='word_1_452' title='bbox 3189 2892 3204 2915; x_wconf 86' lang='lat'><strong>.</strong></span> <span class='ocrx_word' id='word_1_453' title='bbox 3266 2854 3451 2921; x_wconf 77' lang='lat' dir='ltr'><strong>frater,</strong></span> <span class='ocrx_word' id='word_1_454' title='bbox 3488 2871 3596 2925; x_wconf 86' lang='lat' dir='ltr'><strong>quo</strong></span> 
     </span>
    </p>
   </div>
   <div class='ocr_carea' id='block_1_60' title="bbox 2015 2941 3597 3016">
    <p class='ocr_par' dir='ltr' id='par_1_60' title="bbox 2015 2941 3597 3016">
     <span class='ocr_line' id='line_1_60' title="bbox 2015 2941 3597 3016; baseline 0.001 -20"><span class='ocrx_word' id='word_1_455' title='bbox 2015 2942 2132 2996; x_wconf 89' lang='lat' dir='ltr'><strong>loco</strong></span> <span class='ocrx_word' id='word_1_456' title='bbox 2161 2951 2266 3003; x_wconf 89' lang='lat' dir='ltr'><strong>est,</strong></span> <span class='ocrx_word' id='word_1_457' title='bbox 2298 2941 2368 2996; x_wconf 90' lang='lat' dir='ltr'><strong>ibi</strong></span> <span class='ocrx_word' id='word_1_458' title='bbox 2396 2956 2617 2996; x_wconf 84' lang='lat' dir='ltr'><strong>suavem</strong></span> <span class='ocrx_word' id='word_1_459' title='bbox 2646 2941 2848 3011; x_wconf 77' lang='lat' dir='ltr'><strong>praebet</strong></span> <span class='ocrx_word' id='word_1_460' title='bbox 2876 2944 3124 2999; x_wconf 89' lang='lat' dir='ltr'><strong>odorem.</strong></span> <span class='ocrx_word' id='word_1_461' title='bbox 3178 2943 3453 2999; x_wconf 90' lang='lat' dir='ltr'><strong>Christum</strong></span> <span class='ocrx_word' id='word_1_462' title='bbox 3495 2945 3597 3016; x_wconf 81' lang='lat' dir='ltr'><strong>igi-</strong></span> 
     </span>
    </p>
   </div>
   <div class='ocr_carea' id='block_1_61' title="bbox 2018 3030 3597 3106">
    <p class='ocr_par' dir='ltr' id='par_1_61' title="bbox 2018 3030 3597 3106">
     <span class='ocr_line' id='line_1_61' title="bbox 2018 3030 3597 3106; baseline 0.004 -22"><span class='ocrx_word' id='word_1_463' title='bbox 2018 3044 2105 3086; x_wconf 89' lang='lat' dir='ltr'><strong>tur</strong></span> <span class='ocrx_word' id='word_1_464' title='bbox 2145 3031 2197 3085; x_wconf 91' lang='lat' dir='ltr'><strong>in</strong></span> <span class='ocrx_word' id='word_1_465' title='bbox 2228 3030 2369 3086; x_wconf 72' lang='lat' dir='ltr'><strong>coelo</strong></span> <span class='ocrx_word' id='word_1_466' title='bbox 2406 3039 2461 3084; x_wconf 89' lang='lat' dir='ltr'><strong>et</strong></span> <span class='ocrx_word' id='word_1_467' title='bbox 2500 3030 2552 3084; x_wconf 92' lang='lat' dir='ltr'><strong>in</strong></span> <span class='ocrx_word' id='word_1_468' title='bbox 2601 3040 2826 3106; x_wconf 73' lang='lat' dir='ltr'><strong>terrae:</strong></span> <span class='ocrx_word' id='word_1_469' title='bbox 2856 3032 2912 3087; x_wconf 91' lang='lat' dir='ltr'><strong>in</strong></span> <span class='ocrx_word' id='word_1_470' title='bbox 2958 3034 3094 3088; x_wconf 87' lang='lat' dir='ltr'><strong>mari</strong></span> <span class='ocrx_word' id='word_1_471' title='bbox 3145 3035 3326 3088; x_wconf 91' lang='lat' dir='ltr'><strong>omnia</strong></span> <span class='ocrx_word' id='word_1_472' title='bbox 3355 3038 3597 3106; x_wconf 85' lang='lat' dir='ltr'><strong>comple-</strong></span> 
     </span>
    </p>
   </div>
   <div class='ocr_carea' id='block_1_62' title="bbox 2016 3105 3598 3196">
    <p class='ocr_par' dir='ltr' id='par_1_62' title="bbox 2016 3105 3598 3196">
     <span class='ocr_line' id='line_1_62' title="bbox 2016 3105 3598 3196; baseline 0.002 -18"><span class='ocrx_word' id='word_1_473' title='bbox 2016 3133 2190 3188; x_wconf 89' lang='lat' dir='ltr'><strong>ctens,</strong></span> <span class='ocrx_word' id='word_1_474' title='bbox 2239 3123 2665 3179; x_wconf 86' lang='lat' dir='ltr'><strong>dominationem</strong></span> <span class='ocrx_word' id='word_1_475' title='bbox 2699 3105 2851 3179; x_wconf 80' lang='lat' dir='ltr'><strong>suam</strong></span> <span class='ocrx_word' id='word_1_476' title='bbox 2898 3134 2952 3179; x_wconf 93' lang='lat' dir='ltr'><strong>et</strong></span> <span class='ocrx_word' id='word_1_477' title='bbox 2987 3140 3209 3194; x_wconf 83' lang='lat' dir='ltr'><strong>regnum</strong></span> <span class='ocrx_word' id='word_1_478' title='bbox 3256 3105 3598 3196; x_wconf 76' lang='lat' dir='ltr'><strong>quoquover-</strong></span> 
     </span>
    </p>
   </div>
   <div class='ocr_carea' id='block_1_63' title="bbox 2017 3217 3593 3289">
    <p class='ocr_par' dir='ltr' id='par_1_63' title="bbox 2017 3217 3593 3289">
     <span class='ocr_line' id='line_1_63' title="bbox 2017 3217 3593 3289; baseline -0.001 -14"><span class='ocrx_word' id='word_1_479' title='bbox 2017 3234 2136 3275; x_wconf 90' lang='lat' dir='ltr'><strong>sum</strong></span> <span class='ocrx_word' id='word_1_480' title='bbox 2173 3227 2228 3273; x_wconf 90' lang='lat' dir='ltr'><strong>et</strong></span> <span class='ocrx_word' id='word_1_481' title='bbox 2259 3218 2456 3287; x_wconf 89' lang='lat' dir='ltr'><strong>ubique</strong></span> <span class='ocrx_word' id='word_1_482' title='bbox 2488 3217 2773 3274; x_wconf 85' lang='lat' dir='ltr'><strong>suavitatis</strong></span> <span class='ocrx_word' id='word_1_483' title='bbox 2799 3219 2966 3273; x_wconf 90' lang='lat' dir='ltr'><strong>odore</strong></span> <span class='ocrx_word' id='word_1_484' title='bbox 3011 3219 3267 3289; x_wconf 85' lang='lat' dir='ltr'><strong>complet.</strong></span> <span class='ocrx_word' id='word_1_485' title='bbox 3318 3219 3593 3275; x_wconf 81' lang='lat' dir='ltr'><strong>Luculen-</strong></span> 
     </span>
    </p>
   </div>
   <div class='ocr_carea' id='block_1_64' title="bbox 309 3297 1905 3393">
    <p class='ocr_par' dir='ltr' id='par_1_64' title="bbox 309 3297 1905 3393">
     <span class='ocr_line' id='line_1_64' title="bbox 309 3297 1905 3393; baseline -0.01 -17"><span class='ocrx_word' id='word_1_486' title='bbox 309 3320 601 3393; x_wconf 82' lang='grc' dir='ltr'>πανταχοῦ</span> <span class='ocrx_word' id='word_1_487' title='bbox 636 3297 944 3381; x_wconf 81' lang='grc' dir='ltr'>εὑωδιάζει.</span> <span class='ocrx_word' id='word_1_488' title='bbox 984 3313 1266 3387; x_wconf 85' lang='grc' dir='ltr'>Λαμπρῶς</span> <span class='ocrx_word' id='word_1_489' title='bbox 1294 3313 1360 3384; x_wconf 83' lang='grc' dir='ltr'>δὴ</span> <span class='ocrx_word' id='word_1_490' title='bbox 1387 3311 1481 3365; x_wconf 77' lang='grc' dir='ltr'><strong>καὶ</strong></span> <span class='ocrx_word' id='word_1_491' title='bbox 1510 3309 1763 3373; x_wconf 74' lang='grc' dir='ltr'>ἐνταῦθα,</span> <span class='ocrx_word' id='word_1_492' title='bbox 1813 3308 1905 3362; x_wconf 72' lang='grc' dir='ltr'><strong>καὶ</strong></span> 
     </span>
    </p>
   </div>
   <div class='ocr_carea' id='block_1_65' title="bbox 2015 3297 3595 3393">
    <p class='ocr_par' dir='ltr' id='par_1_65' title="bbox 2025 3309 3595 3382">
     <span class='ocr_line' id='line_1_65' title="bbox 2025 3309 3595 3382; baseline 0.001 -17"><span class='ocrx_word' id='word_1_493' title='bbox 2025 3323 2103 3366; x_wconf 90' lang='lat' dir='ltr'><strong>ter</strong></span> <span class='ocrx_word' id='word_1_494' title='bbox 2122 3309 2235 3380; x_wconf 88' lang='lat' dir='ltr'><strong>jam</strong></span> <span class='ocrx_word' id='word_1_495' title='bbox 2263 3319 2314 3365; x_wconf 91' lang='lat' dir='ltr'><strong>et</strong></span> <span class='ocrx_word' id='word_1_496' title='bbox 2343 3309 2440 3374; x_wconf 87' lang='lat' dir='ltr'><strong>ibi,</strong></span> <span class='ocrx_word' id='word_1_497' title='bbox 2471 3319 2523 3364; x_wconf 91' lang='lat' dir='ltr'><strong>et</strong></span> <span class='ocrx_word' id='word_1_498' title='bbox 2549 3310 2838 3365; x_wconf 90' lang='lat' dir='ltr'><strong>admodum</strong></span> <span class='ocrx_word' id='word_1_499' title='bbox 2881 3309 3029 3365; x_wconf 86' lang='lat' dir='ltr'><strong>clare</strong></span> <span class='ocrx_word' id='word_1_500' title='bbox 3069 3310 3347 3382; x_wconf 85' lang='lat' dir='ltr'><strong>Scriptura</strong></span> <span class='ocrx_word' id='word_1_501' title='bbox 3383 3311 3595 3367; x_wconf 83' lang='lat' dir='ltr'><strong>divino-</strong></span> 
     </span>
    </p>
   </div>
   <div class='ocr_carea' id='block_1_66' title="bbox 312 3402 1908 3486">
    <p class='ocr_par' dir='ltr' id='par_1_66' title="bbox 312 3402 1908 3486">
     <span class='ocr_line' id='line_1_66' title="bbox 312 3402 1908 3486; baseline -0.009 -19"><span class='ocrx_word' id='word_1_502' title='bbox 312 3414 527 3486; x_wconf 70' lang='grc' dir='ltr'>στράδρα</span> <span class='ocrx_word' id='word_1_503' title='bbox 557 3409 877 3483; x_wconf 76' lang='grc' dir='ltr'>περιφανῶς</span> <span class='ocrx_word' id='word_1_504' title='bbox 917 3408 952 3479; x_wconf 81' lang='grc' dir='ltr'>ἡ</span> <span class='ocrx_word' id='word_1_505' title='bbox 978 3406 1086 3461; x_wconf 81' lang='grc' dir='ltr'><strong>τῶν</strong></span> <span class='ocrx_word' id='word_1_506' title='bbox 1116 3405 1276 3459; x_wconf 84' lang='grc' dir='ltr'>Θείων</span> <span class='ocrx_word' id='word_1_507' title='bbox 1314 3404 1407 3458; x_wconf 76' lang='grc' dir='ltr'><strong>καὶ</strong></span> <span class='ocrx_word' id='word_1_508' title='bbox 1436 3402 1770 3474; x_wconf 87' lang='grc' dir='ltr'>άποκρύφων</span> <span class='ocrx_word' id='word_1_509' title='bbox 1805 3418 1908 3472; x_wconf 85' lang='grc' dir='ltr'>μυ-</span> 
     </span>
    </p>
   </div>
   <div class='ocr_carea' id='block_1_67' title="bbox 312 3488 1908 3575">
    <p class='ocr_par' dir='ltr' id='par_1_67' title="bbox 312 3488 1908 3575">
     <span class='ocr_line' id='line_1_67' title="bbox 312 3488 1908 3575; baseline -0.008 -19"><span class='ocrx_word' id='word_1_510' title='bbox 312 3503 561 3575; x_wconf 74' lang='grc' dir='ltr'>στηρίων</span> <span class='ocrx_word' id='word_1_511' title='bbox 618 3496 1051 3571; x_wconf 78' lang='grc' dir='ltr'>ὲμπεφορημὲνη</span> <span class='ocrx_word' id='word_1_512' title='bbox 1095 3493 1309 3567; x_wconf 82' lang='grc' dir='ltr'><strong>Γραφὴ.</strong></span> <span class='ocrx_word' id='word_1_513' title='bbox 1366 3493 1460 3547; x_wconf 74' lang='grc' dir='ltr'><strong>καὶ</strong></span> <span class='ocrx_word' id='word_1_514' title='bbox 1500 3492 1559 3546; x_wconf 86' lang='grc' dir='ltr'>τὸ</span> <span class='ocrx_word' id='word_1_515' title='bbox 1607 3492 1779 3563; x_wconf 77' lang='grc' dir='ltr'>δνομα</span> <span class='ocrx_word' id='word_1_516' title='bbox 1814 3488 1908 3544; x_wconf 87' lang='grc' dir='ltr'><strong>τοῦ</strong></span> 
     </span>
    </p>
   </div>
   <div class='ocr_carea' id='block_1_68' title="bbox 317 3585 1879 3670">
    <p class='ocr_par' dir='ltr' id='par_1_68' title="bbox 317 3585 1879 3670">
     <span class='ocr_line' id='line_1_68' title="bbox 317 3585 1879 3670; baseline -0.011 -19"><span class='ocrx_word' id='word_1_517' title='bbox 317 3595 563 3670; x_wconf 74' lang='grc' dir='ltr'>μεγάλου</span> <span class='ocrx_word' id='word_1_518' title='bbox 586 3590 863 3654; x_wconf 82' lang='grc' dir='ltr'>Βασιλέως</span> <span class='ocrx_word' id='word_1_519' title='bbox 885 3585 1521 3655; x_wconf 72' lang='grc' dir='ltr'>ἀναδείκνυσι,λέγουσα·</span> <span class='ocrx_word' id='word_1_520' title='bbox 1876 3640 1879 3645; x_wconf 28' lang='grc' dir='ltr'><em>ν</em></span> 
     </span>
    </p>
   </div>
   <div class='ocr_carea' id='block_1_69' title="bbox 387 3677 1911 3754">
    <p class='ocr_par' dir='ltr' id='par_1_69' title="bbox 387 3677 1911 3754">
     <span class='ocr_line' id='line_1_69' title="bbox 387 3677 1911 3754; baseline -0.007 -12"><span class='ocrx_word' id='word_1_521' title='bbox 387 3691 463 3742; x_wconf 88' lang='grc' dir='ltr'><strong>Δ’.</strong></span> <span class='ocrx_word' id='word_1_522' title='bbox 499 3687 713 3754; x_wconf 74' lang='grc' dir='ltr'>Μύρον</span> <span class='ocrx_word' id='word_1_523' title='bbox 760 3680 1094 3736; x_wconf 76' lang='grc' dir='ltr'><strong>ἐκκενωθὲν</strong></span> <span class='ocrx_word' id='word_1_524' title='bbox 1149 3677 1338 3749; x_wconf 80' lang='grc' dir='ltr'><strong>ὄνομὰ</strong></span> <span class='ocrx_word' id='word_1_525' title='bbox 1400 3694 1539 3743; x_wconf 87' lang='grc' dir='ltr'>σου,</span> <span class='ocrx_word' id='word_1_526' title='bbox 1581 3678 1680 3733; x_wconf 83' lang='grc' dir='ltr'>διὰ</span> <span class='ocrx_word' id='word_1_527' title='bbox 1734 3677 1911 3733; x_wconf 83' lang='grc' dir='ltr'>τοῦτο</span> 
     </span>
    </p>
   </div>
   <div class='ocr_carea' id='block_1_70' title="bbox 313 3770 1908 3845">
    <p class='ocr_par' dir='ltr' id='par_1_70' title="bbox 313 3770 1908 3845">
     <span class='ocr_line' id='line_1_70' title="bbox 313 3770 1908 3845; baseline -0.006 -12"><span class='ocrx_word' id='word_1_528' title='bbox 313 3778 600 3843; x_wconf 67' lang='grc' dir='ltr'>νεάνιδες</span> <span class='ocrx_word' id='word_1_529' title='bbox 631 3771 963 3845; x_wconf 59' lang='grc' dir='ltr'>ήγηάπησάν</span> <span class='ocrx_word' id='word_1_530' title='bbox 991 3787 1084 3839; x_wconf 82' lang='grc' dir='ltr'><strong>σε,</strong></span> <span class='ocrx_word' id='word_1_531' title='bbox 1110 3770 1409 3825; x_wconf 61' lang='grc' dir='ltr'><strong>εἵλκυσάν</strong></span> <span class='ocrx_word' id='word_1_532' title='bbox 1436 3784 1511 3824; x_wconf 82' lang='grc' dir='ltr'><strong>σε</strong></span> <span class='ocrx_word' id='word_1_533' title='bbox 1548 3770 1741 3823; x_wconf 81' lang='grc' dir='ltr'>ὀπίσω</span> <span class='ocrx_word' id='word_1_534' title='bbox 1767 3784 1908 3824; x_wconf 86' lang='grc' dir='ltr'>σου.</span> 
     </span>
    </p>
   </div>
   <div class='ocr_carea' id='block_1_71' title="bbox 400 3861 1910 3938">
    <p class='ocr_par' dir='ltr' id='par_1_71' title="bbox 400 3861 1910 3938">
     <span class='ocr_line' id='line_1_71' title="bbox 400 3861 1910 3938; baseline -0.005 -15"><span class='ocrx_word' id='word_1_535' title='bbox 400 3870 649 3938; x_wconf 69' lang='grc' dir='ltr'>Λέγοὺσα</span> <span class='ocrx_word' id='word_1_536' title='bbox 699 3868 755 3922; x_wconf 86' lang='grc' dir='ltr'>δὲ</span> <span class='ocrx_word' id='word_1_537' title='bbox 804 3868 838 3938; x_wconf 83' lang='grc' dir='ltr'>ἠ</span> <span class='ocrx_word' id='word_1_538' title='bbox 893 3863 1013 3920; x_wconf 79' lang='grc' dir='ltr'>θεία</span> <span class='ocrx_word' id='word_1_539' title='bbox 1052 3863 1263 3935; x_wconf 78' lang='grc' dir='ltr'>Γραφὴ.</span> <span class='ocrx_word' id='word_1_540' title='bbox 1320 3882 1338 3914; x_wconf 81' lang='grc' dir='ltr'><strong>ι</strong></span> <span class='ocrx_word' id='word_1_541' title='bbox 1380 3862 1565 3935; x_wconf 87' lang='grc' dir='ltr'>Μύρον</span> <span class='ocrx_word' id='word_1_542' title='bbox 1610 3861 1910 3916; x_wconf 80' lang='grc' dir='ltr'>ὲκκενωθὲν</span> 
     </span>
    </p>
   </div>
   <div class='ocr_carea' id='block_1_72' title="bbox 324 3953 1909 4034">
    <p class='ocr_par' dir='ltr' id='par_1_72' title="bbox 324 3953 1909 4034">
     <span class='ocr_line' id='line_1_72' title="bbox 324 3953 1909 4034; baseline -0.006 -17"><span class='ocrx_word' id='word_1_543' title='bbox 324 3963 509 4034; x_wconf 62' lang='grc' dir='ltr'>ὄνομά</span> <span class='ocrx_word' id='word_1_544' title='bbox 530 3979 643 4024; x_wconf 76' lang='grc' dir='ltr'>σου,</span> <span class='ocrx_word' id='word_1_545' title='bbox 675 3980 693 4013; x_wconf 72' lang='grc' dir='ltr'><strong>ι</strong></span> <span class='ocrx_word' id='word_1_546' title='bbox 715 3957 950 4032; x_wconf 77' lang='grc' dir='ltr'>Χριστὸν</span> <span class='ocrx_word' id='word_1_547' title='bbox 979 3957 1140 4012; x_wconf 82' lang='grc' dir='ltr'>αὑτὸν</span> <span class='ocrx_word' id='word_1_548' title='bbox 1173 3956 1518 4027; x_wconf 75' lang='grc' dir='ltr'>ἐπονομάζει.</span> <span class='ocrx_word' id='word_1_549' title='bbox 1560 3953 1633 4008; x_wconf 86' lang='grc' dir='ltr'>Τὸ</span> <span class='ocrx_word' id='word_1_550' title='bbox 1672 3954 1782 4026; x_wconf 86' lang='grc' dir='ltr'><strong>γὰρ</strong></span> <span class='ocrx_word' id='word_1_551' title='bbox 1806 3953 1909 4026; x_wconf 82' lang='grc' dir='ltr'>μύ-</span> 
     </span>
    </p>
   </div>
   <div class='ocr_carea' id='block_1_73' title="bbox 325 4046 1907 4127">
    <p class='ocr_par' dir='ltr' id='par_1_73' title="bbox 325 4046 1907 4127">
     <span class='ocr_line' id='line_1_73' title="bbox 325 4046 1907 4127; baseline -0.004 -20"><span class='ocrx_word' id='word_1_552' title='bbox 325 4070 428 4127; x_wconf 87' lang='grc' dir='ltr'><strong>ρον</strong></span> <span class='ocrx_word' id='word_1_553' title='bbox 472 4049 851 4121; x_wconf 79' lang='grc' dir='ltr'>ἐκκενοὺμενον</span> <span class='ocrx_word' id='word_1_554' title='bbox 894 4047 1098 4119; x_wconf 83' lang='grc' dir='ltr'>δηλαδὴ</span> <span class='ocrx_word' id='word_1_555' title='bbox 1129 4048 1210 4111; x_wconf 88' lang='grc' dir='ltr'><strong>εἰς</strong></span> <span class='ocrx_word' id='word_1_556' title='bbox 1242 4047 1422 4119; x_wconf 87' lang='grc' dir='ltr'>χρίσιν</span> <span class='ocrx_word' id='word_1_557' title='bbox 1465 4046 1576 4115; x_wconf 79' lang='lat'><strong>(53)</strong></span> <span class='ocrx_word' id='word_1_558' title='bbox 1612 4047 1907 4117; x_wconf 88' lang='grc' dir='ltr'>προχωρεῖ.</span> 
     </span>
    </p>
   </div>
   <div class='ocr_carea' id='block_1_74' title="bbox 322 4135 1911 4214">
    <p class='ocr_par' dir='ltr' id='par_1_74' title="bbox 322 4135 1911 4214">
     <span class='ocr_line' id='line_1_74' title="bbox 322 4135 1911 4214; baseline -0.008 -14"><span class='ocrx_word' id='word_1_559' title='bbox 322 4146 495 4200; x_wconf 83' lang='grc' dir='ltr'>Ὅθεν</span> <span class='ocrx_word' id='word_1_560' title='bbox 521 4145 618 4199; x_wconf 85' lang='grc' dir='ltr'><strong>καὶ</strong></span> <span class='ocrx_word' id='word_1_561' title='bbox 643 4142 700 4196; x_wconf 78' lang='grc' dir='ltr'>τὸ</span> <span class='ocrx_word' id='word_1_562' title='bbox 721 4141 992 4214; x_wconf 76' lang='grc' dir='ltr'>ίερατικδν</span> <span class='ocrx_word' id='word_1_563' title='bbox 1020 4139 1189 4211; x_wconf 88' lang='grc' dir='ltr'>μύρον</span> <span class='ocrx_word' id='word_1_564' title='bbox 1217 4138 1435 4207; x_wconf 79' lang='grc' dir='ltr'>λέγεται</span> <span class='ocrx_word' id='word_1_565' title='bbox 1463 4135 1690 4208; x_wconf 87' lang='grc' dir='ltr'>χρίσμα.</span> <span class='ocrx_word' id='word_1_566' title='bbox 1728 4137 1835 4190; x_wconf 75' lang='grc' dir='ltr'><strong>Καὶ</strong></span> <span class='ocrx_word' id='word_1_567' title='bbox 1861 4136 1911 4190; x_wconf 86' lang='grc' dir='ltr'><strong>οί</strong></span> 
     </span>
    </p>
   </div>
   <div class='ocr_carea' id='block_1_75' title="bbox 321 4226 1911 4309">
    <p class='ocr_par' dir='ltr' id='par_1_75' title="bbox 321 4226 1911 4309">
     <span class='ocr_line' id='line_1_75' title="bbox 321 4226 1911 4309; baseline -0.006 -19"><span class='ocrx_word' id='word_1_568' title='bbox 321 4238 596 4309; x_wconf 69' lang='grc' dir='ltr'>πρότερον</span> <span class='ocrx_word' id='word_1_569' title='bbox 632 4233 875 4305; x_wconf 74' lang='grc' dir='ltr'>βασιλεῖς</span> <span class='ocrx_word' id='word_1_570' title='bbox 918 4231 996 4302; x_wconf 80' lang='grc' dir='ltr'><strong>τῷ</strong></span> <span class='ocrx_word' id='word_1_571' title='bbox 1046 4231 1202 4302; x_wconf 86' lang='grc' dir='ltr'>μύρῳ</span> <span class='ocrx_word' id='word_1_572' title='bbox 1245 4229 1559 4302; x_wconf 87' lang='grc' dir='ltr'>χριόμενοι,</span> <span class='ocrx_word' id='word_1_573' title='bbox 1605 4226 1911 4297; x_wconf 86' lang='grc' dir='ltr'>βασιλεύειν</span> 
     </span>
    </p>
   </div>
   <div class='ocr_carea' id='block_1_76' title="bbox 321 4318 1911 4391">
    <p class='ocr_par' dir='ltr' id='par_1_76' title="bbox 321 4318 1911 4391">
     <span class='ocr_line' id='line_1_76' title="bbox 321 4318 1911 4391; baseline -0.006 -10"><span class='ocrx_word' id='word_1_574' title='bbox 321 4327 673 4381; x_wconf 73' lang='grc' dir='ltr'>καθίσταντο.</span> <span class='ocrx_word' id='word_1_575' title='bbox 719 4325 889 4377; x_wconf 85' lang='grc' dir='ltr'>Ὅταν</span> <span class='ocrx_word' id='word_1_576' title='bbox 935 4319 1027 4376; x_wconf 74' lang='grc' dir='ltr'><strong>οὖν</strong></span> <span class='ocrx_word' id='word_1_577' title='bbox 1074 4321 1255 4391; x_wconf 83' lang='grc' dir='ltr'>λέγει,</span> <span class='ocrx_word' id='word_1_578' title='bbox 1308 4340 1326 4372; x_wconf 82' lang='grc' dir='ltr'><strong>ι</strong></span> <span class='ocrx_word' id='word_1_579' title='bbox 1377 4320 1563 4391; x_wconf 85' lang='grc' dir='ltr'>Μύρον</span> <span class='ocrx_word' id='word_1_580' title='bbox 1610 4318 1911 4373; x_wconf 84' lang='grc' dir='ltr'>ὲκκενωθὲν</span> 
     </span>
    </p>
   </div>
   <div class='ocr_carea' id='block_1_77' title="bbox 318 4409 1911 4489">
    <p class='ocr_par' dir='ltr' id='par_1_77' title="bbox 318 4409 1911 4489">
     <span class='ocr_line' id='line_1_77' title="bbox 318 4409 1911 4489; baseline -0.007 -15"><span class='ocrx_word' id='word_1_581' title='bbox 318 4418 497 4489; x_wconf 70' lang='grc' dir='ltr'>ὄνομά</span> <span class='ocrx_word' id='word_1_582' title='bbox 539 4435 657 4483; x_wconf 82' lang='grc' dir='ltr'>σου,</span> <span class='ocrx_word' id='word_1_583' title='bbox 695 4437 716 4470; x_wconf 74' lang='grc' dir='ltr'><strong>ι</strong></span> <span class='ocrx_word' id='word_1_584' title='bbox 760 4415 856 4470; x_wconf 87' lang='grc' dir='ltr'><strong>δύο</strong></span> <span class='ocrx_word' id='word_1_585' title='bbox 903 4414 1267 4485; x_wconf 78' lang='grc' dir='ltr'>ὑποσημαίνει</span> <span class='ocrx_word' id='word_1_586' title='bbox 1315 4413 1552 4484; x_wconf 75' lang='grc' dir='ltr'>τρόπους</span> <span class='ocrx_word' id='word_1_587' title='bbox 1584 4411 1717 4485; x_wconf 74' lang='grc'><strong>(54).</strong></span> <span class='ocrx_word' id='word_1_588' title='bbox 1758 4409 1911 4464; x_wconf 84' lang='grc' dir='ltr'>Καθ-</span> 
     </span>
    </p>
   </div>
   <div class='ocr_carea' id='block_1_78' title="bbox 321 4497 1910 4579">
    <p class='ocr_par' dir='ltr' id='par_1_78' title="bbox 321 4497 1910 4579">
     <span class='ocr_line' id='line_1_78' title="bbox 321 4497 1910 4579; baseline -0.006 -16"><span class='ocrx_word' id='word_1_589' title='bbox 321 4510 475 4579; x_wconf 83' lang='grc' dir='ltr'>άπερ</span> <span class='ocrx_word' id='word_1_590' title='bbox 501 4508 610 4578; x_wconf 77' lang='grc' dir='ltr'>γὰρ</span> <span class='ocrx_word' id='word_1_591' title='bbox 634 4507 745 4575; x_wconf 70' lang='grc'><strong>(55)</strong></span> <span class='ocrx_word' id='word_1_592' title='bbox 776 4505 948 4577; x_wconf 85' lang='grc' dir='ltr'>μύρον</span> <span class='ocrx_word' id='word_1_593' title='bbox 979 4503 1278 4558; x_wconf 81' lang='grc' dir='ltr'>ὲκκενωθὲν</span> <span class='ocrx_word' id='word_1_594' title='bbox 1316 4501 1463 4556; x_wconf 74' lang='grc' dir='ltr'>οἶκον</span> <span class='ocrx_word' id='word_1_595' title='bbox 1495 4501 1793 4568; x_wconf 79' lang='grc' dir='ltr'>εὑωδιάζει·</span> <span class='ocrx_word' id='word_1_596' title='bbox 1819 4497 1910 4554; x_wconf 67' lang='grc' dir='ltr'><strong>οὖν</strong></span> 
     </span>
    </p>
   </div>
   <div class='ocr_carea' id='block_1_79' title="bbox 318 4592 1912 4670">
    <p class='ocr_par' dir='ltr' id='par_1_79' title="bbox 318 4592 1912 4670">
     <span class='ocr_line' id='line_1_79' title="bbox 318 4592 1912 4670; baseline -0.004 -17"><span class='ocrx_word' id='word_1_597' title='bbox 318 4616 404 4654; x_wconf 77' lang='grc' dir='ltr'><strong>τω</strong></span> <span class='ocrx_word' id='word_1_598' title='bbox 425 4598 525 4653; x_wconf 84' lang='grc' dir='ltr'><strong>τοῦ</strong></span> <span class='ocrx_word' id='word_1_599' title='bbox 552 4598 758 4670; x_wconf 83' lang='grc' dir='ltr'>Κυρίου</span> <span class='ocrx_word' id='word_1_600' title='bbox 788 4597 948 4668; x_wconf 77' lang='grc' dir='ltr'>ἡμῶν</span> <span class='ocrx_word' id='word_1_601' title='bbox 989 4596 1164 4668; x_wconf 82' lang='grc' dir='ltr'>Ἰησοῦ</span> <span class='ocrx_word' id='word_1_602' title='bbox 1192 4594 1427 4667; x_wconf 81' lang='grc' dir='ltr'>Χριστοῦ</span> <span class='ocrx_word' id='word_1_603' title='bbox 1460 4594 1555 4648; x_wconf 71' lang='grc' dir='ltr'><strong>ἐπὶ</strong></span> <span class='ocrx_word' id='word_1_604' title='bbox 1581 4594 1687 4666; x_wconf 83' lang='grc' dir='ltr'>γῆς</span> <span class='ocrx_word' id='word_1_605' title='bbox 1714 4592 1912 4649; x_wconf 85' lang='grc' dir='ltr'>κατελ-</span> 
     </span>
    </p>
   </div>
   <div class='ocr_carea' id='block_1_80' title="bbox 2016 3402 3596 3477">
    <p class='ocr_par' dir='ltr' id='par_1_80' title="bbox 2016 3402 3596 3477">
     <span class='ocr_line' id='line_1_80' title="bbox 2016 3402 3596 3477; baseline 0.001 -18"><span class='ocrx_word' id='word_1_606' title='bbox 2016 3420 2137 3459; x_wconf 90' lang='lat' dir='ltr'><strong>rum</strong></span> <span class='ocrx_word' id='word_1_607' title='bbox 2173 3412 2228 3458; x_wconf 92' lang='lat' dir='ltr'><strong>et</strong></span> <span class='ocrx_word' id='word_1_608' title='bbox 2259 3402 2544 3458; x_wconf 89' lang='lat' dir='ltr'><strong>latentium</strong></span> <span class='ocrx_word' id='word_1_609' title='bbox 2584 3402 2739 3474; x_wconf 86' lang='lat' dir='ltr'><strong>plena</strong></span> <span class='ocrx_word' id='word_1_610' title='bbox 2777 3404 3177 3475; x_wconf 82' lang='lat' dir='ltr'><strong>mysteriorum,</strong></span> <span class='ocrx_word' id='word_1_611' title='bbox 3210 3404 3376 3461; x_wconf 87' lang='lat' dir='ltr'><strong>etiam</strong></span> <span class='ocrx_word' id='word_1_612' title='bbox 3413 3405 3596 3477; x_wconf 83' lang='lat' dir='ltr'><strong>magni</strong></span> 
     </span>
    </p>
   </div>
   <div class='ocr_carea' id='block_1_81' title="bbox 2016 3495 2886 3568">
    <p class='ocr_par' dir='ltr' id='par_1_81' title="bbox 2016 3495 2886 3568">
     <span class='ocr_line' id='line_1_81' title="bbox 2016 3495 2886 3568; baseline 0.001 -17"><span class='ocrx_word' id='word_1_613' title='bbox 2016 3496 2179 3568; x_wconf 81' lang='lat' dir='ltr'><strong>Regis</strong></span> <span class='ocrx_word' id='word_1_614' title='bbox 2201 3511 2398 3553; x_wconf 90' lang='lat' dir='ltr'><strong>nomen</strong></span> <span class='ocrx_word' id='word_1_615' title='bbox 2429 3495 2635 3551; x_wconf 87' lang='lat' dir='ltr'><strong>indicat</strong></span> <span class='ocrx_word' id='word_1_616' title='bbox 2656 3497 2840 3552; x_wconf 85' lang='lat' dir='ltr'><strong>dicens</strong></span> <span class='ocrx_word' id='word_1_617' title='bbox 2871 3514 2886 3552; x_wconf 89' lang='lat'><strong>:</strong></span> 
     </span>
    </p>
   </div>
   <div class='ocr_carea' id='block_1_82' title="bbox 2085 3679 3593 3753">
    <p class='ocr_par' dir='ltr' id='par_1_82' title="bbox 2085 3679 3593 3753">
     <span class='ocr_line' id='line_1_82' title="bbox 2085 3679 3593 3753; baseline 0 -16"><span class='ocrx_word' id='word_1_618' title='bbox 2085 3681 2175 3737; x_wconf 76' lang='grc' dir='ltr'><strong>Π.</strong></span> <span class='ocrx_word' id='word_1_619' title='bbox 2212 3680 2543 3753; x_wconf 75' lang='lat' dir='ltr'><strong>Unguentum</strong></span> <span class='ocrx_word' id='word_1_620' title='bbox 2570 3681 2795 3751; x_wconf 72' lang='lat' dir='ltr'><strong>effusum</strong></span> <span class='ocrx_word' id='word_1_621' title='bbox 2825 3696 3010 3736; x_wconf 79' lang='lat' dir='ltr'><strong>nomen</strong></span> <span class='ocrx_word' id='word_1_622' title='bbox 3061 3690 3231 3745; x_wconf 70' lang='lat' dir='ltr'><strong>tuum,</strong></span> <span class='ocrx_word' id='word_1_623' title='bbox 3269 3680 3388 3737; x_wconf 80' lang='lat' dir='ltr'><strong>ideo</strong></span> <span class='ocrx_word' id='word_1_624' title='bbox 3414 3679 3593 3737; x_wconf 68' lang='lat' dir='ltr'><strong>adole-</strong></span> 
     </span>
    </p>
   </div>
   <div class='ocr_carea' id='block_1_83' title="bbox 2015 3773 3432 3839">
    <p class='ocr_par' dir='ltr' id='par_1_83' title="bbox 2015 3773 3432 3839">
     <span class='ocr_line' id='line_1_83' title="bbox 2015 3773 3432 3839; baseline -0.001 -10"><span class='ocrx_word' id='word_1_625' title='bbox 2015 3774 2263 3830; x_wconf 65' lang='lat' dir='ltr'><strong>scentuli:</strong></span> <span class='ocrx_word' id='word_1_626' title='bbox 2303 3773 2599 3829; x_wconf 80' lang='lat' dir='ltr'><strong>dilexerunt</strong></span> <span class='ocrx_word' id='word_1_627' title='bbox 2641 3786 2709 3839; x_wconf 80' lang='lat' dir='ltr'><strong>te,</strong></span> <span class='ocrx_word' id='word_1_628' title='bbox 2746 3784 2792 3828; x_wconf 85' lang='lat' dir='ltr'><strong>et</strong></span> <span class='ocrx_word' id='word_1_629' title='bbox 2822 3782 3096 3827; x_wconf 68' lang='lat' dir='ltr'><strong>traxerunt</strong></span> <span class='ocrx_word' id='word_1_630' title='bbox 3134 3784 3183 3828; x_wconf 82' lang='lat' dir='ltr'><strong>te</strong></span> <span class='ocrx_word' id='word_1_631' title='bbox 3220 3783 3432 3838; x_wconf 73' lang='lat' dir='ltr'><strong>posite.</strong></span> 
     </span>
    </p>
   </div>
   <div class='ocr_carea' id='block_1_84' title="bbox 2091 3862 3595 3934">
    <p class='ocr_par' dir='ltr' id='par_1_84' title="bbox 2091 3862 3595 3934">
     <span class='ocr_line' id='line_1_84' title="bbox 2091 3862 3595 3934; baseline -0.002 -12"><span class='ocrx_word' id='word_1_632' title='bbox 2091 3869 2224 3922; x_wconf 90' lang='lat' dir='ltr'><strong>Dum</strong></span> <span class='ocrx_word' id='word_1_633' title='bbox 2242 3866 2373 3921; x_wconf 88' lang='lat' dir='ltr'><strong>dicit</strong></span> <span class='ocrx_word' id='word_1_634' title='bbox 2401 3864 2678 3934; x_wconf 87' lang='lat' dir='ltr'><strong>Scriptura</strong></span> <span class='ocrx_word' id='word_1_635' title='bbox 2706 3865 2909 3928; x_wconf 82' lang='lat' dir='ltr'><strong>divina,</strong></span> <span class='ocrx_word' id='word_1_636' title='bbox 2949 3882 2968 3915; x_wconf 77' lang='grc' dir='ltr'><strong>ι</strong></span> <span class='ocrx_word' id='word_1_637' title='bbox 3000 3864 3340 3933; x_wconf 85' lang='lat' dir='ltr'><strong>Unguentum</strong></span> <span class='ocrx_word' id='word_1_638' title='bbox 3366 3862 3595 3919; x_wconf 81' lang='lat' dir='ltr'><strong>effusum</strong></span> 
     </span>
    </p>
   </div>
   <div class='ocr_carea' id='block_1_85' title="bbox 2017 3952 3595 4027">
    <p class='ocr_par' dir='ltr' id='par_1_85' title="bbox 2017 3952 3595 4027">
     <span class='ocr_line' id='line_1_85' title="bbox 2017 3952 3595 4027; baseline -0.003 -12"><span class='ocrx_word' id='word_1_639' title='bbox 2017 3973 2210 4015; x_wconf 82' lang='lat' dir='ltr'><strong>nomen</strong></span> <span class='ocrx_word' id='word_1_640' title='bbox 2243 3967 2418 4023; x_wconf 89' lang='lat' dir='ltr'><strong>tuum,</strong></span> <span class='ocrx_word' id='word_1_641' title='bbox 2450 3977 2469 4010; x_wconf 73' lang='grc' dir='ltr'><strong>ι</strong></span> <span class='ocrx_word' id='word_1_642' title='bbox 2509 3957 2681 4027; x_wconf 88' lang='lat' dir='ltr'><strong>ipsum</strong></span> <span class='ocrx_word' id='word_1_643' title='bbox 2710 3954 2984 4011; x_wconf 87' lang='lat' dir='ltr'><strong>Christum</strong></span> <span class='ocrx_word' id='word_1_644' title='bbox 3028 3954 3291 4009; x_wconf 86' lang='lat' dir='ltr'><strong>nominat.</strong></span> <span class='ocrx_word' id='word_1_645' title='bbox 3334 3952 3595 4026; x_wconf 80' lang='lat' dir='ltr'><strong>Unguen-</strong></span> 
     </span>
    </p>
   </div>
   <div class='ocr_carea' id='block_1_86' title="bbox 2020 4044 3593 4116">
    <p class='ocr_par' dir='ltr' id='par_1_86' title="bbox 2020 4044 3593 4116">
     <span class='ocr_line' id='line_1_86' title="bbox 2020 4044 3593 4116; baseline -0.002 -12"><span class='ocrx_word' id='word_1_646' title='bbox 2020 4058 2130 4104; x_wconf 88' lang='lat' dir='ltr'><strong>tum</strong></span> <span class='ocrx_word' id='word_1_647' title='bbox 2182 4047 2327 4103; x_wconf 90' lang='lat' dir='ltr'><strong>enim</strong></span> <span class='ocrx_word' id='word_1_648' title='bbox 2366 4046 2592 4103; x_wconf 82' lang='lat' dir='ltr'><strong>eﬂusum</strong></span> <span class='ocrx_word' id='word_1_649' title='bbox 2637 4047 2704 4101; x_wconf 91' lang='lat' dir='ltr'><strong>ad</strong></span> <span class='ocrx_word' id='word_1_650' title='bbox 2751 4044 3059 4101; x_wconf 90' lang='lat' dir='ltr'><strong>unctionem</strong></span> <span class='ocrx_word' id='word_1_651' title='bbox 3104 4044 3313 4100; x_wconf 85' lang='lat' dir='ltr'><strong>scilicet</strong></span> <span class='ocrx_word' id='word_1_652' title='bbox 3358 4045 3593 4116; x_wconf 80' lang='lat' dir='ltr'><strong>proiicit.</strong></span> 
     </span>
    </p>
   </div>
   <div class='ocr_carea' id='block_1_87' title="bbox 2020 4127 3596 4209">
    <p class='ocr_par' dir='ltr' id='par_1_87' title="bbox 2020 4127 3596 4209">
     <span class='ocr_line' id='line_1_87' title="bbox 2020 4127 3596 4209; baseline -0.001 -14"><span class='ocrx_word' id='word_1_653' title='bbox 2020 4138 2173 4195; x_wconf 85' lang='lat' dir='ltr'><strong>Unde</strong></span> <span class='ocrx_word' id='word_1_654' title='bbox 2200 4148 2253 4192; x_wconf 91' lang='lat' dir='ltr'><strong>et</strong></span> <span class='ocrx_word' id='word_1_655' title='bbox 2288 4138 2623 4193; x_wconf 85' lang='lat' dir='ltr'><strong>sacerdotale</strong></span> <span class='ocrx_word' id='word_1_656' title='bbox 2649 4147 2982 4209; x_wconf 88' lang='lat' dir='ltr'><strong>unguentum</strong></span> <span class='ocrx_word' id='word_1_657' title='bbox 3015 4139 3214 4194; x_wconf 90' lang='lat' dir='ltr'><strong>dicitur</strong></span> <span class='ocrx_word' id='word_1_658' title='bbox 3240 4140 3497 4195; x_wconf 89' lang='lat' dir='ltr'><strong>chrisma.</strong></span> <span class='ocrx_word' id='word_1_659' title='bbox 3533 4127 3596 4194; x_wconf 79' lang='lat' dir='ltr'><strong>Et</strong></span> 
     </span>
    </p>
   </div>
   <div class='ocr_carea' id='block_1_88' title="bbox 2016 4231 3596 4303">
    <p class='ocr_par' dir='ltr' id='par_1_88' title="bbox 2016 4231 3596 4303">
     <span class='ocr_line' id='line_1_88' title="bbox 2016 4231 3596 4303; baseline -0.001 -16"><span class='ocrx_word' id='word_1_660' title='bbox 2016 4241 2228 4288; x_wconf 78' lang='lat' dir='ltr'><strong>veteres</strong></span> <span class='ocrx_word' id='word_1_661' title='bbox 2255 4246 2406 4303; x_wconf 85' lang='lat' dir='ltr'><strong>reges</strong></span> <span class='ocrx_word' id='word_1_662' title='bbox 2432 4243 2704 4303; x_wconf 89' lang='lat' dir='ltr'><strong>unguento</strong></span> <span class='ocrx_word' id='word_1_663' title='bbox 2738 4231 2979 4303; x_wconf 89' lang='lat' dir='ltr'><strong>peruncti</strong></span> <span class='ocrx_word' id='word_1_664' title='bbox 3008 4247 3164 4302; x_wconf 88' lang='lat' dir='ltr'><strong>reges</strong></span> <span class='ocrx_word' id='word_1_665' title='bbox 3190 4231 3596 4287; x_wconf 57' lang='lat' dir='ltr'><strong>constituebant.</strong></span> 
     </span>
    </p>
   </div>
   <div class='ocr_carea' id='block_1_89' title="bbox 2019 4322 3596 4396">
    <p class='ocr_par' dir='ltr' id='par_1_89' title="bbox 2019 4322 3596 4396">
     <span class='ocr_line' id='line_1_89' title="bbox 2019 4322 3596 4396; baseline -0.001 -18"><span class='ocrx_word' id='word_1_666' title='bbox 2019 4334 2126 4380; x_wconf 90' lang='lat' dir='ltr'><strong>tur.</strong></span> <span class='ocrx_word' id='word_1_667' title='bbox 2174 4325 2311 4380; x_wconf 90' lang='lat' dir='ltr'><strong>Cum</strong></span> <span class='ocrx_word' id='word_1_668' title='bbox 2358 4325 2522 4396; x_wconf 89' lang='lat' dir='ltr'><strong>igitur</strong></span> <span class='ocrx_word' id='word_1_669' title='bbox 2571 4325 2748 4381; x_wconf 91' lang='lat' dir='ltr'><strong>dicit:</strong></span> <span class='ocrx_word' id='word_1_670' title='bbox 2784 4343 2804 4377; x_wconf 80' lang='grc' dir='ltr'><strong>ι</strong></span> <span class='ocrx_word' id='word_1_671' title='bbox 2835 4324 3179 4395; x_wconf 85' lang='lat' dir='ltr'><strong>Unguentum</strong></span> <span class='ocrx_word' id='word_1_672' title='bbox 3221 4322 3450 4379; x_wconf 66' lang='lat' dir='ltr'><strong>effusum</strong></span> <span class='ocrx_word' id='word_1_673' title='bbox 3496 4339 3596 4378; x_wconf 81' lang='lat' dir='ltr'><strong>no-</strong></span> 
     </span>
    </p>
   </div>
   <div class='ocr_carea' id='block_1_90' title="bbox 2017 4411 3691 4484">
    <p class='ocr_par' dir='ltr' id='par_1_90' title="bbox 2017 4411 3691 4484">
     <span class='ocr_line' id='line_1_90' title="bbox 2017 4411 3691 4484; baseline 0.001 -18"><span class='ocrx_word' id='word_1_674' title='bbox 2017 4425 2139 4466; x_wconf 91' lang='lat' dir='ltr'><strong>men</strong></span> <span class='ocrx_word' id='word_1_675' title='bbox 2175 4420 2349 4477; x_wconf 91' lang='lat' dir='ltr'><strong>tuum,</strong></span> <span class='ocrx_word' id='word_1_676' title='bbox 2375 4430 2395 4464; x_wconf 71' lang='grc' dir='ltr'><strong>ι</strong></span> <span class='ocrx_word' id='word_1_677' title='bbox 2434 4413 2572 4467; x_wconf 89' lang='lat' dir='ltr'><strong>duos</strong></span> <span class='ocrx_word' id='word_1_678' title='bbox 2596 4412 3038 4482; x_wconf 86' lang='lat' dir='ltr'><strong>tropos-indicat.</strong></span> <span class='ocrx_word' id='word_1_679' title='bbox 3067 4411 3139 4469; x_wconf 83' lang='lat' dir='ltr'><strong>Ut</strong></span> <span class='ocrx_word' id='word_1_680' title='bbox 3169 4413 3313 4468; x_wconf 89' lang='lat' dir='ltr'><strong>enim</strong></span> <span class='ocrx_word' id='word_1_681' title='bbox 3351 4428 3597 4484; x_wconf 52' lang='lat' dir='ltr'><strong>unguen-</strong></span> <span class='ocrx_word' id='word_1_682' title='bbox 3676 4422 3691 4451; x_wconf 64' lang='grc' dir='ltr'>ι</span> 
     </span>
    </p>
   </div>
   <div class='ocr_carea' id='block_1_91' title="bbox 2019 4501 3598 4573">
    <p class='ocr_par' dir='ltr' id='par_1_91' title="bbox 2019 4501 3598 4573">
     <span class='ocr_line' id='line_1_91' title="bbox 2019 4501 3598 4573; baseline 0.002 -16"><span class='ocrx_word' id='word_1_683' title='bbox 2019 4512 2130 4557; x_wconf 90' lang='lat' dir='ltr'><strong>tum</strong></span> <span class='ocrx_word' id='word_1_684' title='bbox 2196 4501 2425 4556; x_wconf 80' lang='lat' dir='ltr'><strong>eﬂ‘usmn</strong></span> <span class='ocrx_word' id='word_1_685' title='bbox 2489 4502 2706 4557; x_wconf 91' lang='lat' dir='ltr'><strong>domum</strong></span> <span class='ocrx_word' id='word_1_686' title='bbox 2769 4503 2921 4558; x_wconf 84' lang='lat' dir='ltr'><strong>suavi</strong></span> <span class='ocrx_word' id='word_1_687' title='bbox 2981 4503 3213 4573; x_wconf 88' lang='lat' dir='ltr'><strong>complet</strong></span> <span class='ocrx_word' id='word_1_688' title='bbox 3256 4504 3422 4560; x_wconf 90' lang='lat' dir='ltr'><strong>odore</strong></span> <span class='ocrx_word' id='word_1_689' title='bbox 3463 4522 3477 4558; x_wconf 88' lang='lat'>:</span> <span class='ocrx_word' id='word_1_690' title='bbox 3518 4505 3598 4560; x_wconf 80' lang='lat' dir='ltr'><strong>sic</strong></span> 
     </span>
    </p>
   </div>
   <div class='ocr_carea' id='block_1_92' title="bbox 2018 4593 3592 4663">
    <p class='ocr_par' dir='ltr' id='par_1_92' title="bbox 2018 4593 3592 4663">
     <span class='ocr_line' id='line_1_92' title="bbox 2018 4593 3592 4663; baseline 0 -16"><span class='ocrx_word' id='word_1_691' title='bbox 2018 4603 2302 4663; x_wconf 79' lang='lat' dir='ltr'><strong>postquam</strong></span> <span class='ocrx_word' id='word_1_692' title='bbox 2335 4593 2593 4650; x_wconf 86' lang='lat' dir='ltr'><strong>Dominus</strong></span> <span class='ocrx_word' id='word_1_693' title='bbox 2624 4604 2807 4650; x_wconf 79' lang='lat' dir='ltr'><strong>noster</strong></span> <span class='ocrx_word' id='word_1_694' title='bbox 2834 4593 2994 4650; x_wconf 82' lang='lat' dir='ltr'><strong>Jesus</strong></span> <span class='ocrx_word' id='word_1_695' title='bbox 3025 4594 3276 4650; x_wconf 80' lang='lat' dir='ltr'><strong>Christus</strong></span> <span class='ocrx_word' id='word_1_696' title='bbox 3302 4595 3354 4649; x_wconf 88' lang='lat' dir='ltr'><strong>in</strong></span> <span class='ocrx_word' id='word_1_697' title='bbox 3394 4603 3592 4649; x_wconf 83' lang='lat' dir='ltr'><strong>terram</strong></span> 
     </span>
    </p>
   </div>
   <div class='ocr_carea' id='block_1_93' title="bbox 318 4684 1905 4767">
    <p class='ocr_par' dir='ltr' id='par_1_93' title="bbox 318 4686 1905 4767">
     <span class='ocr_line' id='line_1_93' title="bbox 318 4686 1905 4767; baseline -0.006 -20"><span class='ocrx_word' id='word_1_698' title='bbox 318 4692 535 4756; x_wconf 71' lang='grc' dir='ltr'>δόντος,</span> <span class='ocrx_word' id='word_1_699' title='bbox 564 4692 659 4743; x_wconf 71' lang='grc' dir='ltr'><strong>καὶ</strong></span> <span class='ocrx_word' id='word_1_700' title='bbox 679 4689 781 4759; x_wconf 83' lang='grc' dir='ltr'>τῆς</span> <span class='ocrx_word' id='word_1_701' title='bbox 801 4688 1052 4759; x_wconf 78' lang='grc' dir='ltr'>οὐρανίου</span> <span class='ocrx_word' id='word_1_702' title='bbox 1082 4687 1371 4767; x_wconf 19' lang='grc' dir='ltr'>’δυνάμεως</span> <span class='ocrx_word' id='word_1_703' title='bbox 1399 4686 1491 4741; x_wconf 75' lang='grc' dir='ltr'>ἐπὶ</span> <span class='ocrx_word' id='word_1_704' title='bbox 1518 4689 1648 4754; x_wconf 50' lang='grc' dir='ltr'><strong>τοῦς</strong></span> <span class='ocrx_word' id='word_1_705' title='bbox 1678 4686 1905 4743; x_wconf 67' lang='grc' dir='ltr'>ἀποστό-</span> 
     </span>
    </p>
   </div>
   <div class='ocr_carea' id='block_1_94' title="bbox 2015 4684 3594 4767">
    <p class='ocr_par' dir='ltr' id='par_1_94' title="bbox 2016 4684 3594 4759">
     <span class='ocr_line' id='line_1_94' title="bbox 2016 4684 3594 4759; baseline 0.002 -21"><span class='ocrx_word' id='word_1_706' title='bbox 2016 4684 2313 4753; x_wconf 85' lang='lat' dir='ltr'><strong>descendit,</strong></span> <span class='ocrx_word' id='word_1_707' title='bbox 2337 4695 2392 4741; x_wconf 90' lang='lat' dir='ltr'><strong>et</strong></span> <span class='ocrx_word' id='word_1_708' title='bbox 2421 4685 2660 4743; x_wconf 76' lang='lat' dir='ltr'><strong>cmlestis</strong></span> <span class='ocrx_word' id='word_1_709' title='bbox 2691 4686 2865 4743; x_wconf 82' lang='lat' dir='ltr'><strong>virtus</strong></span> <span class='ocrx_word' id='word_1_710' title='bbox 2912 4702 3075 4759; x_wconf 87' lang='lat' dir='ltr'><strong>super</strong></span> <span class='ocrx_word' id='word_1_711' title='bbox 3108 4685 3379 4758; x_wconf 84' lang='lat' dir='ltr'><strong>apostolos</strong></span> <span class='ocrx_word' id='word_1_712' title='bbox 3428 4684 3594 4742; x_wconf 57' lang='grc' dir='ltr'><strong>(συνδεῖ</strong></span> 
     </span>
    </p>
   </div>
   <div class='ocr_carea' id='block_1_95' title="bbox 405 4813 1727 4915">
    <p class='ocr_par' dir='ltr' id='par_1_95' title="bbox 405 4813 1727 4915">
     <span class='ocr_line' id='line_1_95' title="bbox 405 4813 1727 4915; baseline -0.003 -15"><span class='ocrx_word' id='word_1_713' title='bbox 405 4845 457 4877; x_wconf 81' lang='grc'><strong>³⁸</strong></span> <span class='ocrx_word' id='word_1_714' title='bbox 513 4813 643 4901; x_wconf 79' lang='lat' dir='ltr'><strong>Dan.</strong></span> <span class='ocrx_word' id='word_1_715' title='bbox 689 4863 752 4914; x_wconf 88' lang='lat' dir='ltr'><strong>Il,</strong></span> <span class='ocrx_word' id='word_1_716' title='bbox 796 4847 894 4914; x_wconf 62' lang='lat'><strong>44;</strong></span> <span class='ocrx_word' id='word_1_717' title='bbox 935 4862 1031 4915; x_wconf 82' lang='lat' dir='ltr'><strong>vn,</strong></span> <span class='ocrx_word' id='word_1_718' title='bbox 1073 4846 1164 4902; x_wconf 75' lang='lat'><strong>25.</strong></span> <span class='ocrx_word' id='word_1_719' title='bbox 1243 4848 1288 4879; x_wconf 75' lang='grc'><strong>’⁸</strong></span> <span class='ocrx_word' id='word_1_720' title='bbox 1329 4846 1473 4900; x_wconf 88' lang='lat' dir='ltr'><strong>Psal.</strong></span> <span class='ocrx_word' id='word_1_721' title='bbox 1528 4861 1620 4910; x_wconf 73' lang='lat' dir='ltr'><strong>ex,</strong></span> <span class='ocrx_word' id='word_1_722' title='bbox 1676 4861 1727 4897; x_wconf 68' lang='grc'><strong>4.</strong></span> 
     </span>
    </p>
   </div>
   <div class='ocr_carea' id='block_1_96' title="bbox 401 5002 1907 5077">
    <p class='ocr_par' dir='ltr' id='par_1_96' title="bbox 401 5002 1907 5077">
     <span class='ocr_line' id='line_1_96' title="bbox 401 5002 1907 5077; baseline 0.001 -18"><span class='ocrx_word' id='word_1_723' title='bbox 401 5002 526 5077; x_wconf 69' lang='grc'><strong>(46)</strong></span> <span class='ocrx_word' id='word_1_724' title='bbox 568 5003 657 5077; x_wconf 62' lang='lat' dir='ltr'><strong>Sic</strong></span> <span class='ocrx_word' id='word_1_725' title='bbox 698 5007 1027 5077; x_wconf 86' lang='lat' dir='ltr'><strong>emendanda</strong></span> <span class='ocrx_word' id='word_1_726' title='bbox 1073 5021 1175 5062; x_wconf 83' lang='lat' dir='ltr'><strong>vox</strong></span> <span class='ocrx_word' id='word_1_727' title='bbox 1219 5004 1468 5077; x_wconf 79' lang='grc' dir='ltr'>μελῳδῇ,</span> <span class='ocrx_word' id='word_1_728' title='bbox 1513 5021 1672 5077; x_wconf 89' lang='lat' dir='ltr'><strong>quam</strong></span> <span class='ocrx_word' id='word_1_729' title='bbox 1708 5005 1907 5062; x_wconf 86' lang='lat' dir='ltr'><strong>habent</strong></span> 
     </span>
    </p>
   </div>
   <div class='ocr_carea' id='block_1_97' title="bbox 317 5073 766 5133">
    <p class='ocr_par' dir='ltr' id='par_1_97' title="bbox 317 5073 766 5133">
     <span class='ocr_line' id='line_1_97' title="bbox 317 5073 766 5133; baseline -0.011 0"><span class='ocrx_word' id='word_1_730' title='bbox 317 5073 489 5133; x_wconf 78' lang='lat' dir='ltr'><strong>meus</strong></span> <span class='ocrx_word' id='word_1_731' title='bbox 517 5085 576 5129; x_wconf 90' lang='lat' dir='ltr'><strong>et</strong></span> <span class='ocrx_word' id='word_1_732' title='bbox 610 5073 679 5127; x_wconf 80' lang='lat' dir='ltr'><strong>Ba</strong></span> <span class='ocrx_word' id='word_1_733' title='bbox 687 5076 766 5129; x_wconf 87' lang='lat' dir='ltr'><strong>rb.</strong></span> 
     </span>
    </p>
   </div>
   <div class='ocr_carea' id='block_1_98' title="bbox 396 5143 1906 5218">
    <p class='ocr_par' dir='ltr' id='par_1_98' title="bbox 396 5143 1906 5218">
     <span class='ocr_line' id='line_1_98' title="bbox 396 5143 1906 5218; baseline 0.001 -20"><span class='ocrx_word' id='word_1_734' title='bbox 396 5144 516 5218; x_wconf 79' lang='grc'><strong>(47)</strong></span> <span class='ocrx_word' id='word_1_735' title='bbox 564 5143 850 5218; x_wconf 58' lang='grc' dir='ltr'>Ἀδελφοί,</span> <span class='ocrx_word' id='word_1_736' title='bbox 883 5146 1095 5218; x_wconf 82' lang='lat' dir='ltr'><strong>reposui</strong></span> <span class='ocrx_word' id='word_1_737' title='bbox 1146 5147 1213 5202; x_wconf 90' lang='lat' dir='ltr'><strong>ad</strong></span> <span class='ocrx_word' id='word_1_738' title='bbox 1266 5147 1589 5217; x_wconf 89' lang='lat' dir='ltr'><strong>implendam</strong></span> <span class='ocrx_word' id='word_1_739' title='bbox 1659 5148 1906 5218; x_wconf 81' lang='lat' dir='ltr'><strong>lacunam</strong></span> 
     </span>
    </p>
   </div>
   <div class='ocr_carea' id='block_1_99' title="bbox 316 5216 1909 5289">
    <p class='ocr_par' dir='ltr' id='par_1_99' title="bbox 316 5216 1909 5289">
     <span class='ocr_line' id='line_1_99' title="bbox 316 5216 1909 5289; baseline -0.001 -17"><span class='ocrx_word' id='word_1_740' title='bbox 316 5216 432 5289; x_wconf 67' lang='lat' dir='ltr'><strong>mei</strong></span> <span class='ocrx_word' id='word_1_741' title='bbox 465 5218 589 5272; x_wconf 90' lang='lat' dir='ltr'><strong>cod.</strong></span> <span class='ocrx_word' id='word_1_742' title='bbox 617 5228 671 5272; x_wconf 89' lang='lat' dir='ltr'><strong>et</strong></span> <span class='ocrx_word' id='word_1_743' title='bbox 705 5216 1028 5289; x_wconf 67' lang='lat' dir='ltr'><strong>Bai-bene:</strong></span> <span class='ocrx_word' id='word_1_744' title='bbox 1060 5218 1227 5274; x_wconf 82' lang='lat' dir='ltr'><strong>veteri</strong></span> <span class='ocrx_word' id='word_1_745' title='bbox 1276 5216 1592 5289; x_wconf 81' lang='lat' dir='ltr'><strong>interprete,</strong></span> <span class='ocrx_word' id='word_1_746' title='bbox 1624 5220 1713 5289; x_wconf 89' lang='lat' dir='ltr'><strong>qui</strong></span> <span class='ocrx_word' id='word_1_747' title='bbox 1747 5216 1909 5272; x_wconf 83' lang='lat' dir='ltr'><strong>habet</strong></span> 
     </span>
    </p>
   </div>
   <div class='ocr_carea' id='block_1_100' title="bbox 321 5285 998 5342">
    <p class='ocr_par' dir='ltr' id='par_1_100' title="bbox 321 5285 998 5342">
     <span class='ocr_line' id='line_1_100' title="bbox 321 5285 998 5342; baseline 0.003 -3"><span class='ocrx_word' id='word_1_748' title='bbox 321 5306 344 5339; x_wconf 75' lang='grc' dir='ltr'><strong>ι</strong></span> <span class='ocrx_word' id='word_1_749' title='bbox 377 5285 604 5342; x_wconf 78' lang='lat' dir='ltr'><strong>Fratres</strong></span> <span class='ocrx_word' id='word_1_750' title='bbox 625 5287 954 5342; x_wconf 72' lang='lat' dir='ltr'><strong>citatissimi.</strong></span> <span class='ocrx_word' id='word_1_751' title='bbox 978 5307 998 5340; x_wconf 75' lang='grc' dir='ltr'><strong>ι</strong></span> 
     </span>
    </p>
   </div>
   <div class='ocr_carea' id='block_1_101' title="bbox 396 5355 1909 5430">
    <p class='ocr_par' dir='ltr' id='par_1_101' title="bbox 396 5355 1909 5430">
     <span class='ocr_line' id='line_1_101' title="bbox 396 5355 1909 5430; baseline 0 -19"><span class='ocrx_word' id='word_1_752' title='bbox 396 5357 515 5427; x_wconf 69' lang='grc'><strong>(48)</strong></span> <span class='ocrx_word' id='word_1_753' title='bbox 548 5357 713 5430; x_wconf 85' lang='lat' dir='ltr'><strong>Barh.</strong></span> <span class='ocrx_word' id='word_1_754' title='bbox 762 5356 1120 5430; x_wconf 75' lang='grc' dir='ltr'>ελλάμσανον,</span> <span class='ocrx_word' id='word_1_755' title='bbox 1150 5359 1242 5430; x_wconf 90' lang='lat' dir='ltr'><strong>qui</strong></span> <span class='ocrx_word' id='word_1_756' title='bbox 1287 5372 1431 5430; x_wconf 68' lang='lat' dir='ltr'><strong>sazpe</strong></span> <span class='ocrx_word' id='word_1_757' title='bbox 1476 5357 1712 5430; x_wconf 80' lang='lat' dir='ltr'><strong>occurrit</strong></span> <span class='ocrx_word' id='word_1_758' title='bbox 1761 5355 1909 5430; x_wconf 71' lang='lat' dir='ltr'><strong>ineo</strong></span> 
     </span>
    </p>
   </div>
   <div class='ocr_carea' id='block_1_102' title="bbox 314 5427 1905 5499">
    <p class='ocr_par' dir='ltr' id='par_1_102' title="bbox 314 5427 1905 5499">
     <span class='ocr_line' id='line_1_102' title="bbox 314 5427 1905 5499; baseline 0.003 -21"><span class='ocrx_word' id='word_1_759' title='bbox 314 5431 637 5499; x_wconf 39' lang='lat' dir='ltr'><strong>cockerror</strong></span> <span class='ocrx_word' id='word_1_760' title='bbox 663 5427 972 5496; x_wconf 84' lang='lat' dir='ltr'><strong>duplicandi</strong></span> <span class='ocrx_word' id='word_1_761' title='bbox 1010 5427 1266 5499; x_wconf 88' lang='lat' dir='ltr'><strong>liquidas,</strong></span> <span class='ocrx_word' id='word_1_762' title='bbox 1296 5427 1438 5484; x_wconf 54' lang='lat' dir='ltr'><strong>ut&#39;in</strong></span> <span class='ocrx_word' id='word_1_763' title='bbox 1464 5432 1585 5483; x_wconf 86' lang='lat' dir='ltr'><strong>cod.</strong></span> <span class='ocrx_word' id='word_1_764' title='bbox 1627 5429 1747 5483; x_wconf 83' lang='lat' dir='ltr'><strong>Vat.</strong></span> <span class='ocrx_word' id='word_1_765' title='bbox 1773 5427 1905 5482; x_wconf 88' lang='lat' dir='ltr'><strong>edit.</strong></span> 
     </span>
    </p>
   </div>
   <div class='ocr_carea' id='block_1_103' title="bbox 314 5495 1806 5570">
    <p class='ocr_par' dir='ltr' id='par_1_103' title="bbox 314 5495 1806 5570">
     <span class='ocr_line' id='line_1_103' title="bbox 314 5495 1806 5570; baseline 0.001 -19"><span class='ocrx_word' id='word_1_766' title='bbox 314 5495 510 5570; x_wconf 34' lang='lat' dir='ltr'><strong>LXX,</strong></span> <span class='ocrx_word' id='word_1_767' title='bbox 533 5499 671 5570; x_wconf 77' lang='lat' dir='ltr'><strong>unde</strong></span> <span class='ocrx_word' id='word_1_768' title='bbox 703 5495 925 5570; x_wconf 84' lang='lat' dir='ltr'><strong>apparet</strong></span> <span class='ocrx_word' id='word_1_769' title='bbox 954 5495 1085 5569; x_wconf 70' lang='lat' dir='ltr'><strong>quae</strong></span> <span class='ocrx_word' id='word_1_770' title='bbox 1098 5509 1208 5554; x_wconf 91' lang='lat' dir='ltr'><strong>tum</strong></span> <span class='ocrx_word' id='word_1_771' title='bbox 1239 5500 1396 5554; x_wconf 81' lang='lat' dir='ltr'><strong>fuerit</strong></span> <span class='ocrx_word' id='word_1_772' title='bbox 1422 5499 1806 5570; x_wconf 90' lang='lat' dir='ltr'><strong>pronuntiatio.</strong></span> 
     </span>
    </p>
   </div>
   <div class='ocr_carea' id='block_1_104' title="bbox 398 5565 1260 5634">
    <p class='ocr_par' dir='ltr' id='par_1_104' title="bbox 398 5565 1260 5634">
     <span class='ocr_line' id='line_1_104' title="bbox 398 5565 1260 5634; baseline 0.01 -17"><span class='ocrx_word' id='word_1_773' title='bbox 398 5565 521 5634; x_wconf 69' lang='grc'><strong>(49)</strong></span> <span class='ocrx_word' id='word_1_774' title='bbox 547 5568 714 5621; x_wconf 81' lang='lat' dir='ltr'><strong>Abest</strong></span> <span class='ocrx_word' id='word_1_775' title='bbox 737 5565 1016 5625; x_wconf 48' lang='lat' dir='ltr'><strong>a&#39;Barber.</strong></span> <span class='ocrx_word' id='word_1_776' title='bbox 1052 5585 1150 5625; x_wconf 82' lang='lat' dir='ltr'><strong>vox</strong></span> <span class='ocrx_word' id='word_1_777' title='bbox 1180 5587 1260 5626; x_wconf 87' lang='grc' dir='ltr'>τε.</span> 
     </span>
    </p>
   </div>
   <div class='ocr_carea' id='block_1_105' title="bbox 396 5634 1910 5710">
    <p class='ocr_par' dir='ltr' id='par_1_105' title="bbox 396 5634 1910 5710">
     <span class='ocr_line' id='line_1_105' title="bbox 396 5634 1910 5710; baseline -0.001 -18"><span class='ocrx_word' id='word_1_778' title='bbox 396 5634 523 5710; x_wconf 63' lang='grc' dir='ltr'><strong>(ἲρθ)</strong></span> <span class='ocrx_word' id='word_1_779' title='bbox 557 5636 684 5701; x_wconf 69' lang='lat' dir='ltr'><strong>Quae</strong></span> <span class='ocrx_word' id='word_1_780' title='bbox 719 5639 1044 5710; x_wconf 72' lang='lat' dir='ltr'><strong>intenacent</strong></span> <span class='ocrx_word' id='word_1_781' title='bbox 1078 5640 1218 5694; x_wconf 84' lang='lat' dir='ltr'><strong>inter</strong></span> <span class='ocrx_word' id='word_1_782' title='bbox 1262 5640 1399 5695; x_wconf 89' lang='lat' dir='ltr'><strong>duas</strong></span> <span class='ocrx_word' id='word_1_783' title='bbox 1438 5652 1597 5694; x_wconf 85' lang='lat' dir='ltr'><strong>voces</strong></span> <span class='ocrx_word' id='word_1_784' title='bbox 1631 5638 1910 5710; x_wconf 82' lang='grc' dir='ltr'>βασιλείας</span> 
     </span>
    </p>
   </div>
   <div class='ocr_carea' id='block_1_106' title="bbox 322 5706 1907 5778">
    <p class='ocr_par' dir='ltr' id='par_1_106' title="bbox 322 5706 1907 5778">
     <span class='ocr_line' id='line_1_106' title="bbox 322 5706 1907 5778; baseline 0 -15"><span class='ocrx_word' id='word_1_785' title='bbox 322 5715 382 5763; x_wconf 76' lang='lat' dir='ltr'><strong>et</strong></span> <span class='ocrx_word' id='word_1_786' title='bbox 416 5706 809 5778; x_wconf 75' lang='grc' dir='ltr'>άρχιερατείας</span> <span class='ocrx_word' id='word_1_787' title='bbox 837 5706 1031 5766; x_wconf 76' lang='lat' dir='ltr'><strong>desunt</strong></span> <span class='ocrx_word' id='word_1_788' title='bbox 1067 5711 1119 5764; x_wconf 92' lang='lat' dir='ltr'><strong>in</strong></span> <span class='ocrx_word' id='word_1_789' title='bbox 1149 5710 1305 5766; x_wconf 86' lang='lat' dir='ltr'><strong>Barb.</strong></span> <span class='ocrx_word' id='word_1_790' title='bbox 1338 5720 1392 5765; x_wconf 88' lang='lat' dir='ltr'><strong>et</strong></span> <span class='ocrx_word' id='word_1_791' title='bbox 1434 5712 1484 5763; x_wconf 90' lang='lat' dir='ltr'><strong>in</strong></span> <span class='ocrx_word' id='word_1_792' title='bbox 1518 5706 1642 5763; x_wconf 85' lang='lat' dir='ltr'><strong>meo</strong></span> <span class='ocrx_word' id='word_1_793' title='bbox 1678 5713 1797 5764; x_wconf 85' lang='lat' dir='ltr'><strong>cod.</strong></span> <span class='ocrx_word' id='word_1_794' title='bbox 1835 5710 1907 5763; x_wconf 78' lang='lat' dir='ltr'><strong>Ea</strong></span> 
     </span>
    </p>
   </div>
   <div class='ocr_carea' id='block_1_107' title="bbox 2013 5004 2781 5079">
    <p class='ocr_par' dir='ltr' id='par_1_107' title="bbox 2013 5004 2781 5079">
     <span class='ocr_line' id='line_1_107' title="bbox 2013 5004 2781 5079; baseline 0.003 -17"><span class='ocrx_word' id='word_1_795' title='bbox 2013 5021 2077 5062; x_wconf 82' lang='lat' dir='ltr'><strong>ex</strong></span> <span class='ocrx_word' id='word_1_796' title='bbox 2094 5004 2458 5079; x_wconf 57' lang='grc' dir='ltr'><strong>Δγειιιῖειειίιηιο</strong></span> <span class='ocrx_word' id='word_1_797' title='bbox 2482 5010 2781 5079; x_wconf 85' lang='lat' dir='ltr'><strong>desumpsi.</strong></span> 
     </span>
    </p>
   </div>
   <div class='ocr_carea' id='block_1_108' title="bbox 2084 5074 2797 5148">
    <p class='ocr_par' dir='ltr' id='par_1_108' title="bbox 2084 5074 2797 5148">
     <span class='ocr_line' id='line_1_108' title="bbox 2084 5074 2797 5148; baseline 0.004 -15"><span class='ocrx_word' id='word_1_798' title='bbox 2084 5074 2196 5148; x_wconf 81' lang='lat'><strong>(5|)</strong></span> <span class='ocrx_word' id='word_1_799' title='bbox 2226 5077 2448 5132; x_wconf 75' lang='lat' dir='ltr'><strong>Barber.</strong></span> <span class='ocrx_word' id='word_1_800' title='bbox 2484 5074 2797 5138; x_wconf 66' lang='grc' dir='ltr'>δεσποτίαν.</span> 
     </span>
    </p>
   </div>
   <div class='ocr_carea' id='block_1_109' title="bbox 2054 5147 3594 5274">
    <p class='ocr_par' dir='ltr' id='par_1_109' title="bbox 2054 5147 3594 5274">
     <span class='ocr_line' id='line_1_109' title="bbox 2054 5147 3594 5274; baseline 0.002 -72"><span class='ocrx_word' id='word_1_801' title='bbox 2054 5148 2196 5274; x_wconf 73' lang='grc' dir='ltr'><strong>ά(52)</strong></span> <span class='ocrx_word' id='word_1_802' title='bbox 2225 5148 2417 5215; x_wconf 85' lang='grc' dir='ltr'>Παντί,</span> <span class='ocrx_word' id='word_1_803' title='bbox 2458 5155 2600 5221; x_wconf 91' lang='lat' dir='ltr'><strong>quod</strong></span> <span class='ocrx_word' id='word_1_804' title='bbox 2632 5153 2829 5206; x_wconf 91' lang='lat' dir='ltr'><strong>habent</strong></span> <span class='ocrx_word' id='word_1_805' title='bbox 2856 5164 3046 5205; x_wconf 86' lang='lat' dir='ltr'><strong>omnes</strong></span> <span class='ocrx_word' id='word_1_806' title='bbox 3072 5147 3255 5214; x_wconf 85' lang='lat' dir='ltr'><strong>codd.,</strong></span> <span class='ocrx_word' id='word_1_807' title='bbox 3289 5151 3493 5205; x_wconf 86' lang='lat' dir='ltr'><strong>mutavi</strong></span> <span class='ocrx_word' id='word_1_808' title='bbox 3539 5151 3594 5205; x_wconf 92' lang='lat' dir='ltr'><strong>in</strong></span> 
     </span>
     <span class='ocr_line' id='line_1_110' title="bbox 2089 5236 2206 5274; baseline 0 -1"><span class='ocrx_word' id='word_1_809' title='bbox 2089 5236 2206 5274; x_wconf 86' lang='grc' dir='ltr'>ντη.</span> 
     </span>
    </p>
   </div>
   <div class='ocr_carea' id='block_1_110' title="bbox 2011 5236 2206 5273">
    <p class='ocr_par' dir='ltr' id='par_1_110' title="bbox 2011 5236 2206 5273">
     <span class='ocr_line' id='line_1_111' title="bbox 2011 5236 2206 5273; baseline 0 0"><span class='ocrx_word' id='word_1_810' title='bbox 2011 5236 2185 5273; x_wconf 85' lang='grc' dir='ltr'>παντη</span> <span class='ocrx_word' id='word_1_811' title='bbox 2194 5261 2206 5273; x_wconf 91' lang='grc'><strong><em>.</em></strong></span> 
     </span>
    </p>
   </div>
   <div class='ocr_carea' id='block_1_111' title="bbox 2084 5238 3589 5363">
    <p class='ocr_par' dir='ltr' id='par_1_111' title="bbox 2084 5238 3589 5363">
     <span class='ocr_line' id='line_1_112' title="bbox 2084 5238 3589 5363; baseline -0.001 -17"><span class='ocrx_word' id='word_1_812' title='bbox 2226 5290 2437 5363; x_wconf 84' lang='grc' dir='ltr'>Χρῆσιν</span> <span class='ocrx_word' id='word_1_813' title='bbox 2470 5290 2521 5345; x_wconf 90' lang='lat' dir='ltr'><strong>in</strong></span> <span class='ocrx_word' id='word_1_814' title='bbox 2553 5288 2776 5363; x_wconf 72' lang='lat' dir='ltr'><strong>Barber.</strong></span> <span class='ocrx_word' id='word_1_815' title='bbox 2802 5299 2857 5363; x_wconf 88' lang='lat' dir='ltr'><strong>et</strong></span> <span class='ocrx_word' id='word_1_816' title='bbox 2884 5306 3027 5355; x_wconf 77' lang='lat' dir='ltr'><strong>meo,</strong></span> <span class='ocrx_word' id='word_1_817' title='bbox 3053 5290 3258 5363; x_wconf 84' lang='lat' dir='ltr'><strong>mutavi</strong></span> <span class='ocrx_word' id='word_1_818' title='bbox 3294 5290 3348 5345; x_wconf 93' lang='lat' dir='ltr'><strong>in</strong></span> <span class='ocrx_word' id='word_1_819' title='bbox 3387 5292 3589 5362; x_wconf 85' lang='grc' dir='ltr'>χρίσιν.</span> 
     </span>
    </p>
   </div>
   <div class='ocr_carea' id='block_1_112' title="bbox 2014 5359 3591 5429">
    <p class='ocr_par' dir='ltr' id='par_1_112' title="bbox 2014 5359 3591 5429">
     <span class='ocr_line' id='line_1_113' title="bbox 2014 5359 3591 5429; baseline 0 -16"><span class='ocrx_word' id='word_1_820' title='bbox 2014 5359 2151 5416; x_wconf 79' lang='lat' dir='ltr'><strong>Male</strong></span> <span class='ocrx_word' id='word_1_821' title='bbox 2179 5359 2346 5415; x_wconf 57' lang='lat' dir='ltr'><strong>vetus&#39;</strong></span> <span class='ocrx_word' id='word_1_822' title='bbox 2368 5372 2657 5429; x_wconf 84' lang='lat' dir='ltr'><strong>Interpres,</strong></span> <span class='ocrx_word' id='word_1_823' title='bbox 2686 5361 2953 5414; x_wconf 80' lang='lat' dir='ltr'><strong>Christum</strong></span> <span class='ocrx_word' id='word_1_824' title='bbox 2980 5378 3119 5428; x_wconf 82' lang='lat' dir='ltr'><strong>eum,</strong></span> <span class='ocrx_word' id='word_1_825' title='bbox 3159 5362 3212 5416; x_wconf 79' lang='lat' dir='ltr'><strong>id</strong></span> <span class='ocrx_word' id='word_1_826' title='bbox 3246 5373 3319 5416; x_wconf 79' lang='lat' dir='ltr'><strong>est</strong></span> <span class='ocrx_word' id='word_1_827' title='bbox 3351 5359 3591 5423; x_wconf 68' lang='lat' dir='ltr'><strong>nnctnnz,</strong></span> 
     </span>
    </p>
   </div>
   <div class='ocr_carea' id='block_1_113' title="bbox 2012 5431 3592 5503">
    <p class='ocr_par' dir='ltr' id='par_1_113' title="bbox 2012 5431 3592 5503">
     <span class='ocr_line' id='line_1_114' title="bbox 2012 5431 3592 5503; baseline 0.001 -20"><span class='ocrx_word' id='word_1_828' title='bbox 2012 5432 2315 5503; x_wconf 78' lang='lat' dir='ltr'><strong>denominat</strong></span> <span class='ocrx_word' id='word_1_829' title='bbox 2346 5447 2365 5485; x_wconf 89' lang='lat'><strong><em>:</em></strong></span> <span class='ocrx_word' id='word_1_830' title='bbox 2391 5442 2713 5503; x_wconf 80' lang='lat' dir='ltr'><strong>unguentum</strong></span> <span class='ocrx_word' id='word_1_831' title='bbox 2767 5431 2910 5484; x_wconf 81' lang='lat' dir='ltr'><strong>enim</strong></span> <span class='ocrx_word' id='word_1_832' title='bbox 2960 5432 3185 5501; x_wconf 53' lang='lat' dir='ltr'><strong>elusum</strong></span> <span class='ocrx_word' id='word_1_833' title='bbox 3234 5432 3496 5503; x_wconf 73' lang='lat' dir='ltr'><strong>signiﬁcat</strong></span> <span class='ocrx_word' id='word_1_834' title='bbox 3522 5432 3592 5484; x_wconf 74' lang='lat' dir='ltr'><strong>ad</strong></span> 
     </span>
    </p>
   </div>
   <div class='ocr_carea' id='block_1_114' title="bbox 2012 5447 2612 5569">
    <p class='ocr_par' dir='ltr' id='par_1_114' title="bbox 2012 5447 2612 5569">
     <span class='ocr_line' id='line_1_115' title="bbox 2012 5447 2612 5485; baseline -0.002 -2"><span class='ocrx_word' id='word_1_835' title='bbox 2012 5447 2315 5484; x_wconf 84' lang='lat' dir='ltr'><strong>aenontmat</strong></span> <span class='ocrx_word' id='word_1_836' title='bbox 2346 5447 2365 5485; x_wconf 89' lang='lat'><strong><em>:</em></strong></span> <span class='ocrx_word' id='word_1_837' title='bbox 2391 5448 2459 5485; x_wconf 87' lang='lat' dir='ltr'><strong>un</strong></span> <span class='ocrx_word' id='word_1_838' title='bbox 2499 5447 2612 5483; x_wconf 82' lang='lat' dir='ltr'><strong>nent</strong></span> 
     </span>
     <span class='ocr_line' id='line_1_116' title="bbox 2012 5447 2612 5569; baseline 0.003 -16"><span class='ocrx_word' id='word_1_839' title='bbox 2012 5501 2305 5553; x_wconf 83' lang='lat' dir='ltr'><strong>unctionem</strong></span> <span class='ocrx_word' id='word_1_840' title='bbox 2341 5447 2612 5569; x_wconf 69' lang='lat' dir='ltr'><strong>proﬁgcere.</strong></span> 
     </span>
    </p>
   </div>
   <div class='ocr_carea' id='block_1_115' title="bbox 2083 5569 3589 5647">
    <p class='ocr_par' dir='ltr' id='par_1_115' title="bbox 2083 5569 3589 5647">
     <span class='ocr_line' id='line_1_117' title="bbox 2083 5569 3589 5647; baseline 0 -23"><span class='ocrx_word' id='word_1_841' title='bbox 2083 5569 2196 5641; x_wconf 74' lang='grc'><strong>(54)</strong></span> <span class='ocrx_word' id='word_1_842' title='bbox 2215 5569 2361 5647; x_wconf 70' lang='lat' dir='ltr'><strong>pnas</strong></span> <span class='ocrx_word' id='word_1_843' title='bbox 2401 5581 2597 5647; x_wconf 66' lang='lat' dir='ltr'><strong>tropos.</strong></span> <span class='ocrx_word' id='word_1_844' title='bbox 2632 5569 2701 5647; x_wconf 88' lang='lat' dir='ltr'><strong>id_</strong></span> <span class='ocrx_word' id='word_1_845' title='bbox 2728 5580 2812 5624; x_wconf 81' lang='lat' dir='ltr'><strong>est</strong></span> <span class='ocrx_word' id='word_1_846' title='bbox 2858 5572 2993 5647; x_wconf 87' lang='lat' dir='ltr'><strong>duos</strong></span> <span class='ocrx_word' id='word_1_847' title='bbox 3039 5572 3355 5647; x_wconf 83' lang='lat' dir='ltr'><strong>allegoricos</strong></span> <span class='ocrx_word' id='word_1_848' title='bbox 3381 5586 3589 5627; x_wconf 79' lang='lat' dir='ltr'><strong>sensus.</strong></span> 
     </span>
    </p>
   </div>
   <div class='ocr_carea' id='block_1_116' title="bbox 2015 5639 3091 5709">
    <p class='ocr_par' dir='ltr' id='par_1_116' title="bbox 2015 5639 3091 5709">
     <span class='ocr_line' id='line_1_118' title="bbox 2015 5639 3091 5709; baseline 0.003 -14"><span class='ocrx_word' id='word_1_849' title='bbox 2015 5639 2184 5696; x_wconf 78' lang='lat' dir='ltr'><strong>Vetus</strong></span> <span class='ocrx_word' id='word_1_850' title='bbox 2215 5640 2413 5709; x_wconf 88' lang='lat' dir='ltr'><strong>interp.</strong></span> <span class='ocrx_word' id='word_1_851' title='bbox 2436 5639 2598 5694; x_wconf 78' lang='lat' dir='ltr'><strong>vertit</strong></span> <span class='ocrx_word' id='word_1_852' title='bbox 2629 5658 2647 5691; x_wconf 84' lang='grc' dir='ltr'><strong>ι</strong></span> <span class='ocrx_word' id='word_1_853' title='bbox 2672 5641 2804 5695; x_wconf 86' lang='lat' dir='ltr'><strong>duos</strong></span> <span class='ocrx_word' id='word_1_854' title='bbox 2838 5646 3045 5700; x_wconf 89' lang='lat' dir='ltr'><strong>modos.</strong></span> <span class='ocrx_word' id='word_1_855' title='bbox 3070 5665 3091 5698; x_wconf 68' lang='grc' dir='ltr'><em>υ</em></span> 
     </span>
    </p>
   </div>
   <div class='ocr_carea' id='block_1_117' title="bbox 2084 5709 2919 5775">
    <p class='ocr_par' dir='ltr' id='par_1_117' title="bbox 2084 5709 2919 5775">
     <span class='ocr_line' id='line_1_119' title="bbox 2084 5709 2919 5775; baseline 0.005 -10"><span class='ocrx_word' id='word_1_856' title='bbox 2084 5709 2195 5775; x_wconf 78' lang='grc'><strong>(55)</strong></span> <span class='ocrx_word' id='word_1_857' title='bbox 2231 5710 2397 5766; x_wconf 84' lang='lat' dir='ltr'><strong>Codd.</strong></span> <span class='ocrx_word' id='word_1_858' title='bbox 2438 5710 2634 5766; x_wconf 83' lang='lat' dir='ltr'><strong>habent</strong></span> <span class='ocrx_word' id='word_1_859' title='bbox 2668 5710 2762 5767; x_wconf 70' lang='lat' dir='ltr'><strong>ml.</strong></span> <span class='ocrx_word' id='word_1_860' title='bbox 2798 5711 2919 5770; x_wconf 79' lang='grc' dir='ltr'>θσν.</span> 
     </span>
    </p>
   </div>
  </div>
