4036 6208
475 289 554 345 59

1584 278 1909 341 ΡπιιοΝιε
1949 276 2060 340 ΕΝ

2172 272 2263 342 )ι›ι
2302 272 2629 343 εΑιιΡΑεη
3679 289 3748 349 ιο

466 422 573 481 est,
624 411 768 467 bono
817 405 1039 482 pietatis
1087 407 1254 466 odore
1310 404 1596 460 universus
1664 405 1918 474 perfusus
1974 414 2058 461 cst

2172 412 2285 471 too;
2325 407 2601 477 χυθείσης,
2647 402 2768 468 ὅλος
2810 405 2838 458 ὁ
2876 403 3079 475 κόσμος
3119 400 3186 476 τῇ
3230 402 3486 477 εὐσεϐείᾳ
3520 402 3747 461 εὐωδιά-

471 502 740 568 mundus,
804 499 1256 571 quemadmodum
1324 510 1461 552 unus
1530 510 1596 551 ex
1658 496 1725 552 iis
1796 494 2046 553 Paulus:

474 610 492 644 ι
524 592 753 659 Christi,
811 592 1007 662 inquit.
1061 590 1237 644 bonus
1281 588 1416 642 odor
1473 600 1663 643 sumus
1715 588 1767 642 in
1813 588 1896 643 his
1958 588 2050 657 qui

472 686 608 739 Salvi
638 686 793 749 llunl,
823 696 876 737 ct
911 683 963 736 in
1006 683 1073 736 iis
1102 681 1190 749 qtti
1219 691 1446 750 pereunt
1471 699 1485 735 :
1511 681 1631 736 aliis
1660 680 1876 750 quidem
1920 684 2054 735 odor

474 779 667 832 tuortls
693 778 747 830 in
775 785 1028 838 mortem,
1057 773 1141 828 his
1165 784 1345 828 autem
1369 774 1502 828 odor
1529 774 1652 826 vitae
1684 773 1736 827 in
1767 772 1929 825 vitam
1948 772 2047 825 η.»

474 864 616 924 Idem
658 870 793 923 odor
838 866 1125 920 suavitatis
1169 865 1291 920 aliis
1323 866 1540 935 quidem
1569 866 1621 920 in
1655 874 1904 929 mortem,
1936 864 2055 920 aliis

473 960 525 1013 in
557 958 721 1012 vitam
751 958 990 1011 suaviter
1020 955 1148 1009 olet.
1191 953 1337 1010 Odor
1384 955 1529 1008 enim
1577 955 1768 1009 mortis
1800 954 1864 1009 iis
1899 961 2058 1008 erant

471 1050 723 1119 apostoli,
770 1050 860 1119 qui
894 1062 951 1103 se
984 1050 1469 1117 persequebantur,
1513 1045 1845 1117 alﬂigobant,
1883 1046 2057 1114 conji-

472 1142 688 1195 ciebant
738 1140 790 1194 in
830 1138 1074 1205 vincula;
1116 1152 1305 1191 rursus
1338 1137 1458 1190 vitae
1508 1137 1645 1190 odor
1687 1134 2053 1197 credentibus,

472 1234 564 1295 oui
594 1234 737 1300 digni
765 1232 931 1287 habiti
955 1240 1083 1287 sunt
1114 1230 1557 1300 prtedicationem
1597 1228 1895 1297 suscipere,
1936 1228 2058 1298 qui-

472 1344 580 1397 que
638 1327 795 1382 ﬁdem
826 1325 1052 1394 justitize
1099 1323 1356 1393 operibus
1408 1319 1825 1377 conﬁrmabant.
1896 1318 2056 1375 «Un—

473 1428 731 1489 guentum
767 1416 995 1473 effusum
1027 1431 1223 1471 nomen
1256 1426 1427 1469 tuum.
1460 1434 1478 1468 ι
1526 1413 1725 1467 Eodem
1777 1414 1879 1468 hoc
1911 1421 2057 1467 textu

475 1511 850 1580 propheticum
886 1510 1051 1563 etiam
1091 1519 1306 1577 tropum
1352 1506 1622 1575 signiﬁcat
1651 1506 1823 1560 beata:
1857 1504 2055 1571 Mariae,

476 1616 596 1669 quae
623 1602 881 1672 unguenti
906 1601 1183 1655 alabastro
1201 1596 1481 1653 confracta
1508 1598 1791 1651 Dominum
1815 1607 2058 1651 nostrum

472 1694 660 1749 Jesum
691 1692 967 1749 Christum
1004 1691 1292 1761 perunxit;
1326 1700 1379 1745 et
1412 1690 1541 1744 illud
1567 1699 1896 1760 unguentum
1928 1686 2060 1742 eﬂu-

2157 497 2281 568 σθη’
2316 498 2391 564 ὡς
2419 497 2513 552 καὶ
2548 492 2629 559 εἷς
2660 495 2718 560 ἐξ
2745 490 2924 549 αὐτῶν
2951 494 3185 560 Παῦλος·
3220 515 3239 547 ι
3273 496 3515 567 Χριστοῦ
3551 498 3743 555 εὐωδία

2155 585 2321 655 ἐσμὲν
2355 587 2413 639 ὲν
2451 587 2562 647 τοῖς
2589 583 2918 653 σωζομένοις
2949 584 3045 637 καὶ
3090 585 3148 637 ὲν
3183 587 3296 649 τοῖς
3331 585 3743 658 ἀπολλυμένοις

2156 672 2237 741 οἷς
2280 678 2379 749 μὲν
2421 678 2566 750 ὀσμὴ
2603 680 2667 731 ὲκ
2709 678 2822 747 (56)
2864 677 3097 731 θανάτου
3151 680 3233 741 είς
3283 679 3535 738 θάνατον’
3568 678 3649 747 οἷς
3694 682 3744 739 δὲ

2154 770 2299 842 ὀσμὴ
2355 770 2420 824 ἐκ
2477 772 2623 841 ζωῆς
2676 771 2755 833 είς
2806 769 2971 842 ζωήν.
3014 788 3032 822 ι
3073 769 3139 823 Ἥ
3170 771 3310 842 αὐτὴ
3342 774 3487 845 ὀσμὴ
3526 775 3627 846 τῆς
3658 776 3744 829 εύ·

2156 860 2340 926 ωδίας,
2375 856 2457 924 οἷς
2493 861 2593 931 μὲν
2643 863 2722 925 είς
2759 859 3011 927 θάνατον,
3035 856 3116 925 οἷς
3144 860 3202 914 δὲ
3232 863 3311 928 είς
3349 861 3495 938 ζωὴν
3524 865 3753 920 εύωδιάι-

2158 955 2260 1019 ζει.
2298 952 2475 1025 Ὀσμὴ
2513 952 2621 1024 γάρ
2645 953 2877 1006 Θανάτου
2902 948 3046 1026 ἦσαν
3071 955 3118 1006 οί
3146 953 3435 1009 ἀπόστολοι
3470 959 3584 1021 τοῖς
3621 955 3753 1011 διώ-

2157 1061 2314 1100 κουσι
2368 1045 2461 1098 καὶ
2504 1043 2747 1097 θλίϐουσι
2789 1042 2882 1096 καὶ
2930 1042 3274 1116 δεσμεύουσι·
3318 1046 3463 1118 ὀσμὴ
3508 1044 3564 1101 δὲ
3606 1046 3754 1119 ζωῆς

2158 1136 2322 1192 πάλιν
2355 1138 2468 1201 τοῖς
2512 1135 2849 1202 πιστεύουσι,
2901 1138 3018 1201 τοῖς
3062 1136 3126 1189 τὸ
3180 1135 3444 1211 κήρυγμα
3499 1136 3754 1203 δέξασθαι

2158 1226 2606 1300 καταξιουμένοις
2641 1227 2774 1297 (57),
2809 1230 2921 1290 τοῖς
2970 1225 3070 1298 τὴν
3116 1228 3299 1283 πίστιν
3345 1232 3404 1283 ἐν
3444 1228 3628 1301 ἔργοις
3675 1230 3756 1284 δι-

2158 1316 2455 1389 καιοσύνης
2518 1315 2843 1387 βεϐαιοῦσιν.
2913 1333 2933 1367 t
2977 1314 3162 1388 Μόρον
3201 1317 3505 1371 ὲκκενωθὲν
3576 1319 3753 1391 ὄνομά

2161 1429 2275 1466 σου.
2324 1429 2342 1464 ›
2390 1411 2478 1465 Ἐν
2514 1409 2700 1481 ταυτῷ
2720 1409 2777 1463 δὲ
2817 1410 3156 1482 προφητικὸν
3186 1413 3438 1484 σημαίνει
3478 1414 3587 1486 (58)
3621 1415 3749 1485 τρό-

2160 1522 2261 1560 πον
2286 1506 2381 1560 καὶ
2405 1505 2507 1576 τῆς
2538 1505 2818 1577 μακαρίας
2850 1504 3092 1575 Μαρίας,
3133 1502 3255 1575 ἥτις
3313 1507 3651 1578 συντρίψασα
3687 1507 3748 1562 τὸ

2159 1597 2501 1669 ἀλάϐαστρον
2542 1595 2637 1650 τοῦ
2685 1597 2855 1669 μύρου
2880 1595 3068 1668 ἧλειψε
3105 1597 3198 1651 τὸν
3222 1596 3423 1668 Κύριον
3456 1600 3612 1671 ἡμῶν
3643 1601 3752 1672 ἰη-

2165 1688 2291 1743 σοῦν
2349 1689 2604 1761 Χριστόν⁸
2656 1690 2879 1743 κάκεῖνο
2926 1686 2988 1741 τὸ
3035 1688 3207 1760 μύρον
3244 1690 3543 1746 ἐκκενωθὲν
3578 1693 3751 1765 ὄνομα

473 1802 595 1842 sum
625 1786 838 1841 celebre
886 1784 1008 1849 fuit,
1065 1793 1124 1838 ut
1172 1782 1310 1839 dixit
1341 1781 1634 1838 Christus:
1675 1798 1694 1832 ι
1725 1783 1893 1835 Amen
1940 1780 2063 1835 dico

2172 1776 2319 1848 ἔσχεν
2360 1777 2511 1849 (59),
2554 1777 2630 1842 ὡς
2684 1780 2712 1832 ὁ
2772 1777 2975 1847 Κύριος
3033 1777 3249 1847 ἔλεγεν-
3313 1800 3329 1831 ι
3387 1781 3557 1855 Ἀμὴν
3609 1784 3755 1853 λέγω

476 1878 652 1943 vobis,
679 1876 985 1945 ubicunque
1008 1875 1360 1945 praedicatum
1395 1872 1557 1927 fuerit
1584 1875 1683 1927 hoc
1712 1870 2061 1940 Evangelium

474 1966 533 2022 in
568 1966 824 2021 universo
865 1964 1087 2025 mundo,
1123 1963 1338 2016 dicetur
1381 1970 1436 2015 et
1486 1960 1632 2030 quod
1676 1962 1791 2015 haec
1840 1960 1966 2014 fecit
2009 1961 2061 2013 in

474 2058 596 2128 ejus
648 2055 1057 2112 memoriam“.
1093 2075 1110 2106 ι
1148 2054 1265 2108 Hos
1298 2053 1434 2109 duos
1489 2054 1814 2122 allegoricos
1871 2067 2064 2107 sensus

420 2198 434 2211 .
475 2150 735 2205 existimo
790 2162 1002 2203 sacram
1063 2146 1147 2200 ha'
1184 2161 1204 2197 ι
1257 2144 1598 2214 Scripturam
1642 2143 1887 2199 indicare
1938 2157 2061 2197 cum

478 2241 610 2297 dicit
641 2259 657 2296 :
696 2259 715 2291 ι
750 2238 1094 2309 Unguentum
1147 2236 1379 2291 ell‘usum
1444 2251 1642 2290 nomen
1708 2244 1860 2289 tuum
1896 2253 1911 2288 :
1944 2235 2064 2289 ideo

479 2332 898 2390 adolescentuhe
949 2329 1258 2384 dilexerunt
1307 2338 1379 2383 te.
1406 2346 1426 2379 ι
1464 2326 1727 2394 Quoniam
1767 2327 1936 2392 enim,
1982 2326 2065 2380 in-

478 2424 619 2495 quit,
671 2435 895 2491 regnum
933 2428 1082 2474 tunm
1130 2427 1185 2472 et
1237 2418 1515 2472 incarnata
1574 2416 1858 2486 prazsentia
1895 2417 2066 2468 instar

479 2513 740 2585 tutgueuti
800 2509 957 2566 eﬂ‘usi
1018 2510 1330 2564 universum
1386 2507 1648 2561 mundum
1706 2509 1850 2562 bono
1898 2506 2067 2561 odore

479 2605 739 2678 pertudit,
767 2613 1053 2674 propterea
1099 2599 1518 2656 adulescentula:
1545 2598 1851 2654 dilexerunt
1880 2608 1969 2668 te;
2011 2597 2066 2652 id

477 2708 562 2754 cst
622 2696 816 2751 anima:
868 2694 1161 2766 iustorum.
1230 2690 1417 2761 Neque
1465 2706 1593 2745 vero
1644 2701 1801 2760 putes
1850 2704 2063 2747 sacram

482 2790 823 2858 Scripturam
871 2786 939 2840 de
997 2781 1315 2837 mulieribus
1368 2790 1581 2835 tantum
1642 2780 2066 2837 adolescentulis

481 2881 659 2951 loqui;
704 2878 798 2934 sed
836 2876 1001 2930 etiam
1052 2875 1195 2929 inter
1231 2873 1489 2927 mulieres
1541 2873 1844 2942 reperimus
1878 2874 2066 2930 adole-

482 2970 778 3034 scentulus,
807 2981 915 3024 non
964 2979 1211 3035 corpore,
1272 2967 1486 3035 (neque
1531 2964 1677 3019 enim
1718 2966 1946 3034 quaestio
1983 2975 2067 3021 est

483 3068 694 3118 tantum
774 3060 843 3115 de
905 3070 1177 3128 corpore:
1210 3073 1231 3109 ι
1261 3053 1404 3110 Caro
1460 3056 1605 3111 enim
1680 3068 1785 3109 non
1847 3058 2065 3125 prodest

481 3157 813 3227 quidquam;
873 3152 1097 3224 spiritus
1131 3159 1312 3206 autem
1339 3147 1753 3219 ViViﬂCtll”),D
1811 3149 1904 3203 sed
1962 3149 2064 3202 ﬁde

487 3242 946 3303 adolescentulus.
990 3242 1125 3298 Vide
1153 3241 1612 3297 adolescentulam
1648 3240 1813 3306 illam,
1840 3256 2067 3309 corpore

483 3336 700 3409 quidem
744 3351 971 3407 ngrata,
1022 3335 1217 3389 anima
1258 3348 1387 3388 vero
1434 3333 1538 3388 ﬁde
1567 3332 1797 3387 validam
1831 3335 2066 3388 haemor-

488 3430 778 3494 rhoissam,
830 3442 953 3498 qua
995 3441 1120 3483 cum
1172 3436 1321 3480 retro
1370 3426 1640 3495 tetigisset
1685 3435 1886 3480 vestem
1915 3424 2066 3490 Jesn,

487 3522 769 3594 sanguinis
798 3520 1002 3576 ﬂuxum
1045 3519 1283 3574 inhibuit
1309 3533 1415 3573 non
1442 3517 1688 3587 corporis
1732 3520 1950 3585 robore,
1974 3521 2069 3575 sed

490 3616 616 3671 ﬁdei
647 3617 847 3669 virtute
882 3613 947 3668 ³³.
973 3611 1087 3667 Νοιι
1120 3612 1264 3666 enim
1303 3612 1497 3666 robore
1534 3611 1805 3681 corporis,
1835 3612 1930 3668 sed
1968 3628 2067 3666 vae

488 3710 598 3764 lido
637 3707 755 3762 ﬁdei
791 3706 983 3777 spiritu
1010 3704 1342 3759 inﬁrmitatis
1371 3703 1564 3759 morbo
1594 3704 1756 3759 ﬁnem
1788 3706 2063 3774 imposuit.

488 3801 615 3856 llaec
655 3798 1056 3854 adolescentula
1101 3796 1271 3850 traxit
1315 3795 1489 3865 ipsum
1524 3801 1671 3849 retro
1719 3802 1975 3865 tangens,
2012 3804 2071 3849 ut

488 3894 542 3948 in
591 3907 654 3947 ea
692 3890 1009 3961 impleretur
1040 3890 1185 3959 quod
1240 3888 1505 3956 scriptum
1553 3895 1685 3941 est:
1725 3903 1745 3937 ι
1779 3884 2069 3955 Propterea

490 3981 912 4038 adulescentula:
937 3981 1239 4035 dilexerunt
1282 3987 1355 4044 te,
1400 3986 1682 4033 traxerunt
1712 3987 1766 4034 te
1793 3987 1915 4049 post
1942 3987 2013 4033 te.
2046 3997 2066 4031 ι

492 4074 559 4130 Et
584 4074 689 4128 alia
722 4086 912 4128 rursus
953 4070 1351 4127 adolescentula
1400 4082 1552 4127 retro
1589 4081 1712 4142 post
1749 4070 1931 4127 Iesum
1960 4072 2074 4127 cla-

493 4168 678 4221 mabat
699 4164 1027 4227 Chananaza,
1053 4163 1192 4234 Syro
1218 4161 1498 4217 Phanissa
1526 4176 1745 4234 genere,
1764 4164 2075 4219 adolesceno

494 4259 606 4313 tula
661 4272 788 4312 vero
853 4256 960 4311 ﬁde
993 4272 1008 4309 :
1040 4264 1096 4309 et
1147 4254 1400 4324 discipuli
1467 4249 1688 4324 quidem
1757 4255 2009 4311 dicebant
2054 4272 2069 4309 :

497 4370 518 4404 ι
548 4349 773 4405 Dimitte
819 4348 987 4413 illam,
1036 4348 1165 4418 quia
1208 4347 1410 4403 clamat
1460 4358 1583 4418 post
1637 4363 1735 4403 nos
1781 4347 1846 4405 “.
1879 4366 1899 4400 ι
1955 4348 2073 4419 ipsa

2164 1871 2316 1942 ὑμῖν,
2346 1871 2480 1924 ὅπου
2509 1871 2603 1924 ὲάν
2637 1871 2887 1944 κηρυχθῇ
2913 1871 2974 1925 τὸ
2996 1871 3335 1942 Εύαγγέλιον
3364 1873 3525 1927 τοῦτο
3563 1878 3621 1929 ὲν
3651 1875 3758 1948 ὅλῳ

2160 1962 2242 2034 τῷ
2267 1964 2479 2035 κόσμῳ,
2503 1964 2871 2036 λαληθήσεται
2899 1964 2994 2017 καὶ
3018 1964 3047 2017 δ
3069 1965 3326 2036 ἐποίησεν
3348 1963 3490 2037 αὕτη
3520 1968 3599 2031 είς
3622 1985 3758 2040 μνη-

2166 2053 2397 2125 μόσυνον
2438 2055 2629 2127 αὐτῆς.
2666 2075 2685 2108 ι
2721 2054 2958 2119 Τούτους
3004 2056 3132 2120 τοὺς
3184 2055 3276 2109 δύο
3325 2056 3557 2129 τρόπους
3598 2053 3757 2128 οἶμαι

2164 2146 2567 2219 ὑποσημαίνειν
2598 2146 2695 2218 τὴν
2729 2146 2879 2200 θείαν
2903 2145 3110 2219 ταύτην
3132 2146 3375 2220 Γραφὴν,
3403 2149 3717 2218 φάσκουσαν
3741 2166 3751 2179 ⁸

2171 2257 2190 2290 t
2228 2237 2417 2307 Μύρον
2442 2238 2746 2292 ὲκκενωθὲν
2784 2238 2844 2291 τὸ
2863 2236 3034 2310 ὄνομά
3063 2253 3179 2292 σουο
3208 2238 3294 2292 διά
3321 2237 3478 2292 τοῦτο
3512 2239 3755 2303 νεάνιδες

2163 2330 2459 2403 ἠγάπησαν
2484 2349 2565 2385 σε.
2598 2349 2616 2383 ι
2656 2329 2875 2403 Ἐπειδὴ
2897 2329 3025 2403 γάρ,
3055 2331 3208 2403 φησὶ,
3231 2331 3265 2403 ἡ
3295 2330 3363 2402 σὴ
3387 2331 3634 2402 βασιλεία
3660 2334 3755 2386 καί

2166 2420 2429 2492 ἔνσαρκος
2480 2421 2755 2493 παρουσία
2792 2420 2965 2493 μύρου
3011 2419 3167 2483 δίκην
3211 2420 3607 2485 ὲκκενωθέντος
3634 2422 3755 2476 ὅλον

2167 2512 2461 2567 εύωδίασεν
2483 2514 2576 2567 τὸν
2611 2514 2837 2584 κόσμον,
2877 2511 2969 2567 διὰ
3004 2512 3165 2566 τοῦτο
3192 2511 3430 2578 νεάνιδες
3461 2515 3753 2586 ὴγάπησάν

2169 2621 2261 2659 σε⁸
2295 2605 2433 2678 δπερ
2470 2606 2638 2670 ἐστὶν,
2666 2606 2723 2658 αι
2757 2604 2927 2676 ψυχαὶ
2961 2602 3071 2657 τῶν
3098 2604 3342 2658 δικαίων.
3382 2603 3475 2677 Μὴ
3516 2607 3624 2677 γάρ
3663 2624 3752 2678 μοι

2167 2694 2355 2770 νόμιζε
2380 2697 2540 2768 μόνον
2569 2696 2815 2761 νεάνιδας
2836 2695 2937 2760 τὰς
2970 2699 3234 2766 γυναῖκας
3257 2696 3437 2767 λέγειν
3463 2698 3562 2770 τὴν
3592 2698 3755 2767 ἁγίαν

2167 2792 2416 2865 Γραφήν·
2447 2789 2585 2844 ἀλλά
2622 2790 2716 2844 καὶ
2742 2793 2801 2843 ὲν
2839 2787 3055 2859 γυναιξὶ⁸
3091 2791 3189 2863 μὲν
3223 2791 3467 2856 νεάνιδας
3499 2793 3754 2865 εὑρίσκο-

2171 2901 2271 2957 μεν
2294 2884 2355 2937 ού
2381 2882 2459 2955 τῷ
2482 2881 2695 2954 σώματι
2718 2881 2800 2953 (οὐ
2832 2882 2940 2956 γὰρ
2971 2883 3039 2937 τά
3069 2882 3164 2937 τοῦ
3195 2884 3445 2955 σώματος
3479 2886 3636 2957 μόνον
3666 2886 3755 2958 ζηδ

2168 2978 2341 3030 τεῖται
2364 2993 2377 3006 ·
2418 2996 2435 3028 t
2472 2975 2539 3029 'H
2573 2975 2711 3048 σὰρξ
2735 2974 2844 3047 γὰρ
2876 2975 3028 3029 οὐδὲν
3056 2975 3276 3047 ὠφελεῖ·
3302 2977 3363 3031 τὸ
3392 2978 3609 3049 πνεῦμά
3639 2980 3757 3033 ἐστι

2168 3064 2230 3119 τὸ
2256 3063 2575 3130 ζωοποιοῦν,
2606 3065 2650 3135 ι)
2679 3064 2816 3118 ἀλλά
2858 3064 3039 3119 πίστει
3076 3066 3342 3131 νεάνιδας.
3378 3066 3550 3122 Βλέπε
3582 3069 3758 3124 νεάνι-

2169 3156 2234 3209 δα
2270 3157 2486 3228 ἐκείνην
2536 3157 2635 3230 τὴν
2674 3157 2751 3228 τῷ
2782 3156 2994 3228 σώματι
3032 3157 3449 3231 ἀσθενεστέραν,
3490 3159 3667 3232 ψυχῆς
3701 3160 3758 3214 δὲ

2172 3248 2352 3302 πίστει
2411 3249 2767 3321 ἰσχυροτέραν
2821 3249 2958 3320 (60),
2993 3249 3091 3321 τὴν
3148 3252 3568 3324 αίμορῤοοῦσαν,
3636 3254 3758 3324 ἣτις

2172 3339 2427 3413 ἁψαμένη
2454 3340 2562 3393 τῶν
2593 3341 2826 3412 ἱματίων
2851 3341 3077 3394 ὄπισθεν
3100 3341 3194 3395 τοῦ
3238 3343 3432 3414 Ἰησοῦ,
3471 3345 3568 3415 τὴν
3598 3346 3759 3415 αίμά-

2170 3451 2280 3488 των
2318 3433 2514 3503 ἔστησε
2543 3432 2651 3504 (Gl)
2696 3432 2873 3505 ῥύσιν,
2915 3434 2976 3486 ού
3015 3433 3264 3507 σώματος
3310 3437 3474 3506 ἰσχύϊ,
3507 3437 3642 3492 ἀλλά
3672 3440 3758 3492 πί-

2173 3542 2343 3588 στεως
2400 3525 2650 3594 δυνάμει.
2697 3526 2771 3578 Ού
2813 3524 2929 3596 ,γὰρ
2974 3529 3353 3600 νεανιευομένη
3405 3529 3481 3599 τῷ
3522 3529 3757 3601 σώματι,

2171 3617 2403 3689 νεανικῷ
2435 3617 2492 3671 δὲ
2524 3617 2603 3688 τῷ
2652 3618 2749 3688 τῆς
2801 3618 3037 3682 πίστεως
3086 3622 3411 3691 φρονήματι,
3443 3622 3613 3694 πέρας
3660 3623 3757 3676 ἑπ-

2176 3711 2340 3783 έθηκε
2381 3708 2460 3782 τῷ
2511 3710 2610 3781 τῆς
2662 3709 2945 3773 ἀσθενείας
2995 3712 3295 3782 νοσήματι·
3351 3712 3491 3783 αὕτη
3542 3716 3575 3786 ὴ
3631 3716 3758 3769 νεᾶά

2174 3820 2256 3869 νις
2290 3803 2540 3857 εἵλκυσεν
2569 3802 2749 3866 αὐτὸν,
2788 3801 3009 3857 ὄπισθεν
3036 3802 3309 3875 ἁψαμένη·
3343 3804 3418 3868 ὡς
3443 3807 3538 3859 καὶ
3559 3808 3637 3870 είς
3665 3808 3759 3860 αὐ-

2173 3895 2272 3967 τὴν
2328 3894 2667 3967 πληροῦσθαι
2722 3895 2784 3949 τὸ
2822 3896 3227 3968 γεγραμμένον·
3282 3918 3300 3949 ι
3342 3899 3442 3952 Διὰ
3483 3900 3642 3955 τοῦτο
3707 3905 3763 3954 αἱ

2177 3986 2425 4051 νεάνιδες
2480 3986 2772 4059 ὴγάπησάν
2833 4004 2913 4039 σε·
2971 3987 3226 4043 εἵλκυσάν
3258 4007 3317 4043 σε
3358 3989 3533 4045 ὀπίσω
3582 4009 3698 4045 σου.
3742 4012 3760 4045 ι

2176 4079 2287 4133 Καὶ
2325 4080 2489 4150 ἑτέρα
2522 4082 2578 4134 δὲ
2608 4081 2774 4135 πάλιν
2807 4083 2988 4145 νεᾶνις
3016 4082 3237 4136 ὄπισθεν
3262 4084 3492 4155 ἔκραζεν
3522 4064 3615 4138 τοῦ
3660 4088 3764 4156 Ἰη-

2179 4170 2293 4237 σοῦ,
2320 4173 2354 4243 ἡ
2389 4174 2672 4227 Χαναναία
2705 4176 2737 4245 ἠ
2772 4175 3168 4245 Συροφοίνισσα
3196 4176 3307 4245 (62)
3332 4176 3412 4247 τῷ
3438 4178 3605 4246 γένει,
3638 4182 3763 4233 νεᾶ-

2176 4282 2256 4330 νις
2288 4264 2344 4319 δὲ
2367 4267 2434 4337 τῇ
2467 4265 2669 4319 πίστει·
2694 4266 2789 4320 καὶ⁵
2813 4267 2861 4318 ol
2890 4266 2989 4337 μὲν
3022 4268 3262 4337 μαθηταὶ
3296 4269 3501 4338 ἔλεγονο
3536 4289 3555 4321 ι
3606 4272 3764 4326 ’Λπό-

2177 4358 2335 4412 λυσον
2364 4357 2552 4429 αὐτὴν,
2587 4358 2670 4410 ὅτι
2705 4357 2899 4430 κράζει
2932 4357 3156 4412 ὄπισθεν
3187 4360 3362 4432 ἡμῶν.
3403 4381 3421 4413 ι
3464 4363 3575 4417 Καὶ
3627 4365 3764 4437 αὑτὴ

427 4466 438 4477 ·
493 4444 661 4513 igitur
688 4451 834 4496 retro
858 4439 1044 4495 Jesum
1077 4441 1265 4505 traxit,
1287 4441 1376 4495 cui
1407 4441 1522 4510 ipse
1545 4440 1713 4495 dixit:
1742 4459 1763 4493 ι
1782 4440 1898 4495 Νοιι
1920 4442 2064 4496 decet

2177 4444 2269 4502 οὖν
2297 4448 2520 4501 ὄπισθεν
2547 4448 2765 4503 εἵλκυσε
2792 4448 2883 4504 τὸν
2930 4450 3157 4522 Ίησοῦψ
3191 4451 3325 4525 πρὸς
3356 4455 3422 4526 ἣν
3448 4457 3608 4521 αὐτὸς
3640 4458 3762 4529 ἔτη·

496 4534 683 4590 tollere
719 4550 913 4604 panem
964 4532 1111 4597 ﬁliis,
1161 4542 1215 4587 et
1261 4533 1528 4602 projicere
1568 4533 1795 4588 canibus
1824 4533 1889 4586 ³⁸.
1921 4552 1940 4585 ι
1978 4533 2070 4587 llla

494 4645 623 4684 vero
650 4627 1049 4683 adulescentula
1094 4628 1271 4682 adhuc
1319 4627 1441 4690 ﬁde,
1465 4626 1729 4679 ‘tnttovata
1760 4635 1939 4679 tamen
1967 4628 2076 4696 spi-

2186 4557 2205 4589 ι
2237 4539 2350 4592 Οὐκ
2389 4538 2505 4591 ἐστι
2551 4538 2716 4593 καλὸν
2744 4539 2930 4593 λαϐεῖν
2966 4540 3057 4595 τὸν
3086 4541 3249 4613 ἄρτον
3277 4545 3389 4606 τοῖς
3413 4543 3642 4608 τέκνοις,
3672 4545 3765 4598 καὶ

2186 4629 2365 4700 βαλεῖν
2402 4632 2516 4695 τοῖς
2552 4632 2853 4703 κυναρίοις.
2893 4652 2911 4683 ι
2954 4633 3019 4685 Ἦ
3049 4632 3104 4686 δὲ
3132 4637 3310 4697 νεᾶνις
3347 4636 3455 4704 (65)
3501 4634 3578 4703 τῷ
3604 4637 3765 4688 πνεύ-

567 4741 613 4773 ”
648 4739 687 4795 ll
717 4741 844 4796 Cor.
874 4755 934 4803 ιι,
974 4739 1056 4806 15,
1085 4738 1170 4794 16.
1248 4738 1291 4770 ⁸⁸
1322 4738 1514 4796 Matth.
1543 4755 1693 4807 xxvt,
1719 4739 1804 4795 15.
1880 4741 1926 4772 ³³
1957 4738 2064 4796 ,ἰοειι

2172 4758 2221 4809 ’1,
2254 4742 2342 4799 65.
2422 4745 2467 4776 ³⁸
2496 4744 2685 4800 Matth.
2713 4762 2789 4813 ιι,
2821 4747 2911 4803 20.
2989 4747 3034 4779 “
3062 4747 3250 4802 Matth.
3274 4764 3360 4813 xv,
3384 4748 3473 4802 ‘25.
3552 4747 3598 4780 ⁸⁵
3633 4750 3760 4805 ibid.

492 4812 588 4870 26.

567 4900 680 4973 (56)
710 4901 990 4972 Prmposit.
1040 4904 1105 4958 ὲκ
1143 4905 1295 4960 abest
1324 4920 1354 4959 a
1390 4902 1456 4959 Ν.
1489 4902 1553 4957 Τ.
1587 4902 1728 4973 typis
1772 4901 2062 4970 impresso.

496 4972 628 5027 Eam
669 4986 849 5026 tamen
900 4977 1141 5043 agnoscit
1178 4987 1336 5030 vetus
1385 4972 1672 5042 interpres,
1719 4974 1812 5041 qui
1856 4985 2064 5043 vertit:

502 5063 521 5095 ι
546 5044 670 5096 aliis
702 5045 919 5114 quidem
940 5041 1083 5099 odor
1116 5048 1181 5101 de
1230 5055 1405 5101 morte
1430 5047 1494 5098 ad
1532 5055 1784 5110 mortem,
1820 5041 1941 5097 aliis
1972 5059 2071 5098 au-

499 5123 605 5167 tem
641 5116 773 5166 odor
795 5117 862 5170 de
889 5117 995 5168 vita
1026 5117 1092 5169 ad
1122 5117 1303 5170 vitam.
1330 5135 1349 5168 ο

570 5185 683 5257 (5?)
711 5184 853 5257 h9g0
884 5184 1331 5257 κατηξιωμένοις.

572 5253 685 5326 (68)
711 5254 845 5326 Male
880 5253 1155 5311 Barberln'.
1187 5266 1242 5310 et
1268 5271 1421 5310 meus
1457 5255 1716 5326 σιμαίνει.

574 5324 689 5396 (59)
722 5325 941 5396 ’ρνομα
971 5326 1160 5396 ἔσχεν
1202 5327 1268 5381 Ιοι
1289 5324 1612 5396 utio_probte
1640 5336 1797 5382 nuttr.
1836 5325 1989 5382 Plato
2025 5327 2078 5380 in

503 5392 701 5469 Hippia
738 5392 895 5469 ῌαλζ,
927 5392 1164 5465 pag—'95,
1196 5396 1365 5466 [.,άφ’
1392 5392 1468 5469 ὧν
1498 5397 1559 5450 τὸ
1574 5396 1749 5468 ὄνομα
1790 5396 1935 5469 ἔσχε,
1969 5417 1987 5449 t
2012 5413 2075 5469 es

502 5465 700 5535 qutbus
726 5466 948 5535 gloriam
973 5471 1197 5535 adeptus
1225 5465 1333 5522 est.
1357 5486 1375 5517 ι
1417 5468 1540 5521 lhec
1570 5465 1699 5521 vero
1724 5486 1736 5521 :
1768 5465 1990 5522 κάκεῖνο
2020 5467 2081 5520 τὸ

507 5533 679 5604 μύρον
718 5536 839 5587 ἐκκ.
875 5534 1054 5609 Δίτινομα
1078 5533 1277 5607 ήέσχεν,
1317 5537 1391 5602 ὼς
1423 5540 1452 5591 ὁ
1492 5538 1696 5608 Κύριος
1740 5539 1948 5609 ἔλεγεν,
1986 5541 2081 5594 ab—

504 5615 634 5658 sunt
659 5621 688 5657 a
718 5606 886 5677 veteri
919 5606 1385 5677 interpretatione,
1411 5620 1529 5677 qua:
1567 5606 1747 5664 tamen
1773 5606 2077 5666 necessaria

505 5684 653 5729 sunt.
696 5676 750 5730 Si
769 5676 919 5748 enim
947 5677 1142 5748 desint,
1181 5676 1451 5745 quentodn
1497 5680 1822 5739 cohaereant.
1852 5695 1971 5748 qua:
1994 5695 2081 5734 se-

514 5745 784 5816 quuntur?
817 5765 834 5797 ι
860 5746 966 5803 llos
995 5747 1128 5803 duos
1159 5748 1473 5816 allegoricos
1508 5763 1719 5815 sensus,
1749 5769 1766 5801 ι
1797 5745 1902 5805 etc.

2244 4905 2360 4977 (60)
2387 4904 2611 4961 Barltar.
2631 4913 2684 4959 et
2711 4921 2861 4960 meus
2885 4920 3071 4977 vocem
3100 4905 3250 4959 nihili
3300 4906 3499 4977 habent
3537 4920 3767 4959 πιστειο-

2176 4976 2479 5048 χρωτέραν,
2513 4992 2673 5043 quam
2698 4976 2975 5048 emendavi
3008 4976 3058 5029 in
3092 4985 3259 5048 textu.
3289 5005 3360 5016 —
3387 4976 3551 5048 Codd.
3585 4977 3768 5031 lectio-

2181 5046 2301 5101 nem
2326 5046 2638 5100 retinueritn
2659 5047 2929 5117 equidem,
2949 5046 3172 5116 legendo
3196 5046 3378 5101 πίστει
3401 5047 3764 5117 ὀχυρωτέραν.

2254 5118 2365 5188 (61)
2403 5117 2569 5170 Vetus
2596 5119 2770 5170 versit)
2800 5116 2983 5188 habet,
3012 5120 3288 5188 sanguinis
3322 5116 3523 5186 ﬂuxum
3564 5116 3768 5188 repente

2184 5186 2471 5241 damnavit.
2500 5188 2662 5242 Error
2699 5187 3045 5244 manifestus.
3080 5186 3391 5259 Legendum
3420 5187 3763 5249 crediderim,

2186 5259 2413 5312 adnavit.

2261 5328 2373 5400 (62)
2405 5326 2631 5400 Barber.
2667 5339 2721 5381 et
2750 5343 2903 5384 meus
2934 5328 3411 5400 Eoporpowﬁxtaga.

2260 5399 2373 5470 (65)
2402 5398 2598 5470 Locus,
2621 5409 2679 5452 ut
2707 5411 2949 5467 apparet,
2980 5395 3418 5470 cbriuptdsaEgo
3437 5396 3489 5470 in
3520 5395 3769 5470 versione

2186 5466 2377 5537 scripsi
2423 5480 2481 5522 ttt
2526 5469 2844 5523 Salutatns:
2882 5488 2901 5521 ι
2935 5467 3342 5537 Adolescentula
3400 5466 3577 5520 adhuc
3640 5466 3765 5528 ﬁde.

2188 5536 2441 5594 innOvata
2488 5549 2666 5594 tamen
2718 5542 2908 5607 spiritu
2939 5550 2992 5607 et
3026 5540 3147 5594 Iide.
3177 5556 3196 5589 ›
3238 5536 3389 5607 unde
3425 5537 3635 5591 videtur
3675 5538 3765 5589 ιιι-

2189 5610 2369 5664 buisse
2415 5609 2468 5662 in
2525 5626 2624 5663 suo
2673 5606 2895 5663 codice:
2922 5606 3110 5661 Πίστει
3161 5607 3258 5677 μὲν
3287 5606 3366 5659 ἔτι
3404 5608 3604 5671 νεᾶνις,
3640 5607 3769 5659 ἀνα-

2187 5679 2451 5749 νεουμένη
2473 5679 2528 5750 δὲ
2563 5679 2639 5750 τῷ
2661 5678 2940 5750 Πνεύματι
2981 5677 3077 5730 καὶ
3108 5680 3173 5748 τῇ
3203 5677 3385 5731 πίστει
3409 5696 3421 5709 ·
3452 5688 3535 5734 est
3563 5678 3772 5747 phrasis

2191 5750 2438 5817 Paulina,
2472 5749 2665 5820 Ephes.
2701 5764 2775 5817 tv,
2813 5749 2903 5801 ‘23.
