4048 6212
436 145 521 200 ,ιε
1227 156 1237 166 ·
1567 137 1892 194 PIIILONIS
1925 139 2236 197 EPISCOPI
2275 138 2598 196 CARI’ASII
3626 149 3698 204 44

435 259 714 316 ειίιεεοιιτῐ.
771 253 1034 309 Caelestis
1085 252 1230 324 regis
1296 257 1730 325 promptuarium
1784 255 2022 311 ostendit

2130 256 2193 309 τὰ
2218 255 2655 327 θησαυρίσματα.
2693 256 2798 309 Τοῦ
2826 257 2883 310 δὲ
2918 229 3032 329 (73)
3067 258 3387 332 ἐπουρανίου
3433 262 3696 332 βασιλέως

437 357 627 428 primo
673 364 793 406 esse
837 362 1054 417 corpus,
1105 347 1158 401 in
1210 361 1318 417 quo
1364 349 1478 417 ipse
1543 365 1562 399 ι
1591 349 1877 403 aediﬁcavit
1919 347 2022 401 sibi

450 447 668 500 domum
724 440 809 493 “z
845 459 863 492 ι
917 440 1113 494 deinde
1171 441 1432 495 ccelorum
1494 454 1743 512 regnum.
1799 440 2024 507 Quando

451 539 612 607 igitur
672 533 924 589 Salvator
970 532 1151 588 dicit:
1193 550 1211 583 ι
1242 531 1391 588 Beati
1442 532 1536 600 qui
1589 533 2019 602 persecutionem

453 629 731 699 patiuntur
779 634 1001 696 propter
1029 623 1315 692 justitiam,
1355 623 1608 692 quoniam
1655 624 1890 693 ipsormn
1942 631 2025 678 est

452 735 676 789 regnum
710 719 972 774 cmlorum
997 717 1039 750 “
1065 735 1080 784 ;
1113 737 1131 769 ι
1171 716 1361 770 merito
1382 725 1436 771 et
1463 725 1857 784 consequenter
1883 729 2019 783 prae-

452 813 593 867 dicta
634 820 720 866 est
763 825 825 866 ea
862 825 960 864 vox
997 809 1091 864 :bi
1123 807 1265 861 enim
1311 807 1651 861 intraverunt
1696 805 1748 859 in
1796 820 2018 874 regnum

456 903 739 958 malorum.
773 901 1034 968 Quoniam
1058 912 1186 952 vero
1210 905 1264 951 et
1293 897 1390 967 ipsi
1419 897 1850 966 persecutionem
1878 894 2020 964 passi

462 1002 588 1046 sunt
636 998 856 1062 prapter
881 987 1177 1055 justitiam,
1233 995 1516 1055 propterea
1560 995 1614 1040 et
1659 985 1930 1039 exsultant
1967 982 2020 1037 in

457 1083 570 1146 illo,
598 1094 652 1137 et
679 1083 928 1135 laetantur
951 1078 1187 1131 dicentes
1216 1092 1228 1128 :
1264 1093 1282 1126 ι
1309 1075 1732 1141 Exsultabimus,
1783 1081 1838 1127 et
1874 1073 2023 1128 laeta-

457 1174 640 1228 bimur
707 1172 759 1224 in
823 1179 942 1224 te.»
1011 1166 1269 1221 Videntes
1327 1177 1650 1222 mlernarum
1719 1167 2022 1235 nuptiarum

454 1263 722 1331 Iustitiam;
801 1257 1045 1311 videntes
1123 1271 1243 1326 qua:
1316 1266 1614 1325 praeparata
1685 1266 1813 1310 sunt
1897 1266 2022 1309 ante

453 1352 636 1406 mundi
685 1348 1160 1412 constitutionem,
1203 1357 1258 1401 et
1308 1356 1590 1402 narrantes
1638 1346 2022 1418 promissiones

451 1444 634 1496 dicunt
669 1457 683 1492 :

521 1529 630 1585 VII.
669 1529 959 1601 Diligemus
983 1530 1141 1584 ubera
1173 1540 1263 1582 tua
1291 1545 1444 1598 super
1471 1529 1668 1583 uiuunt.

522 1623 578 1677 Id
602 1630 688 1677 est
719 1639 734 1675 :
773 1621 1067 1692 Diligemus
1096 1621 1201 1676 duo
1234 1621 1602 1683 Testamenta,
1638 1635 1734 1689 per
1770 1635 1890 1690 quae
1921 1635 2020 1674 nos
2050 1611 2092 1664 Β

453 1717 654 1771 docens
697 1712 814 1770 Rex
861 1714 914 1768 in
959 1712 1383 1784 promptuarium
1442 1712 1738 1766 introduxit
1779 1713 2019 1767 caeleste.

453 1807 592 1862 Nam
622 1807 764 1876 quod
796 1820 902 1873 per
941 1805 1046 1859 duo
1097 1804 1439 1858 Testamenta
1495 1803 1756 1858 crelorum
1797 1818 2020 1873 regnum

453 1897 685 1952 assecuti
737 1909 945 1957 sumus,
990 1892 1114 1946 vide
1158 1890 1324 1946 Vetus
1374 1904 1428 1946 et
1476 1881 1702 1946 Novum"
1729 1893 2020 1962 quemlibet

453 1985 837 2047 adhortantia,
911 1992 970 2037 ut
1034 1998 1132 2051 pro
1174 1981 1387 2050 iustitia
1443 1992 1500 2037 et
1550 1987 1768 2038 nomine
1821 1982 2022 2038 Christi

457 2080 746 2148 patiamur,
795 2085 850 2129 et
880 2090 976 2142 per
1005 2084 1287 2145 angustam
1315 2083 1369 2128 et
1401 2084 1608 2128 arctam
1641 2075 1762 2131 vitae
1793 2074 1937 2128 viam
1977 2075 2023 2106 “

455 2169 811 2226 ambulemus.
843 2165 908 2221 Et
941 2181 1005 2221 ex
1039 2167 1216 2222 Veteri
1249 2167 1463 2234 quidem
1505 2165 1854 2222 Testamento
1901 2167 2022 2222 audi

455 2262 810 2336 Sapientiam.
853 2277 974 2331 quae
1006 2261 1178 2316 dicit:
1219 2280 1238 2313 ι
1269 2261 1457 2331 Usque
1498 2261 1565 2316 ad
1605 2271 1831 2316 mortem
1881 2271 2026 2315 certa

454 2373 554 2428 pro
579 2355 808 2410 veritate
835 2353 903 2407 ⁸³.
937 2371 955 2404 ι
997 2349 1185 2407 Simile
1207 2353 1460 2422 quiddam
1487 2354 1539 2406 in
1574 2351 1746 2418 Novo,
1779 2353 1831 2406 in
1861 2352 2027 2406 Evan-

454 2447 606 2519 geliis
666 2446 791 2500 audi
845 2445 1022 2516 ipsum
1089 2444 1374 2499 Dominum
1443 2445 1760 2499 dicentem:
1803 2462 1820 2494 ι
1853 2443 2028 2498 Nolite

461 2540 651 2595 timere
682 2552 776 2593 eos
822 2541 912 2606 qui
943 2535 1202 2613 occidunt
1238 2551 1458 2605 corpus,
1506 2537 1701 2590 animae
1731 2550 1860 2589 vero
1893 2534 2027 2589 nihil

455 2640 679 2702 possunt
708 2628 886 2685 facere
914 2631 1016 2682 διδ
1049 2627 1183 2682 Λυάί
1210 2639 1389 2682 autem
1421 2636 1475 2680 et
1512 2626 1675 2681 Vetus
1705 2627 2027 2680 Testamen-

455 2735 568 2778 tum
600 2722 828 2776 dicens:
872 2739 891 2771 ι
920 2720 1115 2773 Audite
1157 2718 1378 2770 verbum
1423 2714 1656 2779 Domini,
1698 2716 1789 2784 qui
1827 2713 2027 2768 timetis

452 2815 673 2869 verbum
703 2812 854 2880 ejus;
889 2809 1070 2874 dicite,
1103 2805 1319 2862 Fratres
1341 2807 1535 2869 nostri,
1564 2806 1689 2860 odio
1707 2819 1802 2860 vos
1833 2805 2031 2860 haben-

455 2907 600 2961 tibus
629 2915 683 2958 et
711 2901 1149 2957 abominantibus
1185 2899 1253 2953 ⁸³.
1281 2917 1301 2950 ›
1341 2898 1416 2952 Ex
1460 2897 1766 2966 Evangeliis
1800 2912 1928 2952 vero
1957 2913 2022 2951 ex

454 3010 549 3050 ore
605 2993 774 3063 ipsius
841 2989 1052 3046 Domini
1105 2989 1227 3042 audi
1263 3003 1276 3040 :
1310 3006 1331 3038 ι
1365 2986 1581 3056 ι)ίίἱείιό
1613 2979 1877 3041 inimicos
1931 3002 2023 3040 ve-

454 3099 599 3141 stros
629 3084 712 3152 “;
745 3102 764 3136 ›
799 3091 857 3138 et
893 3096 1082 3136 rursus
1111 3097 1125 3134 :
1160 3097 1179 3131 ι
1210 3077 1518 3132 Benefacite
1559 3079 1640 3132 bis
1669 3078 1758 3146 qui
1797 3079 2027 3132 oderunt

455 3192 553 3232 vos
579 3175 646 3229 ⁸⁷.
679 3194 697 3226 ι
735 3172 792 3227 In
832 3172 953 3242 lege
977 3181 1154 3224 autem
1183 3169 1359 3223 simile
1384 3167 1511 3221 illud
1543 3185 1556 3221 :
1589 3184 1608 3218 ι
1634 3167 1688 3221 Si
1726 3167 2027 3223 obviaveris

453 3268 760 3338 jumentum
796 3263 999 3317 inimici
1035 3262 1106 3315 tui
1145 3261 1287 3330 quod
1318 3262 1525 3314 corruit
1549 3260 1648 3314 sub
1680 3274 1824 3317 onus
1845 3275 2024 3325 suum,

456 3373 562 3414 non
594 3365 905 3426 praetereas,
934 3352 1027 3408 sed
1061 3351 1229 3407 alleva
1263 3351 1394 3405 illud
1424 3352 1502 3417 ⁵³;
1533 3369 1551 3403 ι
1592 3349 1735 3420 quod
1771 3351 1910 3403 idem
1946 3359 2027 3404 est

456 3464 521 3504 ac
555 3445 684 3503 illud
717 3463 731 3500 :
768 3463 786 3497 ι
823 3444 1132 3500 Benel‘acite
1159 3443 1244 3498 bis
1277 3442 1370 3513 qui
1403 3442 1634 3496 oderunt
1663 3456 1775 3496 vos.
1803 3459 1822 3492 ι
1879 3437 2027 3494 Unus

455 3543 600 3598 enim
641 3549 696 3593 et
741 3538 880 3592 idem
917 3544 1001 3590 est
1041 3534 1338 3606 legislator,
1392 3534 1482 3604 qui
1533 3543 1797 3602 praecepta
1851 3535 1943 3585 dat
1975 3532 2028 3585 in

459 3644 690 3703 utroque
740 3631 1106 3685 Testamento.
1151 3627 1264 3683 Duo
1309 3626 1472 3696 igitur
1509 3628 1673 3680 ubera
1719 3626 1888 3693 ipsius
1923 3626 2028 3678 duo

457 3725 799 3796 appellantur
847 3721 1218 3785 Testamenta,
1272 3728 1437 3789 atque
1481 3734 1548 3773 ex
1599 3732 1705 3772 uno
1738 3715 2027 3771 immortali

457 3817 608 3871 fonte
628 3811 923 3884 spiritualis
951 3812 1103 3865 lactis
1125 3810 1452 3866 allluentiam
1474 3809 1744 3865 habentia.
1780 3808 2031 3876 Propter-

457 3924 522 3974 ea
563 3904 740 3978 qui,in
764 3903 1027 3959 caelorum
1057 3901 1361 3957 cubiculum
1387 3901 1612 3968 ingressi
1643 3909 1788 3965 sunt,
1816 3900 2026 3954 dicunt:

462 4017 483 4051 ι
515 3999 811 4067 Diligemus
859 3996 1024 4050 ubera
1061 4003 1150 4048 tua
1190 4009 1352 4062 super
1393 3995 1642 4046 viuum.)
1699 3992 1837 4058 Quid
1886 3991 2028 4045 enim

458 4088 592 4143 facit
630 4086 858 4142 vinum?
903 4084 1100 4141 Vinum
1138 4084 1427 4140 immodice
1465 4086 1719 4139 haustum
1780 4084 2032 4138 tenebras

457 4178 689 4235 offundit
743 4195 758 4233 :
807 4177 1082 4246 splendida
1158 4190 1288 4232 vero
1367 4175 1712 4230 Testamenta
1797 4183 2028 4227 mentem

2124 350 2347 418 ταμεῖον
2397 348 2552 415 δῆλον
2593 350 2675 401 ὅτι
2715 349 2931 419 πρῶτον
2973 352 3069 422 μὲν
3106 352 3168 406 τὸ
3217 354 3404 425 σῶμα,
3450 375 3468 406 ι
3510 351 3554 424 ᾧ
3583 360 3697 429 (74)

2124 439 2301 511 ἑαυτῷ
2331 440 2678 513 ᾠκοδόμησεν
2704 437 2853 495 οἷκον
2871 461 2884 474 ·
2925 461 2943 494 ι
2982 444 3173 500 ἔπειτα
3202 446 3257 500 δὲ
3292 449 3385 500 καὶ
3417 450 3450 519 ἡ
3478 449 3582 502 τῶν
3608 451 3701 503 οὐ·

2126 531 2302 603 ρανῶν
2348 533 2613 602 βασιλεία.
2661 534 2830 588 Ὅταν
2861 530 2956 588 οὖν
2996 535 3143 605 λέγει
3175 539 3204 591 ὁ
3243 540 3469 612 Σωτήρ·
3514 558 3534 592 ι
3574 543 3700 594 Μα-

2125 624 2305 695 κάριοι
2344 627 2391 676 οἰ
2439 624 2786 695 δεδιωγμένοι
2819 626 3002 680 ἕνεκεν
3034 628 3417 701 δικαιοσύνης,
3473 633 3554 685 ὅτι
3603 632 3704 686 αὐ-

2127 715 2234 767 τῶν
2270 715 2416 769 ἐστιν
2463 716 2496 786 ή
2531 716 2775 786 βασιλεία
2806 718 2914 771 τῶν
2961 718 3236 789 οὐρανῶν,
3275 738 3292 770 ο
3335 721 3561 786 εἰκότως
3605 723 3704 775 καὶ

2123 811 2429 876 ἀκολούθως
2464 813 2785 884 προείρηται
2823 813 2919 866 καὶ
2954 815 3090 884 αὐτὴ
3123 817 3155 882 ἡ
3191 816 3342 886 φωνή
3369 833 3380 845 ·
3416 810 3562 870 οὗτοι
3589 817 3702 889 γάρ

2122 903 2369 972 εἰσῆλθον
2393 903 2472 966 εἰς
2503 903 2601 973 τὴν
2633 902 2741 955 τῶν
2765 902 3008 974 οὐρανῶν
3034 903 3330 973 βασιλείαν.
3370 907 3702 977 Ἐπειδήπερ

2123 997 2219 1047 καὶ
2276 994 2430 1048 αὐτοὶ
2467 992 2798 1065 ἐδιώχθησαν
2846 994 3033 1049 ’ἑνεκεν
3067 995 3444 1066 δικαιοσύνης,
3486 996 3565 1049 διὸ
3604 998 3702 1050 καὶ⁵

2122 1085 2483 1154 ἀγαλλιῶνται
2538 1087 2594 1138 ὲν
2635 1083 2818 1155 αὐτῷ,
2862 1085 2956 1139 κα)⁸
2995 1085 3374 1156 εὐφραίνονται
3418 1086 3698 1154 λέγοντες*

2121 1193 2146 1228 ·ι
2191 1175 2670 1246 Ἀγαλλιασῶμεθα
2716 1176 2812 1229 καὶ
2839 1175 3232 1247 εὐφρανθῶμεν
3265 1174 3328 1229 ’ὲν
3368 1177 3468 1229 σοί.
3520 1195 3538 1228 ι
3571 1177 3705 1229 Βλέ-

2123 1285 2315 1331 ποντες
2347 1269 2444 1339 τὴν
2483 1267 2591 1320 τῶν
2622 1267 2854 1320 αἰωνίων
2889 1269 3092 1339 χαράν*
3130 1267 3420 1336 βλέποντες
3451 1269 3518 1322 τὰ
3557 1271 3705 1339 ἡτοι-

2126 1358 2378 1428 μασμένα
2404 1357 2509 1429 πρὸ
2546 1358 2850 1428 καταϐολῆς
2879 1357 3108 1428 κόσμου,
3141 1359 3236 1412 καὶ
3267 1359 3703 1428 ἀπαγγέλλοντες

2121 1451 2221 1512 τὰς
2246 1449 2574 1518 ἐπαγγελίας
2592 1489 2606 1513 ,
2633 1449 2815 1520 φασίν·

2194 1541 2268 1593 Z'.
2301 1539 2717 1607 Ἄγτιπήσωμεν
2739 1539 3009 1607 μαστούς
3038 1551 3154 1591 σου
3186 1536 3338 1607 ὑπὲρ
3368 1535 3552 1592 οἶνον.

2197 1630 2375 1700 Ὅπερ
2407 1629 2581 1682 ἐστίν’
2619 1630 3018 1698 ’Λγαπήσωμεν
3048 1629 3146 1692 τὰς
3177 1628 3269 1682 δύο
3298 1629 3590 1700 Διαθὴκας,
3625 1629 3695 1682 δι’

2122 1713 2196 1773 ὧν
2234 1722 2381 1790 ἡμᾶς
2411 1721 2439 1772 ὁ
2488 1720 2741 1790 βασιλεὺς
2776 1719 3206 1790 παιδαγωγήσας
3227 1761 3240 1785 ,
3270 1721 3349 1782 εἰς
3377 1719 3436 1772 τὸ
3474 1722 3700 1788 ταμεῖον

2122 1810 2382 1879 εἰσήγαγε
2410 1808 2469 1862 τὸ
2507 1808 2825 1880 ἐπουράνιον
2849 1825 2864 1838 ·
2899 1809 2979 1860 ὅτι
3003 1808 3107 1880 γάρ
3139 1808 3226 1860 διά
3254 1807 3363 1861 τῶν
3385 1807 3479 1861 δύο
3503 1808 3704 1879 Διαθη-

2123 1901 2233 1955 κῶν
2264 1900 2525 1970 ἐτύχομεν
2554 1900 2652 1970 τῆς
2682 1901 2933 1972 οὐρανίου
2958 1900 3255 1971 βασιλείας,
3290 1899 3453 1969 βλέπε
3481 1901 3575 1953 καὶ
3602 1900 3708 1970 τὴν

2124 1991 2363 2045 Παλαιὰν
2394 1991 2490 2045 καὶ
2521 1991 2617 2061 τὴν
2647 1993 2854 2064 Καινὴν
2878 1991 3156 2062 Διαθήκην
3181 1991 3552 2064 παρορμῶσαν
3574 1993 3710 2054 τοὺς

2127 2081 2482 2152 βουλομένους
2512 2080 2652 2151 ὑπὲρ
2682 2082 2780 2154 τῆς
2808 2081 3152 2152 δικαιοσύνης
3186 2082 3282 2135 καὶ
3306 2080 3400 2134 τοῦ
3437 2081 3712 2152 ὀνόματος

2124 2173 2215 2227 τοῦ
2244 2171 2482 2244 Χριστοῦ
2520 2173 2770 2242 πάσχειν,
2799 2173 2896 2226 καὶ
2922 2172 3020 2244 τὴν
3050 2172 3240 2236 στενὴν
3277 2174 3371 2226 καὶ
3408 2171 3713 2242 τεθλιμμέ-

2125 2281 2222 2334 νην
2251 2264 2368 2317 ὁδὸν
2394 2265 2493 2335 τῆς
2526 2263 2671 2334 ζωῆς
2706 2265 2936 2319 ὁδεύειν.
2969 2266 3079 2318 Καὶ
3113 2267 3176 2319 ὲκ
3213 2266 3311 2336 μὲν
3339 2266 3438 2336 τῆς
3461 2265 3712 2330 Παλαιοῖς

2125 2356 2224 2426 τὴν
2255 2355 2456 2424 Σοφίαν
2487 2356 2648 2409 ἄκουε
2681 2355 2944 2424 λέγουσαν
2963 2373 2977 2388 ’
3020 2375 3039 2406 ι
3073 2356 3217 2419 Ἕως
3240 2356 3472 2429 θανάτου
3501 2355 3674 2424 ἀγὼνι
3693 2385 3708 2398 -

2129 2464 2220 2500 σαι
2247 2447 2388 2519 ὑπὲρ
2411 2447 2510 2516 τῆς
2531 2447 2807 2516 ἀληθείας.
2845 2467 2862 2498 ι
2889 2447 2962 2500 Τὸ
2988 2449 3173 2517 ὅμοιον
3207 2451 3303 2502 καὶ
3322 2451 3380 2502 ἐν
3410 2453 3476 2520 τῇ
3504 2452 3704 2520 Καινῇ,

2128 2539 2187 2592 ὲν
2231 2541 2343 2601 τοῖς
2376 2537 2726 2606 Εὐαγγελίοις
2766 2538 2927 2592 αὐτὸν
2973 2539 3065 2592 τὸν
3099 2539 3301 2611 Κύριον
3335 2541 3586 2605 ὲνωτίζου
3614 2541 3704 2592 λέ-

2129 2644 2319 2696 γοντα·
2367 2647 2385 2678 ι
2427 2630 2517 2698 Μὴ
2554 2629 2827 2699 φοϐηθῆτε
2877 2629 2985 2682 ἀπὸ
3028 2629 3136 2684 τῶν
3181 2631 3610 2683 ἀποκτεινόντων
3642 2633 3704 2685 τὸ

2111 2720 2323 2789 σῶμα,
2375 2719 2473 2789 τὴν
2537 2719 2594 2772 δὲ
2644 2720 2820 2791 ψυχὴν
2890 2721 2964 2792 μὴ
3006 2723 3240 2793 ἐχόντων
3279 2740 3330 2774 τι
3372 2723 3611 2792 ποιῆσαι.
3676 2741 3694 2772 ι

2133 2810 2329 2863 ’Δκουε
2366 2810 2423 2863 δὲ
2455 2811 2550 2863 καὶ
2576 2811 2677 2881 τῆς
2719 2811 2964 2876 ΙΙαιλαιᾶς
2996 2811 3258 2884 λεγούσης
3280 2829 3293 2841 ο
3338 2831 3375 2863 ιι
3407 2811 3700 2865 Ἀκούσατε

2127 2901 2219 2953 τὸν
2261 2900 2417 2968 λόγον
2464 2901 2702 2971 Κυρίου,
2750 2904 2799 2956 οἱ
2852 2903 3146 2974 τρέμοντες
3199 2903 3257 2956 τὸ
3307 2904 3454 2975 ῥῆμα
3497 2903 3698 2958 αὐτοῦ·

2130 2992 2318 3043 εἴπατε
2366 2993 2476 3053 τοῖς
2522 2991 2773 3060 μισοῦσιν
2815 2992 2992 3063 ὑμᾶς·
3039 2992 3484 3063 ’Δδελφο“ιὴμῶν.
3543 3010 3562 3044 ι
3616 2991 3703 3046 Ἐν

2130 3082 2484 3152 Εὐαγγελίοις
2521 3083 2578 3136 δὲ
2611 3085 2674 3137 ἐκ
2711 3084 2803 3136 τοῦ
2835 3084 3166 3138 Δεσποτικοῦ
3203 3086 3464 3156 στόματος
3507 3085 3702 3139 ἄκουε·

2137 3193 2155 3226 ι
2205 3176 2480 3243 Ἀγαπᾶτε
2509 3176 2636 3239 τοὺς
2666 3175 2891 3246 ἐχθροὺς
2916 3177 3068 3247 ὐμῶν
3087 3195 3098 3207 ·
3137 3196 3154 3229 ο
3193 3178 3286 3231 καὶ
3318 3179 3477 3232 πάλιν
3499 3195 3511 3208 ο
3544 3195 3562 3228 ι
3591 3179 3706 3231 Κα-

2131 3265 2236 3329 λῶς
2262 3269 2463 3319 ποιεῖτε
2498 3269 2609 3329 τοῖς
2637 3266 2886 3337 μισοῦσιν
2919 3268 3031 3341 (75)
3065 3270 3208 3340 ὑμᾶς
3231 3288 3244 3302 ·
3281 3289 3300 3321 ι
3342 3271 3399 3322 ἐν
3429 3270 3486 3322 δὲ
3515 3268 3592 3340 τῷ
3622 3271 3707 3323 νό-

2135 3376 2220 3429 μῳ
2245 3357 2306 3410 τὸ
2333 3359 2545 3429 ὅμοιονο
2593 3376 2613 3410 ι
2671 3357 2796 3411 Ἐὰν
2819 3359 3157 3432 ’ἀπαντήσῃς
3189 3360 3266 3429 τῷ
3299 3359 3574 3430 ὑποζυγίῳ
3611 3359 3706 3413 τοῦ

2132 3448 2326 3520 ἐχθροῦ
2350 3465 2443 3501 σου
2473 3435 2779 3502 πεπτωκότι
2807 3450 2910 3502 ὑπὸ
2933 3450 3022 3503 τὸν
3045 3451 3211 3521 γόμον
3253 3451 3439 3513 αὐτοῦ,
3472 3452 3532 3504 οὐ
3564 3469 3704 3521 παρ-

2132 3541 2496 3613 ελεύσῃ,ἀλλὰ
2519 3544 2828 3611 συνεγερεῖς
2847 3542 2956 3610 (76)
2971 3542 3124 3597 αὐτό.
3169 3562 3188 3595 υ
3209 3573 3278 3581 —
3304 3560 3322 3593 ι
3363 3542 3556 3605 Καλῶς
3591 3542 3702 3611 (77)

2134 3636 2336 3686 ποιεῖτε
2362 3635 2473 3694 τοῖς
2505 3631 2749 3702 μισοῦσιν
2775 3633 2946 3702 ὑμᾶς·
2985 3651 3002 3685 ι
3042 3627 3123 3694 εἷς
3167 3631 3275 3703 γὰρ
3310 3632 3402 3685 καί
3430 3633 3590 3694 αὐτὸς
3619 3649 3702 3684 νοο

2137 3722 2368 3792 μοθέτης
2401 3721 2687 3792 ἑκατέραις
2714 3722 3018 3777 διετάττετο
3054 3722 3368 3808 Διαθῆκαις.
3395 3723 3498 3776 Δύο
3526 3722 3703 3776 τοίνυν

2137 3812 2332 3884 μαστοὶ
2374 3811 2538 3865 αὐτοῦ
2570 3814 2626 3866 αἰ
2671 3811 2763 3865 δύο
2819 3813 3109 3885 κέκληνται
3152 3813 3457 3884 Διαθῆκαισ
3506 3815 3601 3866 καὶ
3641 3816 3706 3867 ὲκ

2138 3902 2267 3972 μιᾶς
2297 3902 2396 3972 τῆς
2435 3900 2700 3955 ἀθανάτου
2745 3902 2928 3973 πηγῆς
2971 3902 3067 3974 τὴν
3109 3903 3368 3976 ὲπιρῤοὴν
3406 3901 3500 3955 τοῦ
3539 3919 3705 3955 πνευ-

2139 3991 2369 4061 ματικοῦ
2398 3993 2682 4060 ,γάλακτος
2726 3991 2964 4064 ἔχουσαι.
3008 3993 3098 4048 Διὸ
3138 3993 3386 4062 λέγουσιν
3425 3995 3473 4046 οἰ
3517 3995 3596 4054 εἰς
3645 3992 3706 4044 τὸ

2131 4084 2357 4152 ταμεῖον
2384 4082 2492 4137 τῶν
2515 4084 2756 4154 οὐρανῶν
2779 4084 3180 4155 εἰσεληλυθότες
3202 4101 3215 4113 ·
3249 4101 3267 4134 ι
3311 4083 3705 4152 Ἀγαπήσωμεν

2137 4171 2376 4243 μαστούς
2403 4189 2495 4225 σου
2527 4173 2665 4242 ὑπὲρ
2692 4169 2853 4226 οἶνον.
2893 4192 2912 4225 ι
2948 4172 3013 4226 Τί
3041 4173 3149 4244 γὰρ
3181 4175 3324 4225 ποιεῖ
3351 4168 3523 4236 οἷνος;
3554 4167 3706 4235 Οἷνος

455 4271 802 4337 ι·οιιίίι·ηιιιιιι,
829 4270 988 4324 Iidem
1015 4267 1312 4334 stabiliunt,
1338 4266 1560 4322 fundant
1582 4264 1648 4320 ad
1679 4279 1896 4335 regnum
1922 4277 2028 4318 coe-

2136 4263 2392 4335 ἀμέτρως
2421 4262 2603 4328 ποθεὶς
2631 4263 2892 4327 σκοτίζειο
2925 4265 2982 4316 αἰ
3007 4263 3062 4315 δὲ
3091 4263 3412 4332 φωταγωγοὶ
3442 4262 3708 4333 Διαθῆκαι

457 4363 649 4418 lorum.

525 4538 662 4595 VIII.
700 4537 974 4595 Rectiludo
1011 4538 1192 4592 dilexit
1219 4547 1283 4591 te.

532 4631 722 4688 Omnia
757 4632 977 4702 quidem
1019 4631 1319 4686 divinarum
1362 4625 1766 4694 Scripturarum
1811 4623 2026 4694 eloquia

533 4771 578 4803 ⁸ο
601 4772 758 4825 Prov.
785 4787 863 4830 Ix.
903 4771 953 4823 l.

459 4843 505 4878 “
540 4841 728 4896 Matth.
758 4857 812 4909 ν,
845 4840 936 4894 Η.
1014 4837 1058 4867 ⁸⁷
1089 4837 1218 4890 ibid.
1324 4834 1369 4866 ⁸⁸
1395 4833 1565 4889 Exod.
1602 4851 1757 4903 χχιιι,
1789 4836 1841 4894 5.

536 4955 649 5029 (75)
677 4956 878 5029 Locum
901 4953 1137 5029 hung
1167 4948 1388 5029 ll’lhilone
1411 4950 2042 5029 alfertpqsmaslndico-
2083 4947 2087 4950 ’

462 5017 813 5100 plettst'es_lib.
832 5039 884 5100 ξ,
909 5036 960 5089 p.
978 5020 1082 5100 59D
1097 5017 1313 5100 collect.
1341 5038 1485 5076 nova:
1513 5021 1624 5081 I’l’.
1641 5022 1896 5100 βναίεονη
1916 5035 1955 5078 ι.
1975 5025 2037 5078 ll.

541 5098 656 5166 (Ἠ)
688 5095 807 5166 Yet.
844 5088 1039 5159 interp.
1065 5089 1416 5166 ίςείιβηιιεο
1440 5095 1683 5166 agnoscit
1713 5088 1884 5166 οἷκον.

677 5165 845 5236 Sacer
869 5170 1043 5236 textus
1065 5159 1637 5236 Maltbmihabetzobc
1665 5161 1977 5236 μισοῦντας.

535 5230 646 5305 (76)
677 5233 769 5287 Sic
828 5230 1132 5305 emendavi.
1188 5231 1413 5305 Codices
1437 5230 1721 5305 ‘cor‘rupte
1775 5232 2035 5305 exhibent

467 5299 806 5374 ωναγερείς.
831 5300 1006 5374 Locus
1031 5309 1206 5374 autem
1238 5301 1326 5374 hic
1353 5302 1403 5355 in
1437 5299 1621 5374 Bibliis
1647 5301 1929 5374 impressis
1959 5299 2032 5354 ita

467 5368 695 5443 legitur}
729 5372 855 5443 Ἐὰν
877 5369 931 5443 δὲ
950 5369 1064 5442 ἴδῃς
1083 5369 1143 5443 τὸ
1161 5370 1451 5443 ὑποζύγιον
1474 5368 1689 5443 τοῦμὲχθ
1699 5370 1789 5443 ροῦ
1813 5387 2032 5443 πεπτωέ

467 5438 564 5505 κδς
598 5440 703 5494 ὐπὸ
735 5440 824 5494 τὸν
851 5438 1033 5508 γόμον
1059 5439 1246 5511 αὐτοῦ,
1270 5443 1329 5492 οὐ
1357 5438 1668 5511 παρελεύση
1699 5438 1867 5505 ἀύτὸ,
1897 5439 2033 5494 ἀλλὰ

466 5514 719 5580 συναρεῖς
742 5511 873 5565 αὐτὸ
895 5511 1008 5580 μετ’
1036 5510 1219 5579 αὐτοῦ.

537 5579 651 5642 ιΠ)
688 5583 828 5638 Ante
861 5579 1038 5642 καλῶς
1070 5581 1278 5637 videtur
1300 5581 1498 5650 aliquid
1529 5579 1734 5640 deesse.
1759 5579 1920 5637 Vetus
1948 5581 2032 5636 in-

2139 4353 2452 4423 στηρίζουσι
2478 4353 2539 4406 τὸ
2569 4353 2841 4424 φρόνημα,
2869 4353 3145 4426 στερεοῦσι
3178 4353 3287 4425 (78)
3317 4354 3520 4421 πίστιν,
3543 4354 3706 4424 θεμε-

2135 4443 2339 4497 λιοῦσιν
2367 4445 2446 4507 εἰς
2470 4444 2568 4514 τὴν
2597 4444 2839 4515 οὐρανῶν
2870 4443 3164 4515 βασιλείαν.

2208 4539 2290 4590 II'.
2326 4536 2598 4605 Εὐθύτης
2627 4535 2906 4605 ἠγάπησά
2937 4553 3030 4590 σε.

2204 4629 2411 4692 Πάντες
2445 4629 2544 4699 μὲν
2580 4628 2629 4680 οἰ
2666 4628 2775 4681 τῶν
2814 4627 2972 4682 θείων
2998 4629 3229 4700 Γραφῶν
3258 4628 3424 4696 λόγοι,
3459 4625 3552 4679 καὶ
3580 4623 3708 4678 ταύ-

1029 4768 1072 4798 ⁸¹
1109 4765 1296 4821 Matth.
1322 4763 1541 4836 _v,_lO.i
1584 4764 1629 4796 δ’
1659 4764 1846 4820 Matth.
1891 4782 1988 4833 vn,
2023 4785 2028 4824 τ

2134 4785 2141 4794 ε
2187 4769 2232 4801 ⁸³
2259 4768 2425 4824 Eccli.
2451 4784 2526 4836 IV,
2553 4767 2645 4822 28.
2718 4769 2764 4800 δ’
2797 4767 2987 4821 Matth.
3025 4783 3078 4832 ι,
3103 4767 3191 4822 28.
3266 4765 3312 4798 “
3339 4764 3439 4820 Isa.
3477 4781 3621 4832 LXVI.
3653 4766 3706 4820 5.

2137 4962 2354 5022 ίιεινρτθε
2380 4951 2456 5006 ait
2482 4967 2496 5003 :
2527 4970 2545 5022 ι
2573 4949 2708 5017 Quid
2733 4958 2816 5022 est
2847 4947 2937 5022 h_i_c
2967 4949 3109 5004 aliud
3155 4948 3257 5022 nisi
3296 4947 3446 5022 illud,
3484 4946 3708 5022 Benefa-

2146 5017 2317 5085 cite,»
2370 5032 2477 5075 etc.
2521 5021 2589 5074 At
2641 5035 2671 5072 a
2722 5021 2841 5073 cod.
2876 5018 2917 5071 Τ
2925 5021 3066 5073 heat.
3118 5021 3312 5072 absunt
3365 5019 3500 5080 hzec,
3532 5017 3708 5078 καλῶς

2147 5094 2351 5145 ποιεῖτε
2389 5093 2500 5152 τοῖς
2533 5088 2780 5160 μισοῦσιν
2804 5089 2983 5160 ὐμᾷς.
3013 5089 3117 5160 Sed
3149 5099 3273 5160 post
3295 5088 3379 5142 illa
3405 5090 3708 5158 ωνεγερείς

2145 5162 2276 5216 αὐτό
2309 5158 2863 5229 εειιυὶιιιηίῌκαὶγὰρ
2885 5158 2912 5209 ὁ
2928 5158 3091 5221 αὐτὸς
3121 5159 3436 5229 νομοθέτης,
3454 5174 3568 5225 quae
3593 5173 3707 5210 cor-

2149 5240 2302 5300 rupta
2316 5223 2442 5300 sunt
2459 5244 2573 5300 pro,
2592 5223 2672 5292 εἷς
2691 5223 2799 5300 γὰρ
2828 5223 2919 5300 καὶ
2941 5229 3101 5300 αὐτὸς
3123 5223 3436 5300 νομοθέτης.
3450 5223 3710 5300 Caeterum

2144 5303 2196 5354 in
2215 5296 2474 5355 'versioue
2521 5299 2641 5354 ideo
2691 5296 2867 5354 addidi
2899 5315 2914 5352 :
2941 5317 2958 5350 ι
2987 5297 3138 5364 Quod
3173 5296 3311 5352 idem
3337 5296 3417 5351 est
3441 5311 3503 5348 ac
3542 5296 3708 5349 illud:

2143 5367 2514 5433 Benefacite,»
2567 5379 2699 5436 etc.,
2742 5377 2800 5423 ut
2838 5368 2976 5422 bene
3021 5368 3328 5436 coluereant
3367 5380 3428 5436 ea
3464 5380 3582 5434 qua:
3625 5379 3712 5420 se-

2143 5449 2381 5508 quuntur
2415 5454 2428 5490 :
2463 5457 2480 5490 ι
2508 5437 2657 5495 Unus
2683 5434 2830 5492 enim
2873 5451 2926 5508 et
2952 5437 3090 5492 idern
3121 5446 3203 5508 est
3229 5434 3525 5508 legislator,
3555 5453 3571 5485 ι
3605 5445 3711 5488 etc.

2212 5508 2322 5579 (78)
2355 5507 2430 5561 Ex
2464 5507 2648 5566 Vallic.
2687 5507 2902 5579 reposui
2944 5505 3239 5575 στερεοῦσι.
3291 5505 3452 5561 Barb.
3481 5514 3533 5559 et
3563 5520 3713 5560 meus

2143 5577 2472 5649 στηρίζουσι.
