4048 6212
494 245 562 302 Π
791 239 794 244 ’
1622 239 1943 298 PHILUNIS
1983 241 2064 297 ΕΡ

2171 241 2291 299 lOPl
2330 241 2645 300 (ΒΑΜ)ΑὸΙί
3659 241 3728 294 48

493 376 666 422 torum
701 380 942 424 meorum
966 365 1275 435 -nigrorem,
1312 363 1455 432 quod
1481 360 1697 432 oblique
1718 377 1812 418 me
1836 378 2063 434 aspexe-

2173 365 2450 436 μελανίας,
2475 367 2556 418 ὅτι
2581 364 2888 436 παρέόλεψέ
2921 383 2989 436 με
3019 361 3274 434 Χριστὸς.
3354 361 3448 432 τῆς
3471 359 3732 414 δικαιοσύ-

493 457 839 514 rit-Christus
872 456 1098 526 iustitiae
1145 454 1245 513 sol.
1277 453 1350 508 -Si
1379 455 1523 508 enim
1551 453 1803 509 sensibile
1836 463 1981 509 esset
2010 453 2063 508 id

493 549 560 602 de
584 563 693 620 quo
721 561 900 604 sermo
925 558 1029 613 est,
1060 556 1114 600 et
1138 545 1206 599 de
1235 546 1349 600 sole
1374 544 1685 614 aspectabili
1729 543 2063 613 loqueretur,

486 655 603 696 uon
635 641 858 704 diceret,
913 657 932 689 ι
962 637 1187 706 Oblique
1231 649 1316 690 me
1350 635 1438 689 hic
1466 633 1545 689 sol
1577 635 1786 704 aspexit
1813 654 1826 690 :
1856 654 1876 688 ι
1919 651 2063 700 nam,

495 731 590 802 qui
624 732 678 786 in
712 731 900 785 umbra
925 728 1364 795 alti'educatique
1385 735 1527 791 sunt,
1557 727 1740 796 potius
1760 727 2060 784 albescunt.

485 823 589 878 .llla
647 830 826 876 autem
886 829 1009 874 ante
1045 820 1200 873 tidem
1250 818 1302 872 in
1348 832 1548 872 vesano
1603 817 1866 873 idolorum
1918 817 2064 873 cultu

487 923 731 977 wet-sata,
780 919 836 967 et
889 911 959 966 ab
1003 909 1223 978 iustitiae
1267 907 1380 963 sole
1439 909 1786 963 transversim
1823 919 2064 978 aspecta,

488 1007 644 1059 lfusca
683 1003 822 1057 facta
855 1010 962 1065 est,
997 1001 1168 1055 donec
1202 1017 1235 1051 η(
1264 997 1542 1068 speciosus
1584 997 1754 1052 forma
1791 1013 1904 1068 pra:
1937 998 2063 1053 liliis

495 1095 772 1150 hominum
810 1092 857 1125 “
887 1110 906 1144 ι
965 1092 1183 1145 veniens
1209 1090 1499 1160 «impressit
1541 1090 1593 1144 in
1656 1102 1720 1142 ea
1763 1103 1860 1158 per
1886 1087 2064 1158 bapti-

503 1201 676 1239 smum
713 1181 1164 1252 pulchritudinem
1194 1177 1831 1248 suam‘,quemadmodum
1857 1179 1933 1232 ait
1960 1179 2067 1232 Da-

499 1277 582 1330 vid
618 1295 631 1331 :
669 1274 991 1342 «Signatum
1051 1281 1136 1326 est
1184 1271 1237 1325 in
1302 1270 1458 1325 nobis
1506 1270 1681 1324 lumen
1734 1269 1915 1324 vultus
1966 1269 2063 1334 tui,

501 1367 722 1422 Domine
767 1365 811 1397 ⁵⁸
840 1380 854 1429 ;
888 1381 906 1415 ν
936 1371 990 1416 et
1042 1376 1233 1417 rursus
1284 1360 1416 1416 alibi
1449 1377 1464 1414 :
1500 1377 1520 1413 ι
1551 1360 1618 1414 Et
1665 1359 1771 1414 erit
1813 1358 2064 1431 splendor

497 1457 706 1514 Domini
741 1455 834 1511 Dei
864 1455 1032 1511 nostri
1071 1467 1362 1524 supermos
1385 1452 1452 1507 ".
1481 1469 1504 1505 ι

559 1655 705 1712 Xlll.
747 1653 878 1710 Filii
914 1653 1096 1708 matris
1133 1669 1261 1708 meae
1299 1663 1656 1725 pugnaverunt
1695 1653 1748 1708 in
1792 1670 1893 1708 me.

2173 472 2271 526 νης
2301 456 2330 507 ὀ
2350 454 2519 524 ἥλιος.
2553 455 2617 507 El
2656 454 2766 525 γὰρ
2805 452 3060 524 αίσθητδν
3098 449 3211 523 (90)
3244 444 3312 520 ἦν
3360 448 3422 500 τὸ
3452 446 3736 517 λεγόμενον

2174 547 2268 598 καὶ
2291 547 2420 617 περὶ
2443 545 2632 599 τούτου
2666 544 2760 597 τοῦ
2793 544 2942 614 ἡλίου
2968 539 3036 614 ἦν
3069 541 3128 594 τὸ
3164 538 3510 610 λαλούμενον,
3542 537 3640 591 οὐκ
3672 537 3738 590 ἂν

2174 633 2358 702 ἔλεγεν
2381 673 2394 698 ,
2416 635 2498 688 ὃτι
2534 633 2877 706 ιΠαρέόλεψέ
2914 651 2982 704 με
3003 635 3032 686 ὁ
3047 632 3196 703 ἣλιος
3225 622 3380 693 οὗτος
3397 645 3412 660 ο
3428 647 3447 680 ι
3470 626 3607 682 ἀλλά
3629 628 3738 697 (91)

2178 727 2378 798 μᾶλλον
2427 730 2476 782 oi
2552 730 2680 799 σκιᾷ
2740 727 3096 799 τροφούμενοι
3157 723 3290 793 (92)
3347 720 3734 774 λευκαίνονται.

2185 818 2398 889 Ἐκείνη
2425 817 2483 872 δὲ
2508 819 2565 871 ὲν
2595 821 2714 882 ταῖς
2741 819 2848 871 τῶν
2879 817 3109 872 είδώλων
3129 809 3491 882 ἐξεταζομένη
3527 807 3742 880 μανίαις

2174 908 2281 979 πρὸ
2305 909 2404 979 τῆς
2433 909 2688 974 πίστεως,
2712 910 2806 962 καὶ
2839 909 2944 962 ὑπὸ
2974 906 3068 962 τοῦ
3090 907 3187 976 τῆς
3214 902 3560 973 δικαιοσύνης
3590 897 3742 970 ἡλίου

2176 1000 2576 1072 παρεωραμένη
2640 1001 2851 1072 ὑπῆρχε
2904 997 3362 1070 μεμελανωμὲνηο
3422 994 3527 1056 ’ἐως
3562 986 3623 1046 οῦ
3667 1008 3686 1042 ι
3713 992 3743 1043 6

2172 1090 2370 1163 ὡραῖος
2384 1091 2566 1146 κάλλει
2593 1092 2744 1162 παρά
2765 1092 2890 1154 τοὺς
2912 1091 3059 1153 υἱοὺς
3073 1087 3178 1142 τῶν
3201 1084 3502 1157 ἀνθρώπων
3531 1102 3552 1135 ο
3571 1097 3737 1152 παραι-

2171 1183 2484 1254 γενόμενος,
2522 1184 2584 1238 τὸ
2626 1183 2818 1237 ἑαυτοῦ
2865 1182 3062 1245 κάλλος
3106 1180 3194 1236 διὰ
3233 1178 3327 1233 τοῦ
3373 1176 3744 1247 βαπτίσματος

2173 1275 2590 1329 ὲναπετύπωσεν
2623 1277 2703 1338 είς
2739 1276 2936 1347 αὑτήν·
2987 1271 3172 1336 καθὼς
3195 1271 3289 1325 καὶ
3326 1269 3490 1322 Δαοῖιδ
3519 1267 3742 1338 φάσκεν

2178 1386 2197 1420 ι
2248 1367 2591 1438 Ἐσημειώθη
2621 1369 2705 1437 ἐφ’
2746 1368 2896 1438 ἡμᾶς
2923 1364 2984 1420 τὺ
3013 1365 3127 1434 φῶς
3164 1362 3258 1416 τοῦ
3299 1358 3592 1432 προσώπου
3626 1372 3742 1418 σου,

2171 1457 2345 1531 Κύριε
2364 1477 2379 1492 ο
2415 1477 2435 1511 ι
2470 1460 2564 1514 καὶ
2585 1458 2818 1528 ἀλλαχοῦ
2852 1458 3014 1511 πάλιν
3033 1471 3046 1486 ο
3087 1475 3104 1506 ι
3133 1455 3244 1507 Kal.
3272 1455 3411 1506 έστω
3434 1453 3470 1523 ὴ
3503 1447 3749 1521 λαμπρό-

2172 1568 2272 1623 της
2290 1551 2503 1624 Κυρίου
2533 1549 2628 1604 τοῦ
2653 1550 2787 1604 Θεοῦ
2813 1550 2968 1621 ἡμῶν
2996 1548 3082 1618 ἐφ’
3110 1547 3274 1619 ἡμᾶς.
3315 1564 3333 1597 ι

2244 1663 2343 1718 ﬂ".
2380 1663 2499 1717 Υἱοὶ
2521 1663 2750 1732 μητρός
2772 1679 2892 1731 μου
2917 1659 3288 1740 ἐμαχέσςαντο
3322 1657 3393 1710 ἐν
3417 1654 3570 1724 ἐμοί.

560 1749 731 1806 Filios
781 1748 968 1803 matris
1017 1760 1127 1800 suae
1170 1747 1407 1801 arbitror
1454 1747 1632 1801 dicere
1657 1746 1928 1815 sapientes
1962 1758 2064 1801 cae-

2245 1753 2408 1818 Υἱοῦς
2434 1754 2636 1826 μητρὸς
2651 1754 2822 1825 αὐτῆς
2849 1749 3000 1823 οἶμαι
3020 1734 3146 1814 τοὺς
3170 1749 3365 1819 σοφοὺς
3384 1748 3484 1816 τῆς
3512 1747 3750 1815 ἐπουραο

501 1842 652 1896 lestis
689 1841 837 1912 regni
877 1840 1052 1903 illius,
1088 1836 1376 1907 apostolos.
1415 1836 1486 1892 Ut
1542 1846 1722 1892 autem
1776 1837 2076 1893 luculenter

499 1937 898 1989 demonstretur
943 1941 1218 1986 strenuam
1272 1937 1327 1984 et
1368 1929 1648 1999 pulchram
1693 1943 1924 1998 pugnam
1979 1945 2076 1998 pa-

501 2038 617 2077 rere
645 2038 860 2098 pacem,
897 2021 1182 2088 zelumque
1221 2017 1404 2074 alliare
1449 2019 1686 2074 divinum
1710 2060 1725 2084 ,
1787 2020 1906 2075 vide
1947 2020 2073 2090 quid

501 2103 695 2171 Paulus
723 2115 865 2169 dicat
892 2133 906 2170 :
935 2131 954 2166 ι
985 2114 1103 2168 Dixi
1135 2113 1330 2182 Cephte
1355 2151 1370 2177 ,
1409 2131 1428 2163 ι
1462 2111 1666 2180 inquit,
1699 2130 1718 2164 ι
1751 2126 1932 2166 coram
1958 2127 2074 2166 om-

491 2205 656 2261 nibus
685 2223 698 2259 :
736 2205 792 2258 Si
832 2214 884 2258 tu
915 2202 1276 2259 cumJudwus
1308 2202 1416 2266 sis,
1450 2201 1726 2272 gentiliter
1751 2213 1806 2257 et
1839 2218 1942 2257 non
1977 2201 2074 2258 Ju-

499 2293 854 2347 ulaice‘vivere
889 2291 1164 2347 instituisti
1198 2300 1418 2360 propter
1445 2289 1716 2345 Christum
1746 2301 1801 2346 et
1828 2292 2065 2345 aedifica-

498 2380 698 2436 tionem
743 2380 1008 2446 ﬁdelium,
1044 2395 1143 2435 cur
1187 2389 1375 2448 gentes
1415 2379 1567 2449 cogis
1611 2379 1895 2446 judaizare
1920 2381 2018 2434 l"1'
2046 2399 2065 2432 ι

498 2475 813 2546 Hujusmodi
866 2473 1146 2544 paciﬁcam
1199 2487 1508 2542 pugnavere
1562 2487 1798 2543 pugnam
1852 2474 1904 2528 in
1955 2489 2064 2538 ea;

496 2578 780 2637 propterea
819 2566 952 2622 dicit
986 2582 1003 2621 :
1043 2580 1063 2616 ι
1093 2563 1226 2617 'Filii
1266 2564 1456 2618 matris
1507 2577 1642 2618 meas
1692 2573 2072 2634 pugnaverunt

499 2661 553 2716 in
591 2675 693 2715 me.
727 2679 746 2713 ι

566 2771 708 2828 XIV.
753 2772 1047 2827 Posuerunt
1083 2787 1166 2826 me
1204 2768 1472 2826 custodem
1517 2769 1573 2822 in
1611 2768 1790 2822 vineis.
1855 2765 2068 2820 Vineam

497 2876 666 2914 meam
707 2876 812 2913 non
847 2860 1122 2913 custodivi.

577 2951 740 3006 Vinea
781 2950 1021 3019 pluribus
1045 2951 1181 3006 locis
1220 2951 1276 3005 in
1316 2947 1490 3006 sacris
1529 2945 1824 3016 Scripturis
1865 2948 2066 3017 scripta

2175 1843 2287 1900 νίου
2323 1845 2596 1916 βασιλείας
2629 1846 2799 1908 υἱοὺς,
2825 1843 2952 1906 τοὺς
2977 1841 3306 1902 ἀποστόλους
3335 1833 3749 1906 λέγειν.“1ναδδ

2175 1936 2488 2006 σαφέστατα
2513 1935 2695 2006 δειχθῇ
2729 1934 2840 2006 (93)
2871 1919 3080 2004 ἀγαθήν
3125 1947 3184 1984 τε
3217 1930 3310 1984 καὶ
3362 1927 3536 1998 καλὴν
3568 1925 3750 1996 μάχην

2173 2024 2268 2080 καὶ
2298 2025 2518 2096 εἰρήνης
2546 2021 2916 2093 παρεκτικὴν,
2961 2020 3058 2074 καὶ
3093 2018 3254 2090 ζήλου
3287 2016 3632 2088 ἐμπνέουσαν
3661 2014 3751 2066 ἒν-

2175 2116 2321 2182 θέου,
2366 2115 2527 2186 βλέπε
2549 2115 2602 2167 τί
2636 2113 2846 2177 Παῦλος
2875 2113 3050 2182 λέγει·
3086 2129 3104 2162 ι
3147 2107 3494 2180 Ἐμπροσθεν
3525 2108 3750 2160 πάντων

2173 2206 2323 2262 εἷπον
2359 2208 2438 2278 τῷ
2467 2208 2632 2278 Κηφᾷ
2655 2223 2667 2236 ·
2707 2208 2770 2259 Ei
2811 2205 2874 2260 σὺ
2911 2204 3157 2268 Ἰουδαῖος
3183 2203 3463 2274 ὑπάρχων,
3485 2188 3749 2262 ἐθνικῶς,

2172 2301 2264 2354 καὶ
2301 2301 2399 2354 οὐκ
2434 2299 2756 2363 Ἰουδαϊκῶς,
2787 2298 2885 2370 ζῇν
2914 2297 3222 2369 προῄρησαι
3261 2295 3372 2366 (94)
3393 2293 3480 2346 διὰ
3506 2291 3752 2364 Χριστὸν

2171 2395 2265 2445 καὶ
2297 2392 2394 2462 τὴν
2419 2390 2703 2461 οἰκοδομὴν
2732 2389 2840 2443 τῶν
2857 2389 3084 2451 πιστῶν,
3118 2386 3234 2450 πῶς
3254 2385 3322 2438 τὰ
3350 2384 3478 2454 ἔθνη
3498 2384 3754 2454 ἀναγκά-

2173 2479 2284 2543 ζεις
2329 2478 2640 2542 ίουδαῒζειν;
2685 2496 2702 2528 ι
2743 2477 3009 2548 Τοιαύτην
3052 2476 3334 2548 εἰρηνικὴν
3406 2477 3752 2546 ἐμαχέσαντο

2175 2572 2353 2641 μάχην
2382 2571 2439 2622 ὲν
2470 2571 2608 2641 αὐτῇ
2637 2587 2650 2602 ο
2684 2570 2765 2622 διδ
2792 2569 2974 2637 λέγει’
3006 2586 3022 2619 ι
3069 2568 3186 2621 Υἱοὶ
3214 2567 3420 2638 μητρός
3461 2584 3567 2637 μου
3609 2568 3748 2636 ἐμα-

2169 2663 2393 2734 χέσαντο
2418 2663 2475 2716 ὲν
2499 2661 2640 2732 ἐμοί.
2673 2680 2691 2713 ι

2239 2776 2337 2828 IA'.
2370 2777 2618 2828 Ἐθεντό
2635 2793 2712 2845 με
2735 2775 3130 2846 φυλάκεσσαν
3151 2774 3222 2828 ἐν
3255 2773 3599 2844 ἀμπελῶσιο
3637 2772 3748 2827 τὸν

2168 2865 2486 2935 ἀμπελῶνα
2516 2866 2624 2938 (95)
2647 2868 2794 2936 ἐμὸν
2824 2869 2935 2921 οὐκ
2956 2867 3245 2937 ἐφύλαξα.

2251 2957 2534 3028 Ἀμπελὼν
2600 2958 3012 3030 ἀναγέγραπται
3075 2957 3314 3027 πολλαχῆ
3363 2955 3460 3027 μὲν
3510 2957 3570 3010 ὲν
3623 2957 3748 3018 ταῖς

504 3045 794 3115 reperitur.
831 3040 1079 3096 Breviter
1110 3040 1393 3096 dicendum
1429 3048 1512 3094 est
1538 3037 1905 3107 evangelicum
1938 3035 2064 3090 illud

2171 3046 2342 3110 θείαις
2364 3047 2606 3118 Γραφαῖς
2625 3063 2638 3077 ·
2671 3048 2727 3099 ὲν
2756 3049 2989 3119 ἐπιτομῇ
3017 3047 3072 3100 δὲ
3097 3044 3312 3100 λεκτέον
3353 3046 3412 3100 τὸ
3461 3045 3748 3116 εὐαγγελι-

501 3134 714 3189 Domini
767 3135 832 3188 de
882 3135 948 3188 iis
979 3134 1069 3203 qui
1129 3148 1232 3188 non
1285 3133 1415 3187 dant
1463 3130 1708 3194 fructus,
1757 3129 1822 3183 iis
1861 3127 1950 3198 qui
1992 3126 2068 3200 (a

501 3222 927 3290 patreiamilias)
988 3221 1134 3276 missi
1189 3221 1404 3276 fuerunt
1449 3236 1462 3274 :
1517 3235 1535 3269 ι
1568 3215 1758 3271 Veniet
1820 3215 2068 3271 dominus

497 3314 701 3377 vineas,
747 3323 803 3368 et
858 3312 1028 3367 malos
1079 3312 1218 3367 male
1268 3313 1454 3382 perdet
1507 3309 1695 3379 ipsos,
1749 3317 1804 3362 et
1858 3308 2068 3362 vineam

503 3404 701 3458 locabit
731 3403 852 3458 aliis
886 3402 1138 3472 agricolis
1169 3403 1260 3474 qui
1311 3402 1536 3456 reddent
1582 3399 1787 3454 fructus
1833 3409 2070 3468 tempore

499 3511 598 3550 suo
633 3495 702 3550 ⁸⁸.
741 3513 762 3548 ι
812 3495 1115 3550 Conﬁrmat
1175 3504 1354 3550 autem
1417 3491 1672 3548 Dominus
1727 3491 1966 3558 dictum,
2017 3500 2072 3548 et.

498 3586 682 3640 subdit
719 3586 903 3640 dicens
936 3587 1004 3638 ad
1039 3599 1174 3641 eos:
1216 3601 1235 3635 ι
1271 3583 1560 3638 Auferetur
1592 3596 1620 3634 a
1658 3581 1812 3636 vobis
1837 3593 2068 3650 regnum

501 3675 592 3729 Dei
627 3674 698 3731 ”.
737 3693 757 3728 ι
820 3672 1021 3728 Deinde
1071 3673 1306 3744 loquitur
1336 3674 1425 3727 -de
1472 3673 1573 3727 hac
1625 3685 1848 3742 sponsa,
1907 3685 2068 3740 quam

499 3765 647 3819 novit
693 3765 746 3819 in
791 3764 1037 3819 Canticis
1083 3764 1420 3819 canticorum
1476 3777 1597 3817 cum
1649 3776 1707 3815 se
1748 3760 1864 3828 ipso
1899 3759 2066 3814 collo-

497 3857 682 3925 quium
721 3839 922 3912 liabere
955 3873 969 3910 :
1005 3874 1023 3908 ι
1061 3855 1126 3910 Ει
1158 3855 1374 3909 dabitur
1409 3855 1556 3924 genti
1597 3851 1815 3906 facienti
1855 3849 2068 3905 fructus

496 3949 613 4018 ejus
645 3949 714 4004 '°.
746 3967 766 4001 ι
798 3948 920 4004 Haec
973 3948 1041 4002 ab
1092 3947 1350 4018 apostolis
1403 3947 1622 4016 ponitur
1672 3944 1724 3998 in
1788 3944 1890 3998 hac
1944 3943 2066 3998 ﬁdei

498 4041 652 4094 vinea
709 4050 892 4094 custos
953 4037 1160 4093 fructus
1224 4038 1422 4093 multos
1486 4049 1735 4092 racemos
1795 4034 2063 4089 habentis.

502 4147 521 4180 ι
557 4129 864 4184 Posucrunt
905 4145 990 4183 me
1016 4129 1294 4184 custodem
1335 4127 1388 4180 in
1427 4127 1602 4180 vinea.
1636 4127 1655 4178 ὁ
1693 4123 1897 4179 Deinde
1930 4138 2062 4178 con-

497 4221 784 4278 fessionem
882 4236 1036 4276 suam
1097 4219 1318 4288 exponit
1379 4214 1683 4271 Judatorum
1754 4229 2060 4286 synagoga,

495 4312 718 4382 ipsaque
767 4312 989 4377 fatetur,
1043 4324 1101 4364 se
1146 4325 1174 4363 a
1218 4307 1419 4362 Judaeis
1450 4307 1517 4362 ad
1561 4315 1803 4360 sanctam
1850 4306 2063 4360 venisse

2171 3137 2266 3192 κον
2298 3139 2475 3192 έκεῖνο
2500 3138 2704 3210 Κυρίου
2747 3137 2859 3210 (96)
2890 3139 3018 3210 περὶ
3061 3137 3167 3191 τῶν
3207 3137 3280 3209 μὴ
3319 3136 3570 3192 διδόντων
3619 3137 3750 3200 τοὺς

2171 3229 2419 3299 καρποὺς
2453 3231 2564 3292 τοῖς
2608 3229 3020 3282 ἀποσταλεῖσιν·
3059 3247 3077 3280 ι
3135 3228 3442 3281 Ἐλεύσεται
3475 3228 3503 3280 ὁ
3558 3226 3754 3301 κύριος

2169 3317 2263 3371 τοῦ
2290 3319 2632 3388 ἀμπελῶνος,
2665 3320 2759 3372 καὶ
2781 3321 2984 3382 κακοὺς
3007 3319 3193 3382 κακῶς
3222 3319 3478 3372 ἀπολέσει
3511 3319 3714 3384 αύτούς
3733 3333 3748 3349 ⁸

2171 3409 2264 3462 καὶ
2292 3410 2382 3462 τὸν
2402 3409 2702 3480 ἀμπελῶνα
2745 3407 3041 3462 ἐκδώσεται
3087 3407 3268 3471 ἄλλοις
3299 3411 3584 3479 γεωργοῖς,
3616 3408 3760 3462 οἵτι-

2172 3515 2260 3561 νες
2297 3497 2526 3551 δώσουσι
2567 3500 2693 3561 τοὺς
2731 3499 2979 3569 καρποὺς
3003 3500 3060 3550 ὲν
3094 3501 3206 3560 τοῖς
3238 3501 3450 3569 καιροῖς
3475 3497 3682 3551 αὐτῶν.
3724 3517 3745 3551 ι

2181 3587 2240 3639 '0
2282 3587 2336 3639 δὲ
2381 3585 2583 3656 Κύριος
2630 3585 2838 3656 βεϐαιοῖ
2871 3586 2932 3638 τὸ
2977 3587 3148 3656 ῥῆμα,
3193 3589 3292 3638 καὶ
3335 3587 3528 3653 ὲπάγει
3567 3584 3752 3653 λέγων

2171 3677 2305 3748 πρὸς
2325 3677 2594 3740 ἐκείνουςο
2625 3694 2652 3728 1
2707 3675 3028 3747 Ἀρθήσεται
3064 3677 3156 3746 ἀφ’
3201 3675 3356 3746 ὑμῶν
3397 3679 3429 3748 ἡ
3492 3675 3750 3747 βασιλεία

2167 3766 2260 3819 τοῦ
2292 3765 2448 3818 Θεοῦ.
2483 3785 2502 3818 ι
2531 3766 2640 3819 Καὶ
2676 3765 2827 3835 λέγει
2859 3768 2988 3838 περὶ
3023 3765 3246 3837 ταύτης,
3279 3761 3347 3838 ἦς
3370 3763 3484 3820 ὀἵδε
3515 3765 3750 3839 νύμφης

2165 3852 2269 3922 τῆς
2299 3854 2358 3905 ὲν
2390 3853 2662 3924 ’ᾼσμασιν
2685 3854 2833 3925 αύτῷ
2873 3855 3334 3927 προσομιλούσηςο
3372 3875 3389 3908 ι
3425 3857 3535 3910 Καὶ
3560 3855 3747 3930 δωθή-

2161 3957 2321 3996 σεται
2355 3942 2494 3997 ἔθνει
2515 3943 2592 4016 τῷ
2618 3945 2857 3998 ποιοῦντι
2888 3947 3012 4010 τοὺς
3045 3949 3293 4019 καρποὺς
3331 3947 3515 4002 αὐτοῦ.
3543 3969 3561 4000 ι
3586 3947 3746 4021 Αῦτη

2167 4033 2273 4085 ὑπὸ
2301 4034 2408 4088 τῶν
2439 4036 2750 4090 ἀποστόλων
2777 4036 2986 4091 τίθεται
3025 4037 3334 4108 φυλάκισσα
3367 4041 3424 4092 ὲν
3453 4038 3748 4110 ἀμπελῶνι

2164 4124 2338 4196 τούτῳ
2363 4127 2464 4196 τῆς
2493 4128 2727 4192 πίστεως
2747 4129 3070 4200 πολυδὸτρυϊ
3105 4129 3318 4200 καρπῷ.
3361 4147 3380 4180 ι
3415 4128 3637 4182 Ἐθεντό
3671 4147 3743 4200 με

2162 4212 2507 4283 φυλάκισσαν
2539 4219 2597 4269 ὲν
2621 4219 2928 4287 ἀμπελῶνι.
2962 4237 2981 4270 ι
3016 4215 3149 4271 Εἶτα
3193 4218 3658 4290 ἐξομολογουμένη
3707 4222 3745 4292 ἡ

2178 4306 2446 4359 Ἰουδαίων
2483 4308 2795 4378 συναγωγὴ,
2819 4309 2916 4362 καὶ
2951 4309 3086 4379 αὐτὴ
3121 4309 3372 4379 ὁμολογεῖ
3399 4309 3475 4374 ώς
3505 4309 3742 4364 ἐλθοῦσα

490 4401 832 4468 Ecclesiam,
891 4412 947 4458 et
997 4401 1120 4455 ait:
1155 4417 1174 4451 ι
1207 4399 1431 4454 Vineam
1489 4412 1662 4452 meam
1719 4411 1826 4451 non
1875 4405 2058 4452 custo-

2171 4397 2273 4451 ἀπὸ
2317 4397 2587 4452 Ἰουδαίων
2610 4403 2688 4464 είς
2715 4402 2812 4471 τὴν
2837 4401 2997 4470 ἀγὶαν
3045 4401 3391 4472 Ἐκκλησίαν,
3425 4401 3518 4457 καί
3561 4419 3700 4473 φησι
3720 4421 3740 4438 ο

494 4494 600 4550 divi
633 4511 649 4549 :
685 4512 705 4547 ι
737 4492 789 4548 id
822 4501 936 4556 est,
970 4505 1091 4560 qua
1137 4490 1192 4545 in
1241 4489 1356 4559 lege
1402 4496 1564 4544 antea
1611 4495 1878 4559 praecepta
1937 4485 2057 4544 iuc-

2167 4507 2189 4543 ι
2227 4490 2331 4543 Τὸν
2351 4491 2644 4561 ἀμπελῶνα
2677 4493 2809 4564 ὲμδν
2841 4495 2939 4547 οὐκ
2959 4493 3223 4564 ὲφύλαξα’
3259 4514 3277 4546 ›
3315 4495 3453 4568 ὅπερ
3481 4496 3597 4550 ὲστί
3620 4513 3634 4527 ο
3655 4497 3743 4551 Τὰ

561 4690 609 4724 ⁸⁸
646 4686 964 4763 Ijsal_._x_t.tv,
998 4686 1055 4743 3.
1131 4685 1176 4718 "
1223 4683 1362 4741 Psal.
1392 4700 1466 4751 tv,
1495 4683 1551 4740 7.
1625 4684 1674 4717 “
1711 4683 1856 4740 I'sal.
1894 4700 2057 4742 um

2171 4687 2250 4744 l7.
2323 4693 2368 4727 ⁸⁷
2403 4691 2576 4749 Galat.
2618 4710 2688 4759 ιιι,
2726 4695 2811 4749 Η.
2891 4695 2938 4726 ⁸⁸
2979 4694 3166 4751 Matth.
3204 4709 3322 4763 xxt,‘
3349 4697 3435 4750 di.
3515 4695 3560 4728 ⁸⁹
3599 4696 3740 4754 ibid.

492 4762 585 4817 43.
661 4757 706 4789 ⁸⁸
746 4757 877 4812 ibid.

564 4938 677 5018 (ρο)
715 4940 786 4996 El
813 4937 925 5009 γὰρ
957 4939 1264 5018 αἰσθητόη⁹
1312 4937 1436 5018 Date
1489 4938 1717 5018 barbare
1763 4941 1846 5018 sic
1899 4943 2060 5018 vertit

2227 4942 2732 5022 (92).Omnes_quos
2766 4941 2928 5022 _vidi,_
2954 4943 3306 5010 manuscripti
3353 4943 3554 5022 habent
3603 4951 3739 5022 σκιᾷ

493 5009 602 5067 vet.
625 5009 906 5086 interpres,
934 5009 1198 5086 nt'ea_no_t_t
1228 5009 1384 5086 facile
1407 5010 1670 5086 intelligas
1691 5027 1705 5064 :
1729 5029 1747 5064 ι
1772 5009 1886 5066 Non
1914 5013 2056 5086 enim

2171 5009 2531 5086 προφούμενοι.
2567 5009 2873 5086 Legendttm
2906 5012 3138 5086 fortasse
3169 5009 3692 5086 σκιατραφούμενοι.

492 5089 611 5137 erat
649 5078 902 5150 senSibiIe
947 5081 1088 5150 quod
1134 5078 1492 5150 dicebat,sed
1531 5078 1598 5135 de
1627 5081 1732 5135 isto
1763 5089 1880 5136 erat
1923 5081 2055 5150 sole,

2231 5082 2343 5153 (95)
2369 5082 2470 5153 sic
2513 5082 2817 5153 emendavi,
2841 5097 2980 5153 __cunt
3020 5082 3180 5136 Barb.
3230 5093 3286 5138 et
3328 5082 3529 5140 Vallia.
3562 5086 3735 5141 habeo

493 5151 634 5222 quod
664 5149 1160 5222 loquebatur.‘Nam
1200 5164 1305 5204 non
1337 5149 1558 5213 diceret,
1578 5167 1616 5222 Δι
1638 5152 1766 5222 quia
1811 5149 2057 5222 despexit
2157 5149 2269 5206 rent
2302 5151 2493 5222 λεχθῇ,
2517 5161 2583 5222 _et
2623 5151 2806 5222 itidEm
2839 5151 3027 5222 Theat.

493 5217 579 5275 tite
607 5219 706 5273 so‘l.
736 5217 765 5270 ι
792 5217 906 5273 Non
937 5219 1078 5274 enim
1105 5218 1384 5274 fuscantur
1397 5234 1532 5288 quos
1558 5217 1784 5288 despicit
1808 5218 1888 5276 sol
1921 5220 2051 5283 iste;

2166 5244 2172 5249 ·
2227 5220 2340 5290 (94)
2372 5219 2469 5295 ίξίὸ
2501 5220 2819 5295 legendum,
2863 5219 3024 5295 Bari).
3067 5223 3430 5295 προαιρεῖται.
3460 5219 3728 5282 Vallicell.

490 5289 794 5362 sedgtuagis,
810 5289 931 5362 _dum
953 5291 1138 5344 umbra
1162 5299 1477 5362 pascuntur,
1499 5289 1838 5362 candidiores
1863 5288 2050 5341 tiunt.»

2171 5288 2458 5362 προαιρεῖς.
2501 5288 2692 5345 Τιῖεθι.
2727 5293 3062 5361 προαιρεῖσε.
3113 5288 3152 5348 ⁷.

562 5358 673 5429 (9|)
702 5357 856 5430 inde
896 5357 1436 5430 aliparet_i’ltil0ii_ettt
1504 5358 1590 5430 illa
1639 5357 1778 5430 sacri
1829 5365 2042 5430 textus;

491 5425 614 5483 Ὅτι
645 5425 1044 5500 παρέβλεψϊμε
1064 5425 1096 5480 δ
1121 5426 1761 5500 ﬁktocLsicitttellexisse,
1797 5434 1854 5480 ut
1882 5426 2050 5500 inter-

493 5491 764 5567 pretatqu
788 5499 865 5567 l)__
894 5491 1211 5567 hiiibrosius
1265 5491 1500 5550 Homilia
1552 5497 1616 5567 de
1656 5491 1835 5558 Isaac,
1867 5495 1960 5567 qui
1993 5505 2051 5550 ut

493 5564 795 5690 ub‘mrvaviit
824 5564 1085 5632 Nobilius,
1117 5567 1275 5622 vertit
1302 5583 1314 5620 :
1353 5585 1370 5620 ι
1397 5566 1658 5633 Quoniam
1683 5581 1790 5623 non
1823 5564 2052 5624 intuitus

493 5652 550 5690 es
597 5649 682 5690 me
708 5647 768 5690 so
795 5674 805 5688 .
828 5653 848 5687 ι
1252 5648 1276 5667 ε

491 5645 575 5692 εει
597 5649 682 5691 [ιιι
708 5645 805 5690 SOI.
828 5653 848 5687 ι
1252 5648 1276 5667 ‘

2233 5359 2343 5430 (95)
2379 5360 2503 5414 llaec
2531 5361 2692 5414 verba
2722 5359 2940 5430 addidi,
2972 5361 3096 5430 quia
3139 5376 3201 5416 ea
3245 5360 3509 5430 explicata
3559 5361 3734 5420 habes

2161 5429 2215 5484 in
2243 5428 2362 5484 ‘tine
2401 5430 2561 5498 hujus
2613 5428 3022 5498 explanationis.
3066 5431 3226 5486 Vetus
3281 5428 3506 5499 interpr.
3546 5431 3620 5486 ita
3660 5447 3727 5487 ea

2161 5507 2423 5570 separata
2448 5499 2598 5569 ponit
2638 5515 2759 5554 cum
2801 5500 3195 5570 explanatione,
3232 5509 3288 5554 ut
3321 5514 3537 5555 versum
3578 5515 3732 5557 Secr-

2162 5567 2262 5623 sim
2285 5569 2351 5621 ab
2377 5567 2494 5624 aliis
2523 5570 2869 5625 constituant.

2233 5637 2344 5710 (96)
2386 5637 2473 5694 Sic
2507 5638 2802 5709 legendum.
2832 5637 2965 5695 Male
2987 5637 3142 5693 Bnrb.
3171 5649 3223 5695 et
3256 5639 3440 5696 Vallie.
3495 5641 3723 5712 κυρίως.
