4048 6212
269 334 347 394 49

1215 331 1618 390 ENARRATIO
1656 331 1722 388 ιιι
1760 333 2116 392 ϐΑΝἹΊϐυΜ
2153 334 2624 392 CANTICORUM.
3461 340 3532 397 80
3617 344 3622 360 '

268 453 332 508 ιν
365 449 531 520 νόμῳ
566 427 978 519 «patenum
1022 441 1133 514 (9-7)
1179 441 1279 496 οὐκ
1321 444 1603 516 trimch
1655 445 1741 499 ινα
1776 445 1896 512 διὰ,

1999 457 2122 514 ant,
2167 463 2273 504 non
2321 449 2570 516 servavi,
2614 456 2674 503 ut
2721 462 2817 518 per
2851 449 3241 509 confessionem
3278 463 3543 524 peccato.-

269 544 378 614 τῆς
403 538 847 610 ὲξομολογήσεως
873 533 1113 607 ἐπιτύχῃ
1140 532 1250 604 (98)
1281 533 1381 605 τῆς
1403 534 1511 590 τῶν
1542 536 1870 608 ἁμαρτημά-

272 649 397 686 των
432 628 698 698 ἀφέσεως.

359 717 468 774 IE’.
495 720 583 771 Στ.
623 715 695 782 ς’.
745 713 1129 784 Ἀπάγγειλόν
1171 730 1295 783 μοι,
1352 713 1424 768 ὃν
1469 714 1789 785 ἠγάπησεν
1829 715 1869 783 ἠ

290 809 470 880 ⁴ἰί“⁴¹»⁸κῆ
494 825 634 878 μου,
670 807 793 862 ποῦ
826 807 1183 878 ποιμαίνεις,
1204 806 1322 862 ποῦ
1348 805 1632 876 κοιτάζεις
1665 808 1734 862 ὲν
1769 825 1874 878 με-

296 898 567 968 W694!-

379 989 596 1061 Ἐπειδὴ
624 989 739 1060 γὰρ
776 989 1134 1060 προφητικῶς
1167 989 1260 1044 καὶ
1294 990 1352 1043 ὲν
1378 989 1541 1044 Δασὶδ
1565 989 1873 1046 ἀποτυποῦ-

1974 555 2093 595 rum
2137 541 2507 596 remissionem
2547 549 2930 610 consequatur.

2047 716 2167 772 XV.
2208 716 2373 774 Vens.
2406 718 2459 772 6.
2497 717 2765 772 Anuuntia
2802 718 2930 772 milii
2958 733 3110 788 quem
3143 720 3320 776 dilexit
3357 724 3536 778 anima

1977 825 2126 876 mea,
2163 810 2250 864 ubi
2283 808 2489 879 pascis,
2524 807 2613 863 ubi
2635 809 2813 880 _cubas
2841 810 2897 863 in
2930 810 3166 864 meridie.

2046 988 2309 1056 Quoniam
2347 987 2490 1042 enim
2530 987 2841 1058 prophetice
2872 987 3209 1056 exprimitur,
3243 995 3298 1042 et
3332 987 3386 1042 in
3430 989 3540 1044 Ds-

293 1097 382 1133 ται
408 1080 506 1132 καὶ
525 1079 582 1131 ὲν
615 1079 750 1148 αὐτῇ
775 1079 837 1131 τὸ
867 1078 1020 1149 ῥῆμα
1044 1093 1058 1106 ο
1097 1097 1116 1130 ι
1160 1079 1458 1150 Ἀγαπήσω
1493 1097 1574 1145 σε,
1609 1079 1802 1150 Κύριε,
1838 1083 1872 1151 ἡ

1999 1080 2068 1136 rid
2106 1083 2233 1134 etin
2268 1080 2382 1149 ipsa
2415 1079 2636 1134 verbum
2662 1079 2789 1133 illud
2823 1097 2837 1134 :
2869 1098 2887 1130 ι
2924 1079 3149 1150 Diligam
3182 1088 3254 1148 te,
3289 1079 3556 1149 Domine,

302 1169 458 1238 ισχὺς
489 1183 589 1236 μου
607 1182 622 1194 ’
653 1185 672 1218 ι
710 1165 807 1218 καὶ
832 1165 971 1236 αὐτὴ
997 1165 1054 1218 δὲ
1080 1163 1392 1236 κατηξιώθη
1420 1165 1874 1238 προαγαπηθεῖσα

1999 1172 2147 1226 rirtus
2179 1185 2295 1226 mea
2332 1171 2374 1203 “
2403 1211 2418 1235 ,
2461 1189 2481 1223 ι
2515 1171 2628 1240 ipsa
2676 1185 2800 1224 vero
2830 1171 2978 1240 prius
3007 1172 3232 1236 dilecta,
3269 1172 3424 1240 digna
3455 1180 3546 1231 est

223 1318 231 1325 ,
301 1259 408 1311 ὑπὸ
451 1256 543 1309 τοῦ
587 1257 798 1327 Κυρίου
861 1257 1146 1327 ἀγαπῆσαι
1205 1258 1299 1311 τὸν
1346 1256 1570 1328 Κύριον,
1615 1257 1692 1321 ὥς
1741 1275 1874 1330 φησι

1999 1263 2158 1317 tabita
2207 1278 2236 1315 a
2287 1262 2513 1317 Domino
2556 1278 2674 1332 quae
2722 1261 3006 1317 Dominum
3056 1263 3328 1332 diligeret,
3365 1272 3422 1316 ut
3466 1265 3545 1319 sit

297 1346 506 1410 Παῦλος
538 1345 650 1415 (99)
670 1363 684 1376 ·
725 1363 744 1398 ‹
771 1346 883 1415 Οὐχ
910 1347 992 1400 ὅτι
1013 1347 1181 1418 ἡμεῖς
1219 1348 1588 1419 ἠγαπήσαμεν
1609 1347 1700 1402 τὸν
1716 1346 1872 1412 Θεὸν,

289 1437 406 1490 ἀλλ’
435 1437 520 1490 ὅτι
543 1437 709 1500 αὐτὸς
737 1438 1026 1508 ἠγάπησεν
1067 1439 1236 1508 ἡμᾶς,
1279 1440 1376 1492 καὶ
1401 1439 1716 1510 παρέδωκεν
1747 1440 1877 1492 ἐαυ-

1976 1352 2177 1425 Paulus
2205 1365 2221 1405 :
2253 1370 2273 1404 ι
2299 1350 2414 1407 Non
2443 1352 2584 1422 quod
2611 1367 2708 1407 nos
2741 1353 3088 1408 dilexerimus
3119 1353 3284 1406 Deum
3323 1353 3367 1384 "
3397 1370 3411 1420 ;
3452 1356 3545 1410 sed

1977 1442 2102 1511 quia
2136 1441 2250 1511 ipse
2288 1441 2477 1496 dilexit
2509 1457 2607 1497 nos
2630 1485 2643 1509 ,
2682 1451 2736 1496 et
2768 1443 2987 1496 tradidit
3017 1458 3076 1497 se
3107 1443 3279 1511 ipsum
3315 1457 3412 1511 pro
3443 1458 3545 1498 no-

290 1528 378 1582 τδν
408 1528 552 1600 ὑπὲρ
592 1530 627 1599 ἡ
638 1528 755 1598 μῶν
777 1545 790 1560 ·
824 1547 844 1580 ι
876 1528 965 1582 διὰ
992 1528 1148 1582 τοῦτο
1203 1529 1551 1601 ἀγαπηθεῖσα
1589 1532 1878 1601 ἀνταγαπᾷ

1999 1533 2060 1586 IIS
2100 1533 2146 1571 ⁸³
2177 1548 2192 1598 ;
2227 1550 2245 1584 ι
2275 1542 2554 1602 propterea
2592 1533 2783 1587 dilecta
2827 1533 3065 1588 vicissim
3111 1541 3255 1587 amat
3287 1543 3340 1588 et
3375 1532 3548 1588 dicit:

291 1621 386 1674 καὶ
411 1619 565 1688 λέγει
585 1637 600 1650 ο
637 1639 656 1672 ι
699 1620 1061 1688 Ἀπάγγειλόν
1097 1638 1208 1691 μοι,
1238 1619 1299 1673 ὃν
1323 1621 1610 1692 ἠγάπησεν
1662 1622 1696 1690 ὴ
1728 1621 1874 1692 ψυχή

1999 1624 2241 1679 :Ntmtia
2300 1624 2480 1689 mihi,
2539 1639 2698 1693 quem
2760 1623 2950 1678 dilexit
2998 1624 3175 1678 anima
3236 1639 3402 1690 mea,
3459 1623 3549 1678 ubi

295 1728 421 1782 μου,
449 1709 554 1762 ποῦ
596 1710 1050 1782 ποιμαίνεις,ποῦ
1075 1708 1346 1775 κοιτάζεις
1378 1711 1436 1762 ὲν
1472 1709 1817 1782 μεσημϐρίᾳ·
1852 1729 1872 1762 ι

1999 1716 2191 1783 ιεειεὶε,
2244 1715 2335 1770 ubi
2394 1716 2563 1770 cubas
2618 1715 2670 1769 in
2721 1715 2981 1779 meridie;
3017 1733 3037 1766 ι
3095 1715 3195 1769 hoc
3238 1723 3359 1778 est,
3405 1713 3548 1768 I‘Iora

294 1801 578 1854 τουτέστι·
605 1802 762 1855 Κατὰ
789 1802 887 1872 τὴν
914 1803 1008 1856 τοῖ’,
1037 1802 1240 1866 πάθους
1269 1801 1438 1874 ὥραν,
1462 1801 1552 1854 ὅτε
1586 1800 1694 1856 ἀπὸ
1731 1801 1881 1874 ὥρας

1999 1809 2250 1864 iassionis
2276 1850 2291 1876 ,
2326 1808 2539 1878 quando
2571 1809 2639 1863 ab
2673 1807 2803 1862 hora
2846 1815 2997 1861 sexta
3038 1821 3208 1876 usque
3251 1807 3317 1860 ad
3357 1821 3559 1862 nouant

298 1893 472 1964 ικτης
508 1894 610 1958 ἕως
650 1893 876 1964 ὲννάτης
911 1894 1099 1958 σκότος
1137 1893 1373 1963 ἐγένετο,
1411 1892 1500 1946 διὰ
1527 1891 1686 1946 τοῦτο
1725 1911 1743 1945 ι
1775 1893 1880 1948 ποῦ

1999 1903 2218 1956 .enebra:
2267 1900 2423 1956 factae
2467 1907 2593 1955 sunt
2629 1919 2643 1955 :
2692 1908 2977 1968 propterea
3012 1917 3030 1950 ι
3065 1899 3154 1952 ubi
3207 1897 3417 1967 pascis,
3462 1897 3559 1953 ubi

303 1991 634 2061 ποιμαίνεις,
669 1990 771 2045 ποῦ
810 1990 1079 2056 κοιτάςεις
1104 1993 1162 2044 ὲν
1199 1988 1535 2061 μεσημϐρία,
1564 2007 1583 2040 s
1625 1991 1684 2043 ὲν
1716 1983 1749 2064 ᾖ
1790 1990 1884 2043 καὶ

1999 1991 2150 2046 :ubas
2199 1991 2254 2046 in
2315 1991 2576 2054 meridie,
2615 2007 2634 2041 ι
2672 1990 2723 2043 in
2757 2004 2861 2058 qua
2893 1988 3127 2044 maxime
3178 1987 3350 2044 fervet
3392 1995 3554 2042 aestus

298 2085 455 2155 ἀκμὴ
487 2084 565 2156 (1)
593 2084 686 2137 τοῦ
711 2084 987 2147 καύσωνος
1007 2082 1114 2137 τῶν
1142 2080 1609 2153 πειρασμῶν.Ποῦ
1632 2081 1884 2153 κρυπτά-

301 2172 438 2235 ζεις,
463 2175 590 2237 τοὺς
617 2173 742 2236 σοὺς
769 2174 938 2235 ἐάσας
965 2171 1323 2242 πειράζεσθαι
1346 2186 1363 2236 ;

373 2261 493 2329 ις’.
543 2262 792 2328 Μήποτε
834 2261 1091 2332 γένωμαι
1146 2261 1228 2326 ὡς
1287 2256 1767 2329 περιϐαλλομένη
1789 2256 1884 2312 ἐπ’

302 2350 546 2421 ἀγέλαις
569 2353 822 2420 ἑταίρων
845 2366 985 2406 σου.

381 2446 558 2514 Ὅπερ
582 2445 699 2497 ἐστί
720 2463 733 2474 ·
761 2446 988 2516 Μήποτε
1026 2442 1165 2515 μετὰ
1189 2442 1300 2496 τῶν
1354 2446 1616 2518 αἱρέσεων
1642 2443 1888 2514 γένωμαι

1987 2084 2368 2138 tentationum.
2398 2081 2501 2139 Ubi
2548 2083 2712 2152 igitur
2763 2081 3075 2148 delitescis,
3132 2080 3327 2136 tentari
3376 2080 3555 2136 sinent

1987 2184 2110 2230 tuos
2133 2174 2157 2228 ἲ

2057 2264 2199 2324 XVI.
2241 2265 2326 2321 Ne
2359 2266 2492 2337 {orte
2518 2265 2714 2337 eﬁiciar
2741 2266 2876 2320 sicut
2911 2265 3163 2336 adoperta
3192 2279 3348 2344 supgr
3378 2276 3556 2334 greges

1987 2358 2247 2413 sodalium
2282 2369 2513 2413 tuorum.

2060 2449 2117 2502 Id
2146 2458 2230 2504 est
2249 2486 2265 2512 ,
2301 2447 2378 2504 Ne
2408 2449 2544 2503 forte
2573 2463 2694 2504 cum
2729 2448 3022 2504 hazresibus
3049 2445 3250 2500 elIiciar
3279 2443 3558 2511 adoperta.

308 2531 766 2604 περιϐαλλομένη.
801 2532 902 2586 Διὰ
939 2529 1095 2586 τοῦτο
1143 2531 1595 2604 ἁνταποκρίνεται
1641 2531 1778 2602 αὐτῇ
1811 2531 1887 2601 (2)

1999 2539 2280 2611 Propterea
2310 2539 2548 2596 vicissim
2578 2539 2626 2594 el
2658 2539 2942 2610 (sponsae)
2979 2537 3267 2606 respondet
3297 2543 3352 2589 et
3380 2533 3512 2588 dicit
3538 2553 3553 2588 :

307 2626 406 2677 xui.
439 2624 620 2693 λέγει·

383 2715 482 2767 ΙΖ⁹.
513 2715 598 2767 Στ.
634 2714 700 2779 ζ’.
743 2713 882 2768 Ἐὰν
904 2712 988 2784 μὴ
1027 2711 1184 2784 γνῷς
1221 2712 1511 2782 σεαυτὴν,
1543 2714 1582 2783 ἠ
1620 2711 1780 2783 καλὴ
1821 2713 1892 2768 ἐν

306 2803 609 2874 τιναιξίν.

379 2897 560 2968 Ὅπερ
587 2895 759 2948 ἐστίν’
803 2895 930 2949 Ἐὰν
961 2894 1036 2967 μὴ
1049 2895 1194 2966 γνῷς
1227 2894 1480 2967 σεαυτὴν,
1499 2896 1587 2949 οἵα
1619 2895 1888 2968 ὑπῆρχες,

311 2988 406 3041 καὶ
435 2987 524 3040 οἷα
556 2987 809 3056 γέγονας.
829 2987 1012 3058 Καλὴν
1040 2987 1096 3041 δὲ
1121 2989 1179 3040 ὲν
1207 2987 1428 3056 γυναιξὶ
1454 2987 1626 3056 λέγει.
1667 2988 1754 3041 Ἐν
1785 2987 1892 3042 πά-

2061 2715 2223 2772 XVII.
2259 2715 2422 2773 Vens.
2451 2717 2504 2772 7.
2538 2714 2660 2771 Nisi
2692 2714 2990 2787 cognoveris
3022 2725 3070 2770 te
3110 2715 3313 2784 ipsam,
3342 2714 3562 2784 pulchra

1990 2805 2130 2860 inter
2165 2806 2428 2862 mulieres.

2062 2898 2118 2952 Id
2149 2908 2232 2953 est
2251 2938 2267 2964 ,
2298 2897 2411 2953 Nisi
2443 2898 2762 2968 cognoveris
2794 2905 2845 2952 te
2877 2899 3048 2967 ipsam
3079 2895 3378 2967 cuiusmodi
3405 2907 3529 2950 eras
3549 2934 3564 2956 .

1993 3002 2046 3046 et
2078 2991 2378 3061 cujnsmodi
2438 2991 2577 3046 facta
2608 2990 2705 3046 sis.
2739 2988 3028 3044 Pulchram
3072 3003 3199 3043 vero
3251 2987 3393 3042 inter
3442 3000 3564 3039 mu-

311 3096 434 3143 σαις
468 3078 577 3150 γὰρ
615 3081 735 3142 ταῖς
760 3079 1005 3150 αἱρέσεσι
1060 3080 1154 3133 καὶ
1186 3083 1306 3142 ταῖς
1349 3082 1696 3149 συναγωγαῖς
1753 3079 1890 3151 μόνη

1999 3082 2156 3136 lieres
2203 3082 2352 3137 dicit.
2401 3081 2460 3136 In
2498 3080 2750 3136 omnibus
2793 3081 2938 3135 enim
2983 3077 3281 3133 haeresibus
3315 3085 3366 3132 et
3410 3089 3564 3146 syna-

311 3170 474 3240 καλὴ,
513 3169 616 3223 οὐκ
653 3168 716 3234 ἐξ
755 3169 959 3239 ἑαυτῆς
1004 3168 1202 3240 ἔχουσα
1228 3169 1290 3223 τὸ
1314 3169 1538 3234 κάλλος,
1565 3169 1679 3222 ἀλλ’
1705 3170 1772 3222 ἐκ
1796 3169 1890 3223 τοῦ

2005 3173 2155 3244 gogis
2198 3173 2309 3241 ipsa
2354 3171 2466 3227 sola
2503 3172 2771 3240 pulchra;
2823 3185 2927 3224 non
2972 3184 3037 3224 ex
3085 3183 3145 3224 se
3193 3167 3304 3236 ipsa
3351 3167 3567 3236 quidem

309 3261 519 3334 ὡραίου
544 3262 730 3316 κάλλει
755 3261 906 3333 παρὰ
932 3264 1060 3327 τοὺς
1100 3264 1250 3326 υἱοὺς
1283 3262 1389 3317 τῶν
1430 3261 1749 3334 ἀνθρώπων.
1790 3263 1900 3316 Ἐν·

313 3353 688 3419 αποτυπὼσας
717 3355 774 3408 δὲ
806 3356 865 3408 ὲν
899 3355 1035 3426 αὐτῇ
1067 3355 1129 3408 τὸ
1157 3355 1285 3410 ι’διον
1314 3349 1507 3419 κάλλος
1538 3356 1566 3408 ὁ
1587 3353 1898 3423 Μονογενὴς

311 3445 404 3498 διὰ
441 3446 534 3499 τοῦ
575 3447 653 3516 (5)
696 3446 924 3519 λουτροῦ
970 3448 1067 3519 τῆς
1119 3448 1568 3517 παλιγγενεσίας,
1611 3447 1899 3518 χρησίμως

317 3537 540 3605 ἐγκαλεῖ
569 3539 732 3609 αὐτῇ,
766 3540 863 3593 καὶ
894 3539 1082 3608 λέγει’
1122 3558 1141 3592 ι
1201 3540 1327 3594 Ἐὰν
1353 3538 1429 3610 μὴ
1453 3536 1597 3608 γνῷς
1629 3536 1706 3608 (4)
1740 3554 1900 3592 σεαυτ

317 3629 438 3700 τὴν,
468 3631 504 3701 ἠ
532 3629 674 3702 καλὴ
703 3632 761 3684 ὲν
799 3632 1066 3699 γυναιξίν.
1100 3650 1120 3684 s

392 3808 502 3861 ιω.
523 3805 778 3872 Ἔξελθε
808 3808 884 3880 (5)
913 3808 986 3863 ἐν
1015 3810 1299 3879 πτέρναις
1326 3810 1444 3866 τῶν
1467 3815 1779 3884 ποιμνίων,
1801 3814 1901 3870 καί

330 3897 605 3967 ποίμαινε
621 3900 729 3967 τὰς
750 3900 998 3970 ἐρίφους
1017 3917 1154 3956 σου.

423 3989 549 4044 Έαν
578 3990 652 4060 μὴ
672 3991 828 4062 γνῷς,
859 3994 1015 4064 φησι,
1041 3992 1143 4046 ποῦ
1187 3987 1276 4065 ἧς,
1307 3994 1402 4046 καὶ
1441 3992 1545 4047 ποῦ
1579 3989 1660 4047 εἴ*
1687 3995 1781 4050 ἐὰν
1827 3997 1900 4069 μὴ

329 4079 479 4152 γνῷς
507 4080 572 4132 τὸ
611 4081 793 4147 κάλλος
833 4086 972 4156 ὅπερ
1002 4084 1254 4157 εἴληφας,
1294 4103 1313 4136 ι
1350 4083 1532 4150 ἔξελθε
1559 4086 1618 4139 ὲν
1644 4086 1903 4160 πτέρναις

326 4173 435 4227 τῶν
464 4173 748 4245 ποιμνίων.
776 4194 795 4227 ι
831 4175 1211 4248 Ἀπειλητικὸς
1241 4179 1269 4230 ὁ
1306 4176 1486 4246 λόγος,
1521 4178 1904 4249 ἐπιτιμητικὸν

327 4263 386 4318 τὸ
427 4265 601 4337 ῥῆμα.
636 4266 811 4320 Ὅπου
849 4268 958 4340 γὰρ
989 4267 1178 4336 ἀγνοία
1214 4266 1316 4338 (6),
1350 4269 1468 4322 ἐκεῖ
1501 4271 1596 4323 καὶ
1623 4271 1900 4342 ἐπιτιμία.

340 4356 557 4427 mmet;
589 4359 700 4429 γὰρ
730 4363 956 4431 προεῖπε
980 4377 995 4392 ο
1041 4378 1062 4412 ι
1095 4361 1322 4432 Μήποτε
1356 4360 1600 4433 γένωμαι
1635 4361 1711 4426 ὡς
1742 4378 1903 4433 περι-

330 4445 636 4520 ϐαλλομένη
679 4451 768 4502 ἐπ’
808 4450 1034 4520 ἀγέλαις
1068 4452 1303 4524 ἑταίρων
1347 4470 1441 4507 σου
1465 4469 1481 4486 ’
1517 4474 1535 4506 ι
1565 4455 1702 4526 ὅπερ
1733 4452 1851 4508 ἐστί
1887 4471 1900 4486 ·

1996 3264 2456 3337 pulchritudinem
2515 3263 2755 3328 habens,
2815 3262 2908 3317 sed
2959 3275 3025 3316 ex
3069 3275 3133 3315 eo
3161 3259 3255 3330 qui
3294 3257 3569 3329 speciosus

1998 3363 2083 3410 est
2115 3356 2286 3408 forma
2333 3352 2470 3408 inter
2512 3351 2652 3408 ﬁlios
2686 3346 2975 3408 hominum
3007 3349 3075 3405 “.
3105 3349 3239 3405 Cum
3288 3361 3419 3402 vero
3467 3347 3568 3401 im-

1998 3447 2261 3518 presserit
2289 3445 2342 3500 in
2377 3446 2491 3512 ipsa
2511 3446 2798 3515 propriam
2843 3442 3166 3513 Unigenitus
3209 3438 3566 3511 pulchritudi-

2001 3553 2123 3595 nem
2158 3552 2251 3608 pcr
2278 3537 2557 3592 lavacrum
2587 3534 3050 3606 regenerationis,
3093 3531 3296 3586 utiliter
3330 3543 3452 3584 eam
3494 3528 3570 3582 in-

2001 3637 2188 3700 crepat
2216 3636 2269 3683 et
2300 3628 2437 3683 dicit
2467 3646 2482 3683 :
2515 3645 2535 3679 ι
2566 3626 2678 3682 Nisi
2711 3625 3032 3698 cognoveris
3065 3634 3118 3678 te
3152 3624 3320 3694 ipsam
3342 3660 3358 3688 ,
3392 3635 3424 3676 ο
3455 3620 3572 3691 pul-

2001 3723 2132 3778 chra
2168 3721 2310 3776 inter
2339 3719 2610 3777 mulieres.
2651 3737 2669 3772 ι

2073 3811 2260 3868 XVIII.
2304 3811 2564 3883 Egredere
2621 3811 2674 3865 in
2732 3812 2957 3882 vestigiis
3009 3823 3256 3880 gregum,
3323 3815 3373 3860 et
3425 3819 3573 3873 pasce

2002 3903 2180 3958 haedos
2215 3909 2352 3955 tuos.

2075 3991 2191 4049 Nisi
2242 3992 2600 4063 cognoveris,
2653 3989 2856 4059 inquit,
2904 3988 2995 4043 ubi
3044 4000 3199 4054 eras,
3241 3995 3298 4040 et
3339 3981 3430 4038 ubi
3471 3995 3532 4036 es
3558 3998 3583 4035 ει

2005 4086 2107 4142 nisi
2159 4086 2479 4154 cognoveris
2538 4081 2998 4152 pulchritudinem
3053 4093 3213 4150 quam
3276 4073 3576 4146 accepisti,
3619 4093 3632 4125 ·.

2011 4198 2032 4234 ι
2058 4180 2314 4251 egredere
2339 4178 2391 4233 in
2417 4177 2657 4248 vestigiis
2679 4189 2924 4246 gregum.
2948 4193 2967 4226 ι
2997 4169 3422 4229 Comminativus
3464 4181 3577 4222 sero

2005 4289 2136 4330 mo:
2171 4271 2566 4343 objurgativum
2597 4270 2842 4327 verbum.
2885 4267 2990 4324 Ubi
3037 4265 3182 4321 enim
3224 4261 3474 4326 inscitia,
3505 4259 3577 4314 ibi

2006 4377 2060 4423 et
2093 4364 2407 4434 increpatio.
2441 4363 2575 4419 Cum
2615 4363 2759 4418 enim
2807 4367 2965 4416 antea
2997 4357 3236 4412 dixerit:
3273 4372 3292 4406 ι
3319 4351 3398 4409 Ne
3441 4350 3594 4406 forte-

2009 4456 2213 4513 eIIlciar
2240 4457 2382 4511 sicut
2409 4455 2664 4525 adoperta
2709 4467 2873 4523 super
2915 4463 3104 4521 greges
3147 4445 3414 4504 sodalium
3465 4451 3579 4498 tuo.

329 4537 560 4608 Μήποτε
609 4542 754 4596 κατὰ
796 4543 904 4596 τῶν
951 4545 1212 4616 αἱρέσεων
1275 4544 1562 4618 ἀναμιγῶ·
1613 4545 1701 4600 διὰ
1748 4545 1896 4600 τοῦτο

2012 4565 2168 4603 rum:
2201 4566 2220 4600 ι
2248 4547 2350 4603 hoc
2403 4554 2515 4612 est,
2560 4544 2640 4601 Ne
2699 4544 2841 4601 forte
2894 4557 3016 4598 cum
3070 4540 3368 4598 haeresibus
3409 4534 3577 4590 admi-

332 4629 524 4703 ὥσπερ
547 4633 915 4705 ἀπειλητικῶς
948 4638 1174 4707 ἐπιτιμᾷ
1196 4635 1355 4708 αὐτῇ,
1401 4637 1493 4690 καὶ
1538 4636 1720 4706 λέγει·
1778 4636 1907 4691 Ἐὰν

336 4723 411 4793 μὴ
446 4723 593 4794 γνῷς
635 4741 732 4784 σου
768 4727 826 4780 τὸ
855 4727 1068 4792 καλλος,
1101 4729 1183 4782 ὅτι
1216 4731 1344 4800 παρ’
1375 4726 1512 4800 ἐμοῦ
1547 4729 1679 4783 αὐτὸ
1706 4729 1908 4800 κέκτη-

336 4828 449 4877 σαι,
484 4832 505 4866 ι
541 4815 722 4882 ἔξελθε
767 4820 824 4872 ἐν
865 4819 1126 4892 πτέρναις
1173 4821 1282 4875 τῶν
1318 4821 1605 4892 ποιμνίων,
1652 4821 1748 4876 καὶ
1789 4819 1910 4875 ποί-

337 4916 496 4971 μαινε
547 4907 647 4971 τὰς
703 4907 923 4979 ἐρίφους
975 4925 1100 4962 σου·
1143 4929 1162 4962 ι
1196 4909 1498 4964 τουτέστιν·
1563 4912 1624 4964 Ei
1675 4911 1904 4979 ἀναξίαν

2009 4657 2218 4709 scear;
2284 4650 2568 4713 propterea
2641 4647 2896 4708 tanquam
2970 4635 3256 4694 minaciter
3335 4632 3577 4696 increpat

2010 4749 2167 4800 eam,
2227 4741 2282 4789 et
2334 4732 2504 4788 dicit:
2562 4727 2675 4786 Nisi
2735 4727 3054 4800 cognoveris
3107 4726 3281 4796 ipsam
3341 4717 3578 4790 pulchri-

2013 4823 2249 4879 tudinem
2299 4832 2349 4878 te
2379 4836 2409 4876 a
2447 4837 2535 4878 me
2590 4820 2827 4885 habere,
2865 4837 2884 4871 ι
2916 4816 3176 4888 egredere
3229 4813 3282 4866 in
3335 4804 3578 4876 vestigiis

2012 4929 2235 4988 gregum
2263 4923 2317 4972 et
2343 4926 2506 4986 pasce
2527 4911 2717 4969 haedos
2737 4919 2898 4976 tuos;
2928 4927 2947 4963 ι
2981 4907 3033 4963 id
3063 4915 3145 4962 est
3165 4943 3181 4970 ,
3232 4899 3290 4957 Si
3321 4908 3372 4954 te
3409 4899 3593 4965 ipsam.

404 5091 454 5123 “
493 5086 643 5146 Psal.
670 5103 809 5155 χιιι,
844 5088 897 5144 I.
971 5087 1017 5120 “
1056 5085 1262 5143 IJoan.
1299 5103 1374 5154 tv,
1406 5087 1491 5144 ιο.
1569 5088 1614 5121 ⁸⁸
1654 5087 1850 5159 Ephes.
1881 5103 1896 5142 ι

1999 5129 2020 5144 η.
2097 5089 2144 5122 ⁸⁸
2181 5087 2326 5144 Psal.
2361 5102 2507 5154 xuv,
2543 5086 2596 5140 ὅ.

408 5267 523 5405 (97)
554 5265 763 5348 )Iallem
789 5263 1264 5388 πῳπεταγὲιένα.

410 5337 500 5405 (98
553 5337 632 5392 hx
667 5335 883 5402 Valhc.;
921 5352 1047 5392 nam
1137 5336 1259 5391 arb.

597 5352 632 5392 ι
667 5333 883 5402 Vallicl;
921 5352 1047 5392 nam
1084 5333 1259 5391 'Barb.
1283 5349 1325 5390 ei
1389 5347 1542 5389 meus
1563 5333 1762 5389 habent
1787 5333 1910 5387 ἑπι-

413 5474 527 5546 (99)
559 5475 671 5546 Imo
689 5474 952 5546 Joannes.

413 5541 620 5618 (I)'$ic
660 5545 940 5618 Vallicell;
984 5546 1078 5618 sed
1109 5543 1334 5618 Ilarlier.
1363 5542 1526 5618 habet
1557 5543 1709 5618 ἀγμῇ
1737 5541 1914 5618 -_inde

340 5606 580 5681 coniicio
608 5625 776 5670 totum
813 5606 954 5670 hunc
992 5616 1176 5685 locum
1203 5614 1282 5669 sic
1324 5606 1719 5685 legendntn','s'v
1819 5613 1913 5685 καὶ

338 5693 375 5760 ἢ
435 5679 604 5760 ἀκμὴ
643 5685 739 5740 τοῦ
787 5685 1081 5760 καύσωνος-
1111 5683 1217 5738 τῶν
1273 5679 1614 5760 πειρασμῶν.
1661 5679 1781 5739 ΙΙοῦ⁷
1819 5679 1914 5736 οὖν

343 5751 708 5829 ἰθυπτάζιις,
726 5757 850 5821 τοὺς
877 5757 1000 5822 σοὺς
1027 5756 1193 5820 ἐάσας
1228 5751 1613 5828 πειράζεσθαις

2085 5259 2160 5332 (Ξ)
2188 5259 2381 5332 Aetii,
2408 5274 2525 5328 quae
2547 5272 2662 5332 __vox
2703 5255 2855 5312 deest
2881 5255 2936 5310 in
2956 5265 3078 5310 meo
3109 5257 3162 5308 et
3193 5249 3443 5318 Bai-ben,
3463 5265 3584 5307 eam

2018 5327 2233 5385 restitui
2251 5327 2599 5384 ex'Vallioell.

2085 5400 2164 5467 (5)
2203 5400 2313 5454 Τοῦ
2341 5415 2404 5454 ex
2439 5397 2621 5467 Vallic.

2088 5465 2165 5537 (4)
2192 5468 2261 5537 Ba
2273 5470 2350 5521 rb.
2380 5465 2632 5537 ἐπιγνῷς.

2091 5532 2169 5609 (ὅ)
2202 5536 2370 5591 Vatic.
2413 5532 2595 5601 ἔξελθε
2645 5532 2824 5587 oti-ct
2861 5533 3006 5609 hanc
3057 5532 3339 5609 lectionem
3372 5533 3580 5588 videtur

2019 5603 2274 5666 habuisse
2310 5616 2418 5661 vet.
2462 5609 2749 5674 interpres,
2785 5603 2874 5673 qni
2907 5604 3004 5674 ait,
3049 5621 3067 5655 ι
3091 5604 3345 5674 egredere
3385 5611 3460 5654 tu.
3487 5622 3506 5653 ι

2091 5678 2170 5751 (6)
2201 5675 2376 5804 ὗεςῖυε
2425 5671 2619 5745 interp.
2668 5671 2860 5748 legiséc
2910 5673 3116 5730 videtur
3133 5671 3354 5740 ήὰγνεία,
3391 5688 3410 5720 ι
3435 5671 3578 5740 puri-

2091 5766 2123 5804 t.
2144 5767 2162 5803 ι
2255 5764 2282 5801 a
2309 5762 2356 5804 θ.

2021 5760 2123 5808 tas.
2144 5767 2162 5803 ι
2201 5760 2356 5804 male.
