4048 6212
303 345 377 402 53
1247 349 1646 406 ENARRATIO
1686 348 1751 404 IN
1791 348 2141 406 CANTICUM
2181 349 2652 407 CANTICORUM.
3492 349 3565 402 ει

304 469 503 532 στούς.
529 467 692 523 Μετὰ
719 466 820 537 γὰρ
846 468 907 520 τὸ
935 467 1131 534 είπεϊν,
1163 487 1182 521 ι
1212 471 1466 540 Σιαγόνες
1483 488 1598 535 σου,
1633 491 1650 525 ι
1672 472 1889 541 ἐπάγειο

1997 471 2269 529 collectos.
2315 472 2603 542 Postquam
2638 470 2780 527 enim
2817 471 3062 532 dixisset.
3110 489 3127 521 ι
3171 469 3330 525 (ἔειπε
3371 477 3492 533 tum,
3533 486 3564 520 ι

310 579 331 611 ι
367 559 667 630 Τρᾶχηλός
704 576 794 613 σου
830 558 908 621 ὡς
935 561 1232 632 ὀρμίσκος·
1273 582 1292 614 ι
1341 563 1428 617 ἴνα
1455 563 1600 634 δείξῃ
1631 564 1724 617 καὶ
1767 565 1893 628 τοὺς

307 650 432 703 ἀπὸ
461 650 723 703 Ἰουδαίων
747 651 1199 715 πεπιστευκότας,
1217 652 1306 707 τὸν
1323 652 1586 724 ὁρμίσκον
1605 652 1696 706 τοῦ
1726 652 1894 706 Ἰούδα

311 739 416 792 τὸν
458 739 670 793 δοθέντα
694 741 762 810 τῇ
791 738 994 811 Θάμαρ
1018 741 1355 813 ὑπομνήσας.
1403 759 1422 794 ι
1459 743 1733 814 Πρόδηλον
1758 743 1889 814 γὰρ,

320 832 406 883 δτι
450 829 511 893 ἐξ
557 820 736 882 Ἰούδα
765 829 1130 884 ἀνατέταλκεν
1175 833 1204 884 ὁ
1243 833 1446 904 Κύριος
1478 833 1637 904 ἡμῶν
1689 835 1894 905 Ἰησοῦς

323 917 567 988 Χριστὸς,
617 936 636 969 ι
669 917 814 972 κατὰ
856 917 949 971 τὸν
1004 919 1343 976 ’Δπόστολον.
1392 918 1525 975 Εἶτα
1562 921 1660 993 τὴν
1702 922 1893 992 γενεὰν

318 1011 485 1079 αὐτῆς
509 1008 916 1078 διηγησάμενος
947 1009 1082 1081 (22),
1105 1012 1198 1066 καὶ
1220 1012 1311 1066 τὸν
1335 1012 1536 1083 κόσμον
1562 1014 1729 1084 ὅνπερ
1755 1014 1890 1085 αὐτῇ

319 1098 602 1172 χαρίζεται
634 1101 663 1153 ό
687 1101 944 1170 νυμφίος,
974 1103 1269 1173 ἐπάγουσιν
1295 1106 1344 1158 oi
1372 1105 1688 1160 ἀπόστολοιο

391 1278 511 1332 ΚΡ.
561 1277 651 1330 Στ.
700 1284 753 1331 ι’.
813 1277 1177 1348 ὀμοιώματα
1227 1280 1489 1349 χρυσίου
1544 1277 1892 1349 ποιήσωμέν

314 1381 409 1422 σοι
426 1365 580 1436 μετὰ
607 1366 952 1437 «trudam
981 1369 1090 1424 τοῦ
1119 1370 1424 1438 ἀργυρίου.

393 1458 752 1530 Ὀμοιὼματα
773 1462 1000 1532 χρυσίου
1026 1462 1126 1532 οὐχ
1153 1463 1318 1534 ἔτερα
1348 1458 1504 1533 οἶμαι
1527 1457 1684 1526 εἶναι,
1714 1460 1826 1522 ἀλλ’
1856 1461 1889 1532 ἢ

309 1549 438 1611 τοὺς
463 1549 660 1617 ἁγίους
696 1548 980 1622 μάρτυρας
999 1565 1016 1581 ο
1045 1549 1346 1621 ἐπειδήπερ
1369 1549 1460 1604 διὰ
1481 1550 1652 1621 πυρὸς
1675 1550 1891 1620 δοκιμα-

313 1629 558 1703 σθέντες,
586 1637 980 1709 λαμπροτέραν
1011 1637 1354 1703 ἐπεδείξαντο
1384 1638 1481 1710 τὴν
1506 1638 1706 1692 πίστιν.
1740 1657 1760 1691 ι
1806 1638 1892 1700 Ὠς

311 1729 538 1798 χρυσίον
575 1747 596 1782 ι
633 1729 766 1800 γὰρ,
809 1731 997 1798 φησιν,
1031 1747 1050 1780 ι
1091 1731 1150 1783 ἐν
1191 1730 1541 1801 χωνευτηρίῳ
1570 1729 1889 1800 ἐδοκίμασεν

313 1820 552 1883 αὐτοὺς,
611 1819 706 1872 καὶ
747 1819 823 1883 ὡς
870 1819 1240 1890 όλοκάρπωμα
1287 1820 1475 1884 θυσίας
1534 1818 1891 1892 προσεδέξατο
1920 1804 1963 1861 Β

317 1909 542 1972 αὺτούς.
571 1928 590 1961 ι
614 1909 733 1963 ’ῐνα
762 1908 822 1962 δὲ
847 1910 912 1963 ἐκ
934 1910 1038 1980 τῆς
1072 1909 1392 1974 ἀκολουθίας
1415 1910 1621 1982 δειχθῇ,
1646 1911 1728 1965 ὅτι
1762 1910 1889 1982 περὶ

319 2000 618 2072 μαρτύρων
636 1999 800 2070 λέγει,
829 1999 993 2070 βλέπε
1023 2000 1076 2052 τί
1100 1999 1296 2068 ἐπάγει
1314 2016 1328 2030 ·
1354 2017 1372 2050 ι
1389 1998 1556 2054 ’Μετὰ
1579 1999 1889 2070 στιγμάτων

313 2088 408 2142 τοῦ
455 2088 744 2159 ἀργυρίου.
785 2107 803 2140 ι
842 2087 1124 2158 Στίγματα
1153 2087 1262 2157 γὰρ
1309 2088 1501 2155 σαφῶς,
1532 2089 1586 2141 αί
1630 2089 1890 2158 μάστιγες

317 2181 411 2232 καὶ
444 2181 502 2232 αί
540 2178 763 2248 βάσανοι
789 2177 899 2230 τῶν
920 2178 1061 2249 ὑπὲρ
1082 2176 1318 2248 Χριστοῦ
1340 2177 1682 2248 πασχόντωψ
1709 2176 1890 2242 καθώς

317 2287 409 2341 μοι
443 2271 718 2340 μαρτυρεῖ
746 2268 840 2321 καὶ
865 2268 894 2320 ὁ
934 2267 1144 2331 Παῦλος
1173 2267 1346 2336 λέγων
1367 2285 1380 2298 ·
1427 2286 1447 2320 ι
1503 2267 1643 2337 Ἐγὼ
1683 2268 1789 2339 γὰρ
1820 2267 1888 2321 τὰ

317 2360 592 2428 στίγματα
637 2357 734 2411 τοῦ
781 2356 1192 2429 Κυρίουοήμῶν
1237 2357 1412 2428 Ἰησοῦ
1458 2358 1694 2428 Χριστοῦ
1722 2361 1780 2412 ἐν
1809 2357 1888 2430 τῷ

322 2450 534 2523 σώματί
565 2466 667 2522 μου
700 2448 975 2519 βαστάζω.
1011 2465 1032 2502 ι
1075 2448 1373 2517 Ἐπάγειδὲ
1398 2451 1426 2503 ὁ
1451 2448 1640 2518 λόγος’

391 2627 518 2680 KA’.
557 2627 646 2679 Στ.
691 2630 781 2680 ια’.
815 2625 972 2690 Ἕως
997 2619 1070 2680 οὗ
1103 2626 1136 2679 ό
1159 2623 1458 2691 ,βασιλεὺς
1483 2624 1554 2679 ἐν
1574 2624 1889 2680 ἀνακλίσει

317 2715 526 2770 αὑτοῦ.

389 2808 507 2862 Ἵνα
537 2808 669 2877 εἴπῃ
696 2823 711 2840 ο
755 2807 902 2870 Ἕως
933 2806 1033 2876 τῆς
1071 2805 1491 2875 παλιγγενεσίας
1531 2804 1621 2859 διὰ
1651 2806 1750 2877 τῆς
1779 2806 1888 2861 τῶν

311 2900 512 2970 γάμων
558 2897 820 2969 εὐωχίαςο
850 2899 956 2961 ἕως
978 2897 1098 2950 τότε
1133 2897 1202 2950 τὰ
1237 2895 1558 2968 ὁμοιώματα
1589 2897 1762 2951 ταῦτα
1789 2895 1885 2952 τοῦ

313 2990 581 3061 ἀργυρίου
610 2990 902 3058 συνάγεται
918 3005 931 3019 ·
949 2989 1254 3043 τουτέστιν·
1281 2989 1344 3042 Oi
1370 2988 1510 3058 ὑπὲρ
1533 2988 1630 3058 τῆς
1651 2989 1886 3052 πίστεως

312 3082 641 3150 πάσχοντες,
675 3079 736 3132 οὒ
766 3080 926 3150 μόνον
947 3079 1005 3132 ἐν
1033 3079 1208 3150 καιρῷ
1226 3077 1480 3148 διωγμῶν
1499 3077 1585 3132 διὰ
1616 3078 1882 3148 βασάνων,
1911 3067 1953 3126 C

310 3170 566 3224 ἀλλὰκαὶ
600 3172 657 3225 ἐν
698 3169 876 3240 καιρῷ
908 3168 1130 3240 εἰρήνης
1159 3168 1247 3222 διὰ
1282 3168 1378 3222 τοῦ
1420 3167 1519 3239 τὴν
1562 3168 1753 3240 στενὴν
1793 3170 1888 3222 καὶ⁹

308 3260 684 3332 τεθλιμμένην
714 3260 830 3331 (25)
859 3257 977 3314 όδδν
997 3261 1236 3330 τρέχειν,
1259 3261 1354 3313 καὶ
1371 3261 1492 3323 ταῖς
1519 3259 1630 3331 (24)
1654 3259 1887 3332 πράξεσι

307 3347 439 3409 τοὺς
491 3347 778 3419 μάρτυρας
828 3347 1126 3418 μιμεῖσθαι.
1165 3343 1298 3402 Εἶτα
1346 3349 1796 3421 άνταποκρίνεται
1852 3350 1885 3420 ἠ

309 3438 521 3510 νύμφη,
548 3440 643 3492 καὶ
674 3439 821 3508 λέγει
852 3441 988 3510 πρὸς
1018 3442 1109 3494 τὸν
1141 3441 1370 3512 νυμφίον
1393 3457 1406 3470 ·

381 3530 513 3583 κε’.
555 3529 792 3597 Νάρὸος
816 3548 936 3598 μου
967 3530 1188 3584 ἔδωκεν
1220 3532 1421 3600 ὀσμὴν
1447 3532 1655 3588 αὐτοῦ.

393 3620 484 3672 Ἐν
522 3619 600 3689 τῷ
639 3619 751 3689 γὰρ
785 3620 875 3673 τὸν
907 3620 1136 3691 νυμφίον
1181 3623 1342 3677 αὐτὸν
1393 3626 1565 3678 εἰπεῖν
1616 3626 1742 3698 περὶ
1777 3624 1886 3679 τῶν

312 3707 629 3780 μαρτύρων,
668 3710 1128 3781 ἀνταποκρίνεται
1159 3712 1555 3784 εὐχαριστοῦσα
1581 3715 1749 3788 αὐτῷ,
1792 3717 1886 3770 καὶ

307 3797 489 3868 λέγει·
529 3820 548 3851 ι
579 3801 790 3871 Νάρδος
840 3819 943 3872 μου
990 3802 1190 3859 ἔδωκεν
1215 3807 1391 3880 ὀσμὴν
1437 3807 1604 3862 αὑτοῦ
1625 3825 1637 3838 ο
1669 3827 1689 3861 ι
1725 3825 1882 3862 τουτ-

312 3887 437 3942 ἐστι
462 3888 572 3960 (25)
591 3906 604 3918 °
631 3892 702 3946 Σὺ
727 3893 896 3947 ταῦτα
919 3894 987 3948 τὰ
1011 3896 1190 3965 ἀγαθὰ
1233 3899 1484 3970 ἀπήρξω.
1510 3899 1610 3953 Διὰ
1650 3901 1757 3972 γὰρ
1783 3901 1882 3970 τῆς

313 3976 545 4048 νάρδου,
561 3981 652 4033 τοῦ
671 3982 775 4053 (26)
796 3984 1136 4058 ἀλαϐάστρου
1162 3989 1254 4042 τοῦ
1279 3989 1472 4062 μύρου,
1501 3991 1628 4062 περ)⁸
1647 3986 1706 4045 οὗ
1724 3995 1752 4045 ὁ
1771 3992 1884 4044 Κύ-

307 4086 436 4142 ριος
459 4069 640 4138 λέγει·
676 4092 692 4124 ι
707 4075 926 4146 Ἅφετε,
945 4077 1039 4130 καὶ
1062 4077 1137 4148 μὴ
1158 4079 1358 4143 κόπους
1387 4079 1655 4152 παρέχετε
1675 4084 1740 4152 τῇ
1776 4098 1878 4150 γυο

305 4163 462 4214 ναικί
481 4178 495 4191 ⁸
515 4163 688 4217 καλὸν
717 4166 826 4237 γὰρ
852 4165 1012 4238 ἔργον
1038 4170 1332 4241 εἰργάσατο
1359 4172 1438 4235 είς
1471 4171 1591 4242 ἐμὲ,
1634 4192 1652 4224 ι
1687 4176 1780 4227 καὶ
1808 4173 1879 4227 τὰ

305 4251 459 4322 ἑξῆς.
500 4253 713 4326 Ὠσπερ
753 4251 844 4310 οὖν
882 4259 1265 4327 άντιφωνοῦσα
1294 4265 1360 4334 τῇ
1388 4264 1708 4334 εὐχαριστίᾳ
1736 4265 1880 4334 λέγει

302 4345 591 4450 ὴονύμφψ
615 4349 927 4450 ’ἐΰτξίςὲμοι
1083 4352 1308 4450 εὐωδίαν
1354 4354 1561 4420 ἔδωκας
1586 4359 1696 4410 τῶν
1737 4375 1879 4428 μαρ-
1912 4395 1954 4450 D

301 4435 508 4507 τύρων.
545 4457 564 4488 ι
615 4439 678 4491 Ἢ
701 4439 894 4510 νάρδος
936 4459 954 4493 ι
986 4441 1094 4513 γάρ
1127 4461 1145 4494 ι
1178 4443 1376 4498 ἔδωκεν
1409 4446 1582 4517 ὀσμὴν
1620 4447 1784 4500 αὑτοῦ
1806 4466 1818 4479 ·
1855 4468 1874 4501 ι

300 4531 442 4600 ὅπερ
489 4528 643 4581 ἐστί·
691 4529 766 4582 Τὸ
813 4531 904 4584 σὸν
956 4532 1286 4607 μαρτύριον,
1337 4537 1430 4591 καὶ
1475 4539 1508 4608 ἡ
1561 4538 1628 4610 σὴ
1685 4539 1882 4594 εὐωδία

308 4619 694 4690 προετρέψατο
724 4622 847 4684 τοὺς
880 4623 1161 4694 μάρτυρας
1186 4626 1325 4698 ὑπὲρ
1349 4627 1446 4680 τοῦ
1468 4629 1662 4683 παθεῖν
1682 4647 1696 4660 ο
1731 4629 1882 4684 ἐπει-

301 4711 484 4781 δήπερ
513 4711 609 4763 καὶ
645 4711 710 4763 σὺ
741 4711 940 4777 ἔπαθες
969 4715 1110 4786 ὑπὲρ
1147 4719 1180 4785 ἠ
1191 4717 1326 4786 μῶν.
1382 4719 1514 4772 Ἀπὸ
1536 4719 1593 4773 δὲ
1624 4721 1723 4791 τῆς
1752 4725 1882 4776 άκοο

306 4801 532 4867 λουθίας
573 4806 890 4872 γινωσκέτω
934 4809 1042 4871 πᾶς
1084 4826 1165 4874 τις
1201 4810 1310 4866 τῶν
1353 4811 1526 4881 λόγων
1569 4812 1666 4884 τὴν
1711 4814 1882 4885 ἁρμο-

301 4892 448 4946 νιαν.

380 4987 528 5052 KG’.
570 4987 662 5040 Στ.
707 4987 792 5041 ιϐ’.
847 4987 1204 5061 Ἀπόδεσμος
1235 4991 1346 5060 τῆς
1389 4993 1658 5061 στακτῆς
1700 4993 1875 5050 ἀδελ-

300 5075 481 5145 φιδός
500 5093 623 5145 μου
652 5077 786 5147 ἐμοί
791 5097 836 5131 .·
1253 5136 1261 5150 ι

379 5167 560 5231 Εὐθὺς
587 5167 992 5239 ὑπομιμνήσκει
1020 5169 1080 5225 τὸ
1105 5166 1246 5242 αἷμα
1271 5173 1365 5228 καὶ
1391 5174 1451 5226 τὸ
1479 5175 1620 5248 ὕδωρ
1653 5177 1712 5231 τὸ
1744 5178 1875 5232 στά-

1996 562 2208 618 subdit:
2261 581 2280 614 ι
2315 561 2519 617 Collum
2563 569 2712 614 tuum
2760 561 2900 616 sicut
2945 561 3172 625 monile;
3209 578 3228 612 ι
3270 569 3330 614 ut
3355 560 3562 614 indicet

1995 653 2156 707 etiam
2182 666 2274 706 eos
2307 651 2396 720 qui
2428 665 2492 704 ex
2521 648 2726 704 Iudaeis
2748 651 3129 705 crediderunt:
3159 651 3208 704 in
3247 650 3560 705 memoriam

1995 757 2256 798 revocans
2279 741 2428 797 Judae
2461 741 2658 795 monile
2679 741 2723 773 ⁸⁸
2757 741 2900 810 quod
2939 740 3176 796 Thamar
3214 743 3403 796 datum
3440 739 3558 794 fuit.

2000 855 2020 886 ς
2058 832 2396 888 Manifestum
2452 832 2596 886 enim
2638 839 2742 895 est,
2791 830 2933 900 quod
2979 846 3047 885 ex
3099 829 3234 886 Iuda
3284 839 3436 884 ortus
3476 837 3561 884 est

1995 923 2252 978 Dominus
2295 932 2478 976 noster
2506 919 2663 976 Jesus
2692 920 2941 976 Chrisms
2965 961 2981 987 ,
3025 940 3044 974 ι
3082 921 3378 976 secundum
3411 921 3558 989 Apo-

1993 1009 2276 1065 stolum".
2317 1009 2519 1066 Deinde
2553 1010 2953 1080 generationem
2995 1009 3110 1078 ejus
3143 1008 3395 1078 (sponsae)
3436 1024 3567 1064 cum-

1993 1100 2350 1166 enarraverit,
2398 1109 2455 1156 et
2497 1110 2747 1156 ornatum
2794 1115 2953 1172 quem
3000 1101 3075 1155 illi
3110 1101 3275 1156 donat
3308 1114 3557 1170 sponsus,

1993 1190 2229 1246 subdunt
2255 1189 2512 1259 apostoli:

2062 1267 2444 1336 XXIIICVsss.
2480 1279 2566 1335 I0.
2609 1279 2990 1336 Similitudines
3034 1281 3152 1334 auri
3183 1281 3436 1349 faciemus
3464 1281 3560 1334 tibi

1993 1387 2109 1424 cum
2129 1371 2456 1440 stigmatilms
2483 1373 2704 1441 argenti.

2067 1461 2464 1517 Similitudines
2497 1462 2615 1516 auri
2657 1477 2762 1518 non
2797 1462 2932 1517 alias
2968 1477 3088 1517 esse
3132 1461 3370 1516 arbitror
3399 1474 3560 1528 quam

1997 1561 2213 1609 sanctos
2232 1560 2533 1622 martyres;
2559 1552 2989 1622 quandoquidem
3010 1552 3133 1621 igne
3154 1549 3362 1619 probati
3385 1549 3560 1619 spieu—

1992 1643 2251 1711 didiorem
2299 1643 2660 1698 exhibuerunt
2706 1643 2902 1710 ﬁdem;
2938 1644 3014 1698 ait
3047 1644 3189 1698 enim
3233 1642 3559 1709 Scriptura:

1997 1752 2017 1786 ‹
2057 1733 2336 1802 Tanquam
2396 1747 2585 1788 aurum
2637 1734 2690 1788 in
2741 1731 2959 1788 fornace
3010 1731 3272 1788 conﬂatos
3317 1729 3560 1798 probavit

1991 1837 2106 1889 eos,
2143 1832 2198 1878 et
2223 1824 2362 1879 sicut
2390 1824 2760 1880 holocaustum
2799 1824 3050 1880 sacrificii
3080 1822 3318 1891 suscepit
3337 1820 3507 1876 eos".
3536 1837 3557 1872 ι

1991 1912 2063 1969 Ut
2089 1922 2267 1969 autem
2295 1929 2364 1971 ex
2396 1915 2460 1970 iis
2487 1930 2606 1985 qua:
2639 1925 2938 1984 sequuntur
2985 1913 3389 1969 demonstretur
3439 1925 3560 1966 ser-

1990 2020 2203 2061 monem
2227 2020 2348 2062 esse
2373 2009 2437 2062 de
2459 2006 2804 2078 martyribus,
2822 2007 2945 2062 vide
2967 2006 3108 2076 quod
3132 2004 3340 2060 subdit:
3370 2021 3391 2055 ι
3427 2002 3560 2058 Cum

1989 2100 2334 2170 stigmatihus
2385 2102 2614 2172 argenti.
2671 2120 2691 2153 ι
2754 2100 3016 2172 Stigmata
3076 2100 3221 2155 enim
3277 2097 3559 2154 manifesto

1989 2203 2113 2248 sunt
2160 2193 2385 2248 verbera
2443 2204 2498 2248 et
2541 2203 2805 2249 tormenta
2855 2207 3041 2248 eorum
3090 2192 3183 2261 qui
3216 2203 3314 2262 pro
3345 2188 3560 2245 Christo
3619 2201 3628 2206 ·

1996 2285 2142 2354 passi
2171 2293 2331 2340 sunt:
2373 2285 2823 2354 quemadmodum
2854 2293 3082 2339 testatur
3111 2282 3312 2337 Paulus
3339 2281 3559 2336 dicens:

1993 2395 2013 2428 ι
2050 2376 2160 2444 Ego
2185 2378 2328 2432 enim
2360 2377 2614 2448 stigmata
2649 2377 2857 2432 Domini
2891 2376 3060 2430 nostri
3096 2373 3224 2430 Jesu
3262 2373 3464 2440 Christi
3504 2373 3563 2427 in

1987 2480 2221 2535 corpore
2272 2479 2394 2521 meo
2446 2466 2692 2535 porto“.
2751 2483 2771 2517 ι
2831 2464 3089 2534 Sequitur
3143 2471 3324 2518 autem
3378 2461 3564 2516 oratio

1987 2549 2174 2612 dicens
2195 2573 2209 2610 :

1988 2645 2178 2702 XXIV.
2212 2643 2374 2700 Vsus.
2407 2645 2496 2703 il.
2535 2644 2727 2709 Quoad
2759 2659 2922 2714 usque
2959 2659 3052 2698 rea:
3088 2642 3143 2696 in
3173 2641 3410 2697 recubitu
3437 2657 3554 2696 suo.

2063 2824 2131 2880 Ut
2152 2821 2328 2879 dicat:
2355 2823 2534 2892 Usque
2562 2823 2632 2877 ad
2649 2822 3109 2893 regenerationem
3134 2835 3230 2892 per
3251 2820 3560 2876 convivium

1991 2915 2342 2986 (ctelestium)
2380 2916 2708 2987 nuptiarum.
2751 2915 2932 2984 Usque
2957 2924 3086 2971 tunc
3123 2917 3206 2970 hae
3235 2915 3446 2993 argenti
3475 2915 3558 2970 sl-

1987 3006 2314 3063 militudines
2344 3018 2772 3078 congregantur:
2803 3008 2905 3063 hoc
2933 3017 3036 3071 est,
3063 3006 3166 3074 Qui
3197 3021 3294 3074 pro
3322 3006 3429 3061 lide
3463 3021 3562 3076 pa-

1991 3098 2192 3153 tiuntur
2220 3111 2326 3152 non
2362 3098 2538 3152 solum
2568 3098 3002 3168 persecutionum
3049 3106 3288 3165 tempore
3315 3111 3412 3166 per
3446 3105 3561 3152 tor-

1990 3197 2192 3252 menta,
2233 3189 2328 3243 sed
2367 3188 2530 3244 etiam
2579 3189 2730 3257 pacis
2776 3198 3020 3258 tempore
3051 3202 3148 3256 per
3193 3196 3476 3258 angustam
3502 3197 3561 3243 et

1989 3289 2195 3335 arctam
2224 3277 2365 3336 viam
2401 3279 2687 3344 currendo,
2720 3287 2776 3334 et
2804 3278 3109 3334 actionibus
3139 3279 3254 3334 suis
3289 3286 3558 3349 martyres

1990 3371 2273 3427 imitando.
2309 3371 2511 3427 Deinde
2542 3371 2781 3428 vicissim
2814 3383 3010 3441 sponsa
3043 3369 3350 3440 respondet,
3383 3378 3438 3424 et
3480 3370 3562 3424 di-

1988 3465 2057 3519 cit
2089 3477 2319 3533 sponso:

2048 3552 2222 3626 XXV.
2254 3551 2473 3606 Nardus
2505 3567 2619 3606 mea
2648 3549 2790 3606 dedit
2817 3552 3034 3606 odorem
3063 3567 3238 3608 suum.
3279 3581 3284 3583 -

2057 3641 2192 3696 Dum
2221 3641 2336 3712 ipse
2363 3656 2593 3712 sponsus
2617 3641 2853 3710 loquitur
2881 3641 2947 3697 de
2969 3642 3320 3713 martyribus,
3347 3644 3555 3712 gratias

1986 3733 2061 3788 illi
2109 3747 2273 3802 agens
2315 3746 2510 3801 sponsa
2545 3731 2853 3800 respondet,
2901 3742 2956 3786 et
2995 3733 3106 3787 ait:
3143 3751 3162 3784 ι
3195 3733 3404 3794 Nardus
3441 3751 3557 3790 mea

1985 3823 2130 3878 dedit
2159 3823 2381 3878 odorem
2422 3837 2577 3878 suum
2606 3841 2618 3876 :
2659 3841 2678 3874 ι
2712 3823 2816 3876 Ιιοε
2851 3830 2954 3886 est,
2989 3823 3122 3878 [hec
3168 3825 3308 3878 hona
3337 3834 3390 3878 tu
3423 3826 3556 3879 deli-

1984 3914 2157 3979 basti;
2187 3928 2308 3967 nam
2339 3927 2436 3983 per
2474 3912 2715 3966 'nardum
2756 3911 3085 3965 alabastrum
3113 3913 3369 3981 unguenti
3403 3908 3555 3969 com-

1986 4011 2270 4068 memorat,
2307 4004 2372 4056 de
2410 4015 2516 4070 quo
2546 4000 2803 4055 Dominus
2834 3999 2995 4053 dicit:
3033 4017 3052 4051 ι
3092 4000 3286 4068 Sinite,
3317 4017 3416 4058 nec
3441 4020 3556 4059 mo-

1986 4094 2107 4150 lesti
2133 4093 2252 4148 sitis
2280 4093 2523 4158 mulieri;
2559 4093 2756 4148 bonum
2789 4091 2932 4147 enim
2964 4107 3100 4163 opus
3127 4102 3348 4162 operata
3387 4105 3472 4151 est
3501 4096 3555 4150 In

1985 4181 2165 4246 me";
2206 4198 2226 4232 ι
2256 4188 2310 4235 ει
2335 4195 2456 4249 qua:
2486 4180 2756 4248 deinceps.
2807 4179 3018 4250 Sponsa
3050 4181 3214 4252 igitur
3238 4183 3402 4239 veluti
3430 4199 3552 4240 cum

1985 4271 2286 4342 gratiarum
2309 4273 2523 4327 actione
2550 4271 2886 4340 respondens
2916 4273 3027 4328 ait:
3060 4272 3177 4344 Ipse
3206 4274 3334 4328 mihi
3361 4274 3556 4330 dedisti

1983 4362 2201 4418 odorem
2232 4370 2551 4432 martyrum.
2592 4381 2610 4414 ι
2643 4361 2853 4418 Nardus
2885 4383 2903 4415 ι
2936 4363 3079 4418 enim
3110 4383 3128 4416 ι
3158 4365 3304 4421 dedit
3327 4365 3559 4422 odorem

1983 4471 2172 4522 suum;
2205 4473 2223 4507 ι
2257 4454 2361 4509 hoc
2390 4463 2492 4520 est,
2521 4453 2695 4508 Tuum
2727 4455 3042 4526 martyrium
3068 4465 3122 4512 et
3143 4459 3278 4513 odor
3309 4467 3432 4514 tuus
3463 4473 3554 4514 co-

1985 4547 2234 4600 hortatus
2262 4555 2345 4600 est
2376 4554 2669 4616 martyres,
2707 4556 2767 4600 ut
2794 4562 2892 4617 pro
2921 4556 2974 4602 te
3003 4557 3338 4618 paterentur,
3369 4564 3550 4618 quan-

1986 4638 2270 4706 doquidem
2300 4647 2356 4692 tu
2400 4653 2620 4708 quoque
2663 4655 2762 4708 pro
2808 4640 2962 4695 nobis
3011 4655 3070 4696 es
3112 4655 3323 4710 passus.
3361 4641 3439 4694 Ex
3487 4639 3556 4694 iis

1987 4741 2116 4781 vero
2148 4741 2268 4796 qua:
2296 4735 2616 4795 sequuntur,
2646 4730 2874 4798 quisque
2912 4727 3213 4799 intelligere
3241 4729 3440 4798 poterit
3469 4737 3552 4783 to-

1987 4818 2092 4872 tius
2120 4817 2380 4901 orationis
2401 4818 2808 4875 connexiouem.

2055 4997 2241 5053 XXVI.
2267 4997 2428 5053 Vsus.
2478 4996 2566 5053 I2.
2595 4997 2905 5054 Fasciculus
2931 5009 3090 5070 gutta:
3119 4993 3384 5069 fratruelis
3404 5010 3550 5050 meus

1980 5093 2129 5146 mihi.

2054 5180 2247 5236 Statim
2280 5189 2666 5235 commemorat
2713 5178 3030 5248 sanguinem
3082 5185 3138 5232 et
3176 5191 3395 5248 aquam,
3431 5192 3552 5248 quae

377 5279 424 5310 ⁸⁸
459 5279 600 5336 Cen.
625 5297 855 5346 xxxvm,
880 5285 966 5340 18.
1041 5285 1085 5318 δ’
1111 5283 1274 5340 Hebr.
1299 5302 1392 5350 vn,
1424 5287 1510 5341 Η.
1590 5288 1636 5320 ’³
1661 5288 1785 5359 Sap.
1813 5305 1892 5356 ιιι,

2059 5291 2303 5348 "Galat.
2360 5305 2435 5354 νι,
2489 5288 2575 5344 l7.
2647 5289 2693 5320 "
2745 5287 2933 5343 Matth.
2967 5302 3120 5354 τιτι,
3165 5287 3250 5344 I0.

381 5392 496 5464 (22)
528 5391 903 5476 ῌΙοημίιιει-ἱνιιε
965 5398 1276 5467 absolutus;
1334 5415 1509 5470 neque
1552 5401 1750 5458 idcirco
1796 5403 1884 5458 hic

303 5465 458 5517 locus
481 5464 877 5518 sollicitandus.

381 5533 498 5610 (23)
534 5534 955 5610 7:80.1tpyér‘qr.
992 5535 1277 5610 salutatus,
1311 5540 1502 5610 legisse
1548 5540 1764 5596 videtur
1793 5558 1884 5595 τε·

304 5601 908 5678 τελειωμένηνὲβνειιξι
935 5605 1078 5678 enim
1115 5625 1134 5658 ι
1158 5601 1453 5678 perfectam
1480 5610 1644 5665 viam.
1678 5631 1696 5662 ι
1770 5663 1777 5668 .

381 5672 502 5754 sit)
538 5672 908 5755 Es_\'alliccll.
947 5672 1174 5734 restitui
1193 5681 1334 5746 ταῖς.
1384 5681 1546 5738 Barb.
1595 5681 1755 5738 habet
1793 5682 1884 5737 καὶ

304 5742 484 5797 ταῦτα
513 5742 757 5810 πράξεσι.

2057 5404 2170 5474 (25)
2207 5402 2504 5474 Τουτέστι.
2536 5400 2636 5474 Hic
2671 5401 2723 5454 in
2752 5415 2902 5474 _meo,
2933 5413 2986 5461 et
3029 5401 3193 5458 Barb.
3236 5402 3422 5473 incipit
3449 5401 3548 5458 bu«

1985 5470 2079 5540 ius.
2100 5470 2288 5528 versus
2309 5471 2635 5542 explanatio,
2660 5470 2875 5542 omissis
2904 5475 3272 5542 superioribus
3293 5470 3411 5542 qua:
3433 5488 3557 5542 sup-

1984 5539 2121 5624 plevi
2149 5558 2213 5596 ex
2268 5539 2452 5597 codice
2504 5539 2871 5608 Valticellano,
2914 5539 3084 5614 eaque
3124 5539 3370 5614 agnoscit
3398 5539 3550 5597 vetus

1983 5623 2341 5754 ιῗιὲιῧτῗεεο
2380 5679 2469 5754 τὸν
2506 5680 2843 5754 ἀλάϐαστρον
2870 5681 3014 5754 λέγει
3063 5683 3157 5738 τοῦ
3184 5679 3355 5754 μύρου
3377 5696 3390 5712 ⁸
3423 5679 3546 5751 περὶ

1982 5746 2044 5806 οὗ
2065 5746 2100 5806 ό
2127 5746 2348 5824 Κύριός·
2379 5752 2597 5823 Ἅφετε,
2626 5771 2680 5806 κ.
2714 5746 2764 5806 τί
2801 5753 2848 5808 λ.
