4048 6212
491 345 554 402 sa
1407 400 1414 405 ,
1456 325 1461 329 ’
1608 341 1928 401 PllILONIS
1968 341 2275 399 Episcopi
2315 341 2636 398 caepas"
3663 343 3732 397 so

489 462 657 516 sta-ba
712 469 896 532 surget
951 461 1332 532 cupressus".
1367 460 1854 531 3Quandoquidem
1921 461 2062 515 enim

2178 476 2302 530 φησι
2323 475 2336 490 ·
2380 478 2398 510 ι
2435 459 2542 512 Καὶ
2574 457 2696 513 ἀντὶ
2731 459 2830 530 τῆς
2867 458 3084 528 στοιϐἦς
3113 458 3226 528 (55)
3279 459 3606 530 ἀναϐήσεται
3638 478 3734 514 xu-

487 552 632 619 tigna
678 551 907 606 interius
945 563 1089 615 sunt,
1120 561 1175 604 et
1211 550 1553 619 laquearibus
1606 551 1748 619 tigna
1781 549 2060 604 occultan-

488 647 606 698 tur;
644 637 917 707 laquearia
968 647 1146 693 autem
1197 639 1416 694 domum
1453 639 1750 708 jucundam
1789 639 2061 706 eﬂicinnt;

490 739 773 797 propterea
797 731 1031 798 primum
1059 731 1348 801 prophetas
1366 732 1527 802 tignis
1557 732 1842 796 assimilat,
1871 732 2063 789 deinde

490 831 712 888 prepter
744 822 952 878 illustre
979 834 1355 878 ornamentum
1388 825 1641 879 Ecclesia:
1665 823 1810 894 quod
1837 825 1904 879 ab
1932 838 2063 892 apo-

491 911 640 965 stolis
664 914 1046 982 proﬁciscitur,
1078 917 1154 970 ait
1180 933 1195 969 :
1233 935 1252 968 ‹
1276 917 1574 986 Laqnearia
1604 923 1812 981 nostra,
1843 929 2063 984 cupres-

491 1003 531 1055 si
565 1019 579 1056 :
611 1021 629 1053 3
667 1013 722 1057 nt
765 1006 1120 1074 apostolicum
1165 1007 1295 1062 illud
1329 1015 1791 1076 praemonstretur,
1825 1006 2014 1062 dicens
2043 1024 2058 1061 :

491 1090 718 1147 (Posuit
745 1093 1003 1150 Dominus
1025 1096 1079 1150 in
1104 1095 1340 1150 Ecclesia
1379 1096 1612 1164 primum
1648 1094 1940 1171 apostolos,
1977 1109 2064 1150 se-

491 1183 667 1238 cundo
725 1186 1144 1256 prophetas".3
1203 1185 1527 1253 Praelulgent
1585 1185 1730 1240 enim
1786 1185 2067 1254 prophetis

460 1275 754 1342 .apostoli;
803 1278 1233 1347 quandoquidem
1283 1287 1503 1347 propter
1547 1291 1642 1331 eos
1675 1275 1939 1346 appellata
1978 1285 2064 1332 est

492 1363 714 1429 pulchra
745 1365 946 1420 Christi
975 1382 1196 1436 sponsa,
1231 1383 1353 1437 qua:
1389 1377 1445 1422 et
1475 1365 1805 1433 insequendo
1834 1365 1910 1418 ait
1940 1382 1955 1422 :

2163 553 2446 625 πάρισσος.
2488 572 2508 606 3
2559 553 2776 624 Ἐπειδὴ
2814 552 2923 624 γάρ
2955 552 3070 624 (56)
3104 552 3161 606 αἱ
3193 552 3339 605 δοκοὶ
3369 551 3480 606 τῶν
3525 569 3738 621 φατνω-

2167 643 2352 716 μάτων
2386 645 2524 698 εἰσὶν
2553 643 2842 717 ὲσώτεραι,
2875 644 2968 698 καὶ
3003 643 3108 697 ὑπὸ
3137 643 3248 697 τῶν
3271 643 3649 714 φατνωμάτων
3676 645 3728 696 αἱ

2168 737 2315 792 δοκοὶ
2353 736 2717 815 καλύπτονται
2740 751 2756 768 ·
2792 738 3090 810 τερπνὸτης
3119 736 3176 789 δὲ
3203 733 3297 788 τοῦ
3333 735 3480 788 οἴκου
3529 734 3600 787 τὰ
3633 752 3736 803 φα-

2163 827 2453 899 τνώματα⁶
2491 828 2580 882 διὰ
2611 828 2768 883 τοῦτο
2815 829 3031 898 πρῶτον
3073 828 3200 892 τοὺς
3240 828 3528 897 προφήτας
3560 826 3740 890 δοκοῖς

2165 915 2486 981 ἀπεικάζει·
2539 917 2731 972 ἔπειτα
2779 917 2867 971 διὰ
2916 917 3008 970 τὸν
3057 916 3330 988 περιφανῆ
3385 915 3590 985 κόσμον
3639 916 3740 985 τῆς

2178 1007 2504 1076 Ἐκκλησίας
2551 1011 2615 1061 ὲκ
2665 1007 2772 1061 τῶν
2824 1008 3137 1061 ἀποστόλων
3183 1007 3319 1076 αὐτῇ
3375 1005 3739 1075 γεγενημένον

2165 1098 2344 1166 λέγει·
2381 1117 2400 1150 ι
2422 1097 2762 1170 Φατνὼματα
2783 1097 2961 1170 ήμῶν,
2980 1098 3330 1169 κυπάρισσοι·
3358 1114 3377 1149 3
3406 1095 3494 1150 ῐνα
3520 1095 3582 1148 τδ
3613 1096 3743 1149 ἀπο-

2173 1187 2420 1242 στολικὺν
2471 1190 2647 1242 ἐκεῖνο
2703 1188 3028 1261 προμηνυθῇ
3085 1187 3234 1258 (5Ἱ),
3292 1185 3356 1239 τδ
3412 1185 3742 1256 λεγόμενον·

2172 1295 2191 1329 ι
2231 1277 2422 1331 Ἔθετο
2453 1277 2659 1350 Κύριος
2703 1279 2760 1355 εν
2798 1282 2865 1352 τῇ
2919 1277 3215 1349 Ἐκκλησίᾳ
3251 1274 3466 1347 πρῶτον
3505 1275 3743 1328 suam-

2166 1366 2311 1432 λους,
2342 1366 2592 1439 δεύτερον
2618 1370 2921 1441 προφήτας.
2963 1389 2983 1422 3
3020 1367 3411 1440 Προλάμπουσι
3445 1365 3556 1438 γὰρ
3585 1368 3644 1421 ὲν
3675 1369 3743 1438 τῇ

501 1454 797 1527 Ἐκκλησίᾳ
835 1457 944 1510 τῶν
981 1458 1276 1530 προφητῶν
1315 1459 1367 1513 οι
1405 1457 1727 1512 ἀπόστολοι·
1766 1457 2064 1528 ἐπειδήπερ
2099 1455 2166 1510 δι’
2199 1458 2378 1514 αὐτῶν
2447 1458 2650 1532 ἐκλήθη
2689 1459 2747 1534 ’ή
2781 1459 2919 1534 καλὴ
2961 1461 3056 1516 τοῦ
3089 1458 3324 1532 Χριστοῦ
3356 1458 3542 1532 νύμφη
3572 1476 3584 1489 ’
3627 1460 3749 1531 ἥτις

492 1547 585 1603 κει)⁵
614 1547 984 1604 ἀκολουθοῦσα
1012 1550 1158 1620 λέγει
1178 1568 1192 1583 °

1157 1646 1309 1702 CAP.
1337 1648 1398 1702 II.

2819 1647 2977 1701 ΚΕΦ.
3013 1645 3055 1699 Β
3075 1685 3092 1697 .

495 1730 711 1791 XXXV.
742 1735 903 1800 Vens,
923 1736 972 1792 I.
992 1735 1104 1807 Ego
1136 1739 1235 1806 ﬂos
1260 1741 1432 1806 campi
1459 1750 1505 1794 et
1529 1740 1697 1795 lilium
1727 1741 2062 1797 convallium.

2178 1693 2287 1793 te.
2323 1736 2413 1790 Dr.
2445 1741 2514 1792 α’.
2564 1733 2706 1804 Ἐγὼ
2733 1693 3051 1802 dre-3L2};
3075 1693 3305 1801 πεδίου,
3342 1735 3441 1789 και
3475 1735 3589 1808 (58)
3623 1736 3751 1805 κρι-

563 1915 840 1986 Tanquam
880 1919 1202 1976 blandiendo
1228 1937 1327 1978 suo
1360 1922 1530 1991 ipsius
1564 1938 1763 1995 sponso
1790 1927 1841 1981 in
1873 1926 2062 1984 iisdem

493 2009 843 2078 immoratur;
881 2015 1268 2068 convenienter
1311 2015 1425 2085 ipsa
1471 2031 1530 2073 se
1554 2017 1740 2076 ﬂorem
1769 2022 1943 2092 campi
1967 2036 2064 2092 ap-

493 2101 675 2168 pellat,
703 2105 828 2171 quia
865 2119 985 2158 cum
1020 2107 1275 2162 meditata
1317 2111 1388 2163 sit
1423 2112 1737 2180 prophetica
1783 2115 2062 2180 vaticinia,

492 2194 639 2246 audit
677 2195 744 2249 ab
791 2195 944 2260 Isaia‘,
1006 2214 1026 2248 ι
1058 2195 1296 2262 Laetare,
1329 2199 1540 2255 deserta
1579 2201 1803 2256 sitiens:
1833 2206 2070 2258 exsultet-

492 2284 703 2339 deserta
737 2304 750 2340 :
780 2296 834 2341 et
887 2286 1076 2342 ﬂoreat
1138 2299 1194 2343 ut
1234 2290 1398 2344 lilium
1428 2308 1441 2344 :
1467 2299 1523 2346 et
1555 2289 1818 2346 eﬂIorebit
1851 2293 2063 2349 deserta

460 2363 848 2446 ,antiqua”.'3
889 2378 993 2434 Sed
1051 2395 1192 2435 nunc
1246 2389 1351 2434 nun
1405 2381 1577 2437 solum
1625 2382 1847 2438 ﬂoribus
1901 2398 2068 2438 suave

491 2465 622 2531 olet,
661 2470 754 2521 sed
791 2479 843 2522 et
869 2469 1094 2538 justitiae
1128 2469 1392 2524 Irnctibns
1432 2471 1767 2525 dulcedinem
1808 2471 2070 2538 multipli-

492 2567 600 2611 cat.
627 2557 761 2612 Cum
803 2559 966 2628 igitur
997 2560 1167 2614 dicit:
1203 2578 1222 2610 ι
1245 2560 1356 2631 Ego
1389 2560 1487 2615 ﬂos
1531 2563 1730 2630 campi,
1755 2579 1775 2613 3
1811 2562 2066 2616 vaticinia

491 2649 778 2715 edisserit;
810 2665 931 2704 cum
960 2660 1138 2706 autem
1182 2666 1370 2706 rursus
1407 2653 1535 2708 dicit
1560 2669 1574 2706 :
1599 2671 1619 2704 ι
1647 2654 1712 2707 Ει
1741 2653 1907 2706 lilium
1937 2668 2070 2707 con-

493 2737 729 2805 vallium,
751 2757 772 2790 3
810 2740 1132 2809 evangelicis
1167 2741 1570 2811 salutiferisque
1604 2751 1658 2795 et
1704 2743 1960 2796 suavibus
1987 2742 2070 2796 di-

495 2829 599 2883 ctis
651 2829 950 2883 delectatur
980 2831 1061 2883 sui
1113 2831 1319 2899 sponsi,
1359 2832 1574 2899 quando
1607 2831 1899 2899 discipulos
1939 2846 2069 2886 suos

495 2919 765 2982 hortatur,
801 2929 859 2972 ut
893 2919 1025 2972 nihil
1056 2919 1270 2974 solliciti
1316 2920 1446 2984 sint,
1495 2921 1719 2975 dicens:
1757 2939 1776 2972 ι
1807 2921 2065 2976 Conside-

494 3021 611 3064 rate
663 3012 772 3065 lilia
818 3012 953 3082 agri,
988 3012 1644 3080 quomodo-adolescunt,
1694 3014 1836 3082 quod
1895 2990 2140 3083 nequeC

496 3101 741 3157 laborant
775 3119 947 3173 neque
979 3113 1105 3158 nent
1127 3105 1196 3159 '".
1226 3123 1245 3156 3
1282 3103 1416 3158 Cum
1455 3104 1617 3175 igitur
1649 3119 1707 3159 se
1744 3106 1916 3174 ipsam
1957 3123 1976 3157 ι
2001 3105 2069 3160 Ιί-

496 3195 626 3250 llum
684 3198 1059 3251 convallium3
1131 3198 1381 3267 appellat,
1434 3199 1745 3269 evangelica
1803 3207 2072 3268 praecepta

498 3301 926 3344 commemorat:
956 3305 1080 3344 cum
1135 3304 1264 3344 vero
1312 3290 1444 3346 dicit
1496 3307 1516 3343 ι
1547 3292 1643 3346 ﬂos
1683 3292 1880 3362 campi,
1905 3309 1924 3343 3
1957 3306 2075 3360 pro-

499 3383 834 3450 pheticormn
898 3385 1275 3440 vaticiniorum
1336 3385 1675 3439 characteres
1745 3383 2069 3439 subindicat’.

500 3474 702 3528 Deinde
755 3475 802 3528 ei
855 3477 1139 3546 respondet
1191 3493 1440 3548 sponsus,
1484 3477 1672 3532 dicens
1713 3477 1781 3531 ad
1838 3492 1899 3533 ea
1954 3491 2073 3546 quze

499 3566 676 3619 locuta
708 3577 786 3621 est
813 3583 829 3621 :

571 3727 817 3800 XXXVI.
853 3747 1012 3801 Vens.
1043 3746 1097 3802 2.
1141 3746 1208 3801 Ut
1249 3747 1420 3801 lilium
1468 3747 1519 3800 in
1565 3747 1733 3800 medio
1778 3746 2071 3815 spinarum,

501 3837 575 3889 ita
611 3838 853 3902 proxima
879 3855 990 3892 mea
1015 3839 1068 3893 in
1104 3841 1273 3894 medio
1302 3841 1559 3908 ﬁliarum.

577 3928 633 3980 Id
669 3928 802 3996 vult,
833 3928 976 3982 illam
1003 3929 1204 3998 justam
1232 3943 1352 3984 esse
1385 3929 1437 3983 in
1483 3927 1658 3984 medio
1706 3927 2071 3998 iniustorum,

503 4021 645 4089 piam
696 4021 751 4072 in
805 4021 982 4074 medio
1032 4022 1317 4088 impiorum
1367 4021 1572 4074 versari
1609 4019 1662 4073 in
1699 4020 1799 4075 hoc
1829 4023 2072 4077 mundo:

503 4111 592 4166 cui
622 4112 752 4164 dicit
791 4109 1076 4178 Apostolus
1105 4129 1118 4163 :
1157 4129 1176 4161 ι
1205 4109 1270 4164 Ut
1295 4113 1415 4164 sitis
1442 4113 1534 4166 lilii
1564 4113 1654 4167 Dei
1683 4114 2075 4184 irreprehenéi-

508 4203 642 4258 biles
669 4202 722 4256 in
752 4202 927 4256 medio
960 4201 1330 4272 generationis
1367 4217 1548 4268 pravae
1584 4213 1637 4256 et
1667 4206 2014 4271 perversae".
2049 4224 2068 4257 3

505 4295 710 4350 Deinde
744 4295 978 4349 vicissim
1009 4309 1201 4362 sponsa
1237 4293 1303 4347 ad
1337 4309 1493 4347 suum
1531 4308 1791 4364 sponsum
1824 4310 1842 4350 :

571 4468 833 4523 XXXVII.
871 4467 1033 4522 Vens.
1064 4466 1117 4521 3.
1155 4465 1220 4520 Ut
1253 4465 1448 4520 malum
1494 4469 1547 4522 in
1591 4468 1746 4539 lignis
1797 4469 1965 4537 silum,
2000 4472 2073 4525 sic

499 4561 772 4631 fratruelis
798 4576 940 4614 meus
979 4562 1033 4614 in
1057 4562 1224 4616 medio
1248 4561 1524 4630 ﬁliorum.’

578 4739 770 4795 Malum
825 4742 878 4795 in
926 4756 983 4796 se
1031 4743 1145 4812 ipso
1187 4742 1366 4797 cibum
1416 4749 1685 4811 etpotum
1715 4741 1974 4796 continet.
2003 4741 2071 4797 Ut

501 4833 666 4904 igitur
696 4834 962 4905 signiﬁcet
990 4835 1271 4907 mysticam
1296 4835 1538 4890 lzetitiam
1564 4849 1724 4903 quam
1761 4834 1836 4889 illi
1865 4836 2073 4905 peperit

576 4996 620 5028 ⁷⁸
647 4997 747 5051 Isa.
781 4971 986 5062 ινξιό.
1059 4994 1102 5025 ⁷³
1130 4993 1148 5046 l
1181 4991 1417 5057 Cor.xn,
1443 4991 1534 5047 28.
1611 4993 1656 5026 ⁸⁸
1678 4992 1782 5050 Isa.
1815 5011 1978 5062 xxxv,
2015 4999 2066 5065 I,

2233 4999 2276 5032 ⁸¹
2301 4997 2492 5053 Matth.
2519 5013 2595 5062 vr,
2632 4997 2723 5051 28.

578 5155 690 5223 (55)
723 5152 885 5206 Vetus
940 5152 1220 5223 interpres_
1257 5150 1418 5204 vertit
1448 5168 1460 5203 :
1500 5170 1517 5202 ι
1549 5167 1645 5221 pro
1680 5154 2076 5222 constipatione

507 5219 713 5280 orietur
765 5224 1092 5292 ryparissus.
1123 5239 1141 5273 3
1172 5219 1516 5292 fLocusJest
1552 5219 1709 5292 Isaia:
1744 5239 1830 5289 ιν,
1863 5219 1951 5287 I3,
2009 5224 2076 5278 ad

507 5309 664 5362 quem
708 5289 880 5345 locum
935 5291 1208 5352 adnotavit
1232 5289 1506 5362 ﬂebilius.
1539 5310 1557 5342 ι
1584 5290 1788 5357 Sueba,
1842 5295 1941 5346 hoc
1973 5305 2078 5360 est,

509 5358 771 5433 vilissimo
815 5362 995 5433 stipite
1030 5363 1178 5433 juxta
1232 5360 1292 5413 D.
1326 5358 1729 5433 Hieronymum.
1760 5382 1777 5414 3
1811 5358 2086 5418 Caeterum

510 5432 696 5502 στοιϐή
735 5432 1019 5502 herbarum
1051 5432 1266 5485 frondes
1295 5439 1439 5494 sunt,
1473 5432 1670 5501 quibus
1699 5434 1801 5487 tori
1829 5443 1884 5488 et
1915 5433 2083 5489 culci-

513 5513 609 5558 tras
641 5499 936 5556 farciuntur
966 5513 1022 5554 et
1049 5503 1336 5566 stipantur.

582 5576 696 5636 (56)
725 5570 850 5638 Γάρ
874 5585 941 5624 ex
967 5571 1086 5624 cod.
1115 5571 1308 5626 Vallic.

607 5643 694 5710 57)
727 5641 884 5712 βω).
909 5651 965 5696 et
991 5656 1142 5695 meus
1168 5644 1532 5712 προμηνυθέν.

607 5643 694 5710 57)
728 5643 884 5694 Barb.
909 5651 965 5696 et
991 5656 1142 5695 meus
1168 5644 1532 5712 προμηνυθέν.

583 5643 1396 5786 $58)A\'atic._non-habetnxat,
1449 5730 1619 5786 neque
1679 5722 1762 5772 est
1805 5715 1856 5772 in
1913 5714 2077 5771 variis

514 5780 834 5841 Iec‘tionibus
856 5783 984 5839 edit.
1014 5780 1200 5840 Lamb.
1242 5780 1400 5838 Bosii.

2655 1841 2768 1881 νον
2795 1827 2914 1881 τῶν
2946 1826 3261 1882 κοιλὰδων.

2237 1920 2448 1990 Ὠσπερ
2484 1918 2930 1989 χαριεντιζομένη
2981 1919 3118 1990 πρὸς
3148 1918 3240 1972 τὸν
3269 1919 3470 1990 ἑαυτῆς
3513 1919 3753 1990 νυμφίον

2165 2013 2222 2065 ὲν
2246 2013 2358 2075 τοῖς
2401 2013 2585 2075 αὐτοῖς
2626 2011 2972 2082 διατρίϐουσα
3000 2011 3112 2083 (59)
3142 2051 3156 2077 ,
3190 2010 3502 2075 ἀκολούθως
3547 2012 3755 2083 ἑαυτὴν

2165 2104 2321 2168 ἄνθος
2353 2104 2499 2172 λέγει
2531 2104 2626 2156 τοῦ
2655 2103 2859 2168 πεδῖου,
2896 2104 2976 2156 ὃτι
2998 2103 3068 2156 τὰ
3091 2104 3405 2175 προφητικά
3437 2104 3752 2175 μελετῶσα,

2165 2195 2352 2248 ἀκούει
2370 2195 2521 2266 παρά
2556 2194 2796 2248 Ἡσαΐου·
2831 2213 2848 2246 ι
2882 2193 3251 2264 Εὐφράνθητι,
3285 2194 3490 2267 ἕρημος
3512 2195 3750 2264 διψῶσα·

2165 2285 2510 2353 ἀγαλλιάσθω
2542 2286 2574 2354 ή
2606 2284 2832 2356 ἕρημος,
2891 2283 2986 2336 καὶ
3018 2283 3248 2337 ἀνθείτω
3280 2283 3354 2346 ὡς
3398 2284 3611 2355 κρίνον·
3659 2283 3758 2339 καὶ

2165 2377 2446 2449 ὲξανθήσει
2491 2376 2694 2448 ἔρημος
2738 2379 2771 2447 ἡ
2813 2375 3040 2429 παλαιά.
3078 2393 3095 2425 3
3157 2375 3316 2429 Ἀλλά
3353 2377 3448 2429 νῦν
3492 2377 3556 2428 οὐ
3594 2375 3757 2447 μόνον

2166 2469 2276 2530 τοῖς
2335 2466 2554 2520 ἄνθεσιν
2616 2464 2928 2528 εὐωδιάζει,
2997 2463 3133 2518 ἀλλά
3181 2465 3273 2518 καὶ
3336 2468 3444 2528 τοῖς
3510 2457 3646 2537 τῆς⁶
3679 2467 3760 2520 δι-

2169 2558 2462 2629 καιοσύνης
2521 2559 2755 2627 καρποῖς
2801 2557 2913 2626 (60)
2975 2556 3074 2628 τήν
3116 2557 3426 2629 γλυκύτητα
3470 2559 3756 2614 πολυπλα-

2169 2650 2362 2714 σιάζει.
2400 2651 2528 2703 Ὅτε
2581 2647 2672 2704 οὖν
2704 2649 2872 2717 λέγει,
2910 2666 2929 2700 ι
2977 2647 3120 2717 Ἐγὼ
3155 2649 3313 2712 ἄνθος
3344 2649 3437 2703 τοῦ
3467 2651 3657 2705 πεδίου
3683 2690 3699 2714 ,
3733 2671 3753 2704 3

2167 2740 2234 2794 τὰ
2277 2741 2588 2810 προφητικά
2635 2725 3027 2810 διαλαμϐάνει·
3085 2739 3172 2792 ὅτε
3225 2737 3280 2792 δὲ
3327 2739 3508 2804 πάλιν,
3557 2758 3578 2792 r
3641 2741 3757 2795 Καὶ

2167 2831 2352 2901 κρίνον
2385 2830 2492 2883 τῶν
2524 2830 2809 2894 κοιλάδων,
2851 2848 2869 2882 3
2905 2832 3018 2894 τοῖς
3044 2831 3416 2900 εὐαγγελικοῖς
3445 2831 3603 2884 ὲπιτέ
3617 2849 3756 2903 ρπε-

2167 2936 2256 2973 ται
2290 2918 2660 2990 σωτηριὼδεσι
2690 2920 2784 2974 καὶ
2816 2918 3065 2990 εὐόδμοις
3096 2921 3301 2990 ῥήμασι
3326 2917 3421 2971 τοῦ
3451 2916 3587 2971 ἰδίου
3618 2937 3682 2972 νυ
3693 2938 3760 2989 μ-

2173 3011 2318 3080 φίου,
2351 3012 2440 3064 ὅτε
2476 3011 2538 3064 τὸ
2569 3011 2871 3083 ἀμέριμνον
2901 3013 3016 3074 τοῖς
3053 3008 3218 3063 αὐτοῦ
3261 3007 3532 3078 μαθηταῖς
3558 3008 3761 3080 εὑτρε-

2172 3101 2316 3166 πίζει
2343 3103 2434 3156 καὶ
2466 3103 2650 3167 αὐτὸς,
2678 3103 2854 3173 λέγων
2877 3118 2891 3132 ⁸
2931 3121 2948 3153 ι
2983 3099 3348 3171 Καταμάθετε
3373 3099 3439 3151 τὰ
3465 3099 3634 3171 κρίνα
3664 3099 3762 3153 τοῦ

2172 3192 2343 3265 ἀγροῦ
2371 3193 2488 3260 πῶς
2511 3195 2753 3261 αὐξάνει,
2774 3196 2855 3248 ὃτι
2885 3194 2946 3248 οὒ
2971 3195 3158 3265 κοπιᾷ,
3183 3190 3304 3245 οὔτε
3334 3190 3504 3262 νήθει.
3536 3210 3552 3240 3
3586 3191 3764 3246 Ὅταν

2171 3281 2265 3339 οὖν
2306 3287 2527 3357 ἑαυτὴν,
2575 3305 2593 3338 ι
2630 3286 2815 3358 κρίνον
2869 3285 2978 3338 τῶν
3029 3283 3312 3344 κοιλάδων,
3357 3301 3376 3333 3
3425 3281 3598 3351 λέγει,
3647 3281 3764 3336 τῶν

2173 3377 2542 3447 εὐαγγελικῶν
2564 3377 2848 3448 δογμάτων
2879 3373 3206 3447 μνημονεύει
3226 3389 3243 3405 ·
3273 3375 3401 3426 ὅταν
3427 3373 3502 3436 δὲ,
3541 3393 3560 3425 ι
3594 3373 3762 3438 ἄνθος

2180 3467 2273 3521 τοῦ
2307 3466 2517 3530 πεδίου,
2559 3485 2576 3518 3
2603 3466 2712 3520 τῶν
2743 3466 3097 3538 προφητικῶν
3137 3463 3476 3534 μηνυμάτων
3497 3466 3623 3528 τοὺς
3660 3481 3764 3536 χα-

2177 3557 2456 3627 ρακτῆρας
2472 3557 2855 3626 ὑποσημαίνει.
2881 3552 3014 3608 Εἶτα
3038 3553 3392 3624 ἀποκρίνεται
3416 3553 3554 3625 πρὸς
3581 3555 3763 3628 αὐτὴν

2173 3650 2202 3700 6
2229 3649 2482 3718 νυμφίος,
2514 3647 2689 3715 λέγων
2723 3647 2858 3717 πρὸς
2887 3647 2922 3701 ἃ
2952 3643 3072 3700 εἶπε
3091 3665 3106 3678 ·
3477 3690 3482 3694 ι

2245 3739 2388 3806 AG”.
2424 3739 2514 3792 Στ.
2555 3739 2619 3809 β’.
2667 3739 2760 3805 ’.Ως
2789 3739 2998 3807 κρίνον
3030 3740 3099 3793 ἐν
3120 3738 3288 3809 μέσῳ
3310 3735 3610 3799 ἀκανθῶν,
3655 3734 3764 3789 οῦ-

2174 3847 2287 3896 τως
2314 3830 2352 3898 ἠ
2386 3830 2658 3897 πλησίον
2674 3847 2794 3900 μου
2826 3830 3136 3900 ἀναμέσων
3166 3829 3285 3884 τῶν
3306 3828 3685 3900 θυγατέρων.

2245 3922 2365 3975 Ἵνα
2392 3922 2562 3992 αὐτὴν
2596 3923 2726 3996 εἴπῃ
2762 3921 3276 3994 δικαίανάναμέσον
3303 3921 3524 3986 ἀδίκων,
3552 3919 3766 3992 εὐσεϐῆ

2176 4012 2234 4066 ἐν
2267 4012 2417 4083 μέσῳ
2458 4013 2691 4080 ἀσεϐῶν,
2727 4015 2786 4066 ὲν
2831 4013 2966 4086 τῷδε
3001 4012 3078 4085 τῷ
3119 4013 3308 4084 κόσμῳ
3337 4012 3767 4084 ἀναστρεφομέ-

2175 4121 2292 4174 νην,
2325 4105 2462 4176 πρὸς
2491 4106 2559 4176 ῆν
2592 4123 2725 4177 φησι
2749 4108 2842 4160 καὶ
2872 4109 2900 4160 ὁ
2941 4106 3259 4169 Ἀπόστολος
3279 4123 3291 4137 ·
3328 4123 3347 4156 ‹
3383 4105 3499 4156 Ἵνα
3523 4101 3767 4172 γένησθε

2175 4196 2340 4249 τέκνα
2370 4196 2506 4250 Θεοῦ
2555 4198 2833 4269 ἀμώμητα
2871 4201 2928 4251 ὲν
2973 4198 3126 4268 μέσῳ
3173 4197 3367 4264 γενεᾶς
3401 4195 3621 4258 σκολιᾶς
3665 4196 3771 4249 καὶ

1993 4317 1998 4320 -
2108 4323 2149 4377 D
2179 4288 2634 4359 διεστραμμένης.
2665 4308 2682 4341 3
2713 4285 2844 4342 Εἶτα
2865 4287 3108 4360 ὴινύμφη
3138 4288 3296 4342 πάλιν
3321 4287 3458 4358 πρὸς
3475 4287 3566 4340 τὸν
3587 4286 3768 4359 αὐτῆς

2181 4380 2411 4434 νυμφίον
2434 4394 2449 4408 ·

2335 4397 2411 4433 ιον
2434 4397 2449 4408 ·

2251 4397 2376 4526 λζ’.
2419 4473 2509 4524 Στ.
2541 4478 2610 4540 γ’.
2677 4471 2771 4537 Ὠς
2785 4469 2990 4540 μῆλον
3019 4470 3130 4541 (61)
3165 4472 3234 4526 ἐν
3256 4471 3383 4536 τοῖς
3413 4469 3620 4534 ξύλοις
3650 4469 3768 4523 τοῦ

2181 4561 2439 4631 δρυμοῦ,
2491 4562 2679 4628 οὕτως
2740 4560 3064 4631 ἀδελφιὸός
3108 4578 3228 4632 μου
3280 4559 3588 4629 ἀναμέσον
3639 4557 3770 4616 τῶν

2183 4653 2346 4708 υἱῶν.
3667 4675 3678 4686 .

2257 4745 2330 4798 Τὸ
2368 4745 2536 4817 μῆλον
2565 4748 2622 4799 ὲν
2651 4745 2729 4816 τῷ
2761 4745 2911 4816 αὑτῷ
2946 4745 3042 4798 καὶ
3073 4744 3273 4816 βρῶσιν
3298 4743 3412 4814 ἔχει
3447 4743 3541 4796 καὶ
3573 4741 3764 4797 πόσιν.
3857 4759 3864 4768 ‘

2178 4837 2296 4892 ’Ὶνα
2346 4839 2476 4908 γοῦν
2528 4837 2626 4910 τὴν
2673 4840 2940 4910 μυστικὴν
2990 4836 3119 4908 είπῃ
3171 4834 3533 4908 εὐφροσύνην,
3577 4835 3772 4906 ἥνπερ

2835 4998 2880 5030 ⁸⁸
2903 4995 3131 5064 Philipp.
3157 5010 3214 5062 ll,
3249 4995 3336 5049 I5.

2255 5153 2364 5226 (59)
2401 5153 2586 5226 Yallic.
2619 5154 3044 5226 ἐνδιατρίϐουσα.

2255 5223 2498 5308 (δοχεῖς
2553 5223 2832 5293 legendum
2863 5243 2876 5279 :
2911 5225 3050 5279 male
3104 5223 3264 5278 Barb.
3317 5231 3372 5278 et
3421 5235 3571 5278 meus
3626 5223 3770 5289 τοὺς

2185 5311 2445 5356 καρπους.
2679 5325 2684 5330 ε

2261 5312 2595 5435 ῗᾶῗυῗέθςείο
2642 5325 2740 5418 cur
2793 5373 2890 5416 vet,
2929 5363 3177 5435 interpr;
3201 5361 3530 5416 reddiderit:
3563 5359 3766 5435 ¢__Sicut

2189 5431 2362 5490 arbor"
2400 5435 2526 5488 mali
2575 5435 2626 5488 in
2678 5435 2853 5488 medio
2883 5431 3096 5489 silvai
3136 5432 3269 5486 Tota
3309 5444 3437 5484 vero
3469 5431 3766 5499 explicatio

2190 5507 2306 5560 lucc
2352 5505 2405 5557 in
2447 5519 2510 5557 ea
2554 5503 2803 5557 versione
2835 5515 2915 5558 est
2949 5504 3200 5571 implexa,
3231 5500 3551 5571 etqua’dam
3589 5501 3764 5555 etiam

2194 5576 2376 5637 habet,
2407 5589 2527 5642 qua:
2557 5591 2714 5627 sensu
2747 5570 3037 5637 carent,nt
3062 5570 3147 5624 illa
3175 5587 3192 5642 ς
3225 5588 3244 5622 ι
3270 5570 3445 5642 Arbor
3471 5583 3605 5642 ergo
3631 5573 3762 5625 mali

2183 5656 2269 5699 est
2308 5639 2488 5704 homo,
2524 5643 2724 5697 Christi
2761 5645 2948 5697 domus
3006 5643 3144 5695 inter
3175 5639 3318 5704 ligna
3359 5640 3524 5702 silvm,
3565 5640 3643 5694 sic
3703 5642 3762 5695 in

2186 5714 2363 5838 Pedio
2420 5711 2726 5769 Judazorum
2787 5712 3089 5778 cxsistcns,
3137 5711 3276 5767 sicut
3329 5709 3393 5767 de
3444 5709 3572 5780 ipsis
3617 5708 3758 5765 dicit

2210 5800 2369 5838 SillilS.
2398 5801 2415 5834 ι
2447 5793 2551 5838 εις.

2210 5784 2369 5850 saias,
2398 5801 2415 5834 3
2447 5793 2551 5839 etc.
