4048 6212
481 357 551 412 63
1608 339 1931 399 PHILONIS
1967 335 2281 396 EPISCOPI
2319 334 2640 394 CABPASII
3271 351 3278 360 κ
3656 325 3722 382 64

555 460 737 517 XLIV.
766 461 902 528 Quia
932 461 1198 517 vulnerata
1219 474 1336 514 sum
1363 459 1639 516 charitate.

2237 453 2361 508 ΜΝ.
2404 455 2528 508 ὀτι
2555 447 2882 519 τετρωμὲνη
2907 448 3143 519 ἀγάπης
3177 448 3309 518 ἐγώ,

555 553 660 609 Per
718 563 938 609 sanetos
977 551 1182 607 scilicet
1227 559 1533 621 martyres;
1586 564 1682 620 per
1728 564 1903 618 quos,
1934 563 2056 606 cum

2228 542 2326 596 Διὰ
2351 539 2457 594 τῶν
2485 539 2654 609 ἁγίων
2685 535 2993 609 μαρτύρων·
3035 537 3101 592 δι’
3134 530 3228 602 ὧν,
3256 536 3587 605 ἀγαπήσασα
3611 534 3720 604 (68)

484 644 759 699 Christum
794 643 1106 712 diligerem,
1132 639 1414 694 vulnerata
1469 653 1586 694 sum
1606 678 1623 706 ,
1669 646 1844 694 morte
1873 651 1969 708 pro
1991 651 2058 692 eo

2155 634 2246 688 τὸν
2271 633 2522 704 Χριστὸν,
2583 629 2824 702 ἑτρὼθην
2849 628 2981 700 (69),
3007 629 3098 682 τὸν
3121 627 3262 699 ὑπὲρ
3277 625 3438 680 αὐτοῦ
3460 624 3725 695 δεξαμένη

483 746 756 802 suscepta.

2157 728 2405 782 θάνατον.

555 824 716 880 XLV.
756 823 914 878 Vens.
949 824 1004 879 6.
1036 822 1190 877 Lina
1218 823 1333 891 ejus
1358 821 1452 876 sub
1476 822 1647 891 capite
1676 836 1788 875 meo
1804 837 1826 886 ;
1847 828 1895 875 et
1930 820 2057 874 dea:-

2217 820 2352 875 ME’.
2381 821 2471 875 Στ.
2507 818 2580 886 ς’.
2612 816 2934 888 Εὐώνυμος
2965 814 3150 870 αὐτοῦ
3167 813 3286 868 ὑπὸ
3319 811 3432 880 τὴν
3452 809 3730 883 κεφαλήν

483 929 592 972 tera
636 916 780 970 illius
817 915 1198 983 amplexabitur
1236 930 1338 968 me.

2155 929 2298 982 μου·
2332 911 2430 965 καὶ
2455 912 2493 979 ἠ
2520 909 2688 975 δεξιὰ
2715 907 2902 963 αὑτοῦ
2931 906 3324 976 περιλήψεται
3345 921 3442 974 με.

557 1007 714 1063 Laeva
738 1009 952 1075 quidem
981 1016 1297 1075 prtesenlem
1346 1005 1510 1059 vitam
1531 1044 1547 1069 ,
1573 1011 1632 1058 ut
1665 1003 1920 1064 arbitror,
1958 1013 2057 1054 ex-

2225 1003 2517 1075 Εὑώνυμος
2559 1003 2656 1074 μὲν
2687 1002 2927 1075 παρόντα
2978 999 3089 1072 βίον
3122 999 3427 1063 ἀπεικάζει,
3449 998 3524 1062 ὡς
3551 987 3726 1068 οἶμαιο

483 1099 698 1169 primit;
727 1099 946 1153 dextera
980 1111 1106 1151 vero
1138 1096 1373 1150 lutiiram
1412 1105 1467 1151 et
1496 1104 1809 1165 perpetuam
1841 1099 2056 1147 sancto-

2155 1096 2304 1164 δεξιὰ
2329 1096 2384 1150 δὲ
2421 1097 2513 1151 τὸν
2536 1095 2816 1168 μέλλοντα,
2848 1093 2941 1148 τδν
2974 1093 3197 1147 ἁένναον
3229 1089 3338 1162 βίον
3370 1090 3482 1162 (70)
3517 1090 3625 1142 τῶν
3641 1089 3732 1142 εὑ-

483 1204 599 1243 rum
635 1188 820 1244 vitam.
857 1206 876 1240 ι
909 1188 1210 1257 Longitudo
1243 1188 1387 1242 enim
1439 1187 1646 1242 dierum
1673 1229 1688 1253 ,
1739 1203 1758 1238 ι
1796 1185 1871 1239 ait
1905 1185 2058 1239 Scri-

2156 1191 2348 1246 σεϐῶν.
2388 1209 2407 1242 ι
2436 1191 2625 1260 Μῆκος
2650 1187 2760 1259 γὰρ
2793 1187 2930 1257 βίου,
2971 1205 2991 1240 ι
3014 1187 3166 1257 φησὶ,
3207 1203 3225 1235 ι
3256 1183 3348 1237 καὶ
3375 1182 3470 1254 ἐτη
3499 1181 3646 1253 ζωῆς
3674 1182 3731 1234 tv

481 1291 659 1352 plura.
689 1300 709 1332 ‹
744 1289 798 1334 et
825 1279 950 1332 anni
983 1279 1106 1333 vitae
1135 1278 1188 1332 in
1231 1279 1453 1333 dextera
1491 1278 1646 1346 ejus;
1682 1278 1733 1331 in
1763 1277 1895 1330 laeva
1925 1291 2054 1330 vero

2155 1287 2220 1356 τῇ
2245 1283 2394 1354 δεξιᾷ
2428 1281 2619 1352 αὐτῆςο
2649 1281 2704 1332 tv
2725 1279 2782 1332 δὲ
2807 1281 2876 1349 τῇ
2899 1278 3164 1350 ἀριστερᾷ
3191 1274 3359 1345 αὐτῆς
3389 1271 3619 1336 πλοῦτος
3637 1273 3732 1326 καὶ

482 1373 598 1442 ejus
619 1371 818 1426 divitiae
849 1381 904 1425 et
929 1371 1096 1440 gloria
1119 1370 1186 1424 ⁸⁸.
1207 1389 1225 1423 ι
1250 1368 1326 1425 lhi
1359 1369 1502 1424 enim
1531 1369 1773 1424 cmlestis
1791 1368 2051 1438 sapientia

2155 1375 2297 1441 δόξα.
2334 1394 2352 1424 ι
2406 1373 2621 1428 Ἐνθὰδε
2651 1371 2761 1443 γὰρ
2792 1369 3134 1441 ἁνυστέρητα
3169 1368 3237 1422 τὰ
3283 1366 3462 1436 ἁγαθὰ
3492 1367 3526 1438 ή
3567 1367 3732 1418 ἐπου-

481 1467 840 1524 indelicieutia
863 1469 999 1522 bona
1025 1467 1210 1522 tribuit
1245 1463 1522 1528 Ecclesiae,
1545 1462 1696 1530 iuxta
1726 1461 2052 1532 Pmphetam

2155 1467 2338 1541 ρὰνιος
2372 1464 2598 1536 παρέχει
2631 1463 2792 1532 σοφία
2839 1464 2906 1532 τῇ
2953 1459 3269 1532 Ἐκκλησία,
3328 1457 3472 1512 κατὰ
3525 1457 3617 1510 τὸν
3648 1455 3736 1508 λέ-

480 1559 788 1614 dicentem:
847 1576 866 1610 ι
907 1558 1162 1612 Dominus
1203 1571 1308 1610 non
1357 1556 1588 1623 privahit
1631 1555 1787 1610 bouis
1829 1570 1923 1610 eos
1961 1553 2051 1625 qui

2161 1576 2326 1631 γοντα
2360 1558 2678 1630 Προφήτην·
2709 1573 2729 1606 ι
2759 1553 2964 1626 Κύριος
3004 1552 3103 1622 οὐχ
3129 1552 3418 1623 ὑπερήσει
3447 1549 3518 1603 τὰ
3551 1547 3734 1617 ἁγαθὰ

479 1651 757 1705 cumulant
801 1651 854 1704 in
891 1649 1194 1703 innocentia
1225 1648 1294 1702 ”.
1336 1665 1357 1700 ι
1410 1647 1476 1702 Ει
1511 1646 1563 1700 in
1588 1646 1770 1700 futuro
1817 1645 2048 1710 saeculo,

2155 1654 2277 1716 τοὺς
2337 1649 2737 1722 πορευομένους
2787 1649 2843 1700 ἐν
2887 1643 3150 1716 ἀκακία.»
3204 1641 3314 1696 Καὶ
3372 1644 3429 1695 tv
3477 1640 3558 1712 τῷ
3611 1639 3735 1712 μέλ-

477 1741 738 1809 sapientia
774 1740 1155 1810 longitudinem
1188 1739 1311 1793 vita:
1331 1748 1388 1793 et
1417 1739 1576 1808 longa
1601 1735 1796 1792 saecula
1821 1737 2046 1790 dextera

2155 1743 2295 1797 λοντι
2324 1742 2489 1797 αἰῶνι
2531 1743 2706 1812 μῆκος
2761 1737 2900 1809 βίου,
2930 1739 3058 1799 τοὺς
3099 1735 3341 1806 μακροὺς
3387 1733 3609 1796 αἰῶναςο
3640 1731 3735 1785 καὶ

478 1847 576 1888 sua
608 1843 819 1896 tenens,
850 1842 1164 1886 Sanctarum
1193 1831 1605 1899 promissionum
1635 1827 1823 1897 gaudia
1847 1830 2048 1896 praebet

2155 1835 2220 1889 τὰ
2249 1834 2621 1905 εὐφραντήρια
2640 1830 2748 1884 τῶν
2779 1829 2950 1898 ἁγίων
2998 1825 3433 1896 ὲπαγγελμάτων
3467 1825 3525 1876 tv
3555 1826 3621 1895 τῇ
3648 1823 3736 1876 δε-

479 1923 548 1976 iis
561 1923 758 1987 verbis,
785 1920 1071 1992 quaejusta
1098 1920 1449 1989 Evangelium
1481 1933 1692 1989 sponsae
1719 1933 1830 1974 sum
1861 1934 1891 1974 a
1919 1921 2051 1974 dex-

2155 1927 2240 1998 ξιᾷ
2268 1925 2435 1996 αὐτῆς
2460 1925 2494 1996 ή
2518 1924 2678 1993 σοφία
2704 1922 2924 1993 ἔχουσα,
2962 1918 3212 1990 παρέχει,
3241 1919 3299 1970 tv
3332 1913 3414 1980 οἷς
3451 1915 3565 1986 (71)
3595 1915 3740 1970 κατὰ

481 2015 578 2069 tris
606 2015 737 2068 dicit
771 2031 786 2068 :
832 2031 850 2064 ι
887 2012 1094 2077 Venite,
1131 2013 1396 2068 benedicti
1422 2012 1597 2068 Patris
1619 2013 1759 2079 mei;
1793 2012 2050 2082 percipite

2155 2019 2212 2071 τὸ
2235 2015 2568 2086 Εὑαγγὲλιον
2579 2017 2645 2085 τῇ
2674 2013 2781 2084 ἰδίᾳ
2813 2011 2999 2082 νύμφῃ
3018 2012 3081 2063 ὲκ
3106 2007 3295 2072 δεξιῶν
3321 2006 3487 2075 λέγει’
3509 2025 3527 2058 ι
3549 2005 3738 2068 Δεῦτε,

480 2120 705 2176 regnum
752 2105 894 2175 quod
954 2115 1201 2176 paratum
1256 2115 1337 2160 est
1381 2105 1535 2160 vobis
1579 2086 1614 2159 ά
1666 2105 2051 2160 constitutione

2155 2111 2199 2162 oi
2238 2105 2591 2177 εὐλογημένοι
2629 2102 2722 2156 τοῦ
2755 2101 2969 2174 Πατρός
3005 2116 3126 2172 μου,
3161 2097 3611 2176 κληρονομήσατε
3636 2096 3741 2166 τὴν

478 2198 742 2254 mundi“.
769 2217 788 2251 ι
818 2199 893 2252 lta
913 2217 932 2250 ι
961 2208 1015 2254 et
1046 2201 1236 2253 destra
1273 2198 1414 2253 illius
1443 2196 1842 2267 amplexabitur
1872 2211 1985 2263 me;
2023 2214 2044 2248 ι

2155 2196 2557 2270 ἡτοιμασμένην
2574 2195 2700 2265 ὑμῖν
2727 2192 3001 2264 βασιλείαν
3024 2191 3129 2261 πρὸ
3145 2189 3453 2260 καταϐολῆς
3470 2189 3700 2260 κόσμου.
3717 2207 3736 2239 ι

476 2303 600 2343 cum
623 2304 650 2342 a
676 2290 882 2344 dextris
905 2291 1018 2344 suis
1063 2288 1215 2356 quasi
1244 2303 1398 2343 ovem
1441 2303 1527 2344 me
1558 2289 1851 2344 constituet
1879 2286 2050 2342 bonus

2155 2285 2306 2341 υῦτω
2349 2305 2368 2338 ι
2397 2287 2489 2340 καὶ
2521 2287 2554 2355 ὴ
2581 2284 2730 2349 δεξιὰ
2748 2282 2911 2336 αὐτοῦ
2940 2280 3302 2353 περιλήψεταί
3337 2297 3405 2350 με
3423 2296 3437 2310 ο
3468 2297 3487 2331 ι
3511 2279 3645 2332 ὅταν
3675 2294 3746 2350 με

477 2377 688 2443 Pastor,
727 2378 817 2448 qui
844 2379 898 2432 in
931 2377 1166 2448 paradisi
1198 2377 1414 2446 pascuis
1443 2386 1832 2432 commoratur.

2155 2380 2327 2451 στήσῃ
2350 2380 2414 2431 ἐκ
2449 2375 2638 2443 δεξιῶν
2672 2373 2835 2428 αὑτοῦ
2865 2372 3152 2444 προϐάτων
3177 2371 3331 2440 δίκην
3358 2372 3386 2422 δ
3419 2368 3590 2432 καλὸς
3625 2369 3750 2422 Ποι-

943 2523 950 2530 .
2155 2470 2282 2540 μὴν,
2318 2471 2397 2530 εἰς
2422 2466 2521 2529 τὰς
2551 2464 2644 2518 τοῦ
2682 2463 3011 2533 παραδείσου
3047 2460 3216 2531 νομὰς
3247 2459 3508 2522 αὑλίζων.

547 2553 732 2612 XLVI.
774 2552 940 2610 Vens.
979 2555 1032 2608 7.
1067 2554 1322 2622 Adjuravt
1352 2568 1470 2616 vos,
1510 2550 1636 2616 ﬁlia:
1679 2548 2048 2612 Hierusalem,

2221 2553 2370 2620 Μετ’.
2403 2553 2492 2605 Στ.
2525 2550 2592 2615 ζ’.
2623 2551 2868 2618 Ὥρκισα
2904 2547 3082 2617 ὑμᾶς,
3113 2546 3747 2616 θυγατέρες-Ἰερουσα-

477 2646 530 2699 in
561 2645 844 2699 virtutibus
885 2656 932 2699 et
964 2645 1162 2699 uiribus
1207 2645 1359 2712 agri,
1396 2645 1441 2696 si
1467 2643 1738 2716 suscitetis
1763 2652 1810 2696 et
1838 2641 2052 2712 vigilare

2155 2643 2296 2713 λὴμ,
2321 2644 2392 2697 ἐν
2426 2642 2555 2708 ταῖς
2585 2640 2878 2709 δυνάμεσι
2918 2639 3018 2693 καὶ
3049 2641 3119 2692 ἐν
3155 2637 3287 2704 ταῖς
3309 2638 3421 2709 (72)
3449 2639 3748 2706 ισχύσεσι
3837 2687 3854 2696 ,

477 2734 694 2805 faciatis
718 2732 1053 2797 charitatem,
1081 2733 1245 2785 donec
1273 2731 1412 2786 uelit.

2155 2736 2256 2790 τοῦ
2285 2735 2488 2803 ἀγροῦ·
2515 2733 2626 2788 ἐὰν
2644 2734 2908 2802 ἐγείρητε
2951 2733 3048 2786 καὶ
3071 2730 3411 2802 etiam-{pnes
3444 2731 3568 2800 τὴν
3593 2729 3744 2799 ἀγά-

2149 2841 2294 2894 πην,
2331 2824 2444 2890 ἕως
2475 2820 2548 2880 οὗ
2579 2823 2832 2892 θελήσῃ.
3289 2867 3296 2874 ,

548 2908 715 2963 Filias
751 2905 1084 2962 Hierusalem
1117 2913 1273 2959 vocat
1314 2903 1526 2958 animas
1583 2912 1893 2958 sanctorum
1925 2917 2050 2972 pro-

2219 2917 2529 2988 Θυγατέρες
2574 2916 2946 2988 Ἰερουσαλὴμ,
3004 2917 3105 2979 τὰς
3149 2915 3324 2986 ψυχὰς
3390 2913 3505 2967 τῶν
3573 2914 3748 2984 ἁγίων

478 3000 760 3069 phetarum
781 3009 833 3053 et
863 2996 1249 3067 apostolorum.
1289 2995 1412 3050 Illas
1443 2997 1658 3066 adjurat
1688 3009 1783 3065 per
1815 2995 2044 3050 virtutes

2155 3009 2297 3079 λέγει
2332 3008 2627 3081 προφητῶν
2685 3025 2744 3062 τε
2789 3008 2885 3062 καὶ
2932 3007 3264 3061 ἀποστόλωνο
3292 3005 3508 3070 ὲκείνας
3540 3007 3600 3059 tv
3628 3007 3750 3070 ταῖς

478 3099 534 3144 et
564 3089 708 3143 vires
739 3087 852 3154 agri
877 3086 1152 3154 (nimirum
1189 3100 1285 3154 per
1306 3084 1489 3138 divina
1534 3083 1814 3150 miracula,
1847 3099 1966 3152 qua:
1995 3084 2049 3138 in

2155 3103 2413 3174 δυνάμεσι
2442 3101 2538 3156 καλ⁸
2566 3102 2624 3155 tv
2651 3103 2772 3164 ταῖς
2819 3099 3062 3171 ἰσχύσεσι
3094 3099 3189 3153 τοῦ
3223 3098 3394 3171 ἀγροῦ
3421 3097 3636 3168 ὀρκίζει
3665 3099 3751 3168 (tv

479 3185 680 3236 mundo
735 3179 1004 3250 Uuigeniti
1059 3177 1229 3232 virtus
1267 3175 1484 3230 edidit:
1529 3193 1549 3227 ι
1597 3177 1740 3246 Ager
1782 3177 1926 3231 enim
1969 3185 2054 3232 est

2155 3154 2660 3264 terg—wﬁsoonpelmc,
2715 3154 2799 3255 οξς
2847 3154 3103 3261 ἐποίησεν
3130 3191 3188 3244 tv
3346 3154 3612 3262 uocitati-l3
3649 3154 3748 3242 τοῦ

478 3273 731 3334 mundus,
753 3290 772 3324 ι
801 3283 858 3326 ιιι
881 3272 957 3325 ait
981 3271 1342 3338 Dominus"),
1373 3278 1430 3322 ut
1449 3268 1690 3323 excitent
1725 3268 2052 3323 desiderium

2155 3284 2494 3355 Μονογενυῦς
2537 3283 2795 3354 δύναμιςο
2829 3301 2848 3333 ι
2890 3281 3083 3352 ’Δγρδς
3130 3281 3236 3352 γὰρ
3269 3282 3298 3334 ό
3345 3280 3572 3351 κόσμος,
3601 3298 3621 3332 s
3671 3278 3751 3342 ὥς

481 3361 661 3431 Spousi
703 3375 829 3428 erga
863 3359 1062 3428 ipsam;
1093 3358 1251 3412 modo
1292 3371 1388 3426 pro
1415 3372 1479 3412 ea
1510 3371 1698 3426 preces
1726 3355 2050 3420 adhibendo,

2157 3395 2320 3450 φησιν
2361 3378 2390 3430 ὁ
2417 3374 2667 3447 Κύριος)·
2705 3375 2793 3428 ἵνα
2824 3372 3139 3444 ὲξεγείρωσι
3162 3371 3256 3423 τὸν
3286 3369 3449 3424 πόθον
3477 3371 3575 3424 τοῦ
3603 3386 3749 3441 νυμ-

479 3451 661 3516 modo,
687 3463 804 3518 quae
831 3448 928 3519 ipsi
961 3447 1153 3518 placita
1181 3458 1329 3512 sunt,
1355 3447 1406 3502 in
1435 3463 1496 3502 ea
1527 3447 1897 3518 disponendo:
1931 3463 2058 3518 pro-

2157 3447 2280 3539 φίου
2334 3467 2470 3539 πρὸς
2524 3466 2713 3536 αὑτήνο
2765 3464 2856 3517 ὁτὲ
2920 3463 3019 3533 μὲν
3070 3460 3362 3533 πρεσϐείας
3396 3459 3752 3531 εἰσφέροντες

479 3551 664 3613 pterea
691 3551 877 3613 aperte
900 3541 1114 3608 subdit,
1150 3558 1170 3593 ι
1201 3541 1376 3598 donec
1399 3539 1548 3598 velit.
1582 3558 1603 3595 ι

2159 3559 2298 3630 ὑπὲρ
2352 3557 2541 3627 αὐτῆς,
2588 3555 2678 3608 ὁτὲ
2720 3553 2778 3606 δὲ
2815 3554 2910 3605 καὶ
2946 3553 3014 3606 τὰ
3043 3551 3248 3622 ἁρεστὰ
3282 3550 3430 3620 αὑτῷ
3482 3551 3626 3621 πρὸς
3655 3553 3752 3604 αὐ·

2155 3651 2255 3722 τὴν
2273 3649 2657 3718 διατιθέμενοι.
2693 3645 2784 3698 Διὸ
2813 3643 2997 3714 σαφῶς
3024 3642 3284 3712 ἐπιλέγει·
3314 3661 3333 3695 ι
3364 3642 3510 3704 Ἕως
3552 3636 3616 3695 οὗ
3647 3641 3747 3694 θε-

2159 3741 2318 3794 λήση.
2361 3757 2382 3792 s

559 3821 762 3880 XLVII.
795 3825 953 3880 Vsus.
982 3823 1038 3880 8.
1088 3823 1203 3881 Vua:
1227 3826 1499 3895 fratruelis
1529 3827 1652 3881 mei.

2159 3743 2486 3887 λήῖίῃέ’.»Στ.
2522 3835 2592 3901 η’.
2623 3827 2794 3897 Φωνὴ
2825 3827 2931 3882 τοῦ
2971 3825 3086 3898 (73.)
3111 3823 3438 3896 ἀδελφιδοῦ
3469 3840 3618 3894 μου.

552 3912 642 3980 Ut,
679 3929 800 3985 quae
837 3930 939 3970 vox
961 3916 1080 3986 ejus
1103 3916 1332 3972 voluerit
1353 3958 1369 3981 ,
1397 3917 1501 3974 hoc
1529 3927 1612 3972 est
1644 3932 1764 3986 quae
1798 3915 2054 3986 jusserit,

2233 3923 2376 3988 Ἵνα,
2410 3920 2553 3994 ἅπερ
2585 3921 2620 3992 ἡ
2647 3917 2799 3990 φωνὴ
2828 3917 2992 3972 αὑτοῦ
3044 3917 3186 3971 θέλει
3219 3916 3533 3988 (τουτέστιν,
3597 3915 3754 3986 ἁπερ

480 4007 548 4062 de
589 4007 654 4061 iis
689 4007 891 4060 certior
919 4006 1058 4062 facta
1083 4047 1101 4072 ,
1137 4009 1460 4064 charitatem
1499 4008 1616 4080 ejus
1649 4020 2056 4082 consequatur:

2160 4015 2531 4088 προστάττει),
2558 4011 2730 4068 ταῦτα
2757 4009 3026 4083 μαθοῦσα,
3046 4011 3146 4081 τῆς
3173 4008 3394 4079 ἀγάπης
3422 4004 3587 4062 αὐτοῦ
3623 4007 3755 4060 ἑπι-

481 4095 934 4167 quemadmodum
962 4105 1020 4151 et
1067 4098 1262 4165 ipsein
1291 4099 1600 4169 Evangeliis
1630 4118 1644 4154 :
1687 4118 1707 4152 ι
1747 4102 1848 4169 Qui
1882 4101 2058 4171 diligit

2157 4106 2298 4177 τύχῃ
2329 4104 2482 4177 (74)·
2531 4101 2712 4166 καθὼς
2744 4103 2840 4157 καὶ
2885 4103 3047 4166 αὐτὸς
3075 4103 3133 4154 tv
3171 4100 3522 4170 Εὐαγγελίοις
3568 4097 3757 4168 λέγοι·

481 4203 590 4252 tne,
623 4207 643 4241 ι
677 4187 870 4256 inquit,
907 4205 926 4238 ι
963 4189 1216 4242 mandata
1242 4205 1358 4242 mea
1385 4191 1624 4245 servabit
1651 4193 1718 4247 ".
1749 4213 1770 4246 ι

2165 4216 2184 4250 ι
2230 4197 2288 4249 '0
2311 4193 2540 4262 ἁγαπῶν
2575 4211 2642 4264 με
2664 4192 2764 4256 τὰς
2813 4192 3033 4254 ἐντολάς
3070 4208 3172 4261 μου
3195 4189 3438 4258 φυλάξει.
3469 4216 3488 4240 ο

560 4279 788 4337 XLVIII.
845 4277 980 4334 Ecce
1031 4281 1141 4350 ipse
1194 4280 1329 4334 venit
1383 4280 1574 4336 saliens
1613 4298 1769 4353 super
1819 4295 2055 4352 montes,

2221 4288 2361 4342 MH'.
2393 4285 2552 4342 Ἰδοὺ
2580 4279 2760 4349 οὗτος
2789 4283 2920 4350 ἥκει
2954 4279 3163 4350 πηδῶν
3181 4279 3281 4333 ἐπὶ
3313 4280 3384 4334 τὰ
3413 4279 3543 4348 ὄρη,
3574 4277 3758 4335 διαλ-

479 4372 780 4426 tramiliens
816 4371 994 4427 colles.

2173 4382 2417 4450 Ιόμενος
2442 4375 2543 4430 ἐπὶ
2564 4374 2705 4441 τοὺς
2732 4373 3022 4439 βουνούς.

553 4463 692 4517 Salit
740 4464 883 4517 enim
911 4479 1074 4533 super
1109 4465 1351 4530 montes,
1379 4463 1483 4518 hoc
1513 4473 1599 4520 est
1626 4479 1789 4535 super
1824 4469 2056 4537 prophe-

2234 4469 2387 4540 Πηδᾷ
2413 4466 2521 4539 γὰρ
2544 4464 2638 4519 ἐπὶ
2672 4464 2742 4517 τὰ
2761 4463 2884 4536 δρη,
2920 4462 3201 4517 τουτέστιν
3240 4462 3332 4516 ἐπὶ
3360 4461 3485 4526 τοὺς
3529 4463 3759 4536 στροφὴ-

483 4568 606 4613 tas:
646 4566 702 4610 et
743 4571 932 4612 rursus
992 4556 1116 4612 inde
1157 4555 1391 4610 transilit
1430 4570 1594 4624 super
1639 4558 1843 4623 colles,
1879 4560 1933 4615 id
1977 4567 2060 4615 est

2155 4578 2276 4627 τας·
2319 4561 2414 4614 καὶ
2457 4557 2620 4612 πάλιν
2662 4555 2872 4610 ἐκεῖθεν
2919 4553 3140 4609 ἅλλεται
3197 4555 3290 4608 ἐπὶ
3329 4556 3453 4618 τοὺς
3497 4552 3758 4622 βουνοὺς,

481 4645 790 4716 apostolos;
830 4659 925 4714 per
973 4645 1376 4716 generationem
1409 4656 1464 4701 et
1509 4646 1912 4716 generationem
1965 4665 2058 4704 sa-

2155 4659 2294 4727 ὅπερ
2327 4651 2476 4708 ἐστὶν
2500 4649 2594 4703 ἐπὶ
2641 4649 2767 4712 τοὺς
2807 4647 3158 4710 ἀποστόλους.
3189 4645 3348 4699 Κατὰ
3391 4643 3586 4713 γενεὰν
3640 4646 3768 4714 γὰρ

482 4734 683 4805 pientia
719 4748 884 4803 super
903 4733 1117 4788 animas
1156 4743 1370 4789 sanctas
1400 4737 1700 4792 ascendens
1730 4737 1933 4794 amicos
1964 4739 2060 4796 Dei

2157 4749 2252 4803 xui.
2281 4742 2476 4815 γενεὰν
2496 4743 2530 4812 ή
2552 4740 2713 4810 σοφία
2736 4741 2816 4802 εἰς
2845 4737 3023 4807 ψυχὰς
3055 4737 3210 4798 ὁσίας
3233 4735 3631 4799 ἀναϐαίνουσα,
3669 4740 3774 4809 φί-

481 4826 641 4882 ellicit
665 4835 719 4882 et
747 4826 1058 4896 prophetas.
1086 4825 1240 4893 Quod
1283 4840 1413 4882 vero
1443 4829 1720 4885 montibus
1751 4830 2062 4886 assimilen-

2156 4841 2283 4903 λους
2309 4834 2443 4891 Θεοῦ
2471 4833 2565 4888 καὶ
2591 4830 2873 4901 προφήτας
2895 4824 3313 4890 κατασκευάζει.
3341 4827 3459 4880 Ὀτι
3490 4827 3600 4898 γὰρ
3631 4830 3764 4901 δρε-

486 4930 572 4974 tur
602 4921 878 4990 propheta:
902 4959 919 4985 ,
950 4929 1006 4975 et
1041 4917 1270 4989 apostoli
1306 4918 1538 4975 collibus
1561 4959 1576 4985 ,
1606 4931 1794 4992 aperte
1836 4922 2064 4980 habetur

2159 4948 2242 4984 σιν
2269 4923 2654 4987 ἀπεικάζονται
2670 4922 2716 4972 οἱ
2739 4919 3034 4990 προφῆται,
3064 4917 3159 4972 καὶ
3184 4917 3394 4988 βουνοῖς
3422 4920 3474 4972 oi
3512 4919 3761 4976 ἀπόστο-

494 5012 634 5083 apud
681 5009 872 5066 Isaiam
911 5011 1193 5082 prophetia
1213 5011 1311 5066 ’δε
1359 5029 1380 5063 ι
1436 5010 1551 5068 Erit
1579 5015 1754 5081 enim,
1799 5034 1819 5069 ι
1855 5017 2061 5086 inquit,

2157 5021 2257 5086 λοι,
2294 5017 2480 5088 σαφῶς
2519 5013 2577 5066 tv
2622 5009 2818 5081 Ἡσαΐᾳ
2857 5011 3034 5064 κεῖται
3064 5013 3099 5082 ή
3139 5010 3464 5082 προφητεία.
3496 5028 3516 5063 ι
3549 5012 3762 5070 Ἔσται

555 5127 601 5160 ⁸⁸
634 5126 795 5186 Prov.
849 5143 936 5194 ιιι,
991 5126 1079 5184 16.
1189 5128 1237 5161 ⁸⁸
1265 5127 1407 5185 Psal.
1444 5143 1674 5195 Lxxxm,
1712 5129 1800 5184 13.
1899 5131 1944 5166 ’ί
1976 5130 2067 5185 Mal

485 5199 532 5233 οδ
557 5196 659 5252 lsa.
696 5201 766 5263 ιι,
793 5199 852 5254 2.

2155 5173 2160 5187 .
2192 5148 2321 5197 xxv,
2365 5129 2456 5185 54.
2555 5127 2602 5160 ⁹²
2631 5122 2821 5180 Matth.
2875 5137 2995 5190 xui,
3021 5123 3113 5181 38.
3218 5123 3263 5158 ”
3297 5121 3456 5180 Joan.
3491 5139 3618 5191 xw,
3660 5127 3755 5183 15.

560 5293 672 5362 (68)
735 5292 958 5364 Barber.
1004 5301 1061 5364 et
1107 5304 1259 5345 meus
1291 5289 1604 5364 ήγὰπησας,
1655 5286 1814 5342 male.
1863 5286 2059 5341 Theat.

2165 5291 2426 5364 παρέχει,
2455 5289 2520 5344 tv
2547 5283 2630 5352 οἷς
2653 5329 2669 5354 ,
2719 5306 2775 5347 κ.
2820 5306 2872 5345 τ.
2922 5290 2975 5344 λ.
3035 5287 3188 5345 Hanc
3223 5288 3507 5345 lectionem
3542 5287 3596 5342 in
3630 5304 3770 5347 ver-

485 5361 771 5434 ὴγᾶπησα.
802 5362 1158 5434 Scribeudum
1187 5371 1241 5413 ut
1261 5361 1425 5412 edidi.
1741 5430 1748 5434 _
2167 5361 2722 5434 sioneserutus‘sutu.

584 5425 678 5498 69)‘
717 5430 828 5484 lloc
855 5443 934 5484 est
960 5450 978 5481 ι
998 5447 1092 5495 per
1117 5430 1259 5485 latus
1284 5441 1576 5500 martyrum
1601 5430 1838 5482 sauciata
1870 5441 2012 5481 sum.
2037 5445 2057 5479 ι
2238 5430 2348 5498 (72)
2391 5429 2462 5482 Ita
2482 5429 2602 5481 cod.
2638 5428 3039 5485 Alexandrinus
3069 5427 3228 5482 habet
3268 5427 3414 5482 hunc
3447 5425 3762 5485 articulum

586 5503 677 5569 70)
719 5501 908 5554 Vallir.
941 5501 1136 5554 αἰῶνα.
1386 5567 1394 5569 _
1426 5499 1437 5569 ξ
1529 5568 1534 5569 ί
1754 5565 1774 5569 _
1951 5567 1963 5569 _

2166 5503 2286 5562 ταῖς
2306 5539 2320 5562 ,
2352 5500 2442 5569 qui
2471 5499 2620 5569 abest
2660 5513 2692 5552 a
2722 5501 2898 5554 Vatic.
2923 5501 3052 5552 edit.

563 5565 678 5644 (71)
721 5570 1073 5644 Perturbatus
1112 5569 1334 5644 videtur
1385 5567 1473 5622 hic
1513 5568 1692 5644 locus.
1743 5565 2099 5644 Legeudum’
2239 5565 2535 5644 (Ῐᾷγβᾴἰι.
2579 5566 2695 5644 Vat.
2727 5571 3033 5644 non_habet
3058 5565 3174 5644 τοῦ.

563 5570 678 5645 (71)
721 5570 1073 5625 Perturbatus
1119 5570 1334 5623 videtur
1385 5570 1473 5622 hic
1525 5570 1692 5622 locus.
1753 5570 2062 5636 Legeudum

494 5655 782 5715 putarem:
837 5638 947 5715 ιςαὶ
991 5641 1062 5715 tv
1070 5638 1148 5709 τῷ
1181 5638 1628 5715 μέλλοντιᾹα-ἱῶνι
1652 5636 1874 5715 ,Δμξήκος
1907 5637 2027 5715 βίου
2047 5675 2063 5698 ,

2239 5570 2352 5708 (75)
2397 5570 2535 5624 Edit.
2579 5570 2695 5623 Vat.
2727 5586 2831 5625 non
2871 5571 3033 5623 habet
3058 5570 3174 5620 τοῦ.

2172 5711 2184 5715 Δ
2240 5640 2328 5715 (74
2393 5639 2483 5715 Sic
2507 5640 2806 5715 emendavi.
2838 5639 2986 5696 Meus
3006 5638 3170 5695 codex
3193 5645 3247 5694 et
3278 5636 3438 5694 Barb.
3469 5647 3524 5694 et
3545 5635 3755 5698 Valllc.

493 5707 620 5778 τοὺς
672 5709 914 5784 μακροὺς
969 5707 1272 5784 αἰῶναςίὲν
1309 5711 1386 5784 τῇ
1431 5709 1580 5784 δεξιᾷ
1631 5708 1799 5784 αὐτῆς
1905 5707 2067 5784 σοφία
2172 5707 2371 5770 habent
2403 5708 2664 5781 ἐπιτύχω,

495 5777 692 5855 εχουσα
711 5824 728 5852 ,
753 5777 819 5837 τὰ
866 5779 1239 5852 εὐφραντήρια
1269 5777 1384 5833 τῶν
1419 5777 1588 5850 ἁγίων
1637 5777 2067 5851 ἐπαγγελμάτων
