4036 6208
306 270 376 322 ‘35
1225 260 1624 320 ENARRATIO
1662 259 1730 315 IN
1766 259 2126 316 CANTICUM
2164 259 2640 319 CANTICORUM.
3484 270 3556 326 σα

306 385 432 452 γάρ,
464 401 482 434 ι
522 380 714 451 φησιν,
744 397 761 431 ι
783 379 840 432 ἐν
861 379 982 440 ταῖς
1008 376 1265 447 ἐσχάταις
1291 377 1526 450 ἡμέραις
1563 374 1804 446 ἐμφανὲς
1827 374 1883 428 τὸ

1998 392 2017 426 ι
2059 374 2112 430 in
2141 374 2343 431 ultimis
2365 376 2554 432 diebus
2572 377 2887 435 manifestus
2921 395 3074 437 mons
3098 381 3305 439 Domini
3337 397 3558 454 paratus

301 476 431 542 ὅρος
449 475 537 526 Ku
545 473 684 544 ρίου,
706 472 910 540 ἕτοιμον
926 471 1020 523 ἐπὶ
1033 469 1134 534 τὰς
1154 468 1396 542 κορυφὰς
1407 469 1516 522 τῶν
1528 467 1696 540 ὀρέων
1708 487 1725 517 ι
1736 466 1888 538 (ὅπερ

307 567 482 628 ἐστιν,
515 565 608 616 ἐπὶ
626 562 691 615 τὰ
715 560 846 632 μέλη
877 558 994 632 [75]
1021 560 1132 613 τῶν
1153 559 1489 632 προφητῶν),
1519 576 1538 611 ι
1563 559 1657 612 καὶ
1675 557 1890 628 ὑψωθήο

310 674 473 711 σεται
505 653 746 724 ὑπεράνω
773 650 882 704 τῶν
934 651 1157 721 βουνῶψ
1198 669 1218 704 s
1263 651 1400 720 ὅπερ
1428 649 1596 712 ἐστὶν,
1632 647 1887 720 ὑπεράνω

315 748 427 801 τῶν
455 744 771 800 ἀποστόλων.
808 741 924 796 Καὶ
951 741 1198 804 εἰκότως.
1235 740 1503 811 Καθάπερ
1528 739 1638 808 γάρ
1659 738 1884 792 ἀνατέλ-

316 839 424 890 λων
446 837 474 887 ὁ
493 835 655 905 ἥλιος,
689 832 906 904 πρῶτον
940 831 1033 884 ἐπὶ
1053 832 1152 893 τὰς
1179 831 1424 902 κορυφάς
1451 831 1560 884 τῶν
1593 831 1765 900 ὀρέων
1788 829 1884 883 καὶ

313 925 510 995 βοννῶν
537 923 634 986 τὰς
680 922 949 992 φωτεινάς
1001 921 1230 974 ἐκτείνει
1257 920 1682 991 στροφάλιγγαςο
1741 919 1887 974 οὕτω

309 1017 400 1072 καὶ
447 1018 476 1070 ό
509 1014 766 1083 Χριστὸς,
801 1017 832 1068 ὁ
875 1014 977 1083 τῆς
1025 1013 1367 1084 δικαιοσύνης
1393 1013 1566 1083 ἥλιος,
1617 1012 1888 1083 ἀστράψαι

303 1108 365 1162 τὸ
398 1108 501 1177 τῆς
539 1105 706 1159 αὐτοῦ
755 1104 1007 1176 Θεάτητος
1039 1104 1154 1174 φῶς
1199 1103 1460 1174 ἠθέλησεν
1503 1104 1582 1167 εις
1623 1103 1743 1156 ὅλον
1796 1104 1887 1157 τὸν

304 1199 526 1269 κόσμον·
586 1194 806 1266 πρῶτον
838 1194 1086 1266 καθάπερ
1129 1195 1222 1247 ἐπὶ
1249 1194 1404 1264 ὄρεσι
1445 1192 1538 1273 καὶ
1567 1191 1776 1262 βουνοῖς
1829 1192 1888 1245 ἐν

1995 480 2159 535 super
2182 468 2415 523 vertices
2443 470 2725 536 montium,
2760 489 2780 522 ι
2815 471 2866 525 id
2896 482 2980 527 est
3009 475 3059 527 in
3088 478 3312 532 canticis
3335 481 3557 551 prophe-
3617 473 3620 476 ’

1991 564 2191 623 tarum,
2233 575 2252 610 ι
2289 567 2344 614 et
2368 560 2693 615 exaltabitur
2722 577 2883 629 supra
2919 565 3114 628 colles.
3160 588 3180 621 ι
3215 572 3315 624 hoc
3339 584 3424 626 est
3465 589 3557 627 su.

1986 661 2084 716 per
2108 648 2399 718 apostolos.
2439 650 2498 703 Et
2533 653 2725 706 merito
2757 671 2772 706 :
2805 658 3260 721 quemadmodum
3299 663 3444 716 enim
3476 665 3558 719 sol

1983 739 2164 794 oriens
2198 741 2432 808 primum
2465 741 2518 794 in
2565 743 2825 797 montium
2863 753 2919 798 et
2961 747 3178 801 collium
3218 752 3449 806 vertices
3479 753 3560 807 lu-

1988 831 2167 884 cidum
2203 832 2443 886 extendit
2467 847 2693 902 gyrum;
2723 834 2795 889 ita
2828 836 3080 893 Christus
3106 840 3197 894 Sol
3217 841 3440 908 iustitiae
3462 860 3559 900 vo-

1984 919 2120 988 luit,
2180 931 2238 975 ut
2295 923 2592 977 divinitatis
2643 939 2754 981 siue
2808 927 2988 982 lumen
3065 941 3177 986 toto
3250 945 3562 992 coruscaret

1986 1013 2206 1066 mundo.
2253 1012 2489 1068 Primum
2531 1015 2694 1070 veluti
2747 1033 2909 1087 super
2949 1032 3160 1093 montes
3203 1032 3259 1076 et
3304 1025 3473 1079 colles
3503 1027 3557 1081 in

1984 1103 2261 1171 prophetis
2305 1113 2360 1158 et
2399 1106 2660 1174 apostolis
2715 1107 2894 1162 lumen
2941 1110 3152 1174 illuxit.
3193 1099 3288 1182 per
3315 1130 3450 1184 quos
3493 1131 3562 1173 ex

1986 1195 2133 1248 omni
2165 1205 2433 1250 terrarum
2462 1198 2594 1252 orbe
2620 1199 2940 1267 ignorantia:
2969 1203 3188 1269 dispulit
3215 1205 3488 1260 tenebras.

300 1294 606 1365 προφήταις
631 1288 729 1342 καὶ
753 1288 1067 1352 ἀποστόλοις
1101 1287 1414 1359 κατηύγασε
1441 1286 1503 1340 τὸ
1536 1288 1671 1358 φῶς,
1699 1287 1768 1340 δι’
1831 1280 1908 1342 ὧν
1944 1287 2010 1341 ἐκ
2056 1288 2157 1358 τῆς
2209 1292 2534 1364 οἰκουμένης
2578 1293 2641 1348 τδ
2688 1294 2880 1359 σκότος
2953 1296 3199 1369 ἀπήλασε
3239 1299 3337 1371 τῆς
3382 1300 3560 1370 άγνώο

295 1385 438 1447 σίας.

285 1568 568 1638 δορκάδι,
594 1567 634 1636 ἢ
658 1566 846 1635 νεϐρῷ
866 1567 985 1622 τῶν
1007 1565 1249 1635 ἐλάφων
1269 1566 1368 1619 ἐπὶ
1400 1569 1472 1620 τὰ
1496 1567 1603 1635 ὄρη
1631 1565 1878 1631 Baiani.

358 1659 587 1730 Δορκὰς
638 1657 927 1728 δξύδερκές
959 1659 1075 1709 ἐστι
1112 1657 1269 1720 (their
1307 1657 1388 1710 διὸ
1415 1657 1509 1711 καὶ
1549 1656 1884 1728 φερωνύμως

286 1749 567 1820 κέκληται
603 1747 801 1819 δορκάς
832 1763 848 1779 ⁸
883 1747 977 1800 καὶ
1020 1746 1210 1819 νεϐρὸς
1261 1747 1497 1817 ἐλάφων·
1543 1747 1883 1818 ὰναιρετικὸς

289 1843 404 1914 γάρ
468 1845 585 1896 ἐστι
609 1841 716 1894 τῶν
751 1839 968 1894 ίοὸόλων
1021 1839 1244 1910 θηρίων.
1284 1842 1423 1912 Ὀρη
1480 1839 1537 1894 δὲ
1579 1840 1780 1911 Βαιθὴλ
1813 1839 1882 1894 τὰ

293 1931 614 2002 ἐξοχώτατα
658 1929 764 1982 τῶν
817 1928 1042 1982 δικαίων
1091 1928 1350 1998 τάγματά
1379 1930 1546 1982 ἐστιν·
1584 1929 1883 2000 ἐπειδήπερ

293 2022 511 2091 Βαιϐἡλ
541 2017 704 2086 οἴκος
727 2019 874 2073 Θεοῦ
894 2018 1270 2090 ἑρμηνεύεται·
1289 2014 1426 2072 οἴκοι
1458 2019 1514 2072 δέ
1537 2017 1692 2083 Θεοῦ,
1723 2017 1882 2087 δῆλον

286 2115 373 2168 ὅτι
400 2115 456 2167 oi
486 2114 721 2175 δίκαιοι,
751 2110 840 2165 διὰ
864 2111 955 2164 τὸν
986 2111 1229 2164 είπόντα’
1269 2129 1287 2162 ι
1327 2111 1619 2180 Ἐνοικήσω
1652 2111 1710 2162 ἐν
1754 2111 1883 2179 ὑμῖν

287 2207 385 2260 καὶ
411 2205 877 2275 ἐμπεριπατήσωο
915 2221 934 2254 ι
972 2203 1067 2255 καὶ
1096 2200 1257 2255 πάλιν
1287 2204 1316 2255 ὁ
1358 2200 1727 2264 ’Δπόστολοςί
1749 2199 1882 2253 Θεοῦ

287 2293 444 2361 οἶκός
481 2299 652 2366 ἐσμεν
669 2297 853 2364 ἡμεῖς.
897 2312 915 2344 ›
962 2293 1022 2345 '0
1053 2286 1146 2345 οῦν
1174 2291 1452 2360 aegrotes;
1483 2291 1674 2360 αὐτῆς,
1706 2293 1733 2343 ὁ
1755 2291 1884 2344 ταῦ-

289 2401 396 2455 της
413 2383 649 2452 νυμφίος
700 2381 955 2454 Χριστὸς,
980 2380 1258 2451 ὁμοιοῦται
1299 2380 1398 2451 μὲν
1427 2380 1655 2451 δόρκωνι
1693 2380 1779 2434 διὰ
1823 2380 1886 2434 τὸ

295 2475 610 2545 ὸξυδερκῶς
639 2473 993 2528 κατοπτεύειν
1025 2474 1120 2526 ἐπὶ
1163 2473 1260 2534 τὰς
1295 2472 1401 2526 τῶν
1431 2472 1730 2544 ἀνθρώπων
1752 2489 1886 2543 καρ-

294 2567 454 2630 διας,
500 2565 676 2629 καθὼς
721 2565 891 2635 λέγει’
929 2585 946 2617 ι
995 2564 1136 2634 Ἐγὼ
1178 2565 1385 2636 Κύριος
1423 2565 1629 2629 ἐτάζων
1655 2564 1887 2633 νεφροὺς

292 2661 406 2713 καὶ
443 2658 743 2727 δοκιμάζων
767 2657 1020 2728 καρδίας
1063 2657 1116 2708 εῐ
1137 2673 1188 2708 τι
1215 2655 1324 2726 (76)
1359 2656 1570 2726 ποιήσει
1601 2654 1885 2726 ἄνθρωπος

294 2751 363 2803 ἐν
395 2747 702 2818 κρυφαίοις,
727 2745 886 2813 κάγὼ
929 2746 1029 2798 οὐκ
1059 2745 1171 2816 (77)
1205 2744 1475 2816 ἐπόψομαι
1501 2744 1698 2810 adadv;
1737 2763 1756 2796 ι
1793 2743 1884 2798 Διὸ

526 1477 622 1530 Στ.
658 1475 724 1529 θ’.
767 1475 1009 1543 Ὀμοιός
1035 1474 1206 1528 ἐστιν
1243 1475 1277 1528 ὁ
1315 1430 1637 1544 ἁδελφιδός
1651 1491 1770 1544 μου
1810 1471 1883 1543 τῇ

2063 1469 2253 1525 XLIX.
2278 1471 2439 1526 Vens.
2474 1471 2527 1526 9.
2555 1471 2756 1526 Similis
2785 1484 2860 1527 est
2885 1473 3158 1546 fratruelis
3193 1491 3336 1530 meus
3358 1491 3558 1545 caprea:

1985 1559 2061 1619 rei
2085 1565 2300 1616 hinnulo
2335 1579 2600 1618 cervorum
2629 1581 2784 1632 super
2816 1578 3015 1620 montes
3052 1566 3270 1621 Bwthel.

2053 1655 2258 1722 Caprea
2309 1665 2466 1709 acute
2515 1671 2746 1710 cernens
2789 1667 2871 1712 est
2909 1660 3148 1712 animal:
3187 1661 3387 1715 idcirco
3418 1661 3558 1716 veri-

1985 1755 2148 1801 tatem
2205 1747 2286 1799 sui
2341 1747 2575 1801 nominis
2635 1748 2810 1803 ferens
2859 1749 3051 1804 dorcas
3102 1751 3451 1820 appellatur:
3503 1748 3561 1808 et

1983 1838 2240 1893 hinnulus
2301 1853 2581 1892 cervorum
2617 1859 2630 1894 ε
2665 1841 2932 1894 veneficas
2971 1841 3116 1896 enim
3159 1844 3358 1899 bestias
3386 1845 3555 1900 inter-

1983 1929 2114 1984 ﬁcit.
2144 1929 2351 1984 Montes
2386 1935 2565 1984 autem
2597 1929 2800 1986 Bwthel
2833 1933 3362 2000 summosjustoruin
3389 1937 3553 2005 signi-

1985 2021 2148 2074 ﬁcant
2199 2022 2446 2087 ordines;
2502 2025 2936 2094 quandoquidem
2983 2025 3182 2081 Barthel
3212 2027 3399 2081 domus
3463 2027 3557 2082 Det

1985 2112 2374 2182 interpretatur
2403 2130 2417 2168 :
2459 2117 2648 2170 domos
2671 2119 2813 2172 enim
2841 2119 2933 2174 Dei
2960 2121 3302 2174 manifestum
3327 2129 3411 2175 est
3437 2135 3558 2176 esse

1975 2202 2191 2272 justos:
2240 2205 2316 2259 ait
2347 2207 2489 2260 enim
2542 2207 2858 2279 Scriptura:
2898 2229 2916 2263 ι
2961 2211 3273 2266 luhabitabo
3302 2213 3354 2267 in
3382 2212 3554 2274 vobis.

1983 2303 2039 2348 et
2094 2293 2437 2351 inambulabo
2465 2297 2544 2362 ";
2587 2316 2605 2349 ι
2658 2309 2710 2354 et
2773 2317 2962 2356 rursus
3004 2303 3342 2370 Apostolus:
3407 2323 3428 2358 ι
3463 2307 3557 2360 Dei

1984 2385 2175 2439 domus
2205 2401 2390 2440 sumus
2423 2403 2522 2443 nos
2551 2389 2616 2442 ".
2656 2408 2675 2442 ι
2716 2390 2845 2458 Ejus
2884 2393 3047 2460 igitur
3080 2395 3373 2459 fratruelis,
3409 2401 3555 2464 ejus-

1985 2475 2214 2543 demque
2261 2491 2489 2543 sponsus
2531 2477 2782 2534 Christus
2831 2482 3161 2537 assimilatur
3208 2487 3424 2554 quidem
3459 2501 3558 2540 ca-

1984 2579 2167 2633 preae,
2223 2566 2364 2632 quod
2417 2576 2632 2620 acutum
2693 2568 2745 2620 in
2804 2574 2966 2622 corda
3014 2572 3288 2625 hominum
3345 2581 3558 2636 cernat,

1986 2657 2436 2725 quemadmodum
2469 2657 2579 2713 ait:
2628 2675 2647 2710 ι
2683 2659 2795 2728 Ego
2821 2661 3077 2716 Dominus
3103 2672 3351 2718 scrutans
3375 2679 3556 2731 renes,

1986 2759 2037 2802 et
2065 2749 2296 2818 probans
2325 2752 2488 2805 corda
2511 2751 2576 2804 ".
2608 2751 2809 2822 Ecquid
2837 2753 2996 2808 homo
3021 2754 3207 2815 fecerit
3237 2755 3289 2810 in
3321 2756 3556 2822 occulto,

286 2839 593 2903 ἀπεικάζει
650 2837 814 2890 αὐτὸν
841 2838 874 2906 ή
903 2836 1088 2906 νύμφη
1129 2835 1208 2906 τῷ
1252 2835 1500 2906 δόρκωνι,
1533 2835 1566 2907 ἢ
1599 2836 1676 2907 τῷ
1707 2837 1883 2908 νεϐρῷ

1986 2851 2042 2894 et
2086 2856 2184 2910 ego
2231 2857 2333 2896 non
2384 2841 2569 2898 videro
2597 2844 2686 2898 ἐἳ
2724 2863 2743 2896 ι
2799 2843 2974 2913 ipsum
3028 2856 3311 2916 propterea
3362 2863 3556 2917 sponsa

286 2932 402 2986 τῶν
425 2931 680 2999 ἐλάφων.
727 2929 945 2998 Ἐπειδὴ
982 2927 1051 2981 τὰ
1097 2927 1510 2997 εἰσπεμπόμενα
1556 2927 1656 2997 τῆς
1688 2927 1883 2991 κακίας

288 3022 667 3094 ἐνθυμήματα
702 3021 806 3075 ὑπὸ
833 3020 926 3074 τοῦ
961 3018 1196 3091 πονηροῦ
1240 3022 1360 3083 ταῖς
1397 3019 1506 3073 τῶν
1527 3018 1746 3072 δικαίων
1771 3019 1884 3072 δια-

291 3116 494 3178 νοίαις,
529 3113 706 3168 ταῦτα
734 3113 933 3181 ἐλάφου
977 3112 1131 3183 δίκην
1187 3111 1528 3182 ἀνιμώμενος
1566 3113 1594 3165 ό
1637 3110 1885 3181 οὐράνιος

289 3209 494 3277 Λόγος,
519 3208 708 3276 τέμνει
733 3206 820 3259 διὰ
846 3205 938 3258 τοῦ
968 3203 1228 3270 ὀξυτάτου
1256 3203 1463 3274 ξίφους,
1491 3198 1659 3275 οὗπερ
1687 3203 1885 3256 ἔδωκεν

286 3301 505 3363 αὐτοῖς,
565 3297 662 3351 τοῦ
723 3299 823 3368 τῆς
889 3297 1172 3362 εὐσεϐείας
1223 3294 1504 3366 λογισμοῦ.
1560 3293 1756 3357 Καλῶς
1791 3288 1884 3347 οὖν

288 3391 667 3456 ἀπεικάζεται
705 3389 884 3461 νεϐρῷ
909 3390 1122 3460 ἐλάφων
1145 3389 1238 3442 ἐπὶ
1257 3388 1324 3442 τά
1340 3389 1441 3460 ὅρη
1475 3387 1696 3458 Βαιθήλ·
1728 3403 1884 3440 cous-

288 3485 470 3549 ἐστιν,
493 3485 590 3537 ἐπὶ
612 3482 683 3536 τὰ
705 3482 1014 3552 ἐξοχώτατα
1043 3481 1152 3534 τῶν
1191 3479 1414 3534 δικαίων
1444 3479 1717 3549 τάγματα.

359 3578 451 3632 N'.
491 3576 642 3631 Ἰδοὺ
662 3577 845 3640 αὐτὸς
867 3575 974 3645 (78)
1001 3576 1193 3629 ὀπίσω
1219 3573 1331 3646 (79)
1359 3572 1466 3628 τοῦ
1494 3573 1698 3642 τοίχου
1718 3569 1886 3639 ἡμῶν

288 3669 708 3736 παρακύπτων
736 3665 834 3719 διὰ
860 3665 978 3719 τῶν
1011 3665 1284 3734 θυρίδων.

362 3759 580 3828 Τοῖχον,
637 3757 696 3810 ὃν
744 3757 845 3828 τὴν
881 3756 1100 3827 νύμφην
1161 3754 1331 3824 λέγει,
1380 3753 1473 3808 τὸν
1512 3753 1677 3824 νόμον
1727 3751 1881 3823 φησι,

296 3848 558 3919 καθάπερ
576 3850 669 3902 καὶ
689 3848 903 3912 Παῦλος
922 3848 1080 3917 (ωδ
1112 3845 1411 3909 ἀπόστολος
1445 3845 1612 3913 λέγει·
1649 3861 1667 3895 ι
1697 3844 1806 3896 Καὶ
1825 3841 1886 3896 τὸ

303 3937 625 4008 μεσότοιχον
675 3937 768 3990 τοῦ
805 3934 1061 4008 φραγμοῦ
1115 3935 1302 3997 λύσας’
1350 3935 1448 4006 τὴν
1495 3933 1694 4005 ἔχθραν
1727 3934 1784 3986 ἐν
1816 3935 1883 4004 τῇ

301 4027 484 4098 σαρκὶ
536 4026 711 4091 αὑτοῦ,
765 4028 862 4082 τὸν
908 4028 1072 4098 νόμον
1122 4025 1233 4080 τῶν
1274 4025 1501 4080 ἐντολῶν
1552 4026 1610 4078 ἐν
1655 4024 1884 4094 δόγμασι

296 4120 681 4191 καταργήσας.
725 4139 743 4172 ι
780 4118 1163 4191 Παρακύπτων
1217 4117 1328 4189 γάρ
1361 4117 1536 4170 ὀπίσω
1578 4115 1672 4170 τοῦ
1717 4115 1883 4186 νόμου

1986 2946 2194 3000 caprea:
2249 2934 2512 2988 assimilat
2544 2934 2627 2989 vel
2664 2935 2886 2991 hinnulo
2924 2953 3248 3004 cervorum;
3289 2939 3561 2994 immissas

1985 3023 2127 3075 enim
2182 3023 2394 3092 iniquas
2443 3027 2802 3096 cogitationes
2848 3027 2900 3082 in
2954 3029 3164 3084 animos
3205 3028 3472 3098 justoruin
3527 3041 3558 3084 a

1985 3114 2218 3180 diabolo,
2247 3116 2419 3170 instar
2448 3119 2592 3172 cervi
2621 3119 2843 3173 caeleste
2866 3118 3100 3174 Verbum
3126 3131 3400 3176 extractas
3425 3137 3558 3176 acu-

1987 3203 2196 3258 tissimo
2227 3206 2462 3259 concidit
2509 3208 2708 3277 gladio,
2747 3224 2904 3277 quem
2955 3210 3056 3264 illis
3104 3211 3358 3274 tradidit,
3399 3211 3559 3267 uimi-

1986 3308 2104 3347 rum
2143 3293 2467 3364 c0gitatione
2496 3297 2735 3366 pietatis.
2775 3298 3056 3354 Concinno
3089 3301 3247 3371 igitur
3285 3303 3556 3358 assimila-

1987 3393 2075 3438 tur
2104 3386 2328 3441 hinnulo
2353 3402 2636 3443 cervorum
2673 3390 2726 3444 ln
2751 3393 3026 3447 montibus
3066 3391 3268 3449 Baetltel
3289 3433 3306 3461 ,
3340 3394 3441 3451 hoc
3476 3405 3560 3452 est

1985 3489 2148 3545 super
2172 3490 2414 3532 summos
2439 3476 2708 3545 justorum
2750 3481 2988 3536 ordines.
3253 3487 3266 3494 ‘

2055 3567 2118 3623 L.
2155 3567 2289 3623 Ecce
2327 3570 2436 3639 ipse
2463 3579 2580 3640 post
2619 3573 2870 3639 parietem
2926 3583 3197 3640 nostrum,
3229 3577 3554 3646 prospiciens

1983 3675 2077 3729 per
2111 3660 2385 3730 fenestras.

2057 3751 2324 3808 Parietem
2353 3761 2481 3824 puto
2511 3769 2764 3824 sponsam
2787 3757 3061 3827 appellare
3085 3758 3279 3830 legem,
3299 3761 3558 3830 quemad-

1987 3843 2206 3898 modum
2238 3843 2436 3899 Paulus
2473 3846 2547 3899 ait
2573 3863 2586 3899 :
2623 3865 2644 3898 ι
2675 3845 2899 3901 Solveus
2925 3849 3159 3902 medium
3193 3850 3440 3903 maceria:
3463 3864 3556 3918 [διο

1987 3937 2174 3991 rietem
2210 3954 2225 3991 :
2255 3936 2591 3992 inimicitiam
2629 3939 2681 3992 in
2711 3952 2876 3994 carne
2907 3954 3028 4004 sua,
3065 3939 3246 4008 legem
3273 3942 3557 3996 mandato-
3597 3979 3617 3997 ι

1988 4042 2104 4081 rum
2130 4027 2362 4083 decretis
2397 4043 2664 4083 evacuans
2689 4029 2756 4083 ”.
2795 4047 2815 4082 ι
2847 4027 3192 4100 Prospiciens
3228 4032 3370 4087 enim
3407 4032 3556 4088 venit

1987 4128 2111 4187 post
2137 4117 2332 4187 legem,
2362 4128 2416 4173 et
2449 4133 2546 4188 per
2568 4119 2856 4183 fenestras.
2888 4121 2939 4176 id
2978 4133 3083 4189 est,
3114 4139 3212 4192 per
3242 4126 3551 4194 prophetas.

295 4189 491 4281 ἦλθεφ,
520 4189 614 4265 seat
642 4211 730 4265 διὰ
751 4189 1147 4283 τῶνουρίδων,
1178 4211 1316 4280 ὅπερ
1347 4209 1464 4261 ἐστὶ
1494 4207 1583 4261 διὰ
1609 4207 1718 4260 τῶν
1746 4223 1880 4278 προ-

1990 4207 2229 4260 Primum
2271 4208 2418 4260 enim
2449 4207 2502 4260 in
2535 4206 2650 4278 lege
2679 4222 2774 4278 per
2807 4208 3042 4280 Moysem
3074 4189 3391 4279 praedicatus
3423 4221 3505 4266 est
3535 4229 3550 4266 :

299 4303 510 4374 ψητῶν.
533 4301 761 4373 Πρῶτον
787 4301 895 4373 γὰρ
923 4303 980 4355 έν
1009 4302 1156 4371 νόμῳ
1177 4300 1264 4354 διὰ
1288 4299 1565 4362 Μωῡσέως
1581 4297 1881 4369 ὲκηριίκθη·

299 4392 495 4445 ἔπειτα
509 4391 601 4447 διὰ
625 4391 733 4444 τῶν
765 4391 1013 4462 Θυρίδων,
1041 4391 1116 4454 ὡς
1147 4392 1341 4455 εἰπεῖν,
1363 4389 1450 4443 διά
1469 4387 1576 4441 τῶν
1592 4386 1884 4460 προφητῶν

311 4482 653 4554 παρέκυψεν.
719 4482 912 4546 Ἀλλὰ,
971 4501 990 4534 ι
1036 4483 1129 4535 καὶ
1179 4481 1465 4534 ἐκκύπτων
1517 4477 1606 4532 διά
1651 4479 1760 4532 τῶν
1807 4478 1885 4532 δι-

301 4575 504 4628 κτύων.
532 4593 552 4626 s

375 4666 505 4718 NA'.
548 4665 958 4732 Hapaxiiutaw
993 4662 1092 4718 διὰ
1116 4661 1234 4717 τῶν
1270 4660 1548 4731 θυρίδων,
1570 4659 1668 4714 καί
1701 4659 1878 4713 ἐκκύ-

305 4772 471 4808 πτωγ
497 4755 596 4809 διὰ
618 4754 737 4808 τῶν
760 4753 1032 4808 δικτύων.

383 4845 693 4914 Θαυμάσιος
722 4847 750 4898 6
795 4845 894 4916 τῆς
948 4844 1058 4914 (81)
1103 4840 1448 4906 ἀκολουθίας,
1502 4841 1596 4894 καὶ
1649 4839 1880 4910 μάλιστα

381 4959 798 5041 ’ξ-Ιιενὶιαινι,
836 4963 926 5028 i2;
963 4962 1006 5016 ll
1031 4962 1156 5017 Cor.
1181 4960 1372 5041 vr,_i6.
1445 4958 1492 4991 "
1522 4958 1687 5013 Hebr.
1725 4971 1822 5024 in,
1848 4956 1904 5011 6.

305 5051 367 5101 ιι,
397 5033 494 5086 id.

372 5147 494 5218 (75)
538 5145 722 5220 Vallic.
769 5145 842 5220 τὰ
868 5143 1047 5220 τέλει,
1101 5149 1353 5210 corrupte
1397 5153 1496 5220 pro
1540 5138 1692 5220 τέλη.
1743 5137 1874 5219 Eam

301 5216 589 5272 lectionem
637 5216 828 5271 habuit
859 5225 966 5269 vet.
1012 5217 1278 5282 interpres
1300 5249 1317 5275 ,
1348 5216 1439 5279 qui
1466 5216 1627 5282 vertit
1672 5225 1691 5259 ι
1732 5216 1876 5261 circa

303 5290 464 5360 tinem
504 5289 910 5360 prophetarum.
944 5302 964 5336 ι
1001 5278 1170 5360 Darii;
1201 5278 1438 5360 et_meu_s
1494 5278 1629 5360 μέλη
1656 5317 1672 5343 ,
1697 5286 1874 5360 {quam

305 5351 902 5411 lectionem—Salutat“
923 5354 1199 5424 agnoscit;
1231 5351 1308 5406 ait
1329 5351 1470 5404 enim
1505 5367 1524 5401 ι
1560 5351 1613 5403 iu
1641 5351 1873 5403 canticis

303 5430 709 5496 prophetarum.
740 5445 760 5480 ι

374 5493 486 5565 (76)
523 5496 715 5552 Helius
739 5493 796 5549 ετ
817 5511 950 5565 τις(
1170 5560 1182 5565 _
1295 5531 1302 5552 .

371 5557 489 5638 (Τί)
536 5565 607 5638 in
676 5557 1074 5638 Vallic.’deest
1132 5560 1232 5614 οὐκ
1265 5567 1324 5638 et
1379 5567 1504 5614 nota
1566 5557 1869 5638 interroga-7

302 5628 482 5691 tionis;
532 5635 880 5700 lemoriter,
919 5636 1162 5701 adeoque
1192 5631 1388 5696 \minus
1450 5638 1700 5701 accurate
1739 5632 1872 5701 citat

299 5706 476 5762 locum
541 5704 825 5772 Ieremia,
866 5697 1040 5773 cuius
1073 5697 1266 5758 'verba
1334 5707 1495 5766 sunt,
1554 5699 1602 5752 si
1663 5697 1870 5768 κροσή-

1984 4296 2177 4350 deiude
2215 4308 2312 4364 per
2340 4293 2610 4350 fenestras
2631 4334 2648 4361 ,
2688 4306 2747 4351 ut
2793 4297 2863 4350 ita
2887 4296 3100 4356 dicant.
3133 4311 3228 4364 per
3260 4297 3555 4366 prophetas

1983 4385 2283 4455 prospexit.
2311 4384 2417 4440 Sed
2452 4401 2471 4436 ι
2498 4392 2554 4442 et
2587 4385 2903 4456 prominens
2929 4385 3188 4456 prospicit
3214 4401 3309 4456 per
3338 4386 3498 4441 retia.
3527 4403 3549 4438 ι

2057 4649 2142 4706 Ll.
2191 4649 2520 4720 Prospiciens
2552 4669 2647 4722 per
2685 4653 2966 4724 fenestras,
2994 4664 3044 4710 et
3081 4659 3378 4726 prominens
3415 4673 3554 4726 pro-

1981 4745 2135 4813 spicit
2171 4759 2263 4811 per
2283 4743 2439 4796 retia.

2056 4834 2405 4890 Admirabilis
2443 4846 2528 4891 est
2570 4836 2812 4901 ordinis.
2847 4837 3007 4909 huius
3040 4841 3335 4909 praesertim
3358 4879 3374 4906 ,
3419 4854 3554 4896 con—

1977 4951 2226 5008 "Jerem.
2259 4966 2394 5020 xvu,
2429 4954 2515 5007 10.
2590 4953 2636 4984 ⁸⁸
2669 4950 2869 5009 Jerem.
2909 4968 3068 5019 ιιιιι,
3102 4951 3194 5009 24.
3269 4953 3316 4985 ’⁸
3347 4953 3548 5023 Ephes.

1983 5136 2134 5209 σεταί
2173 5154 2256 5209 τις
2289 5137 2347 5189 ἐν
2384 5135 2694 5209 κρυφαίοις,
2729 5137 2824 5191 καὶ
2847 5135 2960 5205 ἐγὼ
2992 5136 3092 5190 οὐκ
3122 5137 3323 5209 ὂψομαι
3350 5138 3548 5209 αὐτόνς

2054 5208 2165 5277 (78)
2206 5208 2344 5262 ean.
2384 5200 2516 5260 vat:
2543 5200 2718 5270 οὗτος.

2055 5273 2167 5348 (79)
2198 5278 2354 5332 Alex.
2404 5277 2633 5348 cod._et
2665 5277 2750 5330 ed.
2797 5273 3007 5346 Compl.
3057 5276 3286 5347 ἕστηκεν
3333 5277 3547 5344 ὀπίσω,

1983 5346 2450 5420 (ιιιιιιιιιειιιὶοιιοιη
2481 5346 2729 5420 habuisse
2771 5347 2983 5420 videtur
3013 5358 3120 5401 vet.
3163 5346 3414 5418 interpr.,
3457 5351 3550 5420 qui

1984 5417 2166 5481 vertit,
2196 5435 2215 5469 ι
2250 5433 2376 5473 ecce
2399 5416 2486 5472 hic
2513 5418 2664 5470 stetit
2695 5427 2812 5484 post
2833 5417 3113 5484 parietem.
3138 5435 3158 5469 ι

2053 5486 2176 5562 (80).
2221 5486 2402 5562 Locus
2432 5482 2750 5562 corruptus.
2793 5482 3122 5562 Legenduur
3163 5487 3362 5562 τοῖχονΔ
3395 5482 3554 5562 οἶμαι

1975 5554 2075 5679 {hu
2116 5555 2337 5677 Vill).ng
2387 5554 2567 5622 λέγειν
2609 5554 2702 5607 τὸν
2749 5555 2941 5626 νόμον·
2988 5554 3376 5631 καθάπερ”καὶ
3405 5554 3556 5615 uae-

2010 5641 2068 5679 oc
2085 5664 2101 5679 .
2125 5643 2180 5679 κ.
2203 5643 2252 5679 τ.
2313 5644 2334 5679 .-

2010 5641 2101 5690 ος,
2125 5643 2180 5679 κ.
2203 5643 2252 5680 τ.
2281 5641 2334 5679 Α.-

2055 5695 2344 5767 (Sullam.
2370 5704 2423 5752 et
2455 5707 2605 5752 meus
2633 5693 2721 5749 διὰ
2759 5691 2884 5764 τῆς.
