4036 6208
521 254 587 307 67
1653 255 1968 312 PlilLONlS
2007 255 2313 314 EPISCOPI
2352 259 2576 316 CARPA
2586 261 2668 317 Sil
3704 272 3772 322 GR

521 365 756 421 einnitas
801 382 817 422 :
860 367 1091 435 primum
1127 374 1246 437 post
1270 367 1565 435 parietem;
1595 368 1788 423 deinde
1807 369 1873 423 de
1899 370 2101 438 pariete

2209 373 2423 445 ταύτης,
2463 375 2683 448 ῥυθμός.
2719 376 2942 448 Πρῶτον
2993 378 3169 431 ὀπίσω
3205 378 3300 432 τοῦ
3336 377 3535 450 τοίχου·
3585 382 3773 440 ἔπειτα

522 475 618 531 per
645 458 950 527 fenestras;
987 469 1261 530 postremo
1292 473 1386 528 per
1420 459 1576 514 retia.
1606 459 1672 513 Et
1702 462 1878 530 quoad
1913 462 2093 530 parie-

2209 464 2304 518 ὶπὸ
2335 464 2428 518 τοῦ
2455 467 2634 536 τοίχου
2687 467 2776 521 διὰ
2827 469 2933 521 τῶν
2988 469 3234 541 θυρίδων·
3278 465 3396 524 εἶτα
3422 470 3512 525 διὰ
3548 473 3656 524 τῶν
3699 476 3774 528 δι-

522 561 631 605 tcm
661 549 874 616 attinet,
907 551 1042 605 satis
1071 549 1404 603 declaratum
1433 557 1538 616 est,
1568 565 1664 618 per
1695 549 1843 605 illum
1873 552 2096 619 intelligi

2209 553 2398 608 κτύων.
2423 555 2534 608 Καὶ
2549 555 2618 608 τὰ
2650 557 2747 626 μὲν
2774 557 2900 628 περὶ
2933 559 3026 609 τοῦ
3061 558 3265 628 τοίχου,
3296 561 3376 612 ὅτι
3406 561 3534 630 περ).
3557 561 3652 614 τοῦ
3686 563 3775 616 νό-

522 643 718 711 legem.
759 641 912 707 Quod
935 650 1114 694 autem
1144 640 1407 710 prospicit
1446 656 1543 710 per
1572 641 1862 708 fenestras,
1894 644 2094 697 dictum

2209 662 2298 715 μου
2331 645 2498 714 λέγει,
2534 648 2722 718 σαφῶς
2760 650 3152 704 ἀποδέδεικται·
3186 652 3269 703 ὅτι
3308 651 3366 703 δὲ
3397 652 3492 705 καὶ
3529 653 3774 723 παρακύ-

521 744 599 788 est
624 734 676 788 id
697 748 818 787 esse
831 734 898 787 de
921 732 1216 801 prophetis.
1239 731 1706 799 Quemadmodum
1741 735 1885 790 enim
1917 736 1959 789 si
1975 737 2097 804 quis

2209 754 2319 790 πτει
2344 739 2431 792 διὰ
2464 739 2571 792 τῶν
2621 741 2870 813 θυρίδων,
2898 744 3036 813 ὅπερ
3062 744 3180 795 ἐστὶ
3201 742 3289 796 διὰ
3319 743 3428 795 τῶν
3458 746 3774 816 προφητῶν,

522 824 812 891 prospiciat
835 836 933 890 per
971 822 1236 878 fenestras
1267 838 1327 879 se
1363 840 1554 880 rursus
1584 825 1866 890 subducit;
1898 827 1976 880 sic
2006 843 2099 896 per

2209 829 2465 884 λέλεκται.
2494 832 2703 903 ’Ὠσπερ
2732 832 2860 903 γὰρ,
2894 833 2948 886 εί
2970 851 3054 897 τις
3089 834 3462 905 παρακύπτει,
3488 836 3583 888 καὶ
3613 836 3778 888 πάλιν
3876 855 3884 863 ο

522 913 832 983 prophetica
889 913 1142 983 dogmata
1187 917 1503 985 prospexit,
1564 931 1684 970 cum
1749 931 1846 983 per
1900 917 2096 972 lsaiam

2209 922 2389 975 ἑαυτὸν
2423 923 2664 991 ύφέλκει·
2695 923 2838 977 οὕτω
2861 924 2952 979 διὰ
2977 925 3084 977 τῶν
3116 925 3470 997 προφητικῶν
3490 927 3778 997 δογμάτων

521 1004 910 1075 przenuntiatus
935 1012 1050 1068 est,
1094 1020 1190 1074 per
1219 1004 1513 1060 Jeremiam
1565 1005 1915 1077 praedicatus,
1947 1022 2100 1062 reve-

2209 1012 2536 1082 παρέκυπτε,
2559 1014 2647 1067 διὰ
2671 1015 2763 1068 τοῦ
2797 1015 3020 1068 Ἡσαΐου
3044 1017 3541 1088 προφητευόμενος,
3563 1019 3650 1072 διὰ
3679 1019 3778 1074 τοῦ

521 1097 659 1151 latus
692 1111 787 1166 per
817 1097 1116 1164 Danielem,
1167 1106 1419 1167 tanquam
1450 1113 1544 1168 per
1577 1099 1842 1155 fenestras
1869 1100 2098 1168 prophe-

2209 1103 2470 1175 Ἰερεμίου
2498 1107 2918 1178 κηρυττόμενος,
2949 1106 3035 1160 διὰ
3050 1107 3142 1160 τοῦ
3169 1107 3366 1179 Δανιὴλ
3393 1108 3780 1162 ἀποκαλυπτό-

522 1199 717 1242 tarum.
765 1188 905 1243 Cum
953 1204 1082 1244 vero
1123 1204 1304 1245 sermo
1328 1199 1414 1245 est
1463 1190 1529 1246 de
1564 1191 1790 1254 retibus,
1832 1206 1939 1246 non
1985 1191 2096 1260 jam

2209 1209 2378 1264 μενος,
2411 1194 2600 1269 ὥσπερ
2636 1197 2725 1250 διὰ
2750 1197 3006 1268 θυρίδων,
3035 1195 3142 1250 τῶν
3164 1198 3481 1268 προφητῶν.
3520 1200 3645 1252 Ἐπὶ
3667 1200 3782 1252 τῶν

522 1280 654 1334 dicit
704 1300 722 1332 ι
758 1281 1134 1350 prospiciens,
1171 1299 1190 1333 ι
1229 1281 1324 1336 sed
1361 1299 1384 1331 ι
1431 1283 1744 1350 prominens
1789 1282 2028 1350 inspicit.
2073 1299 2092 1333 ι

2209 1285 2434 1340 δικτύων
2465 1286 2544 1351 δὲ,
2593 1289 2776 1342 ούκέτι
2830 1289 2998 1358 λέγει,
3061 1307 3081 1340 ι
3135 1287 3529 1364 παρακύπτων,
3574 1307 3594 1342 ι
3638 1290 3776 1354 ἀλλ’,

523 1372 622 1438 Qui
651 1372 793 1425 enim
837 1372 1097 1441 prospicit
1137 1386 1167 1425 e
1199 1372 1430 1426 fenestra
1465 1373 1624 1427 modo
1655 1387 1713 1427 se
1751 1384 2096 1443 conspectum

2211 1394 2229 1425 ι
2268 1377 2572 1432 ὲκκύπτων.
2615 1398 2634 1430 ›
2681 1379 2740 1433 '0
2779 1380 2886 1451 γὰρ
2922 1379 3293 1452 παρακύπτων
3341 1379 3452 1450 (8‘2)
3494 1381 3624 1434 ποτε
3676 1382 3781 1452 μὲν

521 1465 654 1526 dat,
691 1463 851 1518 modo
898 1478 958 1518 se
997 1463 1274 1530 subducit;
1311 1463 1402 1532 qui
1446 1476 1575 1518 vero
1609 1463 1922 1531 prominens
1967 1478 2098 1532 pro-

2209 1468 2390 1521 ἑαυτὸν
2414 1469 2756 1523 ἀποδεικνύει
2787 1471 2918 1541 (85),
2951 1471 3078 1524 ποτὲ
3110 1471 3168 1524 δὲ
3214 1471 3509 1543 ὑποχωρεῖ·
3543 1474 3571 1526 6
3597 1471 3652 1525 δὲ
3686 1475 3782 1526 ὲκ-

523 1554 700 1622 spicit,
757 1567 817 1607 se
861 1553 1034 1623 ipsum
1091 1562 1260 1608 totum
1305 1553 1557 1608 ostendit.
1610 1552 1887 1623 Tanquam
1940 1554 2101 1623 igitur

2209 1560 2422 1613 κύπτων
2469 1560 2588 1614 ὅλον
2617 1561 2822 1615 ,ἑαυτὸν
2867 1562 3162 1616 ἐπιδίδωσι.
3200 1563 3411 1633 Ὠσπερ
3427 1560 3520 1617 οὖν
3563 1563 3652 1618 διὰ
3695 1565 3779 1619 δι-

522 1659 620 1711 per
646 1645 782 1700 retia
819 1660 878 1700 se
913 1654 1082 1707 totum
1111 1644 1478 1699 manifestavit
1507 1659 1604 1713 per
1629 1654 1852 1700 sanctos
1879 1653 2096 1715 aposto-

2203 1652 2402 1718 κτύων,
2447 1653 2535 1707 διὰ
2587 1653 2696 1706 τῶν
2727 1655 2896 1723 ἁγίων
2940 1655 3271 1719 ἀποστόλων,
3299 1655 3419 1709 ὅλον
3473 1657 3664 1710 ἑαυτὸν
3691 1658 3781 1710 ὲν-

522 1737 620 1792 los.
651 1737 862 1792 Etenim
905 1737 1007 1792 hoc
1054 1740 1172 1806 ipso
1209 1736 1350 1806 quod
1388 1736 1681 1805 piscatoria
1720 1735 1965 1790 nominat
2012 1734 2097 1788 in-

2209 1746 2440 1816 εφάνισε.
2465 1747 2576 1800 Καὶ
2601 1747 2710 1819 γὰρ
2733 1747 2801 1800 δι’
2829 1748 2999 1818 αὐτῆς
3018 1749 3117 1817 τῆς
3144 1748 3436 1818 ὀνομασίας
3460 1749 3567 1802 τῶν
3596 1748 3780 1802 ἁλιευ-

523 1838 846 1894 strumenta,
881 1829 1218 1884 vocationem
1258 1828 1499 1899 praedicit
1535 1827 1900 1897 apostolorum
1922 1866 1938 1892 ,
1973 1826 2098 1895 qui-

521 1921 622 1975 bus
649 1920 766 1990 ipse
795 1921 927 1975 dicit
955 1937 972 1974 :
1003 1938 1024 1972 ι
1063 1921 1253 1975 Venite
1285 1929 1407 1990 post
1431 1934 1538 1984 me,
1575 1919 1767 1973 faciam
1799 1933 1894 1974 vos
1919 1920 2096 1988 pisce-'-

523 2020 666 2066 tores
694 2011 972 2066 hominum
1011 2030 1024 2066 :
1075 2012 1152 2066 illi
1183 2022 1361 2066 autem
1401 2011 1642 2069 dimissis
1675 2011 1880 2067 retibus
1925 2012 2096 2067 secuti

523 2111 788 2156 suuteum
824 2103 863 2155 ι.
895 2120 915 2154 ι
946 2102 1078 2169 Quae
1107 2103 1270 2173 igitur
1289 2111 1614 2172 sequuntur,
1646 2100 1931 2158 manifeste
1955 2105 2098 2173 quod

523 2194 754 2251 diximus
779 2195 1130 2251 declarabunt
1156 2214 1172 2262 ;
1209 2197 1287 2251 ait
1315 2197 1460 2251 enim
1493 2212 1507 2249 :
1707 2183 1712 2187 ’

594 2343 702 2398 Lll.
744 2343 907 2399 Vens.
946 2345 1033 2401 lO.
1071 2343 1362 2413 Respondet
1398 2344 1668 2414 fratruelis
1702 2360 1870 2406 meus,
1900 2354 1945 2396 et
1970 2343 2100 2395 dictt

522 2429 689 2482 mihi:
736 2429 926 2500 Surge,
970 2431 1101 2497 veni,
1148 2433 1390 2500 proxima
1455 2450 1595 2497 mea,
1666 2431 1887 2501 pulchra
1939 2448 2096 2498 mea,

521 2521 758 2574 columba
793 2539 930 2576 mea.

591 2610 723 2666 Nam
754 2627 849 2681 per
889 2613 990 2667 hos
1029 2613 1174 2683 ipsos
1204 2623 1421 2684 sanctos
1473 2615 1744 2684 apostolos
1783 2623 2027 2669 vocatam
2069 2629 2098 2668 a

519 2715 862 2770 peccatorum
895 2705 1048 2773 lapsu
1079 2721 1196 2760 eam
1233 2706 1392 2776 erigit
1423 2706 1606 2762 dicens
1635 2726 1648 2763 :
1694 2726 1718 2759 ‹
1739 2709 1931 2776 Surge,
1955 2707 2098 2773 veni,

521 2797 781 2866 pulchra;
813 2812 832 2847 ο
862 2803 916 2849 et
940 2795 1243 2849 columbam
1291 2796 1451 2850 simul
1497 2812 1616 2852 eam
1673 2808 1832 2853 vocat
1876 2805 2099 2868 propter

522 2892 719 2942 donum
763 2885 998 2955 Spiritus
1065 2886 1280 2954 sancti,
1314 2896 1368 2941 et
1423 2899 1639 2958 propter
1680 2904 1799 2944 eam
1827 2903 1986 2960 quam
2019 2887 2094 2943 illi

523 2978 780 3051 praecipit,
814 2975 1246 3048 simplicitatem.

625 3193 757 3250 Lill.
791 3193 956 3250 Vsus.
991 3191 1077 3247 ll.
1115 3190 1378 3256 Quoniam
1410 3205 1526 3244 ecce
1557 3190 1724 3244 hiems
1756 3191 1992 3245 transiit.

595 3305 834 3359 iliemem
869 3303 1030 3370 igitur
1059 3309 1219 3356 vocat
1256 3299 1550 3352 salutarem
1585 3297 1888 3366 passionem
1925 3337 1940 3363 ,
1975 3313 2096 3352 cum

525 3404 897 3468 tempestatem
953 3394 1095 3463 passi
1145 3391 1314 3447 Judmi
1351 3392 1402 3445 in
1462 3389 1837 3461 gravissimum
1894 3390 2102 3445 incide-

525 3499 650 3545 runt
696 3486 924 3542 exiliunt
960 3501 973 3539 :
1023 3485 1107 3538 vel
1144 3485 1308 3539 etiam
1347 3482 1577 3536 hiemem
1629 3489 1790 3535 vocat
1834 3479 2100 3536 idolorum

471 3631 476 3636 .
523 3583 764 3643 cultum,
813 3592 974 3647 quem
1026 3579 1093 3631 ah
1141 3591 1202 3631 ea
1249 3574 1499 3631 removit.
1549 3573 1606 3628 In
1657 3581 1886 3643 utroque
1937 3589 2100 3629 sensu

526 3673 700 3727 hiems
760 3668 997 3725 transiit.
1041 3668 1224 3737 Neque
1278 3666 1423 3721 enim
1471 3664 1700 3735 amplius
1740 3674 1970 3744 mortem
2006 3681 2103 3720 cx-

525 3773 757 3834 spectat,
791 3764 882 3832 qui
917 3754 1082 3816 semei
1111 3775 1206 3828 pro
1243 3759 1399 3814 nobis
1447 3749 1665 3828 passus’
1689 3766 1773 3813 est
1803 3756 2062 3812 Dominus
2087 3797 2104 3823 ,

523 3857 971 3928 quemadmodum
1007 3853 1297 3924 Apostolus
1324 3852 1399 3905 ait
1430 3869 1444 3905 :
1477 3867 1496 3902 ι
1529 3849 1670 3904 Mors
1702 3849 1775 3904 illi
1803 3866 1912 3906 non
1959 3851 2099 3905 ultra

525 3949 922 4012 dominabitur;
955 3947 1097 4018 quod
1149 3946 1294 4000 enim
1324 3950 1584 3999 mortuus,
1605 3949 1710 4009 est,
1746 3951 1992 3998 mortuus
2021 3953 2107 3999 est

523 4043 688 4095 semel
717 4049 970 4109 peccato;
995 4039 1135 4108 quod
1163 4044 1341 4092 autent
1367 4036 1518 4100 vivit,
1543 4035 1675 4090 vivit
1704 4033 1814 4089 Deo
1842 4037 1884 4092 ⁸.
1912 4053 1931 4087 ι
1953 4034 2104 4101 Quod

524 4142 703 4186 autem
752 4131 924 4185 hiems
973 4143 1159 4184 revera
1215 4127 1552 4196 intelligenda
1603 4128 1676 4182 sit
1723 4127 1902 4196 passio
1933 4167 1948 4192 ,
1985 4127 2106 4181 vide

526 4223 746 4277 Petrum
781 4227 1098 4288 tempestate
1117 4217 1378 4287 iactatum
1407 4225 1624 4286 propter
1648 4227 1848 4272 metum
1885 4216 2104 4273 Judan-

524 4314 668 4369 rum.
696 4312 800 4368 Sed
822 4313 994 4367 hiems
1021 4309 1280 4379 praeteriit
1305 4325 1320 4376 ;
1367 4322 1490 4362 nam
1517 4314 1637 4376 post
1659 4309 2106 4365 resurrectionem

2198 1841 2366 1897 τικῶν
2395 1842 2640 1914 ὀργάνων
2663 1841 2760 1912 τὴν
2791 1841 2898 1895 τῶν
2927 1841 3238 1895 ἀποστόλων
3276 1840 3609 1912 προφητεύει
3647 1840 3780 1912 κλῆο

2203 1953 2306 1999 σιν,
2336 1929 2417 1996 οἷς
2451 1931 2602 1988 εἶπεν
2629 1935 2809 1998 αὐτός·
2847 1953 2865 1984 ι
2902 1933 3063 1986 Δεῦτε
3094 1933 3268 1986 ὀπίσω
3306 1950 3428 2003 μου,
3454 1932 3547 1986 κα).
3568 1934 3780 2003 ποιήσω

2201 2028 2346 2096 ὑμᾶς
2368 2026 2536 2090 ἁλιεῖς
2562 2025 2885 2096 ἀνθρώπωψ
2925 2027 2974 2078 oi
3001 2025 3059 2079 δὲ
3093 2026 3319 2093 ἀφέντες
3340 2025 3408 2078 τά
3435 2024 3625 2078 δίκτυα
3646 2026 3778 2094 ἠκο-

2201 2117 2470 2189 λούθησαν
2497 2117 2664 2188 αύτῷ.
2694 2137 2713 2170 ι
2758 2118 2823 2170 Ἦ
2849 2117 3026 2171 τοίνυν
3065 2117 3349 2170 ἀκολουθία
3379 2116 3440 2169 τὸ
3465 2115 3654 2186 λεχθὲν
3683 2133 3776 2170 σα-

2205 2211 2303 2279 φὲς
2329 2209 2440 2281 (84)
2472 2209 2922 2278 ἀποδείξενλέγει
2955 2209 3082 2281 γάρ’

2285 2344 2411 2398 1\'B'.
2450 2345 2542 2398 Στ.
2576 2351 2628 2399 ι’.
2678 2345 3078 2413 Ἀποκρίνεται
3119 2344 3436 2413 ἀδελφιδός
3478 2361 3621 2412 μου,
3676 2345 3774 2399 καί

2204 2436 2366 2507 λέγει
2389 2456 2510 2508 μοι·
2559 2437 2844 2504 Ἀνάστα,
2891 2437 3049 2503 ἐλθὲ,
3086 2438 3123 2507 ὴ
3170 2438 3435 2505 πλησίον
3455 2455 3597 2506 μου,
3622 2437 3776 2504 καλή

2198 2547 2340 2598 μου,
2372 2529 2692 2599 περιστερά
2716 2549 2858 2600 μου.

2269 2622 2347 2673 Δι’
2370 2621 2546 2674 αὐτῶν
2581 2619 2689 2691 γὰρ
2716 2620 2917 2674 τούτων
2947 2620 3054 2674 τῶν
3085 2621 3252 2689 ἁγίων
3286 2620 3792 2674 ἀποστόλων.καλέ-

2207 2729 2304 2774 σας
2339 2711 2527 2782 αὐτὴν,
2570 2710 2850 2781 ἀνίστησιν
2879 2712 2987 2764 ἀπὸ
3023 2710 3116 2764 τοῦ
3155 2710 3442 2782 πτώματος
3465 2712 3571 2764 τῶν
3599 2713 3775 2783 ἀμαρ-

2203 2801 2480 2871 τημάτων,
2515 2800 2709 2870 λέγων’
2756 2819 2774 2852 ι
2819 2802 3067 2867 Ἀνάστα,
3101 2803 3240 2866 ἐλθὲ,
3274 2805 3412 2874 καλή
3442 2821 3455 2833 ·
3490 2822 3508 2854 ι
3541 2803 3656 2872 ἅμα
3686 2803 3778 2857 καὶ

2207 2891 2537 2963 περιστερὰν
2594 2892 2812 2956 καλῶν,
2856 2893 2944 2949 διά
2985 2912 3042 2947 τε
3088 2894 3185 2966 τὴν
3226 2895 3434 2967 δωρεὰν
3484 2895 3576 2947 τοῦ
3623 2895 3782 2962 ἁγίου

2205 2983 2541 3052 Πνεύματος,
2581 2984 2674 3038 καὶ
2730 2985 2796 3038 δι’
2823 2986 2890 3056 ἢν
2922 2987 3133 3040 κελεύει
3164 2987 3311 3059 ἔχειν
3335 2987 3504 3058 αὐτὴν
3533 2988 3787 3058 ἀκεραίο-

2133 3062 2175 3118 C
2207 3092 2365 3144 τητα.

2277 3189 2402 3242 ΝΓν.
2429 3190 2550 3244 Ὅτι
2593 3190 2721 3246 ίδοὺ
2750 3193 2782 3246 ὀ
2812 3191 3032 3261 χειμὼν
3055 3192 3382 3261 παρῆλθεν.

2274 3303 2535 3374 Χειμῶνα
2573 3301 2665 3358 οὖν
2701 3305 2763 3359 τὸ
2805 3307 3069 3379 σωτήριον
3096 3306 3267 3370 πάθος
3297 3307 3469 3372 καλεῖ,
3497 3309 3555 3361 ὲν
3591 3301 3635 3376 ᾧ
3664 3321 3801 3379 χειι·

2209 3395 2508 3465 μασθέντες
2525 3397 2575 3448 oi
2610 3396 2849 3450 Ἰουδαῖοι
2883 3398 3124 3470 χαλεπὴν
3149 3399 3460 3468 ὑπέστησαν
3487 3399 3778 3454 ἀπὼλειαν’

2205 3487 2346 3555 ἦτοι,
2381 3487 2452 3557 ἣν
2478 3488 2759 3559 ἀπήλασεν
2790 3490 2882 3543 ἀπ’
2918 3491 3108 3560 αὐτῆς,
3134 3491 3594 3560 είδωλολατρείαν.
3643 3489 3786 3545 Καθ’

2205 3580 2442 3651 ἑκάτερα
2488 3579 2545 3633 δὲ
2595 3581 2625 3632 6
2667 3580 2874 3653 χειμὼν
2907 3583 3216 3653 παρῆλθεν⁸
3253 3581 3378 3635 οὔτε
3403 3584 3510 3653 γὰρ
3555 3583 3634 3636 ἔτι
3669 3584 3778 3655 (85)

2205 3671 2432 3726 θάνατον
2479 3674 2756 3745 ἐκδέχεται
2807 3675 2938 3744 (86),
2975 3675 3119 3742 ἅπαξ
3162 3675 3305 3748 ὑπὲρ
3344 3677 3506 3747 ἡμῶν
3537 3676 3722 3730 παθὼν
3748 3677 3777 3729 6

2205 3765 2428 3836 Κύριος
2479 3765 2555 3828 ὡς
2604 3767 2696 3821 καὶ
2743 3766 2896 3836 ἅγιος
2947 3767 3266 3831 Ἀπόστολος
3293 3763 3433 3821 εἶπε·
3485 3788 3503 3820 ι
3544 3770 3777 3835 Θάνατος

2205 3857 2369 3910 αὐτοῦ
2399 3858 2498 3910 ούκ
2522 3858 2601 3912 ἔτι
2661 3858 2939 3929 κυριεύσει
2969 3858 3102 3928 (87)’
3155 3859 3184 3912 ὃ
3212 3860 3320 3930 γὰρ
3350 3860 3640 3924 ἀπέθανεν,
3674 3862 3778 3914 ἀπ·

2205 3948 2395 4004 έθανεν
2441 3952 2524 4020 ἐφ’
2557 3950 2702 4018 ἅπαξ
2733 3953 2798 4023 τῇ
2831 3951 3091 4023 ἁμαρτίᾳο
3127 3951 3154 4004 ὃ
3189 3951 3246 4005 δὲ
3279 3951 3365 4022 ζῇ,
3396 3951 3460 4022 ζῇ
3485 3952 3561 4023 τῷ
3587 3952 3724 4024 Θεῷ.
3753 3970 3775 4003 ο

2208 4040 2326 4094 ’Ότι
2357 4041 2413 4094 δὲ
2448 4041 2557 4113 (88)
2587 4041 2756 4105 ὅντως
2783 4041 2991 4113 χειμὼν
3022 4044 3083 4096 τὸ
3110 4043 3299 4109 πάθος,
3334 4043 3494 4112 βλέπε
3526 4043 3778 4113 χειμαζόο

2210 4145 2366 4200 μενον
2389 4128 2478 4182 τὸν
2503 4130 2706 4200 Πέτρον
2731 4130 2819 4183 διὰ
2849 4132 2941 4183 τὸν
2973 4132 3134 4200 φόϐον
3163 4131 3271 4183 τῶν
3313 4131 3606 4205 Ἰουδαίων·
3642 4131 3784 4182 ἀλλὰ

2207 4219 2484 4291 παρῆλθεν
2516 4215 2689 4284 οὗτος.
2729 4221 2882 4274 Μετὰ
2912 4221 3020 4290 γὰρ
3052 4222 3150 4291 τὴν
3175 4220 3467 4273 ἀνάστασιν
3499 4220 3652 4274 εὐδία
3686 4222 3776 4289 γέ-

2207 4329 2361 4381 γονεν
2396 4313 2454 4364 ὲν
2479 4314 2544 4383 τῇ
2581 4311 2920 4383 πληροφορίᾳ
2951 4312 3050 4382 τῆς
3079 4311 3315 4376 πίστεως
3343 4314 3442 4384 τῆς
3470 4311 3564 4366 τοῦ
3601 4313 3778 4368 Μονο-

526 4406 669 4460 facta
709 4412 793 4458 est
830 4403 1190 4472 tranquillitas
1221 4415 1320 4470 per
1355 4399 1569 4468 plenam
1605 4408 1923 4470 certamque
1946 4401 2101 4458 fidem

2209 4403 2396 4473 γενοῦς
2420 4403 2690 4474 θεότητος·
2717 4403 2808 4456 καί
2839 4418 3022 4487 φησιν’

531 4495 826 4551 divinitatis
863 4493 1167 4565 Uuigeuiti;
1203 4501 1259 4548 et
1290 4492 1367 4546 ait
1401 4507 1418 4546 :

521 4691 524 4694 ’
598 4687 618 4722 ⁸
651 4686 816 4742 Marc.
847 4699 885 4751 ι,
925 4684 1124 4753 l7,l8.
1223 4687 1243 4717 ³
1279 4683 1437 4740 Rom.
1477 4699 1550 4750 vt,
1591 4681 1777 4750 9,10.

599 4863 712 4933 (δε)
765 4863 780 4883 ⁹
802 4867 846 4917 0
875 4863 984 4933 γὰρ
1009 4864 1428 4933 παρακύππωτς
1458 4861 1652 4933 absunt
1689 4877 1717 4916 a
1753 4877 1869 4916 meo
1895 4863 2015 4917 cod.
2053 4873 2108 4918 et

539 4936 722 4991 Valiic.
756 4932 891 5001 quae.
913 4937 1157 4988 revocavi
1193 4950 1223 4988 a
1254 4935 1375 4990 cod.
1400 4932 1625 4986 Barber.
1654 4934 1734 4985 Ad
1765 4934 1906 4987 hunc
1929 4935 2104 4987 locum

530 5008 694 5074 probe
727 5003 1126 5074 intelligendum
1163 5003 1548 5074 constituenda
1577 5011 1665 5074 est
1682 5003 1906 5074 propria
1941 5004 2107 5074 signi-

531 5071 706 5130 licatio
741 5076 883 5127 veriti
907 5071 1276 5143 ίπαρακύπτω.
1317 5071 1591 5143 Aristoph.
1623 5071 1848 5143 Ελίρήνη
1875 5087 1924 5127 v.
1955 5073 2049 5126 98l
2088 5089 2102 5127 :

529 5147 639 5200 Καὶ
670 5145 778 5216 γὰρ
819 5139 1022 5216 ἐκεῖναι
1065 5143 1420 5216 προκλίνασαι
1458 5139 1556 5216 τῆς
1593 5139 1813 5216 αὐλείας
1849 5143 2101 5216 παρακύ-

530 5210 761 5268 πτουσι”
801 5213 902 5284 κᾶν
942 5230 1025 5276 τις
1056 5210 1298 5284 προσέχῃ
1335 5212 1426 5264 τὸν
1461 5210 1584 5284 νοῦν
1618 5211 1844 5284 αὑταῖς,
1886 5210 2099 5284 ἀναχω-

531 5286 692 5368 ροῦσι
714 5300 732 5368 ς
770 5283 890 5353 κᾷτ’
931 5269 1022 5354 ἦν’
1068 5269 1734 5368 ἀντίης’διταρακύνλλξιτουσιἒς
1792 5269 2100 5368 Scholia-st.

532 5343 922 5426 ἶπροκλίγασαι,
954 5343 1391 5426 ’παρανόίξασαιξ
1439 5368 1482 5426 ι.
1506 5347 1639 5403 Nam
1667 5351 1784 5426 illa:
1839 5353 2105 5426 semiada-

533 5419 699 5490 pc'rtis
726 5423 930 5492 foribus
956 5419 1318 5492 prospectant,
1350 5440 1370 5474 ι
1400 5419 1485 5473 vel
1519 5437 1537 5469 ι
1560 5419 1798 5492 reclusis
1828 5420 2102 5492 paululum

531 5496 737 5548 foribus
765 5491 849 5545 vix
883 5490 1244 5561 prospectant.
1285 5511 1304 5545 ι
1331 5493 1435 5546 Est
1484 5491 1629 5543 enim
1681 5490 2060 5561 παρακύπτειν
2089 5529 2104 5555 ,

540 5582 560 5616 ι
589 5578 619 5618 e
645 5563 876 5634 fenestra
917 5563 1148 5634 strictim
1193 5563 1456 5634 aspicere,
1497 5576 1516 5610 ι
1547 5574 1667 5628 quae
1699 5573 1782 5618 est
1813 5562 1988 5617 Cicer.
2024 5561 2102 5617 lo-

532 5635 677 5690 cutio
711 5633 803 5684 lih.
851 5646 866 5684 t
910 5631 980 5684 De
1015 5628 1188 5694 0rat.,
1227 5628 1275 5685 οἶ
1314 5632 1404 5685 55.
1778 5681 1783 5686 .

602 5702 714 5766 (83)
757 5699 940 5757 Vallic.
975 5699 1164 5756 Cactcri
1196 5702 1348 5756 codd.
1375 5697 1720 5754 ἐπιδεικνύει.

2283 4863 2396 4934 (84)
2437 4862 2527 4934 _Sic
2552 4876 2685 4934 tuss.
2715 4875 2920 4934 omnes.
2951 4857 3260 4934 Legendu‘m
3294 4865 3468 4913 tamen
3499 4860 3700 4930 σαφῶς,

2282 4927 2394 5001 (85)
2436 4932 2510 4986 lta
2549 4931 2734 5001 Vallic.
2774 4931 2972 5001 Caneri
2997 4928 3078 4980 ἔτι
3107 4927 3238 5001 ούτ’.

2279 4998 2389 5072 (86)
2431 5001 2650 5072 Proprie
2675 5000 2902 5072 θάνατον
2924 4998 3024 5051 οὐκ
3053 4999 3330 5072 ἐκδέχεται
3371 5015 3389 5048 ι
3413 5009 3642 5054 mortem
3674 5015 3776 5055 non

2207 5067 2502 5139 exspectat.
2538 5067 2558 5122 Β
2595 5067 2758 5122 Vetus
2803 5069 3072 5137 interpres
3119 5071 3309 5133 habet,
3370 5087 3388 5119 ι
3419 5085 3516 5124 nec
3553 5081 3777 5124 mortem

2205 5157 2304 5210 pro
2328 5140 2478 5194 nobis
2501 5139 2757 5210 suscepit.
2783 5156 2802 5189 ι
2841 5139 3148 5205 Legendutn
3181 5139 3504 5208 «suscipit,»
3549 5141 3688 5209 quod
3723 5140 3776 5194 in

2206 5211 2470 5278 impressa
2494 5209 2650 5278 typis
2677 5209 2913 5278 editione
2936 5211 3281 5263 emendatum
3311 5213 3580 5278 oportuit;
3609 5219 3662 5264 et
3689 5210 3774 5264 illa

2205 5277 2352 5344 ἅπαξ
2411 5277 2752 5349 ὑπὲρςὴμῶν
2799 5293 2903 5349 non
2948 5278 3316 5349 coniungenda
3349 5277 3496 5331 ’cum
3550 5280 3778 5333 θάνατον

2205 5347 2772 5419 ἐκδέχεταιίεέάουιη
2801 5348 3010 5402 παθών.
3038 5347 3114 5402 Ea
3137 5349 3576 5419 versioerrorem
3607 5349 3780 5419 conti-

2207 5431 2298 5474 net
2332 5418 2803 5482 absurdissimum,
2860 5436 2878 5470 ι
2899 5419 3171 5473 Christum
3201 5418 3452 5471 nimirum
3491 5433 3590 5487 pro
3623 5418 3780 5472 nobis

2205 5503 2434 5544 mortem
2466 5504 2572 5542 non
2607 5489 2928 5558 suscepisse.
2973 5509 2991 5540 ι

2282 5560 2395 5628 (87)
2435 5558 2601 5612 Sacer
2636 5554 2813 5612 textus
2861 5558 3024 5612 habet
3063 5554 3324 5628 κυριεύει.
3380 5555 3486 5612 Sed
3536 5555 3778 5624 vulgatus

2213 5627 2483 5696 interpres
2503 5629 2634 5698 legit
2665 5627 2962 5698 κυριεύσει.
2992 5696 3020 5698 r_
3126 5696 3134 5698 Α
3163 5696 3171 5698 _
3249 5666 3258 5674 .
3493 5679 3504 5683 _

2285 5701 2399 5772 (88)
2439 5697 2512 5752 Δέ
2537 5695 2708 5754 estex
2736 5695 2855 5754 cod.
2887 5696 3075 5755 Vallic.
3112 5696 3277 5753 Abest
3311 5712 3340 5752 ε
3380 5712 3498 5754 men
3525 5707 3578 5753 et
3610 5695 3773 5751 Bari).
