4048 6212
591 243 651 299 71
1725 235 2046 296 υιιιιιοΝιε
2079 235 2162 295 ΕΡ

2270 237 2385 294 ῸΡΙ
2425 235 2748 294 CARPASII
2979 189 2986 192 Π
3459 295 3463 299 Α
3571 289 3574 292 .
3778 239 3855 294 72

699 350 834 412 LIX.
887 347 1026 406 Vim
1073 361 1267 406 nostra:
1290 352 1504 421 ﬂorent,
1533 350 1796 406 dederunt
1829 355 2056 407 odorem.

659 536 1066 604 Consequenter
1107 534 1287 603 itaque
1313 497 1570 604 deinceps
1602 533 1822 590 vitibus
1865 532 2126 590 ecclesias
2148 573 2164 601 ,

587 641 709 692 quite
739 641 836 695 per
864 624 1166 680 doctrinam
1199 624 1395 677 bonum
1436 622 1875 692 ﬁdeiproferunt
1897 623 2116 678 odorem
2144 640 2160 691 ;

588 716 693 786 ipsi
725 731 852 770 vero
875 713 1255 785 germinationi
1276 715 1500 769 odorem
1540 713 1662 769 ﬁdei
1697 714 1990 769 assimilat.

655 896 769 951 LX.
801 896 1000 966 Surge,
1029 895 1164 959 veni,
1195 896 1434 964 proxima
1458 911 1598 950 mea.

659 987 774 1042 Sibi
827 987 1128 1055 proximam
1176 993 1332 1039 vocat
1377 999 1648 1054 sponsam,
1685 995 1969 1055 propterea
2009 981 2155 1052 quod

588 1079 701 1148 ipse
731 1078 797 1133 de
824 1079 977 1134 caelis
1015 1075 1326 1142 descendit,
1376 1091 1601 1147 eamque
1629 1092 1724 1148 per
1758 1077 1878 1132 fidei
1933 1078 2166 1148 conjun-

586 1173 817 1227 ctioncm
855 1169 1116 1238 implevit.

655 1266 792 1320 LXI.
840 1264 1070 1319 Pulchra
1113 1280 1248 1327 mea,
1279 1261 1518 1317 columba
1547 1279 1683 1317 mea.

655 1354 888 1426 Pulchra
924 1364 1144 1424 propter
1173 1355 1548 1424 pmnitentiam
1575 1392 1594 1420 ,
1643 1352 1891 1410 columba
1943 1362 2164 1424 propter

586 1444 1012 1510 simplicitatem.

657 1532 814 1587 LXII.
851 1533 1012 1590 Vens.
1046 1533 1134 1589 14.
1162 1532 1228 1588 Et
1258 1534 1392 1603 ueni,
1418 1543 1473 1590 tu
1506 1534 1748 1590 columba
1774 1550 1910 1602 mea,
1934 1535 1991 1588 in
2024 1535 2163 1589 aela-

586 1636 760 1677 mento
790 1633 974 1692 petrae.

2201 357 2244 413 Α
2342 348 2464 404 NG’.
2495 351 2566 403 Al
2587 350 2840 417 ἄμπελοι
2863 347 3031 420 ἡμῶν
3060 349 3138 422 (2)
3165 348 3554 421 κυπρίζουσιν
3578 351 3679 422 (3),
3706 353 3850 408 ἔδω-

2268 456 2384 494 καν
2415 440 2635 509 ὀσμήν.

2359 532 2691 596 Ἀκολούθως
2722 528 2818 586 οὖν
2865 529 3052 584 λοιπὸν
3103 529 3368 602 ἀμπέλοις
3415 531 3516 598 τὰς
3555 532 3854 603 ἐκκλησίας

2267 623 2577 689 ἀπεικάζει,
2615 623 2716 686 τὰς
2743 621 2830 676 διὰ
2856 622 2954 692 τῆς
2981 622 3325 686 διδασκαλίας
3362 621 3458 694 τὴν
3486 624 3584 694 τῆς
3619 623 3855 687 πίστεως

2267 715 2711 788 προϐαλλομένας
2744 714 2989 767 εὐωδίαν.
3031 713 3343 785 Κυπρισμῷ
3388 713 3446 766 δὲ
3481 715 3582 784 τῆς
3617 714 3858 778 πίστεως

2266 806 2443 878 ὀσμήν
2475 806 2575 879 (ι).
3817 788 3835 808 '

2334 899 2410 952 Ξ’.
2449 897 2728 962 ’Δνάστα,
2757 895 2919 959 ἐλθὲ,
2943 892 2982 960 ἠ
3007 897 3278 962 πλησίον
3294 913 3434 966 μου.

2336 988 2572 1060 Πλησίον
2599 986 2750 1056 αὐτῷ
2783 985 2860 1053 (5)
2889 983 2985 1055 τὴν
3009 985 3223 1056 νύμφην
3244 973 3435 1046 Ἀιαλεϊ,
3465 986 3552 1040 διὰ
3584 986 3646 1040 τὸ
3687 983 3857 1040 αὐτὸν

2264 1078 2687 1150 κατεληλυθέναι
2731 1077 2796 1130 έκ
2835 1076 2941 1130 τῶν
2979 1076 3248 1147 οὐρανῶν,
3289 1079 3382 1131 καὶ
3425 1077 3855 1149 πεπληρωκέναι

2261 1171 2434 1241 αὐτὴν
2463 1173 2528 1241 τῇ
2553 1173 2651 1240 τῆς
2675 1169 2911 1234 πίστεως
2937 1169 3222 1239 συναφείᾳ.

2331 1262 2452 1316 ΞΔἏ
2490 1259 2660 1326 Καλή
2683 1279 2818 1329 μου,
2844 1259 3164 1328 περιστερά
3181 1277 3324 1328 μου.

2335 1353 2491 1424 Καλὴ
2517 1352 2605 1406 διὰ
2642 1353 2740 1424 τὴν
2783 1352 3094 1423 μετάνοιαν,
3144 1349 3441 1424 περιστερὰ
3485 1349 3573 1404 διὰ
3594 1349 3698 1422 τὴν
3731 1350 3834 1404 ix:

2265 1444 2552 1518 ραιότητα.

2329 1535 2448 1590 ΞΒ’.
2481 1535 2572 1588 Στ.
2603 1533 2682 1588 ιδ’.
2710 1533 2818 1589 Καὶ
2851 1533 3012 1598 ἐλθὲ,
3045 1533 3128 1588 σὺ
3155 1533 3473 1604 περιστερὰ
3494 1551 3638 1604 μου,
3677 1532 3756 1588 δι’
3778 1528 3851 1589 οὗ

2259 1625 2332 1680 ἐν
2353 1625 2428 1696 (6)
2454 1625 2654 1694 σκέπῃ
2684 1624 2794 1694 τῆς
2814 1627 3053 1694 πέτρας.

657 1713 774 1783 Ipse
811 1728 1042 1784 sponsus
1069 1723 1153 1768 est
1193 1711 1314 1782 ejus
1341 1714 1586 1769 velamen
1627 1723 1683 1768 et
1709 1723 1878 1782 petra.
1910 1715 1978 1768 Et
2010 1723 2159 1784 petra

2333 1715 2517 1787 Σκέπη
2556 1715 2612 1768 δὲ
2641 1716 2735 1768 καὶ
2765 1715 2940 1788 πέτρα
2961 1711 3115 1780 οὗτος
3144 1715 3315 1786 αὐτῆς
3343 1718 3371 1770 ὁ
3390 1715 3645 1786 νυμφίος*
3679 1715 3853 1786 πέτρα

586 1807 804 1876 quidem
828 1845 846 1873 ,
877 1806 1005 1874 quia
1057 1819 1218 1876 super
1249 1819 1307 1860 se
1347 1805 1522 1874 ipsum
1570 1805 1762 1860 statuit
1791 1805 1911 1858 fidei
1961 1803 2158 1858 funda-

587 1909 823 1954 mentum
855 1923 867 1954 ;
902 1900 1146 1953 velamen
1181 1913 1308 1952 vero
1331 1939 1346 1964 ,
1379 1907 1662 1968 propterea
1696 1897 1841 1968 quod
1885 1913 2006 1953 eam
2034 1913 2160 1969 pro-

586 2000 770 2059 tegens
804 1990 872 2044 ab
919 1989 1066 2043 omni
1099 1989 1294 2043 liberat
1350 1990 1670 2045 tentatione.

649 2077 834 2132 LXIII.
873 2077 1042 2132 Juxta
1072 2077 1396 2144 promurafe.
2057 2135 2059 2137 ,

652 2170 966 2226 Promurale
1013 2170 1181 2242 legem
1218 2179 1394 2224 vocat.
1437 2168 1576 2228 Muri
1625 2171 1772 2226 enim
1815 2179 1942 2227 sunt
1980 2169 2160 2225 Evan-

585 2259 719 2327 gelia
745 2259 902 2331 juxta
951 2261 1107 2314 Isaia:
1149 2259 1389 2312 dictum:
1421 2277 1439 2311 ι
1479 2259 1650 2315 Ponet
1699 2276 1910 2315 murum
1945 2269 2003 2316 et
2040 2262 2161 2315 cir-

585 2351 920 2404 cummurale
939 2351 984 2404 ⁷.
1019 2369 1038 2402 ι
1074 2349 1261 2405 murus
1281 2365 1411 2404 vero
1435 2359 1490 2404 et
1514 2349 1928 2405 circummurale
1955 2351 2162 2420 signiﬁ-

584 2451 676 2496 cat
703 2440 967 2510 duplicem
998 2440 1107 2494 vim
1137 2437 1458 2493 defendendi
1477 2449 1695 2494 sanctos
1717 2453 1814 2507 per
1841 2439 2021 2493 divina
2051 2437 2170 2492 elo-

585 2530 735 2599 quia,
764 2544 834 2583 ne
880 2545 909 2583 a
936 2527 1076 2582 mala
1119 2529 1290 2583 bestia
1321 2538 1578 2597 petantur
1620 2527 1851 2582 insidiis.
1883 2527 1973 2581 Ait
1999 2527 2162 2595 igitur

586 2623 730 2676 illam
764 2621 1059 2689 essejuxta
1089 2621 1423 2690 promurale,
1462 2619 1669 2674 scilicet
1693 2618 1992 2688 disciplina:
2028 2618 2164 2686 legis

584 2727 702 2782 quae
729 2712 884 2780 jubet
915 2730 928 2765 :
966 2727 985 2762 ι
1011 2711 1126 2766 Non
1158 2710 1576 2776 mmchaberis',
1600 2729 1619 2763 ι
1641 2720 1696 2766 et
1720 2720 1936 2766 caetera.
1959 2711 2164 2766 Deinde

584 2802 695 2871 ipsa
729 2801 1038 2870 respondet,
1065 2809 1121 2855 et
1150 2801 1228 2854 ait
1252 2817 1266 2854 :
2151 2792 2156 2797 ’

659 2976 844 3032 LXIV.
879 2977 1104 3032 Ostende
1135 2977 1264 3032 mihi
1298 2977 1491 3047 [aciem
1521 2988 1666 3034 tuam
1695 2989 1745 3034 et
1770 2980 2006 3034 auditam
2031 2981 2162 3035 mihi

583 3071 671 3140 [ac
712 3085 885 3124 vocem
927 3079 1091 3122 tuam.

655 3160 710 3214 ld
747 3170 828 3214 est
862 3174 966 3212 non
1007 3157 1179 3213 solum
1211 3173 1307 3228 per
1333 3157 1505 3230 legem
1540 3168 1594 3224 et
1621 3160 1911 3230 prophetas
1940 3161 2161 3231 loquere

585 3250 743 3313 mihi,
781 3252 876 3308 sed
910 3259 1078 3304 totum
1128 3250 1260 3304 mihi
1307 3261 1360 3304 te
1391 3252 1650 3319 ostende;
1703 3253 2154 3321 quemadmodum

586 3339 799 3409 Moyses
853 3339 1117 3409 ejusmodi
1160 3347 1353 3410 captus
1402 3340 1689 3409 desiderio,
1715 3343 1880 3398 libere
1906 3359 2028 3398 cum
2058 3345 2162 3400 Do-

588 3430 734 3483 mino
765 3430 1082 3499 loquebatur
1123 3431 1314 3486 dicens
1343 3449 1358 3488 :
1396 3451 1416 3484 ι
1454 3433 1691 3488 Ostende
1718 3435 1847 3489 mihi
1875 3445 1925 3489 te
1949 3435 2121 3504 ipsum
2143 3475 2161 3502 ,

587 3529 646 3575 ut
673 3523 958 3576 manifeste
983 3529 1037 3576 te
1065 3522 1276 3577 videam
1306 3523 1349 3578 ’.
1379 3543 1399 3576 ι
1425 3525 1622 3580 Verum
1651 3535 1779 3580 tunc
1796 3527 1930 3580 dixit
1953 3526 2156 3599 Moysi:

595 3631 615 3665 ι
657 3611 848 3669 Nullus
873 3614 964 3683 qui
1005 3613 1198 3669 faciem
1247 3631 1421 3670 meam
1461 3617 1691 3683 viderit,
1715 3618 1860 3673 vivet
1885 3618 1952 3674 ¹⁶.
1996 3637 2017 3672 ι
2056 3619 2162 3675 Sed

585 3720 707 3760 cum
735 3721 1080 3776 sponsasuae
1127 3706 1289 3762 vellet
1319 3723 1378 3763 se
1413 3709 1766 3778 conspicuum
1796 3710 1926 3765 dare
1949 3749 1965 3776 ,
1993 3710 2163 3765 veluti

587 3797 782 3852 nubem
815 3797 1244 3868 induit‘corpus,
1287 3807 1341 3855 et
1373 3801 1555 3854 subeo
1587 3814 1646 3855 se
1671 3801 1984 3868 abscondit,
2013 3811 2072 3855 nt
2104 3816 2164 3857 se

587 3889 701 3958 ipse
742 3902 853 3944 suae
892 3904 1105 3960 sponsa:
1145 3891 1542 3947 demonstraret
1591 3907 1686 3963 per
1719 3903 1873 3947 actus
1911 3893 2161 3959 virtutis,

589 3994 684 4048 per
713 3975 1024 4050 patientiam
1068 3993 1124 4038 et
1148 3983 1537 4051 innocentiam,
1568 3984 1804 4040 formam
1833 3986 1905 4041 illi
1947 3989 2165 4042 tradens

589 4071 675 4139 pie
709 4072 943 4126 vivendi.
989 4072 1284 4143 Propterea
1329 4077 1415 4130 illa
1443 4078 1710 4133 auscultat
1742 4078 1972 4135 dicens:
2012 4096 2032 4131 ι
2063 4077 2163 4134 Os-

592 4161 749 4216 tende
772 4162 903 4216 mihi
935 4161 1128 4217 faciem
1154 4173 1322 4230 tuam,
1357 4176 1413 4221 et
1445 4168 1682 4222 auditam
1709 4171 1840 4224 mihi
1870 4169 1954 4223 fac
1974 4183 2160 4224 vocem

591 4262 758 4308 tuam.
819 4271 838 4305 ι
875 4253 1121 4309 Ostendit
1163 4254 1326 4324 igitur
1360 4255 1434 4309 illi
1497 4255 1876 4326 faciempsuam
1905 4297 1922 4322 ,
1957 4272 2077 4312 cum
2106 4257 2159 4311 in

591 4353 746 4398 utero
769 4345 1002 4414 dciparte
1043 4343 1276 4416 Virginis
1311 4357 1551 4416 gestatus
1591 4357 1710 4414 est;
1746 4357 1800 4402 et
1825 4348 2062 4402 auditam
2087 4348 2158 4403 illi

589 4436 717 4490 fecit
745 4451 929 4492 vocem
964 4453 1138 4505 suam,
1166 4453 1290 4494 cum
1315 4440 1546 4494 docebat
1579 4441 1632 4496 iu
1659 4450 1842 4496 monte
1867 4438 2086 4508 Oliveti,
2109 4451 2164 4496 et

2264 1806 2388 1878 μὲν,
2421 1805 2606 1876 ἐπειδὴ
2635 1806 2721 1858 ἐπ’
2762 1807 2893 1860 αὐτὸ
2933 1807 3152 1877 ἦρεισεν
3191 1808 3290 1877 τῆς
3327 1807 3562 1870 πίστεως
3598 1806 3659 1862 τὸ
3692 1805 3854 1877 θεμέ-

2261 1896 2405 1950 λιον’
2443 1896 2620 1964 σκέπη
2672 1895 2761 1962 δὲ,
2797 1897 2984 1968 ἐπειδὴ
3043 1896 3212 1968 αὐτὴν
3251 1898 3361 1951 ἀπὸ
3410 1898 3612 1962 παντὸς
3662 1897 3853 1970 ῥύεται

2261 1985 2597 2058 πειρασμοῦ.

2331 2077 2448 2130 ΞΓ.
2485 2077 2767 2145 Ἐχόμενα
2793 2073 2899 2128 τοῦ
2930 2074 3454 2145 προτειχίσματος.

2331 2166 2700 2239 Προτείχισμα
2736 2165 2827 2219 τὸν
2865 2163 3027 2234 νόμον
3066 2165 3236 2234 λέγει.
3286 2167 3451 2238 Τείχη
3488 2167 3598 2240 γάρ
3629 2169 3749 2222 ἐστι
3784 2169 3854 2223 τὰ

2261 2255 2588 2326 Εὐαγγέλια,
2619 2253 2760 2309 κατὰ
2784 2253 2880 2326 τὴν
2926 2255 3148 2309 Ἡσαΐου
3183 2258 3386 2328 φωνήν*
3419 2277 3437 2308 ι
3475 2257 3646 2329 Θήσει
3670 2261 3851 2328 τεῖχος

2263 2348 2358 2401 καὶ
2391 2347 2720 2418 περίτειχος.
2762 2365 2780 2397 ι
2821 2344 3009 2416 Τεῖχος
3038 2345 3094 2399 δὲ
3127 2349 3221 2400 καὶ⁷
3253 2347 3563 2419 περίτειχος
3603 2349 3709 2419 (Ἰ),
3739 2349 3855 2402 διτ-

2262 2439 2332 2511 τὴ
2359 2438 2587 2509 δύναμις
2618 2437 2958 2508 φυλάττουσα
2983 2440 3108 2502 τοὺς
3129 2440 3308 2503 ὁσίους
3333 2440 3422 2493 διὰ
3438 2441 3546 2494 τῶν
3577 2441 3748 2494 Θείων
3771 2441 3857 2494 λο-

2264 2528 2399 2599 γίων
2423 2547 2437 2560 ο
2473 2531 2558 2582 ἵνα
2599 2530 2673 2600 μὴ
2717 2530 2782 2582 ὲκ
2826 2529 2935 2584 τοῦ⁴
2964 2530 3200 2600 πονηροῦ
3251 2529 3415 2601 θηρὸς
3457 2531 3855 2586 ἐπιϐουλεύων-

2264 2635 2377 2674 ται.
2423 2620 2685 2690 Ἐχὸμενα
2712 2617 2841 2688 γοῦν
2871 2620 3027 2673 καλεῖ
3057 2621 3227 2693 αὐτὴν
3251 2621 3344 2674 τοῦ
3372 2624 3851 2694 προτειχίσματος,

2261 2711 2506 2764 τουτέστι
2545 2710 2620 2780 (8)
2669 2711 2766 2781 τῆς
2807 2711 2903 2765 τοῦ
2937 2713 3098 2784 νόμου
3137 2715 3508 2784 κατηχήσεως,
3545 2713 3848 2784 λεγούσης·

2269 2818 2288 2850 ι
2336 2800 2406 2853 Οὐ
2450 2799 2776 2870 μοιχεύσεις,
2823 2820 2842 2855 a
2883 2802 2978 2855 καὶ
3025 2802 3093 2856 τὰ
3132 2803 3278 2874 ἑξῆς·
3327 2801 3446 2858 εἶτα
3490 2805 3850 2875 ἀποκρίνεται

2265 2891 2424 2960 αὐτὴ,
2461 2891 2555 2943 καὶ
2588 2890 2758 2958 λέγει’

2334 2977 2448 3032 EA’.
2482 2978 2688 3044 Δεῖξόν
2727 2996 2830 3049 μοι
2880 2979 2995 3049 τὴν
3032 2979 3179 3051 ὄψιν
3217 2998 3355 3050 σου,
3385 2985 3482 3040 καὶ
3515 2984 3850 3041 ἁκούτισόν

2256 3087 2358 3140 μοι
2380 3069 2496 3138 τὴν
2520 3068 2729 3139 φωνήν
2755 3087 2890 3124 σου.

2335 3163 2515 3234 Ὅπερ
2546 3162 2684 3223 ἐστὶ,
2719 3161 2792 3233 μὴ
2824 3163 2982 3232 μόνον
3014 3161 3090 3233 (9)
3117 3162 3206 3217 διὰ
3240 3163 3403 3235 νόμου
3435 3165 3527 3219 καὶ
3552 3167 3848 3240 προφητῶν

2266 3271 2357 3325 μοι
2413 3254 2584 3318 λάλει,
2629 3253 2742 3307 ἀλλ’
2782 3254 2901 3308 ὅλον
2942 3255 3137 3309 σαυτὸν
3177 3255 3441 3322 ὲπῐδειξόν
3485 3276 3600 3328 μοι·
3650 3261 3726 3324 ὡς
3757 3260 3848 3312 καὶ

2262 3346 2502 3417 Μωῦσῆς
2521 3343 2742 3414 τοιούτῳ
2773 3344 2922 3415 πόθῳ
2956 3344 3201 3415 ληφθεὶς,
3224 3347 3302 3416 τῷ
3327 3348 3512 3420 Κυρίῳ
3541 3349 3848 3424 παρρησιά-

2263 3435 2416 3500 ζεται
2447 3435 2637 3504 λέγων’
2672 3452 2691 3485 ‹
2729 3434 2909 3500 Δεῖξόν
2945 3451 3036 3504 μοι
3094 3434 3286 3488 σαυτὸν
3326 3437 3606 3505 ἐμφανῶς,
3649 3441 3734 3494 ἵνα
3788 3457 3846 3493 σε

2264 3526 2360 3581 ἴδω
2392 3527 2526 3597 (10)·
2569 3545 2588 3578 ι
2646 3523 2784 3578 ἀλλὰ
2833 3525 2954 3578 τότε
2992 3527 3138 3594 λέγει
3185 3526 3263 3596 τῷ
3303 3529 3546 3582 Μωύσεί·
3589 3551 3608 3582 ι
3659 3534 3849 3596 Οὐδεὶς

2266 3613 2389 3669 ίδών
2409 3631 2509 3685 μου
2531 3614 2589 3667 τὺ
2605 3615 2894 3684 πρόσωπον
2918 3614 3138 3684 ζήσεται
3165 3615 3296 3684 (11).
3327 3636 3345 3667 ι
3367 3616 3550 3689 Ταύτῃ
3579 3618 3636 3670 δὲ
3671 3619 3848 3689 βουλό-

2266 3723 2426 3778 μενος
2452 3704 2714 3769 ἐπιδεῖξαι
2745 3705 2957 3768 ἑαυτὸν,
2987 3705 3217 3776 νεφέλης
3248 3706 3402 3778 δίκην
3434 3709 3750 3778 ⁴ημεριάσατο
3787 3709 3847 3761 τὸ

2265 3799 2444 3870 σῶμα,
2486 3798 2581 3852 καὶ
2606 3797 2794 3850 ἑαυτὸν
2820 3797 3054 3868 ἔκρυψεν
3091 3797 3261 3869 αὐτῷ,
3301 3799 3387 3852 ἵνα
3417 3803 3483 3871 τῇ
3518 3801 3622 3872 ἰδία
3656 3799 3846 3873 νύμφῃ

2263 3893 2411 3966 δείξῃ
2440 3891 2627 3948 ἑαυτὸν
2652 3892 2739 3948 διὰ
2768 3891 2858 3945 τὸν
2883 3893 3083 3964 τρόπον
3112 3893 3212 3962 τῆς
3241 3894 3458 3966 ἀρετῆς,
3485 3895 3572 3949 διὰ
3598 3897 3698 3967 τῆς
3723 3896 3848 3950 ὐπο-

2266 3989 2435 4058 μονῆς
2467 3985 2561 4040 καὶ
2587 3985 2686 4056 τῆς
2716 3983 2970 4049 ἀκακίας,
3011 3983 3100 4037 τὸν
3138 3983 3306 4038 τύπον
3347 3985 3484 4057 αὐτῇ
3523 3986 3847 4057 παραδιδοὺς

2263 4076 2358 4128 τοῦ
2386 4078 2486 4148 τῆς
2523 4076 2808 4141 εὐσεϐείας
2847 4076 3262 4148 πολιτεύματος.
3314 4076 3405 4131 Διὸ
3444 4079 3702 4132 ἐπακούει
3735 4077 3848 4146 (19)

2264 4166 2402 4238 αὐτὴ
2435 4167 2666 4236 λέγουσα
2685 4183 2699 4196 °
2725 4188 2743 4218 ‹
2767 4168 2946 4232 Δείξόν
2976 4185 3065 4238 μοι
3093 4167 3190 4237 τὴν
3219 4168 3336 4237 ἂψιν
3369 4184 3482 4234 σου,
3511 4169 3604 4220 καὶ
3628 4168 3848 4220 ἀκούτι-

2268 4257 2356 4309 σόν
2380 4274 2469 4327 μοι
2498 4257 2597 4328 τὴν
2626 4257 2810 4326 φωνήν
2844 4273 2959 4308 σου.
3005 4275 3024 4308 ι
3074 4256 3310 4320 Ἕδειξεν
3333 4252 3425 4309 οὖν
3448 4257 3583 4329 αὐτῇ
3609 4256 3705 4328 τὴν
3726 4257 3849 4328 ὄψιν

2267 4346 2450 4410 αὐτοῦ,
2475 4346 2695 4418 κυηθεὶς
2717 4345 2803 4400 διὰ
2827 4346 2927 4416 τῆς
2946 4345 3208 4400 Θεοτόκου
3237 4347 3345 4416 (15)
3372 4348 3586 4418 Μαρίας
3602 4363 3614 4376 ⁸
3641 4349 3847 4419 καὶτῆς

2270 4437 2453 4507 φωνῆς
2469 4437 2633 4492 αὐτοῦ
2650 4435 2937 4508 ὴκούτισεν
2957 4437 3148 4507 αὐτὴν,
3161 4436 3422 4491 διδάσκων
3441 4439 3498 4491 ὲν
3523 4437 3600 4510 τῷ
3615 4438 3728 4510 δρει
3747 4435 3840 4491 τοῦ

661 4597 681 4627 ⁷
711 4595 813 4650 lsa.
849 4611 995 4662 xxvn,
1025 4597 1076 4650 1.
1157 4597 1181 4629 ⁸
1213 4597 1388 4654 Exod.
1422 4616 1488 4654 xx
1511 4641 1525 4668 ,
1572 4603 1660 4657 14.
1733 4603 1757 4636 ⁹
1785 4601 1956 4657 Exod.
1999 4615 2162 4655 xxxtti

2274 4601 2330 4654 3.
2410 4601 2452 4632 ¹⁶
2480 4599 2610 4658 ibid.
2641 4598 2733 4655 20.

667 4755 742 4828 (2)
789 4753 899 4839 Vox
939 4757 1200 4839 ﬂptb-V‘In
1249 4759 1394 4814 nulla
1438 4761 1571 4817 edit.
1629 4768 1872 4831 apparet,
1914 4773 2018 4823 nec
2043 4753 2178 4814 eam"

576 4835 838 4898 agnoscit
865 4838 1019 4882 vetns
1057 4835 1342 4897 interpres.

666 4898 743 4974 (5)
791 4895 907 4974 Vet.
941 4899 1166 4974 interpr.
1193 4895 1383 4974 legisse
1407 4902 1617 4958 videtur
1631 4899 2022 4974 κυπρίζουσαι,
2049 4910 2168 4968 quae

592 4977 677 5022 est
716 4968 874 5036 lectio
901 4969 1032 5021 edit.
1069 4969 1342 5036 Complut.

593 5035 905 5160 afuerit.
939 5038 1162 5107 interpr.
1203 5035 1448 5108 Quaedam
1480 5039 1649 5106 addit,
1687 5053 1810 5110 quae
1834 5053 1938 5094 non
1964 5036 2169 5093 habent

674 5146 686 5158 .
717 5125 742 5158 t-
820 5129 873 5160 ι.

557 5154 561 5158 ,
593 5123 686 5160 bl‘.
717 5123 873 5161 (τοαιι.

667 5175 742 5250 (Ei)
785 5177 980 5250 mutavi
1013 5178 1182 5250 αὐτήν
1215 5179 1265 5232 in
1295 5177 1462 5249 αὐτῷ.

579 5276 611 5318 ~_
668 5243 864 5318 (6)_At‘
889 5243 985 5304 οὗ.
1019 5249 1099 5303 Ab
1135 5243 1427 5318 impressis'
1446 5247 1694 5301 omnibus
1725 5243 2002 5318 codicibus
2031 5243 2170 5298 bene

601 5315 681 5366 ha:
737 5315 856 5368 duae
905 5315 1364 5372 vocntzeab'sunt.
1420 5318 1524 5371 Eas
1574 5331 1678 5370 non
1727 5316 1973 5382 agnoscit
2018 5324 2170 5368 vetus

599 5385 820 5450 interpr.
861 5396 916 5436 et
949 5388 1199 5441 delendas
1226 5389 1495 5441 existimo.

663 5453 743 5527 '(7_)
799 5451 995 5527 Τεῖχος
1025 5455 1093 5509 δὲ
1132 5457 1227 5510 καὶ
1265 5457 1594 5527 nepitach
1626 5454 1869 5509 revocavi
1925 5469 1956 5508 e
2005 5451 2161 5508 codd.

669 5472 743 5520 μ)
799 5472 886 5507 ιει
929 5472 995 5520 ος
1025 5472 1074 5508 Ol

597 5520 758 5576 ηδε-1).
794 5532 848 5576 et
887 5472 1074 5582 Vallic.

671 5591 747 5732 (ὃ)
790 5593 1067 5647 Τουτέστι
1091 5597 1298 5651 restitui
1326 5611 1389 5652 ex
1419 5596 1578 5651 Barb.
1610 5604 1666 5651 et
1687 5593 1943 5650 Vallicell.

671 5663 726 5732 (υ
790 5659 954 5718 Vetus
981 5663 1200 5732 interpr.
1238 5681 1341 5722 non
1376 5667 1560 5722 habuit
1597 5667 1648 5720 in
1692 5680 1789 5720 suo
1818 5665 1939 5722 cod.

670 5659 747 5734 (9)
790 5659 954 5738 Vetus
981 5663 1200 5733 interpr.
1238 5681 1341 5722 non
1376 5667 1560 5722 habuit
1597 5667 1648 5720 in
1692 5680 1789 5720 suo
1818 5665 1939 5722 cod.
1970 5678 2155 5721 vocem

2275 4758 2455 4829 μόνον.
2497 4757 2673 4812 Vertit
2701 4757 2848 4812 enim
2883 4774 2898 4812 :
2931 4775 2950 4809 ι
2975 4755 3092 4829 Hoc
3128 4763 3244 4829 est,_
3280 4770 3377 4829 per
3413 4755 3582 4825 legem
3625 4765 3681 4811 et
3713 4770 3838 4829 pro-

2274 4825 2464 4897 phetas
2526 4844 2633 4883 non
2693 4829 2824 4881 mihi
2885 4825 3181 4896 loquaris.)
3219 4826 3379 4894 Atqui
3437 4841 3541 4880 non
3596 4828 3841 4894 repudiat

2273 4913 2491 4964 sponsa,
2526 4909 2583 4950 ut
2611 4912 2794 4951 secum
2827 4911 3054 4963 sponsus
3081 4897 3328 4963 loquatur
3359 4909 3451 4964 per
3483 4911 3576 4950 ora
3610 4898 3838 4964 prophe-

2275 4977 2474 5027 tarum.
2501 4968 2593 5021 sed
2619 4968 2692 5020 ait
2725 4983 2738 5020 :
2773 4985 2791 5018 ι
2819 4965 2935 5020 Non
2965 4965 3138 5020 solum
3174 4981 3271 5036 per
3313 4965 3507 5035 legem,
3541 4968 3634 5022 sed
3669 4977 3836 5018 totum

2277 5045 2329 5092 te
2361 5037 2488 5090 mihi
2518 5037 2760 5090 ostende.
2793 5053 2814 5087 ι

2350 5107 2490 5177 (I0)_
2525 5106 2662 5177 Edit.
2694 5103 2842 5177 “Vat.
2889 5103 3068 5160 habet
3117 5105 3419 5177 ἐμφάνισον
3471 5122 3560 5176 μοι
3615 5100 3833 5158 σεαυτὸν

2275 5173 2551 5243 γνωστῶς,
2584 5176 2669 5229 ἵνα
2693 5173 2786 5228 ἴδω
2813 5192 2894 5230 σε.

2347 5245 2456 5318 (II)
2514 5237 2654 5318 Edit.
2711 5245 2839 5318 Vat.
2871 5246 2999 5318 :_0t'a
3038 5245 3148 5318 γὰρ
3197 5246 3410 5318 μὴ,ῐδῃ
3458 5243 3738 5316 ἄνθρωπος
3778 5237 3839 5291 τὸ

2275 5315 2564 5388 πρόσωπον
2595 5331 2722 5385 μου,
2760 5317 2854 5388 καὶ
2887 5315 3132 5388 ζήσεται.

2313 5383 2453 5470 die)
2495 5383 3053 5442 Sic‘emendandum.
3113 5386 3262 5441 Meus
3309 5394 3365 5441 et
3417 5383 3574 5440 Barb.
3640 5384 3836 5440 habent

2307 5472 2403 5508 υτη
2412 5493 2427 5508 ο

2267 5472 2452 5647 “iis?
2493 5524 2566 5579 De
2591 5525 2681 5579 Β.»
2711 5525 2928 5594 Virgine
2973 5526 3200 5580 notanda
3249 5525 3362 5581 tunc
3403 5540 3503 5579 vox
3539 5543 3551 5580 :
3584 5536 3639 5581 et
3676 5524 3828 5591 digna

2267 5609 2387 5647 (tum
2447 5607 2677 5647 euantttr
2726 5610 2790 5647 ea
2838 5609 2959 5647 uuae
3007 5597 3073 5647 ad
3123 5596 3176 5647 h.
3233 5594 3266 5647 Ι.
3321 5597 3598 5647 adnotavit
3647 5596 3828 5647 doctus

2267 5594 2387 5665 qua:
2430 5594 2677 5665 legantur
2715 5610 2790 5665 ea
2838 5609 2959 5663 quae
3007 5597 3073 5648 ad
3123 5596 3176 5649 h.
3233 5594 3266 5648 Ι.
3321 5597 3598 5652 adnotavit
3647 5596 3831 5651 doctus

2265 5664 2441 5720 editor
2483 5664 2676 5720 veteris
2711 5664 3189 5733 interpretationis.
