  <div class='ocr_page' id='page_1' title='image "/cluster/home/n/w/nwhite01/storage/ocr_20150623/40/hvd.32044073501843/046.png"; bbox 0 0 4048 6212; ppageno 0'>
   <div class='ocr_carea' id='block_1_1' title="bbox 297 334 3551 397">
    <p class='ocr_par' dir='ltr' id='par_1_1' title="bbox 297 334 3551 397">
     <span class='ocr_line' id='line_1_1' title="bbox 297 334 3551 397; baseline 0.001 -6"><span class='ocrx_word' id='word_1_1' title='bbox 297 334 352 391; x_wconf 87' lang='grc' dir='ltr'><strong>Π</strong></span> <span class='ocrx_word' id='word_1_2' title='bbox 1211 336 1616 394; x_wconf 76' lang='lat' dir='ltr'><strong>ENARRA&#39;HO</strong></span> <span class='ocrx_word' id='word_1_3' title='bbox 1655 338 1723 394; x_wconf 77' lang='lat' dir='ltr'><strong>IN</strong></span> <span class='ocrx_word' id='word_1_4' title='bbox 1757 338 2114 397; x_wconf 75' lang='lat' dir='ltr'><strong>CANTICUM</strong></span> <span class='ocrx_word' id='word_1_5' title='bbox 2153 339 2625 397; x_wconf 73' lang='lat' dir='ltr'><strong>CANTICORUM.</strong></span> <span class='ocrx_word' id='word_1_6' title='bbox 3477 337 3551 394; x_wconf 81' lang='lat'><strong>78</strong></span> 
     </span>
    </p>
   </div>
   <div class='ocr_carea' id='block_1_2' title="bbox 293 444 1867 528">
    <p class='ocr_par' dir='ltr' id='par_1_2' title="bbox 293 444 1866 523">
     <span class='ocr_line' id='line_1_2' title="bbox 293 444 1866 523; baseline 0.003 -24"><span class='ocrx_word' id='word_1_7' title='bbox 293 464 435 523; x_wconf 72' lang='grc' dir='ltr'>ματα</span> <span class='ocrx_word' id='word_1_8' title='bbox 474 446 639 519; x_wconf 69' lang='grc' dir='ltr'><strong>ὑμῶν</strong></span> <span class='ocrx_word' id='word_1_9' title='bbox 672 444 939 502; x_wconf 77' lang='grc' dir='ltr'>διιστῶσιν</span> <span class='ocrx_word' id='word_1_10' title='bbox 978 448 1254 519; x_wconf 83' lang='grc' dir='ltr'>ἀναμέσον</span> <span class='ocrx_word' id='word_1_11' title='bbox 1291 449 1402 520; x_wconf 74' lang='grc'>(29)</span> <span class='ocrx_word' id='word_1_12' title='bbox 1442 449 1598 521; x_wconf 79' lang='grc' dir='ltr'>ὑμῶν</span> <span class='ocrx_word' id='word_1_13' title='bbox 1636 450 1731 504; x_wconf 73' lang='grc' dir='ltr'><strong>καῖ</strong></span> <span class='ocrx_word' id='word_1_14' title='bbox 1763 450 1866 505; x_wconf 85' lang='grc' dir='ltr'><strong>αύ-</strong></span> 
     </span>
    </p>
   </div>
   <div class='ocr_carea' id='block_1_3' title="bbox 1968 444 3546 528">
    <p class='ocr_par' dir='ltr' id='par_1_3' title="bbox 1973 454 3546 528">
     <span class='ocr_line' id='line_1_3' title="bbox 1973 454 3546 528; baseline 0.005 -21"><span class='ocrx_word' id='word_1_15' title='bbox 1973 462 2196 521; x_wconf 84' lang='lat' dir='ltr'><strong>peccata</strong></span> <span class='ocrx_word' id='word_1_16' title='bbox 2245 462 2427 508; x_wconf 82' lang='lat' dir='ltr'><strong>vestra</strong></span> <span class='ocrx_word' id='word_1_17' title='bbox 2474 463 2731 523; x_wconf 86' lang='lat' dir='ltr'><strong>separant</strong></span> <span class='ocrx_word' id='word_1_18' title='bbox 2783 454 2922 510; x_wconf 88' lang='lat' dir='ltr'><strong>inter</strong></span> <span class='ocrx_word' id='word_1_19' title='bbox 2970 469 3067 512; x_wconf 85' lang='lat' dir='ltr'><strong>vos</strong></span> <span class='ocrx_word' id='word_1_20' title='bbox 3107 465 3163 512; x_wconf 89' lang='lat' dir='ltr'><strong>et</strong></span> <span class='ocrx_word' id='word_1_21' title='bbox 3196 455 3372 528; x_wconf 79' lang='lat' dir='ltr'><strong>ipsum</strong></span> <span class='ocrx_word' id='word_1_22' title='bbox 3406 458 3480 514; x_wconf 65' lang='grc' dir='ltr'><strong>π.</strong></span> <span class='ocrx_word' id='word_1_23' title='bbox 3522 477 3546 515; x_wconf 74' lang='grc' dir='ltr'><strong>ι</strong></span> 
     </span>
    </p>
   </div>
   <div class='ocr_carea' id='block_1_4' title="bbox 298 535 1859 612">
    <p class='ocr_par' dir='ltr' id='par_1_4' title="bbox 298 535 1859 612">
     <span class='ocr_line' id='line_1_4' title="bbox 298 535 1859 612; baseline 0.002 -21"><span class='ocrx_word' id='word_1_24' title='bbox 298 539 402 594; x_wconf 71' lang='grc' dir='ltr'>τοῦ.</span> <span class='ocrx_word' id='word_1_25' title='bbox 429 557 451 590; x_wconf 81' lang='grc' dir='ltr'><strong>ι</strong></span> <span class='ocrx_word' id='word_1_26' title='bbox 477 537 581 591; x_wconf 83' lang='grc' dir='ltr'><strong>Διὰ</strong></span> <span class='ocrx_word' id='word_1_27' title='bbox 604 535 772 602; x_wconf 78' lang='grc' dir='ltr'>τοῦτο,</span> <span class='ocrx_word' id='word_1_28' title='bbox 807 555 825 588; x_wconf 79' lang='grc' dir='ltr'><strong>ι</strong></span> <span class='ocrx_word' id='word_1_29' title='bbox 865 537 1113 610; x_wconf 75' lang='grc' dir='ltr'>ἐζήτησα</span> <span class='ocrx_word' id='word_1_30' title='bbox 1135 539 1316 605; x_wconf 80' lang='grc' dir='ltr'>αὐτὸν,</span> <span class='ocrx_word' id='word_1_31' title='bbox 1359 540 1455 593; x_wconf 75' lang='grc' dir='ltr'>καὶ</span> <span class='ocrx_word' id='word_1_32' title='bbox 1500 540 1600 611; x_wconf 81' lang='grc' dir='ltr'>οὐχ</span> <span class='ocrx_word' id='word_1_33' title='bbox 1625 535 1803 612; x_wconf 75' lang='grc' dir='ltr'>εὖρον,</span> <span class='ocrx_word' id='word_1_34' title='bbox 1837 559 1859 594; x_wconf 75' lang='grc' dir='ltr'><strong>ι</strong></span> 
     </span>
    </p>
   </div>
   <div class='ocr_carea' id='block_1_5' title="bbox 366 649 1869 721">
    <p class='ocr_par' dir='ltr' id='par_1_5' title="bbox 366 649 1869 721">
     <span class='ocr_line' id='line_1_5' title="bbox 366 649 1869 721; baseline 0.001 -15"><span class='ocrx_word' id='word_1_35' title='bbox 366 652 488 706; x_wconf 75' lang='lat' dir='ltr'><strong>Ul&quot;.</strong></span> <span class='ocrx_word' id='word_1_36' title='bbox 533 652 619 705; x_wconf 87' lang='grc' dir='ltr'><strong>Στ.</strong></span> <span class='ocrx_word' id='word_1_37' title='bbox 651 649 712 720; x_wconf 80' lang='grc' dir='ltr'><strong>β’.</strong></span> <span class='ocrx_word' id='word_1_38' title='bbox 757 649 1208 721; x_wconf 81' lang='grc' dir='ltr'>Ἀναστήσομαι</span> <span class='ocrx_word' id='word_1_39' title='bbox 1239 651 1316 719; x_wconf 81' lang='grc' dir='ltr'><strong>δὴ</strong></span> <span class='ocrx_word' id='word_1_40' title='bbox 1351 651 1450 705; x_wconf 77' lang='grc' dir='ltr'><strong>καὶ</strong></span> <span class='ocrx_word' id='word_1_41' title='bbox 1483 651 1775 707; x_wconf 73' lang='grc' dir='ltr'>κυκλώσω</span> <span class='ocrx_word' id='word_1_42' title='bbox 1798 651 1869 707; x_wconf 75' lang='grc' dir='ltr'><strong>ἐν</strong></span> 
     </span>
    </p>
   </div>
   <div class='ocr_carea' id='block_1_6' title="bbox 299 741 1865 814">
    <p class='ocr_par' dir='ltr' id='par_1_6' title="bbox 299 741 1865 814">
     <span class='ocr_line' id='line_1_6' title="bbox 299 741 1865 814; baseline -0.001 -16"><span class='ocrx_word' id='word_1_43' title='bbox 299 742 374 811; x_wconf 72' lang='grc' dir='ltr'>τῇ</span> <span class='ocrx_word' id='word_1_44' title='bbox 399 744 581 805; x_wconf 63' lang='grc' dir='ltr'>πόλει,</span> <span class='ocrx_word' id='word_1_45' title='bbox 613 742 684 796; x_wconf 73' lang='grc' dir='ltr'><strong>ἐν</strong></span> <span class='ocrx_word' id='word_1_46' title='bbox 708 741 838 809; x_wconf 79' lang='grc' dir='ltr'>ταῖς</span> <span class='ocrx_word' id='word_1_47' title='bbox 858 742 1107 811; x_wconf 78' lang='grc' dir='ltr'><strong>ἀγοραῖς</strong></span> <span class='ocrx_word' id='word_1_48' title='bbox 1136 742 1234 797; x_wconf 80' lang='grc' dir='ltr'><strong>καὶ</strong></span> <span class='ocrx_word' id='word_1_49' title='bbox 1261 744 1333 798; x_wconf 81' lang='grc' dir='ltr'><strong>ἐν</strong></span> <span class='ocrx_word' id='word_1_50' title='bbox 1364 743 1493 810; x_wconf 84' lang='grc' dir='ltr'>ταῖς</span> <span class='ocrx_word' id='word_1_51' title='bbox 1522 747 1865 814; x_wconf 75' lang='grc' dir='ltr'><strong>πλατείαις,</strong></span> 
     </span>
    </p>
   </div>
   <div class='ocr_carea' id='block_1_7' title="bbox 305 833 1868 907">
    <p class='ocr_par' dir='ltr' id='par_1_7' title="bbox 305 833 1868 907">
     <span class='ocr_line' id='line_1_7' title="bbox 305 833 1868 907; baseline 0.002 -18"><span class='ocrx_word' id='word_1_52' title='bbox 305 836 396 889; x_wconf 80' lang='grc' dir='ltr'>καὶ</span> <span class='ocrx_word' id='word_1_53' title='bbox 419 834 639 904; x_wconf 70' lang='grc' dir='ltr'><strong>ζητήσω</strong></span> <span class='ocrx_word' id='word_1_54' title='bbox 666 833 741 888; x_wconf 78' lang='grc' dir='ltr'><strong>ὃν</strong></span> <span class='ocrx_word' id='word_1_55' title='bbox 767 833 1092 905; x_wconf 70' lang='grc' dir='ltr'>ἠγάπησεν</span> <span class='ocrx_word' id='word_1_56' title='bbox 1124 836 1162 903; x_wconf 76' lang='grc' dir='ltr'><strong><em>ἠ</em></strong></span> <span class='ocrx_word' id='word_1_57' title='bbox 1201 835 1374 906; x_wconf 72' lang='grc' dir='ltr'>ψυχή</span> <span class='ocrx_word' id='word_1_58' title='bbox 1404 854 1524 907; x_wconf 81' lang='grc' dir='ltr'>μου</span> <span class='ocrx_word' id='word_1_59' title='bbox 1545 854 1559 867; x_wconf 93' lang='grc'><strong>·</strong></span> <span class='ocrx_word' id='word_1_60' title='bbox 1608 835 1868 907; x_wconf 73' lang='grc' dir='ltr'><strong>ἐζήτησα</strong></span> 
     </span>
    </p>
   </div>
   <div class='ocr_carea' id='block_1_8' title="bbox 303 921 1230 996">
    <p class='ocr_par' dir='ltr' id='par_1_8' title="bbox 303 921 1230 996">
     <span class='ocr_line' id='line_1_8' title="bbox 303 921 1230 996; baseline -0.002 -15"><span class='ocrx_word' id='word_1_61' title='bbox 303 927 487 991; x_wconf 72' lang='grc' dir='ltr'>αὐτὸν,</span> <span class='ocrx_word' id='word_1_62' title='bbox 524 926 624 980; x_wconf 72' lang='grc' dir='ltr'><strong>καὶ</strong></span> <span class='ocrx_word' id='word_1_63' title='bbox 665 927 780 996; x_wconf 83' lang='grc' dir='ltr'>οὐχ</span> <span class='ocrx_word' id='word_1_64' title='bbox 815 921 1001 994; x_wconf 78' lang='grc' dir='ltr'>εὗρον</span> <span class='ocrx_word' id='word_1_65' title='bbox 1025 925 1230 979; x_wconf 85' lang='grc' dir='ltr'><strong>αὐτόν.</strong></span> 
     </span>
    </p>
   </div>
   <div class='ocr_carea' id='block_1_9' title="bbox 279 1015 1869 1092">
    <p class='ocr_par' dir='ltr' id='par_1_9' title="bbox 279 1015 1869 1092">
     <span class='ocr_line' id='line_1_9' title="bbox 279 1015 1869 1092; baseline -0.002 -18"><span class='ocrx_word' id='word_1_66' title='bbox 279 1047 283 1051; x_wconf 59' lang='grc' dir='ltr'><strong>ν</strong></span> <span class='ocrx_word' id='word_1_67' title='bbox 358 1019 485 1073; x_wconf 63' lang='grc' dir='ltr'><strong>Οὐδὲ</strong></span> <span class='ocrx_word' id='word_1_68' title='bbox 524 1017 622 1072; x_wconf 75' lang='grc' dir='ltr'><strong>νῦν</strong></span> <span class='ocrx_word' id='word_1_69' title='bbox 660 1017 813 1085; x_wconf 81' lang='grc' dir='ltr'>λέγει</span> <span class='ocrx_word' id='word_1_70' title='bbox 851 1015 1146 1089; x_wconf 74' lang='grc' dir='ltr'><strong>εὑρηκέναι</strong></span> <span class='ocrx_word' id='word_1_71' title='bbox 1193 1016 1387 1070; x_wconf 78' lang='grc' dir='ltr'><strong>αὐτόν’</strong></span> <span class='ocrx_word' id='word_1_72' title='bbox 1434 1018 1530 1071; x_wconf 73' lang='grc' dir='ltr'>καὶ</span> <span class='ocrx_word' id='word_1_73' title='bbox 1566 1017 1869 1092; x_wconf 82' lang='grc' dir='ltr'>ἀναστησο-</span> 
     </span>
    </p>
   </div>
   <div class='ocr_carea' id='block_1_10' title="bbox 301 1104 1867 1179">
    <p class='ocr_par' dir='ltr' id='par_1_10' title="bbox 301 1104 1867 1179">
     <span class='ocr_line' id='line_1_10' title="bbox 301 1104 1867 1179; baseline 0.001 -18"><span class='ocrx_word' id='word_1_74' title='bbox 301 1109 431 1179; x_wconf 71' lang='grc' dir='ltr'><strong>μένη</strong></span> <span class='ocrx_word' id='word_1_75' title='bbox 463 1106 598 1178; x_wconf 78' lang='grc'>(50),</span> <span class='ocrx_word' id='word_1_76' title='bbox 626 1106 701 1169; x_wconf 80' lang='grc' dir='ltr'>ὡς</span> <span class='ocrx_word' id='word_1_77' title='bbox 739 1106 940 1168; x_wconf 73' lang='grc' dir='ltr'>εἰπεῖν,</span> <span class='ocrx_word' id='word_1_78' title='bbox 967 1104 1065 1159; x_wconf 68' lang='grc' dir='ltr'><strong>καὶ</strong></span> <span class='ocrx_word' id='word_1_79' title='bbox 1101 1104 1168 1157; x_wconf 81' lang='grc' dir='ltr'><strong>δι’</strong></span> <span class='ocrx_word' id='word_1_80' title='bbox 1197 1105 1364 1177; x_wconf 81' lang='grc' dir='ltr'><strong>εὐχῆς</strong></span> <span class='ocrx_word' id='word_1_81' title='bbox 1394 1106 1531 1179; x_wconf 80' lang='grc' dir='ltr'>πρὸς</span> <span class='ocrx_word' id='word_1_82' title='bbox 1571 1107 1733 1161; x_wconf 82' lang='grc' dir='ltr'>αὐτὸν</span> <span class='ocrx_word' id='word_1_83' title='bbox 1768 1124 1867 1162; x_wconf 84' lang='grc' dir='ltr'>πο·-</span> 
     </span>
    </p>
   </div>
   <div class='ocr_carea' id='block_1_11' title="bbox 303 1190 1868 1273">
    <p class='ocr_par' dir='ltr' id='par_1_11' title="bbox 303 1190 1868 1273">
     <span class='ocr_line' id='line_1_11' title="bbox 303 1190 1868 1273; baseline 0 -19"><span class='ocrx_word' id='word_1_84' title='bbox 303 1200 562 1273; x_wconf 74' lang='grc' dir='ltr'>ρευθεῖσα.</span> <span class='ocrx_word' id='word_1_85' title='bbox 603 1200 709 1253; x_wconf 74' lang='grc' dir='ltr'><strong>Καὶ</strong></span> <span class='ocrx_word' id='word_1_86' title='bbox 750 1198 845 1253; x_wconf 79' lang='grc' dir='ltr'>διὰ</span> <span class='ocrx_word' id='word_1_87' title='bbox 874 1198 929 1251; x_wconf 80' lang='grc' dir='ltr'><strong>τί</strong></span> <span class='ocrx_word' id='word_1_88' title='bbox 972 1197 1134 1251; x_wconf 81' lang='grc' dir='ltr'>πάλιν</span> <span class='ocrx_word' id='word_1_89' title='bbox 1173 1197 1271 1268; x_wconf 79' lang='grc' dir='ltr'>οὐχ</span> <span class='ocrx_word' id='word_1_90' title='bbox 1326 1190 1486 1271; x_wconf 73' lang='grc' dir='ltr'>εὗρεν</span> <span class='ocrx_word' id='word_1_91' title='bbox 1531 1198 1714 1264; x_wconf 82' lang='grc' dir='ltr'>αὑτὸν,</span> <span class='ocrx_word' id='word_1_92' title='bbox 1769 1200 1868 1272; x_wconf 76' lang='grc' dir='ltr'><strong>τὴν</strong></span> 
     </span>
    </p>
   </div>
   <div class='ocr_carea' id='block_1_12' title="bbox 298 1288 1870 1363">
    <p class='ocr_par' dir='ltr' id='par_1_12' title="bbox 298 1288 1870 1363">
     <span class='ocr_line' id='line_1_12' title="bbox 298 1288 1870 1363; baseline -0.001 -19"><span class='ocrx_word' id='word_1_93' title='bbox 298 1292 463 1345; x_wconf 72' lang='grc' dir='ltr'>αἰτίαν</span> <span class='ocrx_word' id='word_1_94' title='bbox 493 1292 549 1343; x_wconf 86' lang='grc' dir='ltr'><strong>ὲν</strong></span> <span class='ocrx_word' id='word_1_95' title='bbox 574 1290 760 1353; x_wconf 78' lang='grc' dir='ltr'>αὐτοῖς</span> <span class='ocrx_word' id='word_1_96' title='bbox 793 1289 991 1361; x_wconf 78' lang='grc' dir='ltr'><strong>μηνύει</strong></span> <span class='ocrx_word' id='word_1_97' title='bbox 1016 1291 1130 1352; x_wconf 83' lang='grc' dir='ltr'>τοῖς</span> <span class='ocrx_word' id='word_1_98' title='bbox 1156 1288 1504 1361; x_wconf 87' lang='grc' dir='ltr'>γράμμασιν,</span> <span class='ocrx_word' id='word_1_99' title='bbox 1537 1308 1556 1341; x_wconf 77' lang='grc' dir='ltr'><strong>ι</strong></span> <span class='ocrx_word' id='word_1_100' title='bbox 1607 1290 1870 1363; x_wconf 83' lang='grc' dir='ltr'><strong>Ἀναστή-</strong></span> 
     </span>
    </p>
   </div>
   <div class='ocr_carea' id='block_1_13' title="bbox 293 1379 1869 1453">
    <p class='ocr_par' dir='ltr' id='par_1_13' title="bbox 293 1379 1869 1453">
     <span class='ocr_line' id='line_1_13' title="bbox 293 1379 1869 1453; baseline -0.001 -17"><span class='ocrx_word' id='word_1_101' title='bbox 293 1400 463 1453; x_wconf 59' lang='lat' dir='ltr'><strong>caput,</strong></span> <span class='ocrx_word' id='word_1_102' title='bbox 502 1400 523 1433; x_wconf 75' lang='grc' dir='ltr'><strong>ι</strong></span> <span class='ocrx_word' id='word_1_103' title='bbox 571 1382 835 1449; x_wconf 80' lang='grc' dir='ltr'><strong>λέγουσα,</strong></span> <span class='ocrx_word' id='word_1_104' title='bbox 882 1400 901 1433; x_wconf 80' lang='grc' dir='ltr'><strong>ι</strong></span> <span class='ocrx_word' id='word_1_105' title='bbox 941 1382 1038 1435; x_wconf 74' lang='grc' dir='ltr'>καὶ</span> <span class='ocrx_word' id='word_1_106' title='bbox 1079 1379 1347 1434; x_wconf 85' lang='grc' dir='ltr'>κυκλώσω</span> <span class='ocrx_word' id='word_1_107' title='bbox 1379 1381 1437 1435; x_wconf 80' lang='grc' dir='ltr'>ὲν</span> <span class='ocrx_word' id='word_1_108' title='bbox 1470 1383 1535 1452; x_wconf 81' lang='grc' dir='ltr'>τῇ</span> <span class='ocrx_word' id='word_1_109' title='bbox 1584 1380 1765 1445; x_wconf 87' lang='grc' dir='ltr'>πόλει,</span> <span class='ocrx_word' id='word_1_110' title='bbox 1809 1384 1869 1435; x_wconf 81' lang='grc' dir='ltr'><strong>ὲν</strong></span> 
     </span>
    </p>
   </div>
   <div class='ocr_carea' id='block_1_14' title="bbox 286 1468 1869 1544">
    <p class='ocr_par' dir='ltr' id='par_1_14' title="bbox 286 1468 1869 1544">
     <span class='ocr_line' id='line_1_14' title="bbox 286 1468 1869 1544; baseline -0.001 -19"><span class='ocrx_word' id='word_1_111' title='bbox 286 1476 394 1535; x_wconf 79' lang='grc' dir='ltr'>ταῖς</span> <span class='ocrx_word' id='word_1_112' title='bbox 420 1473 652 1544; x_wconf 74' lang='grc' dir='ltr'>ἀγοραῖς</span> <span class='ocrx_word' id='word_1_113' title='bbox 680 1472 777 1525; x_wconf 76' lang='grc' dir='ltr'>καὶ</span> <span class='ocrx_word' id='word_1_114' title='bbox 804 1472 863 1524; x_wconf 78' lang='grc' dir='ltr'><strong>ἐν</strong></span> <span class='ocrx_word' id='word_1_115' title='bbox 890 1473 1010 1533; x_wconf 81' lang='grc' dir='ltr'>ταῖς</span> <span class='ocrx_word' id='word_1_116' title='bbox 1040 1468 1321 1534; x_wconf 75' lang='grc' dir='ltr'><strong>πλατείαις</strong></span> <span class='ocrx_word' id='word_1_117' title='bbox 1341 1486 1355 1500; x_wconf 83' lang='grc'><em>’</em></span> <span class='ocrx_word' id='word_1_118' title='bbox 1392 1488 1411 1522; x_wconf 79' lang='grc' dir='ltr'><strong>ι</strong></span> <span class='ocrx_word' id='word_1_119' title='bbox 1449 1469 1588 1541; x_wconf 82' lang='grc' dir='ltr'>ὅπερ</span> <span class='ocrx_word' id='word_1_120' title='bbox 1611 1471 1778 1538; x_wconf 72' lang='grc' dir='ltr'>ἐστὶν,</span> <span class='ocrx_word' id='word_1_121' title='bbox 1810 1473 1869 1524; x_wconf 81' lang='grc' dir='ltr'>ἐν</span> 
     </span>
    </p>
   </div>
   <div class='ocr_carea' id='block_1_15' title="bbox 283 1560 1869 1634">
    <p class='ocr_par' dir='ltr' id='par_1_15' title="bbox 283 1560 1869 1634">
     <span class='ocr_line' id='line_1_15' title="bbox 283 1560 1869 1634; baseline -0.003 -16"><span class='ocrx_word' id='word_1_122' title='bbox 283 1567 397 1628; x_wconf 85' lang='grc' dir='ltr'>ταῖς</span> <span class='ocrx_word' id='word_1_123' title='bbox 421 1562 516 1617; x_wconf 79' lang='grc' dir='ltr'><strong>τοῦ</strong></span> <span class='ocrx_word' id='word_1_124' title='bbox 568 1563 688 1633; x_wconf 73' lang='grc' dir='ltr'>βίου</span> <span class='ocrx_word' id='word_1_125' title='bbox 756 1561 1194 1634; x_wconf 80' lang='grc' dir='ltr'><strong>πραγματείαις,</strong></span> <span class='ocrx_word' id='word_1_126' title='bbox 1248 1561 1347 1615; x_wconf 77' lang='grc' dir='ltr'><strong>καὶ</strong></span> <span class='ocrx_word' id='word_1_127' title='bbox 1385 1562 1444 1613; x_wconf 83' lang='grc' dir='ltr'>ἐν</span> <span class='ocrx_word' id='word_1_128' title='bbox 1488 1560 1718 1633; x_wconf 72' lang='grc' dir='ltr'>πλατείᾳ</span> <span class='ocrx_word' id='word_1_129' title='bbox 1761 1562 1869 1617; x_wconf 82' lang='grc' dir='ltr'><strong>ἁπ-</strong></span> 
     </span>
    </p>
   </div>
   <div class='ocr_carea' id='block_1_16' title="bbox 293 1638 1869 1727">
    <p class='ocr_par' dir='ltr' id='par_1_16' title="bbox 293 1638 1869 1727">
     <span class='ocr_line' id='line_1_16' title="bbox 293 1638 1869 1727; baseline -0.004 -17"><span class='ocrx_word' id='word_1_130' title='bbox 293 1655 495 1727; x_wconf 78' lang='grc' dir='ltr'>αγούσῃ</span> <span class='ocrx_word' id='word_1_131' title='bbox 526 1638 613 1718; x_wconf 62' lang='grc' dir='ltr'><strong>εἷς</strong></span> <span class='ocrx_word' id='word_1_132' title='bbox 636 1654 738 1726; x_wconf 76' lang='grc' dir='ltr'><strong>τὴν</strong></span> <span class='ocrx_word' id='word_1_133' title='bbox 758 1652 1052 1709; x_wconf 81' lang='grc' dir='ltr'>ἀπώλειαν.</span> <span class='ocrx_word' id='word_1_134' title='bbox 1076 1652 1167 1706; x_wconf 81' lang='grc' dir='ltr'>Διό</span> <span class='ocrx_word' id='word_1_135' title='bbox 1186 1667 1318 1722; x_wconf 65' lang='grc' dir='ltr'>φησι</span> <span class='ocrx_word' id='word_1_136' title='bbox 1349 1649 1422 1722; x_wconf 81' lang='grc' dir='ltr'><strong>μὴ</strong></span> <span class='ocrx_word' id='word_1_137' title='bbox 1448 1650 1735 1722; x_wconf 79' lang='grc' dir='ltr'><strong>εὑρηκέναι</strong></span> <span class='ocrx_word' id='word_1_138' title='bbox 1770 1651 1869 1705; x_wconf 84' lang='grc' dir='ltr'>αύ-</span> 
     </span>
    </p>
   </div>
   <div class='ocr_carea' id='block_1_17' title="bbox 282 1740 1863 1819">
    <p class='ocr_par' dir='ltr' id='par_1_17' title="bbox 282 1740 1863 1819">
     <span class='ocr_line' id='line_1_17' title="bbox 282 1740 1863 1819; baseline -0.003 -19"><span class='ocrx_word' id='word_1_139' title='bbox 282 1748 387 1801; x_wconf 80' lang='grc' dir='ltr'>τόν.</span> <span class='ocrx_word' id='word_1_140' title='bbox 430 1764 450 1798; x_wconf 80' lang='grc' dir='ltr'><strong>ι</strong></span> <span class='ocrx_word' id='word_1_141' title='bbox 498 1745 677 1818; x_wconf 81' lang='grc' dir='ltr'>Στενὴ</span> <span class='ocrx_word' id='word_1_142' title='bbox 708 1745 819 1816; x_wconf 81' lang='grc' dir='ltr'>γὰρ</span> <span class='ocrx_word' id='word_1_143' title='bbox 852 1745 886 1819; x_wconf 72' lang='grc' dir='ltr'><strong>ἡ</strong></span> <span class='ocrx_word' id='word_1_144' title='bbox 935 1742 1103 1815; x_wconf 83' lang='grc' dir='ltr'><strong>πύλη,</strong></span> <span class='ocrx_word' id='word_1_145' title='bbox 1151 1742 1247 1797; x_wconf 73' lang='grc' dir='ltr'>καὶ</span> <span class='ocrx_word' id='word_1_146' title='bbox 1289 1740 1625 1813; x_wconf 66' lang='grc' dir='ltr'>τεθλιμμένη</span> <span class='ocrx_word' id='word_1_147' title='bbox 1661 1743 1696 1812; x_wconf 82' lang='grc' dir='ltr'><strong>ἡ</strong></span> <span class='ocrx_word' id='word_1_148' title='bbox 1725 1741 1863 1808; x_wconf 77' lang='grc' dir='ltr'>ὁδὸς,</span> 
     </span>
    </p>
   </div>
   <div class='ocr_carea' id='block_1_18' title="bbox 284 1835 1124 1910">
    <p class='ocr_par' dir='ltr' id='par_1_18' title="bbox 284 1835 1124 1910">
     <span class='ocr_line' id='line_1_18' title="bbox 284 1835 1124 1910; baseline -0.006 -18"><span class='ocrx_word' id='word_1_149' title='bbox 284 1840 320 1910; x_wconf 74' lang='grc' dir='ltr'>ἡ</span> <span class='ocrx_word' id='word_1_150' title='bbox 346 1838 634 1905; x_wconf 75' lang='grc' dir='ltr'><strong>ἀπάγουσα</strong></span> <span class='ocrx_word' id='word_1_151' title='bbox 671 1837 752 1900; x_wconf 78' lang='grc' dir='ltr'>είς</span> <span class='ocrx_word' id='word_1_152' title='bbox 778 1835 874 1907; x_wconf 82' lang='grc' dir='ltr'><strong>τὴν</strong></span> <span class='ocrx_word' id='word_1_153' title='bbox 901 1835 1066 1905; x_wconf 80' lang='grc' dir='ltr'>ζωήν.</span> <span class='ocrx_word' id='word_1_154' title='bbox 1105 1852 1124 1887; x_wconf 83' lang='grc' dir='ltr'><strong>ι</strong></span> 
     </span>
    </p>
   </div>
   <div class='ocr_carea' id='block_1_19' title="bbox 360 1924 1869 1997">
    <p class='ocr_par' dir='ltr' id='par_1_19' title="bbox 360 1924 1869 1997">
     <span class='ocr_line' id='line_1_19' title="bbox 360 1924 1869 1997; baseline -0.003 -14"><span class='ocrx_word' id='word_1_155' title='bbox 360 1929 479 1983; x_wconf 85' lang='grc' dir='ltr'><strong>οΔ’.</strong></span> <span class='ocrx_word' id='word_1_156' title='bbox 513 1929 603 1982; x_wconf 82' lang='grc' dir='ltr'><strong>Στ.</strong></span> <span class='ocrx_word' id='word_1_157' title='bbox 639 1933 710 1997; x_wconf 78' lang='grc' dir='ltr'>γ’.</span> <span class='ocrx_word' id='word_1_158' title='bbox 744 1924 1029 1995; x_wconf 82' lang='grc' dir='ltr'>Εὕροσάν</span> <span class='ocrx_word' id='word_1_159' title='bbox 1071 1941 1148 1996; x_wconf 82' lang='grc' dir='ltr'>με</span> <span class='ocrx_word' id='word_1_160' title='bbox 1184 1926 1240 1979; x_wconf 81' lang='lat' dir='ltr'><strong>oi</strong></span> <span class='ocrx_word' id='word_1_161' title='bbox 1275 1924 1620 1994; x_wconf 77' lang='grc' dir='ltr'>τηροῦντες,</span> <span class='ocrx_word' id='word_1_162' title='bbox 1662 1926 1718 1979; x_wconf 82' lang='lat' dir='ltr'><strong>oi</strong></span> <span class='ocrx_word' id='word_1_163' title='bbox 1763 1941 1869 1979; x_wconf 78' lang='grc' dir='ltr'>κυ-</span> 
     </span>
    </p>
   </div>
   <div class='ocr_carea' id='block_1_20' title="bbox 286 2015 1866 2092">
    <p class='ocr_par' dir='ltr' id='par_1_20' title="bbox 286 2015 1866 2092">
     <span class='ocr_line' id='line_1_20' title="bbox 286 2015 1866 2092; baseline -0.004 -16"><span class='ocrx_word' id='word_1_164' title='bbox 286 2020 578 2085; x_wconf 72' lang='grc' dir='ltr'>κλοῦντες</span> <span class='ocrx_word' id='word_1_165' title='bbox 606 2020 675 2073; x_wconf 82' lang='grc' dir='ltr'><strong>ἐν</strong></span> <span class='ocrx_word' id='word_1_166' title='bbox 703 2016 777 2088; x_wconf 79' lang='grc' dir='ltr'>τῆ</span> <span class='ocrx_word' id='word_1_167' title='bbox 810 2019 985 2073; x_wconf 74' lang='grc' dir='ltr'>πόλει</span> <span class='ocrx_word' id='word_1_168' title='bbox 1004 2033 1018 2048; x_wconf 91' lang='grc'><strong>·</strong></span> <span class='ocrx_word' id='word_1_169' title='bbox 1061 2015 1157 2087; x_wconf 78' lang='grc' dir='ltr'><strong>Μὴ</strong></span> <span class='ocrx_word' id='word_1_170' title='bbox 1184 2016 1259 2072; x_wconf 83' lang='grc' dir='ltr'><strong>ὃν</strong></span> <span class='ocrx_word' id='word_1_171' title='bbox 1280 2016 1600 2092; x_wconf 77' lang='grc' dir='ltr'>ἠγάπησεν</span> <span class='ocrx_word' id='word_1_172' title='bbox 1629 2016 1668 2085; x_wconf 78' lang='grc' dir='ltr'><strong><em>ή</em></strong></span> <span class='ocrx_word' id='word_1_173' title='bbox 1694 2015 1866 2089; x_wconf 68' lang='grc' dir='ltr'>ψυχή</span> 
     </span>
    </p>
   </div>
   <div class='ocr_carea' id='block_1_21' title="bbox 279 2111 647 2183">
    <p class='ocr_par' dir='ltr' id='par_1_21' title="bbox 279 2111 647 2183">
     <span class='ocr_line' id='line_1_21' title="bbox 279 2111 647 2183; baseline 0.003 -19"><span class='ocrx_word' id='word_1_174' title='bbox 279 2130 415 2183; x_wconf 79' lang='grc' dir='ltr'>μου,</span> <span class='ocrx_word' id='word_1_175' title='bbox 457 2111 647 2175; x_wconf 64' lang='lat' dir='ltr'><strong>taste;</strong></span> 
     </span>
    </p>
   </div>
   <div class='ocr_carea' id='block_1_22' title="bbox 349 2202 1870 2276">
    <p class='ocr_par' dir='ltr' id='par_1_22' title="bbox 349 2202 1870 2276">
     <span class='ocr_line' id='line_1_22' title="bbox 349 2202 1870 2276; baseline -0.001 -18"><span class='ocrx_word' id='word_1_176' title='bbox 349 2204 671 2276; x_wconf 78' lang='grc' dir='ltr'>Τηροῦντας</span> <span class='ocrx_word' id='word_1_177' title='bbox 708 2204 804 2259; x_wconf 76' lang='grc' dir='ltr'><strong>καὶ</strong></span> <span class='ocrx_word' id='word_1_178' title='bbox 838 2202 1172 2269; x_wconf 80' lang='grc' dir='ltr'><strong>κυκλοῦντας</strong></span> <span class='ocrx_word' id='word_1_179' title='bbox 1221 2203 1281 2257; x_wconf 83' lang='grc' dir='ltr'>ὲν</span> <span class='ocrx_word' id='word_1_180' title='bbox 1331 2205 1397 2275; x_wconf 77' lang='grc' dir='ltr'>τῇ</span> <span class='ocrx_word' id='word_1_181' title='bbox 1442 2202 1595 2257; x_wconf 82' lang='grc' dir='ltr'>πόλει</span> <span class='ocrx_word' id='word_1_182' title='bbox 1639 2204 1765 2268; x_wconf 75' lang='grc' dir='ltr'>τοὺς</span> <span class='ocrx_word' id='word_1_183' title='bbox 1792 2202 1870 2256; x_wconf 83' lang='grc' dir='ltr'>δι-</span> 
     </span>
    </p>
   </div>
   <div class='ocr_carea' id='block_1_23' title="bbox 284 2294 1869 2367">
    <p class='ocr_par' dir='ltr' id='par_1_23' title="bbox 284 2294 1869 2367">
     <span class='ocr_line' id='line_1_23' title="bbox 284 2294 1869 2367; baseline -0.003 -16"><span class='ocrx_word' id='word_1_184' title='bbox 284 2296 469 2360; x_wconf 75' lang='grc' dir='ltr'>καίους</span> <span class='ocrx_word' id='word_1_185' title='bbox 488 2295 662 2364; x_wconf 82' lang='grc' dir='ltr'><strong>λέγει,</strong></span> <span class='ocrx_word' id='word_1_186' title='bbox 686 2296 822 2359; x_wconf 75' lang='grc' dir='ltr'>τοὺς</span> <span class='ocrx_word' id='word_1_187' title='bbox 851 2295 1150 2367; x_wconf 77' lang='grc' dir='ltr'><strong>τηροῦντας</strong></span> <span class='ocrx_word' id='word_1_188' title='bbox 1179 2294 1275 2367; x_wconf 82' lang='grc' dir='ltr'>τὴν</span> <span class='ocrx_word' id='word_1_189' title='bbox 1302 2294 1522 2365; x_wconf 76' lang='grc' dir='ltr'>ἐντολήν</span> <span class='ocrx_word' id='word_1_190' title='bbox 1541 2310 1556 2326; x_wconf 80' lang='lat'><strong>&#39;</strong></span> <span class='ocrx_word' id='word_1_191' title='bbox 1602 2296 1729 2359; x_wconf 82' lang='grc' dir='ltr'>τοὺς</span> <span class='ocrx_word' id='word_1_192' title='bbox 1770 2308 1869 2348; x_wconf 58' lang='grc' dir='ltr'>κυέ</span> 
     </span>
    </p>
   </div>
   <div class='ocr_carea' id='block_1_24' title="bbox 284 2385 1868 2461">
    <p class='ocr_par' dir='ltr' id='par_1_24' title="bbox 284 2385 1868 2461">
     <span class='ocr_line' id='line_1_24' title="bbox 284 2385 1868 2461; baseline -0.002 -19"><span class='ocrx_word' id='word_1_193' title='bbox 284 2387 540 2452; x_wconf 67' lang='grc' dir='ltr'>κλοῦντας</span> <span class='ocrx_word' id='word_1_194' title='bbox 574 2388 636 2440; x_wconf 85' lang='grc' dir='ltr'>ὲν</span> <span class='ocrx_word' id='word_1_195' title='bbox 683 2390 750 2461; x_wconf 78' lang='grc' dir='ltr'>τῇ</span> <span class='ocrx_word' id='word_1_196' title='bbox 798 2386 1131 2460; x_wconf 73' lang='grc' dir='ltr'>Ἐκκλησία,</span> <span class='ocrx_word' id='word_1_197' title='bbox 1165 2388 1292 2451; x_wconf 83' lang='grc' dir='ltr'>τοὺς</span> <span class='ocrx_word' id='word_1_198' title='bbox 1339 2385 1529 2455; x_wconf 81' lang='grc' dir='ltr'>ἁγίους</span> <span class='ocrx_word' id='word_1_199' title='bbox 1578 2385 1868 2458; x_wconf 77' lang='grc' dir='ltr'><strong>προφήτας</strong></span> 
     </span>
    </p>
   </div>
   <div class='ocr_carea' id='block_1_25' title="bbox 289 2473 1869 2551">
    <p class='ocr_par' dir='ltr' id='par_1_25' title="bbox 289 2473 1869 2551">
     <span class='ocr_line' id='line_1_25' title="bbox 289 2473 1869 2551; baseline -0.003 -18"><span class='ocrx_word' id='word_1_200' title='bbox 289 2481 383 2533; x_wconf 74' lang='grc' dir='ltr'><strong>καὶ</strong></span> <span class='ocrx_word' id='word_1_201' title='bbox 410 2478 759 2543; x_wconf 78' lang='grc' dir='ltr'>ἀποστόλους.</span> <span class='ocrx_word' id='word_1_202' title='bbox 788 2473 915 2532; x_wconf 81' lang='grc' dir='ltr'>Οἷον</span> <span class='ocrx_word' id='word_1_203' title='bbox 945 2478 1078 2551; x_wconf 82' lang='grc' dir='ltr'>φέρε</span> <span class='ocrx_word' id='word_1_204' title='bbox 1099 2480 1294 2545; x_wconf 75' lang='grc' dir='ltr'>εἰπεῖν,</span> <span class='ocrx_word' id='word_1_205' title='bbox 1316 2478 1517 2533; x_wconf 82' lang='grc' dir='ltr'><strong>ὁπόταν</strong></span> <span class='ocrx_word' id='word_1_206' title='bbox 1545 2476 1869 2549; x_wconf 75' lang='grc' dir='ltr'>ἁμαρτωλὸς</span> 
     </span>
    </p>
   </div>
   <div class='ocr_carea' id='block_1_26' title="bbox 282 2566 1869 2641">
    <p class='ocr_par' dir='ltr' id='par_1_26' title="bbox 282 2566 1869 2641">
     <span class='ocr_line' id='line_1_26' title="bbox 282 2566 1869 2641; baseline -0.003 -16"><span class='ocrx_word' id='word_1_207' title='bbox 282 2571 581 2640; x_wconf 78' lang='grc' dir='ltr'>διαλέγοιτο</span> <span class='ocrx_word' id='word_1_208' title='bbox 608 2571 746 2640; x_wconf 81' lang='grc' dir='ltr'>πρὸς</span> <span class='ocrx_word' id='word_1_209' title='bbox 775 2568 1004 2634; x_wconf 84' lang='grc' dir='ltr'>δίκαιον,</span> <span class='ocrx_word' id='word_1_210' title='bbox 1036 2569 1130 2623; x_wconf 79' lang='grc' dir='ltr'>καὶ</span> <span class='ocrx_word' id='word_1_211' title='bbox 1155 2568 1304 2639; x_wconf 80' lang='grc' dir='ltr'>λέγει</span> <span class='ocrx_word' id='word_1_212' title='bbox 1336 2567 1484 2641; x_wconf 83' lang='grc' dir='ltr'><strong>αὐτῷ</strong></span> <span class='ocrx_word' id='word_1_213' title='bbox 1503 2586 1517 2599; x_wconf 87' lang='grc'><strong>·</strong></span> <span class='ocrx_word' id='word_1_214' title='bbox 1556 2567 1657 2622; x_wconf 79' lang='grc' dir='ltr'>Διὰ</span> <span class='ocrx_word' id='word_1_215' title='bbox 1688 2566 1742 2623; x_wconf 84' lang='grc' dir='ltr'><strong>τί</strong></span> <span class='ocrx_word' id='word_1_216' title='bbox 1770 2567 1869 2621; x_wconf 83' lang='grc' dir='ltr'>οὐκ</span> 
     </span>
    </p>
   </div>
   <div class='ocr_carea' id='block_1_27' title="bbox 284 2659 1867 2734">
    <p class='ocr_par' dir='ltr' id='par_1_27' title="bbox 284 2659 1867 2734">
     <span class='ocr_line' id='line_1_27' title="bbox 284 2659 1867 2734; baseline -0.002 -18"><span class='ocrx_word' id='word_1_217' title='bbox 284 2662 554 2716; x_wconf 81' lang='grc' dir='ltr'>εἰσακούει</span> <span class='ocrx_word' id='word_1_218' title='bbox 598 2679 698 2733; x_wconf 81' lang='grc' dir='ltr'>μου</span> <span class='ocrx_word' id='word_1_219' title='bbox 731 2663 761 2714; x_wconf 86' lang='grc' dir='ltr'>ὁ</span> <span class='ocrx_word' id='word_1_220' title='bbox 796 2662 1092 2732; x_wconf 82' lang='grc' dir='ltr'><strong>Δεσπότης,</strong></span> <span class='ocrx_word' id='word_1_221' title='bbox 1124 2661 1219 2715; x_wconf 81' lang='grc' dir='ltr'>καὶ</span> <span class='ocrx_word' id='word_1_222' title='bbox 1259 2660 1369 2734; x_wconf 81' lang='grc'>(51)</span> <span class='ocrx_word' id='word_1_223' title='bbox 1397 2659 1634 2733; x_wconf 76' lang='grc' dir='ltr'>ὀρθρίζω</span> <span class='ocrx_word' id='word_1_224' title='bbox 1663 2660 1743 2724; x_wconf 73' lang='grc' dir='ltr'><strong>εἰς</strong></span> <span class='ocrx_word' id='word_1_225' title='bbox 1767 2660 1867 2731; x_wconf 84' lang='grc' dir='ltr'><strong>τὴν</strong></span> 
     </span>
    </p>
   </div>
   <div class='ocr_carea' id='block_1_28' title="bbox 284 2749 1868 2823">
    <p class='ocr_par' dir='ltr' id='par_1_28' title="bbox 284 2749 1868 2823">
     <span class='ocr_line' id='line_1_28' title="bbox 284 2749 1868 2823; baseline -0.002 -17"><span class='ocrx_word' id='word_1_226' title='bbox 284 2752 602 2823; x_wconf 70' lang='grc' dir='ltr'>ἑκκλησίαν,</span> <span class='ocrx_word' id='word_1_227' title='bbox 630 2753 727 2806; x_wconf 77' lang='grc' dir='ltr'>καὶ</span> <span class='ocrx_word' id='word_1_228' title='bbox 771 2751 1012 2823; x_wconf 78' lang='grc' dir='ltr'><strong>πένητας</strong></span> <span class='ocrx_word' id='word_1_229' title='bbox 1048 2750 1183 2805; x_wconf 76' lang='grc' dir='ltr'><strong>ὲλεῶ</strong></span> <span class='ocrx_word' id='word_1_230' title='bbox 1222 2751 1374 2823; x_wconf 74' lang='grc'>(52);</span> <span class='ocrx_word' id='word_1_231' title='bbox 1405 2752 1522 2806; x_wconf 82' lang='grc' dir='ltr'><strong>Κᾶν</strong></span> <span class='ocrx_word' id='word_1_232' title='bbox 1559 2768 1621 2804; x_wconf 87' lang='grc' dir='ltr'><strong>τε</strong></span> <span class='ocrx_word' id='word_1_233' title='bbox 1670 2749 1868 2823; x_wconf 80' lang='grc' dir='ltr'>μικρὸν</span> 
     </span>
    </p>
   </div>
   <div class='ocr_carea' id='block_1_29' title="bbox 284 2842 1865 2917">
    <p class='ocr_par' dir='ltr' id='par_1_29' title="bbox 284 2842 1865 2917">
     <span class='ocr_line' id='line_1_29' title="bbox 284 2842 1865 2917; baseline 0.001 -20"><span class='ocrx_word' id='word_1_234' title='bbox 284 2844 483 2913; x_wconf 76' lang='grc' dir='ltr'>ἀγαθὸν</span> <span class='ocrx_word' id='word_1_235' title='bbox 521 2845 755 2916; x_wconf 77' lang='grc' dir='ltr'>ποιήσῃ,</span> <span class='ocrx_word' id='word_1_236' title='bbox 791 2844 971 2897; x_wconf 75' lang='grc' dir='ltr'>ἐκεῖνο</span> <span class='ocrx_word' id='word_1_237' title='bbox 1016 2842 1237 2914; x_wconf 79' lang='grc' dir='ltr'>βλέπει,</span> <span class='ocrx_word' id='word_1_238' title='bbox 1275 2845 1370 2898; x_wconf 79' lang='grc' dir='ltr'><strong>καὶ</strong></span> <span class='ocrx_word' id='word_1_239' title='bbox 1403 2844 1466 2897; x_wconf 85' lang='grc' dir='ltr'>τὸ</span> <span class='ocrx_word' id='word_1_240' title='bbox 1508 2842 1711 2917; x_wconf 82' lang='grc' dir='ltr'>πλῆθος</span> <span class='ocrx_word' id='word_1_241' title='bbox 1752 2842 1865 2898; x_wconf 83' lang='grc' dir='ltr'><strong>τῶν</strong></span> 
     </span>
    </p>
   </div>
   <div class='ocr_carea' id='block_1_30' title="bbox 287 2933 1866 3007">
    <p class='ocr_par' dir='ltr' id='par_1_30' title="bbox 287 2933 1866 3007">
     <span class='ocr_line' id='line_1_30' title="bbox 287 2933 1866 3007; baseline -0.001 -19"><span class='ocrx_word' id='word_1_242' title='bbox 287 2933 697 3007; x_wconf 74' lang='grc' dir='ltr'><strong>ἁμαρτημάτων</strong></span> <span class='ocrx_word' id='word_1_243' title='bbox 743 2933 806 2987; x_wconf 80' lang='grc' dir='ltr'>οὒ</span> <span class='ocrx_word' id='word_1_244' title='bbox 854 2937 1233 3005; x_wconf 85' lang='grc' dir='ltr'>προσποιεῖται</span> <span class='ocrx_word' id='word_1_245' title='bbox 1279 2933 1517 3005; x_wconf 81' lang='grc' dir='ltr'>βλέπειν.</span> <span class='ocrx_word' id='word_1_246' title='bbox 1567 2935 1661 2989; x_wconf 87' lang='grc' dir='ltr'><strong>Διό</strong></span> <span class='ocrx_word' id='word_1_247' title='bbox 1700 2950 1866 3005; x_wconf 85' lang='grc' dir='ltr'>φησιν</span> 
     </span>
    </p>
   </div>
   <div class='ocr_carea' id='block_1_31' title="bbox 296 3023 1866 3098">
    <p class='ocr_par' dir='ltr' id='par_1_31' title="bbox 296 3023 1866 3098">
     <span class='ocr_line' id='line_1_31' title="bbox 296 3023 1866 3098; baseline -0.001 -20"><span class='ocrx_word' id='word_1_248' title='bbox 296 3025 554 3088; x_wconf 76' lang='grc' dir='ltr'>Ἡσαΐας·</span> <span class='ocrx_word' id='word_1_249' title='bbox 593 3042 613 3075; x_wconf 76' lang='grc' dir='ltr'><strong>ι</strong></span> <span class='ocrx_word' id='word_1_250' title='bbox 657 3023 751 3094; x_wconf 76' lang='grc' dir='ltr'><strong>Μὴ</strong></span> <span class='ocrx_word' id='word_1_251' title='bbox 788 3025 887 3076; x_wconf 81' lang='grc' dir='ltr'>οὐκ</span> <span class='ocrx_word' id='word_1_252' title='bbox 928 3023 1101 3094; x_wconf 78' lang='grc' dir='ltr'>ἰσχύει</span> <span class='ocrx_word' id='word_1_253' title='bbox 1141 3027 1173 3094; x_wconf 83' lang='grc' dir='ltr'>ὴ</span> <span class='ocrx_word' id='word_1_254' title='bbox 1224 3026 1345 3097; x_wconf 74' lang='grc' dir='ltr'>χεὶρ</span> <span class='ocrx_word' id='word_1_255' title='bbox 1378 3023 1581 3098; x_wconf 86' lang='grc' dir='ltr'>Κυρίου</span> <span class='ocrx_word' id='word_1_256' title='bbox 1618 3024 1712 3079; x_wconf 76' lang='grc' dir='ltr'>τοῦ</span> <span class='ocrx_word' id='word_1_257' title='bbox 1756 3023 1866 3077; x_wconf 87' lang='grc' dir='ltr'><strong>σῶ-</strong></span> 
     </span>
    </p>
   </div>
   <div class='ocr_carea' id='block_1_32' title="bbox 283 3114 1867 3190">
    <p class='ocr_par' dir='ltr' id='par_1_32' title="bbox 283 3114 1867 3190">
     <span class='ocr_line' id='line_1_32' title="bbox 283 3114 1867 3190; baseline -0.001 -19"><span class='ocrx_word' id='word_1_258' title='bbox 283 3135 406 3183; x_wconf 84' lang='grc' dir='ltr'>σαι;</span> <span class='ocrx_word' id='word_1_259' title='bbox 450 3118 486 3188; x_wconf 82' lang='grc' dir='ltr'>ἦ</span> <span class='ocrx_word' id='word_1_260' title='bbox 516 3117 621 3170; x_wconf 74' lang='grc' dir='ltr'>οὐκ</span> <span class='ocrx_word' id='word_1_261' title='bbox 660 3114 835 3186; x_wconf 73' lang='grc' dir='ltr'>ἰσχύει</span> <span class='ocrx_word' id='word_1_262' title='bbox 859 3114 953 3169; x_wconf 79' lang='grc' dir='ltr'>τοῦ</span> <span class='ocrx_word' id='word_1_263' title='bbox 983 3115 1299 3183; x_wconf 75' lang='grc' dir='ltr'>ὲξελὲσθαις</span> <span class='ocrx_word' id='word_1_264' title='bbox 1340 3117 1500 3171; x_wconf 83' lang='grc' dir='ltr'>Ἀλλὰ</span> <span class='ocrx_word' id='word_1_265' title='bbox 1519 3116 1590 3170; x_wconf 79' lang='grc' dir='ltr'>τὰ</span> <span class='ocrx_word' id='word_1_266' title='bbox 1616 3117 1867 3190; x_wconf 83' lang='grc' dir='ltr'><strong>ἁμαρτή-</strong></span> 
     </span>
    </p>
   </div>
   <div class='ocr_carea' id='block_1_33' title="bbox 1973 539 3300 614">
    <p class='ocr_par' dir='ltr' id='par_1_33' title="bbox 1973 539 3300 614">
     <span class='ocr_line' id='line_1_33' title="bbox 1973 539 3300 614; baseline 0.002 -16"><span class='ocrx_word' id='word_1_267' title='bbox 1973 541 2281 612; x_wconf 82' lang='lat' dir='ltr'><strong>Propterea,</strong></span> <span class='ocrx_word' id='word_1_268' title='bbox 2314 562 2333 596; x_wconf 80' lang='grc' dir='ltr'><strong>ι</strong></span> <span class='ocrx_word' id='word_1_269' title='bbox 2369 546 2592 614; x_wconf 72' lang='grc' dir='ltr'><strong>(μιαεεὶςί</strong></span> <span class='ocrx_word' id='word_1_270' title='bbox 2625 539 2773 614; x_wconf 80' lang='lat' dir='ltr'><strong>eum,</strong></span> <span class='ocrx_word' id='word_1_271' title='bbox 2807 554 2863 601; x_wconf 86' lang='lat' dir='ltr'><strong>et</strong></span> <span class='ocrx_word' id='word_1_272' title='bbox 2904 561 3014 601; x_wconf 86' lang='lat' dir='ltr'><strong>non</strong></span> <span class='ocrx_word' id='word_1_273' title='bbox 3049 545 3250 603; x_wconf 81' lang='lat' dir='ltr'><strong>inveni.</strong></span> <span class='ocrx_word' id='word_1_274' title='bbox 3281 566 3300 600; x_wconf 76' lang='grc' dir='ltr'><strong>ι</strong></span> 
     </span>
    </p>
   </div>
   <div class='ocr_carea' id='block_1_34' title="bbox 2042 652 3551 726">
    <p class='ocr_par' dir='ltr' id='par_1_34' title="bbox 2042 652 3551 726">
     <span class='ocr_line' id='line_1_34' title="bbox 2042 652 3551 726; baseline 0.004 -17"><span class='ocrx_word' id='word_1_275' title='bbox 2042 652 2272 710; x_wconf 81' lang='lat' dir='ltr'><strong>LXXlll.</strong></span> <span class='ocrx_word' id='word_1_276' title='bbox 2312 653 2476 710; x_wconf 75' lang='lat' dir='ltr'><strong>Vens.</strong></span> <span class='ocrx_word' id='word_1_277' title='bbox 2524 656 2579 710; x_wconf 77' lang='grc'>2.</span> <span class='ocrx_word' id='word_1_278' title='bbox 2636 654 2861 726; x_wconf 84' lang='lat' dir='ltr'><strong>Surgam</strong></span> <span class='ocrx_word' id='word_1_279' title='bbox 2910 673 3070 722; x_wconf 83' lang='lat' dir='ltr'><strong>nunc,</strong></span> <span class='ocrx_word' id='word_1_280' title='bbox 3115 666 3162 711; x_wconf 85' lang='lat' dir='ltr'><strong>et</strong></span> <span class='ocrx_word' id='word_1_281' title='bbox 3207 658 3439 714; x_wconf 84' lang='lat' dir='ltr'><strong>circuibo</strong></span> <span class='ocrx_word' id='word_1_282' title='bbox 3496 661 3551 715; x_wconf 80' lang='lat' dir='ltr'><strong>in</strong></span> 
     </span>
    </p>
   </div>
   <div class='ocr_carea' id='block_1_35' title="bbox 1973 745 3552 819">
    <p class='ocr_par' dir='ltr' id='par_1_35' title="bbox 1973 745 3552 819">
     <span class='ocr_line' id='line_1_35' title="bbox 1973 745 3552 819; baseline 0.003 -20"><span class='ocrx_word' id='word_1_283' title='bbox 1973 745 2202 813; x_wconf 84' lang='lat' dir='ltr'><strong>civitate,</strong></span> <span class='ocrx_word' id='word_1_284' title='bbox 2254 746 2310 800; x_wconf 89' lang='lat' dir='ltr'><strong>in</strong></span> <span class='ocrx_word' id='word_1_285' title='bbox 2359 745 2496 815; x_wconf 78' lang='lat' dir='ltr'><strong>[oris</strong></span> <span class='ocrx_word' id='word_1_286' title='bbox 2546 754 2593 799; x_wconf 85' lang='lat' dir='ltr'><strong>et</strong></span> <span class='ocrx_word' id='word_1_287' title='bbox 2634 746 2689 801; x_wconf 86' lang='lat' dir='ltr'><strong>in</strong></span> <span class='ocrx_word' id='word_1_288' title='bbox 2745 745 2968 816; x_wconf 76' lang='lat' dir='ltr'><strong>plateis;</strong></span> <span class='ocrx_word' id='word_1_289' title='bbox 3022 755 3070 801; x_wconf 87' lang='lat' dir='ltr'><strong>et</strong></span> <span class='ocrx_word' id='word_1_290' title='bbox 3113 763 3348 816; x_wconf 64' lang='lat' dir='ltr'><strong>quaeram</strong></span> <span class='ocrx_word' id='word_1_291' title='bbox 3399 765 3552 819; x_wconf 81' lang='lat' dir='ltr'><strong>quem</strong></span> 
     </span>
    </p>
   </div>
   <div class='ocr_carea' id='block_1_36' title="bbox 1974 839 3547 910">
    <p class='ocr_par' dir='ltr' id='par_1_36' title="bbox 1974 839 3547 910">
     <span class='ocr_line' id='line_1_36' title="bbox 1974 839 3547 910; baseline 0.002 -17"><span class='ocrx_word' id='word_1_292' title='bbox 1974 839 2154 893; x_wconf 81' lang='lat' dir='ltr'><strong>dilexit</strong></span> <span class='ocrx_word' id='word_1_293' title='bbox 2178 840 2358 893; x_wconf 82' lang='lat' dir='ltr'><strong>animo</strong></span> <span class='ocrx_word' id='word_1_294' title='bbox 2388 854 2534 904; x_wconf 87' lang='lat' dir='ltr'><strong>mea;</strong></span> <span class='ocrx_word' id='word_1_295' title='bbox 2565 840 2778 910; x_wconf 71' lang='lat' dir='ltr'><strong>quwsici</strong></span> <span class='ocrx_word' id='word_1_296' title='bbox 2809 856 2948 905; x_wconf 83' lang='lat' dir='ltr'><strong>eum,</strong></span> <span class='ocrx_word' id='word_1_297' title='bbox 2980 850 3027 895; x_wconf 88' lang='lat' dir='ltr'><strong>et</strong></span> <span class='ocrx_word' id='word_1_298' title='bbox 3061 856 3162 895; x_wconf 89' lang='lat' dir='ltr'><strong>non</strong></span> <span class='ocrx_word' id='word_1_299' title='bbox 3198 842 3370 896; x_wconf 77' lang='lat' dir='ltr'><strong>inueni</strong></span> <span class='ocrx_word' id='word_1_300' title='bbox 3404 859 3547 896; x_wconf 85' lang='lat' dir='ltr'><strong>eum.</strong></span> 
     </span>
    </p>
   </div>
   <div class='ocr_carea' id='block_1_37' title="bbox 2046 1012 3551 1084">
    <p class='ocr_par' dir='ltr' id='par_1_37' title="bbox 2046 1012 3551 1084">
     <span class='ocr_line' id='line_1_37' title="bbox 2046 1012 3551 1084; baseline 0.004 -17"><span class='ocrx_word' id='word_1_301' title='bbox 2046 1012 2125 1069; x_wconf 86' lang='lat' dir='ltr'><strong>Ne</strong></span> <span class='ocrx_word' id='word_1_302' title='bbox 2151 1027 2295 1067; x_wconf 89' lang='lat' dir='ltr'><strong>nunc</strong></span> <span class='ocrx_word' id='word_1_303' title='bbox 2351 1013 2566 1084; x_wconf 82' lang='lat' dir='ltr'><strong>quidem</strong></span> <span class='ocrx_word' id='word_1_304' title='bbox 2600 1014 2675 1068; x_wconf 90' lang='lat' dir='ltr'><strong>ait</strong></span> <span class='ocrx_word' id='word_1_305' title='bbox 2707 1029 2767 1070; x_wconf 89' lang='lat' dir='ltr'><strong>se</strong></span> <span class='ocrx_word' id='word_1_306' title='bbox 2806 1015 2955 1070; x_wconf 91' lang='lat' dir='ltr'><strong>illum</strong></span> <span class='ocrx_word' id='word_1_307' title='bbox 3005 1015 3303 1079; x_wconf 88' lang='lat' dir='ltr'><strong>invenisse,</strong></span> <span class='ocrx_word' id='word_1_308' title='bbox 3335 1026 3551 1073; x_wconf 75' lang='lat' dir='ltr'><strong>etiamst</strong></span> 
     </span>
    </p>
   </div>
   <div class='ocr_carea' id='block_1_38' title="bbox 1976 1106 3552 1178">
    <p class='ocr_par' dir='ltr' id='par_1_38' title="bbox 1976 1106 3552 1178">
     <span class='ocr_line' id='line_1_38' title="bbox 1976 1106 3552 1178; baseline 0.003 -18"><span class='ocrx_word' id='word_1_309' title='bbox 1976 1106 2361 1172; x_wconf 77' lang='lat' dir='ltr'><strong>exsurrexerit,</strong></span> <span class='ocrx_word' id='word_1_310' title='bbox 2416 1116 2475 1161; x_wconf 87' lang='lat' dir='ltr'><strong>ut</strong></span> <span class='ocrx_word' id='word_1_311' title='bbox 2501 1107 2580 1168; x_wconf 89' lang='lat' dir='ltr'><strong>jta</strong></span> <span class='ocrx_word' id='word_1_312' title='bbox 2611 1108 2814 1173; x_wconf 87' lang='lat' dir='ltr'><strong>dicam,</strong></span> <span class='ocrx_word' id='word_1_313' title='bbox 2852 1119 2906 1163; x_wconf 91' lang='lat' dir='ltr'><strong>et</strong></span> <span class='ocrx_word' id='word_1_314' title='bbox 2935 1122 3033 1178; x_wconf 89' lang='lat' dir='ltr'><strong>per</strong></span> <span class='ocrx_word' id='word_1_315' title='bbox 3072 1110 3437 1177; x_wconf 87' lang='lat' dir='ltr'><strong>precationem</strong></span> <span class='ocrx_word' id='word_1_316' title='bbox 3483 1110 3552 1164; x_wconf 83' lang='lat' dir='ltr'><strong>ad</strong></span> 
     </span>
    </p>
   </div>
   <div class='ocr_carea' id='block_1_39' title="bbox 1976 1194 3554 1265">
    <p class='ocr_par' dir='ltr' id='par_1_39' title="bbox 1976 1194 3554 1265">
     <span class='ocr_line' id='line_1_39' title="bbox 1976 1194 3554 1265; baseline 0.003 -16"><span class='ocrx_word' id='word_1_317' title='bbox 1976 1196 2149 1265; x_wconf 90' lang='lat' dir='ltr'><strong>ipsum</strong></span> <span class='ocrx_word' id='word_1_318' title='bbox 2179 1194 2416 1265; x_wconf 79' lang='lat' dir='ltr'><strong>profecta</strong></span> <span class='ocrx_word' id='word_1_319' title='bbox 2454 1196 2544 1252; x_wconf 91' lang='lat' dir='ltr'><strong>sit.</strong></span> <span class='ocrx_word' id='word_1_320' title='bbox 2597 1196 2706 1251; x_wconf 87' lang='lat' dir='ltr'><strong>Cur</strong></span> <span class='ocrx_word' id='word_1_321' title='bbox 2734 1206 2915 1253; x_wconf 86' lang='lat' dir='ltr'><strong>autem</strong></span> <span class='ocrx_word' id='word_1_322' title='bbox 2970 1213 3161 1253; x_wconf 87' lang='lat' dir='ltr'><strong>rursus</strong></span> <span class='ocrx_word' id='word_1_323' title='bbox 3183 1213 3307 1253; x_wconf 87' lang='lat' dir='ltr'><strong>eum</strong></span> <span class='ocrx_word' id='word_1_324' title='bbox 3338 1214 3442 1254; x_wconf 92' lang='lat' dir='ltr'><strong>non</strong></span> <span class='ocrx_word' id='word_1_325' title='bbox 3476 1201 3554 1254; x_wconf 85' lang='lat' dir='ltr'><strong>in-</strong></span> 
     </span>
    </p>
   </div>
   <div class='ocr_carea' id='block_1_40' title="bbox 1976 1287 3553 1353">
    <p class='ocr_par' dir='ltr' id='par_1_40' title="bbox 1976 1287 3553 1353">
     <span class='ocr_line' id='line_1_40' title="bbox 1976 1287 3553 1353; baseline 0.003 -13"><span class='ocrx_word' id='word_1_326' title='bbox 1976 1287 2208 1353; x_wconf 78' lang='lat' dir='ltr'><strong>venerit,</strong></span> <span class='ocrx_word' id='word_1_327' title='bbox 2241 1302 2460 1342; x_wconf 85' lang='lat' dir='ltr'><strong>causam</strong></span> <span class='ocrx_word' id='word_1_328' title='bbox 2501 1290 2736 1343; x_wconf 85' lang='lat' dir='ltr'><strong>ostendit</strong></span> <span class='ocrx_word' id='word_1_329' title='bbox 2769 1289 2819 1343; x_wconf 92' lang='lat' dir='ltr'><strong>in</strong></span> <span class='ocrx_word' id='word_1_330' title='bbox 2870 1289 3061 1344; x_wconf 90' lang='lat' dir='ltr'><strong>iisdem</strong></span> <span class='ocrx_word' id='word_1_331' title='bbox 3101 1290 3322 1347; x_wconf 84' lang='lat' dir='ltr'><strong>verbis:</strong></span> <span class='ocrx_word' id='word_1_332' title='bbox 3360 1309 3380 1344; x_wconf 78' lang='grc' dir='ltr'><strong>ι</strong></span> <span class='ocrx_word' id='word_1_333' title='bbox 3417 1291 3553 1346; x_wconf 84' lang='lat' dir='ltr'><strong>Sur-</strong></span> 
     </span>
    </p>
   </div>
   <div class='ocr_carea' id='block_1_41' title="bbox 1975 1379 3551 1447">
    <p class='ocr_par' dir='ltr' id='par_1_41' title="bbox 1975 1379 3551 1447">
     <span class='ocr_line' id='line_1_41' title="bbox 1975 1379 3551 1447; baseline 0.005 -18"><span class='ocrx_word' id='word_1_334' title='bbox 1975 1393 2118 1447; x_wconf 81' lang='lat' dir='ltr'><strong>gam,</strong></span> <span class='ocrx_word' id='word_1_335' title='bbox 2165 1396 2185 1430; x_wconf 76' lang='grc' dir='ltr'><strong>ι</strong></span> <span class='ocrx_word' id='word_1_336' title='bbox 2214 1379 2312 1445; x_wconf 87' lang='lat' dir='ltr'><strong>ait,</strong></span> <span class='ocrx_word' id='word_1_337' title='bbox 2340 1396 2360 1430; x_wconf 76' lang='grc' dir='ltr'><strong>ι</strong></span> <span class='ocrx_word' id='word_1_338' title='bbox 2399 1386 2454 1434; x_wconf 88' lang='lat' dir='ltr'><strong>et</strong></span> <span class='ocrx_word' id='word_1_339' title='bbox 2491 1379 2731 1436; x_wconf 91' lang='lat' dir='ltr'><strong>circuibo</strong></span> <span class='ocrx_word' id='word_1_340' title='bbox 2762 1380 2816 1436; x_wconf 92' lang='lat' dir='ltr'><strong>in</strong></span> <span class='ocrx_word' id='word_1_341' title='bbox 2853 1381 3095 1446; x_wconf 85' lang='lat' dir='ltr'><strong>civitate,</strong></span> <span class='ocrx_word' id='word_1_342' title='bbox 3143 1381 3195 1437; x_wconf 83' lang='lat' dir='ltr'><strong>in</strong></span> <span class='ocrx_word' id='word_1_343' title='bbox 3254 1381 3386 1438; x_wconf 82' lang='lat' dir='ltr'><strong>foris</strong></span> <span class='ocrx_word' id='word_1_344' title='bbox 3417 1391 3473 1436; x_wconf 90' lang='lat' dir='ltr'><strong>et</strong></span> <span class='ocrx_word' id='word_1_345' title='bbox 3496 1383 3551 1437; x_wconf 87' lang='lat' dir='ltr'><strong>in</strong></span> 
     </span>
    </p>
   </div>
   <div class='ocr_carea' id='block_1_42' title="bbox 1976 1468 3551 1542">
    <p class='ocr_par' dir='ltr' id='par_1_42' title="bbox 1976 1468 3551 1542">
     <span class='ocr_line' id='line_1_42' title="bbox 1976 1468 3551 1542; baseline 0.005 -23"><span class='ocrx_word' id='word_1_346' title='bbox 1976 1468 2199 1538; x_wconf 81' lang='lat' dir='ltr'><strong>plateis;</strong></span> <span class='ocrx_word' id='word_1_347' title='bbox 2238 1485 2255 1519; x_wconf 78' lang='grc' dir='ltr'><strong>ι</strong></span> <span class='ocrx_word' id='word_1_348' title='bbox 2296 1468 2348 1523; x_wconf 87' lang='lat' dir='ltr'><strong>id</strong></span> <span class='ocrx_word' id='word_1_349' title='bbox 2390 1478 2493 1533; x_wconf 90' lang='lat' dir='ltr'><strong>est,</strong></span> <span class='ocrx_word' id='word_1_350' title='bbox 2527 1470 2668 1525; x_wconf 88' lang='lat' dir='ltr'><strong>inter</strong></span> <span class='ocrx_word' id='word_1_351' title='bbox 2700 1470 2885 1525; x_wconf 83' lang='lat' dir='ltr'><strong>mundi</strong></span> <span class='ocrx_word' id='word_1_352' title='bbox 2925 1472 3160 1542; x_wconf 81' lang='lat' dir='ltr'><strong>negotia,</strong></span> <span class='ocrx_word' id='word_1_353' title='bbox 3190 1479 3245 1527; x_wconf 91' lang='lat' dir='ltr'><strong>et</strong></span> <span class='ocrx_word' id='word_1_354' title='bbox 3279 1473 3332 1527; x_wconf 90' lang='lat' dir='ltr'><strong>in</strong></span> <span class='ocrx_word' id='word_1_355' title='bbox 3372 1473 3551 1540; x_wconf 80' lang='lat' dir='ltr'><strong>platea</strong></span> 
     </span>
    </p>
   </div>
   <div class='ocr_carea' id='block_1_43' title="bbox 1975 1560 3551 1631">
    <p class='ocr_par' dir='ltr' id='par_1_43' title="bbox 1975 1560 3551 1631">
     <span class='ocr_line' id='line_1_43' title="bbox 1975 1560 3551 1631; baseline 0.004 -20"><span class='ocrx_word' id='word_1_356' title='bbox 1975 1576 2093 1630; x_wconf 70' lang='lat' dir='ltr'><strong>quae</strong></span> <span class='ocrx_word' id='word_1_357' title='bbox 2119 1560 2270 1616; x_wconf 86' lang='lat' dir='ltr'><strong>ducit</strong></span> <span class='ocrx_word' id='word_1_358' title='bbox 2306 1561 2374 1617; x_wconf 89' lang='lat' dir='ltr'><strong>ad</strong></span> <span class='ocrx_word' id='word_1_359' title='bbox 2409 1561 2787 1631; x_wconf 89' lang='lat' dir='ltr'><strong>perditionem.</strong></span> <span class='ocrx_word' id='word_1_360' title='bbox 2822 1561 3116 1631; x_wconf 82' lang='lat' dir='ltr'><strong>Propterea</strong></span> <span class='ocrx_word' id='word_1_361' title='bbox 3147 1563 3298 1629; x_wconf 87' lang='lat' dir='ltr'><strong>dicit,</strong></span> <span class='ocrx_word' id='word_1_362' title='bbox 3329 1577 3388 1618; x_wconf 86' lang='lat' dir='ltr'><strong>se</strong></span> <span class='ocrx_word' id='word_1_363' title='bbox 3427 1577 3551 1619; x_wconf 90' lang='lat' dir='ltr'><strong>eum</strong></span> 
     </span>
    </p>
   </div>
   <div class='ocr_carea' id='block_1_44' title="bbox 1976 1652 3551 1723">
    <p class='ocr_par' dir='ltr' id='par_1_44' title="bbox 1976 1652 3551 1723">
     <span class='ocr_line' id='line_1_44' title="bbox 1976 1652 3551 1723; baseline 0.003 -18"><span class='ocrx_word' id='word_1_364' title='bbox 1976 1667 2082 1705; x_wconf 87' lang='lat' dir='ltr'><strong>non</strong></span> <span class='ocrx_word' id='word_1_365' title='bbox 2116 1652 2388 1708; x_wconf 90' lang='lat' dir='ltr'><strong>invenisse</strong></span> <span class='ocrx_word' id='word_1_366' title='bbox 2418 1671 2431 1707; x_wconf 90' lang='lat'><strong>:</strong></span> <span class='ocrx_word' id='word_1_367' title='bbox 2471 1670 2490 1704; x_wconf 75' lang='grc' dir='ltr'><strong>ι</strong></span> <span class='ocrx_word' id='word_1_368' title='bbox 2527 1653 2768 1723; x_wconf 78' lang='lat' dir='ltr'><strong>Angusta</strong></span> <span class='ocrx_word' id='word_1_369' title='bbox 2801 1653 2946 1708; x_wconf 88' lang='lat' dir='ltr'><strong>enim</strong></span> <span class='ocrx_word' id='word_1_370' title='bbox 2984 1663 3159 1719; x_wconf 80' lang='lat' dir='ltr'><strong>porta.</strong></span> <span class='ocrx_word' id='word_1_371' title='bbox 3203 1663 3259 1709; x_wconf 89' lang='lat' dir='ltr'><strong>et</strong></span> <span class='ocrx_word' id='word_1_372' title='bbox 3293 1663 3443 1711; x_wconf 84' lang='lat' dir='ltr'><strong>arcta</strong></span> <span class='ocrx_word' id='word_1_373' title='bbox 3466 1654 3551 1709; x_wconf 85' lang='lat' dir='ltr'><strong>via</strong></span> 
     </span>
    </p>
   </div>
   <div class='ocr_carea' id='block_1_45' title="bbox 1975 1739 2706 1813">
    <p class='ocr_par' dir='ltr' id='par_1_45' title="bbox 1975 1739 2706 1813">
     <span class='ocr_line' id='line_1_45' title="bbox 1975 1739 2706 1813; baseline 0.001 -19"><span class='ocrx_word' id='word_1_374' title='bbox 1975 1739 2096 1813; x_wconf 74' lang='lat' dir='ltr'><strong>quae</strong></span> <span class='ocrx_word' id='word_1_375' title='bbox 2128 1742 2276 1798; x_wconf 86' lang='lat' dir='ltr'><strong>ducit</strong></span> <span class='ocrx_word' id='word_1_376' title='bbox 2305 1741 2371 1798; x_wconf 84' lang='lat' dir='ltr'><strong>ad</strong></span> <span class='ocrx_word' id='word_1_377' title='bbox 2396 1742 2564 1799; x_wconf 85' lang='lat' dir='ltr'><strong>vitam</strong></span> <span class='ocrx_word' id='word_1_378' title='bbox 2590 1742 2656 1797; x_wconf 77' lang='lat'><strong>“.</strong></span> <span class='ocrx_word' id='word_1_379' title='bbox 2687 1761 2706 1795; x_wconf 77' lang='grc' dir='ltr'><strong>ι</strong></span> 
     </span>
    </p>
   </div>
   <div class='ocr_carea' id='block_1_46' title="bbox 2041 1916 3548 1993">
    <p class='ocr_par' dir='ltr' id='par_1_46' title="bbox 2041 1916 3548 1993">
     <span class='ocr_line' id='line_1_46' title="bbox 2041 1916 3548 1993; baseline 0.001 -18"><span class='ocrx_word' id='word_1_380' title='bbox 2041 1916 2277 1978; x_wconf 70' lang='lat' dir='ltr'><strong>LXXIV.</strong></span> <span class='ocrx_word' id='word_1_381' title='bbox 2320 1918 2488 1977; x_wconf 73' lang='lat' dir='ltr'><strong>Vens.</strong></span> <span class='ocrx_word' id='word_1_382' title='bbox 2524 1920 2578 1975; x_wconf 82' lang='lat'><strong>&#39;5.</strong></span> <span class='ocrx_word' id='word_1_383' title='bbox 2635 1918 2952 1974; x_wconf 79' lang='lat' dir='ltr'><strong>Invenerunt</strong></span> <span class='ocrx_word' id='word_1_384' title='bbox 3001 1937 3083 1975; x_wconf 83' lang='lat' dir='ltr'><strong>me</strong></span> <span class='ocrx_word' id='word_1_385' title='bbox 3103 1922 3195 1993; x_wconf 82' lang='lat' dir='ltr'><strong>qui</strong></span> <span class='ocrx_word' id='word_1_386' title='bbox 3224 1923 3548 1988; x_wconf 77' lang='lat' dir='ltr'><strong>custodiunt,</strong></span> 
     </span>
    </p>
   </div>
   <div class='ocr_carea' id='block_1_47' title="bbox 1971 2008 3551 2085">
    <p class='ocr_par' dir='ltr' id='par_1_47' title="bbox 1971 2008 3551 2085">
     <span class='ocr_line' id='line_1_47' title="bbox 1971 2008 3551 2085; baseline 0.002 -21"><span class='ocrx_word' id='word_1_387' title='bbox 1971 2014 2060 2085; x_wconf 85' lang='lat' dir='ltr'><strong>qui</strong></span> <span class='ocrx_word' id='word_1_388' title='bbox 2090 2013 2409 2065; x_wconf 78' lang='lat' dir='ltr'><strong>circumeunt</strong></span> <span class='ocrx_word' id='word_1_389' title='bbox 2452 2014 2509 2064; x_wconf 74' lang='lat' dir='ltr'><strong>tu</strong></span> <span class='ocrx_word' id='word_1_390' title='bbox 2547 2010 2757 2064; x_wconf 83' lang='lat' dir='ltr'><strong>ciuitate</strong></span> <span class='ocrx_word' id='word_1_391' title='bbox 2789 2024 2811 2066; x_wconf 91' lang='lat'><strong><em>:</em></strong></span> <span class='ocrx_word' id='word_1_392' title='bbox 2859 2008 3115 2080; x_wconf 75' lang='lat' dir='ltr'><strong>Nunquid</strong></span> <span class='ocrx_word' id='word_1_393' title='bbox 3158 2028 3317 2082; x_wconf 75' lang='lat' dir='ltr'><strong>quem</strong></span> <span class='ocrx_word' id='word_1_394' title='bbox 3360 2011 3551 2067; x_wconf 66' lang='lat' dir='ltr'><strong>diluit</strong></span> 
     </span>
    </p>
   </div>
   <div class='ocr_carea' id='block_1_48' title="bbox 1971 2100 2564 2157">
    <p class='ocr_par' dir='ltr' id='par_1_48' title="bbox 1971 2100 2564 2157">
     <span class='ocr_line' id='line_1_48' title="bbox 1971 2100 2564 2157; baseline 0 -1"><span class='ocrx_word' id='word_1_395' title='bbox 1971 2102 2150 2157; x_wconf 80' lang='lat' dir='ltr'><strong>anima</strong></span> <span class='ocrx_word' id='word_1_396' title='bbox 2181 2116 2298 2155; x_wconf 79' lang='lat' dir='ltr'><strong>mea</strong></span> <span class='ocrx_word' id='word_1_397' title='bbox 2318 2100 2564 2156; x_wconf 76' lang='lat' dir='ltr'><strong>vidistis?</strong></span> 
     </span>
    </p>
   </div>
   <div class='ocr_carea' id='block_1_49' title="bbox 2038 2189 3552 2263">
    <p class='ocr_par' dir='ltr' id='par_1_49' title="bbox 2038 2189 3552 2263">
     <span class='ocr_line' id='line_1_49' title="bbox 2038 2189 3552 2263; baseline -0.001 -15"><span class='ocrx_word' id='word_1_398' title='bbox 2038 2191 2304 2248; x_wconf 83' lang='lat' dir='ltr'><strong>Custodes</strong></span> <span class='ocrx_word' id='word_1_399' title='bbox 2341 2199 2395 2247; x_wconf 89' lang='lat' dir='ltr'><strong>et</strong></span> <span class='ocrx_word' id='word_1_400' title='bbox 2434 2192 2837 2246; x_wconf 79' lang='lat' dir='ltr'><strong>circumeuntes</strong></span> <span class='ocrx_word' id='word_1_401' title='bbox 2881 2189 2936 2244; x_wconf 90' lang='lat' dir='ltr'><strong>in</strong></span> <span class='ocrx_word' id='word_1_402' title='bbox 2972 2191 3194 2246; x_wconf 85' lang='lat' dir='ltr'><strong>civitate</strong></span> <span class='ocrx_word' id='word_1_403' title='bbox 3236 2191 3410 2263; x_wconf 77' lang='lat' dir='ltr'><strong>iustos</strong></span> <span class='ocrx_word' id='word_1_404' title='bbox 3455 2207 3552 2247; x_wconf 84' lang='lat' dir='ltr'><strong>vo-</strong></span> 
     </span>
    </p>
   </div>
   <div class='ocr_carea' id='block_1_50' title="bbox 1970 2283 3550 2355">
    <p class='ocr_par' dir='ltr' id='par_1_50' title="bbox 1970 2283 3550 2355">
     <span class='ocr_line' id='line_1_50' title="bbox 1970 2283 3550 2355; baseline -0.002 -13"><span class='ocrx_word' id='word_1_405' title='bbox 1970 2293 2095 2351; x_wconf 85' lang='lat' dir='ltr'><strong>cat,</strong></span> <span class='ocrx_word' id='word_1_406' title='bbox 2138 2284 2231 2355; x_wconf 86' lang='lat' dir='ltr'><strong>qui</strong></span> <span class='ocrx_word' id='word_1_407' title='bbox 2291 2283 2544 2339; x_wconf 84' lang='lat' dir='ltr'><strong>mandata</strong></span> <span class='ocrx_word' id='word_1_408' title='bbox 2578 2283 2935 2350; x_wconf 85' lang='lat' dir='ltr'><strong>custodiunt,</strong></span> <span class='ocrx_word' id='word_1_409' title='bbox 2985 2294 3203 2340; x_wconf 89' lang='lat' dir='ltr'><strong>sanctos</strong></span> <span class='ocrx_word' id='word_1_410' title='bbox 3256 2285 3550 2355; x_wconf 86' lang='lat' dir='ltr'><strong>pr0phetas</strong></span> 
     </span>
    </p>
   </div>
   <div class='ocr_carea' id='block_1_51' title="bbox 1968 2372 3548 2445">
    <p class='ocr_par' dir='ltr' id='par_1_51' title="bbox 1968 2372 3548 2445">
     <span class='ocr_line' id='line_1_51' title="bbox 1968 2372 3548 2445; baseline -0.001 -15"><span class='ocrx_word' id='word_1_411' title='bbox 1968 2384 2025 2430; x_wconf 92' lang='lat' dir='ltr'><strong>et</strong></span> <span class='ocrx_word' id='word_1_412' title='bbox 2087 2373 2363 2445; x_wconf 86' lang='lat' dir='ltr'><strong>apostolos</strong></span> <span class='ocrx_word' id='word_1_413' title='bbox 2410 2375 2464 2429; x_wconf 94' lang='lat' dir='ltr'><strong>in</strong></span> <span class='ocrx_word' id='word_1_414' title='bbox 2516 2372 2759 2429; x_wconf 83' lang='lat' dir='ltr'><strong>Ecclesia</strong></span> <span class='ocrx_word' id='word_1_415' title='bbox 2822 2373 3241 2429; x_wconf 87' lang='lat' dir='ltr'><strong>circumeuntes.</strong></span> <span class='ocrx_word' id='word_1_416' title='bbox 3303 2374 3548 2443; x_wconf 72' lang='lat' dir='ltr'><strong>Exempli</strong></span> 
     </span>
    </p>
   </div>
   <div class='ocr_carea' id='block_1_52' title="bbox 1970 2462 3545 2536">
    <p class='ocr_par' dir='ltr' id='par_1_52' title="bbox 1970 2462 3545 2536">
     <span class='ocr_line' id='line_1_52' title="bbox 1970 2462 3545 2536; baseline 0.001 -19"><span class='ocrx_word' id='word_1_417' title='bbox 1970 2463 2166 2536; x_wconf 69' lang='lat' dir='ltr'><strong>gratia,</strong></span> <span class='ocrx_word' id='word_1_418' title='bbox 2198 2478 2320 2519; x_wconf 85' lang='lat' dir='ltr'><strong>cum</strong></span> <span class='ocrx_word' id='word_1_419' title='bbox 2352 2463 2829 2533; x_wconf 81' lang='lat' dir='ltr'><strong>pecoatorjustum</strong></span> <span class='ocrx_word' id='word_1_420' title='bbox 2859 2462 3169 2531; x_wconf 87' lang='lat' dir='ltr'><strong>alloquitur,</strong></span> <span class='ocrx_word' id='word_1_421' title='bbox 3195 2463 3354 2532; x_wconf 83' lang='lat' dir='ltr'><strong>eique</strong></span> <span class='ocrx_word' id='word_1_422' title='bbox 3379 2464 3545 2519; x_wconf 86' lang='lat' dir='ltr'><strong>dicit:</strong></span> 
     </span>
    </p>
   </div>
   <div class='ocr_carea' id='block_1_53' title="bbox 1956 2553 3547 2622">
    <p class='ocr_par' dir='ltr' id='par_1_53' title="bbox 1956 2553 3547 2622">
     <span class='ocr_line' id='line_1_53' title="bbox 1956 2553 3547 2622; baseline 0.002 -15"><span class='ocrx_word' id='word_1_423' title='bbox 1956 2556 2151 2622; x_wconf 80' lang='lat' dir='ltr'><strong>Quare</strong></span> <span class='ocrx_word' id='word_1_424' title='bbox 2182 2570 2286 2609; x_wconf 91' lang='lat' dir='ltr'><strong>non</strong></span> <span class='ocrx_word' id='word_1_425' title='bbox 2325 2553 2546 2608; x_wconf 76' lang='lat' dir='ltr'><strong>exaudit</strong></span> <span class='ocrx_word' id='word_1_426' title='bbox 2580 2567 2667 2608; x_wconf 87' lang='lat' dir='ltr'><strong>me</strong></span> <span class='ocrx_word' id='word_1_427' title='bbox 2699 2553 2978 2617; x_wconf 88' lang='lat' dir='ltr'><strong>Dominus,</strong></span> <span class='ocrx_word' id='word_1_428' title='bbox 3009 2553 3111 2607; x_wconf 88' lang='lat' dir='ltr'><strong>etsi</strong></span> <span class='ocrx_word' id='word_1_429' title='bbox 3145 2568 3356 2608; x_wconf 89' lang='lat' dir='ltr'><strong>summo</strong></span> <span class='ocrx_word' id='word_1_430' title='bbox 3391 2569 3547 2611; x_wconf 86' lang='lat' dir='ltr'><strong>mane</strong></span> 
     </span>
    </p>
   </div>
   <div class='ocr_carea' id='block_1_54' title="bbox 1970 2642 3538 2713">
    <p class='ocr_par' dir='ltr' id='par_1_54' title="bbox 1970 2642 3538 2713">
     <span class='ocr_line' id='line_1_54' title="bbox 1970 2642 3538 2713; baseline -0.002 -12"><span class='ocrx_word' id='word_1_431' title='bbox 1970 2647 2037 2701; x_wconf 88' lang='lat' dir='ltr'><strong>ad</strong></span> <span class='ocrx_word' id='word_1_432' title='bbox 2088 2645 2375 2702; x_wconf 87' lang='lat' dir='ltr'><strong>ecclesiam</strong></span> <span class='ocrx_word' id='word_1_433' title='bbox 2431 2658 2516 2699; x_wconf 86' lang='lat' dir='ltr'><strong>me</strong></span> <span class='ocrx_word' id='word_1_434' title='bbox 2566 2642 2810 2710; x_wconf 82' lang='lat' dir='ltr'><strong>confero,</strong></span> <span class='ocrx_word' id='word_1_435' title='bbox 2849 2651 2904 2698; x_wconf 89' lang='lat' dir='ltr'><strong>et</strong></span> <span class='ocrx_word' id='word_1_436' title='bbox 2956 2643 3283 2713; x_wconf 88' lang='lat' dir='ltr'><strong>pauperibus</strong></span> <span class='ocrx_word' id='word_1_437' title='bbox 3338 2645 3538 2701; x_wconf 87' lang='lat' dir='ltr'><strong>miseri-</strong></span> 
     </span>
    </p>
   </div>
   <div class='ocr_carea' id='block_1_55' title="bbox 1971 2733 3547 2802">
    <p class='ocr_par' dir='ltr' id='par_1_55' title="bbox 1971 2733 3547 2802">
     <span class='ocr_line' id='line_1_55' title="bbox 1971 2733 3547 2802; baseline -0.001 -10"><span class='ocrx_word' id='word_1_438' title='bbox 1971 2738 2210 2793; x_wconf 87' lang='lat' dir='ltr'><strong>cordiam</strong></span> <span class='ocrx_word' id='word_1_439' title='bbox 2244 2734 2518 2791; x_wconf 77' lang='lat' dir='ltr'><strong>adhibet)?</strong></span> <span class='ocrx_word' id='word_1_440' title='bbox 2554 2735 2632 2792; x_wconf 83' lang='lat' dir='ltr'><strong>Ac</strong></span> <span class='ocrx_word' id='word_1_441' title='bbox 2669 2735 2715 2791; x_wconf 89' lang='lat' dir='ltr'><strong>si</strong></span> <span class='ocrx_word' id='word_1_442' title='bbox 2755 2734 3018 2789; x_wconf 89' lang='lat' dir='ltr'><strong>tantillum</strong></span> <span class='ocrx_word' id='word_1_443' title='bbox 3052 2734 3179 2789; x_wconf 82' lang='lat' dir='ltr'><strong>boni</strong></span> <span class='ocrx_word' id='word_1_444' title='bbox 3227 2733 3435 2802; x_wconf 80' lang='lat' dir='ltr'><strong>fecerit,</strong></span> <span class='ocrx_word' id='word_1_445' title='bbox 3480 2738 3547 2791; x_wconf 88' lang='lat' dir='ltr'><strong>ad</strong></span> 
     </span>
    </p>
   </div>
   <div class='ocr_carea' id='block_1_56' title="bbox 1969 2825 3545 2897">
    <p class='ocr_par' dir='ltr' id='par_1_56' title="bbox 1969 2825 3545 2897">
     <span class='ocr_line' id='line_1_56' title="bbox 1969 2825 3545 2897; baseline 0 -15"><span class='ocrx_word' id='word_1_446' title='bbox 1969 2828 2098 2884; x_wconf 90' lang='lat' dir='ltr'><strong>illud</strong></span> <span class='ocrx_word' id='word_1_447' title='bbox 2133 2827 2377 2897; x_wconf 83' lang='lat' dir='ltr'><strong>respicit,</strong></span> <span class='ocrx_word' id='word_1_448' title='bbox 2421 2834 2476 2881; x_wconf 91' lang='lat' dir='ltr'><strong>et</strong></span> <span class='ocrx_word' id='word_1_449' title='bbox 2522 2840 2580 2880; x_wconf 90' lang='lat' dir='ltr'><strong>se</strong></span> <span class='ocrx_word' id='word_1_450' title='bbox 2614 2834 2962 2896; x_wconf 87' lang='lat' dir='ltr'><strong>peccatorum</strong></span> <span class='ocrx_word' id='word_1_451' title='bbox 3006 2825 3406 2882; x_wconf 87' lang='lat' dir='ltr'><strong>multttudinem</strong></span> <span class='ocrx_word' id='word_1_452' title='bbox 3439 2843 3545 2884; x_wconf 90' lang='lat' dir='ltr'><strong>non</strong></span> 
     </span>
    </p>
   </div>
   <div class='ocr_carea' id='block_1_57' title="bbox 1968 2917 3545 2990">
    <p class='ocr_par' dir='ltr' id='par_1_57' title="bbox 1968 2917 3545 2990">
     <span class='ocr_line' id='line_1_57' title="bbox 1968 2917 3545 2990; baseline -0.001 -13"><span class='ocrx_word' id='word_1_453' title='bbox 1968 2924 2152 2978; x_wconf 88' lang='lat' dir='ltr'><strong>videre</strong></span> <span class='ocrx_word' id='word_1_454' title='bbox 2208 2919 2445 2976; x_wconf 87' lang='lat' dir='ltr'><strong>simulat.</strong></span> <span class='ocrx_word' id='word_1_455' title='bbox 2496 2917 2787 2989; x_wconf 84' lang='lat' dir='ltr'><strong>Propterea</strong></span> <span class='ocrx_word' id='word_1_456' title='bbox 2839 2917 3005 2973; x_wconf 85' lang='lat' dir='ltr'><strong>Isaias</strong></span> <span class='ocrx_word' id='word_1_457' title='bbox 3048 2917 3125 2972; x_wconf 90' lang='lat' dir='ltr'><strong>ait</strong></span> <span class='ocrx_word' id='word_1_458' title='bbox 3168 2936 3183 2975; x_wconf 74' lang='grc' dir='ltr'>ε</span> <span class='ocrx_word' id='word_1_459' title='bbox 3230 2937 3250 2972; x_wconf 84' lang='grc'><strong><em>‹</em></strong></span> <span class='ocrx_word' id='word_1_460' title='bbox 3298 2918 3545 2990; x_wconf 83' lang='lat' dir='ltr'><strong>Nunquid</strong></span> 
     </span>
    </p>
   </div>
   <div class='ocr_carea' id='block_1_58' title="bbox 1967 3010 3545 3083">
    <p class='ocr_par' dir='ltr' id='par_1_58' title="bbox 1967 3010 3545 3083">
     <span class='ocr_line' id='line_1_58' title="bbox 1967 3010 3545 3083; baseline -0.003 -11"><span class='ocrx_word' id='word_1_461' title='bbox 1967 3032 2073 3072; x_wconf 86' lang='lat' dir='ltr'><strong>non</strong></span> <span class='ocrx_word' id='word_1_462' title='bbox 2123 3013 2271 3070; x_wconf 85' lang='lat' dir='ltr'><strong>valet</strong></span> <span class='ocrx_word' id='word_1_463' title='bbox 2341 3027 2535 3068; x_wconf 83' lang='lat' dir='ltr'><strong>manus</strong></span> <span class='ocrx_word' id='word_1_464' title='bbox 2585 3010 2802 3067; x_wconf 86' lang='lat' dir='ltr'><strong>Domini</strong></span> <span class='ocrx_word' id='word_1_465' title='bbox 2856 3011 3105 3067; x_wconf 84' lang='lat' dir='ltr'><strong>salvare?</strong></span> <span class='ocrx_word' id='word_1_466' title='bbox 3148 3013 3392 3083; x_wconf 91' lang='lat' dir='ltr'><strong>nunquid</strong></span> <span class='ocrx_word' id='word_1_467' title='bbox 3440 3029 3545 3071; x_wconf 88' lang='lat' dir='ltr'><strong>non</strong></span> 
     </span>
    </p>
   </div>
   <div class='ocr_carea' id='block_1_59' title="bbox 1966 3104 3543 3177">
    <p class='ocr_par' dir='ltr' id='par_1_59' title="bbox 1966 3104 3543 3177">
     <span class='ocr_line' id='line_1_59' title="bbox 1966 3104 3543 3177; baseline 0.001 -16"><span class='ocrx_word' id='word_1_468' title='bbox 1966 3105 2408 3177; x_wconf 87' lang='lat' dir='ltr'><strong>potesteripere?</strong></span> <span class='ocrx_word' id='word_1_469' title='bbox 2429 3104 2532 3158; x_wconf 85' lang='lat' dir='ltr'><strong>Sed</strong></span> <span class='ocrx_word' id='word_1_470' title='bbox 2557 3114 2777 3170; x_wconf 86' lang='lat' dir='ltr'><strong>peccata</strong></span> <span class='ocrx_word' id='word_1_471' title='bbox 2805 3111 2981 3156; x_wconf 89' lang='lat' dir='ltr'><strong>vestra</strong></span> <span class='ocrx_word' id='word_1_472' title='bbox 3007 3112 3263 3171; x_wconf 84' lang='lat' dir='ltr'><strong>separant</strong></span> <span class='ocrx_word' id='word_1_473' title='bbox 3287 3105 3428 3158; x_wconf 90' lang='lat' dir='ltr'><strong>inter</strong></span> <span class='ocrx_word' id='word_1_474' title='bbox 3450 3120 3543 3163; x_wconf 86' lang='lat' dir='ltr'><strong>vos</strong></span> 
     </span>
    </p>
   </div>
   <div class='ocr_carea' id='block_1_60' title="bbox 283 3193 1867 3285">
    <p class='ocr_par' dir='ltr' id='par_1_60' title="bbox 283 3207 1867 3285">
     <span class='ocr_line' id='line_1_60' title="bbox 283 3207 1867 3285; baseline -0.001 -24"><span class='ocrx_word' id='word_1_475' title='bbox 283 3226 427 3279; x_wconf 76' lang='grc' dir='ltr'>ματα</span> <span class='ocrx_word' id='word_1_476' title='bbox 459 3208 616 3278; x_wconf 80' lang='grc' dir='ltr'>ὑμῶν</span> <span class='ocrx_word' id='word_1_477' title='bbox 645 3207 924 3261; x_wconf 80' lang='grc' dir='ltr'>διιστῶσιν</span> <span class='ocrx_word' id='word_1_478' title='bbox 959 3207 1232 3279; x_wconf 81' lang='grc' dir='ltr'><strong>ἀναμέσον</strong></span> <span class='ocrx_word' id='word_1_479' title='bbox 1273 3210 1427 3285; x_wconf 82' lang='grc' dir='ltr'>ὑμῶν</span> <span class='ocrx_word' id='word_1_480' title='bbox 1480 3210 1574 3263; x_wconf 75' lang='grc' dir='ltr'><strong>καὶ</strong></span> <span class='ocrx_word' id='word_1_481' title='bbox 1617 3209 1711 3263; x_wconf 80' lang='grc' dir='ltr'><strong>τοῦ</strong></span> <span class='ocrx_word' id='word_1_482' title='bbox 1755 3209 1867 3261; x_wconf 84' lang='grc' dir='ltr'><strong>Κυ-</strong></span> 
     </span>
    </p>
   </div>
   <div class='ocr_carea' id='block_1_61' title="bbox 1968 3193 3463 3285">
    <p class='ocr_par' dir='ltr' id='par_1_61' title="bbox 1976 3193 3463 3264">
     <span class='ocr_line' id='line_1_61' title="bbox 1976 3193 3463 3264; baseline -0.004 -8"><span class='ocrx_word' id='word_1_483' title='bbox 1976 3208 2029 3256; x_wconf 89' lang='lat' dir='ltr'><strong>et</strong></span> <span class='ocrx_word' id='word_1_484' title='bbox 2064 3196 2351 3252; x_wconf 87' lang='lat' dir='ltr'><strong>Dominum</strong></span> <span class='ocrx_word' id='word_1_485' title='bbox 2387 3195 2454 3250; x_wconf 66' lang='grc' dir='ltr'><strong>θ’.</strong></span> <span class='ocrx_word' id='word_1_486' title='bbox 2493 3213 2513 3246; x_wconf 77' lang='grc' dir='ltr'><strong>ι</strong></span> <span class='ocrx_word' id='word_1_487' title='bbox 2552 3193 2754 3250; x_wconf 89' lang='lat' dir='ltr'><strong>Deinde</strong></span> <span class='ocrx_word' id='word_1_488' title='bbox 2786 3193 2967 3249; x_wconf 88' lang='lat' dir='ltr'><strong>subdit</strong></span> <span class='ocrx_word' id='word_1_489' title='bbox 3005 3208 3201 3264; x_wconf 87' lang='lat' dir='ltr'><strong>sponsa</strong></span> <span class='ocrx_word' id='word_1_490' title='bbox 3247 3193 3463 3251; x_wconf 89' lang='lat' dir='ltr'><strong>dicens:</strong></span> 
     </span>
    </p>
   </div>
   <div class='ocr_carea' id='block_1_62' title="bbox 281 3298 1517 3373">
    <p class='ocr_par' dir='ltr' id='par_1_62' title="bbox 281 3298 1517 3373">
     <span class='ocr_line' id='line_1_62' title="bbox 281 3298 1517 3373; baseline 0.002 -19"><span class='ocrx_word' id='word_1_491' title='bbox 281 3302 416 3373; x_wconf 74' lang='lat' dir='ltr'><strong>pinu.</strong></span> <span class='ocrx_word' id='word_1_492' title='bbox 450 3320 473 3354; x_wconf 74' lang='grc' dir='ltr'><strong>ι</strong></span> <span class='ocrx_word' id='word_1_493' title='bbox 516 3298 650 3355; x_wconf 71' lang='grc' dir='ltr'>Εἶτα</span> <span class='ocrx_word' id='word_1_494' title='bbox 672 3300 921 3372; x_wconf 77' lang='grc' dir='ltr'>ἐπιφέρει</span> <span class='ocrx_word' id='word_1_495' title='bbox 950 3302 984 3373; x_wconf 78' lang='grc' dir='ltr'>ἡ</span> <span class='ocrx_word' id='word_1_496' title='bbox 1012 3301 1197 3373; x_wconf 79' lang='grc' dir='ltr'>νύμφη</span> <span class='ocrx_word' id='word_1_497' title='bbox 1226 3304 1319 3357; x_wconf 72' lang='grc' dir='ltr'><strong>καὶ</strong></span> <span class='ocrx_word' id='word_1_498' title='bbox 1347 3302 1517 3372; x_wconf 79' lang='grc' dir='ltr'>λέγει’</span> 
     </span>
    </p>
   </div>
   <div class='ocr_carea' id='block_1_63' title="bbox 349 3416 1866 3489">
    <p class='ocr_par' dir='ltr' id='par_1_63' title="bbox 349 3416 1866 3489">
     <span class='ocr_line' id='line_1_63' title="bbox 349 3416 1866 3489; baseline 0.003 -17"><span class='ocrx_word' id='word_1_499' title='bbox 349 3418 475 3472; x_wconf 84' lang='grc' dir='ltr'>οΕ’.</span> <span class='ocrx_word' id='word_1_500' title='bbox 510 3417 606 3471; x_wconf 86' lang='grc' dir='ltr'>Στ.</span> <span class='ocrx_word' id='word_1_501' title='bbox 646 3416 709 3472; x_wconf 82' lang='grc' dir='ltr'><strong>δ’.</strong></span> <span class='ocrx_word' id='word_1_502' title='bbox 758 3416 855 3482; x_wconf 84' lang='grc' dir='ltr'>Ὠς</span> <span class='ocrx_word' id='word_1_503' title='bbox 879 3417 1097 3487; x_wconf 73' lang='grc' dir='ltr'>μικρὸν</span> <span class='ocrx_word' id='word_1_504' title='bbox 1139 3417 1237 3473; x_wconf 84' lang='grc' dir='ltr'>ὅτε</span> <span class='ocrx_word' id='word_1_505' title='bbox 1270 3417 1588 3489; x_wconf 76' lang='grc' dir='ltr'>παρῆλθον</span> <span class='ocrx_word' id='word_1_506' title='bbox 1626 3420 1728 3475; x_wconf 78' lang='grc' dir='ltr'><strong>ἀπ’</strong></span> <span class='ocrx_word' id='word_1_507' title='bbox 1761 3421 1866 3476; x_wconf 86' lang='grc' dir='ltr'><strong>αὑ-</strong></span> 
     </span>
    </p>
   </div>
   <div class='ocr_carea' id='block_1_64' title="bbox 280 3503 1757 3583">
    <p class='ocr_par' dir='ltr' id='par_1_64' title="bbox 280 3503 1757 3583">
     <span class='ocr_line' id='line_1_64' title="bbox 280 3503 1757 3583; baseline 0.003 -21"><span class='ocrx_word' id='word_1_508' title='bbox 280 3506 418 3572; x_wconf 75' lang='grc' dir='ltr'>τῶν,</span> <span class='ocrx_word' id='word_1_509' title='bbox 444 3508 557 3574; x_wconf 80' lang='grc' dir='ltr'><strong>ἕως</strong></span> <span class='ocrx_word' id='word_1_510' title='bbox 591 3503 666 3565; x_wconf 83' lang='grc' dir='ltr'>οὗ</span> <span class='ocrx_word' id='word_1_511' title='bbox 693 3503 876 3578; x_wconf 78' lang='grc' dir='ltr'>εὗρον</span> <span class='ocrx_word' id='word_1_512' title='bbox 899 3510 972 3563; x_wconf 80' lang='grc' dir='ltr'><strong>ὃν</strong></span> <span class='ocrx_word' id='word_1_513' title='bbox 998 3509 1317 3582; x_wconf 55' lang='grc' dir='ltr'>ἠγάπησεν</span> <span class='ocrx_word' id='word_1_514' title='bbox 1351 3510 1389 3579; x_wconf 82' lang='grc' dir='ltr'><strong><em>ή</em></strong></span> <span class='ocrx_word' id='word_1_515' title='bbox 1422 3511 1593 3582; x_wconf 72' lang='grc' dir='ltr'>ψυχή</span> <span class='ocrx_word' id='word_1_516' title='bbox 1614 3530 1757 3583; x_wconf 85' lang='grc' dir='ltr'>μου.</span> 
     </span>
    </p>
   </div>
   <div class='ocr_carea' id='block_1_65' title="bbox 349 3684 1863 3761">
    <p class='ocr_par' dir='ltr' id='par_1_65' title="bbox 349 3684 1863 3761">
     <span class='ocr_line' id='line_1_65' title="bbox 349 3684 1863 3761; baseline 0.03 -26"><span class='ocrx_word' id='word_1_517' title='bbox 349 3686 598 3741; x_wconf 78' lang='grc' dir='ltr'>Ὃπόταν</span> <span class='ocrx_word' id='word_1_518' title='bbox 628 3684 738 3758; x_wconf 76' lang='grc' dir='ltr'>γὰρ</span> <span class='ocrx_word' id='word_1_519' title='bbox 764 3686 872 3741; x_wconf 71' lang='grc' dir='ltr'><strong>ἀπὸ</strong></span> <span class='ocrx_word' id='word_1_520' title='bbox 900 3686 1008 3741; x_wconf 82' lang='grc' dir='ltr'>τῶν</span> <span class='ocrx_word' id='word_1_521' title='bbox 1039 3687 1449 3761; x_wconf 69' lang='grc' dir='ltr'><strong>ἁμαρτημάτων</strong></span> <span class='ocrx_word' id='word_1_522' title='bbox 1484 3687 1863 3761; x_wconf 69' lang='grc' dir='ltr'>παρέλθωμενν</span> 
     </span>
    </p>
   </div>
   <div class='ocr_carea' id='block_1_66' title="bbox 274 3777 1866 3853">
    <p class='ocr_par' dir='ltr' id='par_1_66' title="bbox 274 3777 1866 3853">
     <span class='ocr_line' id='line_1_66' title="bbox 274 3777 1866 3853; baseline 0.004 -23"><span class='ocrx_word' id='word_1_523' title='bbox 274 3777 405 3831; x_wconf 78' lang='grc' dir='ltr'>τότε</span> <span class='ocrx_word' id='word_1_524' title='bbox 446 3778 774 3850; x_wconf 74' lang='grc' dir='ltr'>εὑρίσκομεν</span> <span class='ocrx_word' id='word_1_525' title='bbox 816 3778 875 3832; x_wconf 80' lang='grc' dir='ltr'><strong>ὃν</strong></span> <span class='ocrx_word' id='word_1_526' title='bbox 918 3780 1204 3853; x_wconf 75' lang='grc' dir='ltr'>ἠγάπησεν</span> <span class='ocrx_word' id='word_1_527' title='bbox 1243 3783 1276 3851; x_wconf 80' lang='grc' dir='ltr'><strong>ἡ</strong></span> <span class='ocrx_word' id='word_1_528' title='bbox 1307 3779 1454 3851; x_wconf 74' lang='grc' dir='ltr'>ψυχὴ</span> <span class='ocrx_word' id='word_1_529' title='bbox 1489 3780 1679 3852; x_wconf 81' lang='grc' dir='ltr'>ἡμῶν,</span> <span class='ocrx_word' id='word_1_530' title='bbox 1725 3782 1866 3837; x_wconf 74' lang='grc' dir='ltr'>κατὰ</span> 
     </span>
    </p>
   </div>
   <div class='ocr_carea' id='block_1_67' title="bbox 277 3866 1862 3945">
    <p class='ocr_par' dir='ltr' id='par_1_67' title="bbox 277 3866 1862 3945">
     <span class='ocr_line' id='line_1_67' title="bbox 277 3866 1862 3945; baseline 0.005 -27"><span class='ocrx_word' id='word_1_531' title='bbox 277 3866 379 3919; x_wconf 77' lang='grc' dir='ltr'>τὸν</span> <span class='ocrx_word' id='word_1_532' title='bbox 405 3867 664 3935; x_wconf 76' lang='grc' dir='ltr'>λέγοντα·</span> <span class='ocrx_word' id='word_1_533' title='bbox 697 3887 717 3920; x_wconf 79' lang='grc' dir='ltr'><strong>ι</strong></span> <span class='ocrx_word' id='word_1_534' title='bbox 765 3870 1108 3943; x_wconf 72' lang='grc' dir='ltr'>Ἐπιστρεςρε,</span> <span class='ocrx_word' id='word_1_535' title='bbox 1134 3872 1427 3943; x_wconf 73' lang='grc' dir='ltr'>ἐπίστρεφε</span> <span class='ocrx_word' id='word_1_536' title='bbox 1456 3872 1595 3945; x_wconf 78' lang='grc' dir='ltr'>πρὸς</span> <span class='ocrx_word' id='word_1_537' title='bbox 1623 3873 1828 3944; x_wconf 85' lang='grc' dir='ltr'>Κύριον</span> <span class='ocrx_word' id='word_1_538' title='bbox 1849 3889 1862 3904; x_wconf 80' lang='grc'><em>’</em></span> 
     </span>
    </p>
   </div>
   <div class='ocr_carea' id='block_1_68' title="bbox 277 3958 1866 4038">
    <p class='ocr_par' dir='ltr' id='par_1_68' title="bbox 277 3958 1866 4038">
     <span class='ocr_line' id='line_1_68' title="bbox 277 3958 1866 4038; baseline 0.004 -26"><span class='ocrx_word' id='word_1_539' title='bbox 277 3958 563 4012; x_wconf 74' lang='grc' dir='ltr'>ἁπόλειπε</span> <span class='ocrx_word' id='word_1_540' title='bbox 594 3960 689 4025; x_wconf 74' lang='grc' dir='ltr'>τὰς</span> <span class='ocrx_word' id='word_1_541' title='bbox 732 3962 1033 4034; x_wconf 82' lang='grc' dir='ltr'>ἁμαρτίας,</span> <span class='ocrx_word' id='word_1_542' title='bbox 1080 3965 1175 4019; x_wconf 78' lang='grc' dir='ltr'><strong>καὶ</strong></span> <span class='ocrx_word' id='word_1_543' title='bbox 1208 3966 1413 4038; x_wconf 78' lang='grc' dir='ltr'>σφόδρα</span> <span class='ocrx_word' id='word_1_544' title='bbox 1470 3966 1700 4037; x_wconf 80' lang='grc' dir='ltr'>μίσησον</span> <span class='ocrx_word' id='word_1_545' title='bbox 1751 3965 1866 4036; x_wconf 78' lang='grc' dir='ltr'><strong>βδέ-</strong></span> 
     </span>
    </p>
   </div>
   <div class='ocr_carea' id='block_1_69' title="bbox 275 4050 1864 4130">
    <p class='ocr_par' dir='ltr' id='par_1_69' title="bbox 275 4050 1864 4130">
     <span class='ocr_line' id='line_1_69' title="bbox 275 4050 1864 4130; baseline 0.004 -27"><span class='ocrx_word' id='word_1_546' title='bbox 275 4050 508 4120; x_wconf 77' lang='grc' dir='ltr'>λυγμα·</span> <span class='ocrx_word' id='word_1_547' title='bbox 561 4068 581 4101; x_wconf 76' lang='grc' dir='ltr'><strong>ι</strong></span> <span class='ocrx_word' id='word_1_548' title='bbox 622 4053 710 4105; x_wconf 74' lang='grc' dir='ltr'><strong>καὶ</strong></span> <span class='ocrx_word' id='word_1_549' title='bbox 738 4054 936 4108; x_wconf 74' lang='grc' dir='ltr'>πάλινο</span> <span class='ocrx_word' id='word_1_550' title='bbox 979 4072 998 4107; x_wconf 77' lang='grc' dir='ltr'><strong>ι</strong></span> <span class='ocrx_word' id='word_1_551' title='bbox 1064 4054 1256 4109; x_wconf 87' lang='grc' dir='ltr'>Ἦνίκα</span> <span class='ocrx_word' id='word_1_552' title='bbox 1297 4055 1343 4108; x_wconf 84' lang='grc' dir='ltr'>δ’</span> <span class='ocrx_word' id='word_1_553' title='bbox 1384 4056 1448 4110; x_wconf 83' lang='grc' dir='ltr'>ἂν</span> <span class='ocrx_word' id='word_1_554' title='bbox 1488 4056 1680 4130; x_wconf 81' lang='grc' dir='ltr'>ὲγγίζῃ</span> <span class='ocrx_word' id='word_1_555' title='bbox 1714 4057 1864 4129; x_wconf 79' lang='grc' dir='ltr'>ὑμῖν,</span> 
     </span>
    </p>
   </div>
   <div class='ocr_carea' id='block_1_70' title="bbox 272 4138 1861 4215">
    <p class='ocr_par' dir='ltr' id='par_1_70' title="bbox 272 4138 1861 4215">
     <span class='ocr_line' id='line_1_70' title="bbox 272 4138 1861 4215; baseline 0.003 -21"><span class='ocrx_word' id='word_1_556' title='bbox 272 4138 632 4194; x_wconf 76' lang='grc' dir='ltr'>ἁπολειπέτω</span> <span class='ocrx_word' id='word_1_557' title='bbox 656 4141 683 4193; x_wconf 79' lang='grc' dir='ltr'><strong><em>ὁ</em></strong></span> <span class='ocrx_word' id='word_1_558' title='bbox 706 4142 910 4215; x_wconf 79' lang='grc' dir='ltr'>ἀσεϐὴς</span> <span class='ocrx_word' id='word_1_559' title='bbox 942 4143 1042 4206; x_wconf 81' lang='grc' dir='ltr'><strong>τὰς</strong></span> <span class='ocrx_word' id='word_1_560' title='bbox 1068 4143 1219 4209; x_wconf 79' lang='grc' dir='ltr'>ὁδοὺς</span> <span class='ocrx_word' id='word_1_561' title='bbox 1251 4145 1443 4207; x_wconf 72' lang='grc' dir='ltr'>αὐτοῦ.</span> <span class='ocrx_word' id='word_1_562' title='bbox 1487 4165 1507 4200; x_wconf 74' lang='grc' dir='ltr'><strong>ι</strong></span> <span class='ocrx_word' id='word_1_563' title='bbox 1543 4146 1643 4200; x_wconf 80' lang='grc' dir='ltr'><strong>Διὰ</strong></span> <span class='ocrx_word' id='word_1_564' title='bbox 1669 4146 1828 4201; x_wconf 83' lang='grc' dir='ltr'>τοῦτο</span> <span class='ocrx_word' id='word_1_565' title='bbox 1847 4163 1861 4177; x_wconf 77' lang='grc'><strong><em>⁸</em></strong></span> 
     </span>
    </p>
   </div>
   <div class='ocr_carea' id='block_1_71' title="bbox 278 4231 1863 4310">
    <p class='ocr_par' dir='ltr' id='par_1_71' title="bbox 278 4231 1863 4310">
     <span class='ocr_line' id='line_1_71' title="bbox 278 4231 1863 4310; baseline 0.006 -27"><span class='ocrx_word' id='word_1_566' title='bbox 278 4250 299 4283; x_wconf 75' lang='grc' dir='ltr'><strong>ι</strong></span> <span class='ocrx_word' id='word_1_567' title='bbox 356 4232 450 4296; x_wconf 80' lang='grc' dir='ltr'>ὀς</span> <span class='ocrx_word' id='word_1_568' title='bbox 486 4233 684 4305; x_wconf 81' lang='grc' dir='ltr'>μικρὸν</span> <span class='ocrx_word' id='word_1_569' title='bbox 713 4235 803 4288; x_wconf 68' lang='grc' dir='ltr'>ὅτε</span> <span class='ocrx_word' id='word_1_570' title='bbox 837 4234 1116 4308; x_wconf 84' lang='grc' dir='ltr'>παρῆλθον</span> <span class='ocrx_word' id='word_1_571' title='bbox 1153 4237 1251 4291; x_wconf 85' lang='grc' dir='ltr'><strong>ἀπ’</strong></span> <span class='ocrx_word' id='word_1_572' title='bbox 1280 4237 1481 4304; x_wconf 84' lang='grc' dir='ltr'>αὐτῶν,</span> <span class='ocrx_word' id='word_1_573' title='bbox 1527 4237 1632 4302; x_wconf 71' lang='grc' dir='ltr'><strong>ἕως</strong></span> <span class='ocrx_word' id='word_1_574' title='bbox 1658 4231 1719 4292; x_wconf 74' lang='grc' dir='ltr'><strong>οὗ</strong></span> <span class='ocrx_word' id='word_1_575' title='bbox 1752 4237 1863 4310; x_wconf 81' lang='grc'>(55)</span> 
     </span>
    </p>
   </div>
   <div class='ocr_carea' id='block_1_72' title="bbox 274 4320 1294 4404">
    <p class='ocr_par' dir='ltr' id='par_1_72' title="bbox 274 4320 1294 4404">
     <span class='ocr_line' id='line_1_72' title="bbox 274 4320 1294 4404; baseline 0.007 -24"><span class='ocrx_word' id='word_1_576' title='bbox 274 4320 434 4398; x_wconf 74' lang='grc' dir='ltr'>εὗρον</span> <span class='ocrx_word' id='word_1_577' title='bbox 455 4327 518 4381; x_wconf 78' lang='grc' dir='ltr'><strong>ὃν</strong></span> <span class='ocrx_word' id='word_1_578' title='bbox 545 4328 835 4400; x_wconf 61' lang='grc' dir='ltr'>ἠγάπησεν</span> <span class='ocrx_word' id='word_1_579' title='bbox 867 4332 901 4402; x_wconf 79' lang='grc' dir='ltr'>ὴ</span> <span class='ocrx_word' id='word_1_580' title='bbox 935 4331 1080 4403; x_wconf 77' lang='grc' dir='ltr'>ψυχή</span> <span class='ocrx_word' id='word_1_581' title='bbox 1112 4349 1237 4404; x_wconf 80' lang='grc' dir='ltr'>μου.</span> <span class='ocrx_word' id='word_1_582' title='bbox 1272 4352 1294 4386; x_wconf 73' lang='grc' dir='ltr'><strong>ι</strong></span> 
     </span>
    </p>
   </div>
   <div class='ocr_carea' id='block_1_73' title="bbox 341 4441 1857 4519">
    <p class='ocr_par' dir='ltr' id='par_1_73' title="bbox 341 4441 1857 4519">
     <span class='ocr_line' id='line_1_73' title="bbox 341 4441 1857 4519; baseline 0.006 -24"><span class='ocrx_word' id='word_1_583' title='bbox 341 4441 485 4509; x_wconf 70' lang='grc' dir='ltr'>θεῖ’.</span> <span class='ocrx_word' id='word_1_584' title='bbox 541 4441 883 4512; x_wconf 78' lang='grc' dir='ltr'>Ἕκράτησα</span> <span class='ocrx_word' id='word_1_585' title='bbox 932 4444 1149 4513; x_wconf 80' lang='grc' dir='ltr'>αὐτὸν,</span> <span class='ocrx_word' id='word_1_586' title='bbox 1182 4445 1283 4503; x_wconf 81' lang='grc' dir='ltr'><strong>καὶ</strong></span> <span class='ocrx_word' id='word_1_587' title='bbox 1329 4447 1441 4503; x_wconf 78' lang='grc' dir='ltr'>οὐκ</span> <span class='ocrx_word' id='word_1_588' title='bbox 1487 4447 1706 4519; x_wconf 71' lang='grc' dir='ltr'><em>ἀφήσω</em></span> <span class='ocrx_word' id='word_1_589' title='bbox 1741 4446 1857 4517; x_wconf 74' lang='grc'>(54)</span> 
     </span>
    </p>
   </div>
   <div class='ocr_carea' id='block_1_74' title="bbox 270 4535 483 4588">
    <p class='ocr_par' dir='ltr' id='par_1_74' title="bbox 270 4535 483 4588">
     <span class='ocr_line' id='line_1_74' title="bbox 270 4535 483 4588; baseline 0.009 -2"><span class='ocrx_word' id='word_1_590' title='bbox 270 4535 483 4588; x_wconf 75' lang='grc' dir='ltr'><strong>αὐτόν.</strong></span> 
     </span>
    </p>
   </div>
   <div class='ocr_carea' id='block_1_75' title="bbox 345 4624 1858 4704">
    <p class='ocr_par' dir='ltr' id='par_1_75' title="bbox 345 4624 1858 4704">
     <span class='ocr_line' id='line_1_75' title="bbox 345 4624 1858 4704; baseline 0.003 -25"><span class='ocrx_word' id='word_1_591' title='bbox 345 4624 475 4688; x_wconf 78' lang='grc' dir='ltr'><strong>Πῶς</strong></span> <span class='ocrx_word' id='word_1_592' title='bbox 525 4626 722 4698; x_wconf 86' lang='grc' dir='ltr'>κρατεῖ</span> <span class='ocrx_word' id='word_1_593' title='bbox 768 4626 931 4681; x_wconf 71' lang='grc' dir='ltr'>αὐτὸν</span> <span class='ocrx_word' id='word_1_594' title='bbox 964 4627 1130 4698; x_wconf 83' lang='grc' dir='ltr'>ἡτῶν</span> <span class='ocrx_word' id='word_1_595' title='bbox 1178 4629 1384 4683; x_wconf 83' lang='grc' dir='ltr'>πιστῶν</span> <span class='ocrx_word' id='word_1_596' title='bbox 1412 4629 1596 4701; x_wconf 81' lang='grc' dir='ltr'>ψυχή;</span> <span class='ocrx_word' id='word_1_597' title='bbox 1644 4632 1733 4686; x_wconf 87' lang='grc' dir='ltr'><strong>Ἐν</strong></span> <span class='ocrx_word' id='word_1_598' title='bbox 1780 4631 1858 4704; x_wconf 86' lang='grc' dir='ltr'><strong>τῷ</strong></span> 
     </span>
    </p>
   </div>
   <div class='ocr_carea' id='block_1_76' title="bbox 268 4706 1936 4796">
    <p class='ocr_par' dir='ltr' id='par_1_76' title="bbox 268 4706 1936 4796">
     <span class='ocr_line' id='line_1_76' title="bbox 268 4706 1936 4796; baseline 0.007 -28"><span class='ocrx_word' id='word_1_599' title='bbox 268 4715 343 4769; x_wconf 77' lang='grc' dir='ltr'>τὰ</span> <span class='ocrx_word' id='word_1_600' title='bbox 364 4718 643 4790; x_wconf 74' lang='grc' dir='ltr'>εύάρεστα</span> <span class='ocrx_word' id='word_1_601' title='bbox 679 4719 830 4791; x_wconf 77' lang='grc' dir='ltr'><strong>αὐτῷ</strong></span> <span class='ocrx_word' id='word_1_602' title='bbox 873 4720 984 4791; x_wconf 83' lang='grc'>(⁸55)</span> <span class='ocrx_word' id='word_1_603' title='bbox 1038 4724 1228 4775; x_wconf 85' lang='grc' dir='ltr'>ποιεῖν.</span> <span class='ocrx_word' id='word_1_604' title='bbox 1273 4722 1665 4794; x_wconf 82' lang='grc' dir='ltr'>Ἀρεσκόμενος</span> <span class='ocrx_word' id='word_1_605' title='bbox 1697 4724 1804 4796; x_wconf 82' lang='grc' dir='ltr'>γὰρ</span> <span class='ocrx_word' id='word_1_606' title='bbox 1829 4726 1858 4780; x_wconf 84' lang='grc' dir='ltr'>ὁ</span> <span class='ocrx_word' id='word_1_607' title='bbox 1892 4706 1936 4761; x_wconf 79' lang='lat' dir='ltr'><strong>D</strong></span> 
     </span>
    </p>
   </div>
   <div class='ocr_carea' id='block_1_77' title="bbox 268 4810 1857 4889">
    <p class='ocr_par' dir='ltr' id='par_1_77' title="bbox 268 4810 1857 4889">
     <span class='ocr_line' id='line_1_77' title="bbox 268 4810 1857 4889; baseline 0.007 -28"><span class='ocrx_word' id='word_1_608' title='bbox 268 4810 512 4879; x_wconf 76' lang='grc' dir='ltr'>νυμφίος</span> <span class='ocrx_word' id='word_1_609' title='bbox 540 4811 789 4884; x_wconf 83' lang='grc' dir='ltr'>καθάπερ</span> <span class='ocrx_word' id='word_1_610' title='bbox 822 4811 1011 4884; x_wconf 80' lang='grc' dir='ltr'>νύμφῃ</span> <span class='ocrx_word' id='word_1_611' title='bbox 1042 4815 1106 4884; x_wconf 82' lang='grc' dir='ltr'>τῇ</span> <span class='ocrx_word' id='word_1_612' title='bbox 1140 4812 1250 4868; x_wconf 82' lang='grc' dir='ltr'><strong>τῶν</strong></span> <span class='ocrx_word' id='word_1_613' title='bbox 1285 4813 1509 4868; x_wconf 85' lang='grc' dir='ltr'>δικαίων</span> <span class='ocrx_word' id='word_1_614' title='bbox 1540 4813 1683 4889; x_wconf 71' lang='grc' dir='ltr'>ψυχῇ</span> <span class='ocrx_word' id='word_1_615' title='bbox 1703 4854 1718 4880; x_wconf 86' lang='grc'><strong>,</strong></span> <span class='ocrx_word' id='word_1_616' title='bbox 1748 4817 1857 4872; x_wconf 82' lang='grc' dir='ltr'><strong>ἀπὸ</strong></span> 
     </span>
    </p>
   </div>
   <div class='ocr_carea' id='block_1_78' title="bbox 264 4899 1860 4982">
    <p class='ocr_par' dir='ltr' id='par_1_78' title="bbox 264 4899 1860 4982">
     <span class='ocr_line' id='line_1_78' title="bbox 264 4899 1860 4982; baseline 0.014 -40"><span class='ocrx_word' id='word_1_617' title='bbox 264 4899 386 4953; x_wconf 73' lang='grc' dir='ltr'><strong>τῶν</strong></span> <span class='ocrx_word' id='word_1_618' title='bbox 413 4900 593 4975; x_wconf 79' lang='grc' dir='ltr'>εργων</span> <span class='ocrx_word' id='word_1_619' title='bbox 619 4903 723 4974; x_wconf 77' lang='grc' dir='ltr'>τῆς</span> <span class='ocrx_word' id='word_1_620' title='bbox 744 4904 967 4976; x_wconf 75' lang='grc' dir='ltr'>ἀρετῆς,</span> <span class='ocrx_word' id='word_1_621' title='bbox 1002 4905 1062 4958; x_wconf 82' lang='grc' dir='ltr'>οὺ</span> <span class='ocrx_word' id='word_1_622' title='bbox 1095 4906 1303 4976; x_wconf 77' lang='grc' dir='ltr'>χερσὶν,</span> <span class='ocrx_word' id='word_1_623' title='bbox 1336 4906 1470 4961; x_wconf 80' lang='grc' dir='ltr'><strong>ἀλλὰ</strong></span> <span class='ocrx_word' id='word_1_624' title='bbox 1490 4907 1827 4982; x_wconf 70' lang='grc' dir='ltr'>ἐλεημοσύνη</span> <span class='ocrx_word' id='word_1_625' title='bbox 1845 4951 1860 4978; x_wconf 87' lang='grc'><strong>,</strong></span> 
     </span>
    </p>
   </div>
   <div class='ocr_carea' id='block_1_79' title="bbox 267 4992 1471 5069">
    <p class='ocr_par' dir='ltr' id='par_1_79' title="bbox 267 4992 1471 5069">
     <span class='ocr_line' id='line_1_79' title="bbox 267 4992 1471 5069; baseline 0.007 -25"><span class='ocrx_word' id='word_1_626' title='bbox 267 4992 368 5045; x_wconf 66' lang='grc' dir='ltr'>ια).</span> <span class='ocrx_word' id='word_1_627' title='bbox 410 4994 758 5069; x_wconf 69' lang='grc' dir='ltr'>σωφροσύνῃ,</span> <span class='ocrx_word' id='word_1_628' title='bbox 793 4995 889 5049; x_wconf 70' lang='grc' dir='ltr'><strong>καὶ</strong></span> <span class='ocrx_word' id='word_1_629' title='bbox 921 4996 1055 5067; x_wconf 77' lang='grc' dir='ltr'>εὐχῇ</span> <span class='ocrx_word' id='word_1_630' title='bbox 1080 4996 1471 5069; x_wconf 83' lang='grc' dir='ltr'>κρατούμενος.</span> 
     </span>
    </p>
   </div>
   <div class='ocr_carea' id='block_1_80' title="bbox 340 5176 766 5248">
    <p class='ocr_par' dir='ltr' id='par_1_80' title="bbox 340 5176 766 5248">
     <span class='ocr_line' id='line_1_80' title="bbox 340 5176 766 5248; baseline 0.007 -15"><span class='ocrx_word' id='word_1_631' title='bbox 340 5176 395 5209; x_wconf 78' lang='grc'><strong>⁸⁷</strong></span> <span class='ocrx_word' id='word_1_632' title='bbox 426 5177 534 5234; x_wconf 72' lang='lat' dir='ltr'><strong>iss.</strong></span> <span class='ocrx_word' id='word_1_633' title='bbox 564 5194 679 5248; x_wconf 74' lang='grc' dir='ltr'>ιιι,</span> <span class='ocrx_word' id='word_1_634' title='bbox 714 5181 766 5237; x_wconf 83' lang='lat' dir='ltr'><strong>l.</strong></span> 
     </span>
    </p>
   </div>
   <div class='ocr_carea' id='block_1_81' title="bbox 350 5362 1849 5442">
    <p class='ocr_par' dir='ltr' id='par_1_81' title="bbox 350 5362 1849 5442">
     <span class='ocr_line' id='line_1_81' title="bbox 350 5362 1849 5442; baseline 0.013 -26"><span class='ocrx_word' id='word_1_635' title='bbox 350 5362 458 5431; x_wconf 70' lang='lat'><strong>(29)</strong></span> <span class='ocrx_word' id='word_1_636' title='bbox 498 5362 669 5442; x_wconf 59' lang='lat' dir='ltr'><strong>Vatif.</strong></span> <span class='ocrx_word' id='word_1_637' title='bbox 712 5366 853 5442; x_wconf 73' lang='lat' dir='ltr'><strong>edit.</strong></span> <span class='ocrx_word' id='word_1_638' title='bbox 895 5368 1054 5442; x_wconf 74' lang='lat' dir='ltr'><strong>habet</strong></span> <span class='ocrx_word' id='word_1_639' title='bbox 1090 5371 1184 5427; x_wconf 76' lang='grc' dir='ltr'>καὶ</span> <span class='ocrx_word' id='word_1_640' title='bbox 1229 5371 1500 5442; x_wconf 80' lang='grc' dir='ltr'>ἀναμέσον</span> <span class='ocrx_word' id='word_1_641' title='bbox 1552 5375 1648 5429; x_wconf 82' lang='grc' dir='ltr'>τοῦ</span> <span class='ocrx_word' id='word_1_642' title='bbox 1691 5376 1849 5436; x_wconf 79' lang='grc' dir='ltr'>Θεοῦ.</span> 
     </span>
    </p>
   </div>
   <div class='ocr_carea' id='block_1_82' title="bbox 859 5180 1887 5260">
    <p class='ocr_par' dir='ltr' id='par_1_82' title="bbox 859 5180 1887 5260">
     <span class='ocr_line' id='line_1_82' title="bbox 859 5180 1887 5260; baseline 0.012 -24"><span class='ocrx_word' id='word_1_643' title='bbox 859 5182 905 5214; x_wconf 80' lang='grc'><strong>³⁸</strong></span> <span class='ocrx_word' id='word_1_644' title='bbox 943 5180 1131 5238; x_wconf 75' lang='lat' dir='ltr'><strong>Matth.</strong></span> <span class='ocrx_word' id='word_1_645' title='bbox 1162 5197 1258 5251; x_wconf 87' lang='lat' dir='ltr'><strong>vn,</strong></span> <span class='ocrx_word' id='word_1_646' title='bbox 1300 5183 1388 5239; x_wconf 76' lang='lat' dir='ltr'><strong>M.</strong></span> <span class='ocrx_word' id='word_1_647' title='bbox 1476 5187 1521 5219; x_wconf 81' lang='lat'><strong>”</strong></span> <span class='ocrx_word' id='word_1_648' title='bbox 1549 5186 1651 5244; x_wconf 87' lang='lat' dir='ltr'><strong>lsa.</strong></span> <span class='ocrx_word' id='word_1_649' title='bbox 1700 5206 1795 5260; x_wconf 82' lang='lat' dir='ltr'><strong>LII,</strong></span> <span class='ocrx_word' id='word_1_650' title='bbox 1830 5192 1887 5247; x_wconf 77' lang='lat'><strong>2.</strong></span> 
     </span>
    </p>
   </div>
   <div class='ocr_carea' id='block_1_83' title="bbox 2039 3414 3546 3487">
    <p class='ocr_par' dir='ltr' id='par_1_83' title="bbox 2039 3414 3546 3487">
     <span class='ocr_line' id='line_1_83' title="bbox 2039 3414 3546 3487; baseline 0.002 -14"><span class='ocrx_word' id='word_1_651' title='bbox 2039 3415 2252 3474; x_wconf 81' lang='lat' dir='ltr'><strong>LXXV.</strong></span> <span class='ocrx_word' id='word_1_652' title='bbox 2294 3415 2461 3472; x_wconf 68' lang='lat' dir='ltr'><strong>Vatis.</strong></span> <span class='ocrx_word' id='word_1_653' title='bbox 2483 3416 2534 3471; x_wconf 66' lang='grc'>4.</span> <span class='ocrx_word' id='word_1_654' title='bbox 2583 3414 2757 3482; x_wconf 83' lang='lat' dir='ltr'><strong>Quam</strong></span> <span class='ocrx_word' id='word_1_655' title='bbox 2797 3415 3057 3473; x_wconf 77' lang='lat' dir='ltr'><strong>modicum</strong></span> <span class='ocrx_word' id='word_1_656' title='bbox 3092 3418 3193 3487; x_wconf 76' lang='lat' dir='ltr'><strong>fuit</strong></span> <span class='ocrx_word' id='word_1_657' title='bbox 3229 3435 3346 3473; x_wconf 82' lang='lat' dir='ltr'><strong>cum</strong></span> <span class='ocrx_word' id='word_1_658' title='bbox 3375 3429 3546 3477; x_wconf 79' lang='lat' dir='ltr'><strong>tram-</strong></span> 
     </span>
    </p>
   </div>
   <div class='ocr_carea' id='block_1_84' title="bbox 1960 3507 3543 3579">
    <p class='ocr_par' dir='ltr' id='par_1_84' title="bbox 1960 3507 3543 3579">
     <span class='ocr_line' id='line_1_84' title="bbox 1960 3507 3543 3579; baseline 0.001 -16"><span class='ocrx_word' id='word_1_659' title='bbox 1960 3509 2036 3569; x_wconf 60' lang='grc' dir='ltr'><strong>ἰαὶ</strong></span> <span class='ocrx_word' id='word_1_660' title='bbox 2062 3509 2125 3564; x_wconf 87' lang='lat' dir='ltr'><strong>ab</strong></span> <span class='ocrx_word' id='word_1_661' title='bbox 2167 3508 2317 3578; x_wconf 79' lang='lat' dir='ltr'><strong>ipsis,</strong></span> <span class='ocrx_word' id='word_1_662' title='bbox 2358 3507 2533 3578; x_wconf 82' lang='lat' dir='ltr'><strong>quoad</strong></span> <span class='ocrx_word' id='word_1_663' title='bbox 2565 3522 2724 3578; x_wconf 80' lang='lat' dir='ltr'><strong>usque</strong></span> <span class='ocrx_word' id='word_1_664' title='bbox 2761 3507 2933 3562; x_wconf 84' lang='lat' dir='ltr'><strong>inveni</strong></span> <span class='ocrx_word' id='word_1_665' title='bbox 2964 3524 3118 3579; x_wconf 84' lang='lat' dir='ltr'><strong>quem</strong></span> <span class='ocrx_word' id='word_1_666' title='bbox 3155 3507 3336 3567; x_wconf 72' lang='lat' dir='ltr'><strong>dilexit</strong></span> <span class='ocrx_word' id='word_1_667' title='bbox 3367 3513 3543 3573; x_wconf 71' lang='lat' dir='ltr'><strong>anima</strong></span> 
     </span>
    </p>
   </div>
   <div class='ocr_carea' id='block_1_85' title="bbox 1965 3617 2105 3657">
    <p class='ocr_par' dir='ltr' id='par_1_85' title="bbox 1965 3617 2105 3657">
     <span class='ocr_line' id='line_1_85' title="bbox 1965 3617 2105 3657; baseline 0.014 -4"><span class='ocrx_word' id='word_1_668' title='bbox 1965 3617 2105 3657; x_wconf 81' lang='lat' dir='ltr'><strong>mea.</strong></span> 
     </span>
    </p>
   </div>
   <div class='ocr_carea' id='block_1_86' title="bbox 2038 3687 3548 3761">
    <p class='ocr_par' dir='ltr' id='par_1_86' title="bbox 2038 3687 3548 3761">
     <span class='ocr_line' id='line_1_86' title="bbox 2038 3687 3548 3761; baseline -0.001 -15"><span class='ocrx_word' id='word_1_669' title='bbox 2038 3689 2176 3747; x_wconf 90' lang='lat' dir='ltr'><strong>Cum</strong></span> <span class='ocrx_word' id='word_1_670' title='bbox 2205 3689 2349 3747; x_wconf 89' lang='lat' dir='ltr'><strong>enim</strong></span> <span class='ocrx_word' id='word_1_671' title='bbox 2389 3704 2421 3746; x_wconf 91' lang='lat' dir='ltr'><strong>a</strong></span> <span class='ocrx_word' id='word_1_672' title='bbox 2450 3689 2698 3761; x_wconf 85' lang='lat' dir='ltr'><strong>peccatis</strong></span> <span class='ocrx_word' id='word_1_673' title='bbox 2724 3687 2925 3744; x_wconf 87' lang='lat' dir='ltr'><strong>nostris</strong></span> <span class='ocrx_word' id='word_1_674' title='bbox 2956 3687 3391 3759; x_wconf 71' lang='lat' dir='ltr'><strong>discesscrnmus,</strong></span> <span class='ocrx_word' id='word_1_675' title='bbox 3422 3699 3548 3745; x_wconf 88' lang='lat' dir='ltr'><strong>tunc</strong></span> 
     </span>
    </p>
   </div>
   <div class='ocr_carea' id='block_1_87' title="bbox 1968 3778 3542 3850">
    <p class='ocr_par' dir='ltr' id='par_1_87' title="bbox 1968 3778 3542 3850">
     <span class='ocr_line' id='line_1_87' title="bbox 1968 3778 3542 3850; baseline -0.001 -16"><span class='ocrx_word' id='word_1_676' title='bbox 1968 3779 2274 3836; x_wconf 81' lang='lat' dir='ltr'><strong>invenimus</strong></span> <span class='ocrx_word' id='word_1_677' title='bbox 2301 3794 2460 3850; x_wconf 87' lang='lat' dir='ltr'><strong>quem</strong></span> <span class='ocrx_word' id='word_1_678' title='bbox 2507 3778 2697 3834; x_wconf 81' lang='lat' dir='ltr'><strong>dilexit</strong></span> <span class='ocrx_word' id='word_1_679' title='bbox 2743 3778 2926 3833; x_wconf 89' lang='lat' dir='ltr'><strong>anima</strong></span> <span class='ocrx_word' id='word_1_680' title='bbox 2965 3788 3171 3845; x_wconf 88' lang='lat' dir='ltr'><strong>nostra,</strong></span> <span class='ocrx_word' id='word_1_681' title='bbox 3207 3778 3361 3848; x_wconf 69' lang='lat' dir='ltr'><strong>juxta</strong></span> <span class='ocrx_word' id='word_1_682' title='bbox 3396 3780 3542 3835; x_wconf 81' lang='lat' dir='ltr'><strong>Scri~</strong></span> 
     </span>
    </p>
   </div>
   <div class='ocr_carea' id='block_1_88' title="bbox 1968 3869 3540 3939">
    <p class='ocr_par' dir='ltr' id='par_1_88' title="bbox 1968 3869 3540 3939">
     <span class='ocr_line' id='line_1_88' title="bbox 1968 3869 3540 3939; baseline 0 -15"><span class='ocrx_word' id='word_1_683' title='bbox 1968 3883 2182 3939; x_wconf 90' lang='lat' dir='ltr'><strong>pturam</strong></span> <span class='ocrx_word' id='word_1_684' title='bbox 2215 3890 2229 3926; x_wconf 90' lang='lat'><strong>:</strong></span> <span class='ocrx_word' id='word_1_685' title='bbox 2268 3891 2287 3925; x_wconf 81' lang='grc' dir='ltr'><strong>ι</strong></span> <span class='ocrx_word' id='word_1_686' title='bbox 2323 3871 2678 3935; x_wconf 82' lang='lat' dir='ltr'><strong>Convertere,</strong></span> <span class='ocrx_word' id='word_1_687' title='bbox 2707 3877 3028 3925; x_wconf 87' lang='lat' dir='ltr'><strong>convertere</strong></span> <span class='ocrx_word' id='word_1_688' title='bbox 3058 3870 3123 3924; x_wconf 87' lang='lat' dir='ltr'><strong>ad</strong></span> <span class='ocrx_word' id='word_1_689' title='bbox 3152 3869 3465 3935; x_wconf 82' lang='lat' dir='ltr'><strong>Dominum,</strong></span> <span class='ocrx_word' id='word_1_690' title='bbox 3491 3881 3540 3925; x_wconf 88' lang='lat' dir='ltr'><strong>et</strong></span> 
     </span>
    </p>
   </div>
   <div class='ocr_carea' id='block_1_89' title="bbox 1968 3959 3538 4034">
    <p class='ocr_par' dir='ltr' id='par_1_89' title="bbox 1968 3959 3538 4034">
     <span class='ocr_line' id='line_1_89' title="bbox 1968 3959 3538 4034; baseline -0.002 -16"><span class='ocrx_word' id='word_1_691' title='bbox 1968 3963 2211 4032; x_wconf 89' lang='lat' dir='ltr'><strong>relinque</strong></span> <span class='ocrx_word' id='word_1_692' title='bbox 2241 3971 2489 4034; x_wconf 86' lang='lat' dir='ltr'><strong>peccata,</strong></span> <span class='ocrx_word' id='word_1_693' title='bbox 2527 3974 2582 4017; x_wconf 87' lang='lat' dir='ltr'><strong>et</strong></span> <span class='ocrx_word' id='word_1_694' title='bbox 2608 3961 2766 4017; x_wconf 88' lang='lat' dir='ltr'><strong>valde</strong></span> <span class='ocrx_word' id='word_1_695' title='bbox 2794 3959 2941 4015; x_wconf 87' lang='lat' dir='ltr'><strong>odito</strong></span> <span class='ocrx_word' id='word_1_696' title='bbox 2964 3959 3393 4016; x_wconf 81' lang='lat' dir='ltr'><strong>exsecrationem</strong></span> <span class='ocrx_word' id='word_1_697' title='bbox 3422 3962 3490 4028; x_wconf 78' lang='grc' dir='ltr'><strong>³ος</strong></span> <span class='ocrx_word' id='word_1_698' title='bbox 3516 3980 3538 4015; x_wconf 80' lang='grc' dir='ltr'><strong>ι</strong></span> 
     </span>
    </p>
   </div>
   <div class='ocr_carea' id='block_1_90' title="bbox 1965 4040 3538 4123">
    <p class='ocr_par' dir='ltr' id='par_1_90' title="bbox 1965 4040 3538 4123">
     <span class='ocr_line' id='line_1_90' title="bbox 1965 4040 3538 4123; baseline 0.001 -14"><span class='ocrx_word' id='word_1_699' title='bbox 1965 4062 2018 4109; x_wconf 92' lang='lat' dir='ltr'><strong>et</strong></span> <span class='ocrx_word' id='word_1_700' title='bbox 2050 4040 2238 4109; x_wconf 84' lang='lat' dir='ltr'><strong>rursus</strong></span> <span class='ocrx_word' id='word_1_701' title='bbox 2269 4074 2281 4109; x_wconf 92' lang='lat'>:</span> <span class='ocrx_word' id='word_1_702' title='bbox 2319 4072 2338 4106; x_wconf 75' lang='grc' dir='ltr'><strong>ι</strong></span> <span class='ocrx_word' id='word_1_703' title='bbox 2376 4051 2668 4123; x_wconf 82' lang='lat' dir='ltr'><strong>Postquam</strong></span> <span class='ocrx_word' id='word_1_704' title='bbox 2708 4050 2860 4107; x_wconf 79' lang='lat' dir='ltr'><strong>vobis</strong></span> <span class='ocrx_word' id='word_1_705' title='bbox 2883 4050 3415 4122; x_wconf 88' lang='lat' dir='ltr'><strong>appropinquaverit,</strong></span> <span class='ocrx_word' id='word_1_706' title='bbox 3452 4054 3538 4110; x_wconf 66' lang='lat' dir='ltr'><strong>de</strong></span> 
     </span>
    </p>
   </div>
   <div class='ocr_carea' id='block_1_91' title="bbox 1965 4141 3537 4217">
    <p class='ocr_par' dir='ltr' id='par_1_91' title="bbox 1965 4141 3537 4217">
     <span class='ocr_line' id='line_1_91' title="bbox 1965 4141 3537 4217; baseline 0.001 -17"><span class='ocrx_word' id='word_1_707' title='bbox 1965 4146 2238 4216; x_wconf 84' lang='lat' dir='ltr'><strong>relinquat</strong></span> <span class='ocrx_word' id='word_1_708' title='bbox 2267 4145 2464 4216; x_wconf 87' lang='lat' dir='ltr'><strong>impius</strong></span> <span class='ocrx_word' id='word_1_709' title='bbox 2502 4144 2621 4205; x_wconf 85' lang='lat' dir='ltr'><strong>vias</strong></span> <span class='ocrx_word' id='word_1_710' title='bbox 2664 4158 2795 4200; x_wconf 87' lang='lat' dir='ltr'><strong>suas</strong></span> <span class='ocrx_word' id='word_1_711' title='bbox 2823 4142 2891 4200; x_wconf 77' lang='lat'><strong>&quot;.</strong></span> <span class='ocrx_word' id='word_1_712' title='bbox 2925 4162 2944 4196; x_wconf 76' lang='grc' dir='ltr'><strong>ι</strong></span> <span class='ocrx_word' id='word_1_713' title='bbox 2978 4141 3276 4214; x_wconf 88' lang='lat' dir='ltr'><strong>Propterea</strong></span> <span class='ocrx_word' id='word_1_714' title='bbox 3316 4146 3490 4217; x_wconf 88' lang='lat' dir='ltr'><strong>inquit</strong></span> <span class='ocrx_word' id='word_1_715' title='bbox 3520 4164 3537 4202; x_wconf 89' lang='lat'><strong>:</strong></span> 
     </span>
    </p>
   </div>
   <div class='ocr_carea' id='block_1_92' title="bbox 1962 4233 3535 4306">
    <p class='ocr_par' dir='ltr' id='par_1_92' title="bbox 1962 4233 3535 4306">
     <span class='ocr_line' id='line_1_92' title="bbox 1962 4233 3535 4306; baseline 0.003 -17"><span class='ocrx_word' id='word_1_716' title='bbox 1962 4256 1987 4289; x_wconf 72' lang='grc' dir='ltr'><strong>ι</strong></span> <span class='ocrx_word' id='word_1_717' title='bbox 2017 4235 2191 4304; x_wconf 86' lang='lat' dir='ltr'><strong>Quam</strong></span> <span class='ocrx_word' id='word_1_718' title='bbox 2231 4236 2499 4292; x_wconf 90' lang='lat' dir='ltr'><strong>modicum</strong></span> <span class='ocrx_word' id='word_1_719' title='bbox 2529 4235 2628 4290; x_wconf 81' lang='lat' dir='ltr'><strong>fuit</strong></span> <span class='ocrx_word' id='word_1_720' title='bbox 2664 4250 2786 4290; x_wconf 90' lang='lat' dir='ltr'><strong>cum</strong></span> <span class='ocrx_word' id='word_1_721' title='bbox 2829 4233 3053 4289; x_wconf 86' lang='lat' dir='ltr'><strong>transivi</strong></span> <span class='ocrx_word' id='word_1_722' title='bbox 3082 4234 3149 4289; x_wconf 88' lang='lat' dir='ltr'><strong>ab</strong></span> <span class='ocrx_word' id='word_1_723' title='bbox 3180 4233 3337 4305; x_wconf 90' lang='lat' dir='ltr'><strong>ipsis,</strong></span> <span class='ocrx_word' id='word_1_724' title='bbox 3364 4237 3535 4306; x_wconf 83' lang='lat' dir='ltr'><strong>quoad</strong></span> 
     </span>
    </p>
   </div>
   <div class='ocr_carea' id='block_1_93' title="bbox 1964 4326 3177 4400">
    <p class='ocr_par' dir='ltr' id='par_1_93' title="bbox 1964 4326 3177 4400">
     <span class='ocr_line' id='line_1_93' title="bbox 1964 4326 3177 4400; baseline -0.007 -13"><span class='ocrx_word' id='word_1_725' title='bbox 1964 4344 2134 4400; x_wconf 87' lang='lat' dir='ltr'><strong>usque</strong></span> <span class='ocrx_word' id='word_1_726' title='bbox 2164 4328 2344 4384; x_wconf 87' lang='lat' dir='ltr'><strong>inveni</strong></span> <span class='ocrx_word' id='word_1_727' title='bbox 2379 4343 2536 4398; x_wconf 89' lang='lat' dir='ltr'><strong>quem</strong></span> <span class='ocrx_word' id='word_1_728' title='bbox 2563 4326 2749 4383; x_wconf 78' lang='lat' dir='ltr'><strong>dilexit</strong></span> <span class='ocrx_word' id='word_1_729' title='bbox 2772 4326 2950 4381; x_wconf 91' lang='lat' dir='ltr'><strong>anima</strong></span> <span class='ocrx_word' id='word_1_730' title='bbox 2976 4339 3117 4381; x_wconf 86' lang='lat' dir='ltr'><strong>mea.</strong></span> <span class='ocrx_word' id='word_1_731' title='bbox 3157 4342 3177 4379; x_wconf 75' lang='grc' dir='ltr'><strong>ι</strong></span> 
     </span>
    </p>
   </div>
   <div class='ocr_carea' id='block_1_94' title="bbox 2031 4437 3254 4505">
    <p class='ocr_par' dir='ltr' id='par_1_94' title="bbox 2031 4437 3254 4505">
     <span class='ocr_line' id='line_1_94' title="bbox 2031 4437 3254 4505; baseline 0 -11"><span class='ocrx_word' id='word_1_732' title='bbox 2031 4437 2267 4495; x_wconf 81' lang='lat' dir='ltr'><strong>LXXVI.</strong></span> <span class='ocrx_word' id='word_1_733' title='bbox 2310 4437 2477 4495; x_wconf 71' lang='lat' dir='ltr'><strong>Tenui</strong></span> <span class='ocrx_word' id='word_1_734' title='bbox 2506 4455 2625 4495; x_wconf 79' lang='lat' dir='ltr'><strong>eum</strong></span> <span class='ocrx_word' id='word_1_735' title='bbox 2646 4480 2663 4505; x_wconf 93' lang='lat'><strong>,</strong></span> <span class='ocrx_word' id='word_1_736' title='bbox 2701 4455 2794 4494; x_wconf 83' lang='lat' dir='ltr'><strong>nec</strong></span> <span class='ocrx_word' id='word_1_737' title='bbox 2822 4438 3089 4494; x_wconf 82' lang='lat' dir='ltr'><strong>dimittam</strong></span> <span class='ocrx_word' id='word_1_738' title='bbox 3115 4455 3254 4494; x_wconf 84' lang='lat' dir='ltr'><strong>eum.</strong></span> 
     </span>
    </p>
   </div>
   <div class='ocr_carea' id='block_1_95' title="bbox 2032 4636 3534 4707">
    <p class='ocr_par' dir='ltr' id='par_1_95' title="bbox 2032 4636 3534 4707">
     <span class='ocr_line' id='line_1_95' title="bbox 2032 4636 3534 4707; baseline 0.003 -15"><span class='ocrx_word' id='word_1_739' title='bbox 2032 4636 2311 4704; x_wconf 86' lang='lat' dir='ltr'><strong>Quomodo</strong></span> <span class='ocrx_word' id='word_1_740' title='bbox 2347 4652 2471 4693; x_wconf 88' lang='lat' dir='ltr'><strong>eum</strong></span> <span class='ocrx_word' id='word_1_741' title='bbox 2513 4646 2662 4695; x_wconf 87' lang='lat' dir='ltr'><strong>tenet</strong></span> <span class='ocrx_word' id='word_1_742' title='bbox 2694 4638 2873 4694; x_wconf 89' lang='lat' dir='ltr'><strong>anima</strong></span> <span class='ocrx_word' id='word_1_743' title='bbox 2901 4637 3224 4707; x_wconf 78' lang='lat' dir='ltr'><strong>iustorum?</strong></span> <span class='ocrx_word' id='word_1_744' title='bbox 3258 4638 3534 4696; x_wconf 75' lang='lat' dir='ltr'><strong>Faciendu</strong></span> 
     </span>
    </p>
   </div>
   <div class='ocr_carea' id='block_1_96' title="bbox 1961 4730 3530 4802">
    <p class='ocr_par' dir='ltr' id='par_1_96' title="bbox 1961 4730 3530 4802">
     <span class='ocr_line' id='line_1_96' title="bbox 1961 4730 3530 4802; baseline 0.001 -16"><span class='ocrx_word' id='word_1_745' title='bbox 1961 4730 2220 4786; x_wconf 87' lang='lat' dir='ltr'><strong>nimirum</strong></span> <span class='ocrx_word' id='word_1_746' title='bbox 2283 4745 2404 4800; x_wconf 62' lang='lat' dir='ltr'><strong>quae</strong></span> <span class='ocrx_word' id='word_1_747' title='bbox 2460 4731 2536 4786; x_wconf 90' lang='lat' dir='ltr'><strong>illi</strong></span> <span class='ocrx_word' id='word_1_748' title='bbox 2589 4740 2714 4787; x_wconf 87' lang='lat' dir='ltr'><strong>sunt</strong></span> <span class='ocrx_word' id='word_1_749' title='bbox 2754 4730 2977 4802; x_wconf 81' lang='lat' dir='ltr'><strong>placita.</strong></span> <span class='ocrx_word' id='word_1_750' title='bbox 3028 4730 3337 4787; x_wconf 85' lang='lat' dir='ltr'><strong>Delectatus</strong></span> <span class='ocrx_word' id='word_1_751' title='bbox 3385 4734 3530 4789; x_wconf 85' lang='lat' dir='ltr'><strong>enim</strong></span> 
     </span>
    </p>
   </div>
   <div class='ocr_carea' id='block_1_97' title="bbox 1964 4822 3535 4897">
    <p class='ocr_par' dir='ltr' id='par_1_97' title="bbox 1964 4822 3535 4897">
     <span class='ocr_line' id='line_1_97' title="bbox 1964 4822 3535 4897; baseline 0.004 -22"><span class='ocrx_word' id='word_1_752' title='bbox 1964 4836 2198 4891; x_wconf 89' lang='lat' dir='ltr'><strong>sponsus</strong></span> <span class='ocrx_word' id='word_1_753' title='bbox 2245 4822 2518 4890; x_wconf 83' lang='lat' dir='ltr'><strong>justorum</strong></span> <span class='ocrx_word' id='word_1_754' title='bbox 2571 4824 2751 4879; x_wconf 88' lang='lat' dir='ltr'><strong>anima</strong></span> <span class='ocrx_word' id='word_1_755' title='bbox 2813 4824 2978 4880; x_wconf 88' lang='lat' dir='ltr'><strong>veluti</strong></span> <span class='ocrx_word' id='word_1_756' title='bbox 3028 4841 3265 4897; x_wconf 89' lang='lat' dir='ltr'><strong>sponsa.</strong></span> <span class='ocrx_word' id='word_1_757' title='bbox 3318 4826 3535 4882; x_wconf 79' lang='lat' dir='ltr'><strong>virtutis</strong></span> 
     </span>
    </p>
   </div>
   <div class='ocr_carea' id='block_1_98' title="bbox 1959 4914 3533 4990">
    <p class='ocr_par' dir='ltr' id='par_1_98' title="bbox 1959 4914 3533 4990">
     <span class='ocr_line' id='line_1_98' title="bbox 1959 4914 3533 4990; baseline 0.001 -21"><span class='ocrx_word' id='word_1_758' title='bbox 1959 4921 2178 4969; x_wconf 87' lang='lat' dir='ltr'><strong>tenetur</strong></span> <span class='ocrx_word' id='word_1_759' title='bbox 2210 4914 2468 4984; x_wconf 89' lang='lat' dir='ltr'><strong>operibus</strong></span> <span class='ocrx_word' id='word_1_760' title='bbox 2491 4956 2506 4982; x_wconf 89' lang='lat'><strong>,</strong></span> <span class='ocrx_word' id='word_1_761' title='bbox 2543 4930 2653 4972; x_wconf 91' lang='lat' dir='ltr'><strong>non</strong></span> <span class='ocrx_word' id='word_1_762' title='bbox 2689 4918 2938 4975; x_wconf 91' lang='lat' dir='ltr'><strong>manibus</strong></span> <span class='ocrx_word' id='word_1_763' title='bbox 2961 4961 2975 4979; x_wconf 90' lang='lat'><strong>.</strong></span> <span class='ocrx_word' id='word_1_764' title='bbox 3012 4920 3105 4976; x_wconf 87' lang='lat' dir='ltr'><strong>sed</strong></span> <span class='ocrx_word' id='word_1_765' title='bbox 3149 4922 3492 4990; x_wconf 83' lang='lat' dir='ltr'><strong>eleemosyna</strong></span> <span class='ocrx_word' id='word_1_766' title='bbox 3514 4954 3533 4989; x_wconf 89' lang='grc'><strong>,</strong></span> 
     </span>
    </p>
   </div>
   <div class='ocr_carea' id='block_1_99' title="bbox 1957 5004 2547 5062">
    <p class='ocr_par' dir='ltr' id='par_1_99' title="bbox 1957 5004 2547 5062">
     <span class='ocr_line' id='line_1_99' title="bbox 1957 5004 2547 5062; baseline 0.002 -1"><span class='ocrx_word' id='word_1_767' title='bbox 1957 5004 2206 5061; x_wconf 86' lang='lat' dir='ltr'><strong>castitate</strong></span> <span class='ocrx_word' id='word_1_768' title='bbox 2230 5013 2286 5059; x_wconf 91' lang='lat' dir='ltr'><strong>et</strong></span> <span class='ocrx_word' id='word_1_769' title='bbox 2317 5006 2547 5062; x_wconf 84' lang='lat' dir='ltr'><strong>ratione.</strong></span> 
     </span>
    </p>
   </div>
   <div class='ocr_carea' id='block_1_100' title="bbox 1962 5192 3178 5265">
    <p class='ocr_par' dir='ltr' id='par_1_100' title="bbox 1962 5192 3178 5265">
     <span class='ocr_line' id='line_1_100' title="bbox 1962 5192 3178 5265; baseline 0.005 -16"><span class='ocrx_word' id='word_1_770' title='bbox 1962 5192 2008 5226; x_wconf 82' lang='grc'><strong>³⁸</strong></span> <span class='ocrx_word' id='word_1_771' title='bbox 2040 5193 2206 5250; x_wconf 87' lang='lat' dir='ltr'><strong>Eccli.</strong></span> <span class='ocrx_word' id='word_1_772' title='bbox 2236 5210 2344 5251; x_wconf 82' lang='lat' dir='ltr'><strong>xvu</strong></span> <span class='ocrx_word' id='word_1_773' title='bbox 2366 5236 2382 5260; x_wconf 91' lang='lat'><strong>,</strong></span> <span class='ocrx_word' id='word_1_774' title='bbox 2426 5195 2517 5265; x_wconf 73' lang='lat'><strong>25,</strong></span> <span class='ocrx_word' id='word_1_775' title='bbox 2540 5196 2631 5251; x_wconf 73' lang='lat'><strong>26.</strong></span> <span class='ocrx_word' id='word_1_776' title='bbox 2708 5198 2747 5229; x_wconf 82' lang='lat'><strong>&quot;</strong></span> <span class='ocrx_word' id='word_1_777' title='bbox 2792 5196 2899 5253; x_wconf 84' lang='lat' dir='ltr'><strong>lsa.</strong></span> <span class='ocrx_word' id='word_1_778' title='bbox 2934 5213 3023 5265; x_wconf 79' lang='lat' dir='ltr'><strong>LV,</strong></span> <span class='ocrx_word' id='word_1_779' title='bbox 3048 5198 3099 5261; x_wconf 82' lang='lat'><strong>6,</strong></span> <span class='ocrx_word' id='word_1_780' title='bbox 3127 5196 3178 5255; x_wconf 87' lang='lat'><strong>7.</strong></span> 
     </span>
    </p>
   </div>
   <div class='ocr_carea' id='block_1_101' title="bbox 2027 5376 3526 5452">
    <p class='ocr_par' dir='ltr' id='par_1_101' title="bbox 2027 5376 3526 5452">
     <span class='ocr_line' id='line_1_101' title="bbox 2027 5376 3526 5452; baseline 0.003 -17"><span class='ocrx_word' id='word_1_781' title='bbox 2027 5380 2143 5452; x_wconf 77' lang='grc'>(55)</span> <span class='ocrx_word' id='word_1_782' title='bbox 2202 5379 2473 5436; x_wconf 76' lang='lat' dir='ltr'><strong>Revocavt</strong></span> <span class='ocrx_word' id='word_1_783' title='bbox 2528 5381 2625 5437; x_wconf 82' lang='lat' dir='ltr'><strong>bas</strong></span> <span class='ocrx_word' id='word_1_784' title='bbox 2668 5376 2803 5434; x_wconf 86' lang='lat' dir='ltr'><strong>duas</strong></span> <span class='ocrx_word' id='word_1_785' title='bbox 2847 5394 3032 5445; x_wconf 90' lang='lat' dir='ltr'><strong>voces,</strong></span> <span class='ocrx_word' id='word_1_786' title='bbox 3087 5396 3205 5452; x_wconf 81' lang='lat' dir='ltr'><strong>quae</strong></span> <span class='ocrx_word' id='word_1_787' title='bbox 3260 5383 3458 5442; x_wconf 71' lang='lat' dir='ltr'><strong>absunt</strong></span> <span class='ocrx_word' id='word_1_788' title='bbox 3501 5403 3526 5439; x_wconf 87' lang='lat' dir='ltr'><strong>a</strong></span> 
     </span>
    </p>
   </div>
   <div class='ocr_carea' id='block_1_102' title="bbox 259 5435 1867 5520">
    <p class='ocr_par' dir='ltr' id='par_1_102' title="bbox 259 5435 1851 5520">
     <span class='ocr_line' id='line_1_102' title="bbox 259 5435 1851 5520; baseline 0.011 -32"><span class='ocrx_word' id='word_1_789' title='bbox 259 5435 364 5488; x_wconf 73' lang='lat' dir='ltr'><strong>Ilia</strong></span> <span class='ocrx_word' id='word_1_790' title='bbox 406 5436 657 5520; x_wconf 45' lang='lat' dir='ltr'><strong>vero,“</strong></span> <span class='ocrx_word' id='word_1_791' title='bbox 684 5439 809 5520; x_wconf 43' lang='grc' dir='ltr'>οὐκ.</span> <span class='ocrx_word' id='word_1_792' title='bbox 841 5439 1017 5520; x_wconf 40' lang='lat' dir='ltr'><strong>laxast</strong></span> <span class='ocrx_word' id='word_1_793' title='bbox 1042 5442 1159 5496; x_wconf 83' lang='grc' dir='ltr'><strong>-τοῦ</strong></span> <span class='ocrx_word' id='word_1_794' title='bbox 1191 5435 1493 5512; x_wconf 68' lang='grc' dir='ltr'>ἐξελέσθαι,</span> <span class='ocrx_word' id='word_1_795' title='bbox 1534 5447 1732 5502; x_wconf 78' lang='lat' dir='ltr'><strong>absunt.</strong></span> <span class='ocrx_word' id='word_1_796' title='bbox 1783 5435 1851 5506; x_wconf 74' lang='lat' dir='ltr'><strong>ab</strong></span> 
     </span>
    </p>
   </div>
   <div class='ocr_carea' id='block_1_103' title="bbox 1968 5435 2109 5520">
    <p class='ocr_par' dir='ltr' id='par_1_103' title="bbox 1968 5435 2109 5520">
     <span class='ocr_line' id='line_1_103' title="bbox 1968 5435 2109 5520; baseline -0.014 -15"><span class='ocrx_word' id='word_1_797' title='bbox 1968 5435 2109 5520; x_wconf 74' lang='lat' dir='ltr'><strong>codd.</strong></span> 
     </span>
    </p>
   </div>
   <div class='ocr_carea' id='block_1_104' title="bbox 260 5504 1077 5567">
    <p class='ocr_par' dir='ltr' id='par_1_104' title="bbox 260 5504 1077 5567">
     <span class='ocr_line' id='line_1_104' title="bbox 260 5504 1077 5567; baseline 0.011 -10"><span class='ocrx_word' id='word_1_798' title='bbox 260 5504 520 5559; x_wconf 72' lang='lat' dir='ltr'><strong>clunibus</strong></span> <span class='ocrx_word' id='word_1_799' title='bbox 543 5504 680 5563; x_wconf 73' lang='lat' dir='ltr'><strong>Bibl.</strong></span> <span class='ocrx_word' id='word_1_800' title='bbox 724 5504 1077 5567; x_wconf 66' lang='lat' dir='ltr'><strong>editioiiibus.</strong></span> 
     </span>
    </p>
   </div>
   <div class='ocr_carea' id='block_1_105' title="bbox 338 5574 1282 5656">
    <p class='ocr_par' dir='ltr' id='par_1_105' title="bbox 338 5574 1282 5656">
     <span class='ocr_line' id='line_1_105' title="bbox 338 5574 1282 5656; baseline 0.015 -29"><span class='ocrx_word' id='word_1_801' title='bbox 490 5575 803 5656; x_wconf 57' lang='lat' dir='ltr'><strong>legendum</strong></span> <span class='ocrx_word' id='word_1_802' title='bbox 832 5581 1282 5656; x_wconf 74' lang='grc' dir='ltr'>αναστησαμὲνη.</span> 
     </span>
    </p>
   </div>
   <div class='ocr_carea' id='block_1_106' title="bbox 339 5646 866 5719">
    <p class='ocr_par' dir='ltr' id='par_1_106' title="bbox 339 5646 866 5719">
     <span class='ocr_line' id='line_1_106' title="bbox 339 5646 866 5719; baseline 0.009 -17"><span class='ocrx_word' id='word_1_803' title='bbox 339 5647 450 5719; x_wconf 63' lang='grc' dir='ltr'>(ξε)</span> <span class='ocrx_word' id='word_1_804' title='bbox 488 5646 631 5719; x_wconf 58' lang='lat' dir='ltr'><strong>Lego</strong></span> <span class='ocrx_word' id='word_1_805' title='bbox 662 5652 713 5704; x_wconf 84' lang='grc' dir='ltr'><strong>ει</strong></span> <span class='ocrx_word' id='word_1_806' title='bbox 743 5651 866 5709; x_wconf 80' lang='grc' dir='ltr'>καί.</span> 
     </span>
    </p>
   </div>
   <div class='ocr_carea' id='block_1_107' title="bbox 256 5716 1849 5844">
    <p class='ocr_par' dir='ltr' id='par_1_107' title="bbox 256 5716 1849 5844">
     <span class='ocr_line' id='line_1_107' title="bbox 256 5716 1849 5844; baseline 0.006 -68"><span class='ocrx_word' id='word_1_807' title='bbox 256 5716 455 5844; x_wconf 51' lang='lat'><strong>00$?)</strong></span> <span class='ocrx_word' id='word_1_808' title='bbox 494 5716 585 5778; x_wconf 69' lang='lat' dir='ltr'><strong>Sic</strong></span> <span class='ocrx_word' id='word_1_809' title='bbox 610 5721 971 5779; x_wconf 79' lang='lat' dir='ltr'><strong>scribendum</strong></span> <span class='ocrx_word' id='word_1_810' title='bbox 1011 5739 1106 5796; x_wconf 89' lang='lat' dir='ltr'><strong>pro</strong></span> <span class='ocrx_word' id='word_1_811' title='bbox 1142 5724 1325 5796; x_wconf 72' lang='grc' dir='ltr'>ὲλαιῶ,</span> <span class='ocrx_word' id='word_1_812' title='bbox 1366 5728 1456 5799; x_wconf 88' lang='lat' dir='ltr'><strong>qui</strong></span> <span class='ocrx_word' id='word_1_813' title='bbox 1484 5744 1639 5787; x_wconf 83' lang='lat' dir='ltr'><strong>error</strong></span> <span class='ocrx_word' id='word_1_814' title='bbox 1666 5740 1747 5787; x_wconf 90' lang='lat' dir='ltr'><strong>cst</strong></span> <span class='ocrx_word' id='word_1_815' title='bbox 1795 5731 1849 5787; x_wconf 90' lang='lat' dir='ltr'><strong>in</strong></span> 
     </span>
    </p>
   </div>
   <div class='ocr_carea' id='block_1_108' title="bbox 2026 5517 3525 5591">
    <p class='ocr_par' dir='ltr' id='par_1_108' title="bbox 2026 5517 3525 5591">
     <span class='ocr_line' id='line_1_108' title="bbox 2026 5517 3525 5591; baseline 0.006 -18"><span class='ocrx_word' id='word_1_816' title='bbox 2026 5519 2138 5589; x_wconf 77' lang='grc'>(54)</span> <span class='ocrx_word' id='word_1_817' title='bbox 2182 5517 2352 5591; x_wconf 86' lang='lat' dir='ltr'><strong>Vatic.</strong></span> <span class='ocrx_word' id='word_1_818' title='bbox 2380 5519 2511 5573; x_wconf 89' lang='lat' dir='ltr'><strong>edit.</strong></span> <span class='ocrx_word' id='word_1_819' title='bbox 2542 5520 2750 5591; x_wconf 80' lang='grc' dir='ltr'>ἀφῆκα.</span> <span class='ocrx_word' id='word_1_820' title='bbox 2791 5519 2976 5577; x_wconf 88' lang='lat' dir='ltr'><strong>Lectio</strong></span> <span class='ocrx_word' id='word_1_821' title='bbox 3012 5520 3251 5579; x_wconf 82' lang='lat' dir='ltr'><strong>Philonis</strong></span> <span class='ocrx_word' id='word_1_822' title='bbox 3284 5524 3336 5578; x_wconf 90' lang='lat' dir='ltr'><strong>in</strong></span> <span class='ocrx_word' id='word_1_823' title='bbox 3368 5526 3525 5582; x_wconf 82' lang='lat' dir='ltr'><strong>nullis</strong></span> 
     </span>
    </p>
   </div>
   <div class='ocr_carea' id='block_1_109' title="bbox 1957 5590 3526 5662">
    <p class='ocr_par' dir='ltr' id='par_1_109' title="bbox 1957 5590 3526 5662">
     <span class='ocr_line' id='line_1_109' title="bbox 1957 5590 3526 5662; baseline 0.006 -20"><span class='ocrx_word' id='word_1_824' title='bbox 1957 5590 2348 5662; x_wconf 70' lang='lat' dir='ltr'><strong>apparetedit.</strong></span> <span class='ocrx_word' id='word_1_825' title='bbox 2390 5590 2696 5662; x_wconf 36' lang='lat' dir='ltr'><strong>apudulto’s.</strong></span> <span class='ocrx_word' id='word_1_826' title='bbox 2749 5593 2993 5662; x_wconf 82' lang='lat' dir='ltr'><strong>proxime</strong></span> <span class='ocrx_word' id='word_1_827' title='bbox 3040 5610 3167 5649; x_wconf 86' lang='lat' dir='ltr'><strong>vero</strong></span> <span class='ocrx_word' id='word_1_828' title='bbox 3205 5597 3413 5651; x_wconf 85' lang='lat' dir='ltr'><strong>accedit</strong></span> <span class='ocrx_word' id='word_1_829' title='bbox 3460 5598 3526 5652; x_wconf 88' lang='lat' dir='ltr'><strong>ad</strong></span> 
     </span>
    </p>
   </div>
   <div class='ocr_carea' id='block_1_110' title="bbox 1955 5658 3182 5737">
    <p class='ocr_par' dir='ltr' id='par_1_110' title="bbox 1955 5658 3182 5737">
     <span class='ocr_line' id='line_1_110' title="bbox 1955 5658 3182 5737; baseline 0.004 -23"><span class='ocrx_word' id='word_1_830' title='bbox 1955 5658 2299 5737; x_wconf 56' lang='lat' dir='ltr'><strong>lCCL._§C_hOI.</strong></span> <span class='ocrx_word' id='word_1_831' title='bbox 2317 5675 2489 5737; x_wconf 69' lang='lat' dir='ltr'><strong>quam</strong></span> <span class='ocrx_word' id='word_1_832' title='bbox 2529 5658 2770 5737; x_wconf 53' lang='lat' dir='ltr'><strong>lflobilius</strong></span> <span class='ocrx_word' id='word_1_833' title='bbox 2795 5662 2949 5719; x_wconf 81' lang='lat' dir='ltr'><strong>affert</strong></span> <span class='ocrx_word' id='word_1_834' title='bbox 2972 5664 3182 5737; x_wconf 59' lang='grc' dir='ltr'><strong>«ἐινὴσιιι2</strong></span> 
     </span>
    </p>
   </div>
   <div class='ocr_carea' id='block_1_111' title="bbox 2030 5728 3523 5808">
    <p class='ocr_par' dir='ltr' id='par_1_111' title="bbox 2030 5728 3523 5808">
     <span class='ocr_line' id='line_1_111' title="bbox 2030 5728 3523 5808; baseline 0.004 -24"><span class='ocrx_word' id='word_1_835' title='bbox 2030 5728 2142 5808; x_wconf 73' lang='grc'>(55)</span> <span class='ocrx_word' id='word_1_836' title='bbox 2182 5728 2490 5808; x_wconf 75' lang='lat' dir='ltr'><strong>Lectionctn</strong></span> <span class='ocrx_word' id='word_1_837' title='bbox 2536 5731 2676 5808; x_wconf 74' lang='lat' dir='ltr'><strong>hanc</strong></span> <span class='ocrx_word' id='word_1_838' title='bbox 2721 5735 2993 5808; x_wconf 68' lang='lat' dir='ltr'><strong>desumpsi</strong></span> <span class='ocrx_word' id='word_1_839' title='bbox 3044 5728 3108 5793; x_wconf 75' lang='lat' dir='ltr'><strong>ex</strong></span> <span class='ocrx_word' id='word_1_840' title='bbox 3145 5733 3331 5792; x_wconf 84' lang='lat' dir='ltr'><strong>Vallic.</strong></span> <span class='ocrx_word' id='word_1_841' title='bbox 3377 5736 3523 5798; x_wconf 88' lang='lat' dir='ltr'><strong>cod.;</strong></span> 
     </span>
    </p>
   </div>
   <div class='ocr_carea' id='block_1_112' title="bbox 1954 5797 2804 5873">
    <p class='ocr_par' dir='ltr' id='par_1_112' title="bbox 1954 5797 2804 5873">
     <span class='ocr_line' id='line_1_112' title="bbox 1954 5797 2804 5873; baseline 0.002 -21"><span class='ocrx_word' id='word_1_842' title='bbox 1954 5797 2192 5856; x_wconf 60' lang='lat' dir='ltr'><strong>Bai-met</strong></span> <span class='ocrx_word' id='word_1_843' title='bbox 2215 5816 2365 5858; x_wconf 81' lang='lat' dir='ltr'><strong>meus</strong></span> <span class='ocrx_word' id='word_1_844' title='bbox 2393 5801 2597 5873; x_wconf 75' lang='grc' dir='ltr'>ἀρεστὰ</span> <span class='ocrx_word' id='word_1_845' title='bbox 2619 5803 2804 5858; x_wconf 73' lang='grc' dir='ltr'>αὑτοῦ.</span> 
     </span>
    </p>
   </div>
  </div>
