4048 6212
407 247 481 308 83

1510 244 1829 303 PHILONIS
1865 241 2175 302 EPISCOPI
2214 241 2533 303 CARPASll
3595 235 3667 293 8'.

409 363 645 420 circuitu
691 377 808 434 eius
853 377 920 418 ex
947 359 1457 431 p0tentibuslsrael,
1492 381 1511 416 ι
1551 363 1671 419 illos
1713 362 1983 432 intelligo,

2098 362 2187 416 καὶ
2223 362 2326 433 τῆς
2370 356 2720 420 ἀναστάσεως
2740 369 2755 386 ⁸
2785 351 2912 426 περὶ
2934 346 3003 424 ἧς
3026 349 3217 422 κλίνης
3240 351 3289 405 oi
3323 348 3546 434 ἀγγελοι
3575 347 3668 400 λέ-

410 456 499 523 qui
533 453 681 509 missi
715 454 930 510 fuerunt
970 469 1000 509 a
1045 451 1290 519 ludatis,
1331 462 1390 509 ut
1427 454 1765 511 custodirent
1805 454 1986 525 sepul-

408 562 585 602 crum.
614 564 634 598 ι
658 544 861 602 Onmes
887 553 1136 602 tenentes
1162 544 1397 615 gladium
1417 588 1435 616 ,
1463 547 1607 603 docti
1639 546 1860 603 bellum.
1894 545 1988 602 Vir

407 636 617 708 gladius
641 637 756 706 ejus
783 651 946 706 super
971 635 1148 691 femur
1167 636 1285 707 ejus
1312 651 1341 691 a
1369 651 1573 707 pavore
1603 639 1654 693 in
1680 639 1980 694 noctibus.»

410 726 536 782 Haec
561 728 703 781 enim
735 725 804 781 iis
830 725 1102 797 contigere
1129 727 1221 796 qui
1255 730 1542 782 servabant
1567 724 1941 798 (sepulcrum)
1966 742 1983 793 ;

408 814 625 889 quando
668 814 773 871 illis
806 817 1173 882 servantibus,
1224 834 1245 868 ι
1278 823 1437 874 terra:
1477 826 1656 874 motus
1687 817 1861 874 factus
1901 825 1987 873 est

408 923 635 978 magnus
664 926 678 964 :
708 908 933 979 angelus
960 908 1102 963 enim
1129 907 1344 965 Domini
1372 909 1598 965 revolvit
1620 909 1851 982 lapidem
1879 910 1979 963 ἠδ

407 998 475 1055 Et
509 1015 573 1055 ea
608 1009 764 1055 nocte
795 999 1071 1071 perterriti
1102 1001 1195 1070 qui
1239 1001 1531 1056 servabant
1562 1000 1983 1074 (sepulcrum).

412 1107 432 1142 ι
465 1089 591 1145 l‘actl
625 1101 750 1146 sunt
795 1089 944 1145 velut
986 1091 1189 1147 mortui
1221 1090 1321 1147 ⁴³.›
1366 1091 1660 1163 Propterea
1693 1093 1862 1151 dicit:
1892 1110 1911 1145 ι
1937 1093 1985 1146 Α

408 1192 607 1247 pavore
637 1178 690 1233 in
721 1177 989 1234 noctibus.
1016 1197 1036 1230 ι

478 1441 769 1502 LXXXIV.
809 1432 977 1502 Vens.
1039 1440 1093 1499 9.
1150 1443 1504 1500 Senatorium
1552 1443 1654 1499 sibi
1701 1443 1828 1514 fecit
1889 1459 1983 1498 rex

408 1536 658 1592 Salomon
699 1552 765 1591 ea:
804 1536 964 1607 lignis
1008 1535 1217 1592 Libani.

479 1627 848 1684 Gestatorium
898 1627 1136 1700 intellige
1178 1627 1349 1697 ipsam
1394 1644 1614 1685 carnem
1662 1626 1975 1700 Unigeniti,

2087 430 2305 525 fouetur
2342 470 2363 506 ι
2394 452 2523 506 Ἰδοὺ
2563 450 2594 503 ό
2629 447 2822 510 τόπος,
2859 446 2995 498 ὅπου
3030 443 3207 497 εκειτο
3230 443 3258 497 ὁ
3302 430 3530 511 Κύριος.
3559 458 3578 491 ι
3602 468 3673 484 α-

2092 561 2111 595 t
2156 541 2449 613 Ἐξήκοντα
2519 536 2736 592 δυνατοὶ
2782 530 2967 606 κύκλῳ
3024 534 3197 603 αὐτῆς
3254 531 3364 585 ἀπὸ
3422 530 3673 584 δυνατῶν

2098 632 2337 705 Ἰσραὴλ,
2365 651 2385 685 ι
2443 630 2683 694 ἐκείνους
2726 626 2851 690 τοὺς
2904 625 3014 680 ἀπὸ
3048 622 3317 679 Ἰουδαίων
3368 620 3677 693 βληθέντας

2085 724 2373 794 φυλάττειν
2396 724 2489 778 τὸν
2508 724 2697 793 τάφον.
2735 739 2757 773 ι
2774 720 2984 781 Πάντες
3014 717 3335 789 κατέχοντες
3363 713 3672 787 ῥομφαίαν,

2083 813 2450 885 δεδιδαγμένοι
2482 812 2737 883 πόλεμον.
2784 810 2948 882 Ἀνὴρ
2978 807 3222 881 ῥομφαία
3245 805 3412 860 αὐτοῦ
3452 806 3550 857 ἐπὶ
3579 803 3675 857 τὸν

2088 903 2262 976 μηρὸν
2293 900 2458 958 αὑτοῦ
2490 900 2597 956 ἀπὸ
2624 898 2864 969 Οάμϐους
2887 901 2944 952 ἐν
2969 897 3109 963 νυξί.
3133 915 3153 949 ι
3182 894 3368 950 Ταῦτα
3391 895 3504 966 γὰρ
3529 910 3668 964 συμ-

2085 995 2318 1068 ϐέϐηκεν
2349 995 2577 1059 ἐκείνοις
2614 996 2726 1057 τοῖς
2772 990 3054 1064 τηροῦσιν,
3081 988 3319 1058 ὁπηνίκα
3348 987 3675 1058 τηρούντων

2084 1089 2285 1153 αὐτῶν,
2305 1108 2327 1141 ‹
2347 1088 2571 1158 σεισμὸς
2591 1085 2809 1156 ἐγένετο
2828 1084 3023 1155 μέγας.
3047 1080 3311 1151 Ἀγγελος
3328 1077 3438 1150 γὰρ
3455 1078 3673 1149 Κυρίου

2083 1178 2381 1233 ἀπεκύλισε
2408 1176 2501 1231 τὸν
2523 1174 2732 1230 λίθον.ι
2764 1175 2875 1229 Καὶ
2906 1175 2965 1228 ὲν
2999 1175 3063 1244 τῇ
3091 1169 3248 1225 νυκτὶ
3272 1167 3449 1242 ταύτῃ
3481 1170 3532 1221 οἱ
3569 1185 3674 1239 τη-

2085 1269 2305 1344 ροῦντες
2347 1265 2808 1338 έκθαμϐηθέντες,
2859 1282 2879 1316 t
2925 1263 3173 1333 ἐγένοντο
3220 1260 3356 1314 ὡσεὶ
3393 1259 3608 1332 νεκροί.
3648 1276 3670 1310 ι

2082 1362 2173 1416 Διό
2207 1375 2400 1432 φησιν’
2439 1376 2461 1411 t
2491 1358 2624 1412 Ἀπὸ
2660 1356 2906 1428 θάμϐους
2931 1356 2988 1409 ὲν
3007 1354 3177 1420 νυξίν.
3216 1372 3237 1406 ι

2153 1454 2275 1508 ΠΔ’.
2307 1454 2397 1507 Στ.
2434 1450 2501 1505 θ’.
2536 1448 2784 1518 Φορεῒον
2831 1444 3022 1513 ἑαυτῷ
3077 1444 3367 1515 ἐποίησεν
3408 1445 3444 1499 d
3488 1442 3680 1508 ,βασι-

2081 1541 2229 1608 λεὺς
2252 1537 2541 1609 Σαλομὼν
2554 1538 2672 1594 ἀπὸ
2695 1537 2731 1602 ξ
2736 1539 2898 1592 15.1m-
2931 1535 3038 1590 τοῦ
3071 1534 3355 1591 Λιϐάνου.

2152 1632 2224 1684 Φο
2231 1632 2372 1701 ρεῖον
2384 1629 2492 1684 νόει
2507 1646 2597 1701 μοι
2609 1627 2704 1682 καὶ
2713 1625 2882 1698 αὐτὴν
2896 1625 2995 1696 τὴν
3009 1626 3185 1697 σάρκα
3198 1624 3292 1679 τοῦ
3309 1621 3676 1693 Μονογενοῦς,

409 1717 462 1772 in
492 1734 597 1790 qua
624 1717 789 1773 Deum
815 1717 1190 1786 abscondens,
1222 1729 1280 1775 ut
1323 1720 1489 1776 homo
1518 1734 1637 1775 cum
1673 1720 1983 1779 hominibus

2098 1727 2144 1777 ἐν
2233 1720 2592 1793 κατακρύψας
2612 1719 2702 1773 τὸν
2730 1718 2883 1781 Θεὸν,
2909 1717 2985 1782 ὡς
3018 1717 3312 1789 ἄνθρωπος
3355 1713 3676 1787 ἀνθρώποις

407 1810 852 1866 conversabatur.
902 1809 1007 1865 Sed
1036 1801 1495 1880 quemadmodum
1543 1811 1795 1870 consules
1848 1829 1981 1885 pro-

407 1898 637 1956 deuntes
664 1900 715 1955 in
747 1901 1039 1970 gestatoria
1065 1898 1198 1956 sella
1241 1901 1575 1971 procedunt,
1631 1909 1687 1957 et
1738 1917 1839 1972 per
1889 1918 1986 1959 eos

407 2003 499 2048 res
526 1989 715 2045 mundi
744 1990 1093 2046 stabiliuntur
1122 1990 1212 2061 qui
1258 2001 1478 2047 senatus
1518 1991 1838 2063 dignitatem
1874 2009 1987 2064 prae

408 2096 469 2137 se
500 2079 679 2135 ferunt
708 2097 723 2148 ;
757 2081 836 2137 sic
864 2081 1054 2136 eodem
1088 2081 1246 2138 modo
1276 2081 1331 2136 in
1365 2096 1530 2137 carne
1564 2078 1839 2155 Unigeniti
1872 2085 1986 2155 ipsa

407 2182 594 2227 saneta
623 2172 862 2228 Ecclesia
914 2180 1208 2228 convocata
1259 2174 1431 2244 ipsius
1475 2173 1535 2228 fit
1584 2174 1985 2245 gestatorium:

408 2274 508 2317 nec
533 2277 666 2318 vero
692 2272 781 2319 res
808 2265 993 2319 mundi
1026 2264 1340 2327 slabiliens.
1369 2264 1464 2320 sed
1495 2266 1608 2336 ipsa
1637 2266 1691 2320 in
1717 2280 1779 2321 se
1803 2265 1988 2321 ferens

408 2352 628 2410 decreta
674 2355 824 2426 regni
858 2355 1118 2412 emlestis.
1159 2355 1525 2412 Gestatorium
1558 2357 1721 2425 igitur
1753 2373 1857 2412 non
1890 2372 1983 2413 so-

407 2442 519 2498 lum
550 2452 634 2500 est
665 2459 795 2500 caro
824 2443 984 2512 Jesu,
1018 2447 1111 2502 sed
1143 2453 1199 2501 et
1228 2447 1343 2516 ipsa
1376 2445 1618 2501 Ecclesia
1642 2486 1657 2509 ,
1695 2464 1714 2499 ι
1743 2463 1863 2517 qua:
1894 2455 1983 2503 est

409 2544 608 2606 corpus
651 2535 820 2607 ipsius
848 2535 919 2603 “,
950 2552 969 2589 ›
998 2544 1283 2606 prapter'ea
1324 2537 1466 2607 quod
1511 2536 1671 2608 digna
1717 2536 1858 2593 facta
1902 2548 1986 2593 est

408 2640 532 2697 qua;
561 2627 737 2699 ipsum
774 2636 1014 2699 gestaret
1040 2626 1236 2682 Filium
1287 2625 1417 2693 Dei,
1462 2627 1619 2698 juxta
1669 2628 1984 2697 Apostolum

412 2720 679 2775 dicentem
709 2736 723 2774 :
756 2732 775 2771 ι
804 2717 1117 2774 Glorilicate
1140 2757 1155 2780 ,
1187 2725 1242 2771 et
1273 2726 1488 2785 portate
1523 2718 1693 2772 Deum
1729 2718 1783 2773 in
1818 2734 1988 2772 mem-

410 2812 526 2868 bris
571 2809 768 2866 vestris
797 2806 865 2861 “.
898 2818 917 2860 ι
950 2807 1063 2863 lloc
1111 2807 1275 2877 igitur
1321 2807 1714 2876 gestatorium,
1766 2823 1988 2863 carnem

412 2903 623 2960 scilicet
652 2897 781 2957 Jesu
818 2940 834 2969 ,
884 2898 1181 2969 spiritualis
1217 2896 1471 2953 Salomon
1503 2898 1607 2954 sibi
1635 2897 1802 2955 fecit:
1834 2917 1854 2951 ¢
1887 2898 1989 2955 Sa-

415 2994 618 3065 pientia
673 2992 816 3049 enim
848 2990 1135 3047 aediﬁcavit
1167 2988 1269 3044 sibi
1312 2988 1529 3043 demum
1575 2988 1643 3043 “.
1682 3008 1702 3043 ι
1734 2989 1802 3044 Et
1845 2992 1989 3046 unde

414 3089 519 3143 hoc
549 3084 906 3158 gestatorium
933 3082 958 3138 ἲ
989 3101 1008 3136 ι
1040 3080 1116 3137 Ex
1152 3079 1317 3151 lignis
1346 3079 1539 3135 Libani
1572 3098 1588 3136 :
1622 3091 1642 3134 ι
1677 3081 1990 3154 intelligens

415 3196 485 3236 ex
532 3179 739 3236 sanctis
771 3168 1085 3231 hominibus
1120 3174 1211 3244 qui
1242 3174 1295 3228 in
1313 3172 1427 3243 ejus
1452 3174 1805 3246 generatione
1833 3191 1993 3231 enar-

416 3282 631 3336 rantur,
662 3270 934 3324 Abraham
954 3304 971 3333 ,
999 3265 1178 3332 lsaac,
1207 3261 1374 3321 Jacob
1394 3270 1452 3320 et
1480 3265 1570 3335 qui
1606 3266 1882 3336 deinceps.

485 3444 749 3506 LXXXV.
770 3447 936 3505 Vens.
957 3442 1044 3503 {0.
1080 3443 1368 3501 Columnas
1401 3447 1514 3515 eius
1544 3443 1665 3516 fecit
1697 3452 1989 3516 argentum.

489 3540 783 3598 Columnas
831 3554 937 3595 non
979 3537 1113 3593 alios
1164 3536 1520 3603 intellexeris,
1567 3552 1732 3608 qnam
1777 3545 1996 3593 sanctos

420 3632 724 3704 apostolos;
748 3629 839 3701 qui
883 3630 1257 3685 columnarum
1300 3629 1474 3683 instar
1511 3629 1864 3700 gestatorium
1894 3629 1997 3684 hoc

422 3729 659 3791 portant.
689 3720 840 3787 Quod
871 3728 1051 3775 autem
1094 3717 1357 3774 columna:
1388 3717 1497 3773 sint
1521 3715 1768 3789 apostoli,
1798 3728 1998 3790 prassto

421 3822 504 3870 est
534 3811 734 3868 Paulus
756 3812 977 3867 dicens:
1016 3828 1035 3863 ι
1065 3809 1234 3866 Jacob
1264 3818 1319 3865 et
1343 3810 1604 3875 Joannes,
1630 3811 1722 3882 qui
1745 3811 1997 3867 videntur

422 3917 543 3960 esse
584 3903 849 3961 columna:
866 3902 939 3955 δ’.
974 3920 994 3956 ι
1025 3903 1321 3973 Argentum
1358 3917 1489 3958 vero
1534 3901 1681 3971 ipsos
1724 3902 1995 3973 appellat,

423 3997 677 4067 Quoniam
713 3996 863 4050 velut
889 3989 1181 4062 argentum
1205 3995 1557 4065 splendebant
1585 3994 1655 4050 ob
1683 3995 1864 4062 ﬁdem,
1896 3995 2001 4051 mi-

423 4087 732 4145 nistrabant
757 4092 886 4143 vero
910 4083 1169 4141 Ecclesiae
1199 4084 1253 4138 in
1285 4084 1555 4155 spirituali
1587 4084 1858 4141 convivio.

493 4280 783 4352 LXXXVI.
811 4289 880 4347 Et
909 4289 1307 4347 acclinatorium
1335 4289 1450 4361 ejus
1483 4304 1725 4343 aureum.

2088 1814 2305 1886 ὡμίλει.
2360 1812 2522 1867 Ἀλλά
2552 1811 2645 1866 καὶ
2672 1810 2925 1882 καθάπερ
2954 1810 3004 1862 οί
3041 1809 3438 1881 προερχόμενοι
3473 1807 3676 1861 ὕπατοι

2088 1909 2292 1982 φορείῳ
2329 1906 2714 1979 προέρχονται,
2754 1905 2852 1958 καὶ
2895 1903 2964 1958 δι’
3006 1901 3186 1958 αὐτῶν
3229 1901 3298 1956 τὰ
3333 1902 3545 1972 κόσμου
3586 1898 3680 1969 βε·
3738 1935 3743 1939 ς

2087 2000 2368 2055 ϐαιοῦνται
2403 2000 2729 2071 πράγματα,
2760 1994 2863 2066 τῆς
2900 1993 3203 2064 συγκλήτου
3223 1991 3285 2046 τὸ
3326 1991 3546 2059 ἀξίωμα
3576 2005 3676 2058 φε-

2091 2094 2293 2167 ρόντων
2327 2090 2472 2162 (55)'
2502 2088 2675 2153 οὕτως
2704 2087 2905 2159 ὁμοίως
2922 2087 2981 2140 ὲν
3005 2087 3073 2156 τῇ
3110 2083 3274 2155 σαρκὶ
3305 2081 3401 2136 τοῦ
3427 2084 3679 2151 Μονογε-

2091 2183 2282 2256 νοῦςή
2336 2179 2753 2252 συγκαλουμένη
2815 2176 2954 2248 αὐτὴ
3008 2175 3141 2244 ἀγία
3182 2174 3485 2245 Ἐκκλησία
3509 2216 3526 2241 ,
3577 2172 3677 2226 καὶ

2092 2275 2231 2347 αὑτὴ
2273 2272 2436 2327 αὐτοῦ
2471 2272 2680 2341 γίνεται
2716 2271 2958 2339 φορεῖον,
3000 2267 3063 2319 οὐ
3108 2263 3177 2318 τά
3220 2263 3313 2318 τοῦ
3348 2263 3559 2333 κόσμου
3598 2260 3681 2332 ﬂe-

2089 2363 2384 2435 ϐαιουμένη
2420 2362 2745 2434 πράγματα,
2777 2357 2913 2414 ἀλλά
2952 2356 3051 2427 τῆς
3082 2355 3335 2427 οὐρανίου
3389 2351 3678 2424 βασιλείας

2091 2457 2176 2526 ἐφ’
2212 2455 2418 2527 ἑαυτῆς
2460 2454 2703 2525 φέρουσα
2745 2451 3015 2520 δόγματα.
3052 2449 3273 2520 Φορεῖον
3316 2442 3409 2501 οὖν
3468 2446 3586 2517 (50)
3620 2446 3682 2499 ού

2091 2549 2251 2621 μόνον
2292 2550 2326 2620 ἠ
2369 2545 2506 2618 σὰρξ
2541 2542 2739 2614 Ἰησοῦ,
2777 2540 2915 2595 ἀλλὰ
2955 2540 3050 2594 καὶ
3090 2538 3230 2610 αὑτὴ
3268 2540 3303 2610 ἡ
3343 2537 3677 2609 Ἐκκλησία,

2093 2657 2111 2690 ι
2132 2637 2253 2708 ἣτις
2276 2637 2392 2689 ἐστὶ
2413 2634 2473 2687 τὸ
2496 2632 2653 2703 σῶμα
2672 2629 2855 2695 αὐτοῦ,
2869 2649 2887 2681 ι
2905 2628 2993 2682 διά
3006 2628 3067 2682 τὸ
3093 2626 3482 2692 καταξιοῦσθαι
3520 2626 3685 2680 αὑτὸν

2098 2729 2285 2799 φορεῖν
2338 2725 2430 2778 τὸν
2479 2725 2610 2777 Υἱὸν
2668 2722 2762 2775 τοῦ
2832 2719 3003 2786 Θεοῦ,
3068 2720 3213 2775 κατά
3265 2720 3358 2773 τὸν
3402 2719 3640 2789 λέγοντα
3665 2736 3682 2752 ο

2096 2839 2115 2871 ι
2134 2816 2405 2882 Δοξάσατε
2429 2815 2539 2887 ἄρα
2559 2814 2651 2869 τὸν
2676 2813 2807 2867 Θεὸν
2836 2814 2894 2867 έν
2923 2814 3037 2875 τοῖς
3072 2811 3290 2882 μέλεσιν
3310 2811 3464 2883 ὑμῶν
3510 2812 3623 2884 (57)
3659 2830 3677 2863 ι

2091 2908 2263 2962 Τοῦτο
2305 2903 2398 2960 οὖν
2440 2905 2503 2958 τὸ
2556 2904 2795 2976 φορεῖον,
2842 2902 2941 2975 τὴν
2996 2901 3180 2974 σάρκα
3240 2900 3386 2970 λέγω
3425 2900 3547 2973 (58)
3589 2900 3682 2954 τοῦ

2104 2999 2308 3072 Ἰησοῦ,
2353 2998 2382 3052 ό
2424 2994 2793 3067 πνευματικὸς
2832 2992 3094 3064 Σαλομὼν
3143 2991 3401 3064 ἐποίησεν
3457 2990 3679 3063 ἑαυτῷο

2101 3111 2120 3145 ι
2154 3092 2220 3145 Ἡ
2248 3088 2412 3160 σοφία
2433 3088 2541 3161 γὰρ
2565 3085 2918 3159 ᾠκοδόμησεν
2954 3084 3121 3154 ἑαυτῇ
3152 3079 3316 3137 οἷκον.
3333 3101 3352 3135 ι
3380 3083 3493 3137 Καὶ
3518 3082 3682 3138 πόθεν

2092 3184 2155 3238 τὸ
2189 3182 2436 3254 φορεῖον;
2470 3199 2490 3231 ι
2537 3178 2673 3232 Ἀπὸ
2700 3176 2873 3242 ξύλων
2914 3174 3008 3229 τοῦ
3037 3174 3307 3230 Λιϐάνου·
3348 3193 3367 3227 ο
3405 3174 3494 3229 ἵνα
3525 3176 3677 3246 είπῃ,

2093 3274 2204 3329 ἀπὸ
2225 3272 2334 3326 τῶν
2374 3267 2883 3341 γενεαλογουμένων
2918 3266 3088 3335 ἁγίων
3118 3265 3357 3339 ἀνδρῶν,
3399 3264 3679 3338 Ἀϐραὰμ,

2106 3362 2316 3426 Ἰσαὰκ,
2352 3360 2570 3424 Ἰακὼϐ,
2599 3361 2694 3414 καὶ
2728 3359 2835 3412 τῶν
2870 3356 3127 3428 καθεξῆς.

2095 3455 2217 3509 IIE'.
2238 3446 2329 3506 Στ.
2355 3459 2407 3506 ι’.
2424 3452 2696 3515 Στύλους
2714 3447 2901 3503 αὐτοῦ
2928 3448 3219 3515 ἐποίησεν
3238 3446 3676 3517 ἀρτύριον(59).

2166 3544 2399 3608 Στύλους
2439 3543 2512 3614 μὴ
2561 3541 2753 3604 ἄλλους
2799 3540 3019 3610 νοήσῃς,
3077 3537 3191 3591 ἀλλ’
3230 3537 3264 3608 ἥ
3312 3539 3438 3601 τοὺς
3486 3538 3678 3606 ἁγίους

2096 3636 2447 3700 ἀποστόλους,
2472 3634 2667 3697 οἵτινες
2695 3631 2902 3687 στύλων
2930 3631 3085 3701 δίκην
3115 3629 3176 3682 τὸ
3210 3630 3428 3701 φορεῖον
3475 3629 3676 3700 βαστά-

2098 3732 2248 3796 ζουσι
2276 3728 2454 3783 τοῦτο.
2497 3727 2623 3781 Ὅτι
2666 3725 2724 3780 δὲ
2763 3724 2944 3779 στύλοι
2990 3724 3039 3778 oi
3082 3722 3395 3787 ἀπόστολοι,
3442 3722 3679 3792 πάρεστι

2099 3822 2312 3886 Παῦλος
2353 3819 2552 3889 λέγων·
2595 3837 2614 3871 ι
2651 3816 2905 3880 Ἰάκωϐος
2932 3815 3027 3870 καὶ
3044 3814 3156 3887 (60)
3198 3815 3473 3887 Ἰωάννης,
3510 3815 3556 3869 ul
3591 3812 3678 3867 δο-

2100 3913 2323 3978 κοῦντες
2355 3909 2535 3966 στύλοι
2572 3906 2731 3965 εἶναι.
2764 3929 2781 3961 ι
2840 3907 3126 3980 Ἀργύριον
3161 3907 3217 3961 δὲ
3261 3906 3459 3970 αὐτοὺς
3507 3902 3678 3974 λέγει,

2103 4006 2400 4077 ἐπειδήπερ
2444 4002 2710 4075 ἀργυρίου
2756 4000 2912 4072 δίκην
2964 3999 3208 4072 λαμπροὶ
3266 3998 3364 4069 μὲν
3421 3993 3562 4070 ἦεαν
3609 3999 3679 4068 τῇ

2104 4097 2286 4150 πίστει
2304 4113 2317 4126 ·
2352 4094 2624 4167 ὑπηρέται
2652 4093 2710 4146 δὲ
2739 4095 2817 4157 εἰς
2852 4092 2952 4163 τὴν
2987 4091 3313 4159 Ἐκκλησίαν
3339 4092 3407 4161 τῇ
3436 4105 3670 4160 πνευμα-

2104 4191 2229 4262 τικῇ
2269 4186 2526 4242 ἑστιάσει.

2176 4297 2320 4369 Πςτ.
2348 4299 2457 4355 Kal
2486 4297 2596 4370 (Gl)
2629 4295 2955 4353 ἀνάκλιτον
2982 4294 3168 4350 αὑτοῦ
3202 4294 3484 4365 χρύσεον.

496 4393 677 4445 Aureo
719 4389 1069 4446 acclinatorio
1110 4397 1396 4460 martyres,
1451 4387 1664 4456 opinor,
1711 4385 1990 4442 assimilat.

2169 4390 2393 4464 Χρυσῷ,
2423 4385 2596 4461 οἶμαι,
2615 4387 2887 4458 ἀνακλίτῳ
2909 4386 3035 4452 τοὺς
3066 4388 3348 4459 μάρτυρας
3371 4381 3679 4447 ἀπεικάζει.

423 4481 613 4553 Neque
636 4482 781 4537 enim
805 4491 963 4552 putes
987 4480 1213 4536 minoris
1233 4491 1352 4543 esse
1377 4476 1743 4546 apostolorum
1771 4477 1997 4532 chorum

426 4590 588 4646 quam
619 4583 938 4646 martyrum.
977 4572 1186 4627 Etenim
1216 4572 1316 4643 ipsi
1353 4583 1566 4640 quoque
1596 4569 1825 4639 apostoli
1854 4586 1998 4624 mar-

429 4665 628 4735 tyrium
653 4664 793 4734 passi
812 4671 958 4729 sunt,
985 4661 1310 4732 fueruntque
1328 4660 1544 4716 Gbristo
1560 4660 1998 4729 acclinatorinm;

430 4771 555 4819 nam
598 4760 725 4812 ante
775 4756 1015 4828 ipsorum
1064 4753 1320 4826 martyrio
1372 4751 1692 4823 Unigenitus
1745 4753 1996 4812 dixerat:

2105 4485 2218 4539 Καὶ
2249 4482 2324 4556 μὴ
2353 4483 2582 4556 νομίσῃς
2616 4480 2874 4536 ἐλάττονα
2920 4478 3012 4532 τὸν
3058 4478 3168 4532 τῶν
3196 4476 3511 4532 ἀποστόλων
3543 4470 3679 4528 εἶναι

2105 4576 2266 4649 χορὸν
2295 4573 2389 4629 τοῦ
2417 4577 2526 4629 τῶν
2574 4573 2886 4646 μαρτύρων.
2923 4572 3033 4625 Καὶ
3063 4572 3172 4642 γὰρ
3212 4571 3307 4623 καὶ
3336 4568 3490 4623 αὐτοὶ
3514 4568 3680 4636 ἐμαρ-

2105 4669 2347 4741 τύρησαν
2392 4669 2441 4721 οἱ
2486 4666 2792 4728 ἀπόστολοι,
2824 4665 2916 4718 καὶ
2948 4662 3234 4732 γεγόνασιν
3276 4658 3562 4714 ἀνάκλιτον
3608 4654 3680 4725 τῷ

2106 4759 2348 4833 Χριστῷ.
2383 4759 2498 4831 Πρὸ
2519 4757 2627 4831 γὰρ
2649 4752 2749 4827 τῆς
2776 4753 2956 4809 αὐτῶν
2987 4750 3296 4825 μαρτυρίας
3322 4752 3349 4803 ὁ
3373 4747 3681 4818 Μονογενὴς
3712 4796 3717 4803 .

500 4935 547 4969 δ’
583 4933 775 4992 Matth.
802 4909 1006 4999 ιινιιιξ
1024 4933 1079 4990 2.
1153 4933 1199 4966 ⁸⁸
1239 4932 1369 4989 ibid.
1401 4933 1456 4988 4.
1531 4931 1579 4965 ⁸⁸
1604 4930 1809 4989 Coloss.
1838 4948 1879 5000 ι,
1906 4933 1990 4990 24.

2100 4938 2120 4969 ⁸
2144 4939 2165 4991 l
2189 4937 2313 4992 Cor.
2336 4951 2411 5000 vr,
2444 4936 2534 4989 20.
2611 4934 2657 4965 “
2681 4933 2840 4988 Prov.
2872 4948 2947 5000 Ix,
2981 4932 3031 4987 i.
3109 4931 3153 4965 δ’
3177 4928 3355 4987 Galat.
3382 4948 3422 4987 ιι
3443 4973 3459 5000 ,
3483 4933 3539 4989 9.

506 5124 620 5210 (555)
661 5124 753 5181 Sic
783 5125 1015 5181 fortasse
1036 5122 1346 5195 legendum.
1386 5112 1586 5179 Omnes
1625 5118 1783 5177 codd.
1809 5120 2011 5178 habent

432 5210 725 5268 9⁸999⁵ηῆ

506 5260 619 5331 ἰ56)
663 5260 792 5320 Ὁῦν
814 5280 878 5320 ex
907 5264 1098 5319 Vallic.
1588 5324 1595 5331 _
1710 5330 1715 5331 ί
1813 5320 1825 5331 _.

509 5324 621 5423 (⁵⁷)
652 5335 1112 5423 Veneres“.
1132 5343 1267 5423 sva!
1289 5332 1556 5423 ξιξεῖεῖε
1578 5324 1642 5423 ea
1663 5330 1765 5423 :93
1788 5328 2014 5423 .9351?!

433 5400 775 5488 etp-"ctbuettr
797 5400 970 5474 ὑμῶν.
1007 5405 1271 5461 Caeterum
1303 5409 1354 5457 in
1391 5405 1475 5457 illa
1510 5400 1640 5457 vnce
1657 5403 1763 5488 ἄρα
1788 5400 2016 5488 fprtasse

437 5470 707 5529 delitescit
745 5470 938 5545 ἄρατε,
969 5493 985 5524 ι
1013 5484 1243 5543 portate,
1271 5494 1290 5527 ›
1330 5488 1489 5544 quam
1517 5470 1708 5527 vocem
1735 5470 1897 5527 habet
1922 5484 2014 5526 so-

436 5542 695 5626 lusmljogi
718 5543 1067 5626 Tfslaule‘t‘tli.
1084 5542 1338 5626 Ynlgatus
1374 5545 1658 5614 interpres.

512 5615 626 5688 (58)
659 5614 731 5688 Ex
759 5612 933 5688 λέγων
970 5611 1254 5688 facilem.

515 5682 635 5761 (δεῖ)
671 5682 841 5743 Vallis
892 5683 1211 5759 ὰργυρίους,
1245 5698 1360 5755 qum
1388 5683 1548 5742 lectio
1579 5682 1817 5754 proxime
1851 5698 2007 5741 acce-

2116 5124 2195 5179 dit
2217 5124 2289 5195 ad
2311 5122 2587 5195 Complul.
2610 5119 2894 5195 ἀργυρίου.

2188 5193 2301 5265 (60)
2328 5189 2616 5265 Adnotavit
2648 5189 2817 5265 veter.
2866 5190 3139 5265 versionis
3164 5189 3675 5265 editgr,_de_scripto-

2117 5260 2207 5319 ris'
2233 5260 2439 5318 incuria
2465 5265 2653 5318 deesse
2683 5264 2769 5317 hic
2794 5278 2987 5316 nomen
3011 5260 3243 5330 Cephas.
3272 5261 3374 5313 Sed
3409 5262 3476 5312 ab
3508 5261 3675 5330 omini-

2117 5333 2414 5389 bnsetiam
2444 5350 2579 5402 quos
2622 5333 2836 5403 quidem
2872 5329 3134 5396 noverim,
3160 5329 3362 5385 Graecis
3387 5329 3684 5394 codicibus,

2121 5405 2246 5460 illud
2289 5417 2481 5458 nomen
2512 5404 2700 5459 abesse
2723 5403 2983 5469 cmnperi.

2193 5473 2505 5545 (61)Α1›εςιι
2538 5473 2630 5529 καί
2654 5490 2729 5545 _a_
2756 5472 2947 5545 Yallic.
2997 5480 3052 5527 et
3083 5470 3261 5545 Bari).
3287 5482 3448 5538 quam
3490 5483 3680 5545 _vo_eem

2124 5539 2336 5613 reposui
2363 5559 2426 5597 ex
2455 5546 2627 5599 sacris
2654 5541 2861 5613 Bibliis,
2898 5557 3017 5600 cum
3050 5544 3310 5613 praeterea
3333 5554 3452 5597 eam
3490 5539 3685 5598 habeat

2119 5619 2280 5671 etiam
2305 5623 2407 5670 vet.
2437 5614 2715 5686 interpres.
