4048 6212
498 338 562 393 9|
1603 339 1918 398 PHILONIS
1956 342 2265 402 EPISCOPI
2304 345 2626 405 CARPASII
3676 367 3743 420 92

570 450 692 508 Non
733 461 933 520 tacere,
987 454 1080 509 sed
1116 453 1361 509 conﬁteri
1427 463 1640 525 oportet
1685 471 1835 528 spem
1875 460 2064 516 saluta-

2251 461 2326 516 Οὐ
2357 462 2663 517 σιωπᾶσθαι
2690 462 2790 530 δεῖ,
2819 463 2934 519 ἀλλ’
2959 464 3334 537 ὁμολογεῖσθαι
3367 469 3463 542 τὴν
3489 475 3746 546 σωτήριον

500 557 612 598 rem
622 584 636 598 .

571 631 774 690 XCVII.
808 635 970 689 Vsus.
995 634 1050 688 Δ.
1093 632 1242 689 Sicut
1276 636 1439 690 turris
1478 637 1649 692 David
1682 639 1875 694 collum
1902 649 2089 710 tuum,‘

497 741 614 796 qua
642 725 901 793 aediﬁcata
932 734 1004 779 est
1039 726 1091 779 in
1122 724 1423 794 Thalpioth.

571 817 781 872 Collum
822 816 938 882 eius
997 817 1187 872 deﬁnit
1241 819 1534 876 humanum
1599 821 1760 879 Verbi
1796 825 2076 884 charactec

501 923 638 962 rem.
675 907 756 961 Ex
783 909 946 962 David
973 910 1116 964 enim
1147 919 1300 966 ortus
1345 921 1429 966 est
1462 914 1720 970 Dominus
1773 919 2074 974 secundum

500 1015 739 1054 carnem.
804 1001 1151 1057 Assimilatur
1190 1019 1320 1060 vero
1357 1007 1509 1061 turri.
1573 1007 1761 1064 Turris
1801 1013 1947 1065 enim
1991 1013 2075 1067 in-

501 1100 635 1155 star,
666 1093 755 1161 qui
797 1094 862 1146 ad
889 1108 1016 1148 eam
1048 1095 1395 1166 confugiunt,
1438 1099 1670 1169 protegit
1699 1113 1730 1154 a
1778 1099 1931 1155 bellis
1956 1101 2075 1156 dia-

495 1184 623 1239 boli.
662 1185 726 1238 Et
766 1187 915 1253 iuxta
945 1185 1112 1240 David
1148 1205 1164 1244 :
1214 1208 1232 1239 ι
1270 1188 1460 1245 Turris
1515 1189 1847 1247 fortitudinis
1879 1207 1907 1246 a
1935 1192 2074 1250 facie

496 1274 699 1329 inimici
734 1275 802 1330 “.
831 1294 849 1328 ι
882 1305 950 1315 -
980 1295 997 1328 ι
1034 1276 1165 1343 Quae
1192 1277 1458 1333 aediﬁcata
1502 1288 1587 1334 est
1624 1280 1675 1334 in
1708 1279 2018 1352 Thalpiotb.
2044 1302 2063 1336 ι

496 1365 780 1435 Tbalpioth
839 1368 1228 1439 interpretatur
1269 1370 1551 1428 excelsum.
1598 1371 1804 1428 Revera
1839 1376 1985 1430 enim
2017 1375 2072 1432 in

495 1458 711 1512 excelso
739 1459 911 1529 ipsum
949 1461 1195 1531 (collum)
1249 1463 1572 1517 aediﬁcatum
1619 1473 1722 1530 est,
1751 1464 1853 1520 hoc
1876 1476 1979 1534 est,
2015 1467 2067 1520 in

494 1547 669 1604 Verbo
707 1550 821 1616 Dei,
853 1553 995 1622 quod
1027 1563 1154 1607 ante
1179 1554 1397 1609 sarcula.
1429 1573 1448 1607 ι
1479 1555 1711 1610 Verbum
1745 1575 1766 1610 ι
1799 1558 1963 1622 enim,
1996 1558 2073 1614 ait

495 1641 773 1710 Scriptura
799 1643 864 1708 “,
899 1663 918 1696 ι
952 1660 1078 1699 caro
1113 1645 1314 1700 factum
1361 1653 1465 1710 est,
1491 1657 1546 1700 et
1599 1646 1862 1703 habitavit
1888 1649 1940 1704 in
1970 1664 2070 1704 no-

483 1730 614 1797 ‘bis;
648 1750 666 1783 ι
698 1741 793 1788 et:
836 1753 855 1786 ι
893 1735 1166 1804 Sapientia
1202 1737 1498 1793 aediﬁcavit
1544 1737 1646 1792 sibi
1696 1739 1915 1794 domum
1943 1741 2008 1794 ⁸⁸.
2043 1759 2064 1793 ι

2187 551 2394 607 ἐλπίδα.

2254 647 2367 711 L_Z'.
2408 646 2497 698 Στ.
2542 645 2603 702 δ’.
2646 646 2740 714 Ὠς
2776 648 3003 720 πύργος
3019 650 3197 705 Δαϐὶδ
3222 652 3518 723 τράχηλός
3549 669 3687 725 σου,
3716 661 3749 713 ό

2178 735 2632 807 ὠκοδομημένος
2656 739 2725 792 ἐν
2752 740 2824 810 (2)
2857 743 3146 798 Θαλπιώθ.

2258 826 2541 898 Τράχηλον
2575 829 2744 900 αὐτῆς
2782 831 3023 903 ὁρίζεται
3051 834 3142 888 τὸν
3172 835 3504 908 ἀνθρώπειον
3530 841 3620 896 τοῦ
3647 845 3751 900 Λό-

2182 932 2278 984 γου
2318 920 2663 991 χαρακτῆρα.
2726 923 2820 976 Ἐκ
2858 924 3019 978 Δαόὶδ
3061 926 3170 999 γὰρ
3215 931 3244 982 ὁ
3281 930 3482 1002 Κύριος
3512 934 3573 987 τὸ
3611 939 3751 992 κατὰ

2182 1008 2380 1080 σάρκα.
2427 1010 2810 1076 Ἀπεικόιζεται
2853 1015 2910 1069 δὲ
2951 1014 3176 1088 πύργῳο
3210 1021 3395 1093 ἐπειδὴ
3429 1023 3636 1094 πύργου
3674 1027 3752 1080 δί-

2180 1117 2282 1170 κην
2321 1103 2448 1165 τοὺς
2477 1103 2569 1156 ὑπ’
2604 1105 2765 1159 αὑτὸν
2809 1109 3246 1177 καταφεύγοντας
3283 1114 3472 1167 σκέπει
3507 1116 3614 1169 ἀπὸ
3642 1119 3752 1173 τῶν

2179 1189 2272 1243 τοῦ
2303 1190 2549 1245 διαϐόλου
2584 1194 2856 1265 πολέμων.
2891 1198 3000 1251 Καὶ
3033 1198 3173 1252 κατὰ
3195 1199 3286 1254 τὸν
3315 1202 3477 1256 Δαϐίδ
3497 1220 3508 1232 ν
3553 1223 3572 1256 ι
3605 1206 3752 1277 Πύρ-

2179 1297 2276 1349 γος
2311 1281 2490 1351 ἰσχύος
2523 1284 2629 1338 ἀπὸ
2658 1286 2951 1356 προσώπου
2987 1289 3201 1362 ἐχθροῦ.
3238 1311 3256 1344 ι
3288 1291 3360 1346 Τὸ
3389 1293 3468 1359 δὲ,
3505 1314 3525 1346 ι
3560 1295 3755 1366 ᾠκοδο-

2183 1371 2426 1441 μημένος
2465 1375 2521 1427 ὲν
2567 1374 2858 1441 Θαλπιὼθ,
2908 1397 2927 1430 ι
2966 1379 3216 1434 Θαλπιὼθ
3267 1383 3342 1452 (3)
3391 1385 3753 1455 ἑρμηνεύεται

2181 1462 2451 1530 ὑψηλόν.
2513 1464 2601 1520 Ἐν
2655 1465 2842 1539 ὑψηλῷ
2905 1468 3013 1540 γὰρ
3053 1470 3222 1536 ὅντως
3273 1473 3620 1546 ᾠκοδόμηται
3660 1479 3756 1530 αὐ-

2175 1552 2268 1614 τός
2290 1569 2305 1582 ·
2345 1553 2484 1626 ὅπερ
2529 1555 2694 1622 ἐστὶν,
2750 1558 2809 1611 ὲν
2857 1559 2937 1630 τῷ
2975 1559 3069 1614 τοῦ
3113 1562 3247 1616 Θεοῦ
3299 1564 3460 1636 Λόγῳ
3505 1567 3587 1638 τῷ
3650 1568 3759 1639 πρὸ

2177 1641 2406 1700 αἰώνων.
2441 1665 2459 1698 ι
2517 1647 2576 1701 '0
2608 1648 2780 1718 Λόγος
2819 1667 2838 1702 ι
2883 1651 3012 1724 γὰρ,
3049 1653 3202 1725 φησι,
3254 1670 3274 1705 ι
3329 1655 3470 1728 σὰρξ
3517 1658 3754 1726 ἐγένετο,

2176 1735 2268 1788 καὶ
2293 1736 2601 1808 ἐσκήνωσεν
2623 1741 2681 1793 ὲν
2715 1741 2875 1812 ἡμῖν·
2914 1763 2932 1796 ι
2961 1744 3072 1810 καὶ,
3115 1763 3133 1797 ι
3194 1747 3260 1799 Ἦ
3291 1748 3453 1817 σοφία
3475 1749 3756 1822 ᾠκοδόμη-

491 1821 620 1877 Ilaec
641 1824 834 1880 dooms
865 1826 916 1880 in
945 1828 1158 1882 excelso
1186 1829 1448 1884 aediﬁcata
1483 1838 1566 1885 est
1595 1831 1647 1885 in
1682 1830 1840 1898 Filio,
1874 1847 2064 1889 secun-

2177 1842 2268 1880 σεν
2299 1829 2464 1900 ἑαυτῇ
2503 1825 2674 1886 οἷκον.
2711 1851 2730 1885 ι
2768 1828 2935 1899 Οὗτος
2975 1837 3005 1888 ὁ
3049 1833 3196 1901 οἶκος
3226 1841 3284 1892 ὲν
3320 1841 3511 1914 ὑψηλῷ
3552 1821 3754 1914 ᾠκοδο-

491 1911 620 1965 dum
649 1927 771 1967 eum
798 1915 888 1984 qui
931 1916 1094 1970 dicit:
1137 1935 1156 1969 ι
1209 1917 1313 1984 Qui
1358 1918 1412 1973 itt
1443 1919 1569 1975 altis
1608 1921 1836 1987 habitat,
1866 1931 1924 1977 et.
1968 1923 2072 1977 hun

491 2003 638 2056 milia
673 2006 892 2073 respicit
926 2007 991 2062 “.
1029 2025 1050 2061 ι
1082 2008 1200 2062 Vin’
1231 2020 1283 2064 tu
1333 2024 1550 2066 omnem
1582 2027 1911 2082 cognoscere
1951 2013 2073 2068 alti-

492 2093 770 2149 tudinem?
798 2096 992 2164 Aspice
1038 2115 1144 2154 nou
1177 2100 1350 2156 solum
1387 2101 1440 2156 in
1473 2104 1566 2157 Dei
1599 2105 1856 2172 genitrice
1895 2105 2070 2159 Maria

489 2184 774 2240 aedilicium
819 2187 938 2242 Filii
969 2191 1224 2258 hominis,
1258 2192 1353 2247 sed
1386 2193 1514 2247 illud
1548 2195 1713 2248 etiam
1761 2196 1904 2264 quod
1929 2195 2068 2250 ultra

488 2279 660 2334 coelos
687 2290 805 2346 est;
839 2290 893 2336 et
916 2283 1094 2338 throni
1127 2283 1179 2338 in
1225 2283 1446 2340 dextera
1483 2285 1640 2354 positi
1682 2301 1804 2340 cum
1852 2296 2069 2357 stupore

491 2371 765 2426 demirare
809 2372 1172 2442 altitudinem,
1207 2390 1326 2444 qua:
1348 2376 1546 2431 dicitur
1577 2377 1889 2446 Thalpiotb.

557 2460 787 2517 XCVIII.
815 2462 967 2519 Mille
993 2466 1158 2536 clypei
1183 2468 1406 2536 pendent
1433 2485 1592 2537 super
1617 2486 1754 2524 eam.

555 2554 760 2612 Omnes
812 2557 1067 2612 nimirum
1120 2558 1212 2626 qui
1266 2573 1297 2612 e
1339 2557 1556 2613 Christo
1613 2559 1875 2628 originem
1906 2574 2061 2616 suam

493 2648 737 2713 trahunt,
777 2658 830 2703 et
857 2664 920 2704 es
976 2649 1176 2718 quibus
1227 2649 1345 2717 ipse
1399 2649 1547 2704 ducit
1594 2649 1882 2720 originem.
1929 2649 2065 2705 Cum

485 2754 617 2794 vero
647 2742 839 2796 audias
867 2740 1032 2804 mille,
1061 2756 1128 2795 ne
1157 2755 1442 2796 numerum
1472 2750 1678 2795 tantum
1705 2742 1932 2806 cogites,
1968 2741 2064 2798 sed

476 2841 542 2884 et
573 2831 783 2885 numeri
809 2830 1216 2898 perfectionem.

558 2919 744 2974 XCIX.
790 2919 982 2974 Omnia
999 2920 1183 2990 jacula
1219 2923 1534 2989 potentium.

555 3007 764 3074 Jacula,
803 3020 862 3064 ut
889 3013 1146 3078 arbitror,
1196 3012 1385 3068 deﬂuit.
1430 3027 1553 3068 esse
1597 3027 1766 3084 opera
1791 3012 2058 3082 iustiﬁca-

485 3101 715 3166 tionum,
739 3103 934 3172 quibus
961 3104 1244 3161 confossus
1266 3105 1934 3198 inimicusyrosternitur.

553 3214 615 3270 C.
649 3215 817 3270 Vsus.
849 3215 902 3270 5.
943 3215 1062 3270 Duo
1110 3215 1273 3270 ubera
1312 3225 1405 3271 tua
1451 3233 1608 3287 super
1640 3218 1838 3283 viuum,
1864 3226 1921 3272 ut
1955 3219 2059 3271 duo

478 3303 688 3358 hinnuli
713 3306 920 3374 gemelli
951 3323 1175 3373 caprea.

555 3393 666 3449 Duo
691 3397 876 3461 ubera,
905 3407 962 3450 ut
989 3413 1151 3467 supra
1183 3398 1387 3453 dictum
1416 3407 1522 3465 est,
1551 3409 1677 3454 sunt
1714 3401 1821 3456 duo
1865 3399 2062 3457 Testa-

481 3494 686 3540 menta.
711 3485 781 3541 Ut
828 3487 962 3542 duos
1013 3488 1266 3544 binnulos
1313 3503 1521 3558 caprea:
1552 3490 1681 3545 dicit
1726 3492 1898 3561 (quod
1945 3492 2062 3546 aui-

481 3577 588 3630 mal
629 3578 1002 3632 acutissimum
1039 3579 1255 3650 cernit),
1315 3581 1395 3636 sic
1447 3581 1539 3652 qui
1591 3597 1652 3638 se
1691 3583 1744 3638 in
1793 3584 2056 3653 spirituali

487 3668 712 3722 duorum
746 3667 1218 3726 Testamentorum
1245 3673 1597 3729 meditatione
1615 3685 1892 3743 exercent,
1915 3679 2057 3736 acuti

480 3771 609 3814 sunt
636 3761 701 3816 ad
736 3763 1165 3833 intelligentiam.
1193 3763 1415 3821 Gemelli
1445 3781 1570 3822 vero
1602 3768 1810 3823 Itinnuli
1838 3785 2049 3840 capreae

466 3852 753 3920 .dicuntur,
813 3867 1099 3926 propterea
1166 3858 1309 3929 quod
1365 3859 1653 3929 dupliciter
1719 3862 2058 3931 aspiciuntur

479 3946 876 4002 sententiarum
901 3950 1142 4019 mysticrc
1170 3950 1580 4019 enarrationes;
1631 3966 1750 4022 qua
1779 3962 1833 4007 et
1860 3967 2056 4009 secun-

480 4036 607 4092 dum
648 4038 906 4108 litteram,
942 4057 1098 4098 suam
1127 4046 1329 4102 habent
1377 4046 1684 4112 utilitatem,
1714 4055 1768 4102 et
1796 4046 2057 4118 spiritua-

469 4123 606 4180 .liter
631 4129 801 4182 sacris
835 4130 1077 4187 initiatos
1101 4133 1399 4191 laetiﬁcant.

547 4241 632 4297 CI.
675 4242 778 4309 Qui
804 4257 1021 4314 pascunt
1066 4249 1202 4304 inter
1244 4249 1361 4304 lilia
1405 4252 1568 4306 donec
1612 4254 1809 4324 aspirct
1855 4256 1966 4311 dies
2005 4267 2055 4312 et

467 4347 787 4389 moveantur
813 4339 1028 4394 umbrae.

552 4423 710 4479 Tales
733 4427 874 4480 enim
917 4427 1160 4499 (initiati)
1215 4445 1510 4501 pascuntur
1557 4434 1702 4490 velut
1727 4436 1867 4492 inter
1908 4437 2043 4504 lilia,

479 4515 535 4570 in
576 4515 773 4572 divinis
823 4518 1074 4588 eloquiis,
1139 4523 1310 4578 donec
1361 4527 1566 4594 aspirct
1629 4530 2051 4588 resurrectionis

475 4605 614 4672 dies,
647 4613 702 4661 et
726 4622 1044 4666 moveantur
1075 4613 1284 4669 umbra:
1315 4615 1474 4686 hujus
1505 4617 1647 4677 vitaz.

546 4783 655 4840 Cll.
699 4785 866 4842 Vens.
901 4787 956 4844 6.
1004 4786 1102 4845 Ibo
1134 4791 1264 4847 mihi
1292 4795 1360 4847 ad
1385 4805 1614 4852 montem
1642 4799 1872 4870 myrrhae
1897 4811 1947 4856 et
1978 4803 2047 4857 ad

473 4875 661 4930 collem
701 4877 911 4935 Libani.

2177 1919 2322 1992 μήθη
2365 1922 2423 1975 ὲν
2461 1923 2540 1994 τῷ
2572 1923 2686 1996 Υίῷ
2707 1965 2724 1989 ,
2753 1927 2895 1981 κατὰ
2926 1928 3015 1982 τὸν
3048 1929 3307 1993 λέγοντα·
3349 1951 3368 1985 ι
3417 1934 3476 1988 Ὀ
3512 1936 3571 1988 ὲν
3613 1934 3755 2008 ὑψη-

2171 2009 2284 2074 λοῖς
2338 2015 2640 2080 κατοικῶν,
2686 2016 2780 2070 καὶ
2826 2020 3056 2074 ταπεινὰ
3096 2021 3330 2093 ἐφορῶν.
3388 2043 3408 2075 ι
3459 2024 3647 2090 Θέλεις
3697 2027 3756 2080 δὲ

2171 2104 2373 2172 γνῶναι
2403 2106 2466 2158 τὸ
2497 2105 2630 2176 ὕψος
2667 2108 2823 2176 ὄλον;
2857 2111 2961 2164 Ἴδε
2998 2113 3060 2165 οὐ
3097 2112 3264 2184 μόνην
3295 2115 3350 2167 ἐν
3389 2117 3455 2188 τῇ
3500 2116 3756 2189 Θεοτόκῳ

2170 2193 2359 2264 Μαρίᾳ
2391 2195 2679 2269 οἰκοδομὴν
2726 2199 2820 2252 τοῦ
2853 2198 2984 2254 Υίοῦ
3022 2202 3115 2256 τοῦ
3143 2202 3454 2276 ἀνθρώπου,
3481 2207 3624 2261 ἀλλὰ
3661 2209 3759 2263 καὶ

2169 2283 2269 2353 τὴν
2301 2285 2558 2341 ἐπέκεινα
2579 2287 2692 2342 τῶν
2730 2290 2996 2362 οὐρανῶν,
3033 2294 3126 2347 καὶ
3161 2295 3253 2349 τὸν
3287 2297 3345 2350 ὲν
3379 2297 3536 2369 δεξιᾷ
3565 2297 3761 2371 θρόνον

2170 2377 2549 2449 καταπλάγηθι
2580 2381 2642 2434 τὸ
2682 2381 2814 2452 ὕψος
2839 2384 2936 2454 (4),
2968 2385 3104 2458 ὅπερ
3128 2386 3345 2455 λέγεται
3377 2388 3672 2446 Θαλπιὼθ.

2236 2467 2357 2532 ιιΗυ.
2385 2469 2577 2523 Χίλιοι
2601 2473 2798 2538 θυρεοὶ
2834 2476 3156 2544 κρέμανται
3177 2478 3269 2530 ἐπ’
3295 2480 3508 2536 αὐτόν.

2242 2557 2450 2622 Πάντες
2487 2561 2535 2614 οἱ
2563 2561 2620 2626 ἐξ
2650 2563 2814 2616 αὑτοῦ
2855 2567 3332 2638 γενεαλογούμενοι
3358 2571 3513 2640 ἅγιοι
3533 2613 3548 2638 ,
3581 2572 3674 2626 καὶ
3697 2572 3756 2638 ἐξ

2169 2635 2244 2696 ὧν
2285 2645 2448 2709 αὐτὸς
2484 2649 2908 2718 γενεαλογεῖται.
2951 2635 3268 2721 Χιλίουςδὲ
3309 2635 3438 2713 ὅταν
3493 2635 3754 2734 ἀκούσῃς,

2170 2735 2244 2825 μὴ
2276 2737 2365 2790 τὸν
2399 2738 2630 2809 ἀριθμὸν
2663 2743 2772 2825 νόει
2807 2744 2999 2814 μόνον,
3033 2747 3169 2802 ἀλλὰ
3201 2750 3295 2803 καὶ
3326 2749 3426 2823 τὴν
3498 2752 3592 2806 τοῦ
3624 2755 3751 2825 ἀρι-

2166 2823 2303 2895 θμοῦ
2327 2826 2658 2900 τελειότητα.
2684 2823 2688 2827 ’

2235 2916 2348 2983 ιιθε
2378 2918 2577 2974 Πᾶσαι
2599 2923 2849 2991 ,βολίδες
2879 2925 2996 2980 τῶν
3019 2927 3312 2985 δυνατῶν.

2233 3007 2674 3101 Βολίδαςζοῖμαι,
2699 3015 2797 3080 τὰς
2826 3018 3051 3089 πράξεις
3077 3021 3184 3074 τῶν
3216 3022 3610 3096 δικαιωμάτων
3634 3028 3751 3101 ὁρί-

2164 3097 2337 3166 ζεται,
2363 3101 2431 3154 δι’
2455 3096 2530 3156 ὧν
2553 3108 3048 3180 κατατοξευόμενος
3075 3113 3102 3165 ὁ
3129 3112 3319 3184 ἐχθρὸς
3345 3114 3643 3184 βολίςεται.

2237 3214 2316 3268 P'.
2351 3216 2442 3268 Στ.
2474 3223 2536 3272 ε’.
2569 3219 2684 3274 Δύο
2716 3223 2941 3290 μαστοί
2969 3239 3085 3280 σου
3102 3226 3257 3296 ὑπὲρ
3289 3224 3479 3299 οἶνον,
3507 3231 3593 3299 ὡς
3637 3232 3752 3288 δύο

2161 3305 2356 3372 νεϐροί
2381 3306 2614 3377 δίδυμοι
2636 3309 2946 3380 δορκάδος.

2243 3395 2332 3460 Ὠς
2361 3401 2700 3471 προείρηται,
2735 3407 2931 3474 μαστοὶ
2961 3407 3073 3471 δύο,
3105 3409 3162 3463 αἱ
3203 3408 3299 3465 δύο
3322 3412 3612 3483 Διαθῆκαι.
3659 3415 3752 3481 Ὡς

2161 3487 2255 3542 δύο
2296 3490 2520 3562 νεϐροὺς
2546 3492 2800 3564 διδύμους
2850 3498 3108 3569 δορκάδος
3149 3501 3292 3570 λέγει
3327 3503 3409 3574 (τὸ
3449 3506 3588 3570 ζῶον
3620 3507 3751 3572 ὀξυ-

2160 3577 2390 3650 δερκὲς),
2423 3580 2564 3635 οὕτω
2602 3583 2698 3636 καὶ
2729 3586 2780 3638 οι
2810 3586 2909 3658 τὴν
2939 3591 3310 3662 πνευματικὴν
3341 3591 3450 3646 τῶν
3479 3593 3575 3646 δύο
3612 3597 3749 3649 Δια-

2161 3668 2345 3742 θηκῶν
2401 3671 2632 3746 μελέτην
2694 3675 3095 3749 ἑξασκήσαντες
3157 3681 3466 3755 ὀξυδερκεῖς
3526 3687 3610 3749 είς
3676 3687 3748 3740 τὰ

2159 3763 2406 3834 νοήματα
2453 3766 2805 3836 τυγχάνουσι.
2869 3769 3090 3841 Δίδυμοι
3141 3771 3199 3827 δὲ
3253 3774 3434 3846 νεϐροὶ
3483 3774 3745 3845 λέγονται

2160 3856 2438 3928 δορκάδος,
2465 3858 2655 3913 καθότι
2691 3860 2926 3932 διδύμως
2953 3863 3291 3936 καθορῶνται
3313 3866 3420 3920 τῶν
3449 3868 3749 3938 νοημάτων

2159 3949 2214 4000 αἱ
2238 3950 2496 4019 μυστικαὶ
2515 3950 2813 4022 διηγήσεις,
2842 3955 2934 4007 καὶ
2961 3955 3102 4009 κατὰ
3127 3958 3362 4029 γράμμα
3391 3957 3614 4031 ἔχουσαι
3643 3961 3748 4034 τὴν

2157 4037 2461 4107 ὠφέλειαν,
2489 4043 2585 4096 καὶ
2635 4045 3019 4116 πνευματικῶς
3063 4047 3448 4119 εύφραίνουσαι
3483 4051 3562 4122 (5)
3612 4053 3750 4118 τοὺς

2161 4131 2388 4203 μύστας.

2225 4246 2349 4299 PA'.
2379 4243 2450 4300 Ol
2459 4250 2768 4317 νεμόμενοι
2796 4249 2865 4304 ἐν
2891 4251 3135 4318 κρίνοις,
3159 4251 3268 4318 ἕως
3295 4248 3368 4310 οὗ
3397 4255 3747 4330 διαπνεὺσῃ

2156 4336 2195 4405 ἡ
2223 4335 2436 4405 ἡμέρα,
2465 4338 2563 4392 καὶ
2589 4338 2918 4406 κινηθῶσιν
2949 4343 3010 4395 al
3054 4343 3221 4395 σκιαί
3227 4380 3242 4400 .

2226 4425 2502 4498 Νέμονται
2542 4427 2652 4498 γὰρ
2682 4429 2730 4481 οἱ
2761 4428 2992 4483 τοιοῦτοι
3022 4430 3272 4504 καθάπερ
3301 4433 3360 4485 ὲν
3387 4433 3594 4506 κρίνοις
3630 4440 3752 4501 τοῖς

2157 4517 2251 4570 τοῦ
2304 4517 2440 4571 Θεοῦ
2481 4517 2790 4590 ἀνθρώποις
2833 4521 2932 4594 (6),
2972 4523 3079 4587 ἓως
3120 4518 3181 4577 οὗ
3226 4523 3522 4597 διαπνεύσῃ
3568 4527 3604 4597 ἠ
3647 4531 3752 4598 τῆς

2156 4609 2507 4675 ἀναστάσεως
2537 4610 2742 4685 ἡμέρα,
2773 4616 2870 4668 καὶ
2898 4615 3191 4687 κινηθῶσιν
3223 4617 3279 4670 αἱ
3309 4618 3456 4670 σκιαὶ
3486 4617 3578 4671 τοῦ
3625 4619 3750 4689 βίου

2153 4701 2364 4757 τούτου.

2227 4797 2347 4852 PB'.
2384 4799 2473 4852 Στ,
2504 4804 2577 4863 ς’.
2620 4799 2996 4867 Πορεύσομαι
3033 4797 3266 4867 ἐμαυτῷ
3292 4799 3442 4874 πρὸς
3480 4797 3540 4852 τὸ
3594 4801 3748 4871 ὄρος

2153 4887 2266 4954 τῆς
2311 4891 2616 4958 σμύρνης,
2659 4888 2758 4942 καὶ
2798 4888 2949 4958 πρὸς
2979 4888 3086 4944 τὸν
3118 4890 3356 4955 ,βουνὸν
3394 4890 3502 4945 τοῦ
3558 4893 3747 4947 Λιϐά-

2153 4995 2264 5033 νου
2300 4977 2395 5049 (7).

544 5104 590 5136 “
623 5103 766 5158 Psal.
799 5120 891 5171 ιτ,
916 5103 969 5162 4.
1015 5105 1061 5136 ⁸⁸
1084 5105 1241 5162 Joan.
1267 5122 1309 5173 t,
1338 5107 1426 5164 Η.
1503 5109 1547 5142 ⁸⁵
1575 5109 1731 5168 Prov.
1772 5129 1847 5181 ix,
1887 5114 1937 5169 1.
2016 5115 2060 5146 ⁸⁸

2172 5114 2252 5169 sai.
2291 5116 2496 5181 cxu,5,
2531 5115 2582 5169 6.

547 5265 625 5336 (Ξ)
654 5267 746 5322 Sic
773 5267 1042 5336 Complut.
1075 5266 1248 5324 Editio
1278 5269 1449 5325 Vatic.
1481 5272 1641 5327 habet
1666 5275 1765 5338 είς.

543 5338 621 5414 (5)
647 5338 719 5414 l_ta_
747 5341 864 5414 eod.
899 5341 1088 5414 Mutin.
1129 5342 1319 5396 Crateri
1347 5341 1406 5396 τὸ
1443 5341 1500 5394 δὲ
1535 5343 1956 5414 ᾠκοδομημένος
1991 5344 2049 5399 ὲν

466 5405 724 5462 Θαλπιὼθ
757 5409 1131 5477 ἑρμηνεύεται.

467 5478 619 5601 ωὲἒ)
643 5477 782 5548 Lego
811 5493 826 5531 :
860 5481 953 5532 καὶ
988 5479 1081 5532 τοῦ
1103 5481 1160 5535 ἐν
1191 5477 1338 5552 δεξιᾷ
1362 5479 1552 5554 θρόνου
1584 5483 1964 5557 καταπλάγηθι
1987 5485 2047 5538 τὸ

507 5564 605 5610 ψος
611 5588 625 5602 .

659 5616 846 5696 ‘Barb.
917 5618 1318 5696 εὐφραίνονται.
1393 5622 1581 5680 Vallic.
1658 5624 2042 5696 εύφραίνουσα.

471 5686 759 5760 Emendavi
794 5686 1197 5760 εὐφραίνουσαι.

547 5759 624 5830 (6)
689 5757 801 5816 Non
866 5757 1042 5832 potest
1114 5764 1239 5820 ferri
1307 5764 1417 5822 haec
1484 5764 1662 5822 lectio.
1731 5763 1876 5839 Lego
1943 5766 2034 5822 λο·

2153 5278 2317 5346 γίοις·
2351 5284 2406 5330 et
2438 5276 2542 5331 tale
2595 5277 2846 5346 quiddam
2901 5281 3156 5337 habuisse
3200 5283 3410 5338 videtur
3448 5284 3499 5336 in
3534 5284 3737 5341 (ἰνίοοο

2151 5364 2250 5402 suo
2291 5348 2476 5420 codice
2523 5359 2675 5401 vetus
2709 5350 3009 5420 interpres;
3054 5355 3144 5420 qui
3181 5363 3352 5408 tamen
3389 5355 3440 5407 in
3476 5355 3579 5409 hoc
3605 5356 3733 5410 loco

2149 5418 2393 5495 sequitur
2428 5419 2508 5488 (ut
2537 5434 2682 5489 saepe
2727 5418 2981 5492 deinceps
3023 5418 3172 5495 facit)
3227 5424 3570 5490 sententiam,
3615 5442 3732 5482 ιιυιι

2148 5491 2333 5543 verba.

2225 5560 2302 5632 (7)
2332 5556 2571 5632 Vertiut
2603 5570 2707 5615 vet.
2745 5563 3030 5632 interpres,
3065 5580 3084 5613 ι
3131 5561 3195 5616 ad
3225 5561 3414 5618 collem
3448 5564 3658 5628 Libani,
3703 5587 3723 5620 ι

2151 5629 2217 5703 ad
2249 5628 2414 5698 ipsius
2443 5628 2685 5687 Philonis
2710 5628 2987 5703 mentem;
3009 5633 3097 5699 qui
3147 5633 3196 5685 in
3229 5634 3585 5703 explicatione
3617 5636 3725 5688 lm-

2143 5698 2234 5769 jus
2261 5714 2469 5774 versus,
2501 5717 2603 5754 non
2634 5705 2824 5773 accipit
2859 5698 3093 5757 Λιϐάνου
3121 5718 3218 5774 pro
3272 5698 3312 5755 ι’
3335 5707 3510 5772 thure,
3549 5725 3566 5758 ι
3621 5706 3724 5761 sed

2143 5786 2243 5840 pro
2285 5788 2303 5825 ι
2342 5769 2562 5827 Libano.
2599 5789 2618 5823 ι
2750 5769 2765 5773 ’
3121 5769 3139 5774 “
3496 5769 3505 5772 ’
3737 5812 3764 5841 ,ι
