4048 6212
331 328 438 387 135
1258 328 1651 386 ENARRATIO
1691 331 1756 386 IN
1797 331 2151 390 CANTICUM
2189 333 2665 392 CANTICORUM.
3493 344 3602 404 136

337 441 736 515 συμφέρουσαν
758 440 862 512 (67)
901 440 1018 505 τοῖς
1069 441 1387 513 μυστηρίοις
1421 442 1692 514 εὐθύτητα
1725 461 1925 515 κεκτη-

2029 447 2137 500 ait:
2189 464 2206 497 ι
2257 446 2529 502 subiciens
2569 448 2724 503 labiis
2753 458 2806 503 et
2855 448 3141 519 dentibus;
3189 473 3211 507 ι
3244 463 3301 510 ιιι
3353 455 3597 516 breviter

344 537 538 606 μένος.
568 535 743 603 Σαφὲς
776 534 831 588 δὲ
875 532 969 587 καὶ
1010 533 1090 599 τὸ,
1144 553 1163 585 ι
1202 533 1556 605 ίκανούμενον
1585 535 1785 605 χείλεσι
1822 538 1915 590 καὶ

2024 538 2293 601 ostendat,
2336 538 2418 591 vel
2466 541 2837 593 tantummodo
2869 556 2934 594 ex
2977 554 3041 594 eo
3095 542 3232 597 labia
3264 544 3496 601 tinxisse
3534 563 3600 602 ac

346 625 592 679 ὀδοῦσιν·
617 644 636 678 ι
669 625 749 678 ἵνα
779 623 838 676 τὸ
863 622 1039 694 βραχὺ
1068 622 1235 695 δείξῃ,
1268 625 1360 683 καὶ
1391 624 1451 677 τὸ
1489 625 1647 694 μόνον
1677 626 1743 678 τὰ
1766 626 1917 698 χείλη

2022 628 2233 691 dentes,
2271 628 2413 683 illico
2449 629 2593 698 quod
2646 629 2805 683 datur
2852 630 2986 685 satis
3033 645 3154 687 esse
3200 636 3266 688 ad
3303 638 3595 705 perfectam

355 717 526 788 βάψαι
554 716 691 786 αὐτῷ
733 716 826 768 καὶ
870 714 1001 778 τοὺς
1042 714 1279 777 ὀδόντας,
1317 716 1399 768 ὅτι
1431 716 1491 769 ὲν
1519 716 1712 787 βραχεῖ
1735 717 1917 771 ἱκανὸν
2021 721 2271 774 salutem.

360 811 492 881 πρὸς
515 810 607 880 τὴν
629 808 811 880 ἐντελῆ
841 805 1117 878 σωτηρίαν
1148 804 1209 858 τὸ
1236 806 1528 877 διδόμενον.
1959 855 1970 863 .

354 906 374 923 ⁸
422 923 557 975 sua
601 923 690 974 Στ.
721 927 775 974 ι’.
828 918 973 988 Ἐγὼ
1018 918 1088 971 έν
1127 917 1237 987 (68)
1282 916 1362 984 τῷ
1406 918 1709 990 ἀδελφιδῷ
1756 938 1913 990 μου,

2090 914 2266 969 CCXI.
2309 916 2471 971 Vens.
2497 917 2585 971 10.
2624 916 2737 987 Ego
2769 917 3013 988 fratrueli
3037 937 3172 986 meo,
3209 935 3256 977 et
3284 925 3337 978 in
3368 942 3446 980 mc
3470 941 3591 981 con-

361 1013 441 1065 ual
470 1011 561 1065 ἐπ’
598 1011 699 1080 ἐμὲ
723 1010 762 1075 ἡ
788 1009 1125 1078 ἐπιστροφὴ
1156 1008 1361 1062 αὑτοῦ.

757 1029 762 1075 γ
788 1009 1125 1078 ἐπιστροφὴ
1156 1008 1361 1062 αὑτοῦ.
2020 1007 2184 1059 versio
2220 1008 2355 1075 ejus,

426 1120 446 1152 ι
482 1100 647 1170 Ἐμοὶ,
679 1117 697 1149 ι
725 1097 882 1166 φησὶ,
924 1117 943 1148 ι
966 1097 1026 1150 τὸ
1059 1096 1491 1168 προσκολλᾶσθαι
1519 1097 1596 1169 τῷ
1634 1098 1753 1169 Θεῷ
1779 1100 1915 1167 ἀγα-

2099 1116 2116 1148 ι
2156 1096 2305 1165 ΜιΙιί,
2339 1118 2359 1151 ι
2413 1101 2487 1155 ait
2525 1100 2830 1168 Scriptura,
2865 1120 2885 1154 ι
2923 1103 3197 1160 adhaerere
3245 1105 3352 1160 Deo
3393 1108 3589 1162 bonum

357 1191 441 1245 θὸν
468 1193 597 1253 ἐστι,
631 1186 879 1241 τίθεσθαι
925 1189 984 1240 ὲν
1018 1187 1095 1258 τῷ
1133 1188 1325 1261 Κυρίῳ
1361 1189 1457 1261 τὴν
1487 1190 1678 1245 ἐλπίδα
1711 1207 1813 1261 μου
1834 1206 1848 1220 '
1892 1208 1911 1242 ι

2018 1198 2123 1251 eSI,
2158 1176 2356 1256 ponere
2387 1191 2437 1245 iu
2476 1192 2699 1246 Domino
2730 1208 2878 1261 spem
2910 1208 3080 1247 meam
3114 1193 3160 1227 δ’
3185 1212 3199 1260 ;
3229 1215 3246 1246 ι
3273 1207 3325 1250 et
3356 1213 3542 1251 rursus
3576 1214 3594 1256 :

347 1283 433 1335 καὶ
457 1282 646 1334 πάλιν
679 1298 697 1330 ι
732 1278 1033 1351 Ἐκολλήθη
1055 1278 1163 1349 (69)
1189 1282 1223 1351 ἡ
1267 1281 1411 1351 ψυχή
1445 1299 1543 1352 μου
1583 1282 1755 1336 ὀπίσω
1781 1300 1875 1336 σου
1897 1300 1914 1315 ’

2026 1295 2043 1328 ι
2080 1278 2317 1332 Adhaesit
2357 1281 2532 1335 anima
2582 1290 2768 1336 nostra
2804 1292 2924 1352 post
2964 1293 3045 1350 te;
3081 1300 3165 1340 me
3192 1288 3428 1357 suscepit
3459 1291 3590 1345 «lex.

334 1375 467 1447 ἐμοῦ
478 1376 535 1429 δὲ
550 1375 881 1429 ἀντελάβετο
898 1376 930 1446 ἡ
952 1374 1100 1440 δεξιά
1118 1392 1231 1428 σου.
1247 1394 1264 1426 ι
1285 1404 1354 1416 —-
1366 1395 1385 1427 ι
1408 1375 1549 1445 Ἐγὼ
1559 1377 1634 1449 τῷ
1647 1377 1911 1449 ἀδελφιδῷ

2019 1378 2132 1422 tera
2171 1380 2259 1423 tua
2289 1370 2357 1426 '°.
2404 1390 2422 1422 ι
2451 1402 2524 1412 -
2550 1390 2569 1423 ι
2602 1372 2712 1442 Ego
2748 1371 2985 1427 fratrueli
3019 1390 3159 1440 meo,
3184 1384 3237 1426 et
3265 1376 3315 1428 in
3351 1392 3434 1431 me
3458 1392 3588 1431 eon-

331 1484 454 1536 μοιι,
495 1466 596 1519 καὶ
635 1466 724 1518 ἐπ’
770 1465 870 1537 ἐμὲ
902 1468 935 1537 ὴ
976 1465 1277 1538 ἐπιστροφὴ
1307 1467 1418 1538 (70)
1454 1468 1643 1520 αὑτοῦ.
1670 1487 1688 1521 ι
1739 1470 1914 1539 Ὅπερ

2017 1462 2195 1517 versio
2229 1462 2401 1531 ejus.)
2425 1463 2479 1518 lJ
2508 1472 2590 1518 est
2623 1483 2634 1517 :
2672 1466 2780 1535 Ego
2806 1468 3035 1521 serviam
3064 1483 3203 1521 nunc
3231 1468 3364 1522 Filio
3398 1470 3511 1533 Dei,
3539 1480 3588 1527 ct

327 1556 511 1608 ἐστίν’
554 1553 702 1623 Ἐγὼ
746 1553 1029 1624 λατρεύσω
1079 1555 1172 1609 νῦν
1223 1554 1300 1625 τῷ
1335 1553 1449 1625 Υίῷ
1494 1554 1586 1609 τοῦ
1631 1556 1788 1622 Θεοῦ,
1821 1559 1914 1610 καὶ

2018 1556 2084 1609 ad
2120 1569 2204 1609 me
2227 1542 2510 1611 conversio
2533 1556 2683 1627 ejus;
2714 1558 2815 1613 hoc
2861 1570 2986 1614 est:
3028 1560 3082 1613 ln
3125 1562 3358 1615 secundo
3400 1561 3591 1616 iterum

326 1645 416 1697 ἐπ’
432 1645 536 1715 ἐμὲ
560 1644 915 1717 ἡέπιστροφὴ
939 1644 1123 1697 αὐτοῦ·
1142 1644 1439 1704 τουτέστιν,
1485 1646 1571 1698 Ἐν
1594 1648 1657 1716 τῇ
1682 1645 1911 1718 δευτέρᾳ

2016 1648 2269 1711 adventu,
2305 1662 2423 1702 cum
2462 1663 2581 1703 sese
2621 1652 2950 1704 converterit
2999 1652 3067 1704 ad
3102 1667 3207 1716 me,
3242 1653 3591 1707 venietcolll-

326 1736 495 1789 πάλιν
526 1736 822 1807 παρουσίᾳ,
863 1735 990 1788 ὅταν
1032 1735 1336 1810 ἐπιστρέφῃ
1368 1738 1456 1788 ἐπ’
1484 1737 1603 1806 ἐμὲ,
1631 1736 1910 1792 ἐλεύσεται

2018 1754 2150 1808 gens
2216 1754 2299 1792 me
2346 1755 2410 1793 ex
2477 1749 2716 1809 quatuor
2764 1740 2973 1809 angulis
3005 1749 3162 1795 terrae
3229 1757 3325 1811 per
3372 1742 3590 1811 angelos

332 1828 586 1894 συνάγων
609 1802 706 1897 ’με
747 1802 812 1878 ἐκ
842 1826 952 1880 τῶν
1000 1802 1283 1898 τεσσάρων
1308 1802 1528 1895 ’γωνιῶν
1559 1828 1657 1899 τῆς
1684 1829 1786 1900 γῆς
1826 1829 1914 1884 διὰ
1948 1802 1987 1859 Β
2017 1802 2170 1882 lucis.

335 1918 449 1972 τῶν
472 1916 565 1971 τοῦ
594 1916 772 1987 φωτὸς
808 1918 1078 1987 ἀγγέλων.
1754 1932 1763 1941 ‘

403 2028 550 2083 218'.
583 2030 676 2082 Στ.
716 2036 804 2084 ια’.
869 2029 1064 2094 Ἐλθέ,
1097 2029 1382 2100 ἀδελφιδέ
1407 2049 1548 2101 μου,
1580 2032 1915 2104 ἐξέλθωμεν

2083 2025 2284 2082 CCXII.
2321 2025 2482 2083 Vens.
2509 2026 2597 2081 Η.
2642 2023 2793 2090 Veni,
2832 2025 3102 2095 fratruelis
3141 2043 3306 2087 meus.
3343 2028 3581 2096 egredia-

327 2125 414 2187 εις
433 2122 646 2190 ἀγρὸν,
672 2120 1052 2191 αὑλισθῶμεν
1077 2122 1146 2175 ἐν
1171 2121 1416 2192 κώμαις,
1443 2123 1808 2194 όρθρίσωμεν
1827 2127 1916 2193 εἰς

2013 2133 2132 2170 mur
2164 2120 2216 2171 in
2250 2135 2435 2187 agrum
2462 2133 2481 2172 :
2519 2135 2823 2173 maneamus
2866 2119 2920 2172 in
2972 2120 3117 2184 vicis,
3156 2120 3222 2172 de
3260 2119 3374 2173 luce
3403 2121 3585 2190 vigilo-

328 2212 694 2283 ἀμπελῶνας
722 2214 774 2281 (7
787 2213 854 2285 Ι).

853 2256 854 2262 η
2012 2225 2127 2262 mus
2165 2211 2233 2263 ad
2259 2213 2451 2266 vineas.

400 2304 762 2373 Συγκαλεῖται
803 2306 837 2375 ἡ
880 2304 1064 2376 νύμφη
1115 2305 1207 2358 τὸν
1256 2306 1490 2377 νυμφίον
1530 2307 1625 2360 ἀπ’
1665 2308 1913 2361 ἐντεῦθεν

2084 2303 2294 2368 Sponsa
2328 2299 2441 2369 jam
2483 2301 2607 2355 inde
2660 2309 2818 2356 vocat
2863 2315 3141 2369 sponsum,
3195 2308 3251 2356 ut
3297 2318 3417 2358 cum
3472 2303 3585 2372 ipso

333 2397 455 2468 ἠδη,
504 2396 594 2450 ἵνα
633 2396 732 2449 σὺν
765 2394 914 2467 αὐτῷ
952 2395 1144 2469 ἐξέλθῃ
1177 2398 1257 2461 είς
1306 2398 1496 2469 ἀγρὸν,
1531 2399 1805 2451 τουτέστιν
1834 2402 1913 2462 είς

2010 2392 2320 2458 egrediatur
2372 2391 2425 2445 in
2463 2407 2648 2458 agrum
2671 2432 2687 2457 ,
2731 2390 2833 2446 hoc
2865 2404 2969 2458 est,
3004 2394 3055 2446 in
3088 2395 3365 2456 mundum,
3394 2409 3583 2463 quem-

332 2490 422 2543 τὸν
450 2489 675 2560 κόσμον,
708 2487 785 2552 ὥς
817 2505 984 2559 φησιν
1026 2490 1055 2542 ὁ
1082 2488 1316 2560 Κύριος·
1360 2510 1378 2541 ι
1410 2492 1469 2544 Ὀ
1501 2490 1669 2563 ἀγρός
1699 2493 1847 2543 ἐστιν
1882 2493 1911 2544 ὁ

2011 2482 2293 2535 admodum
2333 2483 2408 2536 ait
2470 2482 2767 2537 Dominus:
2821 2501 2840 2534 ι
2887 2486 3029 2555 Ager
3067 2495 3148 2539 est
3183 2487 3414 2539 mundus
3448 2484 3514 2538 ".
3555 2503 3579 2541 ιι

334 2583 589 2651 κόσμος.»
630 2580 763 2644 Καὶ,
805 2600 823 2632 ι
846 2579 1194 2652 Λὺλισθῶμεν
1222 2582 1280 2633 ὲν
1320 2580 1555 2653 κώμαις.
1578 2601 1595 2633 ι
1636 2583 1743 2634 Καὶ
1778 2599 1912 2635 παν-

2008 2602 2080 2614 ——
2105 2591 2123 2624 ι
2175 2573 2235 2627 Et
2277 2589 2592 2627 maneamus
2620 2576 2671 2627 itt
2700 2574 2854 2629 vicis.
2899 2594 2917 2627 ι
2951 2574 3159 2629 Etenim
3202 2577 3402 2645 ubique
3428 2577 3581 2632 facta!

335 2673 499 2744 ταχοῦ
534 2673 812 2745 παροικίαι
842 2672 953 2743 (72)
987 2672 1328 2743 γεγένηνται,
1354 2673 1456 2743 τῆς
1486 2674 1645 2743 ἁγίας
1683 2675 1912 2746 Ἐκκλη-

2009 2673 2135 2719 sunt
2176 2660 2535 2719 habitationes
2567 2676 2769 2721 sancta:
2797 2667 3073 2734 Ecclesiae,
3104 2684 3223 2737 quae
3258 2684 3475 2739 semper
3496 2670 3576 2725 di-

331 2766 453 2830 σίας
479 2765 897 2836 πλατυνομένης
928 2765 1036 2829 ἀεὶ,
1062 2765 1203 2818 κατὰ
1228 2765 1318 2817 τὸν
1358 2765 1581 2834 λέγοντα
1613 2767 1747 2836 αὐτῇ
1777 2783 1911 2837 προ-

2009 2760 2230 2821 latatur,
2274 2756 2424 2826 juxta
2466 2758 2780 2826 prophetam
2816 2760 2906 2829 qui
2963 2760 3034 2813 illi
3063 2761 3137 2813 ait
3169 2774 3184 2813 :
3217 2778 3236 2811 ι
3280 2760 3448 2815 Dilata
3487 2760 3574 2814 t‘u—

327 2860 534 2929 φήτην·
571 2878 588 2910 ι
611 2857 886 2911 Πλάτυνον
912 2857 1022 2928 (75)
1051 2856 1122 2910 τὰ
1152 2857 1510 2927 σχοινίσματά
1537 2875 1650 2919 σου,
1682 2859 1775 2911 uoti.
1799 2858 1908 2912 τῶν

2008 2846 2218 2902 nieulos
2250 2856 2389 2911 tuos,
2421 2857 2475 2902 et
2504 2849 2845 2903 mansionum
2882 2860 3094 2905 tuarum
3131 2869 3145 2906 :
3183 2850 3286 2920 ﬁge
3318 2875 3330 2907 ι
3368 2852 3475 2906 noli
3515 2853 3577 2906 ti-

327 2953 563 3008 αὐλαιῶν
598 2966 728 3005 σου·
772 2950 975 3021 πῆξον·
1015 2949 1089 3021 μὴ
1134 2946 1298 3018 φοϐοῦ
1322 2965 1335 2979 ·
1372 2949 1466 3001 καὶ
1518 2950 1645 3012 τοὺς
1696 2949 1907 3002 πασσά-

2009 2952 2156 2993 tuere
2192 2959 2204 2993 :
2238 2948 2291 2993 et
2313 2936 2461 3008 palos
2496 2946 2614 2993 tuos
2642 2938 2883 2993 conforta
2926 2957 2942 2995 :
2975 2940 3153 2995 adhuc
3190 2942 3256 2994 ad
3303 2942 3576 2997 dexteram

326 3053 444 3109 λους
479 3061 577 3097 σου
621 3041 980 3113 κατίσχυσον’
1025 3040 1105 3093 ἔτι
1148 3041 1228 3103 εἰς
1271 3038 1338 3092 τὰ
1371 3039 1633 3112 ἀριστερὰ
1675 3040 1908 3093 ἐκπέτα-

2007 3038 2063 3083 et
2093 3028 2161 3083 ad
2188 3029 2464 3084 sinistram
2482 3030 2795 3084 extende".
2822 3049 2841 3081 ι
2863 3029 3052 3085 ISthzec
3066 3032 3167 3087 dici
3195 3031 3447 3088 Ecclesia:
3469 3049 3582 3088 ma-

327 3153 435 3190 σον.
466 3155 485 3186 ι
532 3136 622 3197 Ὠς
666 3133 839 3188 ταῦτα
871 3133 1087 3201 λέγεται
1114 3134 1182 3204 τῇ
1239 3131 1556 3202 Ἐκκλησία.
1599 3131 1775 3203 δῆλον.
1814 3131 1906 3185 Διὸ

2009 3120 2261 3175 nifestum
2291 3130 2390 3176 est.
2431 3121 2632 3175 Idcirco
2658 3124 2734 3176 ait
2764 3140 2777 3176 :
2811 3140 2828 3173 ι
2867 3122 3182 3179 Maneamus
3217 3126 3267 3179 in
3299 3126 3433 3180 vicis
3453 3143 3467 3158 ·
3493 3128 3575 3180 vi-

324 3228 505 3294 λέγει*
562 3222 966 3294 «Αὐλισθῶμεν
1026 3225 1084 3276 ὲν
1138 3220 1374 3293 κώμαις,
1434 3220 1774 3293 ὀρθρίσωμεν
1825 3225 1904 3286 είς

2004 3210 2233 3281 gilemus
2279 3210 2514 3266 diluculo
2544 3212 2608 3265 ad
2651 3213 2862 3279 vineas;
2902 3232 2920 3264 ι
2951 3214 3000 3267 id
3038 3223 3154 3279 est,
3206 3216 3271 3267 ad
3304 3215 3572 3272 Ecclesiae

323 3317 657 3389 ἀμπελῶνας
677 3334 689 3347 ·
713 3335 732 3368 ι
778 3317 916 3386 ὅπερ
963 3314 1131 3378 ἐστὶν,
1165 3316 1245 3378 είς
1277 3313 1374 3377 τὰς
1405 3313 1544 3366 κατὰ
1579 3312 1741 3368 τόπον
1784 3314 1905 3366 Ἐκ-

2004 3316 2121 3370 qua:
2153 3315 2249 3371 per
2275 3300 2388 3378 loca
2415 3309 2540 3355 sunt
2564 3319 2579 3357 :
2601 3301 2686 3356 illa
2715 3302 2858 3357 enim
2885 3319 3006 3371 vox,
3026 3303 3403 3375 «Vigilemusn
3438 3309 3573 3364 hunc

324 3407 575 3476 πλησίας.
606 3405 681 3458 Τό
697 3422 755 3458 τε
782 3405 915 3477 γὰρ,
948 3423 966 3456 ι
1003 3403 1426 3475 Ὀρθρίσωμεν,ι
1459 3401 1647 3456 τοῦτον
1675 3403 1787 3474 ἔχει
1812 3403 1903 3456 τὸν

2007 3391 2391 3461 tropologicum
2444 3408 2661 3449 sensum
2705 3395 2897 3459 habet;
2953 3396 3228 3463 nimirum,
3279 3397 3568 3456 Producito

320 3501 524 3572 τρόπον
545 3517 558 3529 ·
606 3499 739 3551 Ἀπὸ
777 3497 872 3551 τοῦ
904 3496 1215 3568 νυκτερινοῦ
1245 3495 1469 3559 σκότους
1499 3495 1599 3566 τῆς
1630 3494 1904 3564 ἀγνωσίας

2004 3496 2090 3537 me
2124 3496 2154 3535 a
2179 3484 2457 3538 nocturnis
2510 3485 2826 3554 ignorantiae
2853 3488 3092 3545 tenebris
3127 3489 3194 3544 ad
3220 3488 3393 3546 lucem
3421 3491 3562 3548 ﬁdei.

321 3593 402 3655 εις
432 3592 497 3645 τὸ
529 3590 647 3659 φῶς
676 3589 776 3659 τῆς
810 3588 1046 3651 πίστεως
1077 3587 1144 3657 μὲ
1177 3585 1480 3658 προάγαγε.

393 3703 540 3756 XII".
564 3703 655 3756 Στ.
690 3700 778 3770 ιβ’.
808 3699 1058 3769 ἰδωμεν
1077 3701 1131 3753 ει
1166 3696 1437 3767 ἤνθησεν
1465 3698 1503 3766 ἠ
1539 3697 1824 3767 ἄμπελος.

2074 3699 2299 3754 CCXIII.
2329 3700 2493 3755 Vens.
2522 3699 2606 3755 12.
2649 3698 2948 3767 Videamus,
2973 3719 3096 3756 num
3127 3705 3306 3773 ﬂoruit
3330 3708 3499 3763 vinea.

397 3790 576 3860 Ὅπερ
604 3790 773 3855 ἐστὶν,
800 3789 849 3842 εί
880 3788 943 3841 τὸ
976 3788 1237 3858 κήρυγμα
1258 3787 1356 3857 τῆς
1386 3786 1622 3851 πίστεως
1660 3786 1759 3857 τὴν
1812 3786 1903 3840 εὐ-

2073 3786 2127 3842 ld
2160 3799 2261 3853 est,
2304 3805 2429 3843 num
2464 3790 2780 3859 praedicatio
2835 3791 2959 3845 lidei
3006 3808 3226 3847 suavem
3270 3796 3338 3848 ab
3380 3797 3448 3851 iis
3480 3799 3569 3867 qui

319 3883 495 3939 ωδίαν
520 3885 586 3936 ὲκ
613 3881 720 3936 τῶν
756 3880 1164 3937 πιστευσάντων
1195 3879 1469 3933 διέδωκεν.

1244 3879 1469 3933 έδωκεν.
2001 3878 2364 3941 crediderunt,
2397 3878 2577 3931 emisit
2600 3877 2842 3932 odorem.

390 4000 532 4053 XIA'.
575 4000 873 4065 'Hronosr
908 3999 942 4051 ό
974 3997 1328 4064 κυπρισμός.

1199 3997 1328 4064 μός.
2069 3987 2293 4043 CCXIV.
2319 3986 2526 4041 Floruil
2548 4002 2797 4057 propago.

390 4091 532 4155 Τοὺς
568 4090 961 4160 νεοφιιντίστους
985 4084 1140 4159 οἶμαι
1166 4086 1365 4156 λέγειν,
1393 4088 1522 4152 τοὺς
1548 4085 1637 4140 διὰ
1672 4084 1897 4158 λουτροῦ

2070 4080 2596 4135 Recensillustratos
2632 4080 2811 4135 dicere
2838 4079 3094 4147 arbitror,
3141 4082 3233 4153 qui
3278 4098 3376 4155 per
3420 4083 3567 4142 lava-

321 4181 745 4250 παλιγγενεσίας
772 4178 1342 4251 λελευκανθισμένους.

1999 4188 2150 4229 crum
2190 4173 2618 4243 regenerationis
2646 4172 2772 4228 facti
2803 4181 2927 4228 sunt
2955 4174 3195 4229 candidi.

389 4290 530 4349 218'.
565 4296 883 4362 Ἤνθησαν
913 4296 971 4347 αι
996 4292 1156 4360 ῥοαί.

2067 4286 2269 4343 CCXV.
2297 4284 2619 4342 Floruerunt
2653 4286 2791 4341 mala
2825 4286 3039 4357 punica.

388 4386 455 4437 Δί
486 4385 695 4437 τούτων
725 4382 914 4452 ψυχαὶ,
956 4381 1156 4444 αἵτινες
1188 4380 1325 4451 ῥοῶν
1366 4378 1520 4452 δίκην
1562 4379 1623 4434 τὸ
1670 4380 1899 4453 ἐρυθρὸν

2069 4379 2265 4433 Eorum
2297 4381 2519 4443 animae,
2573 4394 2693 4449 quae
2729 4380 2993 4434 malorum
3044 4379 3212 4435 instar
3249 4381 3565 4452 punicurom

320 4472 459 4545 αἷμα
496 4474 826 4545 ὲχρίσθησαν
856 4470 950 4526 τοῦ
991 4469 1245 4543 Χριστοῦ.
1282 4471 1548 4542 Καθάπερ
1588 4472 1758 4543 γὰρὴ
1795 4473 1896 4545 pou

1966 4516 1970 4544 ,
2001 4472 2163 4527 rubro
2192 4471 2394 4527 Christi
2429 4474 2689 4543 sanguine
2727 4471 2873 4526 illita:
2900 4480 3043 4526 sunt.
3084 4471 3153 4528 Ut
3184 4473 3326 4528 enim
3368 4473 3564 4528 malum

320 4562 660 4626 πολύκοκκός
703 4564 840 4624 ἐστι,
885 4561 981 4614 καὶ
1029 4558 1429 4628 πολυθάλαμος,
1477 4558 1675 4624 ἔξωθεν
1715 4560 1772 4613 δὲ
1803 4561 1893 4615 τὸν

1998 4566 2251 4634 punicum
2290 4565 2476 4620 multis
2511 4575 2592 4619 est
2628 4565 2913 4634 praeditum
2942 4563 3125 4634 granis
3158 4574 3212 4620 et
3238 4564 3564 4621 loculamen-

320 4655 502 4723 ῳλοιὸν
539 4653 854 4726 ἑρυθροειδῆ
882 4651 1173 4721 κέκτηται·
1206 4649 1379 4714 οὕτως
1406 4652 1440 4721 ἡ
1485 4650 1780 4721 Ἐκκλησία
1806 4652 1897 4706 τὸν

2001 4656 2100 4720 tis;
2137 4657 2475 4711 extrinsecus
2518 4665 2695 4711 autem
2725 4657 2984 4711 corticem
3013 4656 3235 4710 rubrum
3264 4656 3455 4711 habet:
3489 4654 3562 4709 ita

320 4745 743 4817 πολυάνθρωπον
766 4744 935 4815 δῆμον
960 4742 1157 4813 ἔχουσα
1189 4740 1359 4805 ἐντὸς,
1399 4743 1493 4796 καὶ
1517 4745 1629 4806 τοῖς
1660 4743 1892 4813 ἱματίοις

1999 4745 2235 4802 Ecclesia
2254 4762 2373 4816 qua:
2391 4747 2858 4818 populosissimam
2878 4746 3154 4801 hominum
3170 4745 3562 4801 multitudinem

386 4931 434 4962 ⁴⁹
466 4930 606 4983 Psal.
640 4945 805 4992 cun,
839 4929 928 4985 28.
1004 4930 1050 4961 '°
1089 4927 1229 4983 Paul.
1264 4943 1396 4994 Lxu,
1431 4927 1484 4985 9.
1561 4927 1604 4959 ⁸¹
1632 4926 1817 4982 Matth.
1856 4945 1975 4996 xm,

1004 4930 1050 4961 '°
1089 4927 1229 4983 Paul.
1264 4943 1396 4994 tht,
1431 4927 1484 4985 9.
1561 4927 1604 4959 ⁸¹
1632 4926 1817 4982 Matth.
1856 4945 1975 4996 xm,
2001 4928 2088 4983 58.
2159 4929 2321 4983 "lsa.
2355 4944 2461 4993 LIV,
2491 4929 2546 4983 2.

388 5065 501 5137 (67)
543 5065 635 5125 Sic
670 5081 858 5121 omnes
889 5067 1044 5121 codd.
1079 5065 1219 5135 Lege
1250 5065 1711 5137 συμπρέπουσαν.
1984 5087 1986 5094 λ

1099 5081 1219 5135 λθεο
1250 5065 1711 5137 συμπρέπουσαν.
1984 5066 2124 5121 κατὰ
2157 5067 2320 5120 τόπον
2356 5066 2697 5136 Ἐκκλησίας.

388 5133 505 5203 (litt)
544 5138 653 5207 ίέν
683 5138 837 5190 abest
868 5138 934 5189 ab
966 5133 1228 5207 omnibus
1272 5133 1557 5207 sacrorum
1585 5135 1876 5189 Bibliurum
2057 5137 2168 5206 (7'2)
2213 5138 2303 5191 Sic
2352 5133 2655 5207 legendum.
2705 5135 2905 5190 Omnes
2934 5133 3088 5189 codd.
3115 5134 3312 5189 habent
3359 5146 3557 5205 παροιο

268 5212 273 5221 ’
316 5206 642 5278 editionibns
666 5218 721 5261 ct
756 5221 885 5260 mss.
917 5205 1080 5278 Abest
1113 5208 1286 5278 etiatlt_
1305 5222 1334 5257 a
1359 5207 1483 5278 cod.
1506 5204 1700 5278 Aﬂutin.
1776 5274 1785 5278 _
1987 5208 2129 5278 μίαι.

387 5275 501 5347 (69)
542 5276 705 5331 Abest
740 5292 768 5327 a
809 5288 930 5329 meo
980 5277 1100 5349 cod.
1146 5285 1197 5329 et
1251 5273 1412 5328 Barb.
1463 5275 1552 5349 hic
1596 5288 1627 5327 θ
1674 5274 1883 5343 psalmo
1988 5271 2025 5349 ’ν
2057 5279 2168 5349 (75)
2212 5277 2389 5349 Locus
2427 5274 2662 5349 lsaimjn
2696 5275 2866 5329 sacris
2907 5272 3089 5349 Bibliis
3122 5282 3246 5349 est“:
3278 5271 3558 5349 Πλάτυνον

318 5341 491 5417 locus,
539 5360 875 5417 Qttent,_eum
925 5345 1173 5398 exhibeat
1206 5356 1262 5417 et
1307 5356 1457 5398 vetus
1500 5341 1785 5411 interpres,
1826 5354 1882 5399 et

1983 5341 2076 5401 τὸν
2122 5341 2286 5402 τοπον
2317 5347 2416 5417 τῆς
2449 5343 2653 5417 σκηνῆς
2694 5359 2810 5407 σου,
2860 5344 2953 5417 καὶ
3000 5343 3109 5417 τῶν
3155 5341 3391 5417 αὐλᾳιῶν
3435 5358 3551 5417 conj

318 5416 514 5488 haheat
538 5416 701 5488 codex
734 5413 1239 5488 huiin._,_reyocav_i.
1260 5484 1272 5488 _
1537 5481 1548 5488 _
1632 5481 1676 5488 __

1986 5417 2173 5488 πῆξον,
2206 5417 2279 5488 μὴ
2305 5412 2491 5488 cpt-Sion,
2527 5412 2802 5488 μάκρυνον
2827 5413 2897 5466 τὰ
2926 5412 3284 5488 σχοινίσματᾲ
3317 5412 3555 5488 σουηκαὶ

388 5482 497 5553 (70)
539 5482 764 5537 Restitui
806 5498 868 5535 ex
921 5482 1204 5538 Mutinensi
1255 5481 1578 5554 ἐπιστροφή.
1628 5481 1776 5538 Meus
1830 5494 1885 5538 et

1994 5481 2113 5551 τοὺς
2139 5481 2571 5548 πασσάλους”σόυ
2595 5481 2920 5552 κατίσχυσον
2939 5481 3080 5546 "Eat,
3103 5481 3156 5536 κ.
3175 5499 3225 5536 τ.
3254 5483 3303 5536 λ.
3331 5502 3349 5534 ι
3382 5483 3553 5536 Dilata
3589 5487 3592 5492 “

313 5553 477 5607 Barb.
500 5554 840 5676 ἀποστροφιὲ
1421 5553 1426 5554 ⁷
1991 5556 2165 5611 locmn
2198 5555 2524 5610 tabernaculi
2564 5554 2665 5614 tui,
2709 5563 2762 5607 et
2790 5554 3078 5607 aulmorum
3112 5562 3323 5605 tuorum
3355 5570 3368 5606 :
3408 5554 3550 5620 lige:

387 5623 501 5676 ΓΗ)
539 5621 768 5676 Restitui
839 5621 1149 5676 ιιπελῶνας.
1170 5631 1227 5675 ut
1251 5620 1421 5676 Vatic.
1442 5629 1497 5676 et
1525 5619 1645 5675 libri
1669 5635 1880 5676 omnes.
1991 5640 2059 5676 ne
2088 5640 2277 5676 parcas
2306 5638 2321 5676 :
2359 5623 2615 5676 nrotende
2657 5621 2925 5676 funiculus
2956 5631 3096 5676 tuos.
3127 5633 3180 5676 et
3230 5623 3380 5676 nalos
3433 5632 3550 5676 tuos

387 5623 501 5695 (71)
521 5619 768 5695 _Resti'tui
796 5619 1149 5695 ἀμπελῶνας,
1170 5631 1227 5675 ut
1251 5620 1421 5695 Vatic.
1442 5629 1497 5676 et
1525 5619 1645 5675 libri
1669 5635 1880 5695 omnes.
1991 5640 2059 5680 ne
2087 5640 2277 5695 parcas
2306 5638 2321 5676 :
2358 5623 2615 5692 protende
2657 5621 2925 5679 funiculus
2956 5631 3096 5688 tuos,
3127 5633 3180 5677 et
3230 5623 3380 5692 palos
3433 5619 3554 5676 tuos

317 5691 490 5748 llanc'
520 5693 820 5762 lectionem
840 5691 1108 5762 agnoscit
1142 5700 1316 5762 vetus
1347 5691 1632 5762 interpres,
1677 5700 1735 5762 et
1768 5691 1882 5762 ipsa
1991 5691 2257 5762 cou'l'orta,
2287 5712 2309 5747 ι
2347 5691 2449 5749 etc.

313 5762 626 5834 explanatio
653 5759 908 5833 postulat,
934 5763 1022 5817 ubi
1063 5761 1191 5816 dicit
1221 5778 1234 5813 :
1265 5761 1439 5831 Ὅπερ
1465 5759 1633 5828 ἐστὶν,
1672 5761 1752 5825 εἰς
1779 5760 1883 5825 τὰς
