4048 6212
266 290 359 346 157

1174 275 1571 332 ENARRATIO
1612 275 1676 331 ΙΝ
1717 275 2070 331 CAN'I‘ICUM
2109 272 2583 329 CANTICOBUM.

3407 275 3508 326 158

257 394 556 456 καὶταῦτα
607 388 905 461 ποιουμένη
954 389 1062 442 ἀπὸ
1101 388 1194 441 τοῦ
1239 388 1403 460 νόμου
1437 389 1710 445 ἀκούουσα
1753 388 1833 452 τδ,

1961 398 1994 443 2t
2014 388 2081 442 ab
2108 386 2411 456 Evangeliis
2440 399 2456 440 :
2486 402 2506 438 ι
2535 385 2650 440 Non
2673 383 2859 452 jurare
2888 385 3106 440 omnino
3141 385 3206 440 ".
3247 403 3266 438 ι
3307 384 3372 440 Ει
3398 386 3511 442 haec

264 510 282 543 ι
301 491 416 544 Οὐκ
443 486 796 556 ἐπιορκήσεις
814 499 828 513 ο
859 499 878 531 ι
919 481 1015 533 καὶ
1042 479 1152 533 ἀπὸ
1179 479 1288 533 τῶν
1314 481 1659 551 Εὐαγγελίων
1680 480 1839 534 ἀκού-

258 598 395 637 ουσα
433 578 519 642 τὸ,
577 595 596 628 ι
621 576 707 645 Μὴ
739 568 938 644 ὀμόσαι
972 570 1128 634 ὅλως.
1158 589 1177 622 ι
1224 571 1336 623 Καὶ
1385 570 1558 624 ταῦτα
1606 568 1845 639 πεφυλα-

261 673 446 744 γμένη
491 669 567 740 τῷ
598 663 858 734 ἀδελφιδῷ
885 662 1074 732 αὐτῆς,
1109 661 1283 715 ταῦτα
1328 664 1505 732 τηρεῖ,
1552 661 1688 731 ὅπερ
1727 662 1846 714 ἐστὶ

266 763 348 833 τῷ
382 761 500 830 ίδίῳ
545 755 775 828 νυμφίῳ,
827 754 918 807 ἵνα
963 753 1051 806 διὰ
1099 752 1202 822 τῆς
1249 753 1518 824 ποιήσεως
1561 751 1670 805 τῶν
1695 753 1845 806 ἐντο-

270 855 377 907 λῶν
400 852 506 921 (90)
529 850 585 904 τὸ
608 849 785 902 ἔλαιον
807 846 867 899 ὲν
890 847 1005 909 τοῖς
1031 843 1178 907 ίδίοις
1205 843 1446 914 ἀγγείοις
1469 846 1525 898 ὲν
1551 843 1684 915 τῷδε
1711 845 1844 913 ἀγο-

261 934 506 1013 ιράςουσα
526 938 605 1008 τῷ
637 937 759 1007 βίῳ,
792 934 896 1005 τὴν
923 932 1182 1004 λαμπάδα
1211 931 1464 1002 ἁψαμένη
1493 931 1589 1002 τὴν
1623 932 1721 1003 τῆς
1756 931 1845 986 πί,

279 1046 456 1093 στεως,
483 1026 563 1098 τῷ
588 1024 811 1096 νυμφίῳ
837 1021 1191 1092 παραφαίνει.
1220 1022 1319 1075 Διά
1346 1020 1503 1075 τοῦτο
1540 1021 1634 1074 καὶ
1671 1023 1700 1074 6
1733 1020 1846 1073 Κύ-

280 1139 389 1193 ριος
431 1121 558 1190 περὶ
596 1119 703 1171 τῶν
735 1115 808 1169 τὰ
843 1113 1042 1186 νομικά
1083 1113 1177 1166 καὶ
1208 1112 1541 1182 εὐαγγελικά
1606 1113 1846 1184 προστά-

279 1228 462 1281 γματα
488 1209 578 1261 τοῦ
589 1206 820 1277 Κυρίου,
847 1205 948 1275 τήν
972 1221 1032 1257 τε
1047 1202 1286 1257 Παλαιὰν
1316 1204 1410 1257 καὶ
1433 1204 1530 1274 τὴν
1555 1203 1702 1257 Νέαν
1724 1203 1846 1256 Δια-

281 1303 445 1373 θήκην
469 1298 819 1370 μελετώντων
851 1295 947 1350 καὶ
977 1293 1345 1365 διηγουμένων
1374 1295 1564 1358 ἐντοῖς
1598 1294 1844 1362 Εὐάγγε-

277 1395 418 1456 λίοις,
445 1391 572 1445 τάδε
604 1389 758 1458 λέγει
777 1405 791 1420 ο
837 1387 938 1441 Διά
961 1386 1117 1441 τοῦτο
1145 1387 1252 1450 πᾶς
1284 1387 1645 1457 γραμματεὺς
1675 1384 1846 1455 μαθη-

1947 479 2260 535 custodiens
2293 477 2534 533 fratrueli
2583 491 2682 533 suo
2725 479 2913 533 eadem
2941 487 3142 542 servat,
3184 478 3234 534 id
3276 488 3378 544 est,
3415 493 3512 534 suo

1945 587 2164 642 sponso,
2201 580 2260 624 ut
2309 585 2406 640 per
2454 568 2859 626 exsecutionem
2899 571 3274 626 mandatorum
3331 569 3510 626 oleum

1947 660 2092 716 vasis
2123 661 2234 716 suis
2259 674 2446 716 emens
2472 660 2528 714 in
2549 661 2650 715 hac
2675 659 2808 726 vita,
2838 659 3086 727 lampade
3127 659 3249 715 fidei
3281 674 3513 716 accensa

1947 764 2146 821 sponso
2173 750 2224 806 in
2253 761 2599 820 conspectum
2620 751 2803 804 veniat
2825 749 2891 804 “.
2937 748 3225 818 Propterea
3256 750 3516 806 Dominus

1952 844 2020 896 de
2067 841 2136 896 iis
2168 842 2257 911 qui
2295 841 2484 910 legalia
2532 850 2586 895 et
2638 839 2943 908 evangelica
2979 849 3244 909 praecepta
3278 839 3511 901 Domini,

1950 941 2006 986 et
2065 933 2233 988 Vetus
2286 917 2600 999 Novumque
2660 931 3064 986 Testamentum
3111 930 3439 984 meditantur
3465 939 3519 981 et

1952 1031 2233 1087 enarrant,
2281 1021 2410 1078 dicit
2450 1021 2504 1076 in
2545 1020 2874 1091 Evangelia:
2916 1039 2934 1073 ‹
2970 1021 3091 1076 ideo
3121 1022 3296 1076 omnis
3339 1022 3516 1076 scriba

1951 1113 2140 1168 doctus
2175 1110 2228 1166 in
2280 1124 2445 1180 regno
2493 1110 2750 1165 ccelorum
2802 1108 2996 1165 similis
3043 1119 3129 1163 est
3167 1110 3392 1174 homini,
3425 1111 3516 1180 qui

1951 1201 2158 1274 profert
2186 1203 2251 1258 de
2286 1202 2542 1258 thesauro
2593 1215 2691 1256 suo
2721 1216 2857 1256 nova
2901 1209 2955 1255 et
2992 1211 3174 1255 vetera
3218 1201 3287 1255 “.
3316 1220 3336 1254 ι
3369 1199 3518 1256 Nova

1950 1295 2190 1363 quidem,
2221 1309 2342 1364 quae
2388 1304 2510 1350 sunt
2551 1302 2818 1364 praecepta
2869 1293 2921 1348 in
2957 1291 3277 1362 Evangelio;
3309 1300 3518 1360 vetera,

1951 1399 2068 1452 quae
2093 1393 2218 1438 sunt
2249 1382 2498 1439 mandata
2533 1383 2585 1438 in
2611 1381 2748 1453 lege.

268 1489 470 1551 τευθεὶς
494 1489 577 1550 είς
609 1485 712 1556 τὴν
750 1482 1025 1553 βασιλείαν
1051 1479 1161 1535 τῶν
1191 1479 1456 1551 οὐρανῶν,
1523 1480 1707 1550 ὅμοιός
1767 1481 1914 1532 ἐστιν
1948 1476 2220 1550 ἀνθρώπῳ
2254 1477 2582 1550 προφέροντι
2625 1477 2690 1530 ὲκ
2731 1475 2824 1530 τοῦ
2865 1476 3136 1549 θησαυροῦ
3165 1476 3329 1532 αύτοῦ
3359 1475 3521 1532 καινὰ

267 1581 357 1634 καὶ
383 1577 595 1632 παλαιά
617 1594 632 1607 ο
665 1596 685 1628 ι
719 1573 883 1628 καινά
913 1573 1032 1645 μὲν,
1055 1573 1123 1626 τὰ
1144 1574 1201 1626 ὲν
1229 1571 1548 1642 Εὑαγγελίῳ
1573 1572 1968 1643 προστάγματα
1986 1585 2000 1600 ⁶
2036 1568 2240 1624 παλαιά
2267 1569 2324 1622 δὲ
2375 1568 2446 1622 τά
2501 1569 2560 1621 ὲν
2597 1569 2745 1639 νόμῳ
2781 1569 3142 1639 διατάγματα.

924 1668 1084 1721 ΚΕΦ.
1133 1668 1216 1720 Η’.

337 1762 468 1816 Σιυ.
510 1760 606 1813 Στ.
647 1765 720 1812 α’.
768 1758 864 1823 Τίς
899 1756 1020 1824 δῴη
1057 1770 1166 1820 σε,
1197 1752 1481 1824 ἀδελφιδέ
1497 1771 1636 1822 μου,
1670 1751 1850 1822 θηλά-

276 1854 451 1917 ζοντα
481 1851 754 1922 μαστοὺς
785 1852 1014 1919 μητρός
1036 1863 1192 1917 pou;

349 1945 574 2014 Μεγάλα
604 1943 702 1997 καὶ
737 1939 1031 2012 Θαυμαστὰ
1079 1939 1356 2011 μυστήρια
1381 1975 1396 2002 ,
1431 1936 1500 1990 τὰ
1530 1938 1586 1991 ἐν
1618 1939 1682 2008 τῇ
1723 1936 1856 2009 ἁγίᾳ

274 2037 448 2110 ταύτῃ
492 2034 832 2105 ἀποκείμενα
867 2033 1088 2103 Γραφῇ·
1140 2031 1200 2084 ού
1246 2030 1356 2099 γὰρ
1403 2023 1524 2082 εἷπε
1549 2071 1564 2097 ,
1615 2047 1632 2080 ι
1675 2027 1856 2099 Θηλά-

273 2133 434 2197 ζοντα
475 2128 588 2200 (91)
626 2124 867 2199 μαστούς
905 2143 924 2176 ι
963 2139 1086 2194 μου,
1121 2120 1294 2187 ἀλλὰ,
1361 2139 1380 2173 ι
1417 2120 1622 2193 μητρός
1659 2137 1780 2191 μου.
1831 2137 1852 2173 s

275 2223 397 2287 Πῶς
439 2222 554 2290 γὰρ
592 2215 704 2272 οἷόν
744 2216 791 2270 τ’
832 2214 970 2278 εστ),
1013 2214 1076 2266 τὸ
1117 2211 1393 2304 ἀδελφιδὸν
1421 2211 1589 2282 αὐτῆς
1633 2209 1857 2281 ἀνδρυν-

276 2311 435 2367 θέντα
474 2310 590 2382 (92)
628 2309 838 2371 λοιπὸν,
872 2307 967 2361 καὶ
997 2301 1370 2368 τελειωθέντα,
1415 2301 1666 2373 θηλάζειν
1699 2301 1859 2354 πάλιν

280 2406 519 2476 μαστοὺς
549 2401 795 2474 μητρὸς;
825 2401 868 2452 Τ
871 2401 899 2452 ὸ
935 2399 1044 2470 γὰρ
1073 2397 1327 2469 θηλάζειν
1363 2396 1498 2468 (95),
1539 2395 1600 2448 οὐ
1633 2395 1742 2448 τῶν
1767 2411 1859 2446 τε-

277 2494 456 2561 λείων,
495 2492 630 2546 ἀλλά
671 2490 782 2544 τῶν
830 2488 1068 2560 βρεφῶν.
1106 2487 1270 2555 Λέγει
1301 2481 1394 2540 οὖν
1443 2487 1476 2557 ἡ
1510 2483 1694 2555 νύμφη
1726 2481 1861 2554 πρὸς

276 2583 367 2638 τὸν
401 2583 655 2655 νυμφίον’
703 2601 721 2634 ι
757 2581 852 2644 Τίς
875 2578 985 2651 δῴη
1021 2595 1102 2642 σε,
1130 2575 1379 2646 ἀδελφιδέ
1407 2592 1530 2646 μου,
1558 2571 1861 2644 θηλὰζοντα

283 2675 521 2746 μαστοὺς
557 2671 764 2743 μητρός
792 2684 930 2740 μου;
969 2686 986 2718 ι
1021 2668 1219 2738 Μήτηρ
1235 2665 1334 2736 τῆς
1367 2661 1586 2734 νύμφης
1609 2661 1643 2731 ἡ
1675 2657 1858 2726 σοφία,

282 2757 560 2826 ἁδελφιδὸς
580 2757 638 2810 δὲ
661 2755 866 2826 ταύτης
889 2757 918 2808 6
944 2749 1146 2824 Κύριος
1176 2751 1334 2823 ἡμῶν
1372 2749 1578 2820 Ἰησοῦς
1605 2746 1858 2817 Χριστὸς,

281 2851 334 2904 ιν
369 2843 414 2918 ᾧ
459 2849 724 2920 ἐφόρεσεν
781 2844 1054 2918 ἀνθρώπῳ
1098 2843 1244 2917 (94),
1294 2841 1353 2896 ὃν
1399 2844 1494 2895 καὶ
1535 2839 1788 2912 παροῦσα
1825 2840 1858 2909 ἡ

284 2942 456 3011 σοφία,
488 2941 769 2994 τουτέστιν
799 2941 828 2992 6
861 2936 967 3009 πρὸ
1002 2933 1212 2990 αἰώνων
1239 2931 1432 3002 Λόγος,
1461 2935 1518 2986 ὲν
1559 2931 1710 3002 αὐτῷ
1739 2947 1864 2984 συν-

2575 1661 2726 1717 CAP.
2773 1659 2902 1714 VIII.

2019 1752 2228 1811 CCXX.
2276 1753 2428 1810 Vers.
2471 1755 2523 1808 1.
2565 1752 2696 1818 Quis
2751 1753 2895 1806 dabit
2929 1763 2997 1818 te,
3048 1753 3316 1821 fratruelis
3356 1769 3518 1820 meus,

1949 1857 2214 1916 augentem
2245 1843 2406 1899 ubera
2434 1846 2623 1899 matris
2658 1844 2824 1899 mea'.’

2023 1934 2214 2006 Magna
2253 1943 2310 1991 et
2339 1934 2609 1990 mirabilia
2653 1933 2931 2006 mysteria,
2965 1949 3085 2005 quae
3131 1937 3364 2008 reposita
3395 1944 3524 1994 sunt

1954 2025 2008 2082 in
2054 2027 2154 2083 hac
2181 2037 2370 2082 sancta
2408 2026 2723 2097 Scriptura;
2754 2042 2857 2082 non
2893 2029 3036 2084 enim
3061 2027 3190 2083 dicit
3219 2045 3234 2082 :
3270 2047 3289 2080 ι
3320 2027 3526 2100 Sugen-

1955 2127 2063 2174 tem
2091 2119 2257 2173 ubera
2286 2137 2305 2172 ι
2329 2135 2467 2184 mea,
2501 2120 2595 2174 sed
2613 2137 2633 2172 ι
2657 2120 2848 2174 matris
2871 2133 3056 2175 meae.»
3097 2119 3375 2186 Quomodo
3399 2136 3527 2177 vero

1956 2207 2076 2266 fieri
2112 2219 2292 2281 potest
2329 2219 2388 2266 ut
2419 2210 2691 2267 fratruelis
2733 2211 2848 2280 ejus
2878 2212 2967 2281 qui
2995 2212 3105 2283 jam
3131 2212 3183 2267 in
3210 2213 3382 2267 virum
3411 2223 3528 2269 tan-

1957 2301 2078 2357 dem
2130 2301 2448 2367 adoleverit,
2499 2310 2552 2358 et
2599 2305 2664 2357 ad
2710 2302 3004 2374 perfectam
3054 2304 3263 2359 venerit
3295 2313 3527 2372 aetatem,

1958 2407 2145 2448 rursus
2173 2402 2329 2463 sugat
2376 2393 2545 2449 ubera
2586 2395 2811 2449 matris?
2845 2394 3055 2465 Sugere
3100 2395 3244 2450 enim
3288 2412 3391 2451 non
3442 2407 3530 2454 est

1960 2484 2286 2549 adultarum,
2341 2484 2435 2539 sed
2486 2484 2793 2540 infantium.
2850 2486 2941 2539 Ait
2988 2485 3152 2555 igitur
3205 2499 3406 2555 sponsa
3463 2488 3529 2541 ad

1957 2589 2212 2646 sponsum
2244 2587 2261 2628 ι
2296 2592 2314 2625 ι
2338 2574 2469 2642 Quis
2500 2574 2589 2630 det
2618 2585 2690 2639 te,
2721 2574 2992 2630 fratruelis
3035 2590 3204 2639 meus,
3251 2585 3530 2646 augentem

1962 2665 2125 2721 ubera
2157 2665 2345 2722 matris
2390 2666 2600 2721 mean:
2655 2665 2826 2721 Mater
2857 2681 3068 2736 sponsae
3097 2675 3182 2721 est
3226 2665 3530 2735 Sapientia;

1963 2754 2236 2812 fratruelis
2261 2771 2390 2812 vero
2429 2755 2545 2826 ejus
2573 2756 2830 2811 Dominus
2865 2769 3052 2812 noster
3080 2755 3236 2812 Jesns
3260 2757 3532 2824 Christus,

1963 2846 2017 2902 in
2047 2861 2154 2918 quo
2200 2847 2432 2917 gestavit
2477 2846 2772 2912 hominem,
2823 2863 2982 2918 quem
3027 2845 3302 2918 Sapientia
3336 2848 3403 2902 ad
3437 2862 3533 2904 nos

1966 2938 2208 3009 delapsa,
2237 2940 2337 2996 hoc
2364 2949 2450 2995 est
2475 2939 2710 2996 Verbum
2739 2940 2881 3011 quod
2912 2949 2994 2995 est
3020 2949 3144 2995 ante
3172 2940 3388 3008 sarcula,
3411 2955 3534 2997 eum

283 3035 582 3106 εκεράσατο
617 3032 755 3103 (95).
812 3032 981 3084 Ὅταν
1031 3024 1124 3083 οὖν
1176 3029 1255 3091 είς
1299 3025 1427 3088 τοὺς
1471 3023 1857 3094 νεοφωτίστους

1964 3030 2142 3100 seipso
2165 3029 2530 3084 commiscuit.
2579 3028 2712 3084 Cum
2765 3030 2932 3100 igitur
2968 3030 3219 3087 Christus
3262 3032 3314 3085 in
3348 3047 3535 3088 recens

286 3125 591 3200 μορφωθεὶς
618 3123 729 3195 (96)
753 3124 782 3176 6
802 3120 1058 3194 Χριστὸς,
1082 3119 1174 3174 καὶ
1195 3121 1275 3183 εἰς
1301 3117 1370 3172 τά
1398 3115 1658 3188 ἀρτιγενῆ
1684 3114 1860 3186 βρέφη

283 3221 374 3290 τῆς
413 3215 774 3287 Ἐκκλησίας,
795 3213 860 3267 δι’
890 3213 1113 3266 ἐκείνων
1138 3209 1300 3274 αὐτὸς
1321 3210 1350 3262 6
1376 3205 1610 3280 Χριστὸς
1640 3205 1860 3276 θηλάζει

283 3311 403 3372 rei»;
452 3307 717 3379 μαστοὺς,
761 3302 1008 3357 τουτέστι
1041 3301 1142 3366 τὰς
1185 3299 1278 3354 δύο
1315 3300 1622 3373 Διαθήκας,
1667 3299 1758 3369 ἀφ’
1788 3292 1862 3353 ὧν

284 3398 342 3452 τὸ
367 3397 488 3468 μέλι
518 3393 616 3448 καὶ
649 3394 710 3446 τὸ
742 3392 883 3462 γάλα
921 3393 1004 3462 ρεἰ
1031 3393 1141 3455 τοῖς
1172 3390 1578 3462 ἀρτιγεννήτοις
1607 3387 1862 3454 παιδίοις,

283 3491 389 3552 τοῖς
419 3487 487 3540 δι’
532 3483 724 3548 ὓδατος
767 3483 861 3536 καὶ
898 3480 1217 3551 Πνεύματος
1238 3478 1725 3550 ἀναγεννωμένοις,
1767 3477 1863 3532 καὶ

283 3577 378 3654 τὴν
415 3575 660 3636 ἀκακίαν
699 3574 807 3632 ἀπὸ
841 3576 939 3646 τῆς
968 3574 1212 3637 Παλαιᾶς
1243 3573 1338 3627 κα)⁵
1370 3571 1478 3625 ἀπὸ
1520 3572 1622 3642 τῆς
1651 3571 1863 3642 Καινῆς

286 3674 581 3744 θηλὰζουσι
604 3686 616 3702 ·
649 3668 922 3740 Ζαχαρίου
958 3664 1057 3737 μὲν
1089 3663 1337 3734 λέγοντος
1359 3680 1374 3696 ·
1413 3683 1432 3716 ι
1463 3664 1731 3727 ’Ἕκαστος
1768 3661 1866 3733 τὴν

286 3761 486 3812 κακίαν
526 3756 619 3810 τοῦ
650 3755 877 3825 πλησίον
903 3753 1014 3824 (97)
1053 3752 1128 3824 μὴ
1172 3751 1470 3820 λογιζέσθω
1509 3752 1621 3824 (98)
1655 3754 1712 3806 ὲν
1749 3755 1866 3816 ταῖς

287 3850 541 3922 καρδίαις
569 3848 748 3918 ὑμῶν’
793 3865 812 3898 ι
846 3846 942 3900 καὶ
968 3845 1128 3899 πάλιν
1172 3845 1394 3898 Ἡσαΐου
1427 3843 1685 3914 βοῶντος⁸
1724 3861 1742 3896 ι
1778 3843 1869 3897 Εἴ-

285 3956 424 3994 πατε
465 3939 577 4010 (99)
609 3941 721 4003 τοῖς
784 3936 1033 4008 μισοῦσιν
1089 3936 1258 4006 ὑμᾶς,
1302 3935 1522 4006 ἀδελφοὶ
1553 3935 1732 4006 ἡμῶν,
1770 3937 1865 3989 καὶ

288 4033 398 4094 τοῖς
432 4028 930 4101 βδελυσσομένοις.ι
955 4027 1063 4081 Καὶ
1085 4026 1245 4080 πάλιν
1257 4025 1364 4080 ἀπὸ
1389 4025 1497 4080 τῶν
1525 4025 1868 4096 Εὑαγγελίων

289 4120 619 4190 θηλάζουσιν
665 4118 775 4173 ἀπὸ
815 4117 910 4172 τοῦ
959 4115 1163 4188 μαστοῦ
1204 4117 1304 4188 τῆς
1345 4117 1554 4187 Καινῆς
1593 4117 1868 4190 Διαθήκης

287 4213 464 4264 ἐκεῖνο
483 4211 548 4263 τὸ
566 4209 669 4279 τῆς
686 4209 920 4271 ἀκακίας
949 4209 1014 4279 ῥῆ
1024 4221 1118 4277 μα’
1147 4225 1166 4258 ι
1200 4207 1474 4274 Ἀγαπᾶτε
1498 4207 1624 4271 τοὺς
1641 4205 1870 4278 ἐχθροὺς

289 4302 475 4373 ὑμῶν’
525 4301 708 4364 καλῶς
739 4302 942 4353 ποιεῖτε
966 4301 1080 4362 τοῖς
1117 4297 1366 4370 μισοῦσιν
1397 4297 1565 4369 ὑμᾶς,
1593 4299 1687 4353 καὶ
1715 4298 1871 4370 εὔχε-

1967 3120 2281 3175 illuminatis
2322 3119 2584 3175 formatus
2629 3121 2720 3184 sit,
2756 3131 2812 3176 et
2847 3121 2898 3176 in
2948 3137 3118 3192 nuper
3145 3121 3284 3176 natis
3312 3121 3534 3176 infantis

1966 3211 2067 3268 bus
2093 3209 2378 3276 Ecclesiae;
2426 3227 2522 3282 per
2553 3211 2676 3267 illos
2714 3212 2828 3282 ipse
2853 3213 3104 3269 Christus
3152 3215 3292 3283 sugit
3344 3215 3536 3280 ubera,

1967 3303 2069 3359 hoc
2093 3314 2178 3359 est
2205 3305 2309 3359 duo
2333 3303 2702 3373 Testamenta,
2729 3321 2796 3362 ex
2825 3307 3021 3379 quibus
3046 3307 3147 3364 mel
3173 3317 3227 3363 et
3257 3308 3342 3362 lac
3372 3306 3537 3362 llitunt

1968 3395 2097 3466 ipsis
2127 3409 2297 3464 nuper
2322 3395 2520 3464 genitis
2547 3395 2692 3462 filiis,
2729 3396 2819 3467 qui
2854 3411 2949 3466 per
2978 3412 3174 3468 aquam
3195 3408 3251 3454 et
3276 3396 3538 3468 Spiritum

1967 3486 2273 3563 regenerati
2316 3497 2462 3552 sunt,
2497 3497 2550 3542 et
2579 3487 2941 3543 innocentiam
2984 3501 3016 3544 ο
3065 3488 3246 3545 Veteri
3296 3499 3353 3544 et
3394 3488 3539 3544 Novo

1969 3574 2316 3634 Testamento
2344 3585 2580 3648 sugunt;
2608 3575 2870 3632 Zacharia
2906 3577 3158 3634 dicente:
3190 3597 3212 3630 c
3244 3578 3548 3648 Unusquis-

1971 3683 2077 3739 que
2142 3669 2403 3724 malitiam
2461 3669 2696 3739 proximi
2759 3684 2864 3724 non
2918 3671 3122 3738 cogitet
3175 3671 3229 3724 in
3284 3673 3541 3726 cordibus

1968 3758 2167 3814 vestris
2196 3760 2270 3825 “;
2301 3777 2320 3812 ι
2347 3767 2399 3813 et
2427 3773 2614 3814 rursus
2635 3757 2905 3814 clamante
2929 3759 3063 3814 lsaia
3097 3777 3112 3814 :
3147 3778 3165 3810 ι
3192 3757 3383 3827 Dicite,
3432 3760 3541 3815 fra-

1971 3859 2082 3905 tres
2109 3851 2302 3917 nostri,
2335 3850 2402 3906 iis
2425 3851 2514 3920 qui
2537 3850 2767 3906 oderunt
2790 3864 2886 3904 vos
2908 3859 2964 3904 et
3001 3850 3384 3905 abominantur
3415 3848 3482 3904 “.
3517 3869 3536 3902 ι

1972 3939 2040 3996 Et
2089 3953 2274 3995 rursus
2325 3955 2392 3995 ex
2450 3939 2742 4011 Evangelio
2821 3949 3019 4010 sugunt
3065 3944 3132 3996 ab
3182 3940 3354 3998 ubere
3406 3940 3540 3998 Novi

1969 4028 2302 4087 Testamenti
2363 4029 2492 4085 illud
2569 4030 2894 4086 innocentia:
2956 4031 3180 4088 verbum
3223 4049 3239 4089 :
3283 4049 3302 4085 ι
3334 4031 3547 4103 Diligite

1975 4121 2222 4177 inimicos
2247 4131 2481 4185 vestros,
2516 4121 2817 4178 benefacite
2857 4123 2926 4180 iis
2960 4127 3050 4195 qui
3077 4127 3306 4182 oderunt
3337 4142 3452 4194 vos,
3489 4136 3544 4183 et

1973 4221 2127 4268 crate
2169 4225 2267 4284 pro
2307 4213 2757 4286 persequentibus
2805 4229 2901 4272 vos
2932 4217 2998 4272 “.
3024 4235 3043 4269 ι
3091 4217 3168 4272 Ex
3207 4217 3330 4273 divo
3367 4228 3545 4272 autem

1977 4303 2142 4359 Paulo
2184 4303 2387 4362 dictum
2424 4307 2553 4363 illud
2585 4325 2601 4364 :
2639 4325 2659 4360 ι
2683 4305 2822 4362 Nulli
2870 4308 3070 4363 malum
3107 4323 3206 4378 pro
3253 4308 3392 4364 malo
3425 4308 3545 4364 red-

292 4366 385 4446 σθε
413 4393 558 4465 ὑπὲρ
581 4392 692 4445 τῶν
721 4366 1164 4446 καταδιωκόντων
1193 4390 1359 4462 ὑμᾶς.
1399 4409 1419 4443 ι
1437 4366 1447 4369 ν
1468 4387 1600 4446 una
1632 4391 1689 4445 δὲ
1721 4366 1857 4447 Παύ-

1976 4395 2187 4464 dentes,
2213 4396 2306 4452 sed
2333 4411 2546 4469 semper
2568 4400 2767 4455 bonum
2795 4399 2862 4455 ".
2893 4418 2915 4452 ι

288 4481 383 4534 λου
424 4481 525 4534 τοῦ
569 4480 871 4535 ἀποστόλου
920 4478 984 4533 τὸ
1019 4477 1311 4550 λεγόμενον
1331 4496 1346 4512 ·
1404 4498 1423 4531 ι
1461 4480 1664 4552 Μηδενὶ
1699 4482 1871 4536 κακὸν

289 4577 413 4628 ἀντὶ
436 4573 612 4628 κακοῦ
643 4572 1006 4636 ἀποδιδόντες,
1033 4570 1170 4626 άλλά
1204 4572 1439 4626 πάντοτε
1490 4571 1553 4626 τὸ
1585 4573 1809 4642 ἀγαθόν.
1847 4590 1865 4625 ι

363 4668 541 4722 ΣΚΔν.
584 4663 871 4736 Εὐροῦσά
895 4680 969 4719 σε
999 4665 1136 4731 ἔξω,
1159 4664 1400 4735 φιλήσω
1428 4681 1524 4736 σε,
1550 4667 1652 4721 καί
1676 4683 1743 4738 τε
1763 4669 1875 4722 οὐκ

289 4758 779 4823 ἐξωδενώσουσί
809 4774 887 4828 με
920 4757 1020 4830 (ι).

367 4849 514 4915 Ἔξω
542 4848 646 4919 τῆς
693 4847 1050 4921 Ἰερουσαλὴμ
1076 4847 1431 4920 ἐσταύρωσαν
1459 4848 1554 4905 τὸν
1600 4849 1836 4923 Χριστόν
1858 4865 1874 4883 ο

2051 4664 2280 4726 CCXXI.
2312 4671 2586 4729 Invenient
2621 4681 2668 4728 te
2698 4672 2828 4745 foris
2853 4674 3131 4728 osculabar
3161 4682 3242 4739 te;
3270 4684 3316 4728 et
3343 4676 3553 4745 quidem

1981 4777 2086 4815 non
2114 4765 2395 4831 despicient
2426 4781 2527 4820 me.

2055 4853 2222 4911 Extra
2267 4855 2602 4914 Hierusalem
2646 4857 3039 4915 crucifixerunt
3095 4855 3369 4913 Christum
3405 4873 3418 4910 :
3451 4865 3565 4923 per

359 4969 618 5045 "Albuti;
644 4983 701 5045 1.
722 4969 811 5024 54.
872 4969 918 5002 ⁸⁸
941 4968 1135 5045 ῌΞιιιι.
1170 4985 1337 5040 xxxv,
1365 4970 1392 5024 1
1421 4984 1542 5042 sqq.
1619 4973 1663 5005 “
1695 4972 1886 5030 Matth.
1921 4990 2040 5042 xm,
2066 4974 2157 5032 52.
2233 4977 2277 5009 "
2305 4977 2472 5034 Zacb.
2506 4993 2627 5044 vm,
2658 4979 2746 5035 17.
2821 4979 2868 5013 ⁸⁸
2912 4979 3017 5037 lsa.
3043 4991 3188 5045 m1,
3215 4977 3267 5032 5.
3347 4977 3394 5008 “
3419 4975 3497 5032 Lu
3519 4996 3563 5034 c.

289 5053 367 5104 vr,
397 5039 492 5093 27.
569 5038 616 5070 “
639 5037 800 5094 Rom.
827 5055 928 5108 xu,
957 5040 1047 5094 17.

363 5155 476 5222 (90)
515 5151 610 5207 Sic
628 5150 978 5222 Mutinensis:
998 5161 1226 5209 atmeus
1242 5150 1296 5208 et
1313 5151 1472 5222 Barb.
1493 5146 1593 5221 τῆς
1621 5149 1867 5220 ἐντολῆς.

364 5221 476 5293 (9|)
510 5222 733 5293 Barber.
767 5221 1041 5293 θηλάζειν.
1076 5222 1267 5278 Μιιιίη.
1297 5221 1620 5293 θηλᾲζοντα.

362 5288 477 5362 (92)
513 5288 957 5360 Ἀνδρυνθέίηα.
986 5291 1061 5363 Ita
1087 5293 1281 5348 Mutin.
1311 5288 1869 5363 ’Kﬁptvogvraﬁarh.

291 5377 345 5415 et
370 5359 562 5425 locus;
590 5359 730 5416 male
750 5375 994 5432 uterque.
1018 5361 1180 5419 Recta
1199 5363 1360 5417 lectio
1379 5359 1466 5416 est
1493 5359 1871 5432 ἀνδρισθέντα,

290 5447 345 5487 et
368 5434 559 5503 melior
588 5431 818 5503 fortasse
843 5431 1206 5503 ἀνδρωθέντα.

366 5503 480 5572 (93)
515 5502 713 5572 blutin.
738 5499 992 5572 θηλάζειν
1020 5502 1180 5556 πάλιν
1205 5501 1266 5555 ού
1303 5499 1413 5556 τῶν
1443 5500 1556 5554 τελ.

365 5569 480 5636 (94)
521 5570 652 5640 Leg.
684 5569 988 5640 ἄνθρωπον.

365 5643 480 5712 (95)
516 5638 806 5696 IIaMutin.
849 5641 1072 5713 hlettsgt
1097 5638 1318 5713 Barber.
1352 5641 1700 5713 συνεκέρατο.

365 5708 478 5785 (96)
517 5713 658 5782 Lege
698 5710 976 5782 μορφωθῇ.
1008 5708 1224 5763 Paulina
1269 5711 1507 5780 phrasis,
1543 5708 1598 5766 ut
1630 5709 1753 5766 alibi
1784 5725 1874 5765 su-

622 5806 895 5865 PaTnOL.
941 5805 1061 5862 (in.
1112 5802 1242 5866 XL.

1979 5165 2075 5222 pra
2113 5151 2540 5222 observavimus.

2047 5221 2162 5294 (97)
2196 5217 2368 5294 Υιιιὶο.
2392 5219 2832 5294 πλησίονίαὺτοῦ.

2052 5292 2165 5363 (98)
2201 5292 2716 5364 Vatie._loyi;eqoe-
2745 5302 2801 5348 et
2827 5293 2908 5349 sic
2933 5294 3241 5364 legendum.
3279 5297 3449 5356 Vetus
3480 5302 3560 5353 in.

1982 5362 2188 5430 terpres
2217 5362 2343 5430 legit
2383 5362 2702 5430 λογιζέσθω,
2754 5381 2774 5414 ι
2815 5362 3056 5430 reputet;
3094 5383 3113 5416 ι
3167 5369 3260 5422 sed
3315 5374 3474 5427 vertit
3503 5373 3558 5425 ἐν

1981 5426 2375 5503 ταῖζᾼκαρδίαις
2405 5426 2639 5503 61.163th
2679 5426 2730 5486 in
2764 5426 3018 5503 cordibus
3045 5426 3178 5491 suis.
3216 5456 3236 5490 ι

2053 5501 2164 5573 (99)
2199 5500 2516 5573 Perturbute
2542 5500 2765 5573 affertur
2816 5503 2904 5557 hic
2937 5502 3086 5560 lsaia:
3148 5507 3320 5573 locus,
3371 5510 3448 5564 sic
3477 5509 3556 5563 le-

1977 5570 2180 5650 gendus
2199 5587 2223 5650 ⁸ι
2261 5571 2488 5650 Εἴπατε,
2550 5570 2768 5642 ἀδελφοὶ
2799 5573 3108 5644 ὴμῶν,τοῖς
3141 5570 3388 5649 μισοῦσιν
3413 5581 3554 5650 ὑμᾶς

1983 5638 2074 5694 ita!
2109 5638 2361 5710 βδελυσσο
2367 5642 2567 5712 μένοις.

2054 5713 2130 5782 (1)
2172 5712 2262 5768 Sic
2285 5719 2401 5768 cod.
2437 5717 2599 5769 etiam
2624 5714 2771 5772 Alex.
2805 5715 2978 5776 Editio
3018 5718 3139 5774 Vat.
3173 5721 3332 5776 habet
3373 5735 3482 5787 pm.

3210 5812 3244 5869 ὅ
