4048 6212
470 283 566 340 151

1559 286 1876 346 PHILONIS
1914 284 2220 346 EPISCOPI
2252 289 2568 347 CARPASII

3605 291 3709 348 I52

469 407 595 452 vant
620 405 674 453 et
701 397 1006 454 custodiunt
1034 398 1410 452 mandatorum
1436 373 1724 471 pr‘arcepta,
1748 404 1812 458 de
1837 405 2034 474 quibus

2154 402 2352 457 τελῶνα
2386 401 2679 457 ἐκδώσεται
2721 401 2920 470 ἄλλοις,
2963 400 3164 474 δηλαδὴ
3193 404 3308 468 τοῖς
3338 403 3562 476 τηροῦσι
3611 404 3709 463 καὶ

468 489 669 549 dictum
707 497 790 545 est
823 508 838 546 :
880 507 898 541 ι
934 487 1090 543 Dedit
1128 489 1339 544 vineam
1368 491 1814 548 custodientibus.
1841 513 1860 545 ι

539 665 809 724 CCXLIV.
855 665 949 720 Vir
1003 666 1183 734 aﬁ'eret
1209 681 1262 719 in
1296 666 1474 735 fructu
1513 666 1626 736 ejus
1663 668 1805 723 mille
1845 685 2033 739 argen-

468 771 596 816 1808.

540 847 730 902 Omnis
769 847 911 901 enim
947 847 1200 918 magister
1234 849 1450 918 sapiens
1487 857 1543 904 et
1581 848 1796 905 auditor
1838 848 2038 904 intelli-

469 953 600 1006 gens
629 938 682 992 in
713 935 952 993 Ecclesia
987 957 1005 990 ι
1043 938 1178 994 feret
1203 939 1256 996 in
1299 938 1475 996 fructu
1506 938 1623 1011 ejus
1662 938 1810 994 mille
1840 953 2036 1010 argen-

471 1037 624 1084 teos:
658 1049 677 1082 ι
709 1029 758 1083 id
789 1039 872 1083 est
893 1069 909 1096 ,
943 1029 1345 1099 implemeutum
1402 1043 1500 1101 per
1544 1029 1895 1084 millensrium
1939 1044 2038 1083 nu-

471 1134 676 1174 merum
707 1129 794 1174 est
833 1121 1070 1174 omnium
1113 1119 1484 1176 mandatorum
1526 1119 1770 1186 Domini,
1798 1119 2040 1190 eloquio-

471 1222 590 1262 rum
630 1207 743 1277 ejus
771 1206 1002 1264 elfectio.
1039 1227 1057 1261 ι
1088 1208 1310 1278 Eloquis
1333 1227 1352 1262 ι
1389 1208 1532 1264 enim
1571 1224 1590 1260 ι
1627 1208 1834 1265 Domini
1863 1219 2037 1276 casta,

475 1308 757 1368 argentum
787 1299 909 1370 igne
938 1300 1323 1368 examinatum,
1360 1302 1643 1372 probatum
1675 1299 1728 1356 in
1760 1308 1905 1356 terra
1928 1302 1978 1368 ¹,
2014 1319 2034 1354 ι

473 1399 531 1445 ut
563 1405 724 1461 supra
757 1393 954 1448 dictum
984 1401 1084 1451 est.

541 1480 790 1537 CCXLV.
832 1483 983 1539 Vers.
1028 1485 1116 1539 12.
1154 1483 1316 1540 Vinea
1357 1501 1473 1539 mea
1508 1484 1636 1539 mihi
1677 1485 1732 1539 in
1764 1494 2040 1554 conspectu

473 1589 608 1631 meo.
644 1571 795 1630 Mille
837 1574 1085 1631 Salomon
1129 1587 1178 1631 et
1226 1576 1439 1630 ducenti
1480 1575 1889 1632 custodientibus
1930 1576 2042 1646 fru-

473 1673 616 1720 ctum
648 1667 783 1737 ejus.

2138 493 2464 564 φυλάττουσι
2497 492 2568 546 τὰ
2592 492 2699 548 τῶν
2730 492 2959 546 ἐντολῶν
2987 493 3418 565 προστάγματα,
3461 496 3590 567 περὶ
3634 490 3710 553 ὧν

2135 587 2375 660 εἴρηται·
2416 605 2436 640 ι
2475 587 2680 640 Ἔδωκε
2715 587 2805 641 τὸν
2834 586 3131 658 ἀμπελῶνα
3161 591 3273 652 τοῖς
3294 588 3571 661 τηροῦσιν.
3605 607 3624 642 ι

2207 679 2380 733 ΣΜΔ’.
2448 677 2619 746 Ἀνὴρ
2669 678 2824 732 οἵσει
2868 677 2938 732 ἐν
2985 678 3190 748 καρπῷ
3232 679 3420 734 αὐτοῦ
3474 679 3712 752 χιλίους

2137 770 2458 840 ἁργυρίους
2487 770 2620 842 (52).

2209 861 2325 925 Πᾶς
2356 862 2461 932 γάρ
2493 879 2576 925 τις
2599 861 2758 930 σοφὸς
2788 861 3120 928 διδάσκαλος,
3156 868 3249 916 καὶ
3271 863 3487 925 συνετὸς
3515 862 3714 933 ἀκροα-

2138 952 2236 1023 τὴς
2257 954 2314 1005 ὲν
2345 955 2410 1024 τῇ
2457 951 2752 1024 Ἐκκλησία
2787 971 2804 1005 ι
2829 953 2963 1006 οἴσει
2985 954 3041 1007 ὲν
3069 953 3266 1024 καρπῷ
3294 952 3458 1008 αὑτοῦ
3495 951 3708 1023 χιλίους

2139 1043 2452 1116 ἀργυρίους,
2476 1061 2494 1097 ι
2518 1044 2655 1115 ὅπερ
2676 1045 2843 1108 ἐστὶν,
2869 1045 2902 1115 ή
2933 1042 3023 1098 διὰ
3051 1044 3151 1114 τῆς
3170 1044 3405 1114 χιλιάδος
3432 1044 3714 1116 πλήρωσις

2139 1136 2358 1191 πάντων
2397 1135 2505 1191 τῶν
2543 1135 2774 1190 ἐντολῶν
2806 1134 3015 1207 Κυρίου
3057 1133 3283 1190 καὶτῶν
3314 1133 3509 1204 λογίων
3544 1132 3712 1189 αὐτοῦ

2141 1227 2380 1299 ποίησις.
2425 1246 2444 1280 ι
2477 1227 2561 1282 Τὰ
2581 1227 2739 1298 λόγια
2778 1245 2796 1279 i
2832 1226 2942 1299 γὰρ
2977 1246 2996 1279 ι
3027 1227 3236 1302 Κυρίου
3271 1226 3430 1297 ἁγνὰ,
3454 1225 3717 1300 ἀργύριον

2143 1319 2567 1393 πεπυρωμένον,
2624 1319 2868 1390 δοκίμιον
2902 1321 2960 1373 ὲν
2981 1321 3048 1392 τῇ
3078 1321 3172 1391 γῇ,
3202 1337 3220 1371 ι
3263 1317 3339 1383 ὡς
3365 1317 3710 1396 προείρηται.

2212 1493 2386 1554 ΣΜΕ’.
2417 1496 2507 1550 Στ.
2535 1495 2619 1567 ιβ’.
2653 1495 2962 1566 Ἀμπελών
2973 1514 3094 1567 μου
3123 1494 3267 1565 ἐμὸς
3293 1493 3553 1549 ἐνώπιόν
3571 1510 3714 1564 μου.

2139 1590 2202 1641 οι
2228 1587 2412 1657 χίλιοι
2435 1585 2747 1657 Σολομὼν,
2769 1587 2868 1644 καί
2893 1589 2950 1641 οί
2980 1585 3274 1640 διακόσιοι
3298 1584 3424 1652 τοῖς
3460 1583 3714 1653 τηροῦσι

2145 1674 2252 1731 τὸν
2283 1678 2517 1746 καρπὸν
2539 1677 2748 1732 αὐτοῦ.

553 1756 885 1814 Dominicam
916 1759 1148 1816 arbitror
1174 1775 1360 1816 vocem
1394 1773 1514 1816 esse
1545 1775 1561 1815 :
1594 1777 1614 1815 ι
1642 1757 1805 1815 Vinea
1831 1773 1944 1815 mea
1987 1758 2042 1815 in

2217 1769 2500 1840 Κυριακὴν
2553 1764 2706 1840 οἶμαι
2760 1768 2860 1839 τὴν
2917 1767 3098 1840 φωνὴν
3153 1763 3321 1821 εῖναι·
3361 1784 3379 1817 ι
3433 1763 3717 1836 Ἀμπελὼν

475 1863 763 1926 conspectu
788 1867 943 1918 meo,
970 1871 988 1907 ι
1021 1864 1237 1924 propter
1260 1853 1379 1923 ejus
1413 1851 1758 1908 dilectionem
1796 1858 1852 1908 et
1889 1865 2041 1906 amo-

477 1961 588 2000 rem
621 1959 748 2016 erga
784 1945 1030 2000 homines
1070 1961 1084 1998 :
1125 1963 1144 1996 ι
1173 1942 1325 2000 Oculi
1350 1963 1370 1998 υ
1409 1943 1554 2000 enim
1591 1960 1610 1996 ι
1637 1941 1844 1998 Domini
1884 1955 2044 2011 super

479 2036 735 2089 timentes
760 2047 881 2088 eum
911 2073 926 2099 ,
977 2042 1030 2089 et
1066 2048 1226 2089 aures
1261 2033 1378 2103 ejus
1402 2033 1469 2090 ad
1496 2047 1710 2104 precem
1743 2046 1931 2087 eorum
1948 2033 1992 2084 ί.
2019 2050 2037 2084 ι

477 2125 606 2180 Illud
639 2139 765 2180 vero
794 2143 808 2179 :
842 2142 861 2177 ι
897 2123 1044 2180 Mille
1073 2124 1379 2181 Salomonis
1398 2133 1454 2181 et
1491 2123 1706 2181 ducenti
1731 2122 2042 2179 custodien-

478 2219 692 2282 tibus,»
725 2217 963 2273 arbitror
1008 2217 1190 2273 dicere
1241 2216 1507 2288 judicium
1556 2229 1719 2272 omne
1768 2224 1822 2272 et
1864 2230 2043 2272 rerum

479 2309 716 2365 omnium
783 2308 1231 2380 perﬁciendarum
1307 2316 1626 2379 potestatem
1690 2309 1872 2362 datam
1927 2321 2047 2362 esse

483 2399 790 2472 Unigeuito,
825 2399 976 2469 juxta
1010 2400 1062 2454 id
1085 2397 1236 2470 quod
1267 2400 1528 2469 scriptum
1551 2407 1634 2454 est
1665 2417 1678 2453 :
1716 2417 1734 2449 ι
1758 2396 1920 2452 Pater
1955 2412 2048 2453 ue-

480 2490 675 2546 minem
699 2489 908 2558 judicat
925 2528 940 2556 ,
971 2492 1065 2546 sed
1084 2489 1346 2557 judicium
1365 2503 1526 2546 omne
1546 2489 1694 2543 dedit
1719 2487 1856 2544 Filio
1873 2489 1915 2542 ³.
1936 2507 1956 2540 ι
1982 2517 2050 2531 —-

482 2598 504 2633 ι
538 2582 603 2639 Et
631 2582 847 2639 ducenti
870 2582 1298 2639 custodientibus
1327 2581 1560 2638 fructum
1591 2579 1710 2652 ejus
1729 2621 1745 2647 ,
1770 2599 1789 2634 ι
1817 2581 1917 2637 hoc
1944 2592 2048 2646 est,

483 2674 711 2728 duorum
735 2670 1204 2728 Testamentorum
1244 2689 1259 2726 :
1301 2670 1408 2728 duo
1426 2671 1567 2727 enim
1598 2672 1892 2728 centenarii
1917 2681 2048 2727 sunt

484 2766 588 2820 duo
613 2763 986 2830 Testamenta;
1039 2765 1147 2819 duo
1199 2773 1378 2820 autem
1421 2763 1720 2818 centenarii
1776 2772 1902 2819 sunt
1947 2763 2049 2817 du-

484 2856 656 2921 ceuti,
707 2856 798 2925 qui
831 2855 1040 2910 scilicet
1067 2869 1131 2910 ex
1173 2855 1382 2910 duobus
1431 2854 1800 2912 Testamentis
1843 2856 2051 2912 centies

486 2956 698 3002 auctum
739 2945 978 3001 fructum
1010 2945 1518 3016 progermiuantes,
1552 2944 1625 2999 ita
1661 2946 1879 3001 demum
1916 2946 2052 3002 alios

481 3038 726 3112 iudicant
753 3036 908 3107 juxta
938 3035 1256 3107 Apostolum
1292 3051 1308 3090 :
1351 3055 1370 3090 ι
1401 3036 1458 3092 Si
1497 3037 1549 3091 in
1591 3036 1743 3092 vobis
1781 3037 2052 3108 judicabi-

491 3140 576 3184 tur
599 3131 830 3186 mundus
855 3169 870 3195 ,
893 3127 1125 3187 nescitis
1148 3128 1291 3197 quod
1339 3137 1395 3184 et
1431 3127 1650 3199 angelos
1674 3127 2051 3198 iudicabimus,

496 3221 690 3276 nedum
713 3218 991 3276 smeularia
1022 3217 1084 3273 ⁴ἳ
1106 3235 1125 3271 ι

557 3309 824 3366 CCXLVI.
855 3311 1008 3367 Vers.
1047 3310 1134 3365 I5.
1171 3309 1369 3365 Sedens
1403 3312 1456 3364 in
1489 3311 1675 3365 hortis.

561 3403 847 3458 Sedeutem
896 3403 948 3456 iu
1001 3401 1174 3457 hortis
1206 3411 1336 3472 puto
1367 3402 1547 3456 dicere
1583 3416 1707 3456 eum
1739 3402 1829 3470 qui
1853 3402 2059 3467 episco-

495 3493 665 3562 palem
694 3493 1006 3548 cathedram
1030 3491 1291 3557 obtinuit,
1322 3501 1378 3546 et
1404 3491 1601 3547 multos
1632 3493 1842 3556 hortos,
1877 3490 1928 3545 id
1955 3499 2056 3552 est,

497 3589 764 3644 Ecclesiae
807 3590 854 3644 ei
888 3588 1244 3645 concreditae.

2144 1859 2276 1930 ἐμὸς
2309 1858 2538 1912 ἐνώπιον
2563 1855 2720 1930 ἐμοῦ,
2760 1877 2778 1911 ι
2810 1861 2877 1929 τῇ
2907 1857 3095 1930 ἀγάπῃ
3139 1858 3234 1912 καὶ
3287 1858 3352 1928 τῇ
3411 1855 3716 1926 φιλανθρω-

2145 1950 2244 2022 πίᾳ
2275 1950 2440 2022 (55)(
2465 1950 2760 2021 Ὀφθαλμο)⁴
2789 1969 2809 2004 ι
2829 1949 2938 2021 γὰρ
2971 1967 2990 2002 ι
3021 1949 3226 2020 Κυρίου
3259 1949 3351 2001 ἐπὶ
3375 1948 3501 2011 τοὺς
3522 1946 3717 2017 φοϐον·

2149 2043 2342 2114 μένους
2363 2041 2544 2104 αὐτὸν,
2573 2041 2668 2095 καὶ
2704 2035 2819 2096 ὦτα
2851 2039 3016 2096 αὑτοῦ
3043 2042 3122 2103 είς
3154 2038 3337 2110 δέησιν
3364 2036 3564 2092 αὐτῶν.
3595 2055 3614 2090 ι
3641 2035 3717 2091 Τδ

2144 2135 2222 2202 δὲ,
2251 2153 2270 2188 ι
2307 2136 2370 2189 Οἱ
2415 2133 2572 2206 χίλιοι
2619 2133 2715 2187 τοῦ
2763 2132 3041 2204 Σαλομὼν,
3089 2131 3182 2188 καὶ
3219 2133 3268 2184 οἱ
3299 2128 3561 2184 διακόσιοι
3605 2130 3718 2190 τοῖς
3759 2142 3764 2147 '

2144 2227 2422 2298 τηροῦσιν,
2459 2244 2476 2278 ι
2507 2220 2660 2296 οἴμαι
2693 2225 2793 2295 τὴν
2823 2224 3005 2296 κρίσιν
3037 2223 3217 2276 πᾶσαν
3252 2219 3452 2289 λέγειν,
3494 2219 3590 2272 καὶ
3619 2217 3718 2290 τήν

2145 2319 2254 2372 τῶν
2312 2318 2632 2389 ποιημάτων
2676 2316 2954 2371 τελείωσιν
3008 2314 3088 2384 τῷ
3117 2313 3408 2382 Μονογενεϊ
3453 2310 3717 2374 δεδόσθαι.

2149 2402 2288 2457 κατὰ
2321 2403 2384 2456 τὸ
2428 2401 2843 2474 γεγραμμένονο
2883 2417 2902 2451 ι
2949 2399 3009 2452 '0
3042 2397 3232 2468 Πατὴρ
3284 2396 3460 2468 κρίνει
3507 2394 3715 2456 οὐδένα,

2149 2493 2285 2546 ἀλλὰ
2303 2495 2403 2564 τὴν
2433 2492 2613 2566 κρίσιν
2642 2492 2821 2545 πᾶσαν
2851 2490 3050 2545 δέδωκε
3080 2488 3158 2560 τῷ
3192 2487 3307 2559 Υἱῷ
3327 2487 3598 2559 (54).»-ι
3609 2483 3719 2540 Καὶ

2148 2586 2198 2638 ot
2233 2584 2494 2637 διακόσιοι
2525 2584 2638 2646 τοῖς
2675 2581 2902 2654 τηροῦσι
2933 2581 3022 2635 τὸν
3051 2578 3262 2650 καρπὸν
3289 2575 3474 2643 αὑτοῦ,
3513 2595 3534 2631 ι
3566 2593 3720 2630 τουτ-

2151 2673 2262 2726 έστι
2312 2673 2419 2726 τῶν
2459 2672 2551 2726 δύο
2577 2672 2881 2744 Διαθηκῶν.
2897 2672 3001 2724 Δύο
3024 2670 3134 2742 γὰρ
3154 2667 3524 2731 ἑκατοντάδες,
3549 2666 3606 2719 αἱ
3629 2665 3724 2720 δύο

2150 2763 2433 2834 Διαθῆκαι,
2463 2764 2518 2816 at
2545 2763 2601 2815 δὲ
2627 2761 2720 2816 δύο
2744 2762 3092 2826 ἑκατοντάδες
3119 2761 3225 2814 εἰσὶ
3247 2759 3523 2821 διακόσιοι,
3556 2757 3722 2829 ήγουν

2149 2855 2258 2908 τῶν
2295 2853 2387 2908 δύο
2414 2852 2696 2924 Διαθηκῶν
2733 2852 2840 2907 τῶν
2867 2850 3262 2924 ἑκατονταχοῦς
3296 2850 3404 2922 (55)
3435 2847 3725 2917 ὲκϐλαστήο

2155 2961 2348 3008 σαντες
2380 2943 2614 3015 καρπὸν,
2640 2944 2784 2999 οὕτω
2808 2944 2902 2999 καὶ
2933 2944 3124 3008 ἄλλους
3154 2943 3420 3016 κρίνουσι,
3462 2939 3604 2995 κατὰ
3635 2938 3726 2993 τὸν

2169 3031 2523 3086 ’Δπόστολονο
2569 3049 2586 3083 ι
2617 3031 2680 3084 El
2713 3033 2770 3085 ὲν
2819 3031 2949 3103 ὑμῖν
2991 3030 3238 3102 κρίνεται
3293 3030 3322 3082 ὀ
3373 3029 3596 3100 κόσμος,
3630 3026 3729 3080 οὐκ

2159 3123 2356 3187 οἴδατε,
2409 3123 2491 3176 ὅτι
2538 3121 2634 3175 καὶ
2671 3121 2934 3190 ἀγγέλους
2986 3121 3298 3192 κρινοῦμεν,
3352 3121 3546 3192 μήτιγε
3601 3116 3729 3188 βιω-

2161 3213 2288 3268 τικά
2313 3231 2360 3279 ς»

2235 3305 2424 3371 ΣΜςο.
2465 3304 2554 3357 Στ.
2599 3304 2685 3372 ιγ’.
2727 3303 2788 3356 '0
2815 3302 3149 3372 καθήμενος
3175 3302 3246 3355 ἐν
3286 3299 3522 3366 κήποις.

2235 3393 2557 3464 Καθήμενον
2576 3394 2634 3448 ὲν
2656 3394 2852 3464 κήποις
2883 3388 3036 3462 οἶμαι
3068 3392 3244 3460 λέγειν
3289 3391 3387 3462 τὴν
3439 3388 3736 3444 ἐπισκόπου

2167 3483 2434 3554 καθέδραν
2471 3483 2762 3554 είληιρὸταο
2810 3483 2903 3536 καὶ
2945 3482 3172 3546 πολλοὺς
3219 3482 3449 3551 κήπους,
3490 3479 3740 3534 τουτέστι

2167 3575 2265 3639 τὰς
2304 3573 2647 3644 Ἐκκλησίας,
2678 3573 3132 3644 πεπιστευμένον.

567 3679 860 3738 CCXLV“.
894 3678 1116 3736 Sodales
1139 3679 1477 3734 attendentes.

571 3773 738 3841 Hujus
780 3781 1159 3843 cooperatores
1189 3771 1525 3843 presbyteri,
1568 3779 1621 3827 et
1654 3773 1744 3841 qui
1769 3771 1930 3826 simul
1967 3769 2065 3824 mi-

2241 3667 2412 3720 EMZ'.
2450 3664 2702 3733 Ἐταζροι
2744 3663 3167 3732 προσέχοντες.

2241 3760 2304 3812 Οί
2329 3757 2520 3811 τούτου
2563 3756 2814 3829 συνεργοὶ
2858 3752 3241 3825 πρεσϐύτεροι,
3290 3754 3384 3806 καὶ
3423 3755 3471 3805 oi
3503 3751 3605 3820 τῆς
3635 3751 3750 3805 λει-

501 3868 782 3923 nisterium
815 3874 1142 3936 acceperunt
1181 3863 1416 3931 diaconi,
1449 3881 1467 3916 ι
1493 3861 1550 3918 In
1581 3860 1910 3919 conscientia
1936 3874 2053 3931 pura

2173 3850 2427 3922 τουργίας
2464 3847 3088 3919 συναντιλαμόανόμενοι
3133 3844 3400 3908 διάκονοι,
3446 3861 3464 3896 ι
3517 3843 3606 3897 Ἑν
3649 3860 3753 3897 κα-

502 3955 815 4028 mysterium
853 3932 1056 4010 Christi
1100 3953 1464 4009 custodientes
1488 3954 1531 4008 ⁸.
1563 3971 1584 4006 ι
1623 3951 1755 4008 Nam
1788 3950 2053 4021 disciplin:

2177 3941 2321 4014 θαρᾷ
2357 3939 2658 4012 συνειδήσει
2695 3939 2754 3994 τὸ
2799 3938 3096 4011 μυστήριον
3126 3934 3222 3989 τοῦ
3264 3933 3504 4008 Χριστοῦ
3539 3932 3744 4005 φυλάτς

503 4024 599 4116 per
650 4045 748 4100 hos
801 4057 991 4100 omnes
1034 4042 1290 4102 Ecclesiae
1345 4043 1566 4110 tradita,
1616 4040 2053 4114 quemadmoduu‘

2176 4050 2413 4098 τοντες.»
2439 4032 2539 4090 Διὰ
2563 4033 2673 4104 γὰρ
2696 4033 2916 4108 πάντων
2943 4031 2978 4103 ή
3009 4028 3325 4083 διδασκαλία
3350 4029 3416 4100 τῇ
3458 4024 3752 4098 Ἐκκλησία

507 4142 714 4203 hortus,
756 4136 1012 4206 irrigatur
1051 4133 1386 4190 salutaribus
1429 4133 1733 4204 praceptis.
1781 4133 2053 4204 Propteret

2180 4123 2607 4195 παραδεδομένη,
2655 4123 2906 4196 καθάπερ
2937 4122 3134 4193 κῆπος,
3159 4120 3442 4194 ἀρδεύεται
3467 4117 3752 4190 σωτηρίοις

504 4231 667 4285 etiam
701 4227 832 4284 dicit
861 4245 875 4282 ι

2181 4215 2490 4285 διδάγμασι.
2519 4214 2610 4267 Διὸ
2635 4214 2728 4275 καὶ
2747 4213 2916 4282 λέγειν

578 4317 896 4375 CCXLVIII.
941 4317 1128 4372 Vocem
1154 4326 1300 4371 tuam
1321 4315 1559 4370 auditam
1581 4314 1666 4381 [ac
1691 4314 1840 4369 mihi.

2256 4309 2437 4370 EMH'.
2471 4307 2590 4375 Τὴν
2609 4306 2818 4376 φωνήν
2844 4305 2956 4377 (56)
2980 4323 3097 4366 σου
3127 4305 3453 4360 ἀκούτισόν
3471 4319 3610 4372 μου.

582 4412 684 4467 Per
715 4412 815 4467 hos
854 4409 998 4466 enim
1041 4408 1290 4466 Christus
1334 4406 1522 4463 audire
1552 4406 1681 4462 facit
1708 4405 1962 4462 Ecclesia:
1985 4422 2051 4464 vo

2256 4397 2355 4452 Διὰ
2387 4399 2496 4470 γὰρ
2541 4398 2745 4452 τούτων
2782 4398 3057 4463 ἀκοντίζει
3099 4397 3196 4469 τὴν
3239 4396 3422 4468 φωνὴν
3466 4393 3632 4449 αὐτοῦ
3688 4394 3756 4462 τῇ

510 4519 627 4562 cem
655 4517 830 4559 suam.

2200 4491 2497 4563 Ἐκκλησία
2523 4493 2552 4544 ὁ
2587 4491 2839 4563 Χριστός.

582 4591 857 4652 CCXLIX.
888 4590 1058 4663 Fuge,
1086 4591 1344 4662 patruelis
1377 4605 1521 4645 meus
1547 4629 1563 4654 ,
1593 4599 1642 4644 et
1669 4589 1966 4645 assimilare
1993 4605 2053 4644 ca

2259 4583 2434 4638 ΣΜΘθ.
2473 4584 2648 4654 Mrs,
2676 4583 2978 4654 ’ἀδελφιὸέ
3019 4603 3162 4654 μου,
3207 4583 3307 4638 και
3347 4579 3654 4653 ὁμοιώθητι
3683 4575 3759 4645 τῇ

513 4701 650 4758 prec
691 4695 781 4742 aut
807 4684 1029 4741 hinnulo
1057 4697 1330 4745 ceruorum
1362 4681 1431 4736 ad
1469 4689 1668 4735 montes
1704 4677 1939 4734 vallium.

2191 4673 2454 4744 δορκάδι,
2480 4676 2520 4745 ἦ
2549 4675 2630 4742 τῷ
2668 4676 2856 4746 νεϐρῷ
2875 4675 2992 4729 τῶν
3016 4675 3258 4745 ἐλάφων
3279 4674 3381 4728 ἐπὶ
3410 4673 3520 4742 ὅρη
3547 4671 3759 4726 latitu-

2187 4765 2391 4838 μάτων
2413 4767 2546 4835 (57).

606 4933 623 4966 ⁸
655 4929 795 4987 Psal.
831 4943 906 4994 si,
937 4926 990 4982 7.
1076 4925 1099 4959 '
1135 4921 1280 4982 Psal.
1312 4934 1484 4985 χχχιι,
1519 4917 1608 4980 18.
1679 4918 1699 4948 ³
1726 4914 1882 4974 Joan.
1915 4933 1968 4985 v,
1996 4917 2053 4977 2i

2160 4918 2183 4949 ⁵
2207 4916 2230 4978 ι
2258 4916 2383 4973 Cor.
2415 4932 2486 4982 vl,
2519 4917 2575 4980 2,
2610 4917 2661 4971 3.
2733 4918 2753 4949 '
2793 4917 2972 4975 l'l'im.
2997 4932 3080 4982 nl,
3111 4917 3164 4974 9.

2199 5076 2457 5132 articulus
2483 5085 2749 5132 vetustate
2777 5076 2982 5133 deletus
3032 5087 3155 5133 est:
3183 5077 3238 5139 in
3282 5089 3403 5132 meo
3433 5076 3524 5145 qui
3556 5073 3764 5136 videtur

2198 5145 2502 5216 exscriptus
2555 5162 2618 5202 ex
2663 5145 2888 5202 Barber.
2937 5146 3188 5204 librarius
3241 5147 3458 5215 reliquit
3509 5145 3767 5216 exiguum

2199 5216 2451 5288 spatium.
2477 5215 2537 5288 In
2565 5225 2792 5288 utroque
2819 5217 3203 5288 ὲκατονταχοῦ.

2269 5284 2381 5357 (56)
2415 5284 2755 5359 Edit._Vatic.
2781 5289 2846 5359 τῇ
2897 5284 3156 5359 smmi"
3189 5301 3292 5359 qua
3317 5284 3550 5359 editione
3580 5297 3767 5359 versus

2198 5352 2288 5412 hic
2320 5352 2376 5411 et
2399 5356 2650 5426 superior
2674 5355 2757 5428 sic
2790 5352 3220 5428 interpun'gitur;
3237 5356 3444 5425 ἑταῖροι
3471 5352 3760 5424 προσέχον-

2197 5443 2288 5488 τες
2311 5428 2377 5497 τῇ
2408 5429 2554 5497 φωνῇ
2593 5443 2707 5488 σου,
2735 5426 3018 5497 ἅκούτισᾴν
3048 5426 3136 5497 με.

2266 5489 2377 5565 (57)
2398 5489 2489 5550 Sic
2505 5489 2623 5550 cod.
2651 5497 2941 5552 Alexandr.
2968 5489 3163 5551 Verum
3185 5494 3338 5549 Philo
3363 5489 3780 5565 inexplsnatio-

2195 5562 2455 5635 nc'hujus
2489 5565 2740 5636 versiculi
2765 5565 3098 5636 recognoscit
3119 5565 3282 5636 etiam
3312 5562 3598 5622 lectionem
3620 5562 3768 5635 ἀρω-

2203 5633 2404 5706 μάτων,
2447 5650 2606 5705 quam
2636 5634 2798 5691 habet
2827 5633 3085 5692 Vaticana
3117 5635 3300 5693 editio.

596 5095 707 5156 (5.9.)
752 5092 840 5145 Sic
883 5088 1097 5156 Cumpl.
1152 5084 1330 5156 Editio
1360 5080 1645 5156 ‘Vaticana
1711 5079 1872 5134 habet
1919 5079 2093 5156 ᾁργυ-

530 5149 666 5232 ρίιὲυ.
695 5149 886 5233 ’(ιυαιιι
937 5149 1224 5214 lectionem
1288 5152 1475 5210 habuit
1509 5151 1670 5207 etiam
1727 5158 1882 5204 vetus
1922 5149 2093 5204 inter-

527 5252 710 5371 ’,1.ξὲίῆ
737 5301 880 5357 Inter
915 5295 1050 5372 ἐμοῦ
1083 5304 1140 5372 et
1178 5291 1444 5372 οφθαλμοί
1476 5291 1667 5372 lacuna
1713 5288 2006 5372 interjacet
2039 5287 2093 5344 in

525 5359 649 5426 meo
692 5359 837 5425 'cod.
885 5359 1142 5423 et'Barb.
1188 5359 1320 5422 Cod.
1356 5359 1569 5416 'Mutin.
1641 5359 1802 5413 habet
1867 5359 2095 5409 ἐνώπιον

529 5439 662 5512 ἐμοῦ
691 5442 757 5510 τῇ
790 5438 979 5508 ἀγάπῃ
1012 5436 1108 5495 καὶ
1140 5436 1208 5506 τῇ
1237 5431 1477 5503 φιλανίᾳ.
1526 5429 1781 5498 Suspicor
1808 5426 2089 5496 legendum

530 5507 927 5561 φιλανθρωπία.

574 5511 720 5564 ιλανθ
730 5511 927 5564 ρωπίᾳ.

530 5527 927 5583 φιλανυρωπιᾳ.
1855 5563 1867 5576 ο

600 5580 712 5648 (54)
750 5575 834 5648 Τῷ
860 5574 990 5648 ridi.
1038 5574 1130 5648 Si_c
1144 5571 1434 5648 emendavi
1489 5583 1554 5624 ex
1587 5567 1707 5622 cod.
1740 5563 1930 5619 Muttu.
1958 5562 2094 5619 Male

531 5641 762 5708 meus'et
789 5641 1011 5699 Barber.
1043 5642 1121 5712 τῷ
1144 5641 1416 5712 Σαλομῷν.

607 5700 818 5786 ίέὲὴιε
846 5713 1033 5776 Mutin.
1063 5700 1204 5785 [iege
1235 5700 1323 5764 τεν
1350 5704 1759 5778 ὲκατονταχοῦν.
1790 5701 1844 5762 In
1874 5700 2092 5759 Barber.
