  <div class='ocr_page' id='page_1' title='image "/cluster/home/n/w/nwhite01/storage/ocr_20150623/40/hvd.32044073501843/086.png"; bbox 0 0 4048 6212; ppageno 0'>
   <div class='ocr_carea' id='block_1_1' title="bbox 359 311 3595 386">
    <p class='ocr_par' dir='ltr' id='par_1_1' title="bbox 359 311 3595 386">
     <span class='ocr_line' id='line_1_1' title="bbox 359 311 3595 386; baseline -0.006 0"><span class='ocrx_word' id='word_1_1' title='bbox 359 335 440 386; x_wconf 71' lang='lat' dir='ltr'><strong>I37</strong></span> <span class='ocrx_word' id='word_1_2' title='bbox 1376 331 1433 386; x_wconf 84' lang='lat'><strong>5.</strong></span> <span class='ocrx_word' id='word_1_3' title='bbox 1478 325 1820 386; x_wconf 74' lang='lat' dir='ltr'><strong>ASTEIIIUS</strong></span> <span class='ocrx_word' id='word_1_4' title='bbox 1850 320 2246 380; x_wconf 76' lang='lat' dir='ltr'><strong>AMASENUS.</strong></span> <span class='ocrx_word' id='word_1_5' title='bbox 2283 348 2354 358; x_wconf 85' lang='lat'><strong>——</strong></span> <span class='ocrx_word' id='word_1_6' title='bbox 2385 316 2681 372; x_wconf 71' lang='lat' dir='ltr'><strong>NOTITIA.</strong></span> <span class='ocrx_word' id='word_1_7' title='bbox 3496 311 3595 367; x_wconf 61' lang='lat'><strong>158</strong></span> 
     </span>
    </p>
   </div>
   <div class='ocr_carea' id='block_1_2' title="bbox 354 423 3594 514">
    <p class='ocr_par' dir='ltr' id='par_1_2' title="bbox 354 423 3594 514">
     <span class='ocr_line' id='line_1_2' title="bbox 354 423 3594 514; baseline -0.008 -10"><span class='ocrx_word' id='word_1_8' title='bbox 354 450 526 514; x_wconf 79' lang='lat' dir='ltr'><strong>lingua</strong></span> <span class='ocrx_word' id='word_1_9' title='bbox 558 447 616 500; x_wconf 83' lang='lat' dir='ltr'><strong>in</strong></span> <span class='ocrx_word' id='word_1_10' title='bbox 647 446 889 500; x_wconf 77' lang='lat' dir='ltr'><strong>Auctariu</strong></span> <span class='ocrx_word' id='word_1_11' title='bbox 943 445 1210 499; x_wconf 68' lang='lat' dir='ltr'><strong>Ducaaano</strong></span> <span class='ocrx_word' id='word_1_12' title='bbox 1240 442 1408 498; x_wconf 83' lang='lat' dir='ltr'><strong>Paris.</strong></span> <span class='ocrx_word' id='word_1_13' title='bbox 1450 441 1605 504; x_wconf 58' lang='lat'><strong>1621,</strong></span> <span class='ocrx_word' id='word_1_14' title='bbox 1632 441 1681 500; x_wconf 70' lang='grc'><strong>1,</strong></span> <span class='ocrx_word' id='word_1_15' title='bbox 1711 448 1839 491; x_wconf 83' lang='lat' dir='ltr'><strong>tam.</strong></span> <span class='ocrx_word' id='word_1_16' title='bbox 1864 436 1930 497; x_wconf 93' lang='lat' dir='ltr'><strong>II,</strong></span> <span class='ocrx_word' id='word_1_17' title='bbox 1963 451 2014 503; x_wconf 86' lang='lat' dir='ltr'><strong>p.</strong></span> <span class='ocrx_word' id='word_1_18' title='bbox 2041 433 2165 495; x_wconf 80' lang='grc'>565,</span> <span class='ocrx_word' id='word_1_19' title='bbox 2199 442 2252 484; x_wconf 88' lang='lat' dir='ltr'><strong>et</strong></span> <span class='ocrx_word' id='word_1_20' title='bbox 2311 431 2361 483; x_wconf 91' lang='lat' dir='ltr'><strong>in</strong></span> <span class='ocrx_word' id='word_1_21' title='bbox 2391 428 2709 482; x_wconf 72' lang='lat' dir='ltr'><strong>Bibliotheca</strong></span> <span class='ocrx_word' id='word_1_22' title='bbox 2745 425 2964 480; x_wconf 84' lang='lat' dir='ltr'><strong>Patrum</strong></span> <span class='ocrx_word' id='word_1_23' title='bbox 3010 424 3187 481; x_wconf 86' lang='lat' dir='ltr'><strong>Paris.</strong></span> <span class='ocrx_word' id='word_1_24' title='bbox 3217 423 3354 479; x_wconf 69' lang='lat' dir='ltr'><strong>16H</strong></span> <span class='ocrx_word' id='word_1_25' title='bbox 3389 423 3594 494; x_wconf 62' lang='lat'><strong>(1654),</strong></span> 
     </span>
    </p>
   </div>
   <div class='ocr_carea' id='block_1_3' title="bbox 365 515 3590 602">
    <p class='ocr_par' dir='ltr' id='par_1_3' title="bbox 365 515 3590 602">
     <span class='ocr_line' id='line_1_3' title="bbox 365 515 3590 602; baseline -0.007 -10"><span class='ocrx_word' id='word_1_26' title='bbox 365 551 512 592; x_wconf 83' lang='grc' dir='ltr'>ιοιιιο</span> <span class='ocrx_word' id='word_1_27' title='bbox 545 534 702 596; x_wconf 71' lang='lat' dir='ltr'><strong>XIII;</strong></span> <span class='ocrx_word' id='word_1_28' title='bbox 749 533 835 587; x_wconf 83' lang='lat' dir='ltr'><strong>sed</strong></span> <span class='ocrx_word' id='word_1_29' title='bbox 869 547 970 602; x_wconf 88' lang='lat' dir='ltr'><strong>ope</strong></span> <span class='ocrx_word' id='word_1_30' title='bbox 1011 533 1276 594; x_wconf 88' lang='lat' dir='ltr'><strong>codicum,</strong></span> <span class='ocrx_word' id='word_1_31' title='bbox 1309 547 1444 600; x_wconf 87' lang='lat' dir='ltr'><strong>quos</strong></span> <span class='ocrx_word' id='word_1_32' title='bbox 1471 547 1498 582; x_wconf 91' lang='lat' dir='ltr'><strong>a</strong></span> <span class='ocrx_word' id='word_1_33' title='bbox 1526 528 1813 584; x_wconf 84' lang='lat' dir='ltr'><strong>Sirmondo</strong></span> <span class='ocrx_word' id='word_1_34' title='bbox 1841 525 2062 602; x_wconf 66' lang='lat' dir='ltr'><strong>Dacicus</strong></span> <span class='ocrx_word' id='word_1_35' title='bbox 2091 527 2388 589; x_wconf 86' lang='lat' dir='ltr'><strong>acceperat,</strong></span> <span class='ocrx_word' id='word_1_36' title='bbox 2421 519 2725 571; x_wconf 85' lang='lat' dir='ltr'><strong>accuratius</strong></span> <span class='ocrx_word' id='word_1_37' title='bbox 2789 516 3087 570; x_wconf 73' lang='lat' dir='ltr'><strong>recensitzr.</strong></span> <span class='ocrx_word' id='word_1_38' title='bbox 3137 515 3274 570; x_wconf 88' lang='lat' dir='ltr'><strong>Tum</strong></span> <span class='ocrx_word' id='word_1_39' title='bbox 3316 515 3506 570; x_wconf 83' lang='lat' dir='ltr'><strong>Latine</strong></span> <span class='ocrx_word' id='word_1_40' title='bbox 3538 517 3590 570; x_wconf 91' lang='lat' dir='ltr'><strong>in</strong></span> 
     </span>
    </p>
   </div>
   <div class='ocr_carea' id='block_1_4' title="bbox 367 609 3595 684">
    <p class='ocr_par' dir='ltr' id='par_1_4' title="bbox 367 609 3595 684">
     <span class='ocr_line' id='line_1_4' title="bbox 367 609 3595 684; baseline -0.006 -2"><span class='ocrx_word' id='word_1_41' title='bbox 367 629 680 683; x_wconf 72' lang='lat' dir='ltr'><strong>Bibliotheca</strong></span> <span class='ocrx_word' id='word_1_42' title='bbox 710 625 928 678; x_wconf 84' lang='lat' dir='ltr'><strong>Patrum</strong></span> <span class='ocrx_word' id='word_1_43' title='bbox 958 625 1144 678; x_wconf 89' lang='lat' dir='ltr'><strong>Colon.</strong></span> <span class='ocrx_word' id='word_1_44' title='bbox 1181 624 1336 681; x_wconf 81' lang='lat'><strong>1618.</strong></span> <span class='ocrx_word' id='word_1_45' title='bbox 1375 634 1503 676; x_wconf 89' lang='lat' dir='ltr'><strong>tom.</strong></span> <span class='ocrx_word' id='word_1_46' title='bbox 1539 619 1626 684; x_wconf 80' lang='lat' dir='ltr'><strong>IV,</strong></span> <span class='ocrx_word' id='word_1_47' title='bbox 1662 618 1886 672; x_wconf 84' lang='lat' dir='ltr'><strong>IIubenii</strong></span> <span class='ocrx_word' id='word_1_48' title='bbox 1910 617 2208 669; x_wconf 88' lang='lat' dir='ltr'><strong>versionem</strong></span> <span class='ocrx_word' id='word_1_49' title='bbox 2235 613 2586 667; x_wconf 85' lang='lat' dir='ltr'><strong>Combelisius</strong></span> <span class='ocrx_word' id='word_1_50' title='bbox 2622 611 2692 663; x_wconf 88' lang='lat' dir='ltr'><strong>ita</strong></span> <span class='ocrx_word' id='word_1_51' title='bbox 2723 609 3087 677; x_wconf 68' lang='lat' dir='ltr'><strong>interpolavit,</strong></span> <span class='ocrx_word' id='word_1_52' title='bbox 3122 618 3180 662; x_wconf 92' lang='lat' dir='ltr'><strong>ut</strong></span> <span class='ocrx_word' id='word_1_53' title='bbox 3205 626 3398 664; x_wconf 83' lang='lat' dir='ltr'><strong>novam</strong></span> <span class='ocrx_word' id='word_1_54' title='bbox 3434 611 3595 665; x_wconf 80' lang='lat' dir='ltr'><strong>veluti</strong></span> 
     </span>
    </p>
   </div>
   <div class='ocr_carea' id='block_1_5' title="bbox 370 700 3596 777">
    <p class='ocr_par' dir='ltr' id='par_1_5' title="bbox 370 700 3596 777">
     <span class='ocr_line' id='line_1_5' title="bbox 370 700 3596 777; baseline -0.006 -5"><span class='ocrx_word' id='word_1_55' title='bbox 370 719 717 772; x_wconf 67' lang='lat' dir='ltr'><strong>aulnrnarerit.</strong></span> <span class='ocrx_word' id='word_1_56' title='bbox 742 716 948 772; x_wconf 76' lang='lat' dir='ltr'><strong>Gallice</strong></span> <span class='ocrx_word' id='word_1_57' title='bbox 978 715 1254 770; x_wconf 87' lang='lat' dir='ltr'><strong>transtulit</strong></span> <span class='ocrx_word' id='word_1_58' title='bbox 1306 713 1631 768; x_wconf 82' lang='lat' dir='ltr'><strong>Franciscus</strong></span> <span class='ocrx_word' id='word_1_59' title='bbox 1665 709 1935 764; x_wconf 79' lang='lat' dir='ltr'><strong>Illaucroix</strong></span> <span class='ocrx_word' id='word_1_60' title='bbox 1964 708 2066 777; x_wconf 90' lang='lat' dir='ltr'><strong>(a),</strong></span> <span class='ocrx_word' id='word_1_61' title='bbox 2104 705 2256 759; x_wconf 83' lang='lat' dir='ltr'><strong>Paris</strong></span> <span class='ocrx_word' id='word_1_62' title='bbox 2295 701 2450 768; x_wconf 82' lang='lat'><strong>1695,</strong></span> <span class='ocrx_word' id='word_1_63' title='bbox 2497 703 2673 765; x_wconf 70' lang='lat' dir='ltr'><strong>iit—12,</strong></span> <span class='ocrx_word' id='word_1_64' title='bbox 2714 702 2937 756; x_wconf 87' lang='lat' dir='ltr'><strong>consilio</strong></span> <span class='ocrx_word' id='word_1_65' title='bbox 2973 700 3118 754; x_wconf 85' lang='lat' dir='ltr'><strong>Pauli</strong></span> <span class='ocrx_word' id='word_1_66' title='bbox 3163 701 3463 763; x_wconf 87' lang='lat' dir='ltr'><strong>Pelissonii,</strong></span> <span class='ocrx_word' id='word_1_67' title='bbox 3508 711 3596 772; x_wconf 79' lang='lat' dir='ltr'><strong>qui</strong></span> 
     </span>
    </p>
   </div>
   <div class='ocr_carea' id='block_1_6' title="bbox 368 793 3527 867">
    <p class='ocr_par' dir='ltr' id='par_1_6' title="bbox 368 793 3527 867">
     <span class='ocr_line' id='line_1_6' title="bbox 368 793 3527 867; baseline -0.006 -4"><span class='ocrx_word' id='word_1_68' title='bbox 368 813 499 864; x_wconf 83' lang='lat' dir='ltr'><strong>inter</strong></span> <span class='ocrx_word' id='word_1_69' title='bbox 517 810 892 863; x_wconf 67' lang='lat' dir='ltr'><strong>disertissimos</strong></span> <span class='ocrx_word' id='word_1_70' title='bbox 918 807 1136 862; x_wconf 68' lang='lat' dir='ltr'><strong>Graecos</strong></span> <span class='ocrx_word' id='word_1_71' title='bbox 1166 805 1418 860; x_wconf 65' lang='lat' dir='ltr'><strong>Ecclesiae</strong></span> <span class='ocrx_word' id='word_1_72' title='bbox 1447 804 1693 856; x_wconf 85' lang='lat' dir='ltr'><strong>doctores</strong></span> <span class='ocrx_word' id='word_1_73' title='bbox 1718 801 1889 853; x_wconf 83' lang='lat' dir='ltr'><strong>locum</strong></span> <span class='ocrx_word' id='word_1_74' title='bbox 1935 797 2258 867; x_wconf 76' lang='lat' dir='ltr'><strong>singularem</strong></span> <span class='ocrx_word' id='word_1_75' title='bbox 2293 795 2504 850; x_wconf 90' lang='lat' dir='ltr'><strong>Asterio</strong></span> <span class='ocrx_word' id='word_1_76' title='bbox 2555 794 2890 847; x_wconf 82' lang='lat' dir='ltr'><strong>tribuendam</strong></span> <span class='ocrx_word' id='word_1_77' title='bbox 2945 807 3060 846; x_wconf 85' lang='lat' dir='ltr'><strong>esse</strong></span> <span class='ocrx_word' id='word_1_78' title='bbox 3110 808 3211 845; x_wconf 91' lang='lat' dir='ltr'><strong>non</strong></span> <span class='ocrx_word' id='word_1_79' title='bbox 3245 793 3527 846; x_wconf 76' lang='lat' dir='ltr'><strong>dubitavit.</strong></span> 
     </span>
    </p>
   </div>
   <div class='ocr_carea' id='block_1_7' title="bbox 431 884 2029 970">
    <p class='ocr_par' dir='ltr' id='par_1_7' title="bbox 431 891 1985 970">
     <span class='ocr_line' id='line_1_7' title="bbox 431 891 1985 970; baseline -0.006 -17"><span class='ocrx_word' id='word_1_80' title='bbox 431 901 477 954; x_wconf 86' lang='lat'><strong>6.</strong></span> <span class='ocrx_word' id='word_1_81' title='bbox 511 901 596 962; x_wconf 77' lang='grc' dir='ltr'><strong>Εἰς</strong></span> <span class='ocrx_word' id='word_1_82' title='bbox 616 900 705 951; x_wconf 74' lang='grc' dir='ltr'><strong>τὸν</strong></span> <span class='ocrx_word' id='word_1_83' title='bbox 733 901 1024 970; x_wconf 70' lang='grc' dir='ltr'>προφήτην</span> <span class='ocrx_word' id='word_1_84' title='bbox 1053 897 1269 968; x_wconf 77' lang='grc' dir='ltr'><strong>Δανιὴλ,</strong></span> <span class='ocrx_word' id='word_1_85' title='bbox 1298 895 1393 948; x_wconf 74' lang='grc' dir='ltr'>καὶ</span> <span class='ocrx_word' id='word_1_86' title='bbox 1425 897 1504 957; x_wconf 74' lang='grc' dir='ltr'>εἰς</span> <span class='ocrx_word' id='word_1_87' title='bbox 1539 893 1638 962; x_wconf 76' lang='grc' dir='ltr'>τὴν</span> <span class='ocrx_word' id='word_1_88' title='bbox 1678 891 1985 944; x_wconf 86' lang='grc' dir='ltr'>Σωσάνναν.</span> 
     </span>
    </p>
   </div>
   <div class='ocr_carea' id='block_1_8' title="bbox 1998 884 3596 970">
    <p class='ocr_par' dir='ltr' id='par_1_8' title="bbox 2039 884 3596 956">
     <span class='ocr_line' id='line_1_8' title="bbox 2039 884 3596 956; baseline -0.002 -15"><span class='ocrx_word' id='word_1_89' title='bbox 2039 888 2105 941; x_wconf 85' lang='grc' dir='ltr'>1η</span> <span class='ocrx_word' id='word_1_90' title='bbox 2131 888 2394 941; x_wconf 80' lang='lat' dir='ltr'><strong>Danielem</strong></span> <span class='ocrx_word' id='word_1_91' title='bbox 2426 887 2748 956; x_wconf 78' lang='lat' dir='ltr'><strong>prophetam,</strong></span> <span class='ocrx_word' id='word_1_92' title='bbox 2781 896 2823 937; x_wconf 87' lang='lat' dir='ltr'><strong>et</strong></span> <span class='ocrx_word' id='word_1_93' title='bbox 2853 884 3173 939; x_wconf 88' lang='lat' dir='ltr'><strong>Snsannam.</strong></span> <span class='ocrx_word' id='word_1_94' title='bbox 3207 884 3397 950; x_wconf 89' lang='lat' dir='ltr'><strong>Incipit</strong></span> <span class='ocrx_word' id='word_1_95' title='bbox 3429 904 3442 939; x_wconf 89' lang='lat'><strong>:</strong></span> <span class='ocrx_word' id='word_1_96' title='bbox 3489 885 3596 938; x_wconf 74' lang='grc' dir='ltr'><strong>’Λεὶ</strong></span> 
     </span>
    </p>
   </div>
   <div class='ocr_carea' id='block_1_9' title="bbox 368 976 3595 1061">
    <p class='ocr_par' dir='ltr' id='par_1_9' title="bbox 368 976 3595 1061">
     <span class='ocr_line' id='line_1_9' title="bbox 368 976 3595 1061; baseline -0.005 -17"><span class='ocrx_word' id='word_1_97' title='bbox 368 993 444 1044; x_wconf 74' lang='grc' dir='ltr'>τοῦ</span> <span class='ocrx_word' id='word_1_98' title='bbox 471 990 778 1059; x_wconf 59' lang='lat' dir='ltr'><strong>live-ituro;</strong></span> <span class='ocrx_word' id='word_1_99' title='bbox 803 991 837 1060; x_wconf 75' lang='grc' dir='ltr'>ἡ</span> <span class='ocrx_word' id='word_1_100' title='bbox 867 990 1047 1061; x_wconf 78' lang='grc' dir='ltr'>χάρις.</span> <span class='ocrx_word' id='word_1_101' title='bbox 1084 990 1158 1042; x_wconf 83' lang='lat' dir='ltr'><strong>Ex</strong></span> <span class='ocrx_word' id='word_1_102' title='bbox 1197 1004 1296 1043; x_wconf 89' lang='lat' dir='ltr'><strong>tns.</strong></span> <span class='ocrx_word' id='word_1_103' title='bbox 1339 988 1480 1057; x_wconf 76' lang='lat' dir='ltr'><strong>regis</strong></span> <span class='ocrx_word' id='word_1_104' title='bbox 1512 983 1982 1040; x_wconf 85' lang='lat' dir='ltr'><strong>Christianissimi.</strong></span> <span class='ocrx_word' id='word_1_105' title='bbox 2009 981 2174 1034; x_wconf 63' lang='lat' dir='ltr'><strong>Fsun.</strong></span> <span class='ocrx_word' id='word_1_106' title='bbox 2209 1010 2278 1021; x_wconf 71' lang='grc' dir='ltr'><strong>υ-</strong></span> <span class='ocrx_word' id='word_1_107' title='bbox 2317 979 2501 1033; x_wconf 74' lang='lat' dir='ltr'><strong>Exstat</strong></span> <span class='ocrx_word' id='word_1_108' title='bbox 2545 980 2595 1032; x_wconf 88' lang='lat' dir='ltr'><strong>in</strong></span> <span class='ocrx_word' id='word_1_109' title='bbox 2653 977 2780 1032; x_wconf 86' lang='lat' dir='ltr'><strong>bibl.</strong></span> <span class='ocrx_word' id='word_1_110' title='bbox 2829 976 3001 1030; x_wconf 84' lang='lat' dir='ltr'><strong>Paris.</strong></span> <span class='ocrx_word' id='word_1_111' title='bbox 3033 977 3172 1046; x_wconf 92' lang='lat' dir='ltr'><strong>publ.</strong></span> <span class='ocrx_word' id='word_1_112' title='bbox 3204 977 3360 1031; x_wconf 88' lang='lat' dir='ltr'><strong>codd.</strong></span> <span class='ocrx_word' id='word_1_113' title='bbox 3399 991 3595 1030; x_wconf 72' lang='lat' dir='ltr'><strong>ucxcu</strong></span> 
     </span>
    </p>
   </div>
   <div class='ocr_carea' id='block_1_10' title="bbox 368 1077 2071 1147">
    <p class='ocr_par' dir='ltr' id='par_1_10' title="bbox 368 1077 2071 1147">
     <span class='ocr_line' id='line_1_10' title="bbox 368 1077 2071 1147; baseline -0.004 -8"><span class='ocrx_word' id='word_1_114' title='bbox 368 1097 410 1139; x_wconf 87' lang='lat' dir='ltr'><strong>et</strong></span> <span class='ocrx_word' id='word_1_115' title='bbox 435 1100 677 1147; x_wconf 80' lang='lat' dir='ltr'><strong>uochnt,</strong></span> <span class='ocrx_word' id='word_1_116' title='bbox 715 1103 770 1136; x_wconf 92' lang='lat' dir='ltr'><strong>n.</strong></span> <span class='ocrx_word' id='word_1_117' title='bbox 800 1085 889 1138; x_wconf 71' lang='lat'><strong>29.</strong></span> <span class='ocrx_word' id='word_1_118' title='bbox 923 1113 989 1122; x_wconf 89' lang='lat'><strong>——</strong></span> <span class='ocrx_word' id='word_1_119' title='bbox 1013 1081 1184 1138; x_wconf 73' lang='lat' dir='ltr'><strong>Oxon.</strong></span> <span class='ocrx_word' id='word_1_120' title='bbox 1213 1084 1265 1136; x_wconf 92' lang='lat' dir='ltr'><strong>in</strong></span> <span class='ocrx_word' id='word_1_121' title='bbox 1297 1085 1418 1136; x_wconf 88' lang='lat' dir='ltr'><strong>cod.</strong></span> <span class='ocrx_word' id='word_1_122' title='bbox 1450 1081 1669 1134; x_wconf 80' lang='lat' dir='ltr'><strong>Barocc.</strong></span> <span class='ocrx_word' id='word_1_123' title='bbox 1705 1093 1866 1132; x_wconf 60' lang='lat' dir='ltr'><strong>cvcu.</strong></span> <span class='ocrx_word' id='word_1_124' title='bbox 1902 1077 2071 1132; x_wconf 62' lang='lat' dir='ltr'><strong>llxnt.</strong></span> 
     </span>
    </p>
   </div>
   <div class='ocr_carea' id='block_1_11' title="bbox 428 1163 2026 1244">
    <p class='ocr_par' dir='ltr' id='par_1_11' title="bbox 428 1172 2026 1244">
     <span class='ocr_line' id='line_1_11' title="bbox 428 1172 2026 1244; baseline -0.003 -17"><span class='ocrx_word' id='word_1_125' title='bbox 428 1176 476 1227; x_wconf 88' lang='lat'><strong>7.</strong></span> <span class='ocrx_word' id='word_1_126' title='bbox 507 1176 593 1238; x_wconf 79' lang='lat' dir='ltr'><strong>El;</strong></span> <span class='ocrx_word' id='word_1_127' title='bbox 622 1177 713 1228; x_wconf 80' lang='grc' dir='ltr'><strong>τὸν</strong></span> <span class='ocrx_word' id='word_1_128' title='bbox 745 1177 810 1228; x_wconf 76' lang='grc' dir='ltr'>ἐκ</span> <span class='ocrx_word' id='word_1_129' title='bbox 840 1175 1048 1238; x_wconf 72' lang='grc' dir='ltr'>κοιλίας</span> <span class='ocrx_word' id='word_1_130' title='bbox 1077 1175 1297 1244; x_wconf 71' lang='grc' dir='ltr'>τυφλόν.</span> <span class='ocrx_word' id='word_1_131' title='bbox 1338 1173 1400 1227; x_wconf 81' lang='lat' dir='ltr'><strong>In</strong></span> <span class='ocrx_word' id='word_1_132' title='bbox 1437 1189 1630 1227; x_wconf 70' lang='lat' dir='ltr'><strong>crucum</strong></span> <span class='ocrx_word' id='word_1_133' title='bbox 1679 1188 1710 1224; x_wconf 89' lang='lat' dir='ltr'><strong>a</strong></span> <span class='ocrx_word' id='word_1_134' title='bbox 1741 1172 2026 1230; x_wconf 77' lang='lat' dir='ltr'><strong>nativitate,</strong></span> 
     </span>
    </p>
   </div>
   <div class='ocr_carea' id='block_1_12' title="bbox 2001 1163 3599 1244">
    <p class='ocr_par' dir='ltr' id='par_1_12' title="bbox 2001 1163 3599 1236">
     <span class='ocr_line' id='line_1_12' title="bbox 2001 1163 3599 1236; baseline -0.002 -15"><span class='ocrx_word' id='word_1_135' title='bbox 2001 1187 2032 1230; x_wconf 67' lang='grc' dir='ltr'>ε,</span> <span class='ocrx_word' id='word_1_136' title='bbox 2075 1168 2230 1223; x_wconf 81' lang='lat' dir='ltr'><strong>Joan.</strong></span> <span class='ocrx_word' id='word_1_137' title='bbox 2257 1184 2330 1220; x_wconf 69' lang='grc' dir='ltr'><strong>ις.</strong></span> <span class='ocrx_word' id='word_1_138' title='bbox 2371 1165 2554 1234; x_wconf 87' lang='lat' dir='ltr'><strong>Incipit</strong></span> <span class='ocrx_word' id='word_1_139' title='bbox 2590 1183 2603 1218; x_wconf 89' lang='lat'><strong>:</strong></span> <span class='ocrx_word' id='word_1_140' title='bbox 2647 1163 2987 1234; x_wconf 80' lang='grc' dir='ltr'>Ἦκούσαμεν</span> <span class='ocrx_word' id='word_1_141' title='bbox 3017 1164 3217 1235; x_wconf 81' lang='grc' dir='ltr'><strong>ἀρτίως</strong></span> <span class='ocrx_word' id='word_1_142' title='bbox 3249 1163 3339 1216; x_wconf 77' lang='grc' dir='ltr'><strong>τοῦ</strong></span> <span class='ocrx_word' id='word_1_143' title='bbox 3363 1164 3478 1218; x_wconf 77' lang='grc' dir='ltr'>υἱοῦ</span> <span class='ocrx_word' id='word_1_144' title='bbox 3500 1165 3599 1236; x_wconf 77' lang='grc' dir='ltr'><strong>τῆς</strong></span> 
     </span>
    </p>
   </div>
   <div class='ocr_carea' id='block_1_13' title="bbox 359 1254 3599 1334">
    <p class='ocr_par' dir='ltr' id='par_1_13' title="bbox 359 1254 3599 1334">
     <span class='ocr_line' id='line_1_13' title="bbox 359 1254 3599 1334; baseline -0.002 -18"><span class='ocrx_word' id='word_1_145' title='bbox 359 1264 590 1334; x_wconf 77' lang='grc' dir='ltr'><strong>βροντῆς.</strong></span> <span class='ocrx_word' id='word_1_146' title='bbox 629 1263 706 1316; x_wconf 80' lang='lat' dir='ltr'><strong>Ex</strong></span> <span class='ocrx_word' id='word_1_147' title='bbox 752 1265 936 1318; x_wconf 74' lang='lat' dir='ltr'><strong>codice</strong></span> <span class='ocrx_word' id='word_1_148' title='bbox 963 1262 1228 1316; x_wconf 88' lang='lat' dir='ltr'><strong>Sirmondi</strong></span> <span class='ocrx_word' id='word_1_149' title='bbox 1259 1271 1313 1316; x_wconf 89' lang='lat' dir='ltr'><strong>et</strong></span> <span class='ocrx_word' id='word_1_150' title='bbox 1368 1261 1735 1332; x_wconf 80' lang='lat' dir='ltr'><strong>Seguieriano.</strong></span> <span class='ocrx_word' id='word_1_151' title='bbox 1764 1259 1918 1328; x_wconf 88' lang='lat' dir='ltr'><strong>Legit</strong></span> <span class='ocrx_word' id='word_1_152' title='bbox 1946 1258 2164 1312; x_wconf 83' lang='lat' dir='ltr'><strong>Photius</strong></span> <span class='ocrx_word' id='word_1_153' title='bbox 2188 1267 2240 1310; x_wconf 90' lang='lat' dir='ltr'><strong>ct</strong></span> <span class='ocrx_word' id='word_1_154' title='bbox 2290 1257 2406 1309; x_wconf 85' lang='lat' dir='ltr'><strong>loca</strong></span> <span class='ocrx_word' id='word_1_155' title='bbox 2433 1269 2500 1309; x_wconf 86' lang='lat' dir='ltr'><strong>ex</strong></span> <span class='ocrx_word' id='word_1_156' title='bbox 2541 1255 2640 1309; x_wconf 88' lang='lat' dir='ltr'><strong>hoc</strong></span> <span class='ocrx_word' id='word_1_157' title='bbox 2668 1270 2915 1309; x_wconf 89' lang='lat' dir='ltr'><strong>sermone</strong></span> <span class='ocrx_word' id='word_1_158' title='bbox 2940 1255 3142 1324; x_wconf 75' lang='lat' dir='ltr'><strong>profert</strong></span> <span class='ocrx_word' id='word_1_159' title='bbox 3186 1257 3237 1309; x_wconf 92' lang='lat' dir='ltr'><strong>in</strong></span> <span class='ocrx_word' id='word_1_160' title='bbox 3269 1254 3599 1311; x_wconf 80' lang='lat' dir='ltr'><strong>Bibliotheca</strong></span> 
     </span>
    </p>
   </div>
   <div class='ocr_carea' id='block_1_14' title="bbox 352 1356 1328 1424">
    <p class='ocr_par' dir='ltr' id='par_1_14' title="bbox 352 1356 1328 1424">
     <span class='ocr_line' id='line_1_14' title="bbox 352 1356 1328 1424; baseline 0 -16"><span class='ocrx_word' id='word_1_161' title='bbox 352 1357 460 1410; x_wconf 87' lang='lat' dir='ltr'><strong>cod.</strong></span> <span class='ocrx_word' id='word_1_162' title='bbox 485 1369 704 1416; x_wconf 65' lang='lat' dir='ltr'><strong>CCLXII,</strong></span> <span class='ocrx_word' id='word_1_163' title='bbox 741 1369 796 1424; x_wconf 86' lang='lat' dir='ltr'><strong>p.</strong></span> <span class='ocrx_word' id='word_1_164' title='bbox 833 1356 940 1407; x_wconf 72' lang='lat'><strong>8‘20</strong></span> <span class='ocrx_word' id='word_1_165' title='bbox 969 1358 1096 1408; x_wconf 90' lang='lat' dir='ltr'><strong>edit.</strong></span> <span class='ocrx_word' id='word_1_166' title='bbox 1126 1356 1328 1422; x_wconf 74' lang='lat' dir='ltr'><strong>primm.</strong></span> 
     </span>
    </p>
   </div>
   <div class='ocr_carea' id='block_1_15' title="bbox 411 1439 2009 1518">
    <p class='ocr_par' dir='ltr' id='par_1_15' title="bbox 411 1443 2009 1518">
     <span class='ocr_line' id='line_1_15' title="bbox 411 1443 2009 1518; baseline -0.002 -22"><span class='ocrx_word' id='word_1_167' title='bbox 411 1446 464 1497; x_wconf 92' lang='lat'><strong>8.</strong></span> <span class='ocrx_word' id='word_1_168' title='bbox 495 1446 590 1508; x_wconf 78' lang='grc' dir='ltr'><strong>εἰς</strong></span> <span class='ocrx_word' id='word_1_169' title='bbox 615 1447 743 1510; x_wconf 83' lang='grc' dir='ltr'>τοὺς</span> <span class='ocrx_word' id='word_1_170' title='bbox 775 1446 964 1514; x_wconf 78' lang='grc' dir='ltr'>ἁγίους</span> <span class='ocrx_word' id='word_1_171' title='bbox 991 1446 1326 1518; x_wconf 67' lang='grc' dir='ltr'>κορυφαίους</span> <span class='ocrx_word' id='word_1_172' title='bbox 1356 1445 1710 1508; x_wconf 78' lang='grc' dir='ltr'><strong>ἀποστόλους,</strong></span> <span class='ocrx_word' id='word_1_173' title='bbox 1739 1443 1944 1513; x_wconf 80' lang='grc' dir='ltr'>Πέτρον</span> <span class='ocrx_word' id='word_1_174' title='bbox 1970 1458 2009 1493; x_wconf 61' lang='grc' dir='ltr'><strong>κη</strong></span> 
     </span>
    </p>
   </div>
   <div class='ocr_carea' id='block_1_16' title="bbox 2000 1439 3598 1518">
    <p class='ocr_par' dir='ltr' id='par_1_16' title="bbox 2000 1439 3598 1509">
     <span class='ocr_line' id='line_1_16' title="bbox 2000 1439 3598 1509; baseline 0.003 -17"><span class='ocrx_word' id='word_1_175' title='bbox 2000 1443 2064 1494; x_wconf 75' lang='grc' dir='ltr'>εαὶ</span> <span class='ocrx_word' id='word_1_176' title='bbox 2094 1442 2323 1496; x_wconf 80' lang='grc' dir='ltr'><strong>Παῦλον.</strong></span> <span class='ocrx_word' id='word_1_177' title='bbox 2357 1439 2422 1494; x_wconf 82' lang='lat' dir='ltr'><strong>In</strong></span> <span class='ocrx_word' id='word_1_178' title='bbox 2458 1449 2667 1494; x_wconf 86' lang='lat' dir='ltr'><strong>sanctos</strong></span> <span class='ocrx_word' id='word_1_179' title='bbox 2693 1441 2953 1509; x_wconf 80' lang='lat' dir='ltr'><strong>principes</strong></span> <span class='ocrx_word' id='word_1_180' title='bbox 2983 1443 3267 1509; x_wconf 78' lang='lat' dir='ltr'><strong>apostolos,</strong></span> <span class='ocrx_word' id='word_1_181' title='bbox 3308 1443 3516 1497; x_wconf 87' lang='lat' dir='ltr'><strong>Petrum</strong></span> <span class='ocrx_word' id='word_1_182' title='bbox 3549 1453 3598 1497; x_wconf 85' lang='lat' dir='ltr'><strong>et</strong></span> 
     </span>
    </p>
   </div>
   <div class='ocr_carea' id='block_1_17' title="bbox 333 1536 1931 1615">
    <p class='ocr_par' dir='ltr' id='par_1_17' title="bbox 333 1536 1931 1615">
     <span class='ocr_line' id='line_1_17' title="bbox 333 1536 1931 1615; baseline 0.004 -27"><span class='ocrx_word' id='word_1_183' title='bbox 333 1539 596 1594; x_wconf 82' lang='lat' dir='ltr'><strong>.Puulum.</strong></span> <span class='ocrx_word' id='word_1_184' title='bbox 629 1543 820 1612; x_wconf 87' lang='lat' dir='ltr'><strong>Incipit</strong></span> <span class='ocrx_word' id='word_1_185' title='bbox 854 1563 866 1597; x_wconf 93' lang='lat'>:</span> <span class='ocrx_word' id='word_1_186' title='bbox 901 1545 1077 1598; x_wconf 82' lang='grc' dir='ltr'>Πᾶσαι</span> <span class='ocrx_word' id='word_1_187' title='bbox 1105 1545 1201 1615; x_wconf 83' lang='grc' dir='ltr'>μὲν</span> <span class='ocrx_word' id='word_1_188' title='bbox 1224 1546 1280 1597; x_wconf 76' lang='grc' dir='ltr'>αἱ</span> <span class='ocrx_word' id='word_1_189' title='bbox 1307 1543 1558 1614; x_wconf 79' lang='grc' dir='ltr'><strong>συνήθεις</strong></span> <span class='ocrx_word' id='word_1_190' title='bbox 1597 1536 1776 1598; x_wconf 73' lang='grc' dir='ltr'>αὗται.</span> <span class='ocrx_word' id='word_1_191' title='bbox 1807 1543 1884 1595; x_wconf 82' lang='lat' dir='ltr'><strong>Ex</strong></span> <span class='ocrx_word' id='word_1_192' title='bbox 1913 1557 1931 1594; x_wconf 78' lang='lat' dir='ltr'><strong>t</strong></span> 
     </span>
    </p>
   </div>
   <div class='ocr_carea' id='block_1_18' title="bbox 2002 1536 3600 1615">
    <p class='ocr_par' dir='ltr' id='par_1_18' title="bbox 2002 1536 3600 1611">
     <span class='ocr_line' id='line_1_18' title="bbox 2002 1536 3600 1611; baseline -0.004 -16"><span class='ocrx_word' id='word_1_193' title='bbox 2002 1544 2232 1596; x_wconf 75' lang='lat' dir='ltr'><strong>terandzc</strong></span> <span class='ocrx_word' id='word_1_194' title='bbox 2262 1541 2602 1611; x_wconf 76' lang='lat' dir='ltr'><strong>antiquitatis</strong></span> <span class='ocrx_word' id='word_1_195' title='bbox 2632 1540 2817 1594; x_wconf 87' lang='lat' dir='ltr'><strong>codice</strong></span> <span class='ocrx_word' id='word_1_196' title='bbox 2843 1538 3192 1608; x_wconf 82' lang='lat' dir='ltr'><strong>Seguieriano</strong></span> <span class='ocrx_word' id='word_1_197' title='bbox 3224 1552 3413 1590; x_wconf 86' lang='lat' dir='ltr'><strong>recens</strong></span> <span class='ocrx_word' id='word_1_198' title='bbox 3443 1536 3600 1588; x_wconf 84' lang='lat' dir='ltr'><strong>allato</strong></span> 
     </span>
    </p>
   </div>
   <div class='ocr_carea' id='block_1_19' title="bbox 346 1634 1811 1706">
    <p class='ocr_par' dir='ltr' id='par_1_19' title="bbox 346 1634 1811 1706">
     <span class='ocr_line' id='line_1_19' title="bbox 346 1634 1811 1706; baseline 0.003 -22"><span class='ocrx_word' id='word_1_199' title='bbox 346 1648 403 1686; x_wconf 89' lang='lat' dir='ltr'><strong>cx</strong></span> <span class='ocrx_word' id='word_1_200' title='bbox 441 1634 644 1686; x_wconf 56' lang='lat' dir='ltr'><strong>celi-bri</strong></span> <span class='ocrx_word' id='word_1_201' title='bbox 683 1637 1011 1690; x_wconf 88' lang='lat' dir='ltr'><strong>monasterio</strong></span> <span class='ocrx_word' id='word_1_202' title='bbox 1042 1635 1139 1705; x_wconf 80' lang='grc' dir='ltr'><strong>τῆς</strong></span> <span class='ocrx_word' id='word_1_203' title='bbox 1165 1635 1540 1706; x_wconf 72' lang='grc' dir='ltr'>ὲγκλείστρας,</span> <span class='ocrx_word' id='word_1_204' title='bbox 1571 1634 1811 1689; x_wconf 71' lang='lat' dir='ltr'><strong>Grmcitc.</strong></span> 
     </span>
    </p>
   </div>
   <div class='ocr_carea' id='block_1_20' title="bbox 411 1718 2009 1799">
    <p class='ocr_par' dir='ltr' id='par_1_20' title="bbox 411 1722 2009 1799">
     <span class='ocr_line' id='line_1_20' title="bbox 411 1722 2009 1799; baseline 0.001 -21"><span class='ocrx_word' id='word_1_205' title='bbox 411 1724 465 1778; x_wconf 85' lang='grc'>9.</span> <span class='ocrx_word' id='word_1_206' title='bbox 511 1722 822 1794; x_wconf 82' lang='grc' dir='ltr'>Ἑγκὼμιον</span> <span class='ocrx_word' id='word_1_207' title='bbox 861 1728 942 1790; x_wconf 76' lang='lat' dir='ltr'><strong>el;</strong></span> <span class='ocrx_word' id='word_1_208' title='bbox 966 1727 1057 1780; x_wconf 85' lang='grc' dir='ltr'>τὸν</span> <span class='ocrx_word' id='word_1_209' title='bbox 1089 1727 1237 1794; x_wconf 75' lang='grc' dir='ltr'>ἅγιον</span> <span class='ocrx_word' id='word_1_210' title='bbox 1266 1728 1637 1799; x_wconf 79' lang='grc' dir='ltr'>ἱερομὰρτυρα</span> <span class='ocrx_word' id='word_1_211' title='bbox 1671 1729 1883 1780; x_wconf 70' lang='grc' dir='ltr'>Φωκᾶν.</span> <span class='ocrx_word' id='word_1_212' title='bbox 1914 1726 2009 1780; x_wconf 79' lang='lat' dir='ltr'><strong>In.‘</strong></span> 
     </span>
    </p>
   </div>
   <div class='ocr_carea' id='block_1_21' title="bbox 2003 1718 3601 1799">
    <p class='ocr_par' dir='ltr' id='par_1_21' title="bbox 2003 1718 3601 1795">
     <span class='ocr_line' id='line_1_21' title="bbox 2003 1718 3601 1795; baseline -0.006 -14"><span class='ocrx_word' id='word_1_213' title='bbox 2003 1727 2057 1781; x_wconf 93' lang='lat' dir='ltr'><strong>S.</strong></span> <span class='ocrx_word' id='word_1_214' title='bbox 2084 1737 2360 1795; x_wconf 83' lang='lat' dir='ltr'><strong>martyrem</strong></span> <span class='ocrx_word' id='word_1_215' title='bbox 2384 1724 2634 1791; x_wconf 81' lang='lat' dir='ltr'><strong>Phocum,</strong></span> <span class='ocrx_word' id='word_1_216' title='bbox 2655 1723 3027 1792; x_wconf 85' lang='lat' dir='ltr'><strong>Sinopensem,</strong></span> <span class='ocrx_word' id='word_1_217' title='bbox 3051 1735 3264 1790; x_wconf 88' lang='lat' dir='ltr'><strong>passum</strong></span> <span class='ocrx_word' id='word_1_218' title='bbox 3296 1719 3476 1772; x_wconf 70' lang='lat' dir='ltr'><strong>Romm</strong></span> <span class='ocrx_word' id='word_1_219' title='bbox 3502 1718 3601 1772; x_wconf 86' lang='lat' dir='ltr'><strong>sub</strong></span> 
     </span>
    </p>
   </div>
   <div class='ocr_carea' id='block_1_22' title="bbox 348 1815 1946 1894">
    <p class='ocr_par' dir='ltr' id='par_1_22' title="bbox 348 1817 1941 1894">
     <span class='ocr_line' id='line_1_22' title="bbox 348 1817 1941 1894; baseline 0.003 -23"><span class='ocrx_word' id='word_1_220' title='bbox 348 1817 603 1888; x_wconf 73' lang='lat' dir='ltr'><strong>Traiano.</strong></span> <span class='ocrx_word' id='word_1_221' title='bbox 645 1819 836 1890; x_wconf 89' lang='lat' dir='ltr'><strong>Incipit</strong></span> <span class='ocrx_word' id='word_1_222' title='bbox 877 1822 1073 1894; x_wconf 74' lang='grc' dir='ltr'>εΚαλὴ</span> <span class='ocrx_word' id='word_1_223' title='bbox 1106 1824 1201 1876; x_wconf 72' lang='grc' dir='ltr'><strong>καὶ</strong></span> <span class='ocrx_word' id='word_1_224' title='bbox 1236 1824 1606 1893; x_wconf 66' lang='grc' dir='ltr'>συμφέρουσα.</span> <span class='ocrx_word' id='word_1_225' title='bbox 1663 1821 1742 1877; x_wconf 79' lang='lat' dir='ltr'><strong>Ex</strong></span> <span class='ocrx_word' id='word_1_226' title='bbox 1792 1823 1941 1876; x_wconf 87' lang='lat' dir='ltr'><strong>codic</strong></span> 
     </span>
    </p>
   </div>
   <div class='ocr_carea' id='block_1_23' title="bbox 2000 1815 3598 1894">
    <p class='ocr_par' dir='ltr' id='par_1_23' title="bbox 2025 1815 3598 1892">
     <span class='ocr_line' id='line_1_23' title="bbox 2025 1815 3598 1892; baseline -0.005 -17"><span class='ocrx_word' id='word_1_227' title='bbox 2025 1824 2164 1892; x_wconf 81' lang='lat' dir='ltr'><strong>rcgis</strong></span> <span class='ocrx_word' id='word_1_228' title='bbox 2199 1821 2383 1877; x_wconf 76' lang='lat' dir='ltr'><strong>Gallia:</strong></span> <span class='ocrx_word' id='word_1_229' title='bbox 2410 1832 2463 1876; x_wconf 90' lang='lat' dir='ltr'><strong>et</strong></span> <span class='ocrx_word' id='word_1_230' title='bbox 2498 1824 2833 1891; x_wconf 85' lang='lat' dir='ltr'><strong>antograpbo</strong></span> <span class='ocrx_word' id='word_1_231' title='bbox 2874 1820 3164 1874; x_wconf 86' lang='lat' dir='ltr'><strong>Sirmondi.</strong></span> <span class='ocrx_word' id='word_1_232' title='bbox 3201 1819 3254 1872; x_wconf 95' lang='lat' dir='ltr'><strong>ln</strong></span> <span class='ocrx_word' id='word_1_233' title='bbox 3279 1815 3598 1887; x_wconf 74' lang='lat' dir='ltr'><strong>quihusdam</strong></span> 
     </span>
    </p>
   </div>
   <div class='ocr_carea' id='block_1_24' title="bbox 354 1905 3604 1986">
    <p class='ocr_par' dir='ltr' id='par_1_24' title="bbox 354 1905 3604 1986">
     <span class='ocr_line' id='line_1_24' title="bbox 354 1905 3604 1986; baseline -0.002 -21"><span class='ocrx_word' id='word_1_234' title='bbox 354 1914 624 1966; x_wconf 78' lang='lat' dir='ltr'><strong>codicibus</strong></span> <span class='ocrx_word' id='word_1_235' title='bbox 657 1916 736 1982; x_wconf 90' lang='lat' dir='ltr'><strong>(ut</strong></span> <span class='ocrx_word' id='word_1_236' title='bbox 767 1915 1168 1984; x_wconf 68' lang='lat' dir='ltr'><strong>Caesareoapud</strong></span> <span class='ocrx_word' id='word_1_237' title='bbox 1196 1916 1536 1970; x_wconf 83' lang='lat' dir='ltr'><strong>Lambecinnt</strong></span> <span class='ocrx_word' id='word_1_238' title='bbox 1562 1931 1679 1978; x_wconf 88' lang='lat' dir='ltr'><strong>vttI,</strong></span> <span class='ocrx_word' id='word_1_239' title='bbox 1705 1931 1758 1985; x_wconf 88' lang='lat' dir='ltr'><strong>p.</strong></span> <span class='ocrx_word' id='word_1_240' title='bbox 1807 1918 1935 1985; x_wconf 69' lang='grc'><strong>245)</strong></span> <span class='ocrx_word' id='word_1_241' title='bbox 1968 1919 2040 1986; x_wconf 92' lang='lat' dir='ltr'><strong>(b)</strong></span> <span class='ocrx_word' id='word_1_242' title='bbox 2069 1918 2254 1985; x_wconf 89' lang='lat' dir='ltr'><strong>incipit</strong></span> <span class='ocrx_word' id='word_1_243' title='bbox 2283 1933 2310 1969; x_wconf 91' lang='lat' dir='ltr'><strong>a</strong></span> <span class='ocrx_word' id='word_1_244' title='bbox 2342 1915 2541 1980; x_wconf 79' lang='lat' dir='ltr'><strong>verbis,</strong></span> <span class='ocrx_word' id='word_1_245' title='bbox 2574 1930 2625 1983; x_wconf 90' lang='lat' dir='ltr'><strong>p.</strong></span> <span class='ocrx_word' id='word_1_246' title='bbox 2651 1914 2772 1978; x_wconf 78' lang='lat'><strong>171,</strong></span> <span class='ocrx_word' id='word_1_247' title='bbox 2803 1915 2930 1968; x_wconf 82' lang='lat' dir='ltr'><strong>edit.</strong></span> <span class='ocrx_word' id='word_1_248' title='bbox 2963 1909 3406 1967; x_wconf 79' lang='lat' dir='ltr'><strong>Comhelisiame:</strong></span> <span class='ocrx_word' id='word_1_249' title='bbox 3437 1905 3604 1976; x_wconf 78' lang='grc' dir='ltr'>’ῐερδς</span> 
     </span>
    </p>
   </div>
   <div class='ocr_carea' id='block_1_25' title="bbox 351 1995 1949 2081">
    <p class='ocr_par' dir='ltr' id='par_1_25' title="bbox 351 2003 1949 2081">
     <span class='ocr_line' id='line_1_25' title="bbox 351 2003 1949 2081; baseline 0.003 -26"><span class='ocrx_word' id='word_1_250' title='bbox 351 2004 448 2074; x_wconf 75' lang='grc' dir='ltr'><strong>μὲν</strong></span> <span class='ocrx_word' id='word_1_251' title='bbox 474 2004 568 2057; x_wconf 80' lang='grc' dir='ltr'>καὶ</span> <span class='ocrx_word' id='word_1_252' title='bbox 597 2003 883 2072; x_wconf 80' lang='grc' dir='ltr'>Θεσπέσιος</span> <span class='ocrx_word' id='word_1_253' title='bbox 911 2009 1056 2072; x_wconf 79' lang='grc' dir='ltr'>ἄπας</span> <span class='ocrx_word' id='word_1_254' title='bbox 1079 2009 1106 2061; x_wconf 86' lang='grc' dir='ltr'>ὁ</span> <span class='ocrx_word' id='word_1_255' title='bbox 1129 2007 1238 2060; x_wconf 82' lang='grc' dir='ltr'><strong>τῶν</strong></span> <span class='ocrx_word' id='word_1_256' title='bbox 1265 2008 1527 2076; x_wconf 77' lang='grc' dir='ltr'>γενναίων</span> <span class='ocrx_word' id='word_1_257' title='bbox 1583 2010 1874 2081; x_wconf 79' lang='grc' dir='ltr'><strong>μαρτύρων</strong></span> <span class='ocrx_word' id='word_1_258' title='bbox 1907 2027 1949 2063; x_wconf 69' lang='grc' dir='ltr'><strong>κς</strong></span> 
     </span>
    </p>
   </div>
   <div class='ocr_carea' id='block_1_26' title="bbox 2003 1995 3601 2081">
    <p class='ocr_par' dir='ltr' id='par_1_26' title="bbox 2003 1995 3601 2077">
     <span class='ocr_line' id='line_1_26' title="bbox 2003 1995 3601 2077; baseline -0.011 -15"><span class='ocrx_word' id='word_1_259' title='bbox 2003 2010 2222 2076; x_wconf 74' lang='grc' dir='ltr'>τὰλογος.</span> <span class='ocrx_word' id='word_1_260' title='bbox 2258 2009 2434 2077; x_wconf 84' lang='lat' dir='ltr'><strong>Atque</strong></span> <span class='ocrx_word' id='word_1_261' title='bbox 2489 2007 2560 2059; x_wconf 89' lang='lat' dir='ltr'><strong>ita</strong></span> <span class='ocrx_word' id='word_1_262' title='bbox 2610 2005 2822 2068; x_wconf 78' lang='lat' dir='ltr'><strong>Latine,</strong></span> <span class='ocrx_word' id='word_1_263' title='bbox 2857 2013 3108 2072; x_wconf 84' lang='lat' dir='ltr'><strong>tanquam</strong></span> <span class='ocrx_word' id='word_1_264' title='bbox 3144 1999 3398 2054; x_wconf 85' lang='lat' dir='ltr'><strong>Simeoue</strong></span> <span class='ocrx_word' id='word_1_265' title='bbox 3434 1995 3601 2048; x_wconf 79' lang='lat' dir='ltr'><strong>Meta-</strong></span> 
     </span>
    </p>
   </div>
   <div class='ocr_carea' id='block_1_27' title="bbox 348 2095 3672 2175">
    <p class='ocr_par' dir='ltr' id='par_1_27' title="bbox 348 2095 3672 2175">
     <span class='ocr_line' id='line_1_27' title="bbox 348 2095 3672 2175; baseline -0.007 -8"><span class='ocrx_word' id='word_1_266' title='bbox 348 2102 568 2167; x_wconf 70' lang='grc' dir='ltr'><strong>ΡΙιηιειθ</strong></span> <span class='ocrx_word' id='word_1_267' title='bbox 603 2115 847 2166; x_wconf 75' lang='lat' dir='ltr'><strong>auctore,</strong></span> <span class='ocrx_word' id='word_1_268' title='bbox 880 2105 1076 2174; x_wconf 61' lang='lat' dir='ltr'><strong>legitur</strong></span> <span class='ocrx_word' id='word_1_269' title='bbox 1120 2108 1258 2174; x_wconf 87' lang='lat' dir='ltr'><strong>apud</strong></span> <span class='ocrx_word' id='word_1_270' title='bbox 1309 2104 1722 2175; x_wconf 85' lang='lat' dir='ltr'><strong>Lipontannum,</strong></span> <span class='ocrx_word' id='word_1_271' title='bbox 1753 2116 1881 2159; x_wconf 90' lang='lat' dir='ltr'><strong>tom.</strong></span> <span class='ocrx_word' id='word_1_272' title='bbox 1926 2106 2009 2170; x_wconf 69' lang='lat' dir='ltr'><strong>Vl,</strong></span> <span class='ocrx_word' id='word_1_273' title='bbox 2041 2124 2093 2174; x_wconf 87' lang='lat' dir='ltr'><strong>p.</strong></span> <span class='ocrx_word' id='word_1_274' title='bbox 2123 2105 2251 2170; x_wconf 67' lang='lat'><strong>‘274,</strong></span> <span class='ocrx_word' id='word_1_275' title='bbox 2279 2117 2332 2158; x_wconf 92' lang='lat' dir='ltr'><strong>et</strong></span> <span class='ocrx_word' id='word_1_276' title='bbox 2357 2103 2571 2158; x_wconf 90' lang='lat' dir='ltr'><strong>Snrimn</strong></span> <span class='ocrx_word' id='word_1_277' title='bbox 2605 2102 2669 2156; x_wconf 91' lang='lat' dir='ltr'><strong>ad</strong></span> <span class='ocrx_word' id='word_1_278' title='bbox 2699 2101 2770 2154; x_wconf 73' lang='lat'><strong>22</strong></span> <span class='ocrx_word' id='word_1_279' title='bbox 2802 2099 2952 2167; x_wconf 76' lang='lat' dir='ltr'><strong>Sept.</strong></span> <span class='ocrx_word' id='word_1_280' title='bbox 2996 2099 3135 2152; x_wconf 91' lang='lat' dir='ltr'><strong>Duos</strong></span> <span class='ocrx_word' id='word_1_281' title='bbox 3163 2095 3372 2149; x_wconf 75' lang='lat' dir='ltr'><strong>I’hocas</strong></span> <span class='ocrx_word' id='word_1_282' title='bbox 3403 2100 3604 2159; x_wconf 85' lang='lat' dir='ltr'><strong>marly-</strong></span> <span class='ocrx_word' id='word_1_283' title='bbox 3664 2106 3672 2114; x_wconf 86' lang='lat'>&#39;</span> 
     </span>
    </p>
   </div>
   <div class='ocr_carea' id='block_1_28' title="bbox 351 2187 3604 2268">
    <p class='ocr_par' dir='ltr' id='par_1_28' title="bbox 351 2187 3604 2268">
     <span class='ocr_line' id='line_1_28' title="bbox 351 2187 3604 2268; baseline -0.003 -21"><span class='ocrx_word' id='word_1_284' title='bbox 351 2211 432 2248; x_wconf 89' lang='lat' dir='ltr'><strong>res</strong></span> <span class='ocrx_word' id='word_1_285' title='bbox 468 2198 523 2249; x_wconf 92' lang='lat' dir='ltr'><strong>in</strong></span> <span class='ocrx_word' id='word_1_286' title='bbox 552 2197 656 2250; x_wconf 89' lang='lat' dir='ltr'><strong>hoc</strong></span> <span class='ocrx_word' id='word_1_287' title='bbox 682 2214 934 2253; x_wconf 83' lang='lat' dir='ltr'><strong>sermone</strong></span> <span class='ocrx_word' id='word_1_288' title='bbox 962 2201 1028 2254; x_wconf 88' lang='lat' dir='ltr'><strong>ab</strong></span> <span class='ocrx_word' id='word_1_289' title='bbox 1080 2200 1292 2254; x_wconf 88' lang='lat' dir='ltr'><strong>Asterio</strong></span> <span class='ocrx_word' id='word_1_290' title='bbox 1323 2201 1598 2263; x_wconf 81' lang='lat' dir='ltr'><strong>confundi,</strong></span> <span class='ocrx_word' id='word_1_291' title='bbox 1628 2211 1777 2255; x_wconf 88' lang='lat' dir='ltr'><strong>notat</strong></span> <span class='ocrx_word' id='word_1_292' title='bbox 1822 2201 2086 2255; x_wconf 86' lang='lat' dir='ltr'><strong>Baronius</strong></span> <span class='ocrx_word' id='word_1_293' title='bbox 2138 2201 2200 2253; x_wconf 85' lang='lat' dir='ltr'><strong>ad</strong></span> <span class='ocrx_word' id='word_1_294' title='bbox 2230 2198 2572 2268; x_wconf 80' lang='lat' dir='ltr'><strong>Martyrolog.</strong></span> <span class='ocrx_word' id='word_1_295' title='bbox 2608 2196 2757 2251; x_wconf 85' lang='lat' dir='ltr'><strong>Rom.</strong></span> <span class='ocrx_word' id='word_1_296' title='bbox 2794 2198 2859 2248; x_wconf 67' lang='lat'><strong>14</strong></span> <span class='ocrx_word' id='word_1_297' title='bbox 2889 2193 3017 2258; x_wconf 79' lang='lat' dir='ltr'><strong>Jul,</strong></span> <span class='ocrx_word' id='word_1_298' title='bbox 3065 2207 3227 2261; x_wconf 77' lang='lat' dir='ltr'><strong>quem</strong></span> <span class='ocrx_word' id='word_1_299' title='bbox 3279 2189 3397 2242; x_wconf 88' lang='lat' dir='ltr'><strong>vide</strong></span> <span class='ocrx_word' id='word_1_300' title='bbox 3443 2187 3604 2240; x_wconf 87' lang='lat' dir='ltr'><strong>etiam</strong></span> 
     </span>
    </p>
   </div>
   <div class='ocr_carea' id='block_1_29' title="bbox 348 2284 3603 2366">
    <p class='ocr_par' dir='ltr' id='par_1_29' title="bbox 348 2284 3603 2366">
     <span class='ocr_line' id='line_1_29' title="bbox 348 2284 3603 2366; baseline -0.002 -26"><span class='ocrx_word' id='word_1_301' title='bbox 348 2287 410 2340; x_wconf 89' lang='lat' dir='ltr'><strong>ad</strong></span> <span class='ocrx_word' id='word_1_302' title='bbox 438 2290 472 2343; x_wconf 83' lang='lat'><strong>5</strong></span> <span class='ocrx_word' id='word_1_303' title='bbox 500 2290 699 2356; x_wconf 70' lang='lat' dir='ltr'><strong>Martii,</strong></span> <span class='ocrx_word' id='word_1_304' title='bbox 739 2293 827 2346; x_wconf 90' lang='lat' dir='ltr'><strong>ubi</strong></span> <span class='ocrx_word' id='word_1_305' title='bbox 868 2305 1015 2347; x_wconf 87' lang='lat' dir='ltr'><strong>notat</strong></span> <span class='ocrx_word' id='word_1_306' title='bbox 1055 2295 1213 2349; x_wconf 87' lang='lat' dir='ltr'><strong>verba</strong></span> <span class='ocrx_word' id='word_1_307' title='bbox 1247 2297 1484 2365; x_wconf 61' lang='lat' dir='ltr'><strong>quaedam</strong></span> <span class='ocrx_word' id='word_1_308' title='bbox 1516 2295 1654 2365; x_wconf 73' lang='lat' dir='ltr'><strong>(qua:</strong></span> <span class='ocrx_word' id='word_1_309' title='bbox 1693 2313 1811 2366; x_wconf 80' lang='lat' dir='ltr'><strong>pag.</strong></span> <span class='ocrx_word' id='word_1_310' title='bbox 1844 2297 1943 2350; x_wconf 83' lang='lat'><strong>178</strong></span> <span class='ocrx_word' id='word_1_311' title='bbox 1971 2298 2100 2349; x_wconf 86' lang='lat' dir='ltr'><strong>edit.</strong></span> <span class='ocrx_word' id='word_1_312' title='bbox 2123 2294 2432 2350; x_wconf 81' lang='lat' dir='ltr'><strong>Combelisii</strong></span> <span class='ocrx_word' id='word_1_313' title='bbox 2467 2291 2757 2362; x_wconf 79' lang='lat' dir='ltr'><strong>leguntur).</strong></span> <span class='ocrx_word' id='word_1_314' title='bbox 2790 2290 2995 2344; x_wconf 78' lang='lat' dir='ltr'><strong>laudari</strong></span> <span class='ocrx_word' id='word_1_315' title='bbox 3023 2291 3073 2342; x_wconf 93' lang='lat' dir='ltr'><strong>in</strong></span> <span class='ocrx_word' id='word_1_316' title='bbox 3105 2289 3328 2347; x_wconf 77' lang='lat' dir='ltr'><strong>septima</strong></span> <span class='ocrx_word' id='word_1_317' title='bbox 3373 2284 3603 2354; x_wconf 83' lang='lat' dir='ltr'><strong>synodo.</strong></span> 
     </span>
    </p>
   </div>
   <div class='ocr_carea' id='block_1_30' title="bbox 419 2371 2017 2460">
    <p class='ocr_par' dir='ltr' id='par_1_30' title="bbox 419 2384 2017 2460">
     <span class='ocr_line' id='line_1_30' title="bbox 419 2384 2017 2460; baseline 0.003 -25"><span class='ocrx_word' id='word_1_318' title='bbox 419 2384 486 2438; x_wconf 87' lang='lat'><strong>10</strong></span> <span class='ocrx_word' id='word_1_319' title='bbox 538 2387 635 2449; x_wconf 83' lang='grc' dir='ltr'><strong>Εἰς</strong></span> <span class='ocrx_word' id='word_1_320' title='bbox 671 2389 796 2450; x_wconf 80' lang='grc' dir='ltr'>τοὺς</span> <span class='ocrx_word' id='word_1_321' title='bbox 831 2388 1022 2456; x_wconf 82' lang='grc' dir='ltr'>ἁγίους</span> <span class='ocrx_word' id='word_1_322' title='bbox 1073 2389 1380 2460; x_wconf 82' lang='grc' dir='ltr'>μάρτυρας.</span> <span class='ocrx_word' id='word_1_323' title='bbox 1433 2387 1743 2442; x_wconf 81' lang='lat' dir='ltr'><strong>Encomium</strong></span> <span class='ocrx_word' id='word_1_324' title='bbox 1794 2390 1846 2442; x_wconf 88' lang='lat' dir='ltr'><strong>in</strong></span> <span class='ocrx_word' id='word_1_325' title='bbox 1897 2404 2017 2441; x_wconf 81' lang='lat' dir='ltr'><strong>sane</strong></span> 
     </span>
    </p>
   </div>
   <div class='ocr_carea' id='block_1_31' title="bbox 2007 2371 3605 2460">
    <p class='ocr_par' dir='ltr' id='par_1_31' title="bbox 2007 2371 3605 2455">
     <span class='ocr_line' id='line_1_31' title="bbox 2007 2371 3605 2455; baseline -0.009 -15"><span class='ocrx_word' id='word_1_326' title='bbox 2007 2399 2104 2440; x_wconf 75' lang='lat' dir='ltr'><strong>:tos</strong></span> <span class='ocrx_word' id='word_1_327' title='bbox 2148 2395 2423 2455; x_wconf 72' lang='lat' dir='ltr'><strong>martyres.</strong></span> <span class='ocrx_word' id='word_1_328' title='bbox 2484 2386 2714 2454; x_wconf 89' lang='lat' dir='ltr'><strong>Incipit:</strong></span> <span class='ocrx_word' id='word_1_329' title='bbox 2753 2385 2942 2437; x_wconf 86' lang='grc' dir='ltr'>Ἔστιν</span> <span class='ocrx_word' id='word_1_330' title='bbox 2997 2381 3073 2444; x_wconf 82' lang='grc' dir='ltr'>ὡς</span> <span class='ocrx_word' id='word_1_331' title='bbox 3120 2380 3292 2432; x_wconf 76' lang='grc' dir='ltr'>ἔοικεν</span> <span class='ocrx_word' id='word_1_332' title='bbox 3335 2377 3430 2430; x_wconf 76' lang='grc' dir='ltr'>καὶ</span> <span class='ocrx_word' id='word_1_333' title='bbox 3457 2371 3605 2445; x_wconf 67' lang='grc' dir='ltr'>παρὰ</span> 
     </span>
    </p>
   </div>
   <div class='ocr_carea' id='block_1_32' title="bbox 347 2471 3606 2551">
    <p class='ocr_par' dir='ltr' id='par_1_32' title="bbox 347 2471 3606 2551">
     <span class='ocr_line' id='line_1_32' title="bbox 347 2471 3606 2551; baseline -0.002 -20"><span class='ocrx_word' id='word_1_334' title='bbox 347 2479 476 2533; x_wconf 74' lang='grc' dir='ltr'>τῶν.</span> <span class='ocrx_word' id='word_1_335' title='bbox 504 2479 580 2535; x_wconf 80' lang='lat' dir='ltr'><strong>Ex</strong></span> <span class='ocrx_word' id='word_1_336' title='bbox 621 2482 807 2538; x_wconf 79' lang='lat' dir='ltr'><strong>codice</strong></span> <span class='ocrx_word' id='word_1_337' title='bbox 835 2485 982 2538; x_wconf 83' lang='lat' dir='ltr'><strong>card.</strong></span> <span class='ocrx_word' id='word_1_338' title='bbox 1015 2485 1307 2549; x_wconf 64' lang='lat' dir='ltr'><strong>Columnas,</strong></span> <span class='ocrx_word' id='word_1_339' title='bbox 1334 2486 1668 2539; x_wconf 83' lang='lat' dir='ltr'><strong>describente</strong></span> <span class='ocrx_word' id='word_1_340' title='bbox 1691 2483 1802 2538; x_wconf 85' lang='lat' dir='ltr'><strong>Jac.</strong></span> <span class='ocrx_word' id='word_1_341' title='bbox 1833 2482 2122 2536; x_wconf 90' lang='lat' dir='ltr'><strong>Sirmondo</strong></span> <span class='ocrx_word' id='word_1_342' title='bbox 2151 2480 2352 2551; x_wconf 72' lang='lat' dir='ltr'><strong>{exstat</strong></span> <span class='ocrx_word' id='word_1_343' title='bbox 2379 2483 2430 2534; x_wconf 89' lang='lat' dir='ltr'><strong>in</strong></span> <span class='ocrx_word' id='word_1_344' title='bbox 2463 2481 2581 2534; x_wconf 91' lang='lat' dir='ltr'><strong>cod.</strong></span> <span class='ocrx_word' id='word_1_345' title='bbox 2618 2479 2789 2532; x_wconf 85' lang='lat' dir='ltr'><strong>Paris.</strong></span> <span class='ocrx_word' id='word_1_346' title='bbox 2828 2479 2956 2532; x_wconf 87' lang='lat' dir='ltr'><strong>bibl.</strong></span> <span class='ocrx_word' id='word_1_347' title='bbox 2984 2477 3128 2545; x_wconf 89' lang='lat' dir='ltr'><strong>pttbl.</strong></span> <span class='ocrx_word' id='word_1_348' title='bbox 3161 2471 3433 2544; x_wconf 73' lang='lat' dir='ltr'><strong>occuxt].</strong></span> <span class='ocrx_word' id='word_1_349' title='bbox 3466 2472 3606 2525; x_wconf 84' lang='lat' dir='ltr'><strong>Loca</strong></span> 
     </span>
    </p>
   </div>
   <div class='ocr_carea' id='block_1_33' title="bbox 350 2568 3288 2648">
    <p class='ocr_par' dir='ltr' id='par_1_33' title="bbox 350 2568 3288 2648">
     <span class='ocr_line' id='line_1_33' title="bbox 350 2568 3288 2648; baseline -0.002 -20"><span class='ocrx_word' id='word_1_350' title='bbox 350 2577 454 2628; x_wconf 86' lang='lat' dir='ltr'><strong>duo</strong></span> <span class='ocrx_word' id='word_1_351' title='bbox 488 2591 518 2629; x_wconf 91' lang='lat' dir='ltr'><strong>e</strong></span> <span class='ocrx_word' id='word_1_352' title='bbox 545 2593 644 2631; x_wconf 86' lang='lat' dir='ltr'><strong>ms.</strong></span> <span class='ocrx_word' id='word_1_353' title='bbox 682 2578 928 2633; x_wconf 66' lang='lat' dir='ltr'><strong>Cmsareo</strong></span> <span class='ocrx_word' id='word_1_354' title='bbox 957 2583 1198 2635; x_wconf 86' lang='lat' dir='ltr'><strong>emendat</strong></span> <span class='ocrx_word' id='word_1_355' title='bbox 1228 2579 1544 2635; x_wconf 87' lang='lat' dir='ltr'><strong>Lambecius</strong></span> <span class='ocrx_word' id='word_1_356' title='bbox 1570 2595 1688 2641; x_wconf 82' lang='lat' dir='ltr'><strong>VIII,</strong></span> <span class='ocrx_word' id='word_1_357' title='bbox 1727 2595 1778 2646; x_wconf 86' lang='lat' dir='ltr'><strong>p.</strong></span> <span class='ocrx_word' id='word_1_358' title='bbox 1811 2578 1913 2632; x_wconf 82' lang='lat'><strong>57&#39;5</strong></span> <span class='ocrx_word' id='word_1_359' title='bbox 1946 2575 2014 2648; x_wconf 79' lang='lat'><strong>[5.</strong></span> <span class='ocrx_word' id='word_1_360' title='bbox 2043 2593 2093 2644; x_wconf 89' lang='lat' dir='ltr'><strong>p.</strong></span> <span class='ocrx_word' id='word_1_361' title='bbox 2129 2576 2223 2629; x_wconf 85' lang='grc'><strong>791</strong></span> <span class='ocrx_word' id='word_1_362' title='bbox 2265 2592 2384 2645; x_wconf 88' lang='lat' dir='ltr'><strong>sqq.</strong></span> <span class='ocrx_word' id='word_1_363' title='bbox 2413 2576 2498 2630; x_wconf 91' lang='lat' dir='ltr'><strong>ed.</strong></span> <span class='ocrx_word' id='word_1_364' title='bbox 2525 2574 2729 2628; x_wconf 83' lang='lat' dir='ltr'><strong>Kollar.</strong></span> <span class='ocrx_word' id='word_1_365' title='bbox 2763 2574 2884 2628; x_wconf 81' lang='lat' dir='ltr'><strong>eod.</strong></span> <span class='ocrx_word' id='word_1_366' title='bbox 2924 2587 3089 2635; x_wconf 80' lang='lat' dir='ltr'><strong>xxxv,</strong></span> <span class='ocrx_word' id='word_1_367' title='bbox 3118 2588 3171 2625; x_wconf 83' lang='grc' dir='ltr'><strong>η.</strong></span> <span class='ocrx_word' id='word_1_368' title='bbox 3209 2568 3288 2640; x_wconf 67' lang='grc' dir='ltr'><strong>ιη.</strong></span> 
     </span>
    </p>
   </div>
   <div class='ocr_carea' id='block_1_34' title="bbox 425 2664 2023 2746">
    <p class='ocr_par' dir='ltr' id='par_1_34' title="bbox 425 2671 2023 2746">
     <span class='ocr_line' id='line_1_34' title="bbox 425 2671 2023 2746; baseline 0.001 -24"><span class='ocrx_word' id='word_1_369' title='bbox 425 2671 512 2722; x_wconf 87' lang='grc'>11.</span> <span class='ocrx_word' id='word_1_370' title='bbox 546 2671 635 2734; x_wconf 77' lang='grc' dir='ltr'><strong>Εἰς</strong></span> <span class='ocrx_word' id='word_1_371' title='bbox 669 2673 965 2746; x_wconf 78' lang='grc' dir='ltr'>μαρτύριον</span> <span class='ocrx_word' id='word_1_372' title='bbox 993 2673 1090 2743; x_wconf 76' lang='grc' dir='ltr'><strong>τῆς</strong></span> <span class='ocrx_word' id='word_1_373' title='bbox 1117 2679 1470 2745; x_wconf 79' lang='grc' dir='ltr'>πανευφήμου</span> <span class='ocrx_word' id='word_1_374' title='bbox 1505 2675 1780 2746; x_wconf 75' lang='grc' dir='ltr'>μάρτυρος</span> <span class='ocrx_word' id='word_1_375' title='bbox 1807 2671 2023 2742; x_wconf 62' lang='grc' dir='ltr'><strong>Εὐφημξ</strong></span> 
     </span>
    </p>
   </div>
   <div class='ocr_carea' id='block_1_35' title="bbox 2009 2664 3607 2746">
    <p class='ocr_par' dir='ltr' id='par_1_35' title="bbox 2011 2664 3607 2743">
     <span class='ocr_line' id='line_1_35' title="bbox 2011 2664 3607 2743; baseline -0.006 -20"><span class='ocrx_word' id='word_1_376' title='bbox 2011 2671 2114 2734; x_wconf 76' lang='grc' dir='ltr'>ξας,</span> <span class='ocrx_word' id='word_1_377' title='bbox 2148 2670 2431 2743; x_wconf 71' lang='grc' dir='ltr'>ἕκφρασις.</span> <span class='ocrx_word' id='word_1_378' title='bbox 2493 2670 2780 2723; x_wconf 74' lang='lat' dir='ltr'><strong>Enarratio</strong></span> <span class='ocrx_word' id='word_1_379' title='bbox 2826 2669 3096 2738; x_wconf 74' lang='lat' dir='ltr'><strong>imaginis,</strong></span> <span class='ocrx_word' id='word_1_380' title='bbox 3147 2684 3249 2736; x_wconf 83' lang='lat' dir='ltr'><strong>qua</strong></span> <span class='ocrx_word' id='word_1_381' title='bbox 3296 2664 3607 2732; x_wconf 75' lang='lat' dir='ltr'><strong>exprimitur</strong></span> 
     </span>
    </p>
   </div>
   <div class='ocr_carea' id='block_1_36' title="bbox 351 2752 1949 2834">
    <p class='ocr_par' dir='ltr' id='par_1_36' title="bbox 351 2763 1948 2834">
     <span class='ocr_line' id='line_1_36' title="bbox 351 2763 1948 2834; baseline 0.004 -24"><span class='ocrx_word' id='word_1_382' title='bbox 351 2763 662 2829; x_wconf 76' lang='lat' dir='ltr'><strong>martyrium</strong></span> <span class='ocrx_word' id='word_1_383' title='bbox 688 2763 999 2817; x_wconf 63' lang='lat' dir='ltr'><strong>clarissime</strong></span> <span class='ocrx_word' id='word_1_384' title='bbox 1025 2766 1273 2834; x_wconf 82' lang='lat' dir='ltr'><strong>martyris</strong></span> <span class='ocrx_word' id='word_1_385' title='bbox 1327 2766 1653 2832; x_wconf 71' lang='lat' dir='ltr'><strong>Euphemiw,</strong></span> <span class='ocrx_word' id='word_1_386' title='bbox 1687 2765 1786 2818; x_wconf 88' lang='lat' dir='ltr'><strong>sub</strong></span> <span class='ocrx_word' id='word_1_387' title='bbox 1834 2763 1948 2817; x_wconf 76' lang='lat' dir='ltr'><strong>Dim</strong></span> 
     </span>
    </p>
   </div>
   <div class='ocr_carea' id='block_1_37' title="bbox 2009 2752 3607 2834">
    <p class='ocr_par' dir='ltr' id='par_1_37' title="bbox 2009 2752 3607 2833">
     <span class='ocr_line' id='line_1_37' title="bbox 2009 2752 3607 2833; baseline 0.006 -19"><span class='ocrx_word' id='word_1_388' title='bbox 2009 2763 2168 2815; x_wconf 56' lang='lat' dir='ltr'><strong>Itiano</strong></span> <span class='ocrx_word' id='word_1_389' title='bbox 2199 2779 2388 2832; x_wconf 70' lang='lat' dir='ltr'><strong>passae.</strong></span> <span class='ocrx_word' id='word_1_390' title='bbox 2439 2763 2632 2830; x_wconf 88' lang='lat' dir='ltr'><strong>Incipit</strong></span> <span class='ocrx_word' id='word_1_391' title='bbox 2664 2781 2678 2816; x_wconf 89' lang='lat'><strong>:</strong></span> <span class='ocrx_word' id='word_1_392' title='bbox 2714 2761 2913 2833; x_wconf 78' lang='grc' dir='ltr'><strong>Πρώην</strong></span> <span class='ocrx_word' id='word_1_393' title='bbox 2945 2761 3064 2832; x_wconf 81' lang='grc' dir='ltr'>μὲν,</span> <span class='ocrx_word' id='word_1_394' title='bbox 3112 2752 3156 2812; x_wconf 81' lang='grc' dir='ltr'><strong>ὦ</strong></span> <span class='ocrx_word' id='word_1_395' title='bbox 3183 2758 3392 2828; x_wconf 71' lang='grc' dir='ltr'><strong>ἄνδρες»</strong></span> <span class='ocrx_word' id='word_1_396' title='bbox 3431 2758 3607 2823; x_wconf 79' lang='grc' dir='ltr'><strong>Δημο-</strong></span> 
     </span>
    </p>
   </div>
   <div class='ocr_carea' id='block_1_38' title="bbox 348 2849 1946 2931">
    <p class='ocr_par' dir='ltr' id='par_1_38' title="bbox 348 2854 1941 2931">
     <span class='ocr_line' id='line_1_38' title="bbox 348 2854 1941 2931; baseline 0.002 -24"><span class='ocrx_word' id='word_1_397' title='bbox 348 2854 544 2924; x_wconf 70' lang='grc' dir='ltr'>σθένην</span> <span class='ocrx_word' id='word_1_398' title='bbox 581 2856 740 2926; x_wconf 75' lang='grc' dir='ltr'>ἔσχον</span> <span class='ocrx_word' id='word_1_399' title='bbox 764 2859 820 2911; x_wconf 83' lang='grc' dir='ltr'>ὲν</span> <span class='ocrx_word' id='word_1_400' title='bbox 854 2860 1011 2931; x_wconf 75' lang='grc' dir='ltr'>χερσὶ</span> <span class='ocrx_word' id='word_1_401' title='bbox 1040 2860 1128 2912; x_wconf 81' lang='grc' dir='ltr'><strong>τὸν</strong></span> <span class='ocrx_word' id='word_1_402' title='bbox 1151 2860 1343 2914; x_wconf 81' lang='grc' dir='ltr'>δεινόν.</span> <span class='ocrx_word' id='word_1_403' title='bbox 1376 2859 1525 2914; x_wconf 88' lang='lat' dir='ltr'><strong>Hanc</strong></span> <span class='ocrx_word' id='word_1_404' title='bbox 1557 2860 1824 2931; x_wconf 81' lang='grc' dir='ltr'>ἐκφρασιν</span> <span class='ocrx_word' id='word_1_405' title='bbox 1848 2861 1941 2912; x_wconf 85' lang='lat' dir='ltr'><strong>Ast</strong></span> 
     </span>
    </p>
   </div>
   <div class='ocr_carea' id='block_1_39' title="bbox 2010 2849 3608 2931">
    <p class='ocr_par' dir='ltr' id='par_1_39' title="bbox 2010 2849 3608 2930">
     <span class='ocr_line' id='line_1_39' title="bbox 2010 2849 3608 2930; baseline -0.005 -19"><span class='ocrx_word' id='word_1_406' title='bbox 2010 2859 2045 2911; x_wconf 86' lang='lat' dir='ltr'><strong>ii</strong></span> <span class='ocrx_word' id='word_1_407' title='bbox 2079 2859 2296 2912; x_wconf 87' lang='lat' dir='ltr'><strong>laudant</strong></span> <span class='ocrx_word' id='word_1_408' title='bbox 2330 2859 2552 2913; x_wconf 84' lang='lat' dir='ltr'><strong>Pbotius</strong></span> <span class='ocrx_word' id='word_1_409' title='bbox 2580 2861 2630 2912; x_wconf 91' lang='lat' dir='ltr'><strong>in</strong></span> <span class='ocrx_word' id='word_1_410' title='bbox 2654 2859 2975 2912; x_wconf 76' lang='lat' dir='ltr'><strong>Bibliotheca</strong></span> <span class='ocrx_word' id='word_1_411' title='bbox 3007 2855 3128 2912; x_wconf 86' lang='lat' dir='ltr'><strong>cod.</strong></span> <span class='ocrx_word' id='word_1_412' title='bbox 3157 2870 3373 2914; x_wconf 69' lang='lat' dir='ltr'><strong>CCLXXI,</strong></span> <span class='ocrx_word' id='word_1_413' title='bbox 3406 2869 3456 2920; x_wconf 78' lang='grc' dir='ltr'><strong>ι).</strong></span> <span class='ocrx_word' id='word_1_414' title='bbox 3483 2849 3608 2930; x_wconf 58' lang='grc' dir='ltr'>ΒΞΟ,</span> 
     </span>
    </p>
   </div>
   <div class='ocr_carea' id='block_1_40' title="bbox 348 2946 3612 3019">
    <p class='ocr_par' dir='ltr' id='par_1_40' title="bbox 348 2946 3612 3019">
     <span class='ocr_line' id='line_1_40' title="bbox 348 2946 3612 3019; baseline -0 -22"><span class='ocrx_word' id='word_1_415' title='bbox 348 2946 476 2999; x_wconf 85' lang='lat' dir='ltr'><strong>etin</strong></span> <span class='ocrx_word' id='word_1_416' title='bbox 504 2947 882 3013; x_wconf 79' lang='lat' dir='ltr'><strong>Amphilochiis</strong></span> <span class='ocrx_word' id='word_1_417' title='bbox 921 2961 1108 3018; x_wconf 76' lang='lat' dir='ltr'><strong>quzest.</strong></span> <span class='ocrx_word' id='word_1_418' title='bbox 1144 2951 1268 3014; x_wconf 72' lang='lat'><strong>125,</strong></span> <span class='ocrx_word' id='word_1_419' title='bbox 1299 2961 1352 3004; x_wconf 91' lang='lat' dir='ltr'><strong>et</strong></span> <span class='ocrx_word' id='word_1_420' title='bbox 1376 2952 1646 3005; x_wconf 84' lang='lat' dir='ltr'><strong>Adrianus</strong></span> <span class='ocrx_word' id='word_1_421' title='bbox 1669 2951 1735 3018; x_wconf 90' lang='lat' dir='ltr'><strong>Il,</strong></span> <span class='ocrx_word' id='word_1_422' title='bbox 1779 2965 1936 3018; x_wconf 86' lang='lat' dir='ltr'><strong>papa,</strong></span> <span class='ocrx_word' id='word_1_423' title='bbox 1973 2949 2065 3004; x_wconf 86' lang='lat' dir='ltr'><strong>lib.</strong></span> <span class='ocrx_word' id='word_1_424' title='bbox 2111 2948 2184 3002; x_wconf 87' lang='lat' dir='ltr'><strong>De</strong></span> <span class='ocrx_word' id='word_1_425' title='bbox 2208 2949 2548 3019; x_wconf 82' lang='lat' dir='ltr'><strong>imaginibus,</strong></span> <span class='ocrx_word' id='word_1_426' title='bbox 2581 2949 2892 3018; x_wconf 81' lang='lat' dir='ltr'><strong>prolertqne</strong></span> <span class='ocrx_word' id='word_1_427' title='bbox 2923 2951 3183 3016; x_wconf 77' lang='lat' dir='ltr'><strong>integram</strong></span> <span class='ocrx_word' id='word_1_428' title='bbox 3220 2946 3444 3014; x_wconf 87' lang='lat' dir='ltr'><strong>septima</strong></span> <span class='ocrx_word' id='word_1_429' title='bbox 3478 2958 3612 3013; x_wconf 85' lang='lat' dir='ltr'><strong>syn-</strong></span> 
     </span>
    </p>
   </div>
   <div class='ocr_carea' id='block_1_41' title="bbox 348 3036 1946 3115">
    <p class='ocr_par' dir='ltr' id='par_1_41' title="bbox 348 3036 1946 3115">
     <span class='ocr_line' id='line_1_41' title="bbox 348 3036 1946 3115; baseline 0.001 -21"><span class='ocrx_word' id='word_1_430' title='bbox 348 3041 485 3095; x_wconf 90' lang='lat' dir='ltr'><strong>odus</strong></span> <span class='ocrx_word' id='word_1_431' title='bbox 517 3043 730 3097; x_wconf 84' lang='lat' dir='ltr'><strong>actione</strong></span> <span class='ocrx_word' id='word_1_432' title='bbox 761 3043 815 3106; x_wconf 80' lang='grc'>«1,</span> <span class='ocrx_word' id='word_1_433' title='bbox 847 3054 975 3097; x_wconf 90' lang='lat' dir='ltr'><strong>tom.</strong></span> <span class='ocrx_word' id='word_1_434' title='bbox 1005 3041 1071 3097; x_wconf 84' lang='grc' dir='ltr'><strong>ΙΙΙ</strong></span> <span class='ocrx_word' id='word_1_435' title='bbox 1103 3043 1267 3108; x_wconf 90' lang='lat' dir='ltr'><strong>Binii,</strong></span> <span class='ocrx_word' id='word_1_436' title='bbox 1307 3036 1428 3115; x_wconf 83' lang='lat' dir='ltr'><strong>pag.</strong></span> <span class='ocrx_word' id='word_1_437' title='bbox 1467 3044 1572 3100; x_wconf 67' lang='grc'>514</span> <span class='ocrx_word' id='word_1_438' title='bbox 1597 3060 1710 3115; x_wconf 90' lang='lat' dir='ltr'><strong>seq.</strong></span> <span class='ocrx_word' id='word_1_439' title='bbox 1743 3043 1946 3098; x_wconf 85' lang='lat' dir='ltr'><strong>Laudat</strong></span> 
     </span>
    </p>
   </div>
   <div class='ocr_carea' id='block_1_42' title="bbox 2015 3036 3613 3115">
    <p class='ocr_par' dir='ltr' id='par_1_42' title="bbox 2015 3036 3613 3110">
     <span class='ocr_line' id='line_1_42' title="bbox 2015 3036 3613 3110; baseline -0.004 -18"><span class='ocrx_word' id='word_1_440' title='bbox 2015 3057 2172 3096; x_wconf 78' lang='lat' dir='ltr'><strong>,erum</strong></span> <span class='ocrx_word' id='word_1_441' title='bbox 2207 3056 2258 3110; x_wconf 88' lang='lat' dir='ltr'><strong>p.</strong></span> <span class='ocrx_word' id='word_1_442' title='bbox 2293 3043 2417 3109; x_wconf 82' lang='grc'>659,</span> <span class='ocrx_word' id='word_1_443' title='bbox 2449 3045 2663 3099; x_wconf 88' lang='lat' dir='ltr'><strong>actione</strong></span> <span class='ocrx_word' id='word_1_444' title='bbox 2699 3043 2754 3107; x_wconf 83' lang='lat'><strong>6,</strong></span> <span class='ocrx_word' id='word_1_445' title='bbox 2790 3050 2846 3096; x_wconf 90' lang='lat' dir='ltr'><strong>et</strong></span> <span class='ocrx_word' id='word_1_446' title='bbox 2877 3058 2928 3108; x_wconf 85' lang='lat' dir='ltr'><strong>p.</strong></span> <span class='ocrx_word' id='word_1_447' title='bbox 2956 3041 3082 3107; x_wconf 88' lang='lat'><strong>700,</strong></span> <span class='ocrx_word' id='word_1_448' title='bbox 3123 3040 3335 3094; x_wconf 86' lang='lat' dir='ltr'><strong>actione</strong></span> <span class='ocrx_word' id='word_1_449' title='bbox 3369 3037 3421 3092; x_wconf 91' lang='lat'><strong>8.</strong></span> <span class='ocrx_word' id='word_1_450' title='bbox 3453 3036 3613 3091; x_wconf 90' lang='lat' dir='ltr'><strong>Com-</strong></span> 
     </span>
    </p>
   </div>
   <div class='ocr_carea' id='block_1_43' title="bbox 349 3133 3610 3212">
    <p class='ocr_par' dir='ltr' id='par_1_43' title="bbox 349 3133 3610 3212">
     <span class='ocr_line' id='line_1_43' title="bbox 349 3133 3610 3212; baseline -0.001 -23"><span class='ocrx_word' id='word_1_451' title='bbox 349 3135 578 3191; x_wconf 84' lang='lat' dir='ltr'><strong>bellsius</strong></span> <span class='ocrx_word' id='word_1_452' title='bbox 610 3151 740 3192; x_wconf 82' lang='lat' dir='ltr'><strong>vero</strong></span> <span class='ocrx_word' id='word_1_453' title='bbox 776 3153 842 3193; x_wconf 88' lang='lat' dir='ltr'><strong>ex</strong></span> <span class='ocrx_word' id='word_1_454' title='bbox 873 3139 1150 3194; x_wconf 85' lang='lat' dir='ltr'><strong>codicibus</strong></span> <span class='ocrx_word' id='word_1_455' title='bbox 1176 3141 1386 3194; x_wconf 91' lang='lat' dir='ltr'><strong>duobus</strong></span> <span class='ocrx_word' id='word_1_456' title='bbox 1412 3141 1575 3210; x_wconf 89' lang='lat' dir='ltr'><strong>regiis</strong></span> <span class='ocrx_word' id='word_1_457' title='bbox 1603 3141 1674 3212; x_wconf 76' lang='grc' dir='ltr'><strong>(ε)</strong></span> <span class='ocrx_word' id='word_1_458' title='bbox 1700 3140 2006 3210; x_wconf 83' lang='lat' dir='ltr'><strong>castigavit,</strong></span> <span class='ocrx_word' id='word_1_459' title='bbox 2042 3146 2096 3193; x_wconf 89' lang='lat' dir='ltr'><strong>et</strong></span> <span class='ocrx_word' id='word_1_460' title='bbox 2141 3153 2279 3193; x_wconf 81' lang='lat' dir='ltr'><strong>nova</strong></span> <span class='ocrx_word' id='word_1_461' title='bbox 2311 3142 2560 3195; x_wconf 89' lang='lat' dir='ltr'><strong>versione</strong></span> <span class='ocrx_word' id='word_1_462' title='bbox 2590 3140 2827 3194; x_wconf 85' lang='lat' dir='ltr'><strong>donavit.</strong></span> <span class='ocrx_word' id='word_1_463' title='bbox 2860 3137 3064 3194; x_wconf 85' lang='lat' dir='ltr'><strong>Gallice</strong></span> <span class='ocrx_word' id='word_1_464' title='bbox 3093 3154 3214 3194; x_wconf 87' lang='lat' dir='ltr'><strong>cum</strong></span> <span class='ocrx_word' id='word_1_465' title='bbox 3243 3135 3430 3204; x_wconf 88' lang='lat' dir='ltr'><strong>primis</strong></span> <span class='ocrx_word' id='word_1_466' title='bbox 3452 3133 3610 3203; x_wconf 86' lang='lat' dir='ltr'><strong>quin-</strong></span> 
     </span>
    </p>
   </div>
   <div class='ocr_carea' id='block_1_44' title="bbox 350 3231 2188 3300">
    <p class='ocr_par' dir='ltr' id='par_1_44' title="bbox 350 3231 2188 3300">
     <span class='ocr_line' id='line_1_44' title="bbox 350 3231 2188 3300; baseline 0.008 -21"><span class='ocrx_word' id='word_1_467' title='bbox 350 3243 454 3298; x_wconf 85' lang='lat' dir='ltr'><strong>que</strong></span> <span class='ocrx_word' id='word_1_468' title='bbox 485 3231 723 3286; x_wconf 89' lang='lat' dir='ltr'><strong>bomiliis</strong></span> <span class='ocrx_word' id='word_1_469' title='bbox 752 3234 912 3288; x_wconf 85' lang='lat' dir='ltr'><strong>vertit</strong></span> <span class='ocrx_word' id='word_1_470' title='bbox 941 3231 1266 3290; x_wconf 82' lang='lat' dir='ltr'><strong>Franeiscus</strong></span> <span class='ocrx_word' id='word_1_471' title='bbox 1292 3234 1592 3300; x_wconf 77' lang='lat' dir='ltr'><strong>Maucroix,</strong></span> <span class='ocrx_word' id='word_1_472' title='bbox 1627 3235 1798 3290; x_wconf 79' lang='lat' dir='ltr'><strong>Paris.</strong></span> <span class='ocrx_word' id='word_1_473' title='bbox 1837 3239 1976 3293; x_wconf 79' lang='grc'>1695</span> <span class='ocrx_word' id='word_1_474' title='bbox 2010 3239 2188 3294; x_wconf 70' lang='grc' dir='ltr'><strong>ἰπὶ-19.</strong></span> 
     </span>
    </p>
   </div>
   <div class='ocr_carea' id='block_1_45' title="bbox 423 3323 3613 3398">
    <p class='ocr_par' dir='ltr' id='par_1_45' title="bbox 423 3323 3613 3398">
     <span class='ocr_line' id='line_1_45' title="bbox 423 3323 3613 3398; baseline 0 -21"><span class='ocrx_word' id='word_1_475' title='bbox 423 3323 556 3387; x_wconf 81' lang='lat' dir='ltr'><strong>Sex,</strong></span> <span class='ocrx_word' id='word_1_476' title='bbox 596 3339 733 3394; x_wconf 88' lang='lat' dir='ltr'><strong>quas</strong></span> <span class='ocrx_word' id='word_1_477' title='bbox 767 3326 1010 3394; x_wconf 84' lang='lat' dir='ltr'><strong>proxime</strong></span> <span class='ocrx_word' id='word_1_478' title='bbox 1067 3327 1327 3383; x_wconf 81' lang='lat' dir='ltr'><strong>hactenus</strong></span> <span class='ocrx_word' id='word_1_479' title='bbox 1381 3327 1561 3392; x_wconf 90' lang='lat' dir='ltr'><strong>retuli,</strong></span> <span class='ocrx_word' id='word_1_480' title='bbox 1601 3329 1808 3398; x_wconf 83' lang='lat' dir='ltr'><strong>primus</strong></span> <span class='ocrx_word' id='word_1_481' title='bbox 1855 3327 2041 3384; x_wconf 72' lang='lat' dir='ltr'><strong>Grmce</strong></span> <span class='ocrx_word' id='word_1_482' title='bbox 2066 3341 2120 3387; x_wconf 91' lang='lat' dir='ltr'><strong>et</strong></span> <span class='ocrx_word' id='word_1_483' title='bbox 2148 3330 2339 3384; x_wconf 87' lang='lat' dir='ltr'><strong>Latine</strong></span> <span class='ocrx_word' id='word_1_484' title='bbox 2366 3329 2555 3395; x_wconf 86' lang='lat' dir='ltr'><strong>edidit,</strong></span> <span class='ocrx_word' id='word_1_485' title='bbox 2584 3327 3028 3398; x_wconf 79' lang='lat' dir='ltr'><strong>Rubenianisque</strong></span> <span class='ocrx_word' id='word_1_486' title='bbox 3056 3326 3353 3395; x_wconf 73' lang='lat' dir='ltr'><strong>subiunxit,</strong></span> <span class='ocrx_word' id='word_1_487' title='bbox 3395 3334 3450 3378; x_wconf 91' lang='lat' dir='ltr'><strong>et</strong></span> <span class='ocrx_word' id='word_1_488' title='bbox 3482 3324 3613 3380; x_wconf 83' lang='lat' dir='ltr'><strong>uni-</strong></span> 
     </span>
    </p>
   </div>
   <div class='ocr_carea' id='block_1_46' title="bbox 356 3418 3612 3486">
    <p class='ocr_par' dir='ltr' id='par_1_46' title="bbox 356 3418 3612 3486">
     <span class='ocr_line' id='line_1_46' title="bbox 356 3418 3612 3486; baseline 0.001 -17"><span class='ocrx_word' id='word_1_489' title='bbox 356 3432 541 3473; x_wconf 84' lang='lat' dir='ltr'><strong>versas</strong></span> <span class='ocrx_word' id='word_1_490' title='bbox 590 3421 730 3474; x_wconf 87' lang='lat' dir='ltr'><strong>notis</strong></span> <span class='ocrx_word' id='word_1_491' title='bbox 784 3420 1068 3475; x_wconf 86' lang='lat' dir='ltr'><strong>illustravit</strong></span> <span class='ocrx_word' id='word_1_492' title='bbox 1122 3420 1448 3476; x_wconf 73' lang='lat' dir='ltr'><strong>Franciscus</strong></span> <span class='ocrx_word' id='word_1_493' title='bbox 1482 3421 1862 3486; x_wconf 88' lang='lat' dir='ltr'><strong>Combelisius,</strong></span> <span class='ocrx_word' id='word_1_494' title='bbox 1891 3433 2019 3478; x_wconf 90' lang='lat' dir='ltr'><strong>tom.</strong></span> <span class='ocrx_word' id='word_1_495' title='bbox 2056 3423 2071 3477; x_wconf 97' lang='lat' dir='ltr'><strong>I</strong></span> <span class='ocrx_word' id='word_1_496' title='bbox 2099 3423 2335 3477; x_wconf 80' lang='lat' dir='ltr'><strong>Anctarii</strong></span> <span class='ocrx_word' id='word_1_497' title='bbox 2364 3424 2478 3477; x_wconf 83' lang='lat' dir='ltr'><strong>novi</strong></span> <span class='ocrx_word' id='word_1_498' title='bbox 2506 3421 2846 3477; x_wconf 73' lang='lat' dir='ltr'><strong>Bibliotheca:</strong></span> <span class='ocrx_word' id='word_1_499' title='bbox 2876 3419 3117 3486; x_wconf 85' lang='lat' dir='ltr'><strong>Patrum,</strong></span> <span class='ocrx_word' id='word_1_500' title='bbox 3141 3420 3312 3475; x_wconf 88' lang='lat' dir='ltr'><strong>Paris.</strong></span> <span class='ocrx_word' id='word_1_501' title='bbox 3340 3418 3474 3474; x_wconf 71' lang='grc'><strong>1648</strong></span> <span class='ocrx_word' id='word_1_502' title='bbox 3518 3419 3612 3474; x_wconf 81' lang='lat' dir='ltr'><strong>lol-</strong></span> 
     </span>
    </p>
   </div>
   <div class='ocr_carea' id='block_1_47' title="bbox 356 3509 3616 3589">
    <p class='ocr_par' dir='ltr' id='par_1_47' title="bbox 356 3509 3616 3589">
     <span class='ocr_line' id='line_1_47' title="bbox 356 3509 3616 3589; baseline 0.002 -25"><span class='ocrx_word' id='word_1_503' title='bbox 356 3509 551 3565; x_wconf 81' lang='lat' dir='ltr'><strong>Latine</strong></span> <span class='ocrx_word' id='word_1_504' title='bbox 587 3511 779 3567; x_wconf 89' lang='lat' dir='ltr'><strong>deinde</strong></span> <span class='ocrx_word' id='word_1_505' title='bbox 809 3528 874 3567; x_wconf 87' lang='lat' dir='ltr'><strong>ex</strong></span> <span class='ocrx_word' id='word_1_506' title='bbox 915 3513 1223 3570; x_wconf 87' lang='lat' dir='ltr'><strong>Combellsii</strong></span> <span class='ocrx_word' id='word_1_507' title='bbox 1254 3517 1502 3570; x_wconf 88' lang='lat' dir='ltr'><strong>versione</strong></span> <span class='ocrx_word' id='word_1_508' title='bbox 1554 3516 1835 3586; x_wconf 69' lang='lat' dir='ltr'><strong>subiunxit</strong></span> <span class='ocrx_word' id='word_1_509' title='bbox 1895 3517 2224 3587; x_wconf 74' lang='lat' dir='ltr'><strong>Theolihilus</strong></span> <span class='ocrx_word' id='word_1_510' title='bbox 2266 3518 2617 3589; x_wconf 81' lang='lat' dir='ltr'><strong>Raynaudus,</strong></span> <span class='ocrx_word' id='word_1_511' title='bbox 2669 3517 2922 3588; x_wconf 87' lang='lat' dir='ltr'><strong>operibus</strong></span> <span class='ocrx_word' id='word_1_512' title='bbox 2948 3517 3267 3572; x_wconf 86' lang='lat' dir='ltr'><strong>Latinorum</strong></span> <span class='ocrx_word' id='word_1_513' title='bbox 3292 3517 3616 3584; x_wconf 86' lang='lat' dir='ltr'><strong>scriptorum</strong></span> 
     </span>
    </p>
   </div>
   <div class='ocr_carea' id='block_1_48' title="bbox 356 3599 3616 3680">
    <p class='ocr_par' dir='ltr' id='par_1_48' title="bbox 356 3599 3616 3680">
     <span class='ocr_line' id='line_1_48' title="bbox 356 3599 3616 3680; baseline 0.003 -26"><span class='ocrx_word' id='word_1_514' title='bbox 356 3599 561 3657; x_wconf 87' lang='lat' dir='ltr'><strong>Leonis</strong></span> <span class='ocrx_word' id='word_1_515' title='bbox 603 3601 803 3674; x_wconf 77' lang='lat' dir='ltr'><strong>Magni,</strong></span> <span class='ocrx_word' id='word_1_516' title='bbox 833 3604 1046 3660; x_wconf 83' lang='lat' dir='ltr'><strong>Maximi</strong></span> <span class='ocrx_word' id='word_1_517' title='bbox 1083 3605 1456 3673; x_wconf 82' lang='lat' dir='ltr'><strong>Tanrinensis,</strong></span> <span class='ocrx_word' id='word_1_518' title='bbox 1481 3608 1626 3663; x_wconf 84' lang='lat' dir='ltr'><strong>Petri</strong></span> <span class='ocrx_word' id='word_1_519' title='bbox 1650 3608 1988 3680; x_wconf 83' lang='lat' dir='ltr'><strong>Chrysologi,</strong></span> <span class='ocrx_word' id='word_1_520' title='bbox 2035 3611 2322 3680; x_wconf 80' lang='lat' dir='ltr'><strong>Fulgentii,</strong></span> <span class='ocrx_word' id='word_1_521' title='bbox 2355 3613 2628 3668; x_wconf 84' lang='lat' dir='ltr'><strong>Valeriani</strong></span> <span class='ocrx_word' id='word_1_522' title='bbox 2657 3611 3027 3676; x_wconf 78' lang='lat' dir='ltr'><strong>Cenieliensis,</strong></span> <span class='ocrx_word' id='word_1_523' title='bbox 3055 3620 3110 3665; x_wconf 90' lang='lat' dir='ltr'><strong>et</strong></span> <span class='ocrx_word' id='word_1_524' title='bbox 3131 3610 3374 3674; x_wconf 78' lang='lat' dir='ltr'><strong>Amedei,</strong></span> <span class='ocrx_word' id='word_1_525' title='bbox 3409 3608 3616 3664; x_wconf 83' lang='lat' dir='ltr'><strong>Lattsa-</strong></span> 
     </span>
    </p>
   </div>
   <div class='ocr_carea' id='block_1_49' title="bbox 358 3691 3616 3772">
    <p class='ocr_par' dir='ltr' id='par_1_49' title="bbox 358 3691 3616 3772">
     <span class='ocr_line' id='line_1_49' title="bbox 358 3691 3616 3772; baseline 0.003 -29"><span class='ocrx_word' id='word_1_526' title='bbox 358 3691 544 3744; x_wconf 86' lang='lat' dir='ltr'><strong>nensis</strong></span> <span class='ocrx_word' id='word_1_527' title='bbox 573 3693 834 3764; x_wconf 85' lang='lat' dir='ltr'><strong>episcopi,</strong></span> <span class='ocrx_word' id='word_1_528' title='bbox 872 3711 989 3764; x_wconf 65' lang='lat' dir='ltr'><strong>quae</strong></span> <span class='ocrx_word' id='word_1_529' title='bbox 1021 3699 1120 3752; x_wconf 86' lang='lat' dir='ltr'><strong>sub</strong></span> <span class='ocrx_word' id='word_1_530' title='bbox 1156 3697 1308 3753; x_wconf 89' lang='lat' dir='ltr'><strong>titulo</strong></span> <span class='ocrx_word' id='word_1_531' title='bbox 1357 3697 1613 3767; x_wconf 80' lang='lat' dir='ltr'><strong>Heptadis</strong></span> <span class='ocrx_word' id='word_1_532' title='bbox 1654 3701 1960 3768; x_wconf 73' lang='lat' dir='ltr'><strong>prwsulum,</strong></span> <span class='ocrx_word' id='word_1_533' title='bbox 1988 3700 2296 3758; x_wconf 83' lang='lat' dir='ltr'><strong>Christiana</strong></span> <span class='ocrx_word' id='word_1_534' title='bbox 2333 3704 2588 3772; x_wconf 84' lang='lat' dir='ltr'><strong>sapientia</strong></span> <span class='ocrx_word' id='word_1_535' title='bbox 2619 3714 2664 3756; x_wconf 89' lang='lat' dir='ltr'><strong>et</strong></span> <span class='ocrx_word' id='word_1_536' title='bbox 2691 3703 2945 3771; x_wconf 81' lang='lat' dir='ltr'><strong>facundia</strong></span> <span class='ocrx_word' id='word_1_537' title='bbox 2973 3701 3409 3762; x_wconf 82' lang='lat' dir='ltr'><strong>clarissimorum,</strong></span> <span class='ocrx_word' id='word_1_538' title='bbox 3444 3699 3616 3769; x_wconf 88' lang='lat' dir='ltr'><strong>Lugd.</strong></span> 
     </span>
    </p>
   </div>
   <div class='ocr_carea' id='block_1_50' title="bbox 361 3782 3620 3865">
    <p class='ocr_par' dir='ltr' id='par_1_50' title="bbox 361 3782 3620 3865">
     <span class='ocr_line' id='line_1_50' title="bbox 361 3782 3620 3865; baseline 0.004 -29"><span class='ocrx_word' id='word_1_539' title='bbox 361 3782 507 3837; x_wconf 68' lang='lat'><strong>1652</strong></span> <span class='ocrx_word' id='word_1_540' title='bbox 530 3797 580 3838; x_wconf 90' lang='lat' dir='ltr'><strong>et</strong></span> <span class='ocrx_word' id='word_1_541' title='bbox 604 3787 772 3842; x_wconf 86' lang='lat' dir='ltr'><strong>Paris.</strong></span> <span class='ocrx_word' id='word_1_542' title='bbox 826 3789 982 3852; x_wconf 70' lang='lat'><strong>1661,</strong></span> <span class='ocrx_word' id='word_1_543' title='bbox 1041 3790 1132 3858; x_wconf 80' lang='lat' dir='ltr'><strong>fol,</strong></span> <span class='ocrx_word' id='word_1_544' title='bbox 1161 3809 1266 3846; x_wconf 85' lang='lat' dir='ltr'><strong>una</strong></span> <span class='ocrx_word' id='word_1_545' title='bbox 1296 3793 1416 3858; x_wconf 88' lang='lat' dir='ltr'><strong>hac,</strong></span> <span class='ocrx_word' id='word_1_546' title='bbox 1459 3807 1516 3847; x_wconf 90' lang='lat' dir='ltr'><strong>ut</strong></span> <span class='ocrx_word' id='word_1_547' title='bbox 1549 3794 1794 3861; x_wconf 87' lang='lat' dir='ltr'><strong>queritur</strong></span> <span class='ocrx_word' id='word_1_548' title='bbox 1827 3795 1878 3848; x_wconf 92' lang='lat' dir='ltr'><strong>in</strong></span> <span class='ocrx_word' id='word_1_549' title='bbox 1923 3796 2063 3851; x_wconf 87' lang='lat' dir='ltr'><strong>Bibl.</strong></span> <span class='ocrx_word' id='word_1_550' title='bbox 2094 3799 2482 3852; x_wconf 82' lang='lat' dir='ltr'><strong>concionatoria</strong></span> <span class='ocrx_word' id='word_1_551' title='bbox 2513 3796 2888 3855; x_wconf 83' lang='lat' dir='ltr'><strong>Combellsius.</strong></span> <span class='ocrx_word' id='word_1_552' title='bbox 2939 3797 3088 3865; x_wconf 59' lang='lat' dir='ltr'><strong>apicii</strong></span> <span class='ocrx_word' id='word_1_553' title='bbox 3127 3797 3318 3864; x_wconf 70' lang='lat' dir='ltr'><strong>gratia,</strong></span> <span class='ocrx_word' id='word_1_554' title='bbox 3359 3795 3498 3862; x_wconf 76' lang='lat' dir='ltr'><strong>quod</strong></span> <span class='ocrx_word' id='word_1_555' title='bbox 3528 3809 3620 3846; x_wconf 72' lang='lat' dir='ltr'><strong>er</strong></span> 
     </span>
    </p>
   </div>
   <div class='ocr_carea' id='block_1_51' title="bbox 361 3883 3618 3952">
    <p class='ocr_par' dir='ltr' id='par_1_51' title="bbox 361 3883 3618 3952">
     <span class='ocr_line' id='line_1_51' title="bbox 361 3883 3618 3952; baseline 0.002 -24"><span class='ocrx_word' id='word_1_556' title='bbox 361 3888 611 3944; x_wconf 82' lang='lat' dir='ltr'><strong>punctum</strong></span> <span class='ocrx_word' id='word_1_557' title='bbox 643 3896 811 3934; x_wconf 85' lang='lat' dir='ltr'><strong>meum</strong></span> <span class='ocrx_word' id='word_1_558' title='bbox 845 3883 1180 3949; x_wconf 79' lang='lat' dir='ltr'><strong>producentis</strong></span> <span class='ocrx_word' id='word_1_559' title='bbox 1213 3901 1399 3938; x_wconf 80' lang='lat' dir='ltr'><strong>nomen</strong></span> <span class='ocrx_word' id='word_1_560' title='bbox 1452 3896 1546 3939; x_wconf 81' lang='lat' dir='ltr'><strong>est.</strong></span> <span class='ocrx_word' id='word_1_561' title='bbox 1581 3884 1845 3939; x_wconf 80' lang='lat' dir='ltr'><strong>Nimirum</strong></span> <span class='ocrx_word' id='word_1_562' title='bbox 1892 3885 2223 3942; x_wconf 82' lang='lat' dir='ltr'><strong>Dorninicani</strong></span> <span class='ocrx_word' id='word_1_563' title='bbox 2280 3888 2585 3943; x_wconf 83' lang='lat' dir='ltr'><strong>Combelisii</strong></span> <span class='ocrx_word' id='word_1_564' title='bbox 2662 3903 2856 3942; x_wconf 89' lang='lat' dir='ltr'><strong>nomen</strong></span> <span class='ocrx_word' id='word_1_565' title='bbox 2912 3887 3141 3940; x_wconf 88' lang='lat' dir='ltr'><strong>libenter</strong></span> <span class='ocrx_word' id='word_1_566' title='bbox 3179 3884 3618 3952; x_wconf 80' lang='lat' dir='ltr'><strong>supprimendum</strong></span> 
     </span>
    </p>
   </div>
   <div class='ocr_carea' id='block_1_52' title="bbox 365 3973 3620 4051">
    <p class='ocr_par' dir='ltr' id='par_1_52' title="bbox 365 3973 3620 4051">
     <span class='ocr_line' id='line_1_52' title="bbox 365 3973 3620 4051; baseline 0.003 -29"><span class='ocrx_word' id='word_1_567' title='bbox 365 3983 514 4026; x_wconf 84' lang='lat' dir='ltr'><strong>ratus</strong></span> <span class='ocrx_word' id='word_1_568' title='bbox 538 3983 621 4026; x_wconf 87' lang='lat' dir='ltr'><strong>est</strong></span> <span class='ocrx_word' id='word_1_569' title='bbox 649 3973 856 4030; x_wconf 88' lang='lat' dir='ltr'><strong>Jesuita</strong></span> <span class='ocrx_word' id='word_1_570' title='bbox 885 3975 1230 4046; x_wconf 75' lang='lat' dir='ltr'><strong>Ilaynaudus,</strong></span> <span class='ocrx_word' id='word_1_571' title='bbox 1268 3977 1547 4048; x_wconf 80' lang='lat' dir='ltr'><strong>professus</strong></span> <span class='ocrx_word' id='word_1_572' title='bbox 1579 3980 1741 4034; x_wconf 87' lang='lat' dir='ltr'><strong>etiam</strong></span> <span class='ocrx_word' id='word_1_573' title='bbox 1773 3979 2124 4051; x_wconf 87' lang='lat' dir='ltr'><strong>Cyriacorutn</strong></span> <span class='ocrx_word' id='word_1_574' title='bbox 2158 3973 2520 4036; x_wconf 42' lang='lat' dir='ltr'><strong>adiersarius.</strong></span> <span class='ocrx_word' id='word_1_575' title='bbox 2563 3981 2620 4035; x_wconf 92' lang='lat' dir='ltr'><strong>In</strong></span> <span class='ocrx_word' id='word_1_576' title='bbox 2667 3982 2751 4035; x_wconf 92' lang='lat' dir='ltr'><strong>illa</strong></span> <span class='ocrx_word' id='word_1_577' title='bbox 2781 3979 3089 4034; x_wconf 85' lang='lat' dir='ltr'><strong>Combelisii</strong></span> <span class='ocrx_word' id='word_1_578' title='bbox 3137 3978 3465 4032; x_wconf 76' lang='lat' dir='ltr'><strong>Bibliotheca</strong></span> <span class='ocrx_word' id='word_1_579' title='bbox 3492 3994 3620 4031; x_wconf 79' lang='lat' dir='ltr'><strong>con-</strong></span> 
     </span>
    </p>
   </div>
   <div class='ocr_carea' id='block_1_53' title="bbox 367 4061 2950 4138">
    <p class='ocr_par' dir='ltr' id='par_1_53' title="bbox 367 4061 2950 4138">
     <span class='ocr_line' id='line_1_53' title="bbox 367 4061 2950 4138; baseline 0.005 -24"><span class='ocrx_word' id='word_1_580' title='bbox 367 4061 670 4118; x_wconf 82' lang='lat' dir='ltr'><strong>cionatoria</strong></span> <span class='ocrx_word' id='word_1_581' title='bbox 697 4067 964 4138; x_wconf 74' lang='lat' dir='ltr'><strong>pleraeque</strong></span> <span class='ocrx_word' id='word_1_582' title='bbox 989 4071 1150 4123; x_wconf 91' lang='lat' dir='ltr'><strong>etiam</strong></span> <span class='ocrx_word' id='word_1_583' title='bbox 1175 4072 1375 4126; x_wconf 87' lang='lat' dir='ltr'><strong>Asterii</strong></span> <span class='ocrx_word' id='word_1_584' title='bbox 1410 4071 1644 4125; x_wconf 68' lang='lat' dir='ltr'><strong>homilias</strong></span> <span class='ocrx_word' id='word_1_585' title='bbox 1672 4087 1733 4126; x_wconf 77' lang='lat' dir='ltr'><strong>ex</strong></span> <span class='ocrx_word' id='word_1_586' title='bbox 1764 4073 2070 4127; x_wconf 79' lang='lat' dir='ltr'><strong>Combeﬁsii</strong></span> <span class='ocrx_word' id='word_1_587' title='bbox 2112 4075 2358 4127; x_wconf 84' lang='lat' dir='ltr'><strong>versione</strong></span> <span class='ocrx_word' id='word_1_588' title='bbox 2398 4073 2589 4128; x_wconf 86' lang='lat' dir='ltr'><strong>Latine</strong></span> <span class='ocrx_word' id='word_1_589' title='bbox 2611 4075 2950 4128; x_wconf 79' lang='lat' dir='ltr'><strong>exhibentur.</strong></span> 
     </span>
    </p>
   </div>
   <div class='ocr_carea' id='block_1_54' title="bbox 436 4159 2034 4241">
    <p class='ocr_par' dir='ltr' id='par_1_54' title="bbox 436 4159 2034 4241">
     <span class='ocr_line' id='line_1_54' title="bbox 436 4159 2034 4241; baseline 0.006 -29"><span class='ocrx_word' id='word_1_590' title='bbox 436 4159 526 4213; x_wconf 76' lang='grc'><strong>12.</strong></span> <span class='ocrx_word' id='word_1_591' title='bbox 577 4161 879 4233; x_wconf 83' lang='grc' dir='ltr'>Ἐγκὼμιον</span> <span class='ocrx_word' id='word_1_592' title='bbox 914 4165 993 4230; x_wconf 71' lang='grc' dir='ltr'>εἰς</span> <span class='ocrx_word' id='word_1_593' title='bbox 1029 4166 1120 4219; x_wconf 81' lang='grc' dir='ltr'><strong>τὸν</strong></span> <span class='ocrx_word' id='word_1_594' title='bbox 1151 4166 1302 4234; x_wconf 80' lang='grc' dir='ltr'>ἆγιον</span> <span class='ocrx_word' id='word_1_595' title='bbox 1358 4167 1799 4241; x_wconf 80' lang='grc' dir='ltr'><strong>πρωτομάρτυρα</strong></span> <span class='ocrx_word' id='word_1_596' title='bbox 1846 4167 2034 4238; x_wconf 66' lang='grc' dir='ltr'><strong>Στέφαε</strong></span> 
     </span>
    </p>
   </div>
   <div class='ocr_carea' id='block_1_55' title="bbox 2019 4159 3617 4241">
    <p class='ocr_par' dir='ltr' id='par_1_55' title="bbox 2019 4166 3617 4240">
     <span class='ocr_line' id='line_1_55' title="bbox 2019 4166 3617 4240; baseline 0 -20"><span class='ocrx_word' id='word_1_597' title='bbox 2019 4185 2136 4223; x_wconf 71' lang='grc' dir='ltr'>ινον.</span> <span class='ocrx_word' id='word_1_598' title='bbox 2191 4167 2452 4222; x_wconf 87' lang='lat' dir='ltr'><strong>Landatio</strong></span> <span class='ocrx_word' id='word_1_599' title='bbox 2499 4168 2558 4224; x_wconf 88' lang='lat' dir='ltr'><strong>S.</strong></span> <span class='ocrx_word' id='word_1_600' title='bbox 2586 4169 2986 4240; x_wconf 80' lang='lat' dir='ltr'><strong>protomartyris</strong></span> <span class='ocrx_word' id='word_1_601' title='bbox 3045 4168 3319 4236; x_wconf 76' lang='lat' dir='ltr'><strong>Stephani.</strong></span> <span class='ocrx_word' id='word_1_602' title='bbox 3378 4166 3617 4235; x_wconf 88' lang='lat' dir='ltr'><strong>Incipit:</strong></span> 
     </span>
    </p>
   </div>
   <div class='ocr_carea' id='block_1_56' title="bbox 374 4247 1972 4328">
    <p class='ocr_par' dir='ltr' id='par_1_56' title="bbox 374 4247 1972 4325">
     <span class='ocr_line' id='line_1_56' title="bbox 374 4247 1972 4325; baseline -0.001 -12"><span class='ocrx_word' id='word_1_603' title='bbox 374 4247 467 4313; x_wconf 79' lang='grc' dir='ltr'><strong>ὀς</strong></span> <span class='ocrx_word' id='word_1_604' title='bbox 497 4252 641 4323; x_wconf 78' lang='grc' dir='ltr'><strong>ἱερὸς</strong></span> <span class='ocrx_word' id='word_1_605' title='bbox 697 4253 914 4325; x_wconf 79' lang='grc' dir='ltr'>ἀληθῶς</span> <span class='ocrx_word' id='word_1_606' title='bbox 946 4257 1037 4309; x_wconf 73' lang='grc' dir='ltr'><strong>καὶ</strong></span> <span class='ocrx_word' id='word_1_607' title='bbox 1076 4257 1276 4321; x_wconf 83' lang='grc' dir='ltr'>καλῶς.</span> <span class='ocrx_word' id='word_1_608' title='bbox 1313 4257 1386 4312; x_wconf 85' lang='lat' dir='ltr'><strong>Ex</strong></span> <span class='ocrx_word' id='word_1_609' title='bbox 1424 4258 1599 4313; x_wconf 87' lang='lat' dir='ltr'><strong>Photii</strong></span> <span class='ocrx_word' id='word_1_610' title='bbox 1649 4259 1972 4323; x_wconf 88' lang='lat' dir='ltr'><strong>testimonio,</strong></span> 
     </span>
    </p>
   </div>
   <div class='ocr_carea' id='block_1_57' title="bbox 2025 4247 3623 4328">
    <p class='ocr_par' dir='ltr' id='par_1_57' title="bbox 2035 4258 3623 4328">
     <span class='ocr_line' id='line_1_57' title="bbox 2035 4258 3623 4328; baseline 0.001 -15"><span class='ocrx_word' id='word_1_611' title='bbox 2035 4259 2155 4313; x_wconf 89' lang='lat' dir='ltr'><strong>cod.</strong></span> <span class='ocrx_word' id='word_1_612' title='bbox 2187 4275 2401 4325; x_wconf 72' lang='lat' dir='ltr'><strong>CCLXXI,</strong></span> <span class='ocrx_word' id='word_1_613' title='bbox 2433 4261 2645 4316; x_wconf 87' lang='lat' dir='ltr'><strong>Astetio</strong></span> <span class='ocrx_word' id='word_1_614' title='bbox 2673 4264 2936 4314; x_wconf 85' lang='lat' dir='ltr'><strong>Atnascno</strong></span> <span class='ocrx_word' id='word_1_615' title='bbox 2959 4261 3280 4325; x_wconf 89' lang='lat' dir='ltr'><strong>vindicatur,</strong></span> <span class='ocrx_word' id='word_1_616' title='bbox 3307 4268 3360 4312; x_wconf 90' lang='lat' dir='ltr'><strong>et</strong></span> <span class='ocrx_word' id='word_1_617' title='bbox 3386 4258 3484 4311; x_wconf 86' lang='lat' dir='ltr'><strong>sub</strong></span> <span class='ocrx_word' id='word_1_618' title='bbox 3508 4258 3623 4328; x_wconf 80' lang='lat' dir='ltr'><strong>ejus</strong></span> 
     </span>
    </p>
   </div>
   <div class='ocr_carea' id='block_1_58' title="bbox 369 4345 3625 4424">
    <p class='ocr_par' dir='ltr' id='par_1_58' title="bbox 369 4345 3625 4424">
     <span class='ocr_line' id='line_1_58' title="bbox 369 4345 3625 4424; baseline 0.002 -29"><span class='ocrx_word' id='word_1_619' title='bbox 369 4345 592 4400; x_wconf 87' lang='lat' dir='ltr'><strong>nomine</strong></span> <span class='ocrx_word' id='word_1_620' title='bbox 622 4360 651 4400; x_wconf 84' lang='lat' dir='ltr'><strong>a</strong></span> <span class='ocrx_word' id='word_1_621' title='bbox 684 4347 1005 4403; x_wconf 83' lang='lat' dir='ltr'><strong>Combelisio</strong></span> <span class='ocrx_word' id='word_1_622' title='bbox 1030 4348 1316 4406; x_wconf 81' lang='lat' dir='ltr'><strong>exhibetur</strong></span> <span class='ocrx_word' id='word_1_623' title='bbox 1357 4351 1544 4407; x_wconf 68' lang='lat' dir='ltr'><strong>Grtcce</strong></span> <span class='ocrx_word' id='word_1_624' title='bbox 1573 4363 1628 4407; x_wconf 88' lang='lat' dir='ltr'><strong>et</strong></span> <span class='ocrx_word' id='word_1_625' title='bbox 1649 4351 1859 4416; x_wconf 77' lang='lat' dir='ltr'><strong>Latine,</strong></span> <span class='ocrx_word' id='word_1_626' title='bbox 1890 4361 2022 4405; x_wconf 91' lang='lat' dir='ltr'><strong>tom.</strong></span> <span class='ocrx_word' id='word_1_627' title='bbox 2055 4351 2071 4405; x_wconf 98' lang='lat' dir='ltr'><strong>I</strong></span> <span class='ocrx_word' id='word_1_628' title='bbox 2114 4350 2350 4406; x_wconf 80' lang='lat' dir='ltr'><strong>Auctarii</strong></span> <span class='ocrx_word' id='word_1_629' title='bbox 2378 4355 2516 4418; x_wconf 78' lang='lat' dir='ltr'><strong>novi,</strong></span> <span class='ocrx_word' id='word_1_630' title='bbox 2549 4370 2668 4424; x_wconf 86' lang='lat' dir='ltr'><strong>pag.</strong></span> <span class='ocrx_word' id='word_1_631' title='bbox 2694 4353 2817 4416; x_wconf 71' lang='lat'><strong>283,</strong></span> <span class='ocrx_word' id='word_1_632' title='bbox 2851 4352 2970 4406; x_wconf 84' lang='lat' dir='ltr'><strong>licet</strong></span> <span class='ocrx_word' id='word_1_633' title='bbox 2997 4352 3207 4405; x_wconf 85' lang='lat' dir='ltr'><strong>codices</strong></span> <span class='ocrx_word' id='word_1_634' title='bbox 3236 4351 3451 4418; x_wconf 87' lang='lat' dir='ltr'><strong>quidam</strong></span> <span class='ocrx_word' id='word_1_635' title='bbox 3487 4352 3625 4404; x_wconf 85' lang='lat' dir='ltr'><strong>rele-</strong></span> 
     </span>
    </p>
   </div>
   <div class='ocr_carea' id='block_1_59' title="bbox 372 4440 3620 4514">
    <p class='ocr_par' dir='ltr' id='par_1_59' title="bbox 372 4440 3620 4514">
     <span class='ocr_line' id='line_1_59' title="bbox 372 4440 3620 4514; baseline 0.002 -23"><span class='ocrx_word' id='word_1_636' title='bbox 372 4449 493 4493; x_wconf 82' lang='lat' dir='ltr'><strong>rant</strong></span> <span class='ocrx_word' id='word_1_637' title='bbox 545 4440 609 4494; x_wconf 85' lang='lat' dir='ltr'><strong>ad</strong></span> <span class='ocrx_word' id='word_1_638' title='bbox 681 4441 929 4497; x_wconf 85' lang='lat' dir='ltr'><strong>Proclnm</strong></span> <span class='ocrx_word' id='word_1_639' title='bbox 983 4445 1655 4514; x_wconf 83' lang='lat' dir='ltr'><strong>ConstantinOpolitanum,</strong></span> <span class='ocrx_word' id='word_1_640' title='bbox 1707 4448 1849 4500; x_wconf 90' lang='lat' dir='ltr'><strong>inter</strong></span> <span class='ocrx_word' id='word_1_641' title='bbox 1899 4448 2052 4514; x_wconf 88' lang='lat' dir='ltr'><strong>cujus</strong></span> <span class='ocrx_word' id='word_1_642' title='bbox 2108 4447 2358 4502; x_wconf 89' lang='lat' dir='ltr'><strong>homilias</strong></span> <span class='ocrx_word' id='word_1_643' title='bbox 2397 4446 2730 4502; x_wconf 76' lang='lat' dir='ltr'><strong>aVincentin</strong></span> <span class='ocrx_word' id='word_1_644' title='bbox 2786 4447 3047 4500; x_wconf 76' lang='lat' dir='ltr'><strong>Iticcardo</strong></span> <span class='ocrx_word' id='word_1_645' title='bbox 3099 4447 3240 4499; x_wconf 87' lang='lat' dir='ltr'><strong>edita</strong></span> <span class='ocrx_word' id='word_1_646' title='bbox 3294 4455 3400 4507; x_wconf 87' lang='lat' dir='ltr'><strong>cst,</strong></span> <span class='ocrx_word' id='word_1_647' title='bbox 3455 4453 3510 4496; x_wconf 85' lang='lat' dir='ltr'><strong>ut</strong></span> <span class='ocrx_word' id='word_1_648' title='bbox 3569 4444 3620 4496; x_wconf 90' lang='lat' dir='ltr'><strong>in</strong></span> 
     </span>
    </p>
   </div>
   <div class='ocr_carea' id='block_1_60' title="bbox 369 4530 3622 4611">
    <p class='ocr_par' dir='ltr' id='par_1_60' title="bbox 369 4530 3622 4611">
     <span class='ocr_line' id='line_1_60' title="bbox 369 4530 3622 4611; baseline 0.001 -25"><span class='ocrx_word' id='word_1_649' title='bbox 369 4530 562 4589; x_wconf 85' lang='lat' dir='ltr'><strong>Proclo</strong></span> <span class='ocrx_word' id='word_1_650' title='bbox 599 4551 655 4590; x_wconf 94' lang='lat' dir='ltr'><strong>n.</strong></span> <span class='ocrx_word' id='word_1_651' title='bbox 689 4536 890 4601; x_wconf 83' lang='lat'><strong>17,18,</strong></span> <span class='ocrx_word' id='word_1_652' title='bbox 925 4539 1056 4593; x_wconf 84' lang='lat' dir='ltr'><strong>dixi.</strong></span> <span class='ocrx_word' id='word_1_653' title='bbox 1096 4541 1164 4594; x_wconf 86' lang='lat' dir='ltr'><strong>At</strong></span> <span class='ocrx_word' id='word_1_654' title='bbox 1190 4539 1390 4594; x_wconf 75' lang='lat' dir='ltr'><strong>fallitur</strong></span> <span class='ocrx_word' id='word_1_655' title='bbox 1411 4539 1678 4604; x_wconf 84' lang='lat' dir='ltr'><strong>Oudinus,</strong></span> <span class='ocrx_word' id='word_1_656' title='bbox 1708 4541 1795 4610; x_wconf 91' lang='lat' dir='ltr'><strong>qui</strong></span> <span class='ocrx_word' id='word_1_657' title='bbox 1827 4540 2104 4594; x_wconf 88' lang='lat' dir='ltr'><strong>homiliam</strong></span> <span class='ocrx_word' id='word_1_658' title='bbox 2135 4545 2187 4596; x_wconf 86' lang='lat' dir='ltr'><strong>in</strong></span> <span class='ocrx_word' id='word_1_659' title='bbox 2234 4553 2667 4610; x_wconf 83' lang='lat' dir='ltr'><strong>protomartyrem</strong></span> <span class='ocrx_word' id='word_1_660' title='bbox 2708 4542 3051 4611; x_wconf 85' lang='lat' dir='ltr'><strong>Stephanum,</strong></span> <span class='ocrx_word' id='word_1_661' title='bbox 3087 4551 3205 4607; x_wconf 78' lang='lat' dir='ltr'><strong>qth</strong></span> <span class='ocrx_word' id='word_1_662' title='bbox 3231 4541 3370 4592; x_wconf 84' lang='lat' dir='ltr'><strong>inter</strong></span> <span class='ocrx_word' id='word_1_663' title='bbox 3399 4537 3622 4608; x_wconf 77' lang='lat' dir='ltr'><strong>Nysseni</strong></span> 
     </span>
    </p>
   </div>
   <div class='ocr_carea' id='block_1_61' title="bbox 370 4623 3625 4702">
    <p class='ocr_par' dir='ltr' id='par_1_61' title="bbox 370 4623 3625 4702">
     <span class='ocr_line' id='line_1_61' title="bbox 370 4623 3625 4702; baseline 0.002 -27"><span class='ocrx_word' id='word_1_664' title='bbox 370 4639 533 4692; x_wconf 85' lang='lat' dir='ltr'><strong>opera</strong></span> <span class='ocrx_word' id='word_1_665' title='bbox 580 4636 710 4682; x_wconf 90' lang='lat' dir='ltr'><strong>tom.</strong></span> <span class='ocrx_word' id='word_1_666' title='bbox 737 4623 823 4694; x_wconf 92' lang='lat' dir='ltr'><strong>Ill,</strong></span> <span class='ocrx_word' id='word_1_667' title='bbox 856 4646 977 4700; x_wconf 87' lang='lat' dir='ltr'><strong>pag.</strong></span> <span class='ocrx_word' id='word_1_668' title='bbox 1001 4631 1127 4697; x_wconf 68' lang='grc'>551,</span> <span class='ocrx_word' id='word_1_669' title='bbox 1184 4630 1400 4701; x_wconf 81' lang='lat' dir='ltr'><strong>legitur,</strong></span> <span class='ocrx_word' id='word_1_670' title='bbox 1432 4631 1628 4686; x_wconf 87' lang='lat' dir='ltr'><strong>Asterii</strong></span> <span class='ocrx_word' id='word_1_671' title='bbox 1669 4647 1790 4686; x_wconf 89' lang='lat' dir='ltr'><strong>esse</strong></span> <span class='ocrx_word' id='word_1_672' title='bbox 1819 4633 2033 4697; x_wconf 88' lang='lat' dir='ltr'><strong>scribit,</strong></span> <span class='ocrx_word' id='word_1_673' title='bbox 2072 4648 2126 4702; x_wconf 90' lang='lat' dir='ltr'><strong>p.</strong></span> <span class='ocrx_word' id='word_1_674' title='bbox 2162 4632 2228 4688; x_wconf 78' lang='lat'>59</span> <span class='ocrx_word' id='word_1_675' title='bbox 2263 4633 2616 4700; x_wconf 79' lang='lat' dir='ltr'><strong>Supplementi</strong></span> <span class='ocrx_word' id='word_1_676' title='bbox 2654 4635 2717 4686; x_wconf 87' lang='lat' dir='ltr'><strong>de</strong></span> <span class='ocrx_word' id='word_1_677' title='bbox 2745 4633 3086 4700; x_wconf 79' lang='lat' dir='ltr'><strong>scriptoribus</strong></span> <span class='ocrx_word' id='word_1_678' title='bbox 3125 4633 3307 4686; x_wconf 80' lang='lat' dir='ltr'><strong>eccles.</strong></span> <span class='ocrx_word' id='word_1_679' title='bbox 3341 4631 3428 4683; x_wconf 62' lang='lat' dir='ltr'><strong>Illa</strong></span> <span class='ocrx_word' id='word_1_680' title='bbox 3457 4630 3625 4694; x_wconf 85' lang='lat' dir='ltr'><strong>enim,</strong></span> 
     </span>
    </p>
   </div>
   <div class='ocr_carea' id='block_1_62' title="bbox 372 4716 1970 4796">
    <p class='ocr_par' dir='ltr' id='par_1_62' title="bbox 372 4716 1946 4791">
     <span class='ocr_line' id='line_1_62' title="bbox 372 4716 1946 4791; baseline 0.005 -22"><span class='ocrx_word' id='word_1_681' title='bbox 372 4716 711 4772; x_wconf 80' lang='lat' dir='ltr'><strong>licetsimilia</strong></span> <span class='ocrx_word' id='word_1_682' title='bbox 739 4720 980 4788; x_wconf 65' lang='lat' dir='ltr'><strong>quaedam</strong></span> <span class='ocrx_word' id='word_1_683' title='bbox 1013 4724 1226 4788; x_wconf 82' lang='lat' dir='ltr'><strong>habeat,</strong></span> <span class='ocrx_word' id='word_1_684' title='bbox 1251 4723 1477 4786; x_wconf 83' lang='lat' dir='ltr'><strong>aliaest,</strong></span> <span class='ocrx_word' id='word_1_685' title='bbox 1519 4735 1680 4791; x_wconf 90' lang='lat' dir='ltr'><strong>atque</strong></span> <span class='ocrx_word' id='word_1_686' title='bbox 1711 4722 1899 4791; x_wconf 90' lang='lat' dir='ltr'><strong>incipit</strong></span> <span class='ocrx_word' id='word_1_687' title='bbox 1933 4741 1946 4777; x_wconf 92' lang='lat'><strong>:</strong></span> 
     </span>
    </p>
   </div>
   <div class='ocr_carea' id='block_1_63' title="bbox 2026 4716 3624 4796">
    <p class='ocr_par' dir='ltr' id='par_1_63' title="bbox 2026 4719 3624 4796">
     <span class='ocr_line' id='line_1_63' title="bbox 2026 4719 3624 4796; baseline 0 -20"><span class='ocrx_word' id='word_1_688' title='bbox 2026 4725 2091 4786; x_wconf 77' lang='grc' dir='ltr'>Ως</span> <span class='ocrx_word' id='word_1_689' title='bbox 2132 4725 2273 4796; x_wconf 80' lang='grc' dir='ltr'>καλὴ</span> <span class='ocrx_word' id='word_1_690' title='bbox 2311 4725 2418 4776; x_wconf 79' lang='grc' dir='ltr'><strong>τῶν</strong></span> <span class='ocrx_word' id='word_1_691' title='bbox 2446 4725 2664 4792; x_wconf 75' lang='grc' dir='ltr'>ἀγαθῶν</span> <span class='ocrx_word' id='word_1_692' title='bbox 2707 4727 2740 4796; x_wconf 83' lang='grc' dir='ltr'>ἠ</span> <span class='ocrx_word' id='word_1_693' title='bbox 2778 4725 3067 4779; x_wconf 77' lang='grc' dir='ltr'>ἀκολουθία</span> <span class='ocrx_word' id='word_1_694' title='bbox 3114 4722 3247 4777; x_wconf 82' lang='lat' dir='ltr'><strong>Vide</strong></span> <span class='ocrx_word' id='word_1_695' title='bbox 3278 4727 3328 4774; x_wconf 91' lang='lat' dir='ltr'><strong>in</strong></span> <span class='ocrx_word' id='word_1_696' title='bbox 3363 4719 3624 4791; x_wconf 81' lang='lat' dir='ltr'><strong>Nysscno.</strong></span> 
     </span>
    </p>
   </div>
   <div class='ocr_carea' id='block_1_64' title="bbox 447 4805 2045 4886">
    <p class='ocr_par' dir='ltr' id='par_1_64' title="bbox 447 4805 2045 4886">
     <span class='ocr_line' id='line_1_64' title="bbox 447 4805 2045 4886; baseline 0.006 -27"><span class='ocrx_word' id='word_1_697' title='bbox 447 4806 535 4860; x_wconf 72' lang='lat'><strong>13.</strong></span> <span class='ocrx_word' id='word_1_698' title='bbox 566 4805 634 4860; x_wconf 74' lang='lat' dir='ltr'><strong>In</strong></span> <span class='ocrx_word' id='word_1_699' title='bbox 661 4807 928 4863; x_wconf 82' lang='lat' dir='ltr'><strong>Psalmum</strong></span> <span class='ocrx_word' id='word_1_700' title='bbox 961 4811 1064 4867; x_wconf 73' lang='lat' dir='ltr'><strong>IV.</strong></span> <span class='ocrx_word' id='word_1_701' title='bbox 1097 4813 1288 4884; x_wconf 86' lang='lat' dir='ltr'><strong>Incipit</strong></span> <span class='ocrx_word' id='word_1_702' title='bbox 1321 4830 1336 4868; x_wconf 90' lang='lat'><strong>:</strong></span> <span class='ocrx_word' id='word_1_703' title='bbox 1375 4813 1588 4884; x_wconf 80' lang='grc' dir='ltr'>Ὠσπερ</span> <span class='ocrx_word' id='word_1_704' title='bbox 1616 4813 1644 4865; x_wconf 85' lang='grc' dir='ltr'><strong>ὀ</strong></span> <span class='ocrx_word' id='word_1_705' title='bbox 1685 4813 1750 4885; x_wconf 76' lang='grc' dir='ltr'><strong>τῇ</strong></span> <span class='ocrx_word' id='word_1_706' title='bbox 1785 4814 2045 4886; x_wconf 68' lang='grc' dir='ltr'>ποικιλίᾳ.</span> 
     </span>
    </p>
   </div>
   <div class='ocr_carea' id='block_1_65' title="bbox 2032 4805 3630 4886">
    <p class='ocr_par' dir='ltr' id='par_1_65' title="bbox 2039 4811 3630 4881">
     <span class='ocr_line' id='line_1_65' title="bbox 2039 4811 3630 4881; baseline -0.004 -12"><span class='ocrx_word' id='word_1_707' title='bbox 2039 4858 2050 4870; x_wconf 94' lang='grc'><strong>.</strong></span> <span class='ocrx_word' id='word_1_708' title='bbox 2083 4811 2295 4868; x_wconf 82' lang='lat' dir='ltr'><strong>Prodiit</strong></span> <span class='ocrx_word' id='word_1_709' title='bbox 2325 4832 2354 4869; x_wconf 92' lang='lat' dir='ltr'><strong>e</strong></span> <span class='ocrx_word' id='word_1_710' title='bbox 2392 4831 2492 4869; x_wconf 88' lang='lat' dir='ltr'><strong>ms.</strong></span> <span class='ocrx_word' id='word_1_711' title='bbox 2521 4815 2766 4868; x_wconf 68' lang='lat' dir='ltr'><strong>Czcsarco</strong></span> <span class='ocrx_word' id='word_1_712' title='bbox 2791 4815 2976 4870; x_wconf 73' lang='lat' dir='ltr'><strong>Grmcc</strong></span> <span class='ocrx_word' id='word_1_713' title='bbox 3009 4817 3148 4868; x_wconf 87' lang='lat' dir='ltr'><strong>inter</strong></span> <span class='ocrx_word' id='word_1_714' title='bbox 3177 4815 3423 4867; x_wconf 89' lang='lat' dir='ltr'><strong>homilias</strong></span> <span class='ocrx_word' id='word_1_715' title='bbox 3455 4811 3630 4881; x_wconf 79' lang='lat' dir='ltr'><strong>Chry.</strong></span> 
     </span>
    </p>
   </div>
   <div class='ocr_carea' id='block_1_66' title="bbox 375 4902 3631 4976">
    <p class='ocr_par' dir='ltr' id='par_1_66' title="bbox 375 4902 3631 4976">
     <span class='ocr_line' id='line_1_66' title="bbox 375 4902 3631 4976; baseline 0.002 -26"><span class='ocrx_word' id='word_1_716' title='bbox 375 4902 621 4964; x_wconf 77' lang='lat' dir='ltr'><strong>sostomi,</strong></span> <span class='ocrx_word' id='word_1_717' title='bbox 656 4913 784 4956; x_wconf 90' lang='lat' dir='ltr'><strong>tom.</strong></span> <span class='ocrx_word' id='word_1_718' title='bbox 823 4904 910 4959; x_wconf 82' lang='lat' dir='ltr'><strong>VII</strong></span> <span class='ocrx_word' id='word_1_719' title='bbox 942 4906 1072 4960; x_wconf 87' lang='lat' dir='ltr'><strong>edit.</strong></span> <span class='ocrx_word' id='word_1_720' title='bbox 1102 4905 1409 4966; x_wconf 80' lang='lat' dir='ltr'><strong>Saviliame,</strong></span> <span class='ocrx_word' id='word_1_721' title='bbox 1451 4922 1503 4976; x_wconf 87' lang='lat' dir='ltr'><strong>p.</strong></span> <span class='ocrx_word' id='word_1_722' title='bbox 1536 4905 1662 4970; x_wconf 71' lang='grc'>151,</span> <span class='ocrx_word' id='word_1_723' title='bbox 1711 4906 1806 4961; x_wconf 87' lang='lat' dir='ltr'><strong>sed</strong></span> <span class='ocrx_word' id='word_1_724' title='bbox 1843 4908 2160 4960; x_wconf 83' lang='lat' dir='ltr'><strong>auctoritate</strong></span> <span class='ocrx_word' id='word_1_725' title='bbox 2191 4908 2410 4961; x_wconf 72' lang='lat' dir='ltr'><strong>Catenae</strong></span> <span class='ocrx_word' id='word_1_726' title='bbox 2457 4908 2509 4959; x_wconf 87' lang='lat' dir='ltr'><strong>in</strong></span> <span class='ocrx_word' id='word_1_727' title='bbox 2549 4906 2792 4961; x_wconf 83' lang='lat' dir='ltr'><strong>Psalmos</strong></span> <span class='ocrx_word' id='word_1_728' title='bbox 2817 4922 2850 4962; x_wconf 87' lang='grc' dir='ltr'><strong>ι.</strong></span> <span class='ocrx_word' id='word_1_729' title='bbox 2879 4925 2905 4959; x_wconf 87' lang='lat' dir='ltr'><strong>a</strong></span> <span class='ocrx_word' id='word_1_730' title='bbox 2935 4907 3151 4961; x_wconf 87' lang='lat' dir='ltr'><strong>Daniele</strong></span> <span class='ocrx_word' id='word_1_731' title='bbox 3175 4906 3411 4959; x_wconf 81' lang='lat' dir='ltr'><strong>Barbam</strong></span> <span class='ocrx_word' id='word_1_732' title='bbox 3442 4905 3631 4960; x_wconf 84' lang='lat' dir='ltr'><strong>Latine</strong></span> 
     </span>
    </p>
   </div>
   <div class='ocr_carea' id='block_1_67' title="bbox 376 4993 3631 5068">
    <p class='ocr_par' dir='ltr' id='par_1_67' title="bbox 376 4993 3631 5068">
     <span class='ocr_line' id='line_1_67' title="bbox 376 4993 3631 5068; baseline 0.002 -23"><span class='ocrx_word' id='word_1_733' title='bbox 376 4993 551 5058; x_wconf 68' lang='lat' dir='ltr'><strong>editas,</strong></span> <span class='ocrx_word' id='word_1_734' title='bbox 579 4995 791 5053; x_wconf 84' lang='lat' dir='ltr'><strong>Asterio</strong></span> <span class='ocrx_word' id='word_1_735' title='bbox 817 5000 1119 5053; x_wconf 82' lang='lat' dir='ltr'><strong>vindicatur</strong></span> <span class='ocrx_word' id='word_1_736' title='bbox 1145 5013 1172 5051; x_wconf 90' lang='lat' dir='ltr'><strong>a</strong></span> <span class='ocrx_word' id='word_1_737' title='bbox 1197 4998 1482 5062; x_wconf 75' lang='lat' dir='ltr'><strong>Cowlerio,</strong></span> <span class='ocrx_word' id='word_1_738' title='bbox 1505 4999 1593 5067; x_wconf 88' lang='lat' dir='ltr'><strong>qui</strong></span> <span class='ocrx_word' id='word_1_739' title='bbox 1627 4998 1806 5052; x_wconf 80' lang='lat' dir='ltr'><strong>varias</strong></span> <span class='ocrx_word' id='word_1_740' title='bbox 1846 4997 2102 5053; x_wconf 89' lang='lat' dir='ltr'><strong>lectiones</strong></span> <span class='ocrx_word' id='word_1_741' title='bbox 2139 4997 2341 5053; x_wconf 87' lang='lat' dir='ltr'><strong>codicis</strong></span> <span class='ocrx_word' id='word_1_742' title='bbox 2369 4997 2544 5067; x_wconf 80' lang='lat' dir='ltr'><strong>Regii,</strong></span> <span class='ocrx_word' id='word_1_743' title='bbox 2577 5009 2706 5053; x_wconf 89' lang='lat' dir='ltr'><strong>tom.</strong></span> <span class='ocrx_word' id='word_1_744' title='bbox 2735 4999 2776 5053; x_wconf 94' lang='lat' dir='ltr'><strong>ll</strong></span> <span class='ocrx_word' id='word_1_745' title='bbox 2837 4997 3188 5061; x_wconf 81' lang='lat' dir='ltr'><strong>Monnment.,</strong></span> <span class='ocrx_word' id='word_1_746' title='bbox 3216 5013 3336 5066; x_wconf 80' lang='lat' dir='ltr'><strong>pag.</strong></span> <span class='ocrx_word' id='word_1_747' title='bbox 3365 4996 3466 5052; x_wconf 82' lang='grc'><strong>516</strong></span> <span class='ocrx_word' id='word_1_748' title='bbox 3490 5014 3631 5068; x_wconf 85' lang='lat' dir='ltr'><strong>seq.,</strong></span> 
     </span>
    </p>
   </div>
   <div class='ocr_carea' id='block_1_68' title="bbox 377 5090 689 5159">
    <p class='ocr_par' dir='ltr' id='par_1_68' title="bbox 377 5090 689 5159">
     <span class='ocr_line' id='line_1_68' title="bbox 377 5090 689 5159; baseline 0.01 -17"><span class='ocrx_word' id='word_1_749' title='bbox 377 5090 689 5159; x_wconf 71' lang='lat' dir='ltr'><strong>publicavit.</strong></span> 
     </span>
    </p>
   </div>
   <div class='ocr_carea' id='block_1_69' title="bbox 450 5204 1954 5276">
    <p class='ocr_par' dir='ltr' id='par_1_69' title="bbox 450 5204 1954 5276">
     <span class='ocr_line' id='line_1_69' title="bbox 450 5204 1954 5276; baseline -0.003 -15"><span class='ocrx_word' id='word_1_750' title='bbox 450 5209 526 5276; x_wconf 76' lang='grc' dir='ltr'><strong>(α)</strong></span> <span class='ocrx_word' id='word_1_751' title='bbox 562 5208 787 5262; x_wconf 82' lang='lat' dir='ltr'><strong>Journal</strong></span> <span class='ocrx_word' id='word_1_752' title='bbox 803 5210 893 5262; x_wconf 87' lang='lat' dir='ltr'><strong>des</strong></span> <span class='ocrx_word' id='word_1_753' title='bbox 926 5206 1173 5276; x_wconf 67' lang='lat' dir='ltr'><strong>Sarauts,</strong></span> <span class='ocrx_word' id='word_1_754' title='bbox 1208 5206 1361 5271; x_wconf 78' lang='grc'>1695,</span> <span class='ocrx_word' id='word_1_755' title='bbox 1396 5221 1448 5276; x_wconf 70' lang='grc' dir='ltr'><strong>μ.</strong></span> <span class='ocrx_word' id='word_1_756' title='bbox 1483 5207 1585 5261; x_wconf 64' lang='grc'>6219</span> <span class='ocrx_word' id='word_1_757' title='bbox 1615 5205 1744 5259; x_wconf 83' lang='lat' dir='ltr'><strong>edit.</strong></span> <span class='ocrx_word' id='word_1_758' title='bbox 1778 5204 1954 5259; x_wconf 78' lang='lat' dir='ltr'><strong>Amst.</strong></span> 
     </span>
    </p>
   </div>
   <div class='ocr_carea' id='block_1_70' title="bbox 457 5273 3632 5349">
    <p class='ocr_par' dir='ltr' id='par_1_70' title="bbox 457 5273 3632 5349">
     <span class='ocr_line' id='line_1_70' title="bbox 457 5273 3632 5349; baseline -0.001 -18"><span class='ocrx_word' id='word_1_759' title='bbox 457 5273 529 5349; x_wconf 61' lang='lat' dir='ltr'><strong>(b)</strong></span> <span class='ocrx_word' id='word_1_760' title='bbox 567 5280 624 5334; x_wconf 84' lang='grc' dir='ltr'><strong>Ρ.</strong></span> <span class='ocrx_word' id='word_1_761' title='bbox 660 5279 762 5332; x_wconf 83' lang='grc'><strong>517</strong></span> <span class='ocrx_word' id='word_1_762' title='bbox 793 5294 875 5345; x_wconf 82' lang='lat' dir='ltr'><strong>sq.</strong></span> <span class='ocrx_word' id='word_1_763' title='bbox 913 5278 998 5330; x_wconf 92' lang='lat' dir='ltr'><strong>ed.</strong></span> <span class='ocrx_word' id='word_1_764' title='bbox 1037 5273 1234 5349; x_wconf 71' lang='lat' dir='ltr'><strong>Iinllar.</strong></span> <span class='ocrx_word' id='word_1_765' title='bbox 1291 5273 1411 5346; x_wconf 69' lang='lat' dir='ltr'><strong>qui,</strong></span> <span class='ocrx_word' id='word_1_766' title='bbox 1448 5288 1501 5329; x_wconf 91' lang='lat' dir='ltr'><strong>ut</strong></span> <span class='ocrx_word' id='word_1_767' title='bbox 1537 5288 1589 5331; x_wconf 88' lang='lat' dir='ltr'><strong>et</strong></span> <span class='ocrx_word' id='word_1_768' title='bbox 1623 5277 1872 5349; x_wconf 74' lang='lat' dir='ltr'><strong>Lambec.</strong></span> <span class='ocrx_word' id='word_1_769' title='bbox 1914 5275 1978 5328; x_wconf 86' lang='lat' dir='ltr'><strong>de</strong></span> <span class='ocrx_word' id='word_1_770' title='bbox 2031 5274 2238 5329; x_wconf 79' lang='lat' dir='ltr'><strong>duobus</strong></span> <span class='ocrx_word' id='word_1_771' title='bbox 2275 5277 2464 5332; x_wconf 80' lang='lat' dir='ltr'><strong>Phocis</strong></span> <span class='ocrx_word' id='word_1_772' title='bbox 2503 5283 2745 5348; x_wconf 64' lang='lat' dir='ltr'><strong>quantum</strong></span> <span class='ocrx_word' id='word_1_773' title='bbox 2802 5273 3423 5349; x_wconf 36' lang='lat' dir='ltr'><strong>animadvertuntslltec</strong></span> <span class='ocrx_word' id='word_1_774' title='bbox 3455 5284 3632 5349; x_wconf 84' lang='lat' dir='ltr'><strong>autem</strong></span> 
     </span>
    </p>
   </div>
   <div class='ocr_carea' id='block_1_71' title="bbox 380 5346 3630 5418">
    <p class='ocr_par' dir='ltr' id='par_1_71' title="bbox 380 5346 3630 5418">
     <span class='ocr_line' id='line_1_71' title="bbox 380 5346 3630 5418; baseline -0.002 -16"><span class='ocrx_word' id='word_1_775' title='bbox 380 5346 578 5418; x_wconf 48' lang='lat' dir='ltr'><strong>Astc&#39;rii</strong></span> <span class='ocrx_word' id='word_1_776' title='bbox 629 5349 864 5402; x_wconf 82' lang='lat' dir='ltr'><strong>laudatio</strong></span> <span class='ocrx_word' id='word_1_777' title='bbox 909 5355 1059 5416; x_wconf 84' lang='lat' dir='ltr'><strong>grata</strong></span> <span class='ocrx_word' id='word_1_778' title='bbox 1117 5348 1282 5400; x_wconf 87' lang='lat' dir='ltr'><strong>luisse</strong></span> <span class='ocrx_word' id='word_1_779' title='bbox 1316 5349 1527 5401; x_wconf 84' lang='lat' dir='ltr'><strong>videtur</strong></span> <span class='ocrx_word' id='word_1_780' title='bbox 1555 5346 1948 5413; x_wconf 84' lang='lat' dir='ltr'><strong>antiquioribus</strong></span> <span class='ocrx_word' id='word_1_781' title='bbox 1974 5362 1990 5409; x_wconf 87' lang='lat'><strong>;</strong></span> <span class='ocrx_word' id='word_1_782' title='bbox 2016 5358 2213 5418; x_wconf 89' lang='lat' dir='ltr'><strong>_n_tpote</strong></span> <span class='ocrx_word' id='word_1_783' title='bbox 2267 5365 2386 5402; x_wconf 87' lang='lat' dir='ltr'><strong>cum</strong></span> <span class='ocrx_word' id='word_1_784' title='bbox 2420 5346 2588 5402; x_wconf 46' lang='lat' dir='ltr'><strong>illa—in</strong></span> <span class='ocrx_word' id='word_1_785' title='bbox 2619 5349 2860 5418; x_wconf 85' lang='lat' dir='ltr'><strong>pluribus</strong></span> <span class='ocrx_word' id='word_1_786' title='bbox 2890 5354 3142 5400; x_wconf 85' lang='lat' dir='ltr'><strong>occurrat</strong></span> <span class='ocrx_word' id='word_1_787' title='bbox 3191 5347 3372 5418; x_wconf 66' lang='lat' dir='ltr'><strong>codd,</strong></span> <span class='ocrx_word' id='word_1_788' title='bbox 3403 5359 3455 5400; x_wconf 78' lang='grc' dir='ltr'><strong>θ.</strong></span> <span class='ocrx_word' id='word_1_789' title='bbox 3489 5362 3542 5413; x_wconf 88' lang='lat' dir='ltr'><strong>g.</strong></span> <span class='ocrx_word' id='word_1_790' title='bbox 3564 5347 3630 5418; x_wconf 67' lang='lat' dir='ltr'><strong>in</strong></span> 
     </span>
    </p>
   </div>
   <div class='ocr_carea' id='block_1_72' title="bbox 383 5415 3631 5486">
    <p class='ocr_par' dir='ltr' id='par_1_72' title="bbox 383 5415 3631 5486">
     <span class='ocr_line' id='line_1_72' title="bbox 383 5415 3631 5486; baseline -0.001 -16"><span class='ocrx_word' id='word_1_791' title='bbox 383 5421 512 5472; x_wconf 80' lang='lat' dir='ltr'><strong>bibl.</strong></span> <span class='ocrx_word' id='word_1_792' title='bbox 542 5417 767 5480; x_wconf 81' lang='lat' dir='ltr'><strong>Bodlei.,</strong></span> <span class='ocrx_word' id='word_1_793' title='bbox 828 5433 886 5486; x_wconf 12' lang='lat' dir='ltr'><strong>in.</strong></span> <span class='ocrx_word' id='word_1_794' title='bbox 915 5415 1144 5470; x_wconf 79' lang='lat' dir='ltr'><strong>chxm</strong></span> <span class='ocrx_word' id='word_1_795' title='bbox 1207 5426 1260 5486; x_wconf 89' lang='lat' dir='ltr'><strong>et</strong></span> <span class='ocrx_word' id='word_1_796' title='bbox 1317 5431 1559 5471; x_wconf 70' lang='lat' dir='ltr'><strong>ccuxxv</strong></span> <span class='ocrx_word' id='word_1_797' title='bbox 1623 5431 1732 5468; x_wconf 85' lang='lat' dir='ltr'><strong>sec.</strong></span> <span class='ocrx_word' id='word_1_798' title='bbox 1760 5426 1873 5486; x_wconf 76' lang='lat' dir='ltr'><strong>cat.</strong></span> <span class='ocrx_word' id='word_1_799' title='bbox 1908 5415 2086 5486; x_wconf 86' lang='lat' dir='ltr'><strong>codd.</strong></span> <span class='ocrx_word' id='word_1_800' title='bbox 2144 5419 2369 5486; x_wconf 67' lang='lat' dir='ltr'><strong>Angliaz,</strong></span> <span class='ocrx_word' id='word_1_801' title='bbox 2402 5431 2533 5482; x_wconf 90' lang='lat' dir='ltr'><strong>etc.,</strong></span> <span class='ocrx_word' id='word_1_802' title='bbox 2589 5415 2718 5474; x_wconf 76' lang='lat' dir='ltr'><strong>tom.</strong></span> <span class='ocrx_word' id='word_1_803' title='bbox 2748 5417 2789 5480; x_wconf 90' lang='lat' dir='ltr'><strong>I,</strong></span> <span class='ocrx_word' id='word_1_804' title='bbox 2845 5425 2899 5470; x_wconf 90' lang='lat' dir='ltr'><strong>et</strong></span> <span class='ocrx_word' id='word_1_805' title='bbox 2928 5418 2978 5469; x_wconf 93' lang='lat' dir='ltr'><strong>in</strong></span> <span class='ocrx_word' id='word_1_806' title='bbox 3026 5427 3152 5470; x_wconf 90' lang='lat' dir='ltr'><strong>totn.</strong></span> <span class='ocrx_word' id='word_1_807' title='bbox 3193 5415 3252 5479; x_wconf 93' lang='lat' dir='ltr'><strong>ll,</strong></span> <span class='ocrx_word' id='word_1_808' title='bbox 3286 5416 3428 5469; x_wconf 91' lang='lat' dir='ltr'><strong>inter</strong></span> <span class='ocrx_word' id='word_1_809' title='bbox 3477 5417 3631 5486; x_wconf 89' lang='lat' dir='ltr'><strong>codd.</strong></span> 
     </span>
    </p>
   </div>
   <div class='ocr_carea' id='block_1_73' title="bbox 383 5481 1981 5556">
    <p class='ocr_par' dir='ltr' id='par_1_73' title="bbox 383 5481 1976 5556">
     <span class='ocr_line' id='line_1_73' title="bbox 383 5481 1976 5556; baseline -0.002 -16"><span class='ocrx_word' id='word_1_810' title='bbox 383 5487 485 5541; x_wconf 75' lang='grc' dir='ltr'><strong>τὴ.</strong></span> <span class='ocrx_word' id='word_1_811' title='bbox 512 5487 664 5555; x_wconf 82' lang='lat' dir='ltr'><strong>Gale,</strong></span> <span class='ocrx_word' id='word_1_812' title='bbox 694 5504 748 5541; x_wconf 92' lang='lat' dir='ltr'><strong>n.</strong></span> <span class='ocrx_word' id='word_1_813' title='bbox 775 5481 1011 5552; x_wconf 81' lang='lat'><strong>5878;—-</strong></span> <span class='ocrx_word' id='word_1_814' title='bbox 1037 5487 1091 5539; x_wconf 74' lang='lat' dir='ltr'><strong>in</strong></span> <span class='ocrx_word' id='word_1_815' title='bbox 1117 5485 1246 5540; x_wconf 86' lang='lat' dir='ltr'><strong>bibl.</strong></span> <span class='ocrx_word' id='word_1_816' title='bbox 1276 5487 1546 5550; x_wconf 74' lang='lat' dir='ltr'><strong>quondam</strong></span> <span class='ocrx_word' id='word_1_817' title='bbox 1583 5487 1726 5554; x_wconf 84' lang='lat' dir='ltr'><strong>rcgia</strong></span> <span class='ocrx_word' id='word_1_818' title='bbox 1757 5485 1976 5556; x_wconf 72' lang='lat' dir='ltr'><strong>&#39;l‘aurin.</strong></span> 
     </span>
    </p>
   </div>
   <div class='ocr_carea' id='block_1_74' title="bbox 2036 5481 3634 5556">
    <p class='ocr_par' dir='ltr' id='par_1_74' title="bbox 2036 5481 3634 5556">
     <span class='ocr_line' id='line_1_74' title="bbox 2036 5481 3634 5556; baseline 0 -20"><span class='ocrx_word' id='word_1_819' title='bbox 2036 5481 2256 5556; x_wconf 52' lang='lat' dir='ltr'><strong>suam:</strong></span> <span class='ocrx_word' id='word_1_820' title='bbox 2286 5490 2375 5542; x_wconf 73' lang='grc' dir='ltr'>τοι.</span> <span class='ocrx_word' id='word_1_821' title='bbox 2430 5481 2527 5551; x_wconf 81' lang='grc'><strong>99,</strong></span> <span class='ocrx_word' id='word_1_822' title='bbox 2571 5489 2658 5541; x_wconf 88' lang='lat' dir='ltr'><strong>ubi</strong></span> <span class='ocrx_word' id='word_1_823' title='bbox 2700 5488 2860 5541; x_wconf 89' lang='lat' dir='ltr'><strong>etiam</strong></span> <span class='ocrx_word' id='word_1_824' title='bbox 2918 5486 3102 5555; x_wconf 87' lang='lat' dir='ltr'><strong>incipit</strong></span> <span class='ocrx_word' id='word_1_825' title='bbox 3139 5505 3152 5540; x_wconf 89' lang='lat'><strong>:</strong></span> <span class='ocrx_word' id='word_1_826' title='bbox 3197 5486 3361 5556; x_wconf 84' lang='grc' dir='ltr'>Ἱερὸς</span> <span class='ocrx_word' id='word_1_827' title='bbox 3410 5485 3634 5556; x_wconf 10' lang='lat' dir='ltr'><strong>perfica!</strong></span> 
     </span>
    </p>
   </div>
   <div class='ocr_carea' id='block_1_75' title="bbox 383 5552 1981 5622">
    <p class='ocr_par' dir='ltr' id='par_1_75' title="bbox 383 5552 1981 5622">
     <span class='ocr_line' id='line_1_75' title="bbox 383 5552 1981 5622; baseline -0.003 -10"><span class='ocrx_word' id='word_1_828' title='bbox 383 5552 692 5622; x_wconf 74' lang='grc' dir='ltr'>θεσπέσιος,</span> <span class='ocrx_word' id='word_1_829' title='bbox 732 5568 863 5619; x_wconf 85' lang='lat' dir='ltr'><strong>etc.,</strong></span> <span class='ocrx_word' id='word_1_830' title='bbox 887 5572 938 5610; x_wconf 82' lang='grc' dir='ltr'>ν.</span> <span class='ocrx_word' id='word_1_831' title='bbox 969 5566 1078 5610; x_wconf 81' lang='lat' dir='ltr'><strong>cat.</strong></span> <span class='ocrx_word' id='word_1_832' title='bbox 1110 5557 1268 5610; x_wconf 77' lang='lat' dir='ltr'><strong>codd.</strong></span> <span class='ocrx_word' id='word_1_833' title='bbox 1290 5557 1383 5612; x_wconf 82' lang='lat' dir='ltr'><strong>Gr.</strong></span> <span class='ocrx_word' id='word_1_834' title='bbox 1417 5552 1665 5617; x_wconf 61' lang='lat' dir='ltr'><strong>Turrim,</strong></span> <span class='ocrx_word' id='word_1_835' title='bbox 1698 5570 1750 5622; x_wconf 89' lang='lat' dir='ltr'><strong>p.</strong></span> <span class='ocrx_word' id='word_1_836' title='bbox 1783 5554 1904 5615; x_wconf 88' lang='lat'><strong>181;</strong></span> <span class='ocrx_word' id='word_1_837' title='bbox 1933 5585 1981 5594; x_wconf 90' lang='lat'><strong>-</strong></span> 
     </span>
    </p>
   </div>
   <div class='ocr_carea' id='block_1_76' title="bbox 2037 5552 3635 5622">
    <p class='ocr_par' dir='ltr' id='par_1_76' title="bbox 2037 5552 3635 5622">
     <span class='ocr_line' id='line_1_76' title="bbox 2037 5552 3635 5622; baseline -0.001 -17"><span class='ocrx_word' id='word_1_838' title='bbox 2037 5552 2322 5622; x_wconf 70' lang='lat' dir='ltr'><strong>Mediolani</strong></span> <span class='ocrx_word' id='word_1_839' title='bbox 2351 5559 2404 5610; x_wconf 88' lang='lat' dir='ltr'><strong>in</strong></span> <span class='ocrx_word' id='word_1_840' title='bbox 2433 5557 2561 5612; x_wconf 71' lang='lat' dir='ltr'><strong>bibl.</strong></span> <span class='ocrx_word' id='word_1_841' title='bbox 2605 5555 2996 5621; x_wconf 87' lang='lat' dir='ltr'><strong>Atnbrosiana;</strong></span> <span class='ocrx_word' id='word_1_842' title='bbox 3028 5552 3100 5598; x_wconf 60' lang='lat' dir='ltr'><strong>l—</strong></span> <span class='ocrx_word' id='word_1_843' title='bbox 3129 5566 3182 5612; x_wconf 85' lang='lat' dir='ltr'><strong>et</strong></span> <span class='ocrx_word' id='word_1_844' title='bbox 3232 5552 3284 5610; x_wconf 85' lang='lat' dir='ltr'><strong>iti</strong></span> <span class='ocrx_word' id='word_1_845' title='bbox 3325 5552 3444 5609; x_wconf 74' lang='lat' dir='ltr'><strong>cmi.</strong></span> <span class='ocrx_word' id='word_1_846' title='bbox 3485 5555 3635 5607; x_wconf 73' lang='lat' dir='ltr'><strong>Stor-</strong></span> 
     </span>
    </p>
   </div>
   <div class='ocr_carea' id='block_1_77' title="bbox 387 5621 1985 5698">
    <p class='ocr_par' dir='ltr' id='par_1_77' title="bbox 387 5621 1985 5698">
     <span class='ocr_line' id='line_1_77' title="bbox 387 5621 1985 5698; baseline -0.003 -18"><span class='ocrx_word' id='word_1_847' title='bbox 387 5630 556 5692; x_wconf 83' lang='lat' dir='ltr'><strong>tiano,</strong></span> <span class='ocrx_word' id='word_1_848' title='bbox 589 5639 727 5683; x_wconf 90' lang='lat' dir='ltr'><strong>teste</strong></span> <span class='ocrx_word' id='word_1_849' title='bbox 751 5627 1197 5698; x_wconf 68' lang='lat' dir='ltr'><strong>blontla_uc._l_iibl.</strong></span> <span class='ocrx_word' id='word_1_850' title='bbox 1233 5640 1360 5681; x_wconf 87' lang='lat' dir='ltr'><strong>mss.</strong></span> <span class='ocrx_word' id='word_1_851' title='bbox 1416 5626 1449 5678; x_wconf 92' lang='lat' dir='ltr'><strong>l.</strong></span> <span class='ocrx_word' id='word_1_852' title='bbox 1478 5643 1528 5693; x_wconf 88' lang='lat' dir='ltr'><strong>p.</strong></span> <span class='ocrx_word' id='word_1_853' title='bbox 1561 5625 1663 5678; x_wconf 65' lang='lat'><strong>.595</strong></span> <span class='ocrx_word' id='word_1_854' title='bbox 1693 5621 1747 5676; x_wconf 86' lang='lat' dir='ltr'><strong>et</strong></span> <span class='ocrx_word' id='word_1_855' title='bbox 1800 5623 1921 5683; x_wconf 84' lang='lat'><strong>700;</strong></span> <span class='ocrx_word' id='word_1_856' title='bbox 1954 5654 1985 5662; x_wconf 93' lang='lat'><strong>--</strong></span> 
     </span>
    </p>
   </div>
   <div class='ocr_carea' id='block_1_78' title="bbox 2030 5621 3628 5698">
    <p class='ocr_par' dir='ltr' id='par_1_78' title="bbox 2054 5621 3628 5698">
     <span class='ocr_line' id='line_1_78' title="bbox 2054 5621 3628 5698; baseline -0.003 -20"><span class='ocrx_word' id='word_1_857' title='bbox 2054 5621 2224 5682; x_wconf 82' lang='lat' dir='ltr'><strong>Paris.</strong></span> <span class='ocrx_word' id='word_1_858' title='bbox 2262 5629 2310 5680; x_wconf 91' lang='lat' dir='ltr'><strong>in</strong></span> <span class='ocrx_word' id='word_1_859' title='bbox 2347 5638 2470 5681; x_wconf 88' lang='lat' dir='ltr'><strong>octo</strong></span> <span class='ocrx_word' id='word_1_860' title='bbox 2520 5629 2674 5682; x_wconf 85' lang='lat' dir='ltr'><strong>codd.</strong></span> <span class='ocrx_word' id='word_1_861' title='bbox 2709 5627 2838 5681; x_wconf 90' lang='lat' dir='ltr'><strong>bibl.</strong></span> <span class='ocrx_word' id='word_1_862' title='bbox 2893 5628 3038 5698; x_wconf 88' lang='lat' dir='ltr'><strong>publ.</strong></span> <span class='ocrx_word' id='word_1_863' title='bbox 3080 5626 3203 5681; x_wconf 89' lang='lat' dir='ltr'><strong>add.</strong></span> <span class='ocrx_word' id='word_1_864' title='bbox 3238 5626 3397 5695; x_wconf 89' lang='lat' dir='ltr'><strong>paulo</strong></span> <span class='ocrx_word' id='word_1_865' title='bbox 3423 5635 3546 5677; x_wconf 78' lang='lat' dir='ltr'><strong>ante</strong></span> <span class='ocrx_word' id='word_1_866' title='bbox 3573 5622 3628 5675; x_wconf 89' lang='lat' dir='ltr'><strong>in</strong></span> 
     </span>
    </p>
   </div>
   <div class='ocr_carea' id='block_1_79' title="bbox 386 5695 1221 5753">
    <p class='ocr_par' dir='ltr' id='par_1_79' title="bbox 386 5695 1221 5753">
     <span class='ocr_line' id='line_1_79' title="bbox 386 5695 1221 5753; baseline -0.007 0"><span class='ocrx_word' id='word_1_867' title='bbox 386 5699 575 5753; x_wconf 79' lang='lat' dir='ltr'><strong>uctitia</strong></span> <span class='ocrx_word' id='word_1_868' title='bbox 610 5700 764 5752; x_wconf 89' lang='lat' dir='ltr'><strong>codd.</strong></span> <span class='ocrx_word' id='word_1_869' title='bbox 794 5707 850 5752; x_wconf 86' lang='lat' dir='ltr'><strong>et</strong></span> <span class='ocrx_word' id='word_1_870' title='bbox 881 5696 1016 5751; x_wconf 78' lang='lat' dir='ltr'><strong>infra</strong></span> <span class='ocrx_word' id='word_1_871' title='bbox 1052 5695 1221 5749; x_wconf 74' lang='lat' dir='ltr'><strong>&quot;MIL.</strong></span> 
     </span>
    </p>
   </div>
   <div class='ocr_carea' id='block_1_80' title="bbox 457 5763 1883 5831">
    <p class='ocr_par' dir='ltr' id='par_1_80' title="bbox 457 5763 1883 5831">
     <span class='ocr_line' id='line_1_80' title="bbox 457 5763 1883 5831; baseline -0.005 -9"><span class='ocrx_word' id='word_1_872' title='bbox 457 5768 528 5828; x_wconf 81' lang='lat' dir='ltr'><strong>(cl</strong></span> <span class='ocrx_word' id='word_1_873' title='bbox 562 5767 751 5824; x_wconf 78' lang='lat' dir='ltr'><strong>Exstat</strong></span> <span class='ocrx_word' id='word_1_874' title='bbox 787 5769 837 5822; x_wconf 90' lang='lat' dir='ltr'><strong>in</strong></span> <span class='ocrx_word' id='word_1_875' title='bbox 868 5768 1037 5821; x_wconf 80' lang='lat' dir='ltr'><strong>tribus</strong></span> <span class='ocrx_word' id='word_1_876' title='bbox 1065 5767 1220 5820; x_wconf 84' lang='lat' dir='ltr'><strong>codd.</strong></span> <span class='ocrx_word' id='word_1_877' title='bbox 1260 5765 1428 5820; x_wconf 81' lang='lat' dir='ltr'><strong>l’aris.</strong></span> <span class='ocrx_word' id='word_1_878' title='bbox 1467 5763 1596 5818; x_wconf 89' lang='lat' dir='ltr'><strong>bibl.</strong></span> <span class='ocrx_word' id='word_1_879' title='bbox 1630 5763 1773 5831; x_wconf 88' lang='lat' dir='ltr'><strong>publ.</strong></span> <span class='ocrx_word' id='word_1_880' title='bbox 1811 5763 1883 5816; x_wconf 81' lang='lat' dir='ltr'><strong>In.</strong></span> 
     </span>
    </p>
   </div>
  </div>
