4036 6208
481 291 584 348 159
1646 305 1705 363 s.
1747 305 2092 363 ASTERIUS
2131 305 2520 364 mussans.
3603 308 3700 360 tuo

543 405 630 461 14.
675 403 742 462 In
793 409 1058 479 psalmum
1103 410 1165 467 γ.
1200 411 1441 470 ηοηιίίὶω
1476 415 1730 487 quinque.
1763 416 1942 471 Prima
1978 416 2137 486 incipi

2125 416 2206 472 it:
2240 422 2303 472 Ui
2333 419 2393 472 τὸ
2441 416 2707 488 μακάριον
2751 416 2906 480 τέλος
2945 417 3041 487 τῆς
3076 417 3238 488 ζωῆς.
3278 413 3523 471 Secunda
3557 432 3570 468 :
3607 416 3716 485 Οὐχ

468 496 641 562 οὕτως
675 500 950 575 ἑωσφόρος
1006 505 1234 569 ἁπαλοῖς
1273 510 1628 580 σκιρτήμασι.
1680 509 1904 565 Tertia:
1945 511 2154 581 Ὠσπερ
2184 511 2234 563 oi
2285 511 2414 581 παρ’
2465 513 2595 580 ἡμῖν
2645 509 3010 580 λαμπρότεροι
3066 507 3308 579 νυμφίοι.
3342 506 3542 574 Quarta
3587 521 3600 558 :
3639 505 3721 557 Τὰ

470 589 692 660 ῥήματά
739 609 841 662 μου
875 595 1146 661 ὲνὼτισαι,
1183 598 1377 672 Κύριε.
1427 601 1563 654 Ποῖα
1599 603 1837 674 ῥήματα.
1873 580 2064 668 Ουίηἰα

2127 580 2196 656 1η
2235 580 2442 672 quaet
2483 603 2550 656 de
2583 599 2850 670 Jowpito,
2880 602 3022 656 dicta
3068 603 3136 671 τῇ
3192 598 3400 670 μεγάλῃ
3456 596 3717 666 δευτέρᾳ,

469 694 662 750 magna
713 685 942 738 secunda
990 685 1145 752 feria,
1188 689 1301 744 sive
1351 689 1480 744 feria
1527 695 1758 747 secunda
1795 691 2063 746 Pascitatis

2148 691 2339 760 incipit
2376 705 2391 744 :
2429 689 2818 760 Εὐφραινέσθω
2866 692 2960 744 καὶ
2996 690 3091 744 νῦν
3140 691 3174 761 ἡ
3217 689 3554 760 κληρονόμος
3599 688 3720 740 Ἑκ-

467 769 684 840 κλησία.
722 771 826 828 iias
858 776 1093 844 quinque
1141 779 1392 836 bomilias
1419 796 1488 837 ex
1526 783 1716 838 codice
1776 797 1963 837 uucou
2023 782 2168 852 regis
2199 781 2386 837 Gallia:
2425 781 2611 838 Graece
2644 783 2850 850 primus
2884 798 3004 836 cum
3049 781 3295 836 versione
3339 793 3435 835 sua
3489 778 3724 848 vulgavit

465 856 620 914 Joan.
650 861 885 932 Baptista
917 866 1214 924 Cotelerius
1247 879 1378 926 tom.
1410 871 1452 927 li
1513 873 1841 928 Monument.
1888 870 2141 928 Ecclesiae
2173 872 2394 937 Grazcat,
2424 872 2594 927 i’aris.
2625 873 2782 937 i688,
2809 880 2860 926 In
2891 872 2944 934 4,
2979 888 3032 942 p.
3061 871 3216 926 1-48.

538 951 629 1006 15.
671 951 739 1005 In
775 955 1035 1023 psalmum
1081 958 1174 1016 VI.
1211 960 1440 1033 incipit:
1479 965 1819 1036 Στρατιώτου
1858 965 2132 1038 πλημμελ1

2127 967 2352 1039 ἠσαντος
2391 965 2676 1034 ἀπολογία.
2712 963 2891 1020 Edidit
2917 963 3102 1020 Graace
3127 974 3180 1017 et
3215 962 3404 1017 Latine
3445 961 3582 1016 idem
3622 957 3721 1015 Co-

470 1042 688 1099 telerlus
729 1063 781 1115 p.
812 1048 1002 1104 48-63.

545 1135 633 1191 16.
676 1137 743 1192 In
775 1142 1034 1206 psalmum
1076 1142 1208 1199 γιι.
1244 1146 1482 1216 incipit:
1518 1147 1726 1220 Ὥσπερ
1772 1151 1800 1203 ὁ
1832 1151 1933 1220 τῆς
1988 1152 2139 1221 βασιλ

2132 1153 2276 1222 λικῆς
2329 1152 2536 1216 είκόνος
2585 1149 2804 1222 θεατής.
2855 1147 3034 1203 Edidit
3086 1145 3226 1200 idem
3259 1145 3562 1202 Cotelerius
3596 1159 3726 1200 cum

468 1227 730 1283 versione
763 1245 858 1286 sua
899 1247 949 1302 p.
982 1232 1172 1290 65-81.
1207 1236 1470 1293 Czeterum
1498 1254 1616 1295 cum
1647 1241 1893 1297 Asterius
1927 1258 2166 1314 quoque,
2193 1244 2667 1316 ScythOpolitanus
2701 1244 2790 1313 (ne
2805 1240 2871 1297 de
2901 1240 3117 1295 Asterio
3145 1237 3462 1307 Cappadoce
3491 1237 3725 1306 dicam).

469 1319 718 1377 Psalmos
754 1326 1088 1394 exposuerit,
1129 1337 1265 1383 teste
1297 1328 1663 1405 Hieronymo:
1703 1333 1992 1401 incertum,
2027 1351 2155 1390 num
2187 1336 2380 1391 harum
2429 1335 2480 1390 in
2513 1333 2758 1389 Psalmos
2792 1331 3159 1396 homiliarum,
3191 1343 3256 1384 ex
3294 1330 3488 1399 quibus
3523 1338 3734 1383 catena:

473 1412 788 1468 Graecorum
835 1413 1055 1470 Patrum
1088 1417 1142 1471 in
1178 1417 1422 1476 Psalntos
1457 1424 1688 1480 subinde
1727 1427 1978 1482 nonnulla
2007 1425 2119 1496 jam
2150 1428 2254 1483 sub
2289 1427 2510 1492 Asterii,
2535 1426 2648 1495 jam
2682 1423 2782 1480 sub
2815 1422 3024 1495 Didymi
3067 1422 3282 1478 nomine
3318 1421 3509 1486 citant,
3539 1429 3736 1478 auctor

470 1504 544 1560 sit
572 1507 814 1561 Asterius
870 1509 1191 1575 Amasenus,
1225 1527 1292 1566 an
1327 1528 1455 1569 vero
1482 1514 1727 1573 Asterius
1782 1517 2172 1591 Scythopolita,
2205 1520 2291 1574 vci
2319 1519 2626 1588 Cappadox.

544 1598 631 1651 17.
678 1598 1084 1669 Προτρεπτικὸς
1121 1603 1201 1666 εἰς
1245 1605 1346 1676 τὴν
1401 1607 1711 1677 μετάνοιαν.
1751 1610 2068 1665 Adhortatio
2099 1627 2138 1664 at

2139 1612 2167 1664 ά
2211 1611 2586 1679 paenitentiam.
2617 1607 2832 1663 Asterio
2863 1605 2938 1676 (ο)
2978 1605 3284 1660 vindicatur
3315 1619 3380 1659 ex
3417 1603 3592 1658 Pbotii
3625 1618 3733 1658 au-

473 1688 722 1744 ctoritate
755 1692 874 1745 cod.
904 1707 1115 1759 ccum,
1153 1694 1278 1750 licet
1313 1698 1364 1750 in
1408 1697 1728 1768 quibusdam
1757 1701 2034 1757 codicibus
2067 1699 2341 1756 referatur
2369 1700 2438 1755 ad
2476 1698 2798 1770 Gregorium
2835 1695 3132 1767 Nyssenutn
3164 1694 3348 1749 :intcr
3377 1692 3530 1760 cujus
3554 1691 3734 1762 Opera

472 1781 670 1852 prodiit
703 1791 831 1838 tom.
860 1783 905 1837 ii
934 1786 1062 1840 edit.
1088 1789 1211 1842 anni
1245 1787 1402 1856 1658,
1425 1805 1476 1861 p.
1510 1791 1636 1858 163,
1667 1803 1723 1848 et
1750 1795 1800 1848 in
1843 1795 2066 1864 appendi

2150 1791 2554 1849 Graeco-Latina
2573 1789 2807 1858 Operum
2841 1787 3068 1860 Nysseni
3094 1801 3184 1840 an.
3220 1784 3388 1851 1605,
3411 1801 3466 1839 n.
3492 1783 3581 1849 67,
3603 1797 3733 1838 cum

473 1875 723 1930 versione
749 1875 892 1931 Petri
927 1877 1202 1935 Francisci
1234 1881 1375 1936 Zini.
1410 1883 1599 1954 Incipit
1627 1905 1640 1941 :
1686 1887 1852 1960 Ἀνὴρ
1876 1889 2067 1959 Φαρισε

1686 1887 1852 1960 Ἀνὴρ
1876 1889 2187 1959 Φαρισαῖος,
2216 1885 2292 1951 ὡς
2321 1885 2528 1957 ἀρτίως
2558 1881 2894 1955 ἠκούσαμεν.
3257 1943 3259 1946 γ

543 1967 634 2021 18.
675 1967 773 2032 Εἰς
806 1969 904 2040 τὴν
939 1973 1301 2044 παρείσϐασιν
1349 1976 1460 2031 τῶν
1509 1979 1794 2052 νηστειῶν.
1840 1979 1908 2034 1η
1941 1982 2137 2051 ingress

2137 1996 2230 2033 :um
2273 1979 2625 2050 jejuniorum.
2671 1975 2846 2030 Etiam
2890 1973 3030 2030 hanc
3068 1967 3282 2027 Asterio
3330 1965 3554 2022 Pbotius
3602 1963 3731 2019 cod-

308 2045 310 2047 θ
397 2115 403 2121 .
481 2075 674 2118 ccum
719 2063 977 2133 vindicat,
1014 2065 1141 2122 licet
1176 2069 1275 2124 sub
1309 2069 1535 2144 Nysseni
1561 2045 1801 2130 lnomine
1835 2045 2065 2146 vulgarit
2102 2075 2216 2131 .iac.
2245 2045 2552 2136 (iretserus,
2584 2068 2872 2140 ingolstad.
2900 2067 3060 2134 1617,
3097 2066 3184 2120 in-
3201 2063 3256 2120 ι.
3286 2062 3459 2130 Atque
3501 2057 3626 2113 inde
3673 2057 3734 2110 in

474 2155 768 2223 appendice
799 2171 1022 2226 operum
1059 2159 1286 2232 Nysseni
1333 2180 1426 2221 an.
1453 2165 1614 2232 i605,
1640 2177 1695 2222 et
1726 2169 1778 2222 in
1810 2171 2046 2227 editione

2139 2211 2162 2226 .
2189 2169 2348 2233 1658,
2381 2178 2512 2224 ιοιιι.
2542 2165 2604 2230 li,
2639 2178 2693 2233 p.
2716 2163 2844 2228 217,
2883 2162 3083 2234 prodiit
3127 2173 3250 2216 cum
3293 2154 3533 2227 ejusdem
3563 2149 3733 2208 Cret-

473 2244 577 2299 seri
610 2246 874 2301 versione.
905 2249 1096 2319 incipit
1123 2269 1136 2306 :
1170 2253 1432 2310 Σύνθετον
1472 2255 1610 2322 ζῶον
1634 2260 1662 2312 ό
1697 2259 2001 2333 ἄνθρωπος.

547 2337 930 2394 Desiderantur
1003 2355 1302 2410 sermones,
1347 2361 1482 2416 quos
1539 2349 1699 2420 legit,
1741 2332 1810 2407 ct
1842 2368 1906 2408 ex
1973 2355 2168 2424 quibus
2213 2353 2328 2409 loca
2385 2355 2632 2424 quaedam
2677 2353 2731 2408 in
2775 2357 2990 2423 gustum
3072 2340 3292 2415 protulit
3336 2334 3558 2392 Ριιοιῖιη
3599 2332 3744 2390 “ide

472 2442 684 2484 οεωωιι.
1342 2465 1349 2473 .
2965 2463 2968 2466 .

543 2519 596 2574 1.
635 2519 692 2573 in
730 2518 856 2572 illud
890 2517 1049 2573 Luca:
1071 2535 1124 2586 κ,
1153 2519 1261 2578 50;
1300 2520 1474 2578 Ilomo
1506 2510 1724 2596 quidam
1755 2533 2017 2589 descendit
2047 2538 2110 2592 ab
2142 2539 2439 2596 Jerusalem
2471 2542 2524 2596 in
2556 2541 2792 2596 Iericho.

545 2609 602 2666 2.
645 2607 700 2664 in
739 2609 866 2703 illud
903 2609 1062 2703 Lucre
1095 2627 1247 2676 xvnt,
1288 2613 1354 2668 10
1382 2634 1395 2670 :
1432 2615 1548 2672 Duo
1580 2623 1817 2678 homines
1847 2629 2190 2685 ascenderunt
2224 2634 2278 2686 in
2305 2633 2552 2703 templum
2581 2643 2634 2688 ut
2665 2640 2899 2687 orarent.

541 2705 595 2760 5.
642 2702 714 2756 De
743 2702 989 2758 Ζαείιωο.
1025 2702 1159 2759 Luc.
1188 2721 1303 2772 χιχ,
1329 2708 1382 2760 1.
1697 2711 1712 2725 ⁸

541 2798 596 2854 4.
641 2797 714 2850 De
745 2797 944 2850 duobus
979 2797 1126 2866 ﬁliis.
1157 2797 1287 2852 Luc.
1322 2815 1414 2865 xv,
1443 2799 1528 2852 11.

544 2888 597 2943 5.
638 2886 703 2941 In
738 2903 942 2940 seruum
974 2887 1318 2941 centurionis.
1352 2887 1484 2942 Luc.
1511 2903 1605 2942 \‘tt.

553 2978 606 3034 6.
648 2979 716 3033 In
747 2980 953 3034 Jairum
982 2990 1028 3033 et
1061 2979 1328 3034 mulierem
1368 2979 1788 3054 αἱμορροοῦσαν.
1830 2981 2018 3036 Matth.
2051 2997 2123 3040 ιχ.

2153 2982 2262 3039 2οε
2300 2985 2430 3051 Quae
2472 2996 2748 3056 postrema
2781 2988 2999 3046 bomilia
3032 2991 3230 3048 Asterii
3268 2992 3464 3046 citatur
3489 2989 3648 3042 etiam
3679 3003 3719 3042 θ

475 3066 778 3137 Nicephoro
812 3067 1281 3138 Constantiuopol.
1309 3070 1362 3124 in
1389 3071 1758 3126 Antirrhelicis
1791 3086 1920 3125 mss.
2998 3097 3004 3103 ·

549 3159 643 3214 His
679 3160 835 3225 adde,
865 3160 918 3214 7.
945 3158 1260 3215 Encomium
1298 3159 1518 3228 Basiiei,
1547 3161 1784 3232 episcopi
1824 3161 2102 3225 Amaseni,
2131 3160 2222 3232 qui
2253 3158 2354 3216 sub
2387 3159 2592 3216 Licinio
2618 3161 2762 3217 circa
2788 3163 2852 3218 A.
2875 3162 2938 3220 C.
2965 3162 3071 3219 520
3101 3178 3290 3234 passus
3323 3175 3426 3230 est,
3453 3165 3523 3222 26
3551 3167 3728 3236 April.
3839 3189 3852 3202 -

478 3251 726 3322 Typicum
758 3251 818 3306 S.
853 3250 1008 3306 Saba:
1033 3252 1099 3305 ad
1131 3252 1272 3306 illam
1307 3254 1447 3308 diem
1485 3254 1560 3324 (ὁ)
1589 3273 1601 3309 :
1639 3253 1747 3308 Τοῦ
1782 3253 1939 3322 ἁγίου
1979 3252 2072 3324 μάι

2144 3269 2263 3324 »ρος
2285 3253 2579 3320 Βασιλέως,
2620 3253 2921 3308 ἐπισκόπου
2963 3255 3250 3327 Ἀμασίας.
3278 3258 3374 3322 Et;
3403 3259 3493 3312 τὸν
3530 3258 3738 3331 ὄρθρον

475 3344 918 3414 ἀναγινώσκομεν
955 3343 1015 3394 τὸ
1045 3342 1318 3415 ἐγκώμιον
1358 3345 1635 3417 Ἀστερίου
1695 3348 1996 3399 ἐπισκόπου
2041 3347 2069 3399 Ἀ

2148 3346 2328 3410 ασίας.
2361 3346 2605 3417 Elogium
2650 3347 2837 3402 Basilei
2883 3346 2953 3418 (c)
2988 3348 3155 3403 edidit
3192 3349 3407 3418 quidem
3456 3350 3742 3406 iiensclte-

475 3437 598 3491 nius
629 3436 814 3490 Graece
843 3445 896 3488 et
931 3433 1124 3490 Latine
1159 3435 1210 3489 in
1246 3435 1390 3491 Actis
1433 3437 1704 3505 Sanctor.,
1740 3440 1807 3494 ad
1848 3439 1920 3493 26
1954 3439 2128 3508 April.
2167 3439 2271 3494 Sed
2308 3440 2360 3496 id
2401 3441 2753 3496 recentiorem
2785 3440 2946 3496 habet
2977 3449 3272 3497 auctorem.
3314 3443 3542 3513 incipit:
3572 3445 3634 3497 0i
3672 3443 3745 3498 τὸ

476 3530 715 3598 ἐπίγειον
743 3528 944 3601 κράτος
977 3527 1256 3598 λαχόντες.

548 3623 808 3676 Photiana
839 3630 1090 3690 excerpta
1121 3635 1246 3675 cum
1279 3619 1532 3676 versione
1562 3634 1656 3673 sua
1686 3628 1741 3671 et
1773 3618 1915 3672 notis
1943 3616 2302 3673 Combeiisius
2331 3619 2568 3675 homiliis
2593 3619 2791 3677 Asterii
2828 3623 3126 3693 subiunxit,
3155 3641 3208 3696 p.
3237 3625 3336 3682 211
3370 3642 3484 3696 seq.

553 3718 875 3784 Fragmenta
909 3717 1153 3786 quaedam
1190 3725 1488 3772 occurrunt
1536 3726 1590 3770 et
1635 3713 1836 3768 Asterii
1886 3715 1938 3767 in
1969 3713 2173 3768 Catena
2208 3713 2517 3770 Graecorum
2552 3715 2770 3772 Patrum
2801 3719 2870 3772 ad
2901 3717 3120 3788 Lucam,
3165 3737 3325 3792 quani
3374 3722 3566 3780 Latine
3605 3722 3736 3779 Bai-

480 3814 664 3866 tliasar
691 3810 980 3867 Cordcrius
1011 3811 1251 3883 vulgavit
1276 3812 1556 3879 Antwerp.
1591 3808 1747 3874 1628,
1782 3806 1963 3863 in-t'ol.

551 3903 786 3958 Homilia
837 3906 889 3959 in
949 3915 1052 3960 tres
1102 3903 1306 3966 Christi
1345 3905 1680 3970 tentationes,
1727 3919 1846 3973 quae
1895 3902 2121 3972 incipit:

2161 3901 2350 3966 ’Ἥλιος
2403 3901 2500 3972 μὲν
2543 3900 2682 3973 ὑπὲρ
2722 3900 2828 3971 γῆς
2876 3903 3236 3974 παρακύψας,
3281 3922 3443 3978 quam
3490 3920 3620 3968 tom.
3646 3911 3739 3970 Vil

478 3996 875 4068 Cbrysostomi,
911 4013 965 4068 p.
995 3997 1123 4065 501,
1172 3997 1409 4055 Savilius
1440 3999 1628 4086 Graece
1675 3990 1866 4062 edidii,
1899 4006 2060 4066 atque
2090 3994 2449 4050 Corubelisius
2493 3993 2546 4048 iu
2593 3993 2735 4051 Bibl.
2763 3997 3125 4052 concinatoria
3155 4000 3352 4056 Asterii
3399 4016 3520 4059 csse
3561 4008 3746 4078 suspi-

478 4100 636 4146 catus
664 4100 769 4146 est.
799 4089 1002 4147 Marius
1040 4091 1312 4147 Mercator
1377 4093 1553 4160 docet,
1593 4091 1830 4148 Nestorii
1883 4104 2022 4154 esse,
2051 4089 2153 4144 sub
2197 4088 2350 4155 cujus
2390 4088 2609 4144 nomine
2663 4087 2851 4144 Graece
2910 4105 3033 4145 cum
3080 4092 3329 4148 versione
3373 4109 3470 4150 sua
3521 4097 3744 4157 exhibet

479 4183 525 4240 .i.
569 4183 860 4239 Garnerius
891 4191 1020 4239 tom.
1050 4183 1069 4237 Ι
1101 4184 1261 4239 .ilarii
1303 4183 1630 4252 Mercatoris,
1665 4199 1720 4255 p.
1752 4184 1841 4239 85.
1874 4182 2073 4238 Confer

1752 4184 1841 4239 85.
1874 4182 2073 4238 Confer
2099 4181 2522 4248 Tillemontium,
2554 4189 2684 4236 tom.
2713 4180 2808 4237 XV
2839 4181 3082 4250 Memora,
3113 4198 3166 4253 p.
3199 4183 3320 4240 749.

554 4299 630 4371 (a)
673 4301 1026 4356 Combeiisius
1072 4305 1290 4372 Auctar.
1327 4302 1546 4372 ποιήσι,
1584 4318 1638 4372 p.
1666 4301 1812 4358 558:
1850 4301 2120 4372 Nyssenus
2163 4299 2492 4372 Itomiliaﬂde
2535 4299 2842 4372 peccatrice,
2886 4298 3013 4372 mihi
3062 4301 3234 4372 potius
3284 4304 3543 4369 Asterius,
3587 4316 3645 4360 ut
3686 4319 3738 4362 et

479 4368 794 4444 animum
814 4373 1095 4444 appendice
1127 4368 1651 4444 GregoriprNys'seno
1685 4368 1947 4444 ascriptis.
1979 4370 2139 4444 lden_t_
2153 4369 2230 4444 de
2262 4370 2505 4436 homilia,
2536 4368 2792 4440 'Nysseno
2833 4368 3071 4437 tributa,
3096 4368 3291 4426 Contra
3328 4368 3642 4442 fornicarios
3681 4388 3743 4433 et

479 4439 647 4512 altera
675 4442 809 4512 ilspl
837 4443 1086 4504 εὐποιῖας
1112 4439 1288 4512 sent—it
1323 4439 1702 4498 Tilleinontius
1731 4439 1960 4512 tamex,
2003 4456 2055 4510 p.
2081 4439 2205 4494 415.

551 4509 624 4582 lb)
665 4507 888 4582 Got'eler.
923 4521 1051 4582 toni.
1085 4511 1125 4582 11
1162 4509 1508 4577 Μοηιιηιεηι.,
1547 4529 1597 4582 p.
1622 4512 1746 4566 515.
1787 4507 2101 4582 ΤίΙΙριιιᾴιιι.
2137 4519 2145 4562 1

1734 4550 1746 4566 .
1787 4507 2101 4582 ΤίΙΙριιιᾴιιι.
2137 4519 2268 4582 tom.
2303 4509 2345 4563 ν
2376 4508 2749 4582 Memot'.__ltisl.
2780 4507 3092 4582 ecclesa515
3121 4516 3177 4564 et
3203 4509 3328 4566 787.

551 4533 599 4566 ιυ
665 4533 888 4564 ιιυιειετ.
923 4533 1051 4566 ιυιιι.
1085 4533 1122 4564 II
1162 4533 1508 4577 manumanu,
1547 4533 1597 4582 [lo
1622 4533 1746 4566 θιῦ.
1798 4533 2101 4566 ιιιιωιιυιιι.
2138 4533 2268 4564 ιυιιι.
2314 4533 2338 4563 ν
2376 4533 2596 4564 111811101⁷.
2625 4533 2749 4562 In“.
2780 4533 2966 4563 ετεισιο
2990 4533 3092 4562 διο
3121 4533 3177 4564 (τι
3211 4533 3329 4566 ιοι.

551 4533 624 4652 (ες
664 4581 780 4635 Alia
821 4591 944 4652 sunt
978 4581 1199 4652 anilei
1230 4584 1478 4652 Amaseni
1523 4584 1680 4648 Acta,
1709 4598 1827 4652 qua:
1857 4583 1956 4652 sub
1987 4579 2230 4652 Joannis,
2253 4580 2566 4652 presbyteri
2594 4578 3042 4652 ijicomediensis,
3075 4582 3295 4635 nomine
3325 4591 3545 4639 exstant
3567 4585 3738 4640 etiam

481 4647 670 4722 Latine
705 4648 1115 4722 _apud_Surittm
1135 4650 1205 4705 26
1234 4655 1364 4720 Apr.
1394 4647 1705 4722 incipiunt:
1728 4647 1997 4722 ’Ἐγένετο
2043 4667 2075 4720 μ

2148 4649 2183 4702 ὰ
2217 4647 2278 4722 τό
2311 4647 2571 4722 πατᾶξαι-
2601 4647 3017 4722 Κύριονκᾼιὶο,
3043 4663 3164 4722 qua:
3195 4652 3322 4720 sine
3346 4654 3572 4722 nomine
3606 4656 3739 4710 citat

481 4716 806 4792 EuStratins,
839 4716 1304 4792 constantinopol.
1331 4716 1632 4792 presbiter,
1661 4723 1712 4792 in
1740 4716 1877 4775 libro
1906 4716 2094 4792 omnia
2128 4716 2724 4792 Psycbopannychitas,
2759 4733 2809 4774 c.
2835 4716 2931 4792 20,
2951 4719 3031 4792 ad
3054 4716 3273 4792 cal_cem
3293 4721 3474 4776 Allstii
3503 4724 3570 4776 de
3604 4739 3739 4791 pur-

480 4790 709 4912 gxtoritz,
743 4805 874 4914 pagi
887 4791 985 4878 501
1019 4807 1032 4844 :
1060 4785 1222 4859 Λέγει
1257 4785 1434 4847 τοίνυν
1463 4785 1619 4865 ὀπὴν
1653 4791 1904 4862 διήγησιν
1935 4788 2030 4842 τοῦ
2063 4785 2366 4860 μαρτυρίου
2410 4785 2776 4860 ποιησάμενος
2816 4785 2910 4841 τοῦ
2937 4787 3095 4856 ἁγίου
3124 4788 3401 4855 Βασιλέως
3437 4785 3742 4848 ἐπισκόπου

561 4877 670 4914 μασ
693 4877 755 4914 ας
781 4879 851 4914 κα
906 4877 1198 4914 ιιαοτυοοε.

559 4877 755 4930 μασιας
781 4877 874 4915 και
906 4877 1080 4933 μαρτυ
1089 4877 1198 4932 ρος.

1157 5221 1285 5282 FR.
1324 5219 1829 5284 COMBEFISII
1854 5212 2310 5281 PREFATIO
2357 5214 2455 5279 IN
2496 5214 2931 5278 ASTERIUM
2957 5215 3066 5296 (α).

562 5473 826 5528 Auctores
867 5473 1080 5530 luerunt
1113 5473 1512 5532 illustrissimus
1540 5473 1977 5544 archiepiscopus
2009 5472 2328 5538 Tolosanus,
2363 5469 2437 5541 ii.
2479 5470 2541 5526 P.
2574 5470 2808 5528 Jacobus
2839 5468 3179 5533 Sirmundus,
3217 5467 3279 5522 D.
3311 5465 3572 5522 lienricus
3605 5467 3711 5521 Va-

494 5565 684 5629 iesius,
731 5564 931 5633 aliique
963 5579 1068 5619 non
1106 5565 1260 5635 pauci
1291 5564 1586 5620 doctissimi
1615 5562 1714 5618 viri
1758 5575 1822 5617 ac
1849 5561 2030 5626 amici,
2064 5573 2123 5617 ut
2153 5562 2270 5631 pari
2300 5561 2517 5616 circiter
2566 5559 2743 5615 futura
2777 5557 3106 5642 accessione,
3144 5557 3335 5613 nedum
3367 5569 3431 5610 ea
3459 5570 3578 5624 quas
3601 5568 3733 5611 nova

563 5705 638 5774 (ο)
667 5703 880 5756 Attrtar.
919 5703 1032 5755 novi
1067 5698 1205 5758 Bibl.
1236 5702 1386 5757 Patr.
1411 5719 1464 5773 p.
1492 5719 1531 5758 t.
1565 5701 1737 5765 Paris,
1770 5701 1920 5767 1618,
1957 5701 2140 5757 in-ioi.
