4048 6212
282 283 366 341 l6l
1429 289 1538 343 Fil.
1577 285 1964 344 COMBEFISII
2007 286 2397 346 PREFATIO.
3428 297 3533 353 162

279 424 471 478 Asterii
499 433 861 496 suppeterent,
902 439 1084 479 verum
1118 425 1282 480 etiam
1314 439 1518 488 vetera.
1563 444 1626 483 ac
1651 429 1763 499 jam
1802 429 1942 484 edita
1973 429 2026 483 in
2054 444 2219 482 unum
2259 429 2480 484 collecta
2511 443 2704 501 corpus
2737 445 2800 487 ac
2828 434 3124 506 recognita,
3153 436 3294 504 juris
3329 439 3530 510 publici

284 515 516 572 iacerem
553 528 706 588 atque
740 518 1055 586 vulgarem:
1086 532 1192 586 quo
1227 517 1329 572 sibi
1371 519 1623 589 deinceps
1661 529 1842 574 tantus
1883 529 2158 576 constaret
2197 518 2378 586 Pater,
2411 536 2518 576 non
2573 523 2749 592 qualis
2788 525 2903 595 ipse
2940 527 3066 582 olim
3109 529 3312 586 relictis
3338 546 3529 587 monu-

288 608 486 664 mentis
511 608 794 671 habuisset,
825 609 924 663 sed
957 607 1130 678 qualis
1159 607 1275 664 fere
1305 618 1426 678 post
1467 617 1546 664 tot
1586 609 1804 678 secula,
1841 624 1946 665 non
1981 608 2166 680 paucis
2200 607 2396 678 injuria
2433 618 2732 680 temporum
2763 615 2978 670 amissis
3019 632 3234 674 suarum
3275 620 3534 676 lucubra-

291 703 514 768 tionum,
551 710 635 755 aut
665 702 821 772 plane
849 702 1118 768 obscuris,
1161 702 1317 758 nobis
1357 701 1538 756 habet.
1588 699 1720 768 Quis
1760 702 1904 756 enim
1943 700 2216 765 Photium,
2249 715 2527 755 sermones
2571 701 2769 758 Asterii
2805 705 3133 776 relegentem
3166 725 3230 765 ac
3260 711 3533 768 deﬂoran-

297 805 415 859 tem,
450 795 648 864 legens;
685 795 1016 864 nostrisque,
1050 809 1156 864 qua
1194 795 1368 858 novis,
1419 810 1521 864 qua
1560 805 1717 850 antea
1750 794 1930 860 editis,
1973 795 2020 846 ei
2063 793 2198 848 lecta
2241 809 2586 864 componens,
2623 795 2675 849 in
2713 797 2909 866 quibus
2953 800 3042 855 vix
3085 818 3190 857 una
3231 815 3321 859 aut
3359 807 3534 862 altera

297 885 519 950 homilia,
544 885 772 940 decades
808 885 983 940 ambae
1009 885 1362 949 conveniant,
1410 901 1513 941 non
1553 886 1703 956 plura
1746 885 1895 955 ejusn

1939 885 2016 939 )di
2065 887 2233 954 ipsius
2270 887 2384 940 sive
2424 886 2751 957 ἑορταστικά
2786 892 2898 947 sive
2935 893 3238 967 ὲξηγητικά
3266 901 3537 956 excidisse

299 978 593 1047 pervidest?
631 977 853 1034 Lubens
888 995 1038 1050 ergo,
1077 993 1187 1048 quo
1225 987 1280 1034 et
1322 978 1554 1034 residuis
1591 980 1710 1034 istis
1747 979 1798 1034 in
1834 987 2110 1048 posterum
2144 987 2360 1034 cautum
2402 979 2492 1043 sit,
2535 980 2851 1053 fruaturque
2889 985 3198 1045 Christiana
3233 993 3536 1063 respublica

294 1072 365 1129 vel
389 1071 620 1138 tantillis,
648 1072 830 1140 magni
848 1073 986 1128 adeo
1009 1087 1073 1128 ac
1097 1071 1394 1130 Christiani
1427 1073 1662 1129 rhetoris
1694 1071 2054 1142 theologique,
2088 1071 2320 1136 exuviis,
2348 1073 2488 1128 votis
2514 1074 2813 1130 amicorum
2847 1080 3007 1149 cessi,
3037 1097 3100 1138 ac
3133 1099 3348 1140 manum
3380 1089 3533 1158 operi

290 1167 514 1232 admovi;
550 1167 1068 1238 primumqueejus,
1105 1168 1156 1222 in
1191 1183 1312 1223 meo
1349 1168 1452 1223 hoc
1491 1181 1803 1223 sermonum
1851 1164 2116 1236 ejusmodi
2151 1181 2216 1220 ac
2253 1167 2597 1222 homiliarum
2637 1171 2962 1228 selectarum
3000 1175 3278 1246 lasciculo,
3309 1196 3414 1250 quo
3448 1186 3536 1239 vix

286 1260 409 1317 alios
445 1261 724 1330 antiquior
757 1272 1094 1325 occurreret,
1142 1262 1318 1318 locum
1364 1261 1530 1317 volui.
1581 1261 1816 1332 Philippi
1866 1261 2093 1317 Rubenii
2133 1261 2399 1316 editarum
2448 1261 2686 1332 quinque
2718 1265 3028 1321 orationum
3077 1273 3274 1336 versio,
3322 1277 3534 1330 tametsi

276 1352 480 1418 elegans
511 1367 579 1408 ac
611 1353 848 1417 erudita,
891 1352 1162 1408 nonnullis
1191 1361 1371 1408 tamen
1414 1351 1526 1407 visa
1553 1359 1637 1406 est
1667 1351 1846 1405 minus
1876 1365 2132 1421 expressa
2161 1367 2175 1404 :
2205 1351 2556 1419 quamobrem
2606 1351 2800 1426 indulsi
2834 1355 2985 1420 mihi,
3017 1367 3074 1412 ut
3109 1358 3198 1413 illo
3231 1361 3344 1432 eius
3382 1373 3542 1418 utens

270 1447 465 1511 labore,
501 1461 567 1500 ac
601 1461 669 1502 eo
697 1460 783 1501 me
807 1447 992 1502 multis
1028 1445 1272 1514 adjutum
1301 1458 1640 1516 agnoscens,
1674 1443 1824 1498 velut
1861 1460 2054 1500 novam
2089 1462 2156 1500 ex
2195 1461 2258 1502 ea
2293 1445 2598 1501 versionem
2631 1446 2765 1501 mihi
2803 1447 3146 1508 adornarem.

331 1538 505 1596 Porro
533 1540 874 1610 praefandum
911 1538 1114 1608 aliquid
1154 1538 1222 1594 de
1260 1546 1485 1592 auctore
1514 1535 1809 1599 videretur,
1841 1544 1898 1591 ut
1935 1536 2166 1593 certiora
2200 1537 2378 1607 aliqua
2412 1547 2757 1592 monumenta
2788 1550 3082 1596 exstarent.
3115 1543 3176 1598 lt.
3214 1543 3276 1601 P.
3305 1546 3542 1606 Jacobus

269 1635 596 1690 Sirmundus
624 1633 679 1687 in
715 1633 862 1688 calce
888 1632 970 1687 sui
993 1631 1215 1696 codicis,
1251 1630 1366 1685 haec
1389 1645 1419 1685 a
1458 1629 1652 1685 Duczco
1681 1630 1883 1699 collega
1913 1630 2228 1687 doctissimo
2256 1630 2422 1693 edita,
2447 1643 2542 1684 sua
2580 1645 2740 1684 manu
2786 1632 3101 1688 adnotarat.
3133 1636 3330 1691 Auctor
3348 1641 3539 1696 harum

263 1730 494 1800 quinque
534 1725 840 1779 orationum
879 1723 1116 1778 Asterius
1149 1721 1390 1774 Amasene
1436 1718 1619 1774 Ponti.
1661 1717 1752 1775 Sic
1790 1720 1929 1775 enim
1961 1724 2154 1776 citatur
2185 1723 2240 1774 in
2273 1737 2308 1776 ιι
2341 1725 2539 1792 synodo
2569 1722 2793 1778 Nictena
2828 1727 3030 1782 actione
3067 1727 3119 1792 6,
3149 1745 3307 1786 sernt.
3347 1732 3398 1786 in
3434 1734 3540 1788 La-

267 1835 454 1876 zarum
491 1829 547 1874 et
592 1818 837 1873 divitem.
895 1814 1039 1870 Vixit
1084 1829 1223 1867 anno
1268 1809 1464 1865 Christi
1509 1811 1636 1876 400,
1671 1822 1725 1865 ut
1768 1811 2011 1882 colligere
2041 1823 2116 1866 est
2158 1829 2224 1866 ea:
2263 1816 2498 1869 oratione
2540 1815 2614 1870 De
2644 1814 2918 1872 Kalendis.
2960 1817 3211 1888 Ejusdem
3246 1825 3419 1877 oratio
3447 1842 3537 1879 seu

265 1915 536 1984 ἔκφρασις
571 1912 626 1967 in
655 1910 1012 1982 Euphemiam
1044 1916 1334 1978 martyrem
1353 1905 1629 1970 laudatur,
1660 1916 1708 1960 et
1747 1921 1810 1960 ea:
1841 1915 1989 1975 parte
2017 1907 2330 1960 describitur
2365 1909 2416 1961 in
2448 1909 2628 1962 eadem
2661 1910 2859 1978 synodo
2893 1921 2998 1966 act.
3033 1911 3067 1965 4
3089 1923 3136 1966 ει
3177 1913 3229 1968 6.
3265 1915 3536 1971 Adrianus

264 2011 525 2060 secundus
565 2004 659 2058 lib.
700 2004 776 2059 De
805 2001 1150 2074 imaginibus.
1180 1998 1530 2066 Reprehensio
1567 2016 1682 2069 cap.
1715 1999 1805 2065 M,
1850 2000 1906 2054 in
1946 2010 2052 2054 act.
2094 1999 2147 2058 4.
2180 2000 2332 2066 Quod
2355 2001 2564 2070 judices
2603 2003 2694 2072 qui
2729 2005 2782 2058 in
2811 2004 3040 2074 praefata
3072 2008 3270 2077 synodo
3302 2010 3541 2078 fuerunt,

263 2098 554 2155 insolenter
578 2107 631 2152 et
669 2098 954 2168 incongrue
990 2106 1156 2152 artem
1190 2094 1469 2163 pictoriam
1497 2094 1747 2149 extollere
1776 2095 1953 2150 conati
1994 2103 2139 2172 sunt,
2186 2097 2415 2152 dicentes
2447 2113 2467 2152 :
2500 2096 2602 2152 Pia
2650 2109 2726 2152 est
2772 2115 2860 2152 ars
2897 2100 3136 2169 pictoris,
3186 2111 3235 2157 et
3275 2120 3377 2156 non
3409 2113 3543 2159 recte

263 2193 479 2263 quidam
513 2205 632 2244 eam
667 2190 972 2259 insipienter
1018 2187 1321 2242 detrahunt.
1363 2184 1648 2255 Responsio
1678 2201 1698 2241 :
1725 2185 1948 2240 Beatum
1983 2186 2249 2241 Asterium
2287 2198 2397 2243 toto
2435 2186 2652 2245 Oriente
2699 2201 2939 2246 sanctum
2979 2193 3192 2258 habent,
3233 2204 3282 2248 et
3326 2195 3450 2250 dum
3479 2200 3544 2252 de

265 2286 423 2356 gestis
451 2294 656 2340 sanctte
684 2281 993 2354 Euphemiw
1019 2298 1308 2337 sermonem
1335 2280 1565 2351 fecisset,
1595 2279 1831 2334 laudavit
1855 2277 1970 2347 ejus
2004 2281 2339 2350 martyrium,
2371 2283 2506 2336 sicut
2528 2299 2621 2352 per
2642 2284 2877 2338 ordinem
2904 2284 3105 2339 viderat
3132 2285 3264 2340 illud
3291 2287 3544 2357 liquidius

267 2381 485 2448 pictum.
526 2377 658 2444 Qua:
698 2375 919 2446 quidem
959 2375 1113 2440 satis,
1150 2389 1272 2430 cum
1305 2374 1678 2444 episcopatum
1724 2382 1835 2426 tum
1870 2371 2082 2426 titulum
2114 2374 2422 2430 sanctitatis
2465 2376 2754 2430 videantur
2795 2377 3009 2431 Asterio
3043 2389 3228 2434 nostro
3255 2395 3540 2448 asserere;

268 2487 374 2527 non
407 2470 553 2526 forte
596 2480 778 2526 tamen
813 2469 969 2534 satis,
999 2467 1091 2522 uni
1127 2482 1192 2522 ac
1217 2467 1393 2522 eidem
1423 2464 1658 2529 Asterio,
1702 2463 1821 2534 ejus
1862 2465 2065 2520 nomini
2109 2465 2370 2536 inscripta
2412 2467 2616 2530 omnia,
2656 2481 2720 2522 ac
2755 2469 3033 2524 Asterium
3076 2471 3318 2526 Amasea
3349 2475 3544 2540 praele-

267 2565 475 2628 rentia,
500 2565 805 2618 vindicare.
837 2563 980 2617 Sane
1010 2560 1069 2617 S.
1107 2559 1440 2629 Nicephorus
1481 2559 1851 2614 Antirrhetico
1888 2558 1945 2624 2,
1970 2575 2095 2615 cum
2128 2558 2419 2627 respondet
2448 2557 2566 2613 loco
2591 2557 2664 2612 illi
2694 2573 2760 2614 ex
2791 2574 3044 2615 sermone
3080 2563 3129 2616 in
3158 2561 3332 2617 locum
3368 2563 3545 2619 Evan-

265 2659 394 2731 gelii
425 2657 582 2711 Luca:
608 2657 673 2713 de
702 2655 913 2710 Lazaro
946 2663 1000 2710 et
1030 2653 1215 2718 divite,
1261 2653 1353 2724 qui
1384 2652 1417 2708 6
1451 2652 1538 2708 illa
1580 2660 1688 2708 act.
1723 2667 1763 2706 ιι
1795 2667 1857 2723 sy

1947 2652 1987 2707 li
2029 2651 2248 2706 Nicena:
2276 2650 2535 2721 objicitnr
2567 2669 2581 2706 :
2618 2653 2710 2725 Μὴ
2744 2652 2925 2724 γράφε
2957 2653 3048 2708 τὸν
3088 2654 3322 2727 Χριστὸν
3354 2656 3545 2730 (ἀρκεῖ

267 2752 380 2820 γὰρ
420 2745 568 2816 αὐτῷ
624 2747 657 2817 ή
696 2744 794 2815 μία.
845 2743 947 2814 τῆς
995 2740 1438 2814 ὲνσωματὼσεως
1481 2739 1972 2812 ταπεινοφροσύνῃ,
2012 2740 2080 2812 ἢν
2111 2738 2452 2811 αὐθαιρέτως
2491 2741 2558 2795 δι’
2601 2743 2750 2814 ἡμᾶς
2789 2741 3175 2814 κα·ιεδέξατο)⁶
3211 2746 3304 2800 ἐπὶ
3350 2746 3406 2800 δὲ
3447 2747 3546 2819 τῆς

263 2842 447 2914 ψυῇς
484 2858 579 2893 σου
625 2837 906 2910 βαστάζων
945 2834 1149 2908 νοητῶς
1178 2835 1269 2890 τὸν
1303 2834 1596 2907 ἀσώματον
1641 2834 1839 2904 Λόγον,

1948 2831 2176 2906 ιρίφερεζ
2222 2831 2350 2888 Noli
2397 2835 2608 2905 pingere
2649 2836 2959 2891 Christum:
2997 2838 3126 2892 satis
3171 2839 3306 2893 enim
3353 2839 3434 2892 illi
3472 2848 3546 2892 est

266 2951 371 2987 una
396 2932 495 2985 illa
522 2929 747 3000 abjectio
779 2928 1034 2994 assumpti
1057 2926 1314 2996 corporis,
1355 2941 1513 2995 quam
1552 2934 1731 2994 sponte
1754 2924 1921 2978 nostri
1951 2940 2114 2978 causa
2141 2924 2366 2994 suscepit
2408 2938 2427 2976 :
2456 2927 2584 2998 quin
2617 2927 2847 2996 spiritali
2875 2929 3078 2984 ratione
3118 2927 3338 2984 Verbum
3369 2932 3546 2984 incor-

266 3025 482 3092 pomim
525 3030 743 3090 gestans
779 3019 978 3083 animo,
1025 3016 1341 3084 circumfer;
1371 3016 1652 3088 postquam
1692 3016 1880 3072 multis
1918 3031 2105 3072 sanam
2139 3017 2340 3072 Asterii
2378 3030 2613 3073 mentem
2647 3019 2818 3075 fusius
2865 3022 3035 3077 relato
3081 3023 3199 3093 ejus
3238 3023 3549 3079 testimonio

267 3113 636 3182 esplicasset,
674 3111 946 3167 Asterium
985 3111 1326 3180 postmodum
1369 3110 1584 3165 Asterio
1619 3122 1920 3178 opponens,
1953 3109 2157 3174 haeret,
2204 3108 2530 3179 omninoque
2567 3109 2962 3180 incompertum
3009 3114 3208 3169 habere
3249 3116 3545 3184 signiﬁcat,

266 3208 486 3259 idemne
518 3203 771 3257 Asterius
802 3213 991 3257 auctor
1017 3202 1250 3257 exsistat
1276 3201 1518 3270 prmlata:
1550 3200 1815 3256 orationis
1842 3201 1896 3254 in
1922 3198 2187 3256 Lazarum
2219 3213 2266 3254 et
2295 3201 2532 3264 diuitem,
2566 3217 2628 3256 ac
2657 3204 2924 3259 orationis
2948 3205 3002 3257 in
3039 3205 3490 3260 htemorrhousam
3516 3221 3538 3259 :

276 3296 600 3366 Ἐπομένως
643 3295 700 3348 δὲ
727 3293 958 3358 τούτοις,
991 3293 1230 3364 εἰσήχϐω
1268 3292 1430 3347 πάλιν
1471 3292 1765 3365 Ἀστέριος.
1805 3293 1870 3345 El
1912 3291 2008 3362 μὲν
2043 3290 2198 3363 παρὰ
2236 3290 2329 3344 τὸν
2373 3292 2432 3345 ὲν
2464 3293 2655 3364 χερσὶν
2702 3293 2911 3366 ἕτερος,
2943 3295 2978 3366 ὴ
3012 3293 3243 3366 ἀλήθεια
3275 3295 3443 3368 εἰδείη
3480 3295 3548 3349 ἂν

269 3395 427 3464 μόνη,
465 3392 631 3463 ἡμεῖς
659 3389 716 3444 δὲ
744 3388 896 3442 οὐδὲν
920 3386 1179 3456 τούτουγε
1208 3385 1394 3440 ἕνεκεν
1420 3386 1732 3458 διοισόμεθα
1753 3403 1767 3418 ·
1804 3387 1854 3440 εἰ
1892 3385 1948 3440 δὲ
1978 3388 2006 3440 ὁ
2032 3384 2195 3451 αὐτὸς
2227 3381 2381 3450 οὗτός
2408 3387 2578 3452 ἐστιν,
2614 3387 2841 3442 αὐτόθεν
2869 3390 2980 3453 τοῖς
3003 3389 3226 3454 οἰκείοις
3251 3390 3548 3462 τοξεύμασι

267 3488 677 3562 βαλλέσθωσαν,
714 3484 808 3538 καὶ
843 3482 1045 3554 βολισιν
1084 3481 1287 3547 ὀξείαις
1324 3479 1905 3553 τραυματιζέσθωσαν,
1959 3481 2055 3535 καὶ
2109 3481 2218 3535 τῶν
2260 3479 2640 3553 ἐξευρημένων
2681 3480 3092 3552 μηχανημάτων
3125 3480 3226 3545 τὰς
3258 3483 3550 3553 σφενδόνας

265 3582 640 3655 dexio-emam),
668 3575 764 3630 καὶ
786 3593 844 3632 τ.
876 3575 923 3628 ὲ.
956 3572 1033 3628 Iis
1056 3582 1444 3644 consequenter,
1475 3588 1592 3643 qua:
1613 3575 1753 3627 dicta
1792 3585 1933 3637 sunt,
1971 3575 2256 3628 inducatur
2284 3589 2494 3628 rursum
2531 3573 2792 3631 Asterius.
2823 3577 2898 3630 Ac
2925 3578 3154 3648 quidem,
3180 3595 3303 3632 num
3338 3581 3382 3633 is
3410 3580 3548 3635 alius

265 3682 355 3742 sit,
389 3684 588 3746 prater
606 3686 723 3726 eum
748 3669 839 3740 qui
864 3667 920 3722 in
949 3665 1186 3720 menibus
1221 3675 1480 3732 uersatur,
1522 3665 1634 3720 sola
1677 3667 1866 3720 veritas
1901 3665 2116 3720 noverit.
2159 3664 2275 3719 Nos
2315 3680 2435 3720 vero
2471 3666 2602 3719 nihil
2640 3666 2798 3737 hujus
2833 3668 2910 3723 rei
2941 3670 3114 3738 gratia
3155 3669 3548 3725 contendamus.

266 3769 425 3836 Quod
456 3767 500 3819 si
539 3765 639 3818 iste
672 3763 809 3816 idem
843 3759 952 3830 ipse
975 3768 1073 3824 est,
1099 3757 1222 3811 inde
1247 3758 1357 3810 suis
1390 3757 1490 3826 ipsi
1505 3757 1704 3826 jaeulis
1729 3757 2010 3826 feriantur,
2049 3772 2112 3810 ac
2139 3757 2308 3810 acutis
2341 3757 2628 3811 missilibus
2671 3761 2995 3822 saucientur,
3043 3759 3549 3831 adinventarumque

263 3862 636 3916 machinarum
667 3858 842 3925 iactus
869 3855 1154 3919 excipiant.
1189 3853 1388 3908 Eodem
1430 3852 1544 3908 lere
1584 3853 1746 3908 modo
1775 3851 2079 3907 Antirrhet.
2119 3853 2178 3918 5,
2217 3853 2384 3908 misso
2420 3851 2589 3907 Roma
2622 3864 2880 3924 excerpto
2925 3868 2952 3905 a
2999 3853 3176 3907 Leone
3220 3854 3438 3920 Allatio,
3485 3869 3552 3912 ac

267 3959 387 4013 loco
423 3952 787 4011 commodiori
823 3951 1052 4008 edendo.
1101 3948 1256 4018 Quod
1289 3963 1418 4021 ergo
1448 3948 1618 4003 tantis
1649 3949 1899 4017 superior
1928 3947 2270 4016 Nicephorus
2315 3947 2556 4016 ignotum
2601 3944 2811 4008 habuit,
2848 3958 2911 3997 ac
2961 3943 3066 3998 tale
3095 3944 3450 4012 existimavit,
3481 3955 3544 4000 ut

265 4047 470 4103 nemini
506 4046 649 4101 scitu
683 4041 844 4098 facile
878 4039 1170 4111 putaverit,
1227 4039 1369 4094 haud
1413 4052 1517 4108 ego
1557 4050 1644 4091 me
1671 4037 1877 4092 certius
1909 4035 2252 4107 promiserim
2289 4033 2728 4090 declaraturam:
2763 4035 2971 4090 tametsi
2995 4036 3173 4107 stylus
3228 4036 3426 4108 ubique
3461 4037 3548 4093 sui

263 4141 462 4199 similis
513 4148 682 4207 atque
737 4133 987 4204 inprimis
1039 4133 1091 4187 in
1123 4129 1608 4200 descriptionibus,
1638 4127 1888 4184 eumdem
1919 4129 2120 4198 ubique
2157 4126 2333 4195 ipsum
2379 4126 2608 4180 suadeat
2639 4141 2654 4181 :
2689 4141 2794 4196 quo
2823 4140 2877 4183 et
2907 4127 3133 4183 Photius
3164 4130 3364 4184 indicio
3398 4145 3551 4185 eum-

263 4237 387 4293 dem
426 4231 679 4306 agnoseit
708 4230 799 4301 qui
827 4229 967 4285 oculi
995 4226 1264 4299 ἐκφρασιν
1300 4225 1354 4280 in
1404 4223 1630 4280 Joannis
1669 4221 2018 4292 Evangelium
2059 4220 2125 4275 de
2155 4233 2301 4276 caeco
2337 4227 2464 4273 nato
2494 4220 2824 4290 composuit,
2856 4230 2910 4275 et
2944 4221 3034 4290 qui
3064 4220 3211 4275 illam
3247 4221 3298 4274 in
3333 4220 3392 4275 S.
3440 4223 3547 4277 Eu—

265 4328 574 4399 phemiam,
603 4327 868 4383 insertam
913 4322 1051 4377 actis
1101 4337 1175 4377 vn
1221 4319 1434 4393 synodi.
1488 4317 1618 4374 Utut
1649 4316 1740 4380 sit,
1802 4314 1935 4369 nihil
1983 4323 2094 4368 toto
2142 4314 2244 4368 hoc
2285 4312 2630 4369 homiliarum
2670 4326 2916 4381 corpore,
2953 4311 3094 4382 quod
3123 4327 3230 4367 non
3261 4313 3549 4384 plurimam

263 4421 638 4492 eloquentiam
668 4435 788 4476 cum
817 4416 933 4487 pari
968 4415 1165 4486 pietate
1205 4413 1462 4469 exhibeat
1493 4427 1508 4465 :
1537 4409 1789 4481 quodque
1819 4407 1953 4462 adeo
1985 4422 2088 4460 non
2135 4416 2383 4462 sanctum
2428 4405 2576 4460 illum
2613 4405 2944 4460 Amasenum
2997 4405 3292 4472 Asterium,
3325 4405 3547 4471 referat,

263 4528 330 4570 se
388 4516 683 4586 φιλάρετον
737 4512 1027 4577 Asterium,
1089 4524 1248 4579 quem
1299 4505 1521 4561 Photius
1575 4501 1822 4558 nominat
1853 4519 1868 4555 :
1899 4498 2152 4555 nonnulla
2204 4500 2370 4554 etiam
2415 4498 2470 4554 in
2523 4513 2588 4554 eo
2621 4499 2984 4567 reperiuntur,
3039 4501 3093 4552 in
3134 4498 3331 4568 quibus
3369 4498 3545 4568 palam

263 4609 509 4673 εὐσεϐεῖ,
546 4622 605 4662 ιιι
636 4605 874 4676 loquitur
901 4603 1045 4658 idem
1079 4600 1326 4665 Photius,
1355 4612 1418 4652 ac
1453 4611 1513 4650 se
1551 4594 1620 4660 is,
1649 4592 1973 4647 Arianorum
2004 4605 2076 4647 ac
2109 4591 2499 4644 Anommorum
2539 4589 2749 4645 hostem
2795 4588 3123 4659 praecipuum
3168 4588 3405 4643 ostendit
3440 4604 3454 4641 :
3489 4596 3548 4640 nt

266 4718 392 4772 quae
421 4714 561 4755 nova
593 4699 786 4753 damus
819 4709 886 4750 ex
914 4691 1176 4749 Encomio
1207 4690 1261 4744 in
1293 4687 1572 4760 principes
1603 4683 1970 4754 apostolorum
2024 4681 2242 4736 Petrum
2278 4689 2328 4735 et
2357 4680 2607 4736 Paulum.
2653 4680 2902 4736 Asterius
2934 4679 3072 4734 alter
3091 4693 3250 4772 quem
3289 4678 3542 4734 laetionis

265 4766 495 4850 Ariana:
550 4791 930 4864 philosophum
977 4788 1132 4860 ponit
1179 4785 1563 4855 Hieronymus,
1604 4780 1790 4848 aitque
1831 4777 2118 4848 scripsisse
2156 4776 2255 4831 sub
2289 4773 2611 4830 Constantio
2638 4774 2694 4827 in
2734 4772 3024 4842 Epistolam
3065 4771 3133 4824 ad
3171 4766 3460 4864 Romanos,
3491 4770 3550 4822 in

266 4861 567 4959 Evangelia
599 4895 657 4941 et
686 4883 949 4948 Psalmos,
977 4879 1254 4951 antiquior
1278 4876 1380 4932 fuit
1409 4893 1424 4940 ;
1453 4891 1517 4931 ac
1544 4888 1720 4943 neque
1749 4871 1857 4936 hic,
1887 4867 2224 4959 admirabilis
2258 4865 2348 4923 ille
2377 4867 2624 4959 Asterius
2657 4864 2891 4929 videtur,
2925 4878 3083 4959 quem
3120 4861 3549 4959 luculentissima

263 4952 448 5050 elegio
479 4977 858 5034 Theodoretus
882 4976 940 5029 in
978 4971 1274 5036 Philotheo,
1297 4985 1348 5026 c.
1376 4969 1433 5034 2,
1459 4965 1750 5030 describit;
1786 4960 2046 5033 quidquid
2081 4957 2307 5014 Photius
2339 4958 2632 5050 contendat
2665 4968 2918 5050 excerpto
2951 4955 3120 5050 Itonia
3148 4952 3314 5006 misso
3343 4969 3356 5005 :
3387 4965 3548 5020 quem

267 5045 385 5128 nec
416 5073 586 5144 liquet
629 5069 802 5125 fuisse
845 5067 1158 5138 episcopum
1195 5082 1209 5118 :
1240 5073 1439 5133 praeter
1491 5074 1652 5130 quem
1707 5065 1793 5111 est
1833 5052 2078 5108 Asterius
2117 5050 2256 5106 alius
2302 5066 2368 5105 es
2413 5048 2973 5144 hrianoorthodosus
2997 5045 3283 5144 episcopus
3322 5057 3384 5144 ac
3419 5058 3550 5144 coit:

266 5133 677 5230 lesson-clarus
721 5133 1215 5215 titulo‘sanctitutis
1261 5170 1326 5209 ac
1356 5152 1586 5207 Romani
1628 5144 2000 5219 Martyrologii
2049 5142 2248 5198 tabulis
2292 5141 2564 5211 ascriptus
2605 5139 2894 5195 'Athanasii
2944 5134 3168 5206 aequalis
3215 5149 3279 5190 ac
3330 5133 3550 5188 Eusebii

267 5260 649 5326 Vercellensis,
692 5269 856 5328 quem
910 5265 1014 5307 non
1062 5251 1233 5320 liquet
1279 5265 1348 5302 an
1393 5254 1744 5302 monumenta
1793 5241 1971 5312 aliqua
2018 5237 2323 5309 reliquerit.
2374 5235 2671 5328 Nosterse
2711 5234 2967 5328 Asterius
2993 5230 3209 5328 Juliano
3258 5243 3547 5328 supparem

269 5355 503 5410 ostendit
534 5320 678 5410 orat.
711 5320 976 5406 adversus
1022 5343 1331 5409 avaritiam,
1363 5355 1486 5397 cum
1534 5346 1685 5395 notat
1730 5333 2054 5406 superstites
2091 5331 2377 5402 plurimos,
2419 5329 2512 5400 qui
2555 5327 2624 5384 ab
2659 5342 2724 5384 eo
2768 5324 2971 5382 inducti
3026 5323 3254 5380 fuissent
3288 5321 3356 5378 ad
3391 5320 3552 5378 ﬁdem

269 5448 589 5517 negandum.
