4048 6212
306 300 396 355 I65

1336 294 1610 352 llUMllJA
1643 295 1685 361 Ι,
1730 296 1812 350 DE
1856 290 2080 351 DIVITE
2115 292 2197 351 ET
2230 294 2525 350 LAZARO.

3435 307 3540 361 16b

306 414 442 465 καῖον
469 409 568 462 καὶ
601 406 746 476 φίλοι
776 404 833 457 τὸ
858 406 924 473 τῇ
950 403 1108 475 χρείᾳ
1135 404 1240 456 τῶν
1270 406 1585 473 ἀναγκαίων
1614 408 1711 476 τὴν
1748 407 1877 476 χρῆ-

1992 421 2052 460 ac
2082 405 2241 476 frugi,
2294 407 2565 475 proprium
2614 420 2675 460 ac
2735 405 3000 466 familiare
3050 422 3149 479 est,
3204 428 3323 469 cum
3363 432 3542 473 rermn

308 517 385 555 ’σιν
420 499 665 569 ιιετρεῖν·
714 495 928 563 φεύγειν
957 494 1015 546 δὲ
1047 493 1148 563 τῆς
1192 495 1420 565 ματαίου
1451 497 1752 561 κενοδοξίας
1784 498 1875 549 τὸν

311 608 365 644 συ
377 590 600 662 ρφετδν,
625 589 713 643 καὶ
725 591 818 660 τὴν
840 589 1040 643 πλάνον
1067 592 1087 621 ¹
1112 589 1405 662 διαγωγὴν,
1441 591 1516 654 ώς
1547 590 1744 654 κακίας
1773 609 1878 661 μη-

316 683 469 753 τέρα.
513 681 617 734 Καὶ
641 680 723 733 ῖνα
744 680 1079 752 σαφέστερον
1104 680 1269 733 αὑτοῦ
1294 682 1483 734 τούτου
1526 680 1620 734 τοῦ
1653 681 1878 752 λεγομέ-

322 791 410 826 νου
457 771 551 843 τὴν
582 770 803 841 δύναμιν
854 771 1282 841 καταμάθωμεν,
1330 774 1363 842 ἡ
1399 772 1506 824 τῶν
1568 772 1877 842 ἐνδυμάτων

324 863 502 935 πρώτη
541 862 924 933 διαγνωσθήτω
953 863 1172 934 χρῆσις,
1207 863 1367 935 μέχρι
1404 864 1570 916 πόσου
1615 864 1709 915 καὶ
1735 863 1878 928 τίνος

276 949 293 962 ’
324 953 808 1027 παραληφθήσεται,
837 955 986 1025 ὅροις
1017 956 1110 1007 καὶ
1136 955 1323 1009 κανόσι
1364 954 1877 1028 περιλαμὸανομένη

326 1045 564 1115 σώφροσι.
596 1044 663 1096 Τί
689 1044 869 1098 τοίνυν
899 1047 928 1099 ό
951 1045 1049 1098 τοῦ
1083 1044 1291 1099 δικαίου
1324 1046 1487 1118 νόμος
1515 1047 1699 1119 φησίν·
1742 1048 1882 1119 Πρό-

323 1135 470 1190 σατον
500 1136 530 1186 ό
556 1134 686 1198 Θεὸς
727 1135 942 1188 ἔκτισεν
994 1135 1227 1208 ιῦκομον
1258 1137 1356 1208 τὴν
1388 1138 1570 1210 δορὰν,
1621 1141 1715 1192 καὶ
1770 1142 1880 1202 τοῖς

322 1227 527 1299 μαλλοῖς
550 1226 970 1297 εύθηνούμενονο
1003 1228 1161 1281 τοῦτο
1203 1228 1401 1294 λαϐὼν,
1442 1231 1757 1302 ἀπόκειρον,
1788 1231 1881 1283 καὶ

312 1321 422 1382 δοὺς
441 1320 708 1390 ὑφαντικῇ
722 1319 886 1391 τέχνῃ
911 1320 1010 1391 τὴν
1034 1320 1185 1391 ὓλην,
1207 1320 1408 1391 χιτῶνα
1432 1321 1612 1393 σαυτῷ
1642 1323 1736 1376 καὶ
1756 1323 1882 1393 ἱμά-

304 1427 408 1465 τιον
428 1409 866 1475 κατασκεύασον,
895 1412 1044 1473 ὅπως
1070 1410 1134 1464 ἂν
1162 1411 1458 1485 διαφεύγῃς
1487 1413 1754 1483 χειμῶνος
1791 1431 1883 1466 τα-

302 1501 623 1573 λαιπωρίαν,
646 1503 745 1555 καὶ
790 1502 894 1572 τῆς
922 1502 1149 1570 ζεούσης
1182 1503 1397 1566 ἀκτῖνος
1426 1502 1626 1574 βλάϐην
1651 1504 1690 1558 ⁸.
1724 1506 1785 1557 El
1824 1505 1880 1558 δέ

304 1611 380 1647 σοι
425 1596 524 1647 καὶ
559 1593 902 1664 κουφοτέρας
948 1594 1172 1663 ὲσθῆτος
1219 1592 1378 1665 χρεία
1423 1594 1563 1648 κατὰ
1615 1594 1710 1665 τὴν
1735 1595 1882 1667 ῶραν

299 1680 391 1733 τοῦ
423 1681 644 1751 θέρους,
699 1680 902 1734 ἔδωκεν
933 1681 966 1733 ὁ
996 1681 1126 1744 Θεὸς
1150 1681 1245 1734 τοῦ
1283 1682 1427 1735 λίνου
1450 1682 1548 1749 τὴν
1578 1684 1772 1755 χρῆσιν
1803 1686 1882 1747 είς

1978 513 2130 549 usum
2169 496 2489 563 necessitate
2544 497 2740 562 metiri,
2791 507 2899 552 tum
2955 501 3141 558 inanes
3178 519 3328 560 vana:
3359 509 3545 578 gloria

1977 588 2318 657 quisquilias,
2348 589 2578 659 vitaeque
2609 589 2868 645 mollioris
2907 592 3148 662 delicias,
3187 604 3440 666 tanquam
3464 600 3547 654 vi-

1980 680 2173 734 tiormn
2206 687 2481 749 parentem
2515 680 2712 736 vitare.-
2753 682 3059 749 Enimvero,
3108 701 3215 756 quo
3243 689 3359 757 ejus
3401 691 3545 761 quod

1981 771 2198 837 dicitur,
2233 772 2340 824 vim
2368 771 2567 825 clarius
2600 787 3008 842 cognoscamus,
3034 776 3237 845 primus
3261 783 3547 836 vestimen-

1981 871 2153 917 torum
2186 878 2315 916 usus
2345 862 2715 930 inspiciendus
2762 875 2862 931 est,
2903 881 3064 935 quam
3113 867 3219 924 late
3253 880 3452 939 pateat,
3490 884 3546 928 et

1979 968 2113 1022 quos
2147 954 2193 1008 ei
2226 954 2361 1009 fines
2387 965 2548 1023 atque
2593 956 2876 1021 terminos,
2917 961 3268 1026 temperantia
3297 964 3543 1030 prmscri-

1980 1045 2164 1115 pserit.
2197 1044 2335 1111 Quid
2367 1061 2494 1114 ergo
2536 1045 2757 1115 iustitia:
2799 1047 2883 1104 lex
2937 1049 3046 1104 ait?
3096 1048 3357 1105 Pecudem
3406 1053 3546 1108 Deus

1980 1136 2182 1190 creavit
2213 1136 2348 1206 pelle
2380 1137 2514 1191 bene
2542 1148 2750 1192 comata
2782 1153 2845 1192 ac
2881 1139 3060 1194 densis
3100 1140 3383 1196 velleribus
3410 1161 3423 1195 :
3457 1144 3542 1201 his

1980 1228 2233 1282 detonsis
2266 1237 2320 1282 et
2344 1230 2536 1284 textori
2575 1231 2804 1292 traditis,
2834 1231 3065 1285 tunicam
3094 1247 3155 1285 ac
3179 1233 3391 1301 pallium
3426 1250 3548 1302 per-

1981 1319 2085 1372 texi
2114 1318 2204 1371 tibi
2240 1333 2388 1383 cura,
2420 1335 2545 1388 quo,
2570 1335 2689 1374 cum
2717 1319 2930 1374 hiberni
2965 1321 3178 1390 frigoris
3221 1322 3536 1386 molestiam,

1983 1416 2093 1462 tum
2122 1407 2376 1463 ferventis
2404 1410 2536 1463 radii
2568 1425 2761 1463 noxam
2802 1408 3045 1480 eiTugias.
3085 1411 3235 1479 Quod
3269 1413 3312 1466 si
3346 1413 3543 1468 leviore

1982 1514 2076 1567 per
2102 1499 2344 1554 aestivum
2388 1509 2595 1571 tempus
2628 1510 2776 1557 veste
2819 1501 3083 1572 indigeas,
3128 1507 3196 1558 ad
3231 1505 3478 1560 uberiore
3503 1524 3533 1558 ιι

1984 1591 2121 1645 Deus
2155 1592 2583 1646 commoditatem
2624 1593 2712 1646 lini
2774 1609 2925 1646 usum
2971 1596 3255 1660 concessit,
3288 1597 3425 1649 unde
3452 1596 3547 1651 tibi

1984 1682 2233 1737 decorum
2263 1683 2315 1736 in
2342 1683 2563 1753 proclivi
2590 1684 2981 1747 indumentum,
3010 1686 3151 1754 quod
3187 1685 3347 1739 simul
3379 1698 3434 1741 et
3465 1698 3548 1741 te-

299 1772 644 1842 ·ιιλατυτὲραν
676 1771 997 1825 ἀπόλαυσιν’
1019 1772 1110 1823 καί
1149 1788 1231 1824 σοι
1281 1773 1480 1842 ῥᾷστον
1508 1773 1716 1825 ἐκεῖθεν
1745 1773 1879 1844 κτή-

1992 1782 2093 1840 gat,
2134 1782 2189 1827 et
2241 1773 2457 1827 levitate
2503 1774 2800 1845 refrigeret.
2842 1773 2907 1827 Et
2954 1775 3033 1830 his
3062 1792 3180 1830 cum
3216 1776 3539 1846 perfrueris.

302 1863 499 1917 σασθαι
552 1862 767 1933 σκέπην
818 1863 1146 1932 εὐσχήμονα,
1192 1861 1562 1931 ἀμφιεννῦσαν
1605 1862 1741 1933 ὁμοῦ
1786 1863 1882 1917 καὶ

301 1952 684 2024 ἀναψύχουσαν
712 1956 778 2024 τῇ
813 1954 1106 2023 κουφότητι
1167 1953 1274 2005 Καὶ
1319 1952 1523 2007 τούτων
1573 1953 1878 2019 ἀπολαύων,

296 2046 549 2117 ὁμολόγει
680 2045 873 2115 κτίστῃ
903 2044 1000 2114 τὴν
1036 2043 1219 2115 χάριν,
1253 2044 1394 2115 ὑπὲρ
1415 2037 1490 2097 ὧν
1512 2045 1612 2097 οὐκ
1628 2044 1882 2116 εποίησεν

303 2139 462 2209 μόνον
508 2139 681 2207 ἡμᾶς,
721 2135 858 2189 ἀλλὰ
899 2135 996 2188 καὶ
1043 2133 1143 2206 τῆς
1185 2133 1322 2204 πρὸς
1363 2134 1424 2188 τὸ
1457 2135 1556 2206 ζῇν
1587 2135 1882 2204 ἀσφαλείας
1937 2138 1941 2143 ⁷

301 2230 642 2302 ἐφρόντισεν.
670 2230 767 2281 Ἂν
794 2226 850 2279 δὲ
877 2225 1303 2295 καταλιμπάνων
1333 2227 1397 2279 τὸ
1436 2226 1703 2297 πρόϐατον
1720 2228 1811 2280 καὶ
1824 2227 1884 2279 τὸ

300 2324 465 2393 ιριον,
498 2323 598 2374 καὶ
642 2319 744 2389 τὴν
787 2318 1093 2387 ἀναγκαίαν
1123 2317 1218 2371 τοῦ
1245 2316 1580 2390 δημιουργοῦ
1604 2316 1711 2371 τῶν
1748 2318 1883 2371 ὅλων

302 2412 680 2486 παρασκευὴν,
715 2414 835 2476 ταῖς
864 2410 1123 2483 ματαίαις
1168 2410 1436 2474 ἐπινοίαις
1455 2451 1468 2473 ,
1496 2410 1593 2463 καὶ¹
1637 2413 1759 2473 ταῖς
1785 2412 1883 2481 ὲμ-

303 2508 565 2578 πλήκτας
586 2504 907 2576 ἐπιθυμίαις
943 2501 1385 2574 ἐκδιαιτώμενος,
1410 2502 1508 2573 τὴν
1534 2501 1730 2572 βύσσον
1763 2502 1884 2554 ἐπι-

300 2601 496 2672 ζητῇς,
551 2599 646 2653 καὶ
692 2598 932 2669 συνάγῃς
982 2595 1051 2649 τά
1104 2594 1217 2649 τῶν
1260 2594 1542 2666 Περσικῶν
1587 2593 1885 2664 σκωλήκων

301 2695 543 2761 νήματα,
570 2688 715 2743 ἱστὸν
743 2687 801 2741 δὲ
820 2686 1066 2758 ἀράχνης
1090 2685 1347 2756 ἀκμαῖον
1365 2682 1616 2753 ύφαίνηςο
1634 2682 1729 2735 καὶ
1751 2682 1887 2751 πρὸς

300 2786 397 2838 τὸν
444 2782 748 2850 ἀνθόϐαφον
779 2779 1092 2852 ἐρχόμενος,
1150 2774 1377 2847 μισθοὺς
1413 2774 1589 2836 τελεῖς
1620 2771 1883 2842 δαψιλεῖς,

304 2871 499 2927 ῖνατδν
535 2870 729 2941 κόχλον
751 2871 817 2922 ὲκ
852 2866 1127 2935 θαλάσσης
1143 2863 1437 2935 θηρεύσας,
1466 2863 1545 2934 τῷ
1569 2864 1760 2933 αἵματι
1784 2860 1879 2915 τοῦ

302 2963 445 3028 ζώω
474 2962 642 3034 χρίσῃ
698 2960 760 3014 τὸ
809 2958 1031 3029 ἔνδυμα,
1066 2957 1225 3009 τοῦτο
1270 2952 1693 3027 ὑπερμαζῶντός
1742 2953 1888 3004 ἐστιν

1980 1863 2224 1919 Creatori
2265 1865 2492 1933 gratiam
2535 1866 2696 1929 habe,
2751 1867 2889 1936 quod
2932 1881 3033 1919 non
3071 1869 3227 1921 modo
3261 1885 3356 1924 nos
3388 1885 3544 1923 crea-

1982 1955 2081 2014 vit,
2114 1970 2294 2008 verum
2327 1956 2490 2009 etiam
2520 1957 2695 2012 tutela
2719 1966 2773 2011 et
2801 1957 3059 2026 prtesidiis
3089 1959 3212 2013 vitae
3247 1962 3543 2030 prospexit.

1982 2043 2132 2110 Quod
2158 2045 2202 2099 si
2231 2047 2421 2102 ovibus
2444 2061 2508 2102 ac
2534 2048 2651 2101 lana
2685 2049 2907 2117 relictis,
2939 2051 3352 2121 necessarioque
3382 2051 3548 2108 Crea-

1984 2134 2116 2189 toris
2143 2135 2381 2189 omnium
2410 2147 2666 2206 apparatu
2692 2147 2893 2206 spreto,
2929 2142 3082 2193 vanis
3104 2142 3541 2211 cogitationibus,

1985 2227 2308 2296 vesanisque
2338 2229 2716 2297 cupiditatibus
2759 2230 2810 2283 in
2848 2230 3029 2284 luxum
3063 2230 3283 2297 etfusus,
3331 2241 3383 2288 et
3427 2233 3551 2304 bys-

1984 2331 2101 2371 sum
2130 2318 2383 2387 requiris,
2413 2330 2467 2374 et
2495 2319 2834 2375 Persicorum
2867 2322 3095 2377 stamina
3144 2323 3401 2376 vermium
3433 2324 3546 2377 eul-

1986 2410 2127 2478 ligis,
2158 2411 2298 2464 unde
2325 2411 2569 2474 evanida,
2604 2420 2661 2465 ut
2693 2413 2765 2465 ita
2799 2411 2996 2479 dicam,
3039 2428 3250 2467 araneae
3279 2412 3378 2465 tela
3414 2428 3546 2467 con—

1986 2512 2239 2558 texatur:
2303 2504 2348 2556 si
2400 2512 2657 2572 pratterea
2717 2503 2997 2556 linctorem
3050 2503 3250 2573 ingenti
3307 2504 3551 2558 mercede

1986 2595 2258 2660 conducis,
2297 2603 2354 2649 nt
2381 2595 2517 2648 mari
2563 2594 2836 2649 cochleam
2887 2607 3131 2660 venatus,
3177 2598 3293 2664 ejus
3322 2596 3551 2650 animal—

1987 2682 2091 2736 culi
2120 2682 2379 2749 sanguine
2404 2692 2604 2735 vestem
2642 2682 2880 2747 inliciat;
2919 2682 2969 2735 id
3020 2696 3146 2735 vero
3184 2682 3412 2736 hominis
3465 2693 3548 2737 est

1988 2772 2273 2827 immodice
2351 2772 2712 2838 lascivientis,
2786 2774 2983 2842 quique
3065 2775 3222 2829 rebus
3298 2774 3552 2827 abutatur

1988 2867 2100 2919 suis
2125 2864 2224 2936 (2),
2254 2880 2352 2920 nec
2377 2865 2590 2928 habeat,
2625 2865 2676 2918 in
2701 2881 2834 2933 quos
2849 2880 2977 2920 usus
3010 2862 3455 2932 superaiﬂuentes
3477 2865 3556 2919 di-

1992 2955 2152 3009 vitias
2181 2953 2434 3010 eifttndat.
2472 2954 2653 3025 quue
2695 2971 2796 3009 non
2848 2956 3136 3021 immerito,
3179 2955 3300 3009 talis
3335 2966 3390 3008 ut
3429 2957 3557 3009 mol-

300 3053 618 3126 ἀνθρώπω,
664 3051 1100 3122 παραχρωμένου
1151 3050 1218 3119 τῇ
1267 3048 1479 3117 κτήσει,
1525 3045 1625 3099 ούκ
1676 3042 1890 3113 ἔχοντος

1993 3045 2061 3100 lis
2091 3062 2154 3100 ac
2178 3045 2538 3110 effeminatus,
2584 3046 2894 3114 cultumque
2940 3061 3002 3100 ac
3049 3057 3361 3099 ornamenta
3395 3046 3556 3099 mise-

298 3149 435 3200 δωυ
458 3145 524 3198 τὺ
559 3141 878 3215 περιττεῦον
905 3139 1091 3211 ἐκχέῃ.
1127 3139 1238 3192 Καὶ
1261 3137 1352 3193 διὰ
1399 3134 1559 3190 τοῦτο
1585 3137 1613 3188 ό
1648 3133 1886 3197 τοιοῦτος

307 3234 655 3308 μαστίζεται,
687 3231 840 3304 παρά
875 3229 969 3284 τοῦ
1010 3228 1341 3298 Εὐαγγελίου
1392 3223 1886 3297 κατηγορούμενος,

304 3332 380 3394 ὼς
422 3328 559 3399 βλὰξ
600 3327 698 3380 καὶ
739 3324 1053 3397 θηλυδρίας,
1111 3323 1335 3393 κόσμοις
1371 3319 1572 3375 ἀθλίων
1614 3318 1887 3391 κορασίων

306 3420 810 3490 καλλωπιζόμενος.

372 3510 563 3565 Ἄλλοι
589 3510 754 3563 πάλιν
787 3507 931 3562 κατά
960 3508 1058 3579 τὴν
1087 3505 1311 3577 γνώμην
1331 3503 1432 3576 τῆς
1456 3504 1649 3576 ὁμοίας
1673 3502 1895 3575 ματαιό-

304 3621 468 3675 τητος
485 3601 738 3674 ἐρασταί·
770 3599 974 3671 μᾶλλον
1013 3599 1093 3662 δὲ,
1119 3597 1255 3669 πρὸς
1284 3597 1346 3650 τὸ
1372 3596 1536 3651 πλέον
1569 3596 1669 3667 τὴν
1695 3596 1896 3649 κακίαν

302 3696 674 3766 ἀσκήσαντες,
698 3692 819 3746 οὐδὲ
848 3692 1010 3764 μέχρι
1036 3691 1145 3746 τῶν
1179 3691 1487 3764 εἰρημένων
1516 3689 1753 3761 ἔστησαν
1794 3688 1896 3758 τῆς

306 3790 505 3859 μωρᾶς
527 3785 772 3850 ἐπινοίας
794 3786 921 3848 τοὺς
951 3785 1131 3856 ὄρους’
1155 3783 1291 3838 ἀλλά
1317 3799 1439 3836 τινα
1473 3780 1637 3853 κενὴν
1663 3781 1894 3850 ὑφαντι-

306 3881 414 3952 κὴν
466 3878 776 3950 ἐξευρόντες
801 3876 898 3930 καὶ
952 3876 1278 3947 περίεργον,
1303 3876 1426 3946 ητις
1463 3877 1532 3945 τῇ
1574 3872 1746 3942 πλοκῇ
1798 3871 1894 3924 τοῦ

311 3975 583 4043 στήμονος
627 3969 765 4041 πρὸς
798 3969 898 4039 τὴν
926 3967 1152 4038 κρόκην,
1188 3966 1291 4037 τῆς
1321 3964 1604 4038 γραφικῆς
1649 3964 1897 4034 μιμεῖται

308 4066 410 4135 τὴν
434 4062 691 4132 δύναμιν,
724 4060 819 4112 καὶ
839 4058 1057 4111 πάντων
1088 4056 1244 4121 ζώων
1260 4060 1373 4122 τοῖς
1397 4055 1624 4117 πέπλοις
1647 4053 1746 4116 τὰς
1769 4069 1899 4126 μορ-

308 4154 418 4222 φὰς
454 4151 863 4221 ἐνσημαίνεται,
897 4149 997 4220 τὴν
1020 4149 1241 4219 ἀνθινὴν
1283 4148 1381 4202 καὶ
1417 4144 1631 4217 μυρίοις
1660 4143 1899 4206 είδώλοις

311 4245 751 4315 πποικιλμένην
788 4242 1190 4313 φιλοτεχνοῦσιν
1216 4238 1442 4311 ἐσθῆτα,
1468 4239 1680 4300 ἑαυτοῖς
1723 4253 1784 4288 τε
1808 4234 1899 4290 καὶ

308 4338 554 4406 γυναιξὶ,
572 4337 670 4391 καὶ
700 4335 906 4390 παισίνο
945 4334 1231 4399 παίζοντες
1261 4331 1468 4396 λοιπὸν,
1494 4331 1554 4383 οὐ
1584 4327 1902 4391 σπουδάζον-

309 4446 424 4491 τες·
457 4426 604 4483 κατά
631 4427 731 4497 τῆς
760 4424 1026 4498 ἀμετρίας
1077 4424 1172 4478 τοῦ
1204 4423 1435 4478 πλούτου
1477 4418 1900 4492 παραχρώμενοι
1930 4452 1975 4508 D

308 4521 392 4592 τῷ
422 4521 626 4590 βίῳ,οῠ
667 4516 960 4590 χρώμενοι,
986 4514 1524 4588 ἀντινομοθετοῦντες
1571 4511 1651 4584 τῷ
1678 4509 1897 4581 Παύλῳ,

310 4612 411 4664 καὶ
448 4611 751 4681 μαχόμενοι
787 4611 908 4671 ταῖς
965 4607 1348 4669 θεοπνεύστοις
1379 4605 1604 4674 φωναῖς,
1636 4603 1698 4656 οὐ
1719 4601 1903 4673 γράμ-

319 4717 512 4771 μασιν,
543 4700 680 4754 ἀλλά
717 4699 1059 4771 πράγμασιν.
1097 4699 1164 4751 Ἃ
1197 4698 1305 4770 γὰρ
1335 4698 1540 4759 ἐκεῖνος
1586 4689 1898 4764 ἀπεκήρυξε

320 4792 486 4862 λόγῳ,
518 4792 675 4846 ταῦθ’
700 4786 846 4846 οὗτοι
880 4790 1140 4864 κρατοῦσι
1174 4791 1268 4844 καὶ
1297 4786 1523 4860 κυροῦσι
1551 4787 1662 4848 τοῖς
1696 4783 1895 4855 ἔργοις.

323 4883 499 4937 ὀταν
524 4879 619 4937 οὖν
664 4884 1012 4955 ἐνδυσάμενοι
1049 4882 1308 4952 φανῶσιν,
1337 4880 1413 4943 ὡς
1458 4881 1626 4949 τοῖχοι
1650 4891 1899 4947 γεγραμ-

326 4975 482 5043 μένοι
522 4975 676 5050 παρά
698 4975 807 5030 τῶν
862 4973 1335 5046 συντυγχανόντων
1368 4969 1621 5044 ὁρῶνται.
1673 4967 1783 5023 Καί
1808 4982 1908 5020 που

321 5068 425 5122 καὶ
460 5069 533 5124 τὰ
564 5068 751 5123 παιδία
803 5067 1000 5131 αὐτοὺς
1033 5065 1408 5137 περιίστανται
1444 5061 1734 5133 μειδιῶντα
1776 5056 1911 5127 πρὸς

323 5158 558 5230 άλληλα,
608 5160 703 5219 καὶ
727 5157 1277 5217 δακτυλοδεικνοῦντα
1307 5155 1406 5225 τὴν
1443 5156 1502 5208 ὲν
1529 5155 1643 5215 τοῖς
1677 5148 1911 5220 ἱματίοις

322 5253 569 5324 γραφήν·
605 5252 880 5323 βαδίζουσι
900 5251 955 5305 δὲ
984 5250 1358 5322 παρεπόμενα,
1395 5248 1493 5299 οὐκ
1524 5241 1910 5314 ἀναχωροῦντα

404 5459 425 5489 ⁸
463 5456 589 5528 Leg.
644 5455 866 5509 πλάδον.
969 5453 991 5484 ³
1022 5452 1185 5506 Sirm.
1217 5451 1385 5522 Apog.
1445 5448 1622 5520 βολήν.

403 5589 476 5658 (Ξ)
519 5588 694 5642 Rebus
728 5587 976 5639 abutatur
1002 5585 1129 5658 suis,
1153 5582 1622 5658 παραχρῳμένου
1646 5578 1729 5658 ⁵τῆ
1762 5578 1905 5648 κτή-

317 5651 644 5727 σεὶίΙλςὶι
670 5659 900 5727 interpr.
939 5655 1135 5717 κτίσει,
1163 5651 1284 5727 cum
1323 5651 1536 5727 reddat:
1583 5651 1733 5727 rebus
1759 5666 1907 5727 creat

321 5730 401 5785 ti:
429 5719 700 5783 abutitur.
754 5719 947 5782 verum
982 5733 1198 5795 praestat
1222 5723 1282 5776 τὸ
1306 5723 1498 5794 κτήσει
1524 5761 1538 5789 ,
1578 5731 1634 5775 ut
1668 5720 1738 5773 sit
1767 5738 1782 5773 :
1816 5719 1906 5788 qui

1743 5446 1766 5477 ⁵
1800 5442 1974 5500 lCnr.
2019 5453 2129 5501 vn,
2171 5434 2260 5490 3L

1994 3150 2175 3190 rarum
2203 3136 2495 3207 puellarum
2528 3144 2822 3200 mutuatus,
2855 3136 3196 3201 vituperaute
3225 3136 3512 3205 Evangelio
3531 3174 3548 3199 ,

1989 3226 2228 3296 vapulat.

2061 3496 2165 3551 Alii
2195 3495 2322 3549 item
2349 3492 2542 3549 similis
2586 3499 2829 3546 amantes
2862 3487 3146 3557 vanitatis;
3172 3488 3301 3558 quin
3322 3488 3433 3543 imo
3463 3500 3557 3541 au-

1994 3590 2255 3647 ctioribus
2287 3586 2463 3641 modis
2504 3584 2696 3639 vitium
2726 3583 3053 3650 excolentes,
3105 3597 3173 3636 ne
3208 3582 3295 3636 hic
3341 3581 3555 3651 quidem

1995 3683 2172 3738 stulta:
2204 3678 2439 3736 solertia!
2473 3677 2605 3731 fines
2636 3675 3034 3731 constituerunt
3072 3692 3087 3730 :
3121 3675 3214 3729 sed
3249 3689 3385 3729 novo
3426 3689 3561 3744 quo-

1996 3779 2115 3831 dam
2149 3790 2212 3829 ac
2238 3783 2644 3843 supervacaneo
2677 3768 2922 3823 texti-inte
2950 3775 3273 3831 commento,
3307 3767 3447 3835 quod
3478 3781 3561 3819 ar-
3660 3826 3671 3837 κ

1996 3878 2101 3923 tem
2131 3868 2438 3937 pictoriam,
2469 3863 2716 3919 staminis
2744 3858 3169 3930 acsnbtegminis
3192 3858 3369 3912 subtili
3400 3872 3549 3911 com-

1998 3959 2244 4030 plexione
2295 3956 2551 4019 imitans,
2593 3953 2831 4007 omnium
2893 3948 3093 4004 formas
3137 3944 3448 4002 animalium
3505 3946 3560 4001 in

1997 4048 2241 4103 vestibus
2281 4045 2572 4114 exprimat,
2607 4040 2817 4102 florida,
2860 4055 2922 4094 ac
2971 4040 3242 4105 sexcentis
3287 4039 3560 4104 variegata

2000 4139 2186 4211 ﬁguris
2223 4136 2565 4200 vestimenta,
2590 4146 2701 4187 tum
2742 4133 2865 4199 sibi,
2895 4141 3005 4185 tum
3028 4132 3305 4192 ux0ribus,
3337 4143 3399 4182 ac
3431 4129 3563 4181 tibe-

1999 4234 2077 4288 ris
2102 4244 2326 4300 operose
2361 4226 2686 4292 conﬁciunt;
2719 4225 2842 4279 ludo
2887 4223 3138 4290 deinceps
3183 4232 3420 4290 agentes,
3456 4234 3563 4272 non

2002 4325 2145 4381 serio
2172 4323 2373 4393 aliquid
2402 4322 2662 4376 facientes
2691 4335 2705 4373 :
2744 4317 2834 4387 qui
2867 4315 3180 4370 divitiarum
3238 4325 3565 4380 exsuperan-

2006 4415 2098 4482 tia,
2151 4412 2348 4468 sacculo
2381 4413 2706 4474 abutantur,
2769 4422 2873 4461 non
2928 4402 3227 4468 utantur‘;
3290 4417 3348 4456 ac
3398 4400 3568 4453 Paulo

2007 4507 2273 4564 contraria
2310 4504 2587 4569 sauciant;
2640 4501 2942 4569 divinisque
2992 4496 3246 4559 vocibus,
3296 4494 3378 4549 sin
3433 4493 3567 4547 scri-

2006 4599 2113 4668 ptis
2140 4612 2205 4652 ac
2262 4594 2464 4661 verbis,
2520 4608 2583 4648 ac
2622 4590 2778 4646 factis
2836 4589 3208 4643 adversentur.
3245 4584 3372 4651 Qua:
3425 4582 3564 4634 enim

2006 4691 2096 4746 ille
2124 4702 2373 4745 sermone
2405 4683 2721 4756 proscripsit
2745 4681 2798 4749 ',
2830 4681 2945 4735 haec
2988 4680 3086 4747 ipsi
3121 4676 3392 4731 mordicus
3439 4671 3568 4726 reti-

2008 4796 2137 4837 nent
2160 4795 2225 4835 ac
2241 4779 2491 4849 operibus
2503 4785 2614 4831 rata
2640 4773 2842 4828 volunt.
2863 4771 2995 4826 Cum
3016 4771 3199 4837 itaque
3223 4765 3415 4818 talibus
3441 4761 3573 4814 ami-

2007 4875 2077 4928 cti
2109 4873 2163 4925 in
2195 4870 2466 4940 publicum
2492 4866 2777 4936 prodeunt,
2820 4871 3077 4929 tanquam
3121 4854 3313 4924 depicti
3341 4850 3572 4921 parietes

2007 4962 2179 5019 obviis
2211 4960 2509 5028 quibusque
2536 4963 2849 5013 cernuntur.
2887 4952 3025 5020 Quin
3054 4959 3110 5004 et
3143 4945 3293 5018 pueri
3324 4941 3574 5012 quamlu-

2006 5069 2112 5126 que
2138 5053 2510 5114 circumstant,
2542 5048 2759 5116 risuque
2788 5055 2976 5099 mutuo
3001 5042 3171 5113 pictas
3201 5039 3253 5092 in
3284 5033 3574 5089 vestimen-

2009 5145 2080 5200 tis
2119 5142 2322 5212 flguras
2357 5139 2535 5196 indice
2587 5143 2909 5199 monstrant,
2951 5146 3016 5185 ac
3069 5140 3208 5200 pone
3258 5130 3573 5191 sequentes,

2007 5249 2148 5307 aegre
2202 5231 2415 5287 tandem
2452 5227 2730 5294 recedunt,
2767 5241 2830 5281 ac
2854 5225 2921 5279 ab
2973 5221 3052 5276 eis
3078 5215 3234 5272 avelli
3272 5213 3572 5284 patiuntur.

2369 5433 2390 5465 '
2428 5429 2449 5483 1
2504 5428 2646 5484 Tim.
2680 5441 2759 5491 tt,
2793 5423 2976 5490 9,10.

2014 5587 2178 5629 censu
2230 5585 2293 5624 ac
2320 5566 2475 5624 bonis
2498 5564 2765 5637 possessis
2801 5561 3069 5623 abutatur,
3099 5570 3242 5613 ma.e
3281 5567 3575 5636 .nspmeus,

2014 5660 2119 5698 non
2147 5642 2198 5695 in
2224 5654 2352 5695 suos
2381 5652 2444 5707 ac
2468 5636 2693 5707 proximi
2735 5642 3061 5704 opportunos
3086 5642 3239 5693 usus,
3265 5641 3327 5682 ac
3362 5641 3416 5681 tn
3446 5636 3580 5694 quos

2019 5716 2155 5769 Deus
2186 5705 2473 5768 concessit.
