4048 6212
454 255 546 312 16⁸1

1720 241 1776 297 S.
1819 237 2089 296 ASTERII
2132 234 2440 293 AMASENI

3602 229 3702 288 {68

455 367 647 425 Videre
675 373 759 420 est
780 362 888 420 illic
910 361 1114 424 leones,
1145 357 1461 430 pantheras,
1490 367 1666 420 ursos,
1697 363 1902 419 tauros,
1933 371 2020 411 ca-

2151 350 2287 422 ιέχρι
2328 347 2545 403 πολλοῦ.
2584 347 2730 400 Ἑκεῖ
2757 346 2970 410 λέοντες
3009 343 3104 400 καὶ
3127 343 3438 418 παρδάλεις·
3487 344 3702 416 ἄρκτοι,

453 477 569 528 nes,
605 458 792 523 silvas,
825 470 978 520 saxa,
1005 459 1263 506 venantes
1299 449 1464 516 viros,
1494 461 1557 504 ac
1585 447 1766 504 omnia
1791 448 2026 518 denique

453 555 598 609 circa
634 565 754 621 quae
778 548 1046 618 pictorum
1069 539 1336 598 industria
1362 548 1606 595 versatur
1632 547 1838 593 naturae
1861 553 2028 593 temu-

455 643 522 700 la.
553 640 787 695 Necesse
823 634 1072 691 videlicet
1095 638 1234 696 erat,
1275 639 1335 686 ut
1356 631 1590 694 videtur,
1624 643 1810 685 eorum
1834 629 2029 684 nedum

455 736 689 806 parietes
728 745 792 785 ac
828 730 1018 783 domos
1057 725 1286 796 picturis
1323 724 1602 790 exornari,
1641 737 1830 780 verum
1864 722 2028 777 etiam

457 825 686 890 tunicas,
735 830 790 877 et
817 820 977 892 pallia
1009 820 1088 875 eis
1119 816 1500 886 superiniecta.

525 1000 702 1073 Siqui
745 1005 923 1054 autem
973 1011 1094 1052 cum
1129 994 1251 1060 viri,
1286 1003 1397 1048 tum
1450 989 1662 1048 feminae
1707 988 1897 1057 exiis,
1943 992 2032 1062 qui

457 1093 659 1148 divitiis
700 1085 941 1154 afﬂuunt,
985 1085 1348 1157 religiosiores
1381 1083 1652 1150 videntur,
1706 1081 1929 1139 collecta
1968 1091 2035 1138 ex

458 1183 682 1241 historia
731 1174 1040 1250 evangelica
1078 1185 1416 1248 argumenta,
1449 1175 1747 1232 textoribus
1776 1173 2038 1250 submitti;-

459 1283 666 1340 straut;
696 1275 868 1342 ipsum
896 1271 1114 1342 inquam
1140 1267 1418 1325 Christum
1449 1277 1693 1323 nostrum
1725 1282 1847 1322 cum
1881 1265 2038 1321 disci-

461 1369 599 1440 pulis
629 1365 910 1430 omnibus;
960 1378 1024 1418 ac
1056 1361 1339 1425 miracula,
1385 1375 1492 1431 qua
1529 1360 1783 1431 quodque
1829 1358 2038 1413 ratione

462 1468 737 1514 narratum
784 1456 1031 1509 habetur.
1069 1453 1292 1508 Videbis
1339 1452 1552 1522 nuptias
1585 1449 1823 1506 Galilaeae
1851 1459 1906 1504 et
1933 1449 2036 1518 hy-

462 1545 636 1610 drias;
665 1542 1036 1614 paralyticum,
1069 1538 1268 1595 lectum
1315 1538 1368 1593 in
1413 1535 1655 1593 humeris
1700 1545 2036 1609 gestantem;

2130 442 2225 496 καὶ
2251 440 2464 512 ταῦροι,
2493 438 2589 493 καὶ
2618 431 2797 502 κύνες·
2826 437 2969 501 ὑλαι,
3010 438 3104 492 καὶ
3133 437 3351 512 πέτραι,
3377 438 3473 492 καὶ
3515 438 3710 510 ἄνδρες

2132 530 2465 602 θηροκτόνοι,
2503 528 2597 582 καὶ
2637 529 2786 581 πᾶσα
2839 529 2873 599 ή
2921 528 3021 599 τῆς
3065 529 3342 601 γραφικῆς
3368 528 3709 601 ἐπιτήδευσις

2135 615 2446 695 μιμουμένη
2481 620 2578 692 τὴν
2633 619 2814 689 φύσιν.
2874 621 3023 674 Ἔδει
3059 621 3168 692 γὰρ
3216 621 3291 692 μὴ
3323 622 3451 684 τοὺς
3498 620 3710 692 τοίχους

2132 715 2312 768 αὐτῶν
2332 712 2513 783 μόνον,
2550 711 2626 775 ὡς
2651 711 2846 777 ἔοικεν,
2883 712 3098 778 καὶτὰς
3141 713 3319 777 οἰκίας
3367 712 3709 785 κοσμεῖσθαι·

2133 807 2268 861 ἀλλὰ
2323 806 2423 877 ’ήδη
2477 805 2570 858 καὶ
2624 804 2751 868 τοὺς
2785 802 3038 874 χιτῶνας,
3093 804 3189 860 καὶ
3247 803 3316 859 τὰ
3365 806 3424 860 ἐν
3486 805 3716 870 ἐκείνοις

2135 899 2346 970 ἱμάτια.

2210 993 2364 1045 Ὅσοι
2397 992 2454 1047 δὲ
2481 995 2576 1048 καὶ
2609 995 2729 1049 ὅσαι
2755 993 2863 1049 τῶν
2915 989 3284 1046 πλουτούντων
3315 990 3396 1062 [ἐν
3435 988 3588 1062 ὑμῖν]
3621 988 3720 1044 εὑ·-

2135 1081 2472 1155 λαδέστεροι,
2508 1086 2898 1158 ἀναλεξάμενοι
2925 1083 3023 1156 τὴν
3061 1080 3417 1153 εὑαγγελικὴν
3453 1080 3714 1153 ἱστορίαν,

2135 1174 2248 1238 τοῖς
2272 1171 2536 1244 ὑφανταῖς
2592 1178 2937 1250 παρέδωκαν·
2986 1174 3150 1229 αὑτὸν
3173 1173 3317 1242 λέγω
3343 1171 3437 1226 τὸν
3485 1171 3720 1243 Χριστὸν

2135 1263 2293 1338 ήμῶν
2329 1268 2468 1339 μετὰ
2499 1269 2610 1324 τῶν
2649 1269 2904 1344 μαθητῶν
2927 1267 3201 1322 ἁπάντων·
3237 1261 3332 1320 καὶ
3367 1264 3475 1318 τῶν
3505 1264 3721 1336 θαυμα-

2141 1359 2268 1414 σίων
2302 1360 2554 1426 ἕκαστον,
2596 1361 2732 1434 ὼςή
2773 1361 3023 1434 διήγησις
3053 1359 3188 1430 ἔχει.
3227 1356 3386 1428 "Od/st
3405 1356 3498 1412 τὸν
3543 1357 3720 1430 γάμον

2137 1450 2239 1520 τῆς
2291 1448 2601 1516 Γαλιλαίας,
2643 1453 2740 1506 καὶ
2790 1452 2892 1516 τὰς
2949 1449 3157 1522 ὑδρίας·
3194 1449 3286 1503 τὸν
3330 1448 3719 1520 παραλυτικὸν,

2139 1542 2239 1614 τὴν
2255 1541 2442 1614 κλίνην
2467 1543 2561 1596 ἐπὶ
2585 1543 2694 1597 τῶν
2710 1543 2876 1616 ὤμων
2900 1543 3153 1614 φέροντα·
3179 1541 3270 1596 τὸν
3289 1540 3488 1610 τυφλὸν
3511 1541 3590 1614 τῷ
3617 1559 3724 1614 πη-

463 1649 692 1698 caecum,
741 1632 911 1686 oblito
957 1630 1070 1684 luto
1121 1639 1398 1694 curatum;
1454 1623 1718 1698 profluvio
1763 1626 2040 1698 sanguinis

2151 1632 2217 1704 λῷ
2249 1633 2710 1706 θεραπευόμενον·
2743 1634 2843 1706 τὴν
2867 1632 3270 1706 αἱμοῤῥοοῦσαν
3290 1633 3384 1686 τοῦ
3415 1633 3722 1705 κρασπέδου

462 1725 795 1780 laborantem
822 1723 1100 1787 fetninam,
1139 1718 1408 1774 fimbriam
1431 1718 1888 1788 prehendentem;
1918 1734 2040 1786 pec-

2151 1725 2582 1798 λαμϐανομένην·
2613 1727 2711 1798 τὴν
2757 1724 3081 1798 ἁμαρτωλὸν
3121 1727 3234 1788 τοῖς
3281 1725 3438 1778 ποσὶν
3483 1723 3574 1778 τοῦ
3616 1724 3723 1796 Ἰη-

463 1819 738 1882 catricem,
772 1812 838 1869 ad
893 1813 1054 1884 pedes
1105 1808 1232 1867 Iesu
1281 1810 1652 1876 accidentem;
1710 1802 1977 1864 Lazarum
2009 1825 2040 1865 e

463 1910 708 1981 sepulcro
759 1907 824 1960 ad
883 1907 1046 1960 vitam
1117 1905 1470 1958 redeuntem:
1533 1901 1768 1971 dumque
1820 1902 1933 1955 inec
1967 1901 2042 1953 fa-

464 2004 630 2066 ciunt,
675 2002 760 2069 pie
783 2014 840 2053 se
877 1997 1081 2061 facere,
1115 1997 1274 2065 idque
1322 1987 1622 2050 indumenti
1659 2009 1848 2065 genus,
1899 1995 2038 2063 quod

466 2090 572 2147 Deo
603 2104 812 2164 gratum
844 2091 933 2154 sit,
971 2085 1194 2144 induere
1225 2084 1579 2143 arbitrantur.
1613 2088 1679 2142 At
1707 2103 1793 2142 me
1819 2088 2039 2156 quidem
2064 2111 2078 2129 ο

467 2187 509 2240 si
539 2185 783 2248 audiant,
819 2183 938 2236 istis
981 2181 1295 2245 divenditis,
1329 2181 1476 2235 vivas
1510 2179 1598 2232 Dei
1645 2179 1907 2250 imagines
1946 2192 2042 2232 co-

466 2275 600 2329 lant.
628 2273 745 2328 Noli
788 2273 1065 2328 Christum
1099 2271 1321 2342 pingere
1350 2270 1426 2343 (5)
1455 2271 1608 2342 (satis
1654 2271 1799 2326 enim
1837 2269 1913 2324 illi
1939 2278 2042 2332 est,

470 2383 576 2420 una
630 2365 717 2420 illa
774 2365 1231 2434 iucorporatiouis
1277 2363 1572 2429 humilitas,
1631 2377 1795 2432 quam
1854 2367 2046 2430 sponte

469 2455 638 2510 nostri
673 2467 836 2508 causa
882 2452 1178 2523 suscepit),
1218 2452 1344 2520 quin
1376 2450 1602 2521 spiritali
1653 2451 1862 2506 ratione
1915 2450 2047 2505 Ver-

468 2543 598 2600 bum
638 2545 1010 2613 incorporeum
1054 2535 1275 2614 gestans
1301 2541 1502 2606 animo,
1538 2540 1849 2598 circumfer.
1877 2539 1958 2597 Ne
1991 2541 2046 2597 in

468 2637 713 2693 veStibus
756 2634 1107 2705 paralyticum
1161 2635 1330 2700 habe,
1374 2635 1469 2689 sed
1514 2633 1790 2689 infirmum
1825 2635 2049 2690 decum-

468 2725 685 2782 hentem
715 2726 952 2796 require.
990 2725 1070 2779 Ne
1101 2725 1380 2779 mulierem
1415 2725 1695 2795 sanguinis
1720 2724 1869 2780 fluxu
1899 2726 2048 2781 labo-

473 2823 680 2866 rautem
708 2814 909 2882 jugiter
937 2809 1146 2880 aspice;
1182 2812 1276 2866 sed
1304 2812 1478 2866 viduae
1511 2813 1721 2868 afﬂictae
1759 2814 2041 2873 miserere.

471 2903 550 2959 Ne
569 2897 934 2974 peccatricem
985 2899 1051 2957 ad
1105 2900 1315 2956 Domini
1375 2918 1546 2972 genua
1605 2905 2046 2974 procumbentem

473 2993 779 3066 diligentius
816 3003 1110 3058 coniuere;
1140 2991 1234 3047 sed
1263 3002 1476 3047 tuorum
1509 2993 1764 3048 memoria
1793 3005 2043 3064 peccato-

475 3101 594 3142 rum
633 3085 920 3150 contritus,
967 3087 1162 3141 uberes
1192 3083 1460 3158 lacrytnas
1495 3087 1699 3142 emitte.
1746 3085 1823 3142 Ne
1861 3102 2047 3142 resur-
2075 3055 2121 3116 c

475 3193 688 3253 gentem
725 3197 790 3236 ex
841 3181 1071 3235 mortuis
1102 3176 1368 3235 Lazarum
1418 3181 1610 3251 pinge;
1661 3181 1755 3234 sed
1807 3179 2050 3235 idoneam

478 3286 582 3330 tua:
630 3273 1044 3330 resurrectionis
1089 3273 1458 3328 defensionem
1501 3287 1652 3342 para.
1691 3271 1808 3327 Noli
1850 3287 2051 3326 caacum

476 3367 530 3420 in
553 3373 704 3420 veste
739 3362 1124 3430 circumferre;
1159 3363 1252 3417 sed
1288 3363 1557 3416 viventem
1593 3378 1795 3417 caecum
1844 3363 2046 3417 benefi-

477 3456 577 3511 ciis
634 3453 830 3510 solare.
892 3450 1012 3506 Noli
1080 3451 1340 3522 cophinos
1393 3451 1739 3522 reliquiarum
1797 3453 2050 3524 pingere;

477 3546 573 3602 sed
611 3544 912 3601 esurientes
942 3557 1121 3613 pasce.
1164 3540 1239 3598 Ne
1272 3542 1496 3613 hydrias
1538 3544 1590 3598 in
1613 3545 1854 3600 vestibus
1882 3555 2051 3616 gesta,

479 3652 614 3708 quas
643 3637 866 3708 replevit
899 3635 976 3707 (4)
1017 3636 1068 3690 in
1111 3633 1259 3691 Cana
1290 3635 1557 3703 Galilaaaz;
1597 3637 1687 3692 sed
1719 3637 1921 3693 sitienti
1962 3653 2056 3709 po-

480 3737 592 3784 tum
623 3727 819 3797 prmhe.
853 3726 1125 3781 Hactenus
1163 3725 1316 3781 nobis
1349 3725 1627 3794 splendida
1653 3727 1744 3782 illa
1771 3743 1834 3783 ac
1862 3743 2054 3799 super-

481 3819 549 3875 ba
608 3816 778 3872 vestis
832 3814 1016 3870 divitis
1069 3813 1313 3883 profuit:
1370 3813 1512 3870 haud
1546 3829 1677 3869 vero
1729 3814 2046 3885 negligenda

480 3917 605 3964 sunt
627 3906 928 3976 sequentia.
959 3902 1130 3958 ιλιιιυὶ
1162 3918 1393 3974 namque
1415 3904 1677 3970 vestium,
1710 3918 1775 3959 ac
1807 3890 2059 3973 purpurae

483 4008 539 4056 et
567 4002 751 4070 bysso,
785 3997 1050 4067 splendidi
1081 3997 1133 4050 in
1165 3997 1407 4066 singulos
1433 3997 1547 4052 dies
1572 3996 1806 4052 convivii
1838 3995 2060 4050 delicias

485 4092 748 4161 adiunxit.
787 4090 944 4145 Paria
975 4089 1241 4159 siquidem
1291 4105 1356 4145 ac
1405 4090 1648 4159 ejusdem
1693 4093 1858 4148 animi
1901 4093 2058 4147 ambo

484 4183 620 4246 haec,
670 4179 842 4235 inutili
894 4179 1149 4247 inanique
1196 4179 1423 4233 vestium
1477 4180 1770 4237 ambitione
1809 4183 2060 4240 lascivius

484 4275 690 4340 ornari,
718 4276 1002 4343 ventrique
1037 4286 1100 4326 ac
1128 4270 1265 4342 gula:
1301 4269 1513 4325 mollius
1545 4273 1773 4328 servire.

2145 1814 2242 1869 σοῦ
2268 1817 2739 1889 προσπίπτουσαν·
2764 1816 2855 1870 τὸν
2891 1815 3140 1888 Λάζαρον
3169 1817 3234 1870 ἐκ
3262 1814 3358 1868 τοῦ
3386 1815 3559 1886 τάφου
3589 1817 3726 1888 πρὸς

2141 1909 2239 1980 τὴν
2261 1908 2404 1980 ζωὴν
2427 1908 2860 1981 ὑποστρέφοντα.
2895 1907 3006 1962 Καὶ
3033 1907 3207 1962 ταῦτα
3242 1906 3544 1973 ποιοῦντες,
3579 1909 3730 1963 εύσεο

2145 2001 2258 2055 6εῖν
2292 2001 2594 2073 νομίζουσι,
2627 2003 2722 2056 καὶ
2751 2002 2943 2072 ἱμάτια
2971 2003 3343 2074 κεχαρισμένα
3374 2001 3452 2072 τῷ
3489 2001 3608 2073 Θεῷ
3628 2004 3729 2076 ἀμ-

2145 2093 2480 2163 φιέννυσθαι.
2529 2093 2697 2167 Ἐμὴν
2732 2094 2788 2148 δέ
2808 2094 3122 2165 είδέχονται
3176 2093 3505 2166 συμϐουλὴν,
3545 2097 3729 2150 ἐκεῖνα

2147 2183 2517 2254 πωλήσαντες,
2547 2184 2645 2249 τὰς
2676 2182 2856 2250 ζώσας
2877 2186 3092 2249 εἰκόνας
3118 2185 3212 2238 τοῦ
3235 2185 3371 2238 Θεοῦ
3417 2187 3730 2258 τιμησάτω-

2147 2293 2266 2333 σαν.
2295 2278 2386 2349 Μὴ
2409 2278 2587 2350 γράφε
2619 2279 2711 2331 τὸν
2740 2277 2973 2348 Χριστὸν
3017 2279 3199 2348 (ἀρκεῖ
3222 2277 3332 2348 γὰρ
3362 2278 3511 2349 αὑτῷ
3554 2280 3586 2349 ή
3633 2279 3732 2350 μία

2147 2369 2246 2439 τῆς
2273 2367 2715 2439 ἐνσωματώσεως
2743 2369 3242 2442 ταπεινοφροσύνη,
3273 2370 3340 2440 ἢν
3393 2370 3731 2442 αὐθαιρέτως

2147 2463 2216 2516 δι’
2248 2464 2396 2535 ἡμᾶς
2421 2461 2789 2530 κατεδέξατο),
2841 2462 2936 2516 ἐπὶ
2961 2461 3019 2514 δὲ
3051 2461 3152 2531 τῆς
3175 2461 3354 2532 ψυχῆς
3390 2477 3502 2526 σου,
3539 2461 3733 2532 βαστά-

2150 2554 2259 2621 ζων
2291 2554 2497 2627 νοητῶς
2521 2555 2613 2609 τὸν
2669 2554 2959 2626 ἀσώματον
2982 2553 3155 2622 Λόγον
3189 2553 3474 2625 περίφερε.
3505 2555 3596 2626 Μὴ
3618 2535 3734 2619 τοῖς

2153 2646 2390 2718 ἱματίοις
2435 2645 2526 2716 ἔχε
2575 2645 2667 2698 τὸν
2722 2644 3114 2717 παραλυτικόν·
3150 2643 3288 2698 ἀλλὰ
3343 2644 3434 2698 τὸν
3481 2644 3733 2717 κείμενον

2150 2738 2431 2810 ἄρρωστον
2465 2734 2817 2807 ἐπιζήτησον.
2852 2736 2944 2806 Μὴ
2991 2736 3195 2807 ἱστόρει
3227 2735 3466 2808 συνεχῶς
3496 2736 3595 2807 τὴν
3649 2738 3736 2791 al‘

2154 2827 2512 2901 μορῤοοῦσαν·
2542 2826 2678 2880 ἀλλὰ
2700 2827 2875 2899 χήραν
2897 2826 3224 2898 θλιϐομένην
3250 2827 3490 2900 ἐλέησον.
3521 2829 3612 2900 Μὴ
3629 2830 3736 2902 τὴν

2153 2915 2471 2988 ἁμαρτωλὸν
2496 2917 2729 2985 γυναῖκα
2759 2915 3033 2987 ἐπιμελῶς
3075 2917 3179 2989 ὅρα
3211 2917 3612 2987 γονυπετοῢσαν
3643 2919 3738 2974 τὸν

2151 3011 2374 3084 Κύριον·
2397 3010 2514 3065 ἀλλ’
2545 3011 2637 3065 ἐπὶ⁵
2665 3013 2778 3075 τοῖς
2797 3011 2962 3064 αὑτοῦ
2997 3011 3432 3084 πλημμελήμασι
3459 3012 3738 3084 συντριϐόι

2155 3121 2337 3175 μενος,
2356 3104 2561 3158 πυκνὸν
2601 3104 2790 3176 ἔκχεον
2828 3105 2888 3160 τὺ
2933 3105 3190 3177 δάκρυον.
3225 3107 3319 3178 Μὴ
3361 3107 3452 3162 τὸν
3487 3105 3735 3180 Λάζαρον

2155 3195 2507 3266 ἐγειρόμενον
2551 3198 2615 3250 ἐκ
2654 3199 2863 3269 νεκρῶν
2910 3199 3262 3270 σκιαγράφει·
3309 3199 3446 3253 ἀλλὰ
3495 3200 3596 3270 τῆς
3639 3199 3739 3270 σῆς

2153 3290 2501 3352 ἀναστάσεως
2520 3289 2731 3361 ἀγαθὴν
2757 3291 2855 3362 τὴν
2886 3290 3184 3359 ἀπολογίαν
3206 3289 3517 3360 εὐτρέπιζε.
3534 3291 3625 3362 Μὴ
3647 3290 3741 3345 τὸν

2152 3378 2350 3448 τυφλὸν
2378 3379 2470 3431 ἐπὶ
2495 3379 2597 3449 τῆς
2644 3379 2872 3450 ἐσθῆτος
2922 3380 3207 3452 περίφερε·
3250 3380 3386 3435 ἀλλὰ
3418 3381 3510 3436 τὸν
3539 3381 3740 3447 ζῶντα,

2155 3470 2250 3522 καὶ
2279 3468 2388 3523 τῶν
2419 3469 2594 3538 ὄψεων
2623 3469 2979 3542 ἀφῃρημένον
3023 3472 3144 3534 ταῖς
3178 3471 3448 3535 εὑποιίαις
3494 3489 3745 3543 παραμυο

2155 3559 2273 3615 θοῦ.
2298 3560 2390 3634 Μὴ
2421 3561 2548 3624 τοὺς
2577 3561 2831 3631 κοφίνους
2859 3561 3138 3632 ζωγράφει
3160 3561 3268 3616 τῶν
3287 3561 3572 3630 λειψάνων·
3605 3564 3746 3618 ἀλλὰ

2154 3650 2321 3723 τρέφε
2341 3651 2467 3716 τοὺς
2495 3651 2814 3716 πεινῶντας.
2853 3653 2944 3725 Μὴ
2981 3653 3080 3718 τὰς
3118 3655 3307 3726 ὑδρίας
3336 3655 3430 3710 ἐπὶ
3471 3657 3580 3710 τῶν
3605 3659 3739 3728 ἱμα-

2157 3743 2284 3796 τίων
2308 3743 2562 3814 βάσταζε,
2597 3743 2662 3808 ἃς
2677 3743 2736 3797 ὲν
2754 3745 2910 3816 Κανᾷ
2931 3745 3220 3809 Γαλιλαίας
3250 3745 3589 3818 ἐπλήρωσεν·
3605 3749 3748 3804 ἀλλὰ

2159 3836 2345 3902 πότιζε
2390 3837 2482 3890 τὸν
2526 3835 2784 3906 διψῶντα.
2841 3839 2965 3892 Ἐπὶ
3020 3837 3194 3893 ταῦτα
3219 3841 3365 3910 ἡμᾶς
3395 3840 3645 3911 ὠφέλησε
3681 3846 3747 3896 τὸ

2160 3931 2508 4004 ὑπερήφανον
2547 3929 2753 4001 ἔνδυμα
2783 3931 2878 3986 τοῦ
2935 3932 3216 3986 πλουσίου·
3263 3935 3323 3987 οὑ
3379 3935 3488 4006 μὴν
3517 3935 3635 3989 οὑδέ
3673 3936 3745 3990 τὰ

2159 4021 2286 4092 ἐξῆς
2302 4023 2642 4094 περιοπτέον.
2668 4024 3029 4094 Προστίθεικε
3055 4025 3166 4096 γὰρ
3189 4027 3254 4097 τῇ
3277 4026 3529 4099 πορφύρᾳ
3561 4027 3655 4080 καὶ
3674 4031 3745 4100 τῇ

2163 4113 2364 4186 βύσσῳ,
2391 4115 2454 4170 τδ
2490 4119 2704 4188 τρυφᾷν
2733 4117 2856 4171 καθ’
2885 4119 3100 4190 ἡμέραν
3132 4118 3420 4190 λαμπρῶς·
3446 4122 3660 4185 πάντως
3686 4120 3746 4175 δὲ

2158 4205 2260 4276 τῆς
2281 4208 2409 4277 μιᾶς
2435 4207 2661 4278 γνώμης
2683 4208 2990 4280 ἀμφότερα.
3041 4209 3102 4262 τὸ
3129 4209 3224 4263 καὶ
3251 4213 3316 4281 τῇ
3349 4213 3608 4284 ἀχρήστῳ
3652 4230 3746 4282 φι-

2159 4296 2381 4368 λοτιμίᾳ
2431 4298 2538 4351 τῶν
2581 4297 2908 4368 ἐσθημάτων
2949 4299 3472 4368 ἐγκαλλωπίζεσθαι,
3529 4304 3624 4357 καὶ
3675 4307 3744 4376 τῇ

2089 4396 2138 4456 ι)
2164 4388 2362 4459 γαστρὶ
2381 4388 2476 4442 καὶ
2491 4392 2556 4461 τῇ
2584 4390 2821 4462 φάρυγγι
2853 4389 3125 4445 δουλεύειν
3145 4392 3458 4462 ήδυπαθῶς.

555 4472 813 4542 Voluptas
846 4471 1027 4540 itaque
1056 4483 1121 4523 ac
1158 4466 1367 4523 delicia!
1387 4506 1403 4532 ,
1436 4468 1652 4524 virtutis
1683 4471 1864 4526 studio
1900 4487 2060 4539 repu-

486 4573 696 4634 gnant:
752 4571 982 4630 suntque
1016 4576 1124 4627 res,
1177 4562 1416 4615 animum
1466 4561 1765 4615 addicentis
1815 4562 2057 4618 mollitiei

487 4674 551 4714 ac
582 4656 910 4724 dill'usionis;
963 4657 1370 4726 imntodicaeque
1413 4654 1812 4721 delectationis,
1849 4672 1913 4712 ac
1955 4657 2058 4713 illi-

561 4841 635 4911 (5)
679 4836 806 4911 Noli
832 4834 1097 4911 Christum
1131 4836 1359 4911 pingere.
1389 4833 1690 4911 Locushic
1719 4831 1879 4911 paulo
1908 4831 2068 4911 aliter

487 4903 686 4966 citittnr
717 4910 769 4962 itt
817 4923 888 4960 vn
924 4903 1150 4977 synodo,
1185 4917 1292 4959 act.
1329 4905 1381 4970 6,
1425 4903 1620 4977 additis
1652 4903 1839 4977 verbis
1871 4907 2066 4977 quibus

491 4999 548 5034 se
577 4982 706 5034 satis
727 4975 973 5032 Asterius
1001 4977 1256 5045 explicat,
1287 4987 1343 5026 ut
1371 4990 1475 5027 non
1503 4975 1768 5041 picturam
1795 4975 2060 5036 absolute,

493 5056 582 5103 sed
617 5050 810 5103 nimios
857 5055 1100 5116 sumptus
1133 5046 1362 5116 vestium
1404 5045 1814 5116 picturatartnn,
1869 5045 1981 5116 qni
2010 5045 2063 5096 itt

494 5135 756 5187 pauperes
805 5112 994 5171 essent
1037 5114 1336 5187 erogandi,
1367 5112 1655 5187 vituperet
1684 5112 2064 5187 :_Mi)_yp_dgos

491 5180 580 5242 τὸν
611 5189 844 5259 Χριστζν
878 5189 936 5259 ἐν
968 5185 1222 5259 ἱματίοις,
1258 5183 1392 5237 ἀλλὰ
1434 5181 1631 5259 μᾶλλον
1668 5181 1765 5252 τὴν
1797 5180 1906 5235 τῶν
1925 5180 2068 5259 ἰάνα-

493 5251 760 5327 λωμάτων
817 5251 1020 5327 τούτων
1081 5255 1326 5327 δαπάνην
1379 5251 1614 5327 πτωχοῖς
1670 5251 2061 5327 προσπορίζου.

506 5321 688 5396 Ἀρκεί
733 5327 842 5398 γὰρ
879 5326 1027 5398 αὑτῷ
1067 5327 1101 5392 ἡ
1139 5325 1235 5398 μία
1278 5321 1376 5394 τῆς
1409 5321 1847 5398 ἐνσώματώσεως
1878 5321 2066 5398 ταπείτ

494 5393 677 5460 νωσις.
716 5393 874 5450 «Noli
905 5393 1177 5452 Christum
1221 5397 1272 5449 in
1308 5393 1643 5448 vestimentis
1685 5394 1924 5461 pingere,
1973 5393 2065 5446 sed

497 5472 673 5537 potius
702 5471 888 5520 horum
935 5479 1182 5536 sumptus
1212 5465 1539 5537 pauperihus
1566 5460 1994 5537 erogazﬁttﬂicit
2017 5463 2065 5516 ei

498 5530 600 5590 una
629 5530 1075 5605 incorporationis
1103 5530 1432 5590 Ιιιιιιὶίίίιέιε.»
1458 5535 1515 5588 S.
1538 5543 1716 5586 tattten
1736 5530 2067 5605 Nicephorius

497 5608 570 5662 ita
616 5608 748 5660 citat
781 5601 852 5662 ἰιι
897 5604 1123 5662 habetur
1162 5607 1264 5671 hic,
1305 5621 1368 5658 ac
1415 5605 1565 5674 longa
1614 5601 2069 5657 commentatione

496 5677 746 5741 explicat.

2232 4480 2424 4551 Τρυφὴ
2462 4481 2643 4536 τοίνυν
2685 4484 2832 4536 ἐστὶν
2875 4485 3106 4556 πρᾶγμα
3149 4485 3405 4556 πολέμιον
3457 4486 3747 4557 φιλαρέτου

2166 4568 2329 4642 ζωῆς·
2357 4571 2610 4641 βλακείας
2636 4571 2692 4626 δέ
2717 4575 2810 4627 καὶ
2841 4573 3141 4646 διαχύσεως
3169 4575 3478 4646 δουλούσης·
3515 4578 3748 4631 ἀπολαύ-

2168 4679 2305 4726 σεως
2327 4661 2590 4735 ἀμέτρου,
2623 4664 2719 4718 καὶ
2766 4666 3208 4738 ἀνδραποδώδους
3265 4668 3574 4739 συνηθείας.
3637 4668 3747 4722 Καὶ

2237 4838 2312 4918 (ι)
2355 4839 2499 4902 Quae
2540 4840 2769 4906 replevit.
2803 4837 3336 4918 Corrigit_Dnc:eus,
3387 4844 3744 4918 ἐπλήρωσαν,

2162 4910 2519 4986 repleverunt,
2557 4923 2626 4986 eo_
2672 4914 2815 4978 quod
2871 4910 3009 4980 apud
3048 4912 3310 4986 Joannem
3353 4918 3445 4979 sit,
3493 4910 3586 4970 καὶ
3619 4910 3747 4986 ἐγέέ-

2167 4993 2352 5048 μισαν,
2401 4988 2449 5030 et
2503 4979 2863 5045 impleverunt,
2908 4979 3017 5035 etc.
3084 4983 3286 5039 Verum
3341 5001 3460 5040 cum
3532 4979 3748 5042 codices

2167 5063 2392 5126 numero
2429 5049 2686 5126 singulari
2741 5059 3054 5126 constanter
3091 5053 3348 5118 efferant,
3383 5057 3660 5126 possitque
3691 5060 3744 5111 in

2164 5116 2436 5198 Christum
2463 5117 2726 5198 ,νείειςι-ἰ,Δ
2759 5122 2852 5189 qui
2903 5122 3113 5178 dicatur
3169 5116 3587 5198 fecisse,'_quod'
3627 5126 3746 5192 ejus

2161 5188 2314 5263 jussu
2345 5204 2372 5263 ιι
2407 5189 2669 5243 ministris
2695 5188 2903 5263 factum
2934 5201 3046 5263 est,
3091 5209 3189 5249 usu
3231 5188 3602 5263 receptissima
3628 5188 3750 5250 nar-

2169 5258 2396 5336 rationis
2423 5261 2785 5336 _compendio,
2836 5261 2967 5315 nihil
3022 5278 3134 5336 Ipse
3176 5258 3488 5336 ntutan'dutn
3540 5267 3749 5336 putavi.

2167 5327 2388 5406 Accedit
2423 5329 2594 5396 ipsum
2640 5344 2832 5406 revera
2862 5345 2929 5406 ae
2974 5327 3220 5406 proxime
3247 5335 3523 5389 Christum
3540 5327 3748 5403 'imple-

2167 5404 2334 5479 visse,
2381 5413 2487 5479 non
2529 5414 2687 5466 aqua,
2741 5404 2850 5479 sed
2883 5404 3028 5479 vino,
3082 5405 3223 5479 quod
3262 5419 3327 5479 ex
3374 5421 3513 5473 aqua
3568 5406 3620 5459 in
3667 5406 3748 5460 eis

2173 5467 2334 5548 fecit;
2389 5467 2563 5548 cuius,
2615 5485 2719 5524 non
2766 5472 2968 5548 prioris
3003 5467 3326 5548 iutplctionis
3374 5467 3748 5544 sacramento,

2172 5536 2275 5590 illis
2307 5541 2510 5609 hydriis
2541 5536 2814 5596 veneratio
2845 5536 3095 5598 accessit:
