4034 6204
306 237 404 298 169

1316 238 1595 295 ιιυιιιιιΑ
1636 242 1676 297 l.
1720 243 1807 297 DE
1840 242 2070 301 DlViTE
2109 242 2196 299 ET
2238 243 2530 300 LAZARO.

3440 252 3545 310 I70

303 355 599 427 λεγόμενον
644 355 744 425 μὲν
773 354 831 408 τὸ
865 355 1096 425 πρᾶγμα
1122 354 1181 407 ἓν
1226 372 1277 407 τι
1320 356 1588 420 φαίνεται·
1623 355 1866 423 ἐξεταζό-

1979 360 2171 416 beraiis
2219 359 2644 415 consuetudinis.
2709 358 2773 412 Et
2820 374 3131 431 quanquam
3186 376 3274 418 res
3320 379 3425 419 una
3479 383 3540 422 ac

303 469 469 524 μενον
495 452 557 505 δὲ
578 451 719 505 κατά
756 450 916 521 μέρος
943 451 1039 505 καὶ
1081 450 1581 522 κατηγορούμενον,
1610 454 1674 506 ὲκ
1699 452 1875 507 ποικί-

298 543 405 615 λης
454 545 554 598 καὶ
606 543 837 605 πλείονος
884 542 978 594 καὶ
1008 541 1380 611 πολυκεφάλου
1408 543 1604 607 κακίας
1636 543 1747 614 ἔχει
1779 544 1875 616 τὴν

303 637 593 689 σύστασιν.
625 633 806 704 Τρυφὴ
860 633 971 706 γὰρ
1012 634 1112 687 οὐκ
1146 633 1211 687 ἂν
1258 632 1484 702 γένοιτο,
1520 636 1595 707 μὴ
1656 636 1875 700 πολλαῖς

300 726 601 797 αὐξηθεῖσα
632 727 751 787 ταῖς
796 724 971 788 ὕλαις.
1028 724 1198 790 Ὕλας
1228 726 1285 779 δὲ
1336 727 1565 780 πλούτου
1604 728 1874 800 σωρεῦσαι

298 818 721 887 ἀναμαρτήτως,
761 817 1064 887 ἀμήχανον·
1111 817 1249 889 πλὴν
1291 818 1340 871 εί
1381 818 1453 887 μή
1483 835 1607 885 τινι,
1647 818 1790 873 κατά
1815 821 1874 873 τὸ

298 908 547 968 σπάνιον,
596 905 673 968 ὡς
714 905 792 976 τῷ
830 905 983 968 Ἰὼὸ,
1016 904 1276 976 συμϐαίη,
1326 908 1419 960 καὶ
1451 906 1697 962 πλουτεῖν
1721 908 1873 979 δαψι-

291 996 425 1060 λῶς,
457 997 551 1050 καὶ
576 995 678 1067 ζῇν
702 995 845 1049 κατά
868 995 929 1048 τὸ
949 995 1156 1049 δίκαιον
1206 998 1461 1070 ἀκριϐῶς.
1494 1001 1585 1052 Δεῖ
1601 1000 1776 1055 τοίνυν
1797 1001 1874 1071 τῷ

292 1087 596 1157 τρυφῶντι,
626 1087 842 1159 πρῶτον
883 1087 983 1157 μὲν
1010 1087 1183 1151 οίκίας
1216 1090 1556 1154 πολυτελοῦς,
1588 1092 1750 1164 ψήφῳ
1779 1094 1873 1147 καὶ

296 1177 473 1241 λίθοις
498 1178 590 1232 καὶ
628 1178 815 1249 χρυσῷ
845 1179 982 1232 κατά
1019 1180 1117 1242 τάς
1170 1180 1387 1251 νύμφας
1431 1186 1869 1257 κεκοσμημένης·

300 1271 440 1341 πρὸς
474 1271 527 1322 δὲ
553 1271 652 1334 τὰς
685 1269 985 1339 ἐξαλλαγὰς
1013 1272 1120 1325 τῶν
1148 1272 1306 1344 ὡρῶν
1332 1275 1423 1328 τοῦ
1470 1277 1714 1331 ἐνιαυτοῦ
1748 1280 1872 1332 ἐπι-

290 1361 526 1431 τηδείως
547 1362 799 1430 ἐχούσης.
843 1363 1096 1430 Ζητεῖται
1131 1364 1238 1435 γάρ
1268 1365 1464 1436 θερμὴ,
1509 1367 1720 1439 ἀλεεινὴ
1774 1370 1872 1440 μὲν

290 1455 325 1521 ἡ
352 1453 448 1506 τοῦ
477 1452 766 1523 χειμῶνος,
797 1454 890 1506 καὶ
918 1456 1265 1525 τετραμμένη
1280 1457 1416 1527 πρὸς
1444 1458 1540 1527 τὴν
1561 1459 1750 1513 ἀκτῖνα
1774 1460 1873 1530 τῆς

288 1543 667 1614 μεσημϐρίαςο
693 1546 1116 1615 ἀναπεπταμένη
1148 1545 1204 1597 δὲ
1235 1546 1371 1617 πρὸς
1386 1548 1484 1617 τὴν
1509 1549 1728 1618 ἄρκτον,
1782 1550 1872 1604 θε-

286 1634 438 1701 ρινή·
462 1632 552 1685 ἴνα
574 1632 796 1696 λεπταῖς
822 1632 958 1702 ὁμοῦ
985 1634 1078 1685 καὶ
1098 1632 1331 1705 ψυχραῖς
1362 1639 1481 1699 ταῖς
1509 1636 1707 1709 αύραις
1754 1643 1873 1704 ταῖς

1975 451 2199 522 simplex
2230 451 2495 519 videatur,
2529 460 2586 504 ut
2618 451 2839 522 pr0pius
2876 462 3052 507 tamen
3082 454 3340 524 inspicias
3374 472 3437 512 ac
3463 461 3538 514 si-

1974 542 2196 609 gillatim
2226 542 2528 605 examines,
2568 555 2597 595 e
2637 543 2786 594 varia
2842 557 2904 595 ac
2957 543 3236 613 multiplici
3286 546 3541 602 vitiorum

1975 632 2200 686 colluvie
2241 630 2468 685 conﬂata
2510 631 2825 701 reperietur.
2870 631 3114 686 Deliciari
3157 635 3299 688 enim
3341 636 3544 705 absque

1976 725 2183 792 magnis
2228 723 2576 778 facultatibus
2625 723 2765 777 baud
2821 723 3012 791 possis.
3057 724 3413 780 Accumulare
3448 742 3546 780 au-

1977 825 2083 868 tem
2122 815 2340 870 divitias
2368 816 2504 870 citra
2531 825 2831 883 peccatum,
2861 813 3225 882 impossibile;
3254 815 3353 869 nisi
3383 816 3539 870 alicui

1976 905 2139 975 (quod
2170 905 2323 959 valde
2354 905 2557 973 rarum)
2589 904 2734 975 large
2773 902 2931 957 simul
2962 903 3179 958 divitem
3210 919 3349 969 esse,
3382 906 3543 958 sedu-

1976 993 2132 1062 loque
2185 993 2449 1064 justitiam
2514 992 2712 1058 colere,
2772 993 2849 1046 uti
2903 989 3002 1046 Job
3058 994 3351 1064 contingat.
3404 996 3542 1048 Ante

1974 1083 2152 1137 omnia
2180 1091 2382 1147 autem,
2412 1085 2461 1137 ei
2500 1083 2583 1137 cui
2634 1084 2777 1138 laute
2817 1082 3153 1153 delicateque
3194 1085 3376 1140 vivere
3412 1100 3539 1152 pro-

1972 1174 2230 1244 positum,
2270 1176 2429 1231 domo
2465 1192 2599 1246 opus
2641 1186 2724 1231 est
2775 1180 2969 1234 cultius
3012 1192 3309 1248 exstructa,
3347 1192 3539 1237 actcs-

1973 1266 2178 1321 sellulis
2226 1266 2303 1337 (5)
2359 1268 2659 1338 lapillisque
2722 1278 2777 1323 et
2823 1286 2954 1324 auro
3001 1286 3319 1342 Sponsarum
3364 1274 3537 1330 instar

1972 1366 2161 1410 ornata
2200 1374 2214 1411 :
2251 1365 2364 1411 tum
2391 1359 2550 1413 etiam
2581 1361 2647 1413 ad
2698 1362 3019 1415 mutationes
3055 1371 3355 1431 temporum
3382 1367 3536 1419 anni-

1972 1461 2079 1515 que
2102 1457 2443 1518 tempestates
2478 1451 2614 1505 bene
2642 1454 3068 1510 accommodata.
3120 1454 3544 1511 Commendatur

1974 1541 2139 1605 enim,
2198 1543 2423 1597 biberna
2467 1544 2683 1610 quidem
2735 1546 2944 1612 calida;
2985 1547 3166 1614 aprica
3219 1546 3304 1600 illa
3352 1562 3417 1602 ac
3474 1548 3541 1600 ad

1975 1630 2325 1687 meridianum
2371 1632 2539 1688 solem
2584 1648 2889 1699 conversa;
2935 1638 3118 1691 :estira
3173 1653 3301 1693 vero
3343 1640 3409 1692 ad
3459 1654 3546 1693 se~

284 1723 571 1793 βορειναῖς
604 1723 996 1793 καταπνέηται.
1035 1723 1190 1776 Μετὰ
1210 1723 1433 1794 ταύτην,
1461 1728 1618 1797 χρεία
1650 1728 1866 1783 πολυτεε

1976 1720 2331 1788 pteutrionem
2366 1734 2704 1792 exporrecta,
2748 1741 2854 1795 quo
2899 1737 3085 1782 tenues
3138 1727 3239 1781 illa:
3289 1743 3352 1783 ac
3384 1727 3540 1796 frigi-

280 1815 413 1877 λοῦς
440 1815 674 1885 ἐσθῆτος
704 1816 800 1886 τῆς
819 1816 1116 1886 μελλούσης
1146 1819 1541 1888 ἀμφιέννυσθαι
1576 1821 1643 1873 τὰ
1673 1821 1868 1895 βάθρα,

279 1906 384 1969 τὰς
435 1906 648 1969 κλίνας,
681 1905 779 1969 τὰς
842 1907 1113 1972 στιϐάδας,
1162 1910 1259 1972 τὰς
1306 1909 1494 1980 θύρας.
1533 1910 1717 1964 Πάντα
1762 1914 1870 1984 γὰρ

280 1997 418 2067 παρ’
455 1994 691 2057 ἐκείνοις
718 1993 993 2064 ἐπιμελῶς
1020 1995 1260 2049 ἐνδύεται
1284 1996 1375 2049 καὶ
1395 1996 1463 2049 τά
1488 1997 1688 2068 ἀψυχα,
1712 1998 1872 2051 ἐλεει-

280 2087 390 2150 νῶς
417 2086 533 2138 τῶν
560 2086 807 2155 πενήτων
840 2085 1201 2156 ὲκδυομένων.
1234 2085 1477 2155 Πρόσθες
1498 2086 1624 2155 ἑξῆς
1659 2087 1869 2154 τούτοις

284 2182 377 2231 καὶ
410 2179 631 2247 λόγισαι
659 2182 750 2230 τὸν
789 2178 845 2228 ὲν
907 2177 1155 2229 σκεύεσιν
1222 2177 1482 2249 ἄργυρον,
1527 2179 1618 2231 τὸν
1646 2180 1866 2251 χρυσὸν,

284 2272 383 2341 τὴν
418 2270 794 2322 πολυδάπανον
823 2272 1121 2342 ἀγορασίαν
1146 2270 1253 2323 τῶν
1291 2273 1353 2323 ὲκ
1369 2271 1593 2333 Φάσιδος
1614 2270 1865 2342 ὀρνίθων·

281 2366 429 2415 οἴνου
459 2362 557 2415 τοῦ
584 2363 849 2426 Φοίνικος,
887 2363 945 2415 ὃν
992 2365 1048 2415 αἱ
1093 2364 1325 2433 ἄμπελοι
1356 2363 1531 2434 Τύρου
1561 2362 1725 2416 πολὺν
1754 2366 1867 2426 τοῖς

286 2455 566 2516 πλουσίοις
591 2455 685 2506 καὶ
730 2455 911 2525 τίμιον
961 2455 1314 2525 ἀπορρέουσι*
1348 2457 1527 2508 πᾶσαν
1552 2455 1649 2527 τὴν
1700 2455 1866 2528 ἄλλην

285 2545 389 2611 τῆς
437 2544 788 2608 ἀπολαύσεως
824 2547 1194 2616 παρασκευὴν,
1247 2548 1312 2617 ἢν
1356 2547 1535 2601 αὐτῶν
1581 2547 1689 2601 τῶν
1722 2565 1867 2620 χρω-

293 2634 476 2702 μένων
524 2636 666 2687 ἐστὶν
696 2637 975 2707 ἐπιμελῶς
1006 2640 1289 2706 ὀνομάσαι.
1326 2636 1569 2703 Αῦξουσα
1591 2638 1700 2713 γὰρ
1746 2642 1866 2696 καθ’

290 2726 500 2796 ἡμέραν
528 2727 620 2779 ἐπὶ
650 2727 710 2780 τὸ
748 2730 1167 2801 περιεργότερον
1203 2732 1235 2799 ἡ
1268 2733 1471 2803 τρυφὴ,
1505 2732 1604 2803 ἤδη
1642 2734 1735 2788 καὶ
1757 2734 1866 2787 τῶν

286 2817 345 2881 ἐξ
407 2818 637 2889 Ἰνδικῆς
692 2819 1001 2890 ἀρωμάτων
1059 2824 1355 2893 παρεγχέει
1389 2826 1501 2887 τοῖς
1545 2823 1714 2895 ὄψοις·
1771 2828 1866 2881 καὶ

291 2908 486 2977 μᾶλλον
544 2909 653 2960 τῶν
710 2910 910 2980 ἰατρῶν
959 2912 1006 2963 οἱ
1049 2912 1365 2983 μυροπῶλαι
1418 2917 1528 2977 τοῖς
1585 2915 1867 2986 μαγείροις

287 2999 672 3069 ὑπηρετοῦσιν.
714 3001 993 3055 Ἐντεῦθεν
1020 3002 1271 3072 ἐννόησον
1302 3004 1363 3055 τὸ
1391 3004 1745 3077 δορυφορικὸν
1766 3006 1866 3074 τῆς

284 3089 565 3159 τραπέζης
584 3089 1566 3163 πλῆθοσ,τραπεζοποιοὺς,οἰνοχόους,
1591 3094 1865 3165 ταμιείας,
1896 3072 1937 3122 δ

284 3181 374 3231 καὶ
401 3180 534 3243 τοὺς
560 3178 764 3234 τούτων
791 3181 1205 3251 ἀφηγουμένους
1238 3181 1548 3252 μουσικούς·
1578 3184 1864 3255 μουσικὰς,

283 3269 664 3341 ὀρχηστρίδας,
685 3270 942 3342 αὐλητάς.
967 3271 1379 3339 γελωτοποιοὺς.
1402 3272 1660 3339 κόλακας,
1689 3291 1867 3345 παρα-

284 3364 483 3426 σίτους,
541 3362 636 3415 τὸν
681 3362 974 3416 ἀκόλουθον
1025 3362 1123 3433 τῆς
1180 3364 1540 3436 ματαιότητος
1579 3367 1862 3437 συρφετόν.

283 3454 468 3507 Ταῦτα
492 3454 583 3507 ἴνα
609 3453 805 3525 κτηθῇ,
833 3454 987 3506 πόσοι
1046 3456 1274 3527 πένητες
1323 3456 1669 3511 ἀδικοῦνταιί
1709 3459 1864 3513 πόσοι

279 3546 332 3599 δὲ
360 3546 597 3618 ὀρφανοὶ
620 3544 1044 3608 κονδυλίζονταιί
1076 3546 1238 3600 πόσαι
1259 3548 1312 3600 δὲ
1329 3548 1860 3621 χῆραιδακρύουσινί

283 3639 436 3691 πόσοι
489 3636 735 3707 σφοδρῶς
763 3638 1201 3709 σπαραττόμενοι
1235 3641 1559 3694 σπεύδουσιν
1602 3642 1737 3713 πρὸς
1767 3642 1860 3711 ἀγ·

282 3729 477 3799 χόνίηνῑ
512 3728 574 3781 Ἦ
601 3729 658 3782 δὲ
687 3728 794 3782 τῶν
837 3729 1092 3784 τοιούτων
1118 3731 1284 3802 ψυχὴ,
1311 3731 1498 3806 ὥσπερ
1522 3733 1758 3803 Ληθαίου
1793 3748 1867 3785 τι·

282 3820 369 3882 νὸς
407 3818 599 3884 ὕδατος
628 3819 964 3890 γευσαμένη,
1002 3821 1203 3891 ἑαυτῆς
1256 3824 1562 3894 ἀμνημονεῖ
1589 3823 1862 3891 καθάπαξ,

283 3909 361 3973 τίς
394 3912 565 3973 ἐστιν,
601 3911 695 3963 καὶ
728 3911 831 3964 τίνι
867 3912 1236 3977 συνέζευκται,
1261 3913 1352 3967 καὶ
1375 3917 1456 3967 ὅτι
1482 3915 1613 3967 ποτὲ
1638 3915 1736 3984 τῆς
1767 3932 1862 3968 συο

284 4001 474 4070 ζυγίας
513 4002 720 4073 ταύτης
771 4003 1083 4074 λυθήσεται,
1132 4006 1226 4058 καὶ
1276 4005 1440 4058 πάλιν
1486 4006 1863 4060 ἀνακτισθέντι

283 4098 603 4166 συνοικήσει
655 4095 734 4166 τῷ
782 4095 1018 4165 σώματι.
1094 4097 1367 4162 Ἐλθόντος
1418 4098 1473 4152 δὲ
1524 4098 1715 4171 καιροῦ
1769 4101 1863 4153 τοῦ

284 4186 643 4259 καθήκοντος,
668 4189 761 4241 καὶ
788 4190 880 4242 τοῦ
907 4191 1284 4261 ἀπαραιτήτου
1315 4192 1733 4262 προστάγματος
1765 4191 1863 4262 τῆς

283 4278 419 4348 πρὸς
451 4278 517 4331 τὸ
544 4278 706 4348 σῶμα
736 4280 1018 4344 κοινωνίας
1048 4280 1401 4345 ἀποσπῶντος
1432 4282 1622 4353 αὐτὴν,
1671 4283 1864 4335 ἀναλο-

280 4369 480 4438 γισμὸς
544 4369 851 4439 εἰσέρχεται
896 4371 1002 4422 τῶν
1052 4370 1419 4442 βεϐιωμένων,
1466 4372 1559 4426 καὶ
1580 4372 1861 4443 ἀνωφελὴς

284 4460 567 4528 μετάνοια,
616 4460 845 4514 κατόπιν
882 4462 1140 4533 γινομένη
1186 4463 1283 4533 τῆς
1317 4463 1521 4533 χρείας.
1566 4463 1699 4516 Τότε
1751 4463 1861 4535 γὰρ

280 4550 489 4621 ὀνίνησι
524 4552 876 4621 μεταμέλεια,
905 4555 1032 4605 ὅταν
1073 4554 1100 4606 ὁ
1145 4553 1670 4624 μεταϐουλευόμενος
1717 4552 1863 4617 ἐξου-

286 4642 408 4695 σίαν
436 4644 536 4715 ἔχη
566 4643 665 4713 τῆς
709 4643 1068 4714 διορθώσεως·
1098 4644 1479 4717 ἀναιρεθείσης
1506 4644 1561 4697 δὲ
1588 4643 1687 4714 τῆς
1710 4645 1864 4716 ἐνερ-

283 4734 444 4800 γείας
476 4734 569 4786 τοῦ
616 4734 936 4806 κατορθοῦν,
988 4736 1204 4807 ἀχρεῖος
1234 4739 1267 4807 ἡ
1297 4736 1465 4806 λύπη,
1503 4737 1596 4789 καὶ
1636 4736 1862 4806 μάταιος

287 4827 322 4895 η
353 4826 711 4894 μετάγνωσις.

349 5084 595 5154 Πτωχὸς
623 5083 692 5138 δέ
730 5101 818 5150 τις
847 5082 925 5155 ἦν
949 5086 1191 5154 ὀνόματι
1224 5083 1502 5154 Λάζαρος.
1532 5086 1605 5138 Ού
1647 5085 1853 5156 πένητα

282 5176 470 5240 ἁπλῶς
522 5177 890 5247 ὑπογράφειὸ
936 5177 1119 5246 λόγος,
1165 5178 1264 5247 τῆς
1315 5177 1560 5246 δαπάνης
1616 5178 1708 5231 καὶ
1753 5178 1851 5248 τῆς

283 5265 471 5339 metu;
502 5267 613 5320 τῶν
652 5268 966 5335 ἀναγκαίων
1008 5266 1400 5339 ἐστερημένονθ
1432 5267 1568 5321 ἀλλὰ
1606 5270 1714 5341 γὰρ
1755 5270 1849 5322 καὶ

357 5438 432 5512 (ξι)
472 5441 550 5494 Ac
576 5441 884 5512 tessellulis,
918 5442 1005 5512 Sic
1049 5442 1327 5512 Chrysost.
1362 5442 1516 5496 Hom.
1558 5444 1611 5496 in
1648 5443 1854 5496 divitem

282 5518 333 5561 et
364 5508 653 5583 Lazarum.
685 5524 814 5566 toiu.
847 5511 912 5565 Vl
956 5508 1261 5572 Diieaifsdt
1284 5513 1621 5583 ὲψηφωμένα
1657 5513 1849 5583 ἐδάφη,

283 5580 557 5632 tasellulis
585 5597 647 5633 ac
674 5582 866 5645 lapillis
897 5583 1141 5635 distincta
1164 5580 1492 5649 pauimenta.‘
1514 5582 1609 5637 Ubi
1651 5585 1694 5636 is
1729 5580 1848 5637 euut

284 5662 473 5704 vocem
504 5666 610 5703 non
647 5652 784 5702 male
814 5653 1064 5721 explicat,
1095 5663 1149 5704 et
1172 5662 1228 5704 ut
1266 5653 1530 5720 ejusmodi
1563 5652 1851 5707 tessellulis

602 5746 871 5805 Ριιτιιοιη
916 5746 1029 5803 (in.
1076 5745 1206 5805 XL.

1973 1811 2107 1865 dulac
2134 1812 2203 1865 ab
2228 1824 2381 1868 arcto
2412 1815 2680 1884 spirantes
2712 1832 2875 1883 aurae,
2918 1834 3037 1873 eam
3074 1819 3302 1887 perﬂare
3329 1835 3391 1875 ac
3416 1835 3540 1888 per-

1972 1916 2151 1956 meare
2200 1905 2479 1958 commode
2532 1907 2764 1961 valeant.
2818 1909 2897 1960 Ad
2934 1908 3045 1962 haec
3098 1909 3333 1979 Stragula
3389 1910 3537 1964 multi

1970 1994 2128 2060 pretii
2156 2005 2303 2048 veste
2332 2006 2415 2050 est
2454 2012 2608 2066 opus,
2652 1998 2718 2053 ad
2757 1999 2893 2053 imas
2938 2000 3255 2069 integendas
3286 2001 3446 2056 sedes
3478 2017 3542 2055 ac

1970 2098 2227 2148 scamma,
2270 2086 2563 2156 lectosque,
2598 2104 2662 2143 ac
2699 2090 2921 2155 thoros,
2965 2101 3019 2146 et
3057 2092 3252 2160 januas
3285 2111 3297 2147 :
3353 2092 3539 2147 omnia

1970 2176 2232 2243 siquidem
2271 2179 2410 2247 apud
2464 2196 2557 2235 eos
2618 2192 2871 2237 accurate
2924 2186 3261 2247 vestiuntur,
3320 2187 3536 2240 tametsi

1972 2262 2289 2329 inanimato,
2320 2282 2440 2320 cum
2491 2269 2707 2322 intetim
2740 2286 3000 2339 pauperes
3037 2274 3417 2328 miserabiliter
3451 2290 3542 2328 vc-

1968 2354 2215 2409 stimenta
2245 2357 2511 2413 deﬁciant.
2545 2361 2695 2414 Adde
2728 2377 2848 2416 vasa
2878 2373 3128 2433 argentea
3147 2374 3308 2433 atque
3335 2380 3495 2420 aurea
3520 2404 3536 2428 ,

1971 2458 2238 2514 expensas
2272 2465 2463 2517 graves
2492 2454 2798 2507 coemendis
2827 2453 3109 2509 Phasianis
3143 2458 3352 2519 avibus,
3384 2459 3539 2511 vino-

1970 2553 2080 2608 que
2132 2537 2433 2605 Phoenicio,
2468 2546 2605 2611 quod
2649 2546 2782 2600 vites
2817 2546 3018 2616 Tyriae,
3064 2550 3308 2616 quamvis
3352 2564 3541 2604 carum

1969 2631 2170 2686 aliatim
2217 2633 2469 2689 divitibus
2499 2635 2720 2690 eliluunt
2753 2653 2767 2702 ;
2795 2653 3117 2707 omnemque
3137 2640 3272 2694 adeo
3306 2642 3540 2710 volupta-

1970 2724 2039 2779 tis
2077 2734 2239 2793 atque
2276 2726 2591 2781 deliciarum
2634 2740 2950 2799 apparatum
2986 2732 3055 2785 ab
3100 2732 3204 2786 illis
3260 2734 3393 2803 ipsis
3445 2737 3537 2805 qui

1969 2825 2249 2884 usurpant,
2283 2828 2534 2873 accurate
2580 2820 2987 2876 recensendum.
3031 2823 3253 2878 Auctior
3292 2827 3433 2879 enim
3483 2827 3536 2879 in

1969 2907 2081 2960 dies
2115 2907 2383 2976 voluptas,
2428 2923 2491 2963 ac
2536 2912 2751 2965 curiose
2781 2913 3122 2981 exquisitior,
3155 2916 3315 2968 etiam
3356 2917 3539 2973 Indica

1969 3006 2215 3050 aromata
2250 2999 2389 3054 cibis
2417 2998 2677 3066 aifundit;
2714 3005 2989 3072 magisque
3010 3003 3120 3072 jam
3153 3008 3340 3075 coquis
3373 3024 3535 3077 quam

1970 3092 2209 3155 medii-is,
2245 3095 2581 3162 unguentarii
2616 3096 2888 3164 impendio
2911 3109 3055 3152 sunt.
3090 3098 3228 3165 Quin
3254 3110 3309 3155 et
3338 3117 3536 3157 mensa:

1968 3180 2278 3234 Satellitium
2333 3198 2674 3239 numerosum
2715 3189 3017 3255 perpende:
3052 3198 3370 3259 structores,
3423 3195 3538 3262 pin-

1968 3286 2178 3334 cernas,
2211 3277 2680 3342 promes-condes,
2723 3286 2777 3330 et
2823 3279 2913 3348 qui
2959 3281 3042 3335 his
3089 3294 3325 3350 praeeunt
3371 3286 3538 3339 musi-

1967 3378 2084 3428 cos,
2141 3364 2400 3431 musicas,
2458 3367 2851 3435 saltatriculas,
2908 3372 3191 3441 tibicines,
3248 3376 3534 3442 ridiculos.

1966 3452 2289 3523 guathones,
2320 3456 2606 3524 parasitos,
2641 3458 2848 3512 turbam
2890 3462 3143 3516 vanitatis
3170 3466 3422 3521 comitem
3456 3478 3533 3520 at-

1965 3556 2070 3611 que
2098 3526 2466 3612 pedisequam.
2508 3545 2630 3601 Haec
2674 3557 2732 3601 ut
2767 3559 3172 3619 comparentur,
3218 3564 3351 3624 quot
3403 3570 3534 3625 pau-

1966 3647 2122 3701 peres
2147 3633 2413 3689 alliciendi
2461 3637 2698 3706 injuria?
2744 3649 2874 3707 quot
2922 3642 3113 3711 pugnis
3161 3646 3398 3699 caedendi
3443 3662 3536 3701 or-

1966 3725 2170 3791 pbaui?
2203 3735 2335 3793 quot
2367 3726 2652 3797 lugendum
2678 3730 2887 3784 viduis?
2913 3744 3043 3800 quot
3079 3735 3307 3803 denique
3336 3736 3532 3792 misere

1967 3815 2292 3872 dilaniantes
2344 3819 2570 3887 seipsos,
2602 3821 2668 3873 ad
2722 3823 2902 3875 restim
2953 3838 3015 3877 ac
3054 3824 3301 3892 laqueum
3351 3827 3537 3881 decur-

1968 3906 2189 3960 rendum
2250 3908 2585 3962 habuerint?
2633 3910 2909 3979 Ejusmodi
2962 3914 3203 3981 profecto
3256 3914 3533 3972 hominum

1967 3995 2166 4058 anima,
2194 3997 2347 4064 quasi
2396 3996 2609 4052 Lethaea
2651 4001 2880 4067 quadam
2931 4002 3207 4073 degustata
3245 4019 3403 4075 aqua,
3447 4008 3533 4063 sui

1969 4096 2188 4148 prorsus
2231 4081 2600 4150 obliviscitur;
2649 4102 2766 4156 qua:
2799 4097 2853 4142 et
2877 4091 2988 4159 ipsa
3044 4094 3137 4157 sit,
3164 4108 3228 4148 ac
3271 4097 3355 4149 cui
3405 4111 3534 4151 con-

1961 4170 2170 4236 juncta,
2216 4182 2379 4241 utque
2405 4176 2596 4244 copula
2631 4178 2744 4233 haec
2771 4182 3094 4250 quandoque
3121 4185 3191 4237 sit
3235 4188 3530 4253 solvenda;

1967 4261 2187 4330 ipsaque
2218 4265 2435 4330 iterum,
2467 4279 2765 4323 recreatum
2794 4286 2987 4339 corpus
3008 4288 3072 4326 ac
3109 4275 3401 4330 redivivum
3431 4278 3529 4332 do-

1968 4353 2221 4408 micilium
2265 4356 2533 4413 habitura.
2571 4356 2672 4414 Ubi
2699 4372 2878 4415 autem
2902 4373 3100 4418 statum
3133 4376 3340 4437 tempus
3368 4369 3532 4425 adve-

1969 4443 2126 4506 ueril,
2174 4458 2236 4498 ac
2271 4446 2652 4513 indeprecaliili
2688 4451 2923 4517 decreto,
2954 4458 3196 4526 corporis
3235 4473 3299 4512 ai:
3339 4462 3532 4514 animae

1962 4549 2135 4589 nexus
2182 4534 2558 4594 dissolvendus
2613 4543 2738 4606 erit,
2798 4547 2993 4613 prioris
3044 4549 3167 4603 vitae
3222 4552 3533 4621 reorigitatio

1965 4625 2203 4679 animum
2231 4629 2455 4695 subibit,
2487 4646 2720 4700 seraque
2762 4651 2824 4689 ac
2874 4637 3005 4691 nihil
3038 4639 3314 4707 profutura
3354 4642 3529 4711 poeni-

1966 4718 2152 4772 tentia.
2186 4717 2337 4775 Tunc
2363 4723 2504 4775 enim
2542 4724 2756 4779 demum
2782 4728 3099 4795 pmnitentia
3134 4733 3373 4799 prodest,
3407 4747 3528 4787 cum

1963 4819 2177 4865 mutans
2211 4816 2564 4882 prepositum,
2613 4819 2939 4874 emendandi
2979 4818 3285 4877 facultatem
3334 4821 3526 4890 habet;

1966 4903 2173 4957 sublata
2203 4919 2330 4959 vero
2362 4905 2483 4961 boni
2524 4910 2706 4977 operis
2735 4910 2892 4980 copia
2940 4926 3001 4968 ac
3045 4913 3278 4980 actione,
3325 4914 3530 4972 inutilis

1965 4993 2117 5046 dolor
2148 5010 2209 5048 ac
2240 4996 2415 5051 inanis
2441 5000 2716 5068 pteuitudo
2751 5011 2852 5056 est.
2982 5016 3047 5067 σι

2036 5083 2168 5139 Erat
2210 5099 2379 5142 autem
2424 5091 2641 5159 quidam
2687 5094 2953 5147 mendicus
3005 5096 3210 5149 nomine
3264 5094 3524 5152 Lazarus.

1962 5176 2168 5232 Nedum
2218 5178 2499 5250 Scriptura
2567 5198 2854 5253 pauperem
2893 5184 3150 5239 describit
3222 5188 3531 5243 necessario

1960 5284 2058 5324 usu
2096 5284 2274 5324 rerum
2309 5273 2644 5339 destitutum,
2674 5290 2736 5329 ac
2762 5276 2984 5344 penuria
3020 5276 3355 5334 laborantem
3385 5277 3528 5345 {vo-

1964 5462 2027 5528 ιιι)
2077 5448 2306 5528 calculis
2353 5460 2564 5506 constet
2611 5453 2753 5521 quod
2808 5454 3074 5528 musivum
3123 5474 3258 5528 opus
3311 5471 3529 5520 vocant.

1963 5514 2167 5588 [ἰθείης
2208 5520 2397 5583 codex,
2447 5514 2676 5588 quocum
2723 5525 2945 5588 contuli,
2984 5528 3052 5581 ita
3089 5514 3253 5585 balbe;
3301 5514 3365 5586 ut
3383 5514 3527 5587 Ἑιῖιὶί

1961 5584 2125 5639 Suril.
2161 5588 2394 5642 restituit
2421 5584 2645 5646 Dircaeus
2668 5607 2733 5646 ex
2763 5584 3044 5654 Caesareis.

3220 5758 3258 5814 6
