4048 6212
502 303 596 361 171

1769 298 1827 355 8.
1869 299 2141 356 ASTERII
2179 299 2482 357 AMASENI

3648 304 3752 360 172

502 436 619 478 rum
651 417 811 477 etiam
844 418 992 491 gravi
1030 427 1232 472 lentum
1257 417 1598 489 azgritudine,
1635 431 1862 489 corpore
1893 419 2064 473 tabido

2179 419 2460 493 ἀρρωστίᾳ
2521 419 2758 492 όδυνηρᾷ
2817 421 3188 491 συνεχόμενον,
3241 438 3333 473 και
3391 417 3752 492 διερῤυηκότα

498 518 896 591 ἀίωιιεηιίιιυο,
929 519 1044 575 sine
1076 519 1186 575 lare
1213 533 1276 574 ac
1308 519 1488 583 domo,
1528 513 1786 569 incultum
1825 526 1889 566 ac
1945 511 2071 565 hor-

500 610 702 674 ridum,
739 621 898 680 alque
929 611 994 664 ad
1019 608 1237 676 januam
1266 607 1446 664 divitis
1473 605 1789 677 projectum.
1812 603 1892 661 Ad
1927 621 2073 659 sum-

500 717 664 766 mam,
699 717 820 756 cum
845 716 971 755 cura
1001 715 1062 755 ac
1103 701 1309 772 tragico
1353 701 1464 754 lere
1508 700 1773 755 cothurno
1822 697 2072 768 pauperis

499 792 772 847 miseriam
815 801 1061 856 enarrat,
1099 808 1208 860 quo
1236 790 1407 861 magis
1436 807 1540 846 non
1579 789 1890 847 miserantis
1921 789 2070 844 duri-

501 883 626 936 tiem
659 889 804 936 notet
843 890 1004 949 atque
1049 881 1318 935 traducat.
1349 879 1521 948 Quem
1550 879 1696 934 enim
1728 877 1955 933 alterius
1991 877 2068 930 lit-

498 987 611 1028 mes
639 987 701 1026 ac
731 971 995 1040 egritudo
1037 970 1512 1026 commiseratione
1559 985 1667 1024 non
1713 969 1904 1038 tangit,
1959 969 2068 1023 tera

495 1076 628 1116 sane
651 1071 735 1116 est
763 1061 992 1116 rationis
1024 1075 1239 1128 expers,
1274 1075 1556 1131 perperam
1593 1059 1888 1115 humanam
1921 1057 2072 1112 induo

496 1160 581 1206 tus
606 1149 858 1215 formam,
893 1165 956 1204 ac
990 1150 1266 1204 voluntate
1286 1147 1484 1203 fallens
1515 1156 1799 1213 naturam;
1831 1147 2071 1214 adeoque

497 1241 627 1296 feris
663 1242 795 1310 ipsis
857 1252 1020 1310 atque
1067 1240 1260 1295 belluis
1307 1238 1594 1294 immanior
1639 1247 1741 1292 est.
1790 1237 2069 1307 Siquidem

499 1349 627 1390 sues
655 1333 897 1404 jugulata
934 1348 1027 1388 sue
1060 1347 1220 1388 sensu
1247 1330 1481 1401 quodam
1510 1329 1713 1384 doloris
1739 1328 2066 1392 adiciuntur,

496 1438 562 1478 ac
602 1423 808 1476 circum
857 1435 1047 1476 recens
1094 1423 1272 1474 lusum
1303 1419 1618 1488 sanguinem
1645 1419 1800 1473 triste
1823 1433 2072 1472 murmur

494 1511 682 1566 edunt.
723 1509 918 1572 Boves,
959 1507 1096 1562 tauri
1130 1508 1329 1562 caedem
1366 1507 1740 1568 circumstant,
1775 1502 2068 1558 miserabili

495 1602 731 1656 dolorem
784 1603 989 1670 mugitu
1040 1599 1403 1665 designantes.
1436 1596 1583 1664 Quin
1616 1611 1810 1664 gruum
1853 1609 2069 1664 quoque

496 1707 708 1765 greges,
742 1707 863 1747 cum
899 1707 1004 1746 una
1038 1690 1177 1744 forte
1207 1688 1504 1760 gregalium
1545 1687 1596 1741 in
1634 1703 1820 1742 casses
1856 1685 2064 1750 incidit,

2176 510 2237 564 τὸ
2267 510 2448 582 σῶμα,
2494 510 2697 576 ἄοικον,
2734 511 2998 576 ἀνεστιον,
3046 511 3438 580 ἀθεράπευτον,
3488 513 3555 580 τῇ
3608 509 3751 582 πύλῃ

2175 603 2269 658 τοῦ
2319 603 2574 658 πλουσίου
2613 604 3085 677 προσερριμμένον
3151 603 3261 658 Καὶ
3307 602 3426 656 λίαν
3479 601 3750 674 ἐπιμελῶς

2176 699 2240 767 τῇ
2289 697 2539 767 διηγήσει
2585 695 2684 760 τὰς
2749 695 3033 766 συμφοράς
3086 696 3176 748 ἐπὶ
3225 693 3366 748 τέλει
3416 693 3754 767 ἐκτραγῳδεῐ

2177 789 2270 842 τοῦ
2307 789 2546 861 πτωχοῦ,
2587 789 2678 844 ἴνα
2723 789 2822 860 τὴν
2874 787 2967 841 τοῦ
3005 787 3080 859 μὴ
3109 787 3383 852 ἐλεοῦντος
3427 785 3752 858 στηλιτεύσῃ

2180 877 2542 951 σκληρότητα.
2587 879 2644 932 '0
2693 878 2802 950 γὰρ
2850 877 2987 949 πρὸς
3021 877 3179 948 λιμὸν
3225 877 3319 931 καὶ
3374 877 3528 930 νόσον
3583 875 3753 947 μηδὲν

2180 969 2402 1040 πάσχων
2442 968 2672 1022 ἐλεεινὸν
2710 969 2743 1039 ἢ
2776 969 3084 1039 συμπαθὲς,
3137 967 3323 1038 θηρίον
3353 968 3499 1020 ἐστὶν
3532 967 3750 1034 ἄλογον,

2178 1059 2363 1124 κακῶς
2397 1060 2478 1124 είς
2520 1060 2806 1129 ἀνθρώπου
2837 1060 3121 1132 μορφωθὲν
3164 1060 3368 1130 σχῆμα,
3422 1058 3753 1130 ψευδόμενον

2177 1153 2243 1222 τῇ
2276 1153 2588 1224 προαιρέσει
2618 1153 2720 1222 τὴν
2750 1151 2911 1220 φύσιν
2931 1169 2945 1182 ·
2987 1151 3184 1222 μᾶλλον
3217 1151 3273 1203 δὲ
3303 1149 3398 1203 καὶ
3430 1148 3612 1202 αὑτῶν
3637 1149 3748 1202 τῶν

2178 1241 2380 1314 Θηρίων
2426 1243 2941 1316 ἀσυμπαθέστερον·
2974 1244 3026 1296 εί
3057 1260 3120 1311 γε
3172 1241 3358 1314 χοίρου
3405 1241 3502 1312 μὲν
3547 1237 3751 1308 σφαζο-

2179 1336 2372 1407 μένου,
2423 1335 2672 1389 ἕλκονται
2740 1335 2876 1406 πρὸς
2928 1352 3047 1388 τινα
3110 1332 3360 1404 λυπηρὰν
3415 1330 3666 1399 αἴσθησιν
3703 1331 3751 1382 οί

2175 1431 2364 1500 χοῖροι,
2392 1429 2484 1482 καὶ
2512 1427 2588 1499 τῷ
2617 1427 2891 1499 νεορρύτῳ
2919 1427 3106 1497 αἵματι
3142 1423 3340 1494 ἀνιαρά
3370 1422 3747 1492 ἐπιτρύζουσι·

2177 1519 2549 1592 περιίστανται
2590 1519 2648 1572 δὲ
2679 1518 2772 1572 τοῦ
2807 1519 3006 1589 ταύρου
3047 1518 3136 1570 τὸν
3187 1517 3346 1584 φόνον
3379 1516 3427 1567 οἱ
3479 1513 3618 1583 βόες,
3652 1513 3753 1582 ἐμ-

2179 1611 2340 1664 παθεῖ
2375 1609 2649 1682 μυκηθμῷ
2679 1611 2777 1682 τὴν
2816 1609 2984 1680 άλγὴν
3032 1608 3406 1678 σημαίνοντες.
3444 1603 3660 1673 Ἀγέλαι
3691 1603 3748 1658 δὲ

2176 1702 2442 1774 γεράνων,
2492 1703 2618 1772 μιᾶς
2659 1700 2767 1754 τῶν
2811 1699 3090 1770 συννόμων
3120 1695 3529 1768 περιπεσούσης
3578 1692 3754 1765 θηρά-

491 1795 705 1854 captam
765 1783 1246 1846 circumvolitant,
1304 1795 1369 1835 ac
1416 1778 1751 1834 lamentabili
1823 1776 2058 1846 quodam

2167 1810 2351 1864 τροις,
2413 1792 2793 1863 περιίπτανται
2858 1791 2957 1861 τὴν
3009 1789 3407 1860 κρατουμένην,
3459 1784 3553 1838 καί
3608 1800 3754 1846 τινος

497 1873 751 1944 clangore
803 1873 1142 1941 complentes
1210 1884 1412 1934 aerem,
1479 1870 1730 1922 comitem
1801 1881 1954 1920 suam
2009 1881 2074 1920 ac

492 1965 761 2036 gregalem
825 1964 1126 2032 requirunt.
1183 1962 1463 2016 Hominem
1519 1974 1667 2020 vero.
1723 1958 1918 2012 animal
1983 1973 2071 2012 ra-

494 2056 638 2111 tione
692 2056 974 2125 praaditum
1017 2070 1081 2110 ac
1131 2063 1502 2116 mansuetum,
1533 2052 1732 2120 Deique
1777 2051 2072 2105 imitatione

492 2148 792 2203 bonitatem
820 2147 1060 2211 doctum,
1093 2144 1282 2200 leviter
1311 2144 1446 2198 adeo
1486 2143 1855 2212 proximorum
1890 2141 2070 2195 acerbi

492 2254 652 2294 casus
687 2251 990 2310 gravesque
1024 2234 1365 2290 calamitates
1411 2232 1645 2286 allicicnt
1689 2241 1850 2299 atque
1894 2243 2071 2284 move-

493 2329 653 2384 bunt!

560 2417 786 2472 Jacebat
831 2417 1013 2486 itaque
1054 2428 1392 2468 aerumnosus
1429 2412 1516 2467 ille
1552 2426 1615 2466 ac
1645 2421 1831 2480 gratus
1866 2423 2072 2478 pauper

492 2510 544 2562 in
577 2507 784 2578 magnis
827 2506 1121 2569 doloribus,
1160 2504 1355 2573 pedum
1411 2519 1508 2557 usu
1557 2501 1796 2571 privatus
1851 2500 2068 2572 (alioqui

490 2598 638 2653 enim
669 2597 966 2667 pessimum
994 2596 1146 2649 illum
1180 2603 1344 2663 atque
1379 2594 1670 2662 superbum
1705 2591 2068 2657 deelinasset;

490 2691 786 2760 aliumque,
842 2705 940 2759 pro
963 2689 1122 2759 ianua
1156 2687 1243 2740 illa
1280 2686 1550 2756 hospitum
1595 2683 1956 2739 interfectrice
2007 2696 2072 2736 ac

492 2783 816 2852 pauperibus
879 2780 1114 2842 occlusa,
1179 2778 1356 2832 locum
1419 2775 1762 2845 delegisset):
1820 2773 2068 2828 manibus

490 2887 706 2941 quoque
759 2869 1071 2934 destitutus,
1109 2883 1176 2922 ne
1208 2867 1440 2936 palmam
1473 2866 1688 2934 quidem
1727 2864 1793 2916 ad
1820 2863 2066 2918 emendi-
2113 2927 2120 2934 _

489 2963 720 3019 eandum
768 2959 952 3015 valens
998 2959 1356 3028 protendere;
1410 2957 1506 3012 sed
1545 2965 1601 3010 et
1644 2955 1790 3010 vocis
1821 2955 1935 3022 ipsa
1973 2969 2063 3008 or-

488 3071 625 3122 gana
652 3055 930 3109 obstructa
977 3051 1219 3117 habens,
1275 3047 1667 3117 stridulumque
1712 3061 1776 3101 ac
1811 3059 2064 3116 asperum

489 3159 680 3201 sonum
727 3151 946 3215 pectore
975 3142 1266 3207 emittens;
1312 3139 1564 3196 omnibus
1605 3138 1764 3208 plane
1809 3135 2066 3192 membris

490 3235 712 3291 mutilus
739 3242 1056 3302 captusque,
1083 3231 1206 3286 tetri
1241 3229 1412 3284 morbi
1454 3228 1717 3298 reliquiae,
1769 3227 2060 3280 inﬁrmita-

490 3325 559 3378 tis
614 3324 863 3378 humanae
910 3319 1219 3376 miserabile
1263 3317 1590 3388 exemplum.
1644 3317 1827 3388 Neque
1877 3327 2060 3370 tamen

491 3413 830 3469 miseriarum
878 3420 1059 3466 tantus
1103 3425 1381 3474 numerus,
1433 3409 1587 3463 elata:
1616 3408 1850 3463 cervicis
1884 3405 2061 3461 horni-

490 3521 612 3562 nem
649 3505 716 3559 ad
750 3502 1137 3575 inspectioaem
1171 3501 1403 3556 inﬂexit.
1433 3499 1754 3555 Prmteribat
1781 3497 2062 3553 hominem

485 3597 631 3651 velut
669 3611 880 3659 saxum,
913 3609 979 3650 eo
1009 3593 1214 3650 scelere
1261 3606 1381 3648 sese
1410 3591 1776 3661 obstringens,
1822 3590 1908 3644 cui
1944 3587 2065 3643 nul-

487 3689 592 3744 lum
621 3689 844 3744 omnino
867 3687 1048 3742 velum
1077 3696 1169 3741 aut
1193 3693 1482 3757 praetextus
1511 3696 1672 3738 esset.
1704 3682 1888 3752 Neque
1916 3681 2061 3736 enim

486 3782 551 3835 ad
577 3796 636 3836 se
658 3780 1015 3851 purgandum,
1047 3779 1287 3848 vulgaria
1314 3776 1399 3832 illa
1439 3791 1502 3832 ac
1530 3777 1770 3847 speciosa
1796 3775 2064 3830 adducere

484 3882 732 3944 poterat:
759 3871 873 3928 Non
899 3885 1108 3937 noram,
1141 3872 1478 3942 Ignorabam,
1508 3867 1691 3923 Latnit
1735 3884 1821 3924 me
1852 3869 2064 3923 mendi-

483 3979 580 4020 cus
629 3965 920 4034 quiritans;
971 3963 1168 4032 quippe
1209 3961 1300 4032 qui
1350 3975 1447 4031 pro
1488 3960 1695 4015 foribus
1725 3960 1934 4031 jacens,
1977 3960 2059 4014 in-

483 4056 742 4124 gredienti
791 4070 855 4110 ae
901 4053 1200 4126 egredienti
1244 4052 1556 4123 spectaculo
1595 4061 1758 4116 esset,
1813 4067 1920 4122 quo
1965 4067 2060 4107 su-

485 4146 634 4217 perbi
665 4146 899 4201 hominis
932 4146 1338 4200 damnationem
1382 4142 1836 4212 indeprecabilem
1873 4142 2061 4196 redde-

487 4246 588 4292 ret.
618 4237 714 4293 Vel
744 4238 934 4292 saltent
975 4237 1143 4292 mittas
1173 4237 1238 4290 de
1274 4251 1459 4289 mensa
1492 4235 1744 4289 deciduas
1770 4234 2018 4302 cupiebat
2043 4252 2056 4289 :

487 4337 544 4384 at
574 4344 641 4384 ne
669 4329 960 4399 quidquam
991 4335 1316 4382 consecutus
1343 4335 1448 4390 est,
1481 4325 1598 4389 sed,
1628 4341 1750 4380 cum
1780 4325 1866 4380 ille
1895 4326 2056 4380 satie-
2091 4356 2133 4409 ο

485 4430 596 4476 tate
631 4422 1029 4489 dirumperetur
1061 4458 1076 4483 ,
1109 4419 1248 4472 tame
1277 4419 1392 4489 ipse
1425 4433 1489 4474 ac
1525 4418 1700 4486 inopia
1727 4419 2053 4473 tabescebat.

481 4515 586 4570 Par
614 4515 793 4583 itaque
835 4529 898 4569 ac
943 4529 1152 4584 aequum
1199 4513 1466 4578 videatur,
1514 4513 1873 4569 Chanana‘am
1909 4513 2054 4568 illaut

482 4607 843 4671 thnissam,
872 4607 1148 4660 hominum
1182 4607 1324 4660 osori
1367 4607 1516 4660 diviti
1555 4607 1867 4676 magistram
1898 4606 2053 4661 adhi-

479 4700 615 4762 beri,
645 4713 706 4752 ea
737 4697 1090 4752 inculcantem
1139 4713 1259 4767 qua:
1299 4697 1496 4766 scripta
1555 4707 1723 4752 sunt:
1756 4694 1930 4750 Etiam
1969 4714 2054 4750 ca-

480 4789 614 4853 telli,
663 4789 893 4859 pessime
926 4787 1204 4842 hominum
1241 4803 1304 4842 ac
1336 4789 1584 4856 superbe,
1614 4793 1677 4841 de
1711 4788 1858 4840 micis
1889 4789 2050 4842 edunt

476 4897 593 4952 qua
615 4879 811 4934 cadunt
846 4881 910 4933 de
941 4896 1125 4933 mensa
1156 4880 1489 4934 dominorum
1517 4896 1730 4934 suorum
1751 4881 1806 4947 °',
1857 4891 1910 4934 tu
1955 4896 2048 4934 au-

485 4981 590 5026 tem
621 4970 842 5026 fratrem
889 4980 1035 5024 tuum
1083 4980 1242 5040 atque
1297 4970 1545 5026 tribulem
1591 4987 1766 5041 neque
1796 4973 1900 5026 hoc
1930 4989 2052 5026 mu-

481 5077 612 5119 nere
651 5063 902 5134 dignatus
932 5062 1031 5118 es?
1065 5063 1172 5118 Sed
1211 5078 1370 5118 canes
1397 5066 1612 5133 quidem
1655 5078 1782 5119 cura
1831 5064 2054 5118 aleban-

484 5163 608 5216 tur;
638 5169 704 5210 ac
725 5154 950 5210 seorsim
1001 5156 1216 5225 quidem
1273 5156 1489 5210 molossi
1521 5195 1536 5219 ,
1593 5156 1820 5209 seorsim
1872 5166 2050 5207 autem

478 5245 733 5312 venatici,
780 5255 919 5301 tecto
966 5245 1173 5315 pariter
1224 5246 1527 5313 gaudebant
1556 5260 1620 5298 ac
1645 5251 1861 5306 strato;
1920 5241 2042 5295 dili-

475 5342 772 5403 genterque
796 5337 1086 5392 attributes
1105 5336 1401 5405 peculiares
1431 5333 1705 5386 ministros
1737 5331 2041 5385 habebant:

473 5437 598 5476 cum
629 5423 842 5479 interim
875 5427 1020 5482 humi
1051 5428 1290 5499 neglecta
1311 5427 1518 5496 jaceret
1545 5432 1708 5490 atque
1733 5421 2041 5476 calcaretur

475 5512 570 5569 Dei
601 5516 797 5586 imago,
837 5533 997 5586 quam
1039 5535 1196 5574 manu
1239 5535 1337 5575 sua
1383 5515 1860 5589 praestantissimus
1911 5516 2042 5570 arti-

544 5719 566 5749 ⁸
595 5716 781 5775 Matth.
807 5735 896 5786 xv,
925 5717 1014 5773 27.

2174 1887 2462 1957 ὀδυρτικῆς
2498 1886 2742 1955 κλαγγῆς
2793 1883 2883 1936 τὸν
2932 1882 3071 1953 ἀέρα
3120 1873 3442 1952 πληροῦσιν,
3478 1879 3579 1949 τὴν
3618 1878 3751 1948 ὁμό-

2176 1977 2338 2045 φυλον
2383 1976 2636 2047 ζητοῦσαι
2673 1975 2766 2027 καὶ
2797 1973 3079 2044 σύννομον.
3115 1972 3437 2041 Ἀνθρωπον
3467 1970 3546 2032 δὲ,
3576 1969 3639 2022 τὸ
3667 1969 3758 2021 λου

2174 2067 2328 2135 γικὸν
2357 2065 2492 2131 ζῶον
2518 2066 2612 2119 καὶ
2638 2065 2866 2136 ἥμερον,
2899 2066 2992 2118 καὶ
3024 2063 3143 2118 καθ’
3167 2063 3460 2133 ὁμοιότητα
3490 2061 3624 2114 Θεοῦ
3655 2061 3754 2130 τὴν

2174 2157 2484 2227 ἀγαθότητα
2539 2155 2946 2226 παιδευόμενον,
3009 2154 3203 2225 μικρὸν
3257 2154 3398 2206 οὑτω
3450 2153 3754 2224 φροντίζειν

2173 2248 2278 2300 τῶν
2333 2247 2615 2317 συγγενῶν
2666 2249 2722 2300 ἐν
2772 2247 2891 2308 ταῖς
2943 2244 3229 2315 ὀδυπκηραῖς
3286 2246 3392 2298 τῶν
3455 2245 3753 2314 συμφορῶν

2174 2338 2559 2408 περιστάσεσιν
2579 2338 2590 2388 !

2248 2429 2464 2481 Ἐκειτο
2524 2427 2702 2481 τοίνυν
2755 2428 2784 2480 6
2853 2426 3190 2490 πολυώδυνος
3254 2429 3346 2481 καὶ

2174 2525 2360 2594 πένης,
2393 2524 2558 2588 πόδας
2582 2525 2682 2576 οὑκ
2716 2522 2852 2594 ἔχων
2901 2518 2956 2594 (ἦ
3003 2521 3111 2592 γὰρ
3148 2523 3306 2574 αὑτὸν
3343 2523 3613 2595 ἀλάστορα
3657 2523 3751 2576 καὶ

2173 2616 2519 2685 ὑπερήφανον
2553 2613 2774 2685 ἔφυγεν,
2804 2615 2989 2686 ἕτερον
3032 2615 3193 2668 τόπον
3224 2614 3584 2684 ἐκλεξάμενος
3626 2616 3749 2667 ἀντὶ

2169 2708 2270 2778 τῆς
2311 2708 2623 2774 ξενοκτόνου
2669 2706 2880 2776 πύλης,
2928 2708 3026 2776 τῆς
3061 2705 3452 2777 κεκλεισμένης
3503 2711 3616 2769 τοῖς
3648 2707 3750 2759 πέ-

2171 2798 2386 2866 νησιν),
2445 2797 2643 2868 χειρῶν
2697 2797 3088 2869 ἀφῃρημένος,
3146 2797 3243 2849 καὶ
3306 2798 3425 2850 οὐδὲ
3486 2797 3751 2869 παλάμην

2168 2889 2306 2958 ἔχων
2355 2889 2659 2960 προτείνειν
2705 2890 2782 2952 είς
2827 2889 3065 2958 αἴτησιν,
3103 2889 3440 2961 ἐμφραχθεὶς
3487 2889 3625 2943 αὑτά
3677 2889 3752 2942 τὰ

3421 2428 3750 2498 εὐχάριστός

2094 3013 2139 3074 C
2170 2978 2378 3052 ὄργανα
2427 2979 2528 3049 τῆς
2578 2979 2784 3050 φωνῆς,
2818 2980 2912 3032 καί
2945 2997 3066 3033 τινα
3101 2979 3430 3051 βραγχῶσαν
3473 2982 3566 3034 καὶ
3614 2998 3749 3051 τρα-

2169 3072 2318 3141 χεῖαν
2350 3069 2459 3123 τῶν
2490 3072 2725 3143 στέρνων
2764 3071 2902 3143 ἠχὴν
2938 3072 3304 3143 περιιέμενος,
3347 3075 3513 3127 πᾶσιν
3559 3073 3747 3138 ἁπλῶς

2167 3171 2690 3243 ⁴ίὶκρωτηριασμένος
2729 3174 2842 3234 τοῖς
2890 3172 3126 3243 μέλεσιν,
3160 3173 3316 3226 νόσου
3357 3177 3600 3245 πονηρᾶς
3631 3174 3748 3227 λεί-

2165 3263 2353 3334 ψανον,
2400 3263 2632 3318 ἐλεεινὸν
2684 3265 2990 3336 ὑπόδειγμα
3037 3266 3137 3336 τῆς
3192 3265 3540 3338 ἀνθρωπίνης
3585 3267 3748 3321 ἀσθεη

2165 3366 2330 3428 νείας.
2371 3365 2510 3418 Ἀλλ’
2547 3367 2698 3437 ὅμως
2735 3367 2855 3420 οὑδὲ
2887 3366 3140 3430 τοσοῦτος
3192 3368 3490 3438 κατάλογος
3538 3386 3750 3440 συμφοο

2158 3453 2276 3526 ρῶν
2324 3454 2531 3508 ἔκλινεν
2560 3456 2696 3526 πρὸς
2739 3455 3028 3526 ἐπίσκεψιν
3065 3455 3155 3508 τὸν
3191 3457 3500 3526 ὑψαύχενα·
3545 3460 3748 3530 παρῄει

2162 3544 2318 3609 δὲὼς
2351 3545 2498 3599 λίθον
2531 3545 2625 3600 τὸν
2653 3545 2962 3618 ἄνθρωπον,
2995 3547 3401 3618 ἀπροφάσιστον
3433 3550 3532 3620 τὴν
3563 3551 3746 3620 ἀμαρ-

2163 3635 2284 3690 τίαν
2307 3635 2668 3690 ἐπιτελῶν.οὑ
2687 3635 2794 3708 γὰρ
2812 3630 2956 3706 εἶχεν
2973 3635 3369 3707 ἐγκαλούμενος
3379 3636 3555 3705 λέγειν
3570 3638 3751 3693 ταῦτα

2165 3737 2232 3794 τὰ
2269 3737 2422 3792 κοινά
2455 3738 2546 3791 καὶ
2591 3735 2954 3808 εὐπρόσωπα·
3009 3738 3123 3792 Ούκ
3171 3737 3363 3806 ἔγνων,
3395 3739 3510 3792 Οὐκ
3559 3739 3745 3809 ᾔδειν·

2167 3829 2398 3883 Ἐλαθέν
2423 3846 2489 3901 με
2511 3829 2741 3882 ποτνιῶν
2758 3829 3027 3898 ὁπτωχός·
3042 3829 3099 3893 ὃς
3116 3829 3290 3884 ἔκειτο
3306 3829 3412 3902 πρὸ
3427 3831 3522 3901 τῆς
3545 3831 3746 3902 πύλης,

2162 3922 2424 3985 εἰσιόντος
2452 3922 2548 3976 καὶ
2595 3921 2828 3988 ἐξιόντος
2861 3920 3062 3992 θέαμα,
3108 3922 3194 3975 ἵνα
3241 3923 3616 3994 ἀπαραίτητον
3649 3926 3744 3996 ἐρ-

2163 4017 2402 4088 γάσηται
2441 4014 2536 4070 τοῦ
2572 4015 2922 4088 ὑπερηφάνου
2957 4016 3056 4088 τὴν
3087 4015 3382 4086 καταδίκην
3441 4017 3744 4087 Ἐπεθύμει

2162 4108 2401 4162 καὶτῶν
2457 4107 2653 4179 ψιχίων
2705 4109 2805 4180 τῆς
2856 4110 3170 4182 τραπέζης,
3219 4110 3313 4162 καὶ
3367 4111 3488 4164 οὑδὲ
3536 4111 3742 4165 τούτων

2161 4198 2493 4270 ἐτύγχανεν·
2531 4201 2646 4252 ἀλλ’
2683 4200 2712 4252 6
2753 4200 2852 4270 μὲν
2890 4205 2955 4273 τῇ
3009 4201 3295 4274 πλησμονῇ
3344 4201 3737 4275 διερρήγνυτο·

2163 4292 2191 4344 6
2222 4290 2301 4355 δὲ,
2350 4291 2455 4344 ὑπὸ
2504 4291 2601 4361 τῆς
2653 4291 2862 4355 ἐνδείας
2905 4293 3151 4378 ἐτήκετο.
3190 4294 3369 4347 Καλὸν
3409 4292 3503 4349 οὖν
3545 4293 3612 4367 ἦν
3645 4300 3743 4351 καὶ

2162 4381 2368 4434 δίκαιον
2394 4381 2492 4451 τὴν
2532 4381 2841 4435 Χαναναίαν
2883 4382 3096 4455 ἐκείνην
3121 4383 3218 4456 τὴν
3261 4386 3548 4442 Φοίνισσαν
3590 4388 3739 4443 διδά-

2166 4470 2364 4526 σκαλον
2419 4472 2710 4542 ἐπιστῆσαι
2767 4472 2842 4542 τῷ
2892 4473 3266 4546 μισανθρώπῳ
3321 4477 3589 4548 πλουσίῳ,
3646 4479 3738 4533 λέ-

2159 4578 2361 4629 γουσαν
2395 4563 2576 4616 ἐκεῖνα
2605 4562 2674 4616 τὰ
2708 4564 3070 4635 γεγραμμένα
3090 4583 3102 4595 ’
3137 4567 3241 4634 ὅτι,
3267 4564 3338 4622 Ὦ
3366 4569 3602 4642 ἀλάστορ
3643 4571 3739 4623 καὶ

2160 4663 2498 4735 ὑπερήφανε,
2532 4663 2631 4717 καὶ
2676 4663 2748 4718 τὰ
2803 4664 3054 4734 κυνάρια
3098 4668 3284 4722 ἐσθίει
3317 4669 3436 4722 ἀπὸ
3482 4668 3600 4722 τῶν
3636 4673 3740 4738 ψι-

2158 4756 2305 4824 χίων
2354 4755 2472 4809 τῶν
2532 4757 2876 4810 πιπτόντων
2929 4757 3044 4810 ἀπὸ
3105 4758 3218 4826 τῆς
3283 4759 3569 4828 τραπέζης
3617 4761 3739 4815 τῶν

2155 4849 2379 4916 κιιοίων
2410 4847 2640 4902 αὐτῶν·
2686 4849 2750 4901 σὺ
2779 4849 2835 4901 δέ
2868 4848 2958 4900 τὸν
2992 4849 3222 4920 ἀδελφόν
3257 4869 3371 4915 σου,
3401 4854 3488 4906 τὸν
3525 4853 3737 4924 όμόφυυ

2155 4949 2264 5014 λον,
2305 4947 2508 5016 ταύτης
2542 4949 2640 5017 τῆς
2675 4947 2884 5019 δωρεᾶς
2920 4950 3019 5002 οὐκ
3065 4950 3334 5018 ἠξίωσαςς
3375 4953 3516 5006 Ἀλλ’
3544 4957 3592 5006 οἱ
3631 4956 3735 5025 μὲν

2151 5049 2316 5112 κύνες
2358 5048 2632 5118 ἐπιμελῶς
2674 5049 2982 5120 ἐτρέφοντο,
3032 5055 3153 5106 κατ’
3197 5055 3333 5108 ἰδίαν
3369 5057 3420 5109 οἱ
3450 5055 3691 5124 φύλακες
3716 5097 3733 5122 ,

2155 5142 2323 5212 χωρὶς
2350 5142 2398 5193 οί
2426 5140 2687 5212 θηρευταί
2705 5159 2718 5171 ·
2751 5144 2846 5196 καὶ
2878 5145 3076 5216 στέγης
3121 5145 3369 5213 ἠξιοῦντο
3394 5149 3489 5201 καὶ
3521 5146 3730 5219 κλίνης,

2155 5234 2248 5285 καὶ
2317 5232 2658 5305 θεραπευτὰς
2723 5231 2869 5306 εἶχον
2948 5238 3513 5310 ἀποκεκληρωμένους
3583 5241 3730 5294 κατὰ

2153 5325 2421 5398 σπουδήν·
2453 5326 2690 5398 ’ἔρριπτο
2718 5327 2775 5381 δέ
2817 5331 2992 5400 χαμαὶ
3030 5332 3062 5401 ἡ
3107 5330 3197 5383 τοῦ
3234 5330 3368 5383 Θεοῦ
3399 5330 3564 5386 είκὼν
3601 5333 3730 5401 ἀμε-

2149 5417 2383 5489 λουμένη
2429 5420 2524 5472 καὶ
2561 5420 2899 5491 πατουμένη,
2946 5421 3012 5492 ἡν
3059 5421 3166 5492 ἰδίᾳ
3219 5422 3364 5492 χειρὶ
3395 5424 3424 5475 ό
3454 5423 3564 5476 τῶν
3592 5425 3729 5478 ὅλων

2149 5515 2531 5590 ἀριστοτέχνης
2585 5519 2680 5574 καὶ
2728 5519 3058 5592 δημιουργὸς
3123 5521 3490 5578 διεπλάσατο·
3541 5526 3594 5579 εί
3655 5543 3730 5599 τῳ
