4048 6212
275 343 374 398 175

1311 338 1595 395 HOMILIA
1632 337 1777 392 LDE
1814 335 2042 392 DIVITE
2082 335 2168 391 ET
2210 336 2505 392 LAZARO.

3429 337 3534 399 Πίιυ

274 460 509 529 Μωῦσῆς
569 457 884 523 ἀξιόπιστος
942 454 1328 528 τεκμηριῶσας
1385 456 1494 510 τῶν
1553 455 1855 527 ἀνθρώπων

1974 454 2043 507 'cx
2073 469 2136 506 ac
2168 454 2348 506 mundi
2383 463 2568 508 auctor
2598 455 2835 509 condidit
2868 459 2909 521 ⁷,
2956 468 3014 510 ιιι
3057 459 3138 511 cui
3170 456 3381 528 Moyses
3411 459 3533 516 ido—

275 551 368 622 τὴν
398 549 638 618 γένεσιν.

359 728 422 779 Εἰ
464 726 561 796 μὲν
589 719 676 778 οὖν
709 723 1062 794 ἐτελεύτησεν
1099 721 1264 795 μέχρι
1291 723 1484 778 τούτου
1527 725 1590 777 τὸ
1622 724 1715 777 τοῦ
1745 726 1856 778 Λα·-

294 820 460 888 ζάρου
495 819 746 889 διήγημα,
779 818 877 870 καὶ
909 818 1088 882 οὕτως
1117 815 1229 890 εἶχε
1279 818 1388 872 τῶν
1440 819 1780 890 πραγμάτων
1822 820 1855 889 ή

299 910 470 979 φύσις,
510 909 582 970 ob;
611 911 674 978 τῇ
704 908 993 980 ἀνωμαλίᾳ
1033 907 1125 961 τοῦ
1174 908 1290 978 βίου
1323 908 1511 962 τούτου
1562 910 1662 982 τὴν
1711 909 1858 980 ζωὴν

300 999 441 1069 ήμῶν
484 997 934 1066 περιγράφεσθαι,
980 995 1219 1065 μεγάλας
1254 997 1320 1050 ἂν
1369 996 1559 1066 ἀφῆκα
1610 997 1857 1067 σχετλιά-

305 1090 397 1153 ζων
431 1087 606 1156 φωνάς
627 1103 641 1116 ο
689 1088 778 1155 ἐφ’
805 1085 887 1149 οἷς
917 1088 968 1138 οί
1007 1085 1316 1150 κτισθέντες
1354 1088 1654 1157 ὀμοτίμως,
1685 1087 1858 1152 οὕτως

303 1181 486 1243 ἀνίσως
529 1178 662 1248 μετά
712 1179 823 1230 τῶν
880 1178 1166 1248 ὁμοφύλων
1219 1178 1517 1250 διάγομενσ
1554 1179 1742 1250 ἐπειδὴ
1799 1179 1858 1233 δὲ

300 1270 424 1322 καλά
464 1269 528 1321 τά
559 1268 859 1339 λειπόμενα
895 1270 1033 1340 πρὸς
1079 1268 1364 1339 ἀκρόασιν,
1409 1272 1466 1323 ὲν
1495 1274 1607 1334 τοῖς
1655 1271 1860 1343 παρελ-

292 1360 425 1412 Θοῦσι
475 1359 776 1425 στενάξας,
817 1360 846 1412 ό
876 1359 1066 1428 πένης,
1115 1361 1172 1412 ἐν
1205 1362 1318 1423 τοῖς
1363 1359 1675 1424 ἀκολούθοις
1707 1359 1862 1414 εὐθύς

285 1469 467 1524 μησον,
519 1452 715 1522 μαθὼν
755 1450 851 1504 τοῦ
905 1450 1237 1522 συμπτώχω
1288 1470 1381 1506 σου
1428 1453 1528 1523 τὴν
1582 1454 1860 1526 μακαρίαν

278 1544 598 1597 ἀπόλαυσιν.
649 1544 921 1615 Εὑρήσεις
976 1544 1082 1615 γὰρ
1129 1543 1338 1597 δικαίου
1396 1544 1584 1616 κριτοῦ
1636 1545 1862 1617 ἀκριϐὲς

275 1636 648 1706 δικαστήριον,
671 1637 730 1688 ἐν
753 1630 798 1704 ᾧ
824 1635 1068 1700 στενάζει
1093 1637 1120 1689 ὁ
1147 1636 1524 1708 ἡδυπαθήσας,
1554 1638 1650 1690 καὶ
1683 1639 1862 1710 τρυφᾷ

275 1730 302 1780 ὁ
325 1728 647 1798 μοχθήσας·
714 1727 973 1798 ἑκάτερος
1002 1727 1058 1779 δὲ
1098 1728 1382 1798 κομίζεται
1426 1727 1494 1781 τὰ
1535 1726 1675 1800 πρὸς
1705 1727 1859 1792 ἀξίαν

276 1820 549 1890 ἐπίχειρα.

355 1910 629 1980 Ἐγένετο
668 1908 740 1963 δὲ
771 1907 1099 1964 ἀποθανεῖν
1155 1907 1266 1962 τὸν
1309 1909 1569 1978 πτωχὸν,
1616 1909 1717 1964 καί
1745 1909 1856 1963 ἀπ-

275 2000 601 2069 ενεχθῆναι
659 2000 779 2054 ὑπὸ
843 1999 963 2053 τῶν
1022 1998 1290 2069 ἀγγέλων
1348 2001 1436 2064 είς
1488 2000 1596 2052 τὸν
1630 1999 1866 2053 κόλπον

290 2093 564 2162 Ἀϐραάμ.
608 2092 773 2162 Ὁρᾷς
816 2093 945 2155 τοὺς
986 2090 1332 2153 διακονιστάς
1374 2089 1468 2143 τοῦ
1518 2089 1728 2144 δικαίου
1773 2090 1867 2144 καὶ

280 2186 534 2257 πένητος,
560 2185 660 2239 καὶ
688 2185 816 2247 τοὺς
851 2183 1129 2255 ὑπηρέτας
1159 2184 1259 2253 τῆς
1291 2183 1708 2253 μεταστάσεωςς
1741 2182 1868 2251 ’Λγ-

281 2277 423 2345 γελοι
474 2275 591 2346 γάρ
632 2275 1016 2345 ἐδορυφόρουν,
1053 2272 1284 2342 γαληνόν
1317 2288 1376 2326 τε
1415 2273 1512 2324 καὶ
1565 2274 1740 2343 πρᾶον
1785 2275 1866 2336 εἰς

283 2367 440 2419 αὐτὸν
474 2365 788 2435 βλέποντες,
818 2366 912 2419 καὶ
943 2364 1022 2434 τῷ
1058 2365 1158 2435 σχή
1170 2380 1296 2434 ματι
1340 2363 1736 2434 προδηλοῦντες
1767 2363 1868 2432 τὴν

281 2458 662 2528 ἀναμένουσαν
705 2455 867 2510 αὐτὸν
900 2455 1194 2528 θεραπείαν
1239 2455 1334 2508 καὶ
1366 2455 1570 2510 ἄνεσιν.
1613 2456 1865 2529 Ἐνετέθη

280 2547 335 2600 δέ
357 2546 651 2616 κομισθεὶς
679 2547 795 2609 τοῖς
821 2545 1042 2608 κόλποις
1054 2544 1148 2599 τοῦ
1187 2544 1556 2618 πατριάρχουο
1582 2545 1611 2598 ὃ
1644 2547 1736 2600 καὶ
1752 2547 1868 2600 δια-

281 2639 576 2708 πορήσεως
599 2637 853 2708 ἀφορμὴν
893 2635 1122 2707 παρέχει
1150 2638 1262 2700 τοῖς
1292 2638 1461 2708 ήδέως
1491 2639 1561 2692 τὰ
1592 2637 1729 2710 βάθη
1759 2638 1869 2694 τῶν

283 2729 525 2800 Γραφῶν
548 2729 949 2800 βασανίζουσιν.
973 2730 1037 2783 Εἰ
1064 2730 1174 2803 γὰρ
1205 2732 1314 2794 πᾶς
1339 2730 1608 2784 τελευτῶν
1661 2730 1868 2795 δίκαιος

285 2823 426 2894 πρὸς
482 2822 575 2875 τὸν
605 2822 767 2876 αὐτὸν
813 2820 1092 2892 κομίζοιτο
1136 2822 1318 2885 τόπον,
1351 2821 1518 2885 πολύς
1554 2838 1638 2886 τις
1672 2821 1738 2876 ἂν
1782 2821 1870 2892 εἴη

283 2914 377 2966 καὶ
408 2913 499 2965 ἐπ’
523 2913 755 2984 ἄπειρον
785 2913 1178 2983 ἀνηπλωμένος
1215 2915 1242 2966 ό
1266 2911 1485 2979 κόλπος,
1509 2911 1564 2965 εἴ
1588 2929 1651 2982 γε
1688 2913 1871 2983 μέλλοι

284 3005 600 3077 χωρητικὸς
639 3003 858 3057 ἔσεσθαι
906 3003 1000 3058 τοῦ
1037 3004 1275 3076 πλήθους
1313 3006 1423 3060 τῶν
1455 3006 1617 3061 ὁσίων
1647 3007 1865 3071 παντός.

285 3098 346 3150 Ei
391 3096 452 3148 δὲ
489 3095 650 3149 τοῦτο
693 3095 974 3160 παντελῶς
1011 3097 1293 3168 ἀμήχανον
1329 3097 1550 3169 (κόλπος
1598 3098 1708 3170 γὰρ
1749 3116 1863 3154 κοι-

285 3189 501 3251 λανθεὶς
580 3187 751 3258 ἄνδρα
809 3189 908 3258 μὲν
959 3189 1053 3244 καὶ
1106 3190 1204 3243 ἕνα
1253 3190 1565 3262 δυσχερῶς,
1612 3192 1764 3263 μόλις
1811 3193 1867 3245 δὲ

284 3280 378 3333 δύο
411 3280 761 3351 περιστέλλει
789 3279 1009 3352 βρέφη),
1040 3281 1242 3353 θεωρία
1272 3300 1356 3346 τις
1391 3285 1538 3354 ἡμᾶς
1566 3285 1870 3355 ἐκδέχεται,

285 3374 352 3442 τῇ
387 3372 560 3424 εικόνι
605 3371 701 3424 τοῦ
749 3370 1008 3442 αἰσθητοῦ
1057 3373 1285 3437 κόλπου,
1330 3373 1465 3444 πρὸς
1512 3377 1708 3447 νοητήν
1753 3395 1873 3432 τινα

289 3465 680 3535 πραγματείαν
731 3463 1167 3535 χειραγωγοῦσα.
1209 3465 1273 3517 Τί
1309 3463 1416 3536 γάρ
1462 3467 1580 3519 ἐστι
1627 3467 1689 3520 τὸ
1723 3467 1873 3536 λεγό-

293 3572 485 3626 μενον;
532 3556 596 3608 '0
647 3555 930 3628 Ἀϐραὰμ,
987 3557 1169 3626 φησιν,
1223 3555 1542 3625 ἀποδέχεται
1601 3557 1727 3620 τοὺς
1781 3558 1874 3610 τὸν

289 3647 674 3701 εὐπολίτευτον
737 3647 1010 3718 ζήσαντας
1058 3647 1196 3718 βίον.
1256 3648 1391 3701 Εἰπὲ
1443 3647 1646 3712 τοίνυν,
1691 3643 1736 3702 ὧ
1787 3648 1876 3702 θεο

291 3737 485 3790 σπέσιε
531 3738 718 3788 Λουκᾶ
749 3736 846 3805 (ὡς
888 3736 1026 3806 πρὸς
1070 3735 1316 3805 παρόντα
1357 3736 1465 3808 γάρ
1500 3753 1559 3789 σε
1597 3737 1693 3790 καὶ
1737 3737 1876 3810 όρὼ-

296 3842 463 3896 μενον
491 3825 848 3896 διαλέξομαι),
876 3825 966 3878 διά
1001 3826 1054 3878 τί
1088 3825 1297 3879 πολλῶν
1335 3827 1504 3880 ὄντων
1529 3827 1752 3883 δικαίων
1780 3829 1875 3882 καὶ

293 3917 684 3989 πρεσϐυτέρων
724 3917 820 3972 τοῦ
857 3917 1136 3990 Ἀϐραὰμ,
1181 3919 1386 3990 ταύτην
1431 3921 1542 3973 τῶν
1588 3920 1875 3992 μεθηλικεη

297 4009 504 4079 στέρων
559 4009 658 4080 τὴν
722 4009 890 4081 τιμὴν
961 4011 1362 4084 ἀπεκλήρωσας
1389 4051 1404 4076 ,
1454 4013 1737 4082 σιωπήσας
1784 4013 1875 4066 τὸν

309 4099 498 4170 Ἑνὼχ,
547 4101 642 4153 τὸν
685 4100 829 4163 Νῶε,
864 4103 960 4155 καὶ
992 4102 1046 4154 εἴ
1083 4121 1168 4166 τις
1215 4103 1372 4167 ἄλλος
1429 4102 1572 4156 κατά
1615 4102 1706 4158 τὸν
1763 4104 1876 4174 βίον

292 4191 506 4256 τούτοις
561 4193 879 4259 ἀκόλουθοςς
921 4194 1080 4248 Ἀλλά
1130 4212 1224 4249 σου
1277 4195 1420 4265 τάχα
1479 4196 1735 4266 συνίημι,
1783 4197 1877 4250 καὶ

293 4285 394 4336 οὐκ
441 4283 550 4348 ἔξω
602 4285 781 4355 βάλλει
828 4285 923 4338 τοῦ
971 4287 1174 4340 σκοποῦ
1218 4287 1254 4340 δι
1308 4286 1614 4357 λογίζομαι.
1657 4288 1874 4360 Ἐπειδὴ

295 4375 404 4445 γὰρ
436 4377 467 4427 ὁ
506 4365 761 4447 Ἀϐραὰμ
793 4376 1046 4447 θεράπων
1089 4377 1352 4448 Χριστοῦ,
1387 4379 1479 4432 καὶ
1511 4378 1876 4450 διαφερόντως

1959 559 2093 598 nens
2130 559 2190 599 ac
2246 545 2349 598 fide
2401 545 2591 614 dignus
2636 547 2872 616 scriptor
2913 549 3160 604 videatur
3200 551 3398 605 conditi
3429 549 3533 608 ho-

1959 635 2139 689 minis.

2031 727 2186 794 Quod
2241 727 2285 782 si
2337 727 2423 782 hic
2462 727 2565 783 loci
2601 729 2828 785 historia
2859 730 3050 786 Lazari
3082 733 3308 788 haberet
3348 735 3532 802 linem,

1959 819 2145 887 sicque
2190 834 2367 873 rerum
2417 828 2607 874 natura
2651 819 2838 886 ferret,
2881 831 2938 876 ut
2981 832 3086 877 tam
3124 825 3332 879 diversa
3369 841 3432 881 ac
3461 827 3536 882 inc

1967 908 2158 976 aequali
2186 919 2350 974 sorte,
2382 910 2630 964 humana:
2672 911 2793 965 vitae
2827 915 3154 969 curriculum
3188 915 3532 981 definiretur,

1958 1001 2064 1053 alta
2113 1014 2244 1054 sane
2289 1016 2351 1054 ac
2383 1013 2594 1055 exserta
2627 1017 2755 1057 Voce
2790 1003 3188 1074 deplaogeretn,
3229 1009 3370 1076 quod
3418 1009 3533 1078 pari

1961 1090 2168 1144 honore
2193 1093 2416 1159 conditi,
2450 1109 2617 1162 usque
2653 1095 2789 1150 adeo
2820 1095 3174 1166 inatqualibus
3209 1098 3381 1153 modis
3411 1115 3533 1154 cum

1960 1183 2242 1239 tribulibus
2287 1200 2591 1254 ageremus.
2644 1187 2949 1252 Enimvero,
3005 1204 3126 1242 cum
3171 1205 3233 1244 ea
3279 1205 3395 1260 quae
3452 1205 3540 1245 re-

1961 1281 2106 1326 stant
2134 1274 2315 1325 auditu
2348 1274 2602 1342 praeclara
2636 1276 2764 1339 sint,
2785 1277 3136 1346 qui,pauper,
3166 1279 3536 1348 superiOribus

1960 1364 2308 1434 adgemuisti,
2353 1366 2493 1418 bono
2534 1367 2784 1436 deinceps
2806 1379 2924 1422 esto
2955 1370 3153 1433 animo,
3189 1369 3430 1440 ejusdem
3459 1379 3541 1424 te-

1961 1469 2082 1508 cum
2117 1455 2279 1510 sortis
2308 1460 2559 1525 pauperis
2592 1461 2913 1514 condiscens
2945 1460 3358 1516 beatitudinem.
3387 1461 3542 1517 Com-

1960 1545 2135 1612 peries
2158 1547 2299 1600 enim
2345 1547 2475 1615 justi
2505 1547 2702 1615 judicis
2726 1562 2972 1605 exactum
3009 1553 3262 1617 tribunal,
3307 1555 3405 1606 sub
3433 1567 3541 1623 quo

1961 1635 2297 1705 voluptarius
2320 1637 2406 1690 ille
2434 1648 2615 1708 gemat
2635 1655 2697 1693 ac
2726 1641 2936 1711 ploret,
2963 1643 3371 1712 mendicusque,
3401 1645 3539 1699 bene

1963 1742 2026 1781 ac
2070 1729 2292 1798 pulchre
2349 1729 2542 1786 habeat
2577 1770 2590 1794 ,
2648 1746 2711 1787 ac
2764 1735 3088 1804 condignum
3135 1745 3362 1804 uterque
3403 1752 3539 1807 prte-

1892 1805 1934 1859 Β
1966 1821 2130 1876 mium
2167 1821 2324 1876 ferat.

2036 1911 2263 1966 Factum
2297 1925 2371 1968 est
2401 1926 2575 1968 autem
2604 1926 2660 1970 ut
2690 1927 2982 1971 moreretur
3021 1919 3289 1973 mendicus
3319 1931 3367 1973 et
3419 1935 3543 1989 por-

1963 2013 2166 2057 taretur
2194 2004 2258 2058 ab
2286 2005 2485 2076 angelis
2515 2007 2570 2060 in
2600 2007 2774 2061 sinum
2810 2007 3060 2063 Abrahae.
3098 2010 3262 2066 Vides
3287 2011 3540 2080 pauperis

1967 2109 2028 2148 ac
2049 2093 2180 2161 justi
2209 2094 2460 2160 famulos,
2499 2097 2724 2168 ejusque
2776 2101 3110 2170 migrationis
3152 2102 3544 2156 administros?

1968 2186 2178 2257 Quippe
2227 2189 2400 2258 angeli
2445 2191 2703 2246 satellitio
2745 2193 3053 2264 cingebant,
3093 2195 3286 2248 blande
3329 2210 3391 2248 ac
3425 2195 3540 2264 pla-

1967 2277 2088 2334 cide
2117 2280 2170 2332 in
2207 2294 2329 2334 eum
2375 2281 2666 2349 intuentes,
2701 2285 2918 2354 orisque
2954 2287 3137 2339 habitu
3169 2289 3460 2355 repositum
3495 2287 3543 2342 ei

1970 2369 2192 2445 ljnimen
2255 2387 2320 2427 ac
2381 2375 2758 2430 remissionem
2821 2377 3078 2444 prmludio
3146 2380 3540 2432 Illt)ttSll'.'tb:tnl.

1968 2459 2161 2528 Porro,
2187 2462 2504 2530 deportatus
2537 2464 2646 2528 ille,
2674 2466 2724 2518 in
2756 2466 2876 2518 sinu
2915 2466 3235 2535 patriarchae
3260 2468 3540 2534 depositus

1969 2562 2051 2605 est
2079 2566 2094 2604 :
2124 2553 2267 2620 quod
2296 2553 2510 2621 quidem
2544 2555 2609 2607 iis
2643 2569 2828 2607 ansam
2857 2555 3171 2624 quastionis
3203 2557 3425 2623 praebet,
3451 2556 3541 2624 qui

1970 2642 2216 2699 lubentes
2245 2643 2647 2712 Scripturarum
2683 2644 2949 2713 profunda
2978 2655 3308 2700 scrutantur.
3352 2645 3537 2712 Siqui-

1973 2735 2093 2788 dem
2139 2733 2282 2788 enim
2313 2732 2578 2802 justormn
2619 2734 2844 2803 quilibet
2886 2734 2993 2788 vita
3035 2736 3300 2789 excedens
3336 2735 3386 2789 in
3421 2750 3544 2790 eum

1971 2822 2214 2880 defertur
2238 2823 2436 2890 locum,
2475 2825 2808 2895 peramplum
2848 2839 2977 2879 sane
3008 2840 3071 2880 ac
3109 2825 3389 2880 immensis
3421 2841 3548 2894 spa-

1974 2915 2064 2970 tiis
2111 2916 2404 2972 distentum
2451 2917 2626 2970 sinum
2685 2917 2826 2970 hunc
2874 2925 3085 2985 oportet
3133 2931 3272 2981 esse,
3317 2927 3370 2970 ut
3403 2918 3453 2972 in
3482 2931 3549 2972 eo

1971 3012 2282 3060 sanctorum
2316 3005 2494 3060 onmis
2528 3005 2816 3059 multitudo
2851 3006 3175 3059 continenda
3208 3007 3294 3060 sit.
3327 3007 3458 3061 Cum
3493 3008 3546 3061 id

1973 3109 2104 3149 vero
2133 3110 2355 3163 prorsus
2393 3097 2512 3150 lieri
2548 3104 2778 3164 nequeat
2811 3095 2984 3166 (sinus
3024 3097 3164 3150 enim
3206 3103 3550 3165 quantumvis

1973 3201 2136 3242 cavus
2165 3197 2220 3240 et
2263 3200 2454 3256 capax,
2505 3185 2590 3241 vel
2651 3202 2814 3239 unum
2861 3201 3004 3256 aegre
3051 3187 3268 3256 virum,
3320 3189 3552 3244 infantes

1975 3277 2059 3332 vix
2114 3277 2249 3332 duos
2299 3275 2748 3347 complectatur):
2785 3278 3016 3348 mystica
3055 3280 3298 3347 quasdam
3349 3280 3550 3334 intelli-

1977 3369 2157 3440 gentia
2185 3369 2446 3437 occurrit,
2496 3369 2817 3437 sensilisque
2861 3369 3013 3424 sinus
3055 3369 3307 3440 imagine,
3334 3371 3399 3425 ad
3429 3387 3551 3426 sen-

1977 3474 2068 3515 sus
2097 3459 2360 3530 spiritalis
2391 3459 2677 3514 medullam
2718 3475 2875 3512 manu
2910 3459 3077 3515 ducit.
3110 3460 3246 3526 Quid
3285 3463 3427 3515 enim
3463 3463 3550 3517 hic

1978 3552 2209 3608 dicitur?
2240 3549 2502 3605 Nimirum
2531 3551 2807 3622 suscipere
2834 3551 3106 3606 Abraham
3149 3565 3246 3605 eos
3293 3553 3381 3620 qui
3417 3553 3554 3606 bene

1981 3657 2044 3697 ac
2071 3652 2216 3698 recte
2238 3642 2402 3696 vitam
2433 3641 2803 3696 instituerunt.
2833 3646 2944 3712 Age
2972 3643 3173 3711 itaque,
3201 3645 3382 3698 divine
3404 3643 3546 3700 Luca

1978 3735 2124 3806 (nam
2152 3735 2298 3789 velut
2326 3745 2642 3804 praesentem
2673 3745 2722 3788 te
2749 3749 2810 3789 ac
2838 3735 2907 3788 ob
2933 3733 3116 3788 oculos
3146 3736 3375 3804 positum
3405 3751 3552 3789 com-

1979 3825 2209 3898 pellabo)
2234 3842 2247 3890 ;
2280 3826 2410 3894 quid
2438 3841 2635 3892 causae,
2665 3835 2724 3879 ut
2753 3825 2934 3880 multis
2960 3825 3126 3895 justis
3152 3840 3215 3877 ac
3245 3827 3554 3880 Abrahamo

1979 3919 2390 3988 antiquioribus,
2413 3920 2555 3972 hunc
2573 3918 2907 3987 potissimum
2927 3916 3185 3970 honorem
3203 3915 3277 3987 (6)
3291 3919 3554 3984 sequioris

1978 4009 2154 4063 relatis
2197 4008 2399 4062 homini
2437 4009 2819 4076 assignaveris,
2849 4008 3162 4078 praeteriens
3189 4008 3390 4073 Enocb,
3420 4007 3549 4074 Noe,

1989 4117 2050 4156 ac
2077 4101 2122 4155 si
2167 4101 2256 4169 qui
2317 4116 2410 4154 eos
2464 4099 2683 4170 paribus
2739 4103 2862 4155 vita:
2916 4101 3108 4156 studiis
3162 4102 3329 4156 secuti
3387 4101 3558 4156 sunt?

1984 4194 2294 4256 Enimvero,
2353 4204 2586 4248 mentem
2631 4191 2743 4262 jam
2799 4206 2943 4248 tuam
3001 4194 3299 4262 intelligere
3329 4195 3550 4258 videor;

1982 4301 2082 4340 nec
2127 4285 2260 4352 abit,
2315 4296 2374 4339 ut
2429 4287 2641 4356 opinor,
2697 4296 2848 4339 extra
2907 4299 3128 4354 scepnm
3192 4284 3551 4338 ratiocinatio.

1984 4375 2134 4442 Quod
2159 4378 2301 4431 enim
2337 4378 2677 4431 Abraharnus
2707 4377 2926 4431 Christo
2954 4378 3250 4446 impensius
3279 4377 3553 4440 servierit,

294 4467 451 4528 om
501 4467 804 4538 ἀνθρώπων
851 4467 918 4521 τά
954 4468 1056 4537 τῆς
1120 4467 1212 4520 τοῦ
1262 4467 1498 4539 Χριστοῦ
1550 4470 1870 4539 ἐπιφανείας

1983 4468 2142 4536 eique
2167 4483 2225 4522 se
2254 4467 2361 4532 ille,
2390 4482 2500 4535 pra:
2546 4467 2865 4521 mortalibus
2911 4469 3048 4531 aliis,
3099 4467 3296 4522 divinis
3341 4469 3554 4537 appari-

295 4559 539 4624 ἐδέξατο,
569 4561 663 4612 καὶ
690 4560 749 4612 τὸ
775 4560 878 4629 τῆς
912 4559 1138 4629 Τριάδος
1180 4562 1476 4631 μυστήριον
1511 4561 1712 4625 ἱκανῶς
1746 4563 1876 4631 ἡμῖν

297 4653 354 4702 ὲν
382 4653 450 4721 τῇ
494 4653 668 4721 σκηνῇ
711 4651 803 4704 τοῦ
841 4651 1100 4722 γέροντος
1126 4649 1318 4703 τούτου
1351 4649 1679 4721 διετυπώθη,
1715 4651 1879 4720 ἠνικα

297 4746 424 4807 τοὺς
455 4747 610 4815 τρεῖς
639 4745 903 4812 ἀγγέλους
935 4745 1010 4807 ὡς
1044 4743 1244 4814 ἄνδρας
1289 4743 1602 4814 ὁδοιπόρους
1641 4743 1875 4810 ἐξένισεο

300 4837 394 4885 καὶ
423 4834 610 4899 ἁπλῶς
647 4837 709 4887 ἐκ
760 4833 969 4888 πολλῶν
1003 4834 1280 4905 μυστικῶν
1312 4835 1650 4906 αἰνιγμάτων
1683 4837 1880 4899 οἰκεῖος

299 4924 587 4996 ἄνθρωπος
640 4921 794 4989 οὗτος
842 4925 1134 4995 γεγένηται
1189 4925 1284 4978 τοῦ
1336 4924 1493 4990 Θεοῦ,
1525 4925 1618 4978 τοῦ
1666 4925 1878 4996 χρόνοις

298 5013 527 5087 ὕστερον
560 5017 971 5087 ἀμφιεσαμένου
995 5017 1093 5087 τὴν
1125 5017 1320 5087 σάρκα,
1351 5017 1444 5068 καὶ
1478 5016 1566 5069 διά
1596 5016 1760 5087 μέσου
1783 5018 1876 5070 τοῦ

297 5107 653 5178 ἀνθρωπικοῦ
691 5109 885 5162 τούτου
932 5109 1433 5179 παραπτάσματος
1474 5109 1719 5179 ἐναργῶς
1757 5111 1880 5180 ὁμι-

296 5199 361 5267 λή
371 5217 564 5263 σαντος
584 5203 700 5264 τοῖς
729 5199 1060 5272 ἀνθρώποις·
1079 5201 1166 5254 διά
1185 5200 1362 5264 τοῦτο,
1386 5200 1476 5251 τὸν
1498 5199 1692 5252 κόλπον
1718 5201 1880 5253 αὑτοῦ

296 5286 412 5342 οἷον
451 5293 628 5346 εῦδιόν
659 5312 778 5347 τινα
810 5294 1004 5365 λιμένα
1038 5295 1132 5346 καὶ
1177 5292 1441 5346 ἄκλυστον
1473 5292 1879 5363 ἀναπαυτήριον

368 5431 389 5462 ⁷
426 5429 562 5483 Gen.
608 5446 664 5494 ιι,
702 5430 795 5483 Ξῖ.

378 5557 452 5627 (6)
495 5559 760 5629 Sequioris
789 5562 963 5615 (Mutis
984 5561 1202 5617 homini.
1238 5559 1354 5613 τῶν
1370 5561 1885 5630 μεϐηλικεστέρων

295 5629 767 5702 ἀπεκλήρωσας.
819 5632 901 5684 Sit
936 5632 1074 5684 forte
1119 5630 1196 5699 τῷ
1228 5629 1688 5702 μεθήλικεστέρῳ,
1739 5629 1883 5699 Quo-

300 5702 469 5751 modo
502 5701 631 5753 nihil
663 5703 1021 5771 snpplendutn
1051 5708 1139 5753 aut
1176 5705 1386 5754 durum.
1446 5701 1667 5754 Videtur
1715 5703 1881 5755 inter-

302 5785 430 5835 pres
481 5783 602 5824 eant
654 5787 838 5826 vocem
895 5772 1168 5823 contrario
1223 5788 1381 5825 St‘ttsu
1441 5772 1756 5837 reddidisse,
1819 5789 1880 5826 ac

1985 4557 2222 4612 tionibus
2264 4558 2610 4623 revelaverit,
2651 4559 2894 4627 atquein
2928 4559 3072 4614 illius
3112 4560 3257 4612 senis
3309 4559 3554 4611 taberna-

1984 4651 2105 4704 culo
2162 4650 2445 4704 Trinitatis
2497 4653 2814 4721 mysterium
2897 4651 3110 4704 abunde
3166 4650 3320 4702 nobis
3366 4651 3553 4700 adum-

1985 4739 2196 4793 bratmn
2243 4741 2334 4802 sit,
2384 4756 2503 4793 cum
2549 4751 2659 4794 tres
2703 4739 2920 4809 angelos
2963 4740 3198 4792 virorum
3239 4737 3553 4806 peregrino-

1985 4847 2100 4886 rum
2153 4834 2352 4899 specie,
2410 4832 2643 4900 bospitio
2694 4831 2975 4898 suscepit;
3038 4835 3181 4899 quod
3226 4830 3459 4898 denique
3486 4843 3552 4883 ex

1983 4924 2225 4994 mysticis
2259 4924 2440 4978 multis
2471 4923 2868 4994 wnigmatibus,
2901 4922 3041 4975 idem
3072 4921 3176 4988 ille,
3211 4921 3324 4986 Dei,
3352 4921 3440 4990 qui
3467 4920 3556 4975 fu-

1988 5015 2123 5069 turis
2193 5016 2534 5083 postmodum
2601 5015 2932 5082 temporibus
2990 5027 3206 5067 carnem
3274 5013 3556 5068 induturus

1987 5117 2151 5172 esset,
2183 5123 2246 5162 ac
2282 5109 2457 5162 medio
2495 5109 2850 5164 humanitatis
2880 5107 2998 5162 velo
3025 5107 3198 5176 palam
3228 5123 3348 5160 cmn
3379 5107 3554 5161 homi-

1991 5202 2148 5255 nibus
2200 5210 2342 5256 esset
2391 5212 2722 5265 versaturns,
2770 5201 3110 5256 necessarius
3159 5201 3554 5266 quodanunodo

1987 5308 2052 5347 ac
2085 5292 2366 5348 familiaris
2412 5292 2637 5349 effectus
2686 5296 2784 5359 sit;
2844 5293 3048 5348 idcirco
3072 5293 3187 5362 ejus
3220 5295 3416 5359 sinum,
3461 5310 3557 5349 ceu

1993 5561 2139 5614 velut
2167 5575 2280 5613 mro
2319 5561 2651 5633 superiorem
2689 5559 3042 5633 significaret,
3074 5563 3215 5633 quod
3246 5563 3380 5617 satis
3401 5565 3561 5620 abso-

1994 5649 2118 5685 num
2145 5641 2246 5683 est.
2284 5629 2398 5682 Alia
2429 5643 2510 5683 est
2540 5631 2618 5683 vis
2651 5632 3054 5700 propositionis,
3085 5629 3205 5688 cum
3236 5634 3302 5688 de
3343 5643 3561 5700 artatunt

1995 5701 2360 5774 alternatioue
2408 5699 3068 5774 dicitur,p:0qktxiwst;
3113 5714 3167 5760 et
3217 5699 3560 5774 μεθήλικιοῦ·

1995 5771 2139 5833 σθαι,
2172 5771 2396 5841 singulis
2427 5771 2724 5842 quibusque
2755 5771 3068 5842 septenniis.
