4048 6194
476 301 576 358 ίιτό

1735 300 1794 359 S.
1835 298 2106 357 ASTERII
2143 299 2448 357 ΑιιΑδεΝι

3615 294 3713 349 176

476 417 824 488 tranquillum
847 418 1129 489 quemdam
1174 424 1410 486 portum,
1452 425 1615 487 atque
1660 417 1725 472 ab
1763 417 1908 473 omni
1943 415 2042 470 tiu-

2152 411 2281 471 εἶναι
2329 416 2435 470 τῶν
2466 411 2686 468 δικαίων
2715 410 2899 482 φησίν.
2936 410 3024 463 Ἐν
3072 406 3291 480 Χριστῷ
3342 408 3450 480 γάρ
3499 408 3716 464 πάντων

474 521 657 568 ctuum
685 510 975 582 agitatione
1002 508 1243 577 quietum
1294 507 1496 575 locum,
1539 508 1692 563 dicit.
1732 507 1788 562 In
1822 508 2040 563 Christo

475 603 639 667 enim,
664 610 907 655 nostrum
924 598 1162 653 omnium
1184 598 1329 653 salus
1345 607 1446 665 est,
1466 614 1527 654 ac
1551 614 1672 669 spes
1687 598 2043 669 exspectatio-

477 711 583 767 que
618 694 780 747 futuri
813 691 1019 755 saeculi,
1054 692 1144 761 qui
1180 690 1473 746 secundum
1511 692 1802 746 humanam
1833 688 2039 746 seriem

474 800 542 841 ex
590 798 751 840 carne
792 782 1084 837 Abrahami
1133 798 1358 851 germen
1430 782 1857 851 prodiitz-atque
1908 780 2043 836 adeo

474 872 744 934 existimo.
777 870 876 925 viri
905 872 1051 925 senis
1077 871 1333 924 honorem
1361 879 1415 924 et
1438 871 1602 925 decus
1625 870 1676 922 in
1709 870 2041 924 Salvatorem

475 962 698 1025 referri.
729 960 821 1032 qui
854 970 937 1016 est
960 960 1122 1031 judex
1155 975 1217 1014 ac
1243 959 1550 1027 prmrniator
1572 959 1806 1023 virtutis,
1839 958 2042 1027 justos-

474 1068 580 1123 que
630 1053 822 1108 blanda
865 1051 953 1105 illa
1001 1066 1064 1104 ac
1106 1050 1425 1103 demulcenti
1470 1064 1600 1103 voce
1645 1048 1954 1118 compellat,
1979 1062 2044 1103 ac

473 1143 644 1200 dicit:
686 1141 890 1204 Venite,
922 1140 1177 1194 benedicti
1224 1136 1404 1193 Patris
1445 1138 1568 1203 mei,
1612 1138 1870 1208 possidete
1893 1155 2045 1207 para-

473 1247 583 1290 tum
609 1233 749 1289 vobis
780 1248 994 1302 regnum
1020 1232 1067 1287 ⁸.

547 1324 774 1379 Factum
806 1333 878 1377 est
909 1334 1084 1377 autem
1115 1332 1170 1375 ut
1203 1336 1398 1388 pauper
1412 1333 1726 1377 moreretur.
1761 1323 1874 1378 Duo
1905 1337 2048 1393 qua-

473 1415 596 1471 dam
644 1414 785 1468 circa
838 1427 1126 1482 pauperem
1169 1420 1465 1477 notantur;
1511 1428 1701 1482 nempe
1755 1413 2043 1469 necessarii

474 1514 806 1563 commeatus
839 1506 1085 1574 penuria,
1123 1514 1176 1559 et
1213 1506 1472 1559 modestia
1517 1506 1707 1572 animi,
1743 1522 1806 1560 ac
1829 1506 2047 1560 humilis

473 1613 686 1653 morum
722 1596 1059 1665 compositio.
1108 1595 1185 1651 Ne
1227 1612 1355 1666 ergo
1413 1597 1659 1667 quisquis
1709 1613 1909 1667 pauper
1939 1607 2043 1664 est,

475 1705 541 1747 ac
571 1690 812 1760 pecunia:
845 1688 1076 1757 indigus,
1109 1691 1412 1758 pannisque
1436 1690 1668 1756 obsitus,
1700 1690 1915 1743 virtutis
1942 1688 2042 1743 sibi

2143 508 2350 582 ήμῶνή
2371 507 2612 579 σωτηρία
2625 505 2720 559 καὶ
2738 506 2770 576 ἡ
2791 501 3063 573 ἀπεκδοχὴ
3083 501 3177 556 τοῦ
3204 501 3485 573 μέλλοντος
3501 502 3713 565 αίῶνος,

2142 601 2219 672 τῷ
2248 604 2311 654 ἐκ
2341 601 2441 671 τῆς
2481 596 2681 670 σαρκὸς
2712 596 2807 649 τοῦ
2842 594 3093 667 Ἀϐραὰμ
3146 594 3287 647 κατά
3317 592 3416 663 τὴν
3446 591 3717 663 ἀνθρωπι-

2143 691 2244 763 κὴν
2286 689 2606 745 ἀκολουθίαν
2649 688 3031 759 βλαστήσαντι.
3070 685 3179 739 Καί
3217 701 3304 755 μοι
3337 685 3487 738 δοκεῖ
3520 686 3554 754 ἡ
3589 684 3717 755 περὶ

2141 781 2235 835 τὸν
2256 782 2489 852 γέροντα
2515 779 2703 832 τοῦτον
2740 777 2876 850 τιμὴ
2932 778 3014 841 είς
3058 776 3150 830 τὸν
3182 776 3411 846 Σωτῆρα
3449 773 3548 844 τὴν
3580 774 3717 827 ἀνα-

2143 872 2317 942 φορὰν
2350 871 2516 942 ἔχειν,
2541 869 2633 923 τὸν
2661 868 2855 940 κριτὴν
2894 867 3024 920 ὄντα
3051 867 3145 920 καὶ
3181 865 3579 937 μισθαποδότην
3612 863 3714 933 τῆς

2143 965 2361 1036 ἀρετῆς,
2399 963 2494 1017 καὶ
2523 964 2591 1033 τῇ
2621 960 2989 1031 θεραπευτικῇ
3033 960 3184 1028 φωνῇ
3224 954 3710 1027 προσκαλούμενον

2141 1058 2267 1121 τοὺς
2296 1055 2550 1118 δικαίους,
2585 1054 2679 1107 καὶ
2708 1052 2967 1120 λέγοντα·
3004 1050 3204 1115 Δεῦτε,
3243 1051 3295 1101 οἱ
3320 1046 3715 1117 εὐλογημένοι

2142 1146 2250 1202 τοῦ
2297 1148 2530 1213 Πατρός
2567 1161 2720 1214 μου·
2769 1140 3264 1211 κληρονομήσατε
3311 1138 3427 1207 τὴν
3476 1139 3721 1207 ἡτοιμα-

2143 1241 2377 1312 σμένην
2411 1238 2555 1308 ὑμῖν
2588 1236 2936 1302 βασιλειαν.

2227 1331 2487 1402 Ἐγένετο
2527 1328 2595 1383 δὲ
2629 1327 2956 1397 ἀποθανεῖν
2990 1327 3099 1380 τὸν
3141 1326 3400 1394 πτωχόν.
3434 1322 3607 1394 Διπλῆ
3636 1340 3721 1387 τις

2145 1425 2294 1479 ἐστὶν
2335 1425 2369 1494 ἠ
2401 1422 2529 1493 περὶ
2569 1421 2663 1475 τὸν
2696 1419 2910 1491 πτωχὸν
2954 1417 3224 1489 σημασία·
3269 1419 3303 1488 ή
3349 1418 3445 1487 μὲν
3486 1415 3720 1488 δηλοῦσα

2144 1517 2253 1570 τῶν
2287 1514 2598 1583 ἀναγκαίων
2637 1514 2736 1584 τὴν
2783 1511 3024 1565 ἔνδειαν·
3063 1511 3095 1581 ἡ
3144 1508 3201 1562 δὲ
3252 1509 3350 1580 τὴν
3386 1524 3719 1581 μετριοφρο-

2147 1607 2312 1678 σύνην
2345 1604 2560 1660 καὶτοῦ
2605 1604 2768 1674 ήθους
2818 1602 2918 1672 τὴν
2967 1598 3352 1670 ταπεινότητα.
3396 1599 3488 1670 Μὴ
3536 1598 3717 1652 τοίνυν

2145 1700 2175 1751 ό
2205 1697 2316 1751 τῶν
2344 1696 2485 1750 ὑλῶν
2515 1694 2735 1765 ἀπόρως
2764 1692 2921 1762 ἔχων,
2959 1690 3055 1744 καὶ
3096 1688 3390 1757 πενόμενος
3430 1686 3722 1757 ἀργυρίου.

474 1781 709 1835 vindicet
746 1779 977 1843 laudem,
1023 1789 1112 1831 aut
1148 1788 1445 1850 egestatem
1480 1780 1611 1834 satis
1643 1780 1840 1833 habere
1865 1779 1930 1833 ad
1954 1793 2046 1834 sa—

2152 1786 2519 1858 ῆμφιεσμένος
2545 1785 2600 1837 δὲ
2628 1764 2725 1854 τὴν
2767 1780 3002 1852 ἐλεεινὴν
3046 1777 3358 1850 ἐφεστρίδα,
3403 1776 3725 1831 οίκειούσθω

473 1872 640 1927 lutem
673 1871 964 1925 existimet.
1005 1868 1122 1924 Non
1163 1871 1307 1925 enim
1361 1870 1569 1925 laudem
1615 1870 1779 1925 habet
1826 1871 1915 1939 qui
1957 1886 2049 1925 ue-

475 1965 732 2020 cessitate
755 1971 838 2017 est
863 1977 1067 2031 pauper
1096 1978 1111 2015 :
1145 1962 1238 2016 sed
1272 1961 1317 2017 is
1353 1963 1570 2016 demum
1607 1962 1660 2016 in
1691 1962 2049 2017 admiratione

478 2066 582 2119 est,
626 2055 717 2125 qui
761 2065 953 2124 sponte
989 2069 1053 2108 ac
1102 2054 1265 2109 animi
1317 2054 1563 2121 decreto,
1624 2057 1866 2111 modeste
1923 2055 2045 2110 fert.

477 2146 692 2215 Alioqui
743 2147 909 2210 enim,
970 2154 1241 2214 utcunque
1286 2147 1362 2218 (Ἰ)
1417 2162 1593 2202 rerum
1633 2148 1857 2218 penuria
1907 2147 2052 2202 labo-

484 2237 749 2304 rantibus,
786 2246 844 2291 ut
889 2236 923 2290 ii
971 2237 1153 2306 pravis
1179 2236 1419 2292 moribus
1448 2238 1560 2292 sint
1591 2253 1654 2293 ac
1691 2237 2052 2293 inemendabi-

477 2328 577 2395 les,
603 2339 787 2382 coacta
842 2337 1131 2397 paupertas
1180 2328 1244 2382 ad
1293 2328 1459 2382 multa
1502 2343 1567 2383 ac
1611 2328 1747 2382 mala
1784 2327 2050 2389 facinora,

478 2416 737 2471 viaticum
772 2418 1005 2471 exsistit.
1050 2417 1194 2471 Sane
1230 2430 1390 2480 vero,
1422 2416 1468 2472 si
1505 2417 1720 2485 quando
1754 2417 1819 2469 ad
1859 2416 2049 2484 praesi—

480 2508 565 2563 dis
592 2507 829 2561 tribunal
866 2506 1114 2571 accessi,
1171 2506 1437 2574 parietum
1489 2507 1824 2577 perfossores
1864 2521 2054 2561 omnes

481 2615 545 2655 ac
591 2599 883 2670 plagiarios
908 2640 923 2664 ,
973 2608 1455 2670 grassatoresque,
1499 2609 1554 2655 et
1594 2599 1762 2667 fures,
1805 2616 1868 2655 ac
1909 2601 2053 2670 ipsos

486 2693 810 2760 homicidas,
851 2693 1038 2760 inopes
1074 2708 1137 2746 ac
1180 2693 1458 2762 ignobiles,
1498 2694 1614 2747 sine
1646 2692 1760 2747 lare
1796 2707 1857 2747 ac
1909 2692 2053 2746 sedi-

482 2790 585 2843 bus
633 2785 901 2851 bomines,
942 2784 1076 2838 vidi.
1128 2781 1283 2836 Unde
1329 2792 1542 2836 constat
1589 2782 1790 2852 liquido
1835 2784 2052 2838 beatum

484 2879 573 2935 hic
601 2891 890 2946 pauperem
937 2874 1083 2928 illum
1125 2888 1155 2927 a
1204 2874 1483 2943 Scriptura
1523 2875 1825 2943 praedicari,
1877 2875 1966 2943 qui
2023 2890 2054 2929 e

483 2967 819 3039 philosomiia
871 2965 1175 3034 composito
1217 2965 1396 3019 animo
1445 2965 1685 3019 laborem
1742 2981 1806 3020 ac
1846 2980 2050 3020 aerum-

484 3075 607 3117 nam
637 3058 861 3129 perfert,
881 3057 1198 3127 fortiterque
1226 3072 1290 3113 ac
1324 3065 1637 3113 constanter
1680 3058 1936 3113 adversos
1976 3068 2055 3112 ιο·
2083 3097 2125 3153 C

487 3152 623 3207 lerat
643 3167 826 3217 casus,
857 3166 921 3206 ac
954 3149 1084 3204 nihil
1116 3150 1200 3204 vel
1226 3150 1447 3205 sceleris
1475 3148 1557 3204 vel
1582 3148 1769 3219 ﬂagitii
1813 3150 2051 3214 molitur,

485 3251 545 3296 ut
567 3243 717 3295 carni
738 3256 838 3310 per
876 3241 1206 3311 voluptatem
1238 3250 1402 3309 atque
1436 3239 1658 3294 delicias
1703 3241 2053 3309 gratificetur.

485 3330 657 3399 Quem
710 3332 884 3401 ipsum
940 3333 1179 3400 apertius
1227 3332 1485 3387 describit
1516 3330 1774 3386 Dominus
1803 3333 1855 3386 in
1885 3334 2056 3402 prima

490 3424 844 3488 beatitudine,
891 3439 1012 3479 cum
1052 3424 1127 3476 ait
1160 3440 1175 3476 :
1210 3421 1359 3477 Beati
1382 3439 1632 3493 pauperes
1652 3424 1843 3491 spiritu
1869 3424 1913 3475 ’.
1951 3422 2057 3476 Ne-

483 3529 592 3584 que
641 3514 804 3585 igitur
847 3512 1027 3567 omnis
1071 3526 1273 3581 pauper
1307 3511 1524 3579 justus,
1571 3511 1663 3565 sed
1725 3511 1770 3565 is
1828 3520 2056 3576 tantum,

491 3603 581 3672 qui
615 3613 699 3658 est
720 3602 943 3658 Lazaro
967 3603 1207 3657 moribus
1247 3601 1472 3665 similis;
1503 3615 1677 3670 neque
1704 3600 1852 3655 dives
1880 3602 2059 3656 omnis

489 3694 773 3765 reprobus,
803 3694 897 3748 sed
924 3691 1015 3763 qui
1054 3693 1218 3746 vitam
1252 3692 1325 3745 ita
1365 3691 1622 3757 instituit,
1655 3704 1710 3746 ut
1740 3692 1826 3746 ille
1852 3691 2060 3746 Lazaro

486 3785 709 3854 aequalis
735 3804 749 3839 :
793 3798 855 3837 ac
872 3782 974 3852 qui
1006 3782 1204 3850 reipsa,
1229 3797 1292 3835 ac
1313 3781 1509 3851 quibus
1533 3782 1721 3836 eadem
1745 3782 1817 3835 illi
1848 3783 2057 3846 vivunt,

486 3877 734 3947 ejusdem
762 3875 890 3930 vitae
925 3884 1092 3929 testes
1124 3874 1396 3929 manifesti
1426 3875 1716 3929 exsistunt.
1754 3872 1891 3941 Quid
1912 3876 2056 3927 enim

489 3966 793 4024 admirabili
852 3963 991 4020 Jobo
1044 3964 1397 4035 opulentius?
1459 3964 1642 4034 Neque
1710 3975 1886 4021 tamen
1938 3979 2059 4020 eum

492 4060 656 4115 nimia
692 4058 778 4112 illa
812 4071 991 4111 rerum
1023 4058 1179 4125 copia
1205 4072 1269 4110 ac
1308 4056 1606 4124 amueutia,
1658 4066 1746 4111 aut
1787 4072 1815 4110 a
1852 4057 2060 4126 justitia

430 4195 435 4199 .
491 4149 726 4203 alienum
765 4147 926 4213 fecit;
980 4156 1091 4209 aut,
1126 4154 1184 4199 ut
1212 4147 1447 4200 breviter
1471 4147 1670 4211 dicam,
1696 4163 1723 4199 a
1752 4147 1948 4201 virtute
1970 4147 2063 4200 de-

497 4242 685 4298 movit.
715 4239 914 4295 Contra
942 4253 1096 4302 vero,
1127 4238 1256 4306 quid
1292 4237 1549 4292 lscariote
1580 4237 1914 4305 pauperius?
1957 4236 2061 4291 Nc—

494 4348 600 4403 que
633 4341 813 4385 tamen
845 4330 926 4384 vel
961 4330 1240 4383 minituum
1272 4328 1337 4382 ad
1369 4330 1595 4381 salutem
1622 4328 1671 4382 ei
1705 4326 1904 4396 profuit
1938 4343 2063 4398 ege-

2146 1880 2245 1951 τῆς
2288 1879 2488 1950 ἀρετῆς
2545 1875 2635 1929 τὸν
2684 1874 2927 1936 ἔπαινον,
2967 1870 3102 1942 μηδέ
3145 1869 3415 1941 νομιζέτω
3463 1869 3724 1941 ἀρκέσειν

2147 1970 2296 2040 αὐτῷ
2345 1968 2443 2039 τὴν
2494 1965 2698 2020 ἔνδειαν
2746 1964 2884 2037 πρὸς
2932 1963 3227 2033 σωτηρίαν.
3273 1959 3351 2016 Οὐ
3382 1962 3491 2033 γὰρ
3532 1962 3561 2013 ό
3604 1961 3726 2013 κατ’

2148 2061 2395 2130 ἀνάγκην
2427 2057 2722 2129 πενόμενος
2765 2055 3103 2109 ἐπαινεῖται·
3136 2053 3253 2106 ἀλλ’
3280 2054 3309 2105 ό
3353 2052 3449 2123 τὴν
3501 2051 3727 2123 γνώμην

2149 2150 2487 2223 αὐθαιρέτως
2575 2146 2881 2220 μετριάζων
2957 2145 3319 2216 θαυμάζεται.
3387 2143 3542 2197 Ἐπεὶ
3613 2145 3729 2206 τοῖς

2149 2242 2539 2314 ἀπορουμένοις
2567 2240 2773 2305 ἁπλῶς,
2819 2238 3002 2309 ἔχουσι
3033 2237 3089 2290 δὲ
3129 2238 3218 2291 τὸν
3250 2237 3451 2309 τρόπον
3482 2233 3719 2302 ἀδιαγώ-

2149 2353 2313 2408 γητον
2350 2335 2383 2406 ἢ
2414 2333 2812 2405 ἀκατόρθωτον,
2855 2331 3064 2401 ἐφόδιον
3116 2330 3323 2398 γίνεται
3373 2326 3581 2381 πολλῶν
3630 2326 3727 2379 καὶ

2151 2425 2405 2497 πονηρῶν
2433 2423 2795 2494 τολμημάτων
2829 2424 2864 2493 ἡ
2897 2420 3032 2492 πρὸς
3067 2420 3313 2490 ἀνάγκην
3343 2416 3719 2488 ἀκτημοσύνη.

2152 2517 2264 2571 Καὶ
2316 2516 2524 2579 πάντας
2571 2513 2683 2583 ἐγὼ
2715 2514 2841 2576 τοὺς
2894 2511 3262 2583 τοιχωρύχους
3306 2510 3401 2562 καὶ
3456 2507 3727 2577 ἀνδραιτο⁹

2150 2608 2356 2672 διστὰς,
2393 2606 2475 2660 ἔτι
2518 2604 2626 2676 μὴν
2655 2602 2999 2668 λωποδύτας,
3045 2603 3140 2655 καὶ
3170 2601 3427 2664 κλέπτας,
3468 2600 3564 2653 καὶ
3602 2599 3732 2661 τοὺς

2152 2695 2513 2768 ἀνδροφόνους
2549 2693 2768 2755 αὐτοὺς,
2805 2691 2858 2743 εί
2899 2708 3029 2745 ποτε
3072 2690 3384 2763 παρέϐαλον
3421 2689 3730 2761 ἀρχοντικῷ

2153 2785 2441 2858 κριτηρίῳ,
2473 2784 2711 2855 πένητας
2749 2781 3086 2852 ἐθεασάμην,
3116 2782 3447 2849 ἀγνώστους,
3491 2780 3730 2843 ἀοίκους,

2151 2877 2448 2939 ἀνεστίους.
2489 2875 2575 2938 Ὠς
2607 2875 2673 2926 ἐκ
2724 2872 2917 2926 τούτου
2961 2871 3228 2944 πρόδηλον
3272 2867 3431 2938 εἶναι,
3472 2871 3553 2923 ὅτι
3626 2887 3731 2939 μα-

2154 2966 2371 3037 καρίζει
2401 2964 2497 3019 νῦν
2535 2966 2569 3035 ἠ
2607 2962 2799 3034 Γραφὴ
2841 2962 2932 3015 τὸν
2967 2961 3182 3031 πτωχὸν
3225 2962 3429 3014 ἐκεῖνον
3459 2958 3549 3013 τὸν
3587 2960 3737 3027 φιλο*

2160 3056 2315 3126 σόφῳ
2347 3052 2493 3125 ψυχῇ
2539 3053 2665 3117 τοὺς
2711 3051 2942 3123 μόχθους
2972 3050 3338 3121 βαστάζοντα·
3368 3048 3738 3121 καρτεροῦντα

2158 3148 2214 3203 δὲ
2259 3146 2522 3216 γενναίως
2572 3145 2708 3217 πρὸς
2756 3144 2856 3208 τάς
2901 3143 3254 3215 περιστάσεις
3301 3141 3397 3195 τοῦ
3454 3142 3592 3212 βίου,
3642 3142 3742 3195 καί

2158 3239 2313 3295 οὐδὲν
2357 3237 2770 3309 κακουργοῦντα
2812 3236 3071 3306 πονηρὸν,
3121 3236 3207 3289 ἵνα
3252 3238 3316 3305 τῇ
3370 3235 3535 3304 σαρκὶ
3577 3233 3741 3304 χαρί-

2161 3348 2320 3400 σηται
2351 3330 2452 3400 τῆς
2476 3328 2687 3400 τρυφῆς
2714 3328 2813 3398 τὴν
2841 3327 3164 3380 ἀπόλαυσιν.
3202 3329 3297 3378 ’ον
3343 3327 3437 3378 καὶ
3476 3326 3743 3394 σαφέστε-

2160 3440 2253 3494 ρον
2301 3420 2592 3492 διαγράφει
2641 3421 2699 3472 ἐν
2748 3418 2825 3489 τῷ
2875 3416 3077 3489 πρώτῳ
3129 3416 3238 3470 τῶν
3296 3416 3664 3487 μακαρισμῶν
3708 3418 3742 3469 ὁ

2158 3517 2385 3588 Κύριος,
2413 3514 2587 3583 λέγων
2605 3530 2618 3545 ·
2653 3511 2940 3580 Μακάριοι
2968 3514 3022 3565 οὶ
3045 3510 3266 3579 πτωχοὶ
3307 3510 3388 3574 τῷ
3416 3511 3736 3578 πνεύματι.

2158 3608 2294 3663 Οὔτε
2326 3602 2420 3661 οὖν
2453 3606 2560 3669 πᾶς
2590 3604 2804 3674 πτωχὸς
2859 3603 3066 3665 δίκαιος
3085 3642 3100 3667 ,
3146 3601 3260 3654 ἀλλ’
3301 3601 3510 3662 ἐκεῖνος
3558 3595 3672 3663 οἷος
3708 3602 3743 3653 ὁ

2160 3700 2444 3771 Λάζαρος·
2473 3694 2600 3750 οὔτε
2635 3696 2747 3759 πᾶς
2781 3693 3034 3757 πλούσιος
3079 3690 3521 3761 ἀπεγνωσμένος,
3560 3689 3679 3743 ἀλλ’
3713 3693 3749 3744 6

2164 3789 2302 3862 μετά
2346 3787 2601 3858 τοιαύτης
2647 3785 2756 3851 ζῶν
2801 3784 3201 3857 προαιρέσεως,
3246 3782 3363 3835 οἵαν
3411 3778 3555 3851 εἶχεν
3584 3782 3613 3833 ό
3644 3780 3745 3837 τοῦ

2160 3882 2412 3953 Λαζάρου
2464 3878 2787 3949 σύγχρονος,
2832 3878 2928 3930 καὶ
2972 3873 3163 3928 τούτου
3197 3874 3244 3926 οί
3275 3871 3365 3926 διὰ
3410 3872 3510 3943 τῆς
3541 3872 3741 3944 πείρας

2159 3972 2253 4027 τοῦ
2287 3972 2403 4043 βίου
2435 3971 2708 4042 μάρτυρες
2747 3966 3026 4039 πρόδηλοι.
3056 3964 3122 4017 Τί
3152 3965 3261 4036 γὰρ
3293 3962 3387 4017 τοῦ
3427 3962 3571 4015 θείου
3617 3960 3741 4014 ’1ὼὸ

2165 4061 2601 4132 πλουσιῶτερον;
2641 4059 2778 4112 Ἀλλ’
2820 4060 2971 4129 ὅμως
3003 4058 3036 4126 ἡ
3070 4056 3150 4119 είς
3196 4054 3332 4123 ἄγαν
3375 4052 3603 4122 εὐπορία
3649 4052 3741 4105 τὺν

2163 4154 2365 4225 ἄνδρα,
2416 4152 2542 4206 οὔτε
2588 4153 2687 4221 τῆς
2740 4148 3085 4219 δικαιοσύνης
3135 4146 3516 4217 ἠλλοτρίωσεν,
3571 4144 3737 4210 οὔτε,

2165 4241 2465 4312 συλλήῦδην
2519 4241 2716 4302 εἰπεῖν,
2765 4239 2863 4307 τῆς
2914 4237 3117 4308 ἀρετῆς
3188 4234 3470 4305 ἐξώρισεν.
3526 4235 3590 4287 Τί
3640 4235 3737 4287 τοῦ

2176 4330 2528 4404 Ἰσκαριώτου
2578 4330 2940 4400 πενέστερονς
2991 4326 3154 4380 esset;
3207 4324 3463 4378 ἀπώνατο
3492 4324 3607 4395 τῆς
3651 4327 3743 4377 ἐν-

493 4434 648 4489 stas;
679 4435 863 4474 verum
901 4432 1022 4473 cum
1064 4419 1312 4472 undecim
1356 4432 1420 4472 ac
1463 4416 1815 4488 philosophis,
1855 4418 2055 4487 ipsique

2164 4422 2312 4486 δείας
2356 4422 2435 4485 εἰς
2483 4418 2785 4489 σωτηρίαν·
2836 4416 2971 4470 ἀλλά
3020 4418 3129 4479 τοῖς
3170 4414 3361 4468 ἕνδεκα
3409 4414 3602 4483 πένησι
3648 4416 3745 4467 καὶ

499 4515 634 4569 adeo
668 4511 918 4574 Domino,
962 4510 1052 4579 qui
1087 4520 1279 4579 sponte
1313 4523 1518 4578 pauper
1546 4508 1716 4562 nostri
1750 4523 1911 4563 causa
1940 4507 2055 4562 ell‘e-

2166 4514 2474 4586 φιλοσόφοις
2509 4508 2982 4581 συνδιαιτώμενος,
3011 4509 3105 4561 καὶ
3137 4505 3286 4575 αὐτῷ
3318 4522 3381 4573 γε
3418 4504 3493 4575 τῷ
3527 4505 3744 4577 Κυρίῳ,

498 4615 618 4662 ctus
640 4612 726 4660 est
754 4603 821 4666 ¹⁰,
851 4602 1209 4657 contubernio
1244 4601 1465 4669 junctus
1490 4608 1660 4664 esset,
1694 4599 1858 4653 animi
1885 4600 2055 4668 pravi-

2165 4608 2245 4679 τῷ
2269 4607 2335 4661 δι’
2363 4606 2509 4677 ἡμᾶς
2546 4602 2885 4674 αὐθαιρέτως
2927 4599 3323 4670 πτωχεύσαντι,
3356 4596 3523 4666 κακίᾳ
3553 4613 3748 4667 προαι-

497 4706 607 4751 tate
640 4696 692 4751 in
718 4694 1006 4750 avaritiam
1039 4695 1296 4762 abreptus
1343 4690 1519 4760 ipsam
1543 4692 1669 4745 inde
1706 4690 2055 4761 proditionem

2169 4698 2371 4770 ρέσεως
2403 4696 2482 4757 είς
2523 4691 2886 4764 φιλαργυρίαν
2951 4688 3336 4761 παρενεχθεὶς,
3385 4685 3596 4739 ἐκεῖθεν
3638 4688 3740 4739 καὶ

499 4790 719 4846 tnOlitttS
749 4795 848 4844 eSl-
2164 4790 2262 4861 τὴν
2291 4787 2579 4861 προδοσίαν
2605 4784 3047 4857 ἐρᾳδιούργησεν.

570 4878 761 4949 Operae
794 4877 1028 4948 pretium
1062 4885 1240 4930 autem
1276 4874 1416 4941 erit,
1454 4874 1735 4944 utriusqtte
1773 4872 2055 4929 elationem

2245 4875 2426 4941 ’Ἄξιον
2455 4874 2511 4928 δέ
2540 4873 2632 4926 καὶ
2657 4871 2753 4943 τὴν
2783 4870 3021 4941 ἐκφορὰν
3055 4867 3315 4940 ἐκατέρου
3344 4866 3450 4920 τῶν
3482 4866 3747 4936 τεθνηκό-

502 4968 740 5024 defuncti
784 4969 1076 5038 prudenter
1125 4967 1460 5020 examinare.
1510 4964 1726 5036 Pauper
1763 4967 1907 5021 enim
1944 4982 2055 5021 cum

2174 4982 2279 5018 των
2301 4962 2535 5024 συνετῶς
2550 4962 2866 5031 δοκιμάσαι.
2898 4962 2956 5013 '0
2981 4961 3079 5030 μὲν
3106 4959 3214 5031 γὰρ
3231 4960 3442 5031 πτωχὸς
3465 4959 3749 5030 κοιμηθεὶς

501 5058 898 5124 obdormisset,
950 5056 1172 5127 angelos
1220 5056 1369 5126 ipsos
1420 5058 1683 5125 stipantes
1733 5059 1952 5122 habuit,
1997 5073 2055 5112 ac

2174 5054 2435 5124 ἀγγέλους
2461 5049 2606 5123 εἶχεν
2642 5053 2971 5123 δορυφόρους
2997 5050 3090 5104 καὶ
3120 5049 3482 5123 θεραπευτὰς,
3515 5050 3748 5119 ἄγοντας

500 5150 762 5220 obsequio
789 5149 1063 5213 foventes,
1090 5147 1178 5215 qui
1210 5146 1275 5200 ad
1307 5146 1477 5200 locum
1514 5146 1713 5215 quietis
1732 5188 1749 5211 ,
1778 5148 1929 5202 bona:
1958 5161 2053 5211 spe

2173 5145 2336 5199 αὐτὸν
2362 5143 2505 5215 ’μετά
2519 5142 2689 5214 καλῆς
2722 5143 2821 5213 τῆς
2849 5142 3063 5207 ἐλπίδος
3087 5143 3167 5205 εἰς
3195 5142 3283 5195 τὸν
3305 5141 3466 5194 τόπον
3483 5141 3581 5212 τῆς
3611 5143 3747 5195 ἀνα-

506 5239 721 5306 plenum
758 5240 1147 5309 perducerent;
1187 5248 1427 5291 mortuus
1461 5248 1632 5292 autem
1663 5237 1825 5301 dim,
1860 5238 2055 5308 inquit

2178 5237 2447 5300 παύσεως·
2469 5238 2500 5289 d
2520 5235 2587 5287 δὲ
2643 5237 2941 5300 πλούσιος
2964 5232 3303 5297 ἀποθανὼν,
3331 5233 3513 5302 φησὶν,
3531 5231 3743 5300 ἐτάφη.

583 5438 605 5470 ³
630 5437 818 5492 Matth.
853 5454 979 5504 xxv,
1019 5440 1107 5494 54.
1184 5440 1205 5471 ⁹
1238 5438 1426 5493 Matth.
1458 5452 1510 5503 v,
1536 5437 1588 5492 5.
1670 5438 1713 5468 ⁸⁸
1738 5435 1778 5490 Il
1809 5434 1936 5490 Cor.
1969 5452 2085 5504 vui,
2115 5437 2169 5492 9.

577 5591 654 5663 (Ἰ)
686 5590 909 5663 Alioqui
928 5591 1063 5644 enim
1100 5602 1380 5663 manuque,
1411 5587 1807 5663 ctc._Pro__é1ti,
1847 5589 2055 5644 restitut

2175 5588 2286 5651 τοῖς
2315 5586 2709 5663 ἀπορουμένοις
2743 5587 2950 5652 ἀπλως.
2979 5587 3048 5642 ad
3072 5590 3380 5663 superiora,
3415 5601 3627 5663 unaque
3657 5588 3746 5641 illa

506 5658 648 5719 ἐπεί.
674 5659 786 5727 Qua
815 5658 913 5715 levi
940 5662 1231 5714 mutatione
1254 5658 1467 5716 constat
1492 5659 1635 5712 clara
1671 5659 1877 5730 littera,
1909 5674 2069 5727 quant
2176 5672 2308 5712 voce
2333 5658 2580 5723 reddens,
2622 5658 2676 5710 in
2702 5668 3027 5724 paupertate,
3059 5660 3200 5729 quod
3236 5660 3388 5716 valde
3408 5659 3654 5730 jejunum
3685 5672 3749 5711 ac

503 5734 772 5802 interpres
819 5731 955 5785 male
1000 5731 1270 5795 obscurat,
1318 5731 1581 5784 reducens
1617 5731 1777 5785 verba
1830 5729 1916 5784 illa
1949 5729 2071 5782 emi
2179 5737 2462 5799 angustum
2493 5736 2808 5797 paupertate
2841 5736 2944 5782 est.
