4048 6194
281 342 366 398 m

1269 338 1554 396 HOMILIA
1591 339 1632 397 Ι.
1673 339 1762 395 DE
1799 339 2026 397 DIVITE
2067 340 2151 396 ET
2193 338 2491 399 LAZARQ.

3388 338 3492 396 178

285 458 430 513 θύδὲν
447 455 556 527 γὰρ
573 449 680 508 οἷον
696 452 832 525 αὐτῇ
862 451 1172 527 χρήσασθαι
1195 458 1262 528 τῇ
1293 455 1434 522 λέξει
1464 458 1530 528 τῇ
1564 460 1833 530 γραφικῇν

1947 458 2164 528 κεραίαις
2196 468 2271 513 εει
2313 455 2412 528 (8).
2446 451 2591 510 Nihil
2627 454 2769 512 enim
2804 455 3029 526 perinde
3059 455 3234 512 valeat
3267 468 3331 511 ac
3357 469 3493 511 con-

286 546 466 610 ίκανῶς
493 545 583 599 διά
610 544 725 616 μιᾶς
755 543 957 610 λέξεως
982 544 1358 618 ἐρμηνευούσῃ
1382 545 1480 618 τὴν
1512 547 1707 617 ἀτιμον
1734 545 1828 600 τοῦ

289 638 527 692 πλουσίου
558 636 859 689 κατάλυσιν.
927 635 985 689 Ἰ)
1021 635 1131 708 γὰρ
1167 638 1490 709 ἁμαρτωλὸς
1529 638 1794 694 τελευτῶν
1814 678 1829 702 ,

291 733 446 796 ὅντως
472 732 736 792 θάπτεται.
764 730 979 800 χθόνιος
1007 731 1080 784 ὢν
1109 730 1170 783 τὸ
1204 731 1365 803 σῶμα
1385 771 1400 795 ,
1431 733 1618 804 γήινος
1646 734 1700 786 δὲ
1742 734 1834 787 καὶ

295 823 378 896 τὴν
404 822 598 894 ψυχήν·
632 823 720 875 καὶ
750 823 811 874 τὸ
855 822 1084 891 φυσικὸν
1114 822 1327 894 ἐκείνης
1362 821 1579 895 ἀξίωμα
1607 827 1672 896 τῇ
1697 841 1833 896 συμ-

299 914 469 984 παθείᾳ
506 914 598 983 τῆς
633 912 835 985 σαρκὸς
877 913 1015 983 πρὸς
1042 912 1141 983 τὴν
1172 913 1305 984 ὓλην
1339 914 1694 983 καταγαγὼν,
1743 916 1834 968 οὺ-

300 1006 370 1060 δὲν
397 1004 612 1076 χρηστὸν
649 1005 747 1076 τῆς
790 1003 988 1058 ἑαυτοῦ
1034 1002 1180 1074 ζωῆς
1226 1005 1652 1076 καταλιμπάνων
1701 1006 1834 1059 ὑπό-

303 1113 481 1166 μνημα,
518 1095 648 1167 λήθῃ
693 1095 751 1149 δὲ
791 1095 974 1165 ἀτίμῳ
1008 1095 1444 1166 καλυπτόμενος,
1488 1098 1578 1150 καλ¹
1607 1097 1698 1150 τὸν
1724 1098 1834 1151 τῶν

301 1187 619 1259 βοσκημάτων
651 1187 882 1241 θάνατον
905 1185 1190 1240 τελευτῶν.
1234 1188 1417 1256 Τάφος
1449 1189 1545 1259 μὲν
1572 1188 1680 1259 γὰρ
1722 1188 1833 1259 ἔχει

296 1279 343 1331 τὸ
364 1279 505 1349 σῶμα
528 1295 541 1308 ’
568 1278 704 1349 ᾅδης
734 1278 791 1331 δὲ
842 1277 941 1348 τὴν
963 1277 1177 1349 ψυχήν-⁸
1216 1276 1311 1331 δύο
1341 1279 1595 1332 σκοτεινά
1618 1279 1832 1349 δεσμω-

286 1369 455 1439 τήρια,
489 1369 824 1440 μεριζόμενα
854 1368 951 1423 τοῦ
986 1369 1226 1441 πονηροῦ
1265 1369 1365 1440 τὴν
1401 1371 1691 1442 τιμωρίαν.
1723 1372 1834 1425 Καὶ

280 1460 348 1523 τίς
374 1461 472 1513 οὐκ
506 1460 574 1513 ἂν
612 1462 713 1531 τῆς
742 1460 997 1525 ἀϐουλίας
1028 1460 1119 1514 τὸν
1148 1461 1333 1517 ἄθλιον
1380 1462 1831 1533 καταμέμψαιτος

277 1552 422 1621 ῆνικα
468 1551 568 1621 μὲν
600 1552 741 1624 ὑπὲρ
772 1556 877 1625 γῆς
912 1550 982 1625 ἦν
1012 1554 1321 1627 γαυροῦντα
1340 1596 1355 1619 ,
1388 1554 1834 1626 μεγαλαυχούμε-

276 1657 373 1703 νον,
398 1638 618 1694 πάντων
643 1639 1090 1711 ὑπερφρονοῦντα
1114 1641 1223 1695 τῶν
1253 1639 1537 1704 συζώντων
1578 1642 1671 1694 καὶ
1705 1644 1834 1712 ὀμο-

274 1728 464 1799 φύλων,
492 1729 588 1781 καὶ
625 1730 905 1800 μονονουχὶ
938 1729 1234 1803 μύρμηκας
1265 1731 1361 1784 καὶ
1389 1729 1675 1800 σκώληκας
1702 1730 1836 1783 ἀπο-

1933 558 2085 619 cepta
2118 551 2194 604 uti
2231 549 2526 619 Scriptum
2554 563 2719 615 voce,
2752 562 2857 618 qua
2884 560 2988 603 una
3023 547 3277 602 infamem
3308 547 3493 603 divitis

1933 642 2135 695 exitum
2172 640 2383 695 abunde
2434 640 2684 709 explicat.
2736 638 2969 694 Moriens
3012 638 3207 707 quippe
3238 646 3494 708 peccator

1934 748 2060 788 vere
2111 733 2389 801 sepelitur,
2443 734 2697 803 quoniam
2745 745 2968 800 corpore
3020 741 3075 784 et
3120 732 3302 785 animo
3337 728 3492 798 juxta

1935 828 2209 881 terrestris
2269 836 2396 892 est;
2460 842 2524 881 ac
2576 824 2878 879 naturalem
2925 822 3082 891 hujus
3138 822 3493 892 dignitatem,

1934 916 2319 984 conjunctione
2357 931 2421 972 ac
2460 915 2763 987 sympathia
2812 915 2991 969 carnis
3025 914 3090 967 ad
3145 914 3366 968 sordes;
3396 911 3494 966 fm-

1934 1021 2132 1075 cesque
2175 1017 2416 1063 terrenas
2470 1010 2722 1062 deorsum
2763 1006 2966 1071 trahit,
3003 1005 3316 1074 nullumque
3363 1003 3497 1059 utile

1935 1098 2057 1152 vitm
2118 1114 2228 1153 suae
2299 1109 2708 1154 monumentum
2766 1098 3109 1167 relinquens,
3159 1111 3223 1152 ac
3276 1094 3497 1166 ignobili

1945 1199 2119 1266 tectus
2150 1190 2450 1254 oblivione,
2487 1191 2717 1245 similem
2758 1190 3053 1258 pecudibus
3091 1197 3317 1242 mortem
3357 1187 3492 1253 obit.

1937 1280 2067 1334 Nam
2106 1289 2162 1336 et
2193 1297 2389 1351 corpus
2412 1322 2428 1345 ,
2470 1282 2773 1351 sepulcrum
2805 1297 2820 1346 ;
2856 1289 2910 1335 et
2945 1279 3178 1334 animam
3203 1318 3217 1343 ,
3255 1277 3496 1332 infernus

1939 1370 2145 1426 habet:
2187 1388 2249 1426 ac
2290 1373 2445 1441 quasi
2488 1372 2758 1427 tenebrosi
2794 1372 2897 1426 duo
2948 1384 3230 1434 carceres,
3279 1382 3493 1438 pmnam

1943 1461 2152 1516 scelesti
2184 1477 2247 1517 ac
2277 1463 2531 1517 ultionem
2562 1462 2890 1530 partiuntur.
2925 1460 3056 1528 Quis
3085 1468 3294 1526 autem,
3328 1472 3455 1527 rogo
3476 1497 3493 1522 ,

1938 1555 2191 1608 miserum
2243 1569 2306 1608 ac
2356 1553 2623 1608 infelicem
2677 1552 2925 1607 stultitiae
2961 1566 3065 1606 non
3105 1551 3353 1615 incuset,
3405 1549 3498 1618 qui

1938 1647 2187 1715 quidem,
2223 1646 2276 1699 in
2314 1645 2564 1700 humanis
2592 1660 2787 1714 agens,
2821 1658 3014 1714 magna
3047 1643 3277 1712 spiraret
3312 1680 3328 1707 ,
3366 1655 3489 1695 sese

1938 1736 2152 1790 elierret
2184 1774 2199 1797 .
2255 1749 2445 1790 omnes
2499 1749 2621 1789 cum
2655 1735 2770 1804 ipso
2832 1743 3106 1789 versantes
3160 1746 3224 1786 ac
3274 1729 3496 1785 tribules

273 1797 528 1873 καλοῦντα
572 1797 701 1882 τοὺς
743 1797 1198 1890 ἐντυγχάνοντας,
1244 1819 1385 1891 κενῷ
1428 1820 1485 1873 δὲ
1526 1797 1833 1890 φρονήματι

1947 1839 2067 1880 suos
2104 1824 2407 1893 despicatui
2446 1824 2708 1890 haberet;
2745 1839 2808 1877 ac
2838 1838 3081 1894 quosque
3114 1822 3496 1877 convenientes

271 1909 371 1979 τῆς
414 1908 773 1980 ὀλιγοχρονίου
821 1910 979 1981 δόξης
1025 1911 1523 1985 διαρρηγνύμενον
1573 1911 1734 1982 ἡνίκα
1775 1910 1834 1963 δέ

271 2000 593 2071 ἀπεσπάσθη
621 2001 717 2054 τοῦ
749 2000 896 2071 βίου,
962 2003 1055 2055 καὶ
1088 2004 1166 2067 ὡς
1193 2003 1480 2074 μαστιγίας
1519 2002 1705 2066 δοῦλος
1733 2003 1837 2072 ἀφ-

271 2092 437 2163 ῃρέθη
475 2092 585 2145 τῶν
622 2092 916 2165 ἀλλοτρίων
941 2134 956 2155 ,
1003 2088 1079 2149 ὧν
1101 2095 1159 2159 ἐξ
1191 2095 1377 2158 ἀνοίας
1406 2095 1654 2166 ἐνόμιζεν
1697 2090 1835 2148 εἶναι

268 2183 547 2253 δεσπότης,
577 2184 659 2246 είς
685 2184 1012 2255 ἀντίρροπον
1039 2185 1136 2256 τῆς
1157 2185 1564 2257 ὑπερηφανείας
1591 2184 1837 2252 καταφέ-

277 2290 419 2343 ρεται
454 2274 818 2344 ταπεινότητα
844 2315 860 2341 ,
893 2274 986 2328 καὶ
1017 2276 1185 2345 γραὸς
1226 2276 1529 2348 θρηνούσης
1567 2275 1836 2347 ὀδυρμοὺς

273 2368 720 2439 προὸαλλόμενος,
763 2368 950 2440 μακρά
984 2371 1078 2423 καὶ
1108 2369 1343 2441 ἀνόνητα
1373 2371 1464 2423 τὸν
1491 2369 1837 2440 πατριάρχην

269 2460 636 2524 ἀποκαλεῖ-ται,
664 2461 836 2529 λέγων
854 2478 867 2492 ·
900 2460 1127 2533 [Πάτερ
1174 2462 1438 2532 Ἀϐραὰμ,
1459 2460 1722 2528 ἐλέησόν
1737 2475 1833 2528 με,

267 2551 361 2605 καί
388 2553 634 2620 πέμψον
654 2550 937 2621 Λάζὶιρον,
970 2553 1072 2605 ἵνα
1098 2551 1273 2621 ,βάψῃ
1305 2552 1370 2606 τὸ
1396 2552 1585 2622 ἄκρον
1605 2549 1711 2604 τοῦ
1736 2550 1837 2603 δα-

267 2644 495 2696 κτύλου
523 2643 709 2697 αὑτοῦ
744 2642 984 2709 ὕδατος,
1021 2642 1118 2697 καί
1148 2644 1465 2713 καταψύξῃ
1494 2643 1611 2711 τὴν
1641 2642 1837 2711 γλῶσ-

267 2733 392 2787 σάν
421 2751 574 2803 μου,
618 2734 707 2787 ὅτι
759 2734 1057 2804 ὀδυνῶμαι
1105 2735 1175 2788 ἐν
1229 2735 1302 2804 τῇ
1348 2736 1527 2806 φλογὶ
1560 2734 1834 2806 ταύτῃ·]

267 2824 443 2894 ζητῶν
470 2825 640 2887 ἔλεον,
675 2826 735 2878 ὃν
775 2826 875 2879 ούκ
905 2825 1137 2890 ἔδωκεν,
1183 2827 1346 2899 ἡνίκα
1381 2827 1475 2881 τοῦ
1532 2828 1837 2899 εὐεργετεῖν

267 2918 554 2989 πρόχειρον
582 2913 727 2987 εἶχεν
753 2916 852 2988 τὴν
881 2918 1126 2984 ἐξουσίαν
1145 2935 1160 2949 ο
1194 2917 1360 2983 ἀξιῶν
1387 2919 1445 2973 δὲ
1471 2919 1619 2990 αὐτῷ
1646 2917 1837 2990 βοηθὸν

266 3008 404 3061 κατά
443 3008 540 3061 τοῦ
576 3008 745 3079 πυρὸς
770 3008 1061 3077 ἀφικέσθαι
1094 3010 1185 3064 τὸν
1227 3009 1508 3082 Λάζαρον·
1546 3010 1837 3082 εὐχόμενος

1933 1924 2139 1970 tantum
2181 1931 2287 1970 non
2330 1915 2582 1971 formicas
2621 1930 2684 1971 ac
2720 1930 2931 1970 vermes
2969 1915 3299 1985 appellaret,
3342 1913 3487 1968 inani

1935 2006 2111 2074 fastu,
2161 2006 2428 2077 ﬂuxchue
2486 2020 2550 2061 ac
2613 2005 2819 2078 iugacis
2873 2005 3126 2076 Opinione
3172 2005 3356 2076 gloria:
3419 2003 3500 2058 di-

1935 2107 2314 2166 rumperetur:
2359 2099 2450 2152 uhi
2505 2105 2685 2153 autem
2742 2098 2811 2151 ab
2873 2098 2978 2152 hoc
3026 2096 3222 2151 saeculo
3276 2094 3496 2149 avulsus

1934 2188 2070 2256 fuit,
2126 2204 2190 2244 ac
2251 2196 2505 2259 tanquam
2565 2205 2753 2245 servus
2808 2189 3034 2260 ﬂagrio,
3092 2189 3303 2253 aliena,
3360 2202 3496 2257 quo-

1937 2297 2051 2334 rum
2102 2296 2161 2336 se
2206 2296 2301 2350 per
2351 2284 2641 2335 humanam
2693 2282 3017 2336 dementiam
3063 2280 3337 2335 dominum
3382 2291 3501 2331 cre-

1937 2372 2196 2437 didisset,
2246 2372 2426 2426 ahlata
2484 2373 2707 2437 amisit,
2765 2372 2831 2426 ad
2881 2387 3061 2442 parem
3121 2386 3230 2424 sua:
3283 2370 3359 2423 illi
3408 2384 3499 2422 su-
3571 2364 3577 2371 ’

1939 2464 2136 2531 ροιυίιο
2190 2463 2461 2518 delabitur
2518 2463 2911 2527 humilitatem,
2965 2476 3205 2529 anusque
3262 2459 3498 2529 lugentis

1934 2553 2105 2607 instar
2149 2553 2483 2617 lamentans,
2535 2552 2695 2622 longo
2727 2567 2790 2606 ac
2844 2552 3014 2606 intttili
3063 2552 3344 2605 verborum
3382 2565 3499 2603 am-

1932 2645 2046 2699 bitu
2098 2645 2458 2715 patriarcham
2516 2644 2764 2708 invocat,
2822 2643 3057 2698 dicens:
3110 2639 3272 2695 Pater
3328 2641 3508 2716 Abrai

1933 2739 2091 2803 Imm,
2158 2738 2402 2791 miserare
2450 2737 2598 2789 mei:
2652 2744 2700 2789 et
2754 2736 2902 2789 mitte
2955 2733 3257 2800 Lazarum,
3314 2744 3369 2789 ut
3419 2736 3500 2788 in-

1937 2830 2103 2897 tingat
2159 2836 2446 2882 extremum
2503 2827 2656 2897 digiti
2715 2826 2801 2881 sui
2853 2827 2908 2880 in
2959 2842 3184 2896 aquam,
3238 2833 3295 2879 ut
3348 2826 3504 2894 refri-

1936 2930 2075 2991 geret
2132 2919 2367 2989 linguam
2422 2936 2621 2984 meam,
2675 2921 2803 2988 quia
2852 2921 3060 2973 crucior
3105 2920 3161 2973 in
3205 2919 3304 2973 hac
3347 2921 3505 2989 ﬂam-

1937 3026 2024 3064 ma
2057 3050 2070 3073 ,
2122 3008 2553 3062 misericordiam
2594 3022 2875 3077 quaerens,
2926 3022 3087 3077 quam
3131 3008 3243 3077 ipse
3287 3007 3506 3061 minimc

265 3098 619 3169 ἀπομυζῆσαι
650 3097 744 3151 τοῦ
781 3097 978 3171 λεπροῦ
1008 3100 1099 3153 τὸν
1138 3099 1397 3154 δάκτυλον
1418 3140 1432 3164 ,
1471 3101 1648 3168 ὀλίγον
1686 3118 1834 3154 νενοο

1947 3098 2363 3167 impertivisset,
2432 3113 2553 3151 cum
2608 3097 2656 3149 ei
2724 3096 3092 3151 benefaciendi
3160 3097 3388 3151 facultas
3453 3098 3506 3149 in

265 3191 520 3261 τισμένον
546 3188 721 3244 ὕδατι.
745 3189 1003 3244 Τοιαῦται
1026 3190 1134 3245 τῶν
1158 3191 1550 3263 φιλοσωμάτων
1570 3192 1836 3247 ἀϐουλίαν

266 3281 424 3335 τοῦτο
453 3281 564 3334 τῶν
596 3280 967 3350 φιλοπλούτων
998 3283 1092 3336 καὶ
1121 3282 1418 3353 φιληδόνων
1442 3284 1513 3337 τὰ
1531 3284 1702 3348 τέλος.
1731 3285 1841 3341 Καὶ

270 3375 541 3445 προσήκει
574 3373 665 3425 τὸν
710 3372 930 3427 συνετὸν
973 3374 1066 3427 καὶ
1104 3375 1360 3447 προμηθῆ
1403 3375 1500 3429 τοῦ
1537 3375 1841 3447 μέλλοντος,

268 3459 378 3518 οἷον
410 3465 713 3536 φάρμακόν
733 3483 785 3519 τι
815 3465 1248 3538 προφυλακτικόν
1280 3469 1583 3540 νοσήματος
1608 3470 1706 3541 τὴν
1738 3487 1842 3524 πα·-

270 3556 507 3628 ραὸολὴν
535 3556 904 3627 ἡγησάμενον,
932 3559 1123 3625 φυγεῖν
1156 3558 1264 3611 τῶν
1296 3558 1496 3628 ὁμοίων
1521 3559 1706 3613 κακῶν
1745 3558 1845 3630 τὴν

270 3648 496 3719 αἴραν·
550 3645 615 3698 τὸ
660 3647 945 3716 συμπαθὲς
980 3648 1075 3702 καὶ
1113 3648 1526 3720 φιλάνθρωπον,
1564 3649 1640 3714 ὡς
1668 3650 1847 3705 αἰτίαν

268 3735 369 3805 τῆς
398 3736 547 3804 ζωῆς
585 3737 690 3806 τῆς
736 3737 1070 3808 μελλούσης,
1104 3740 1440 3811 ἀσκήσαντα.
1487 3741 1847 3813 Δραματικῶς

267 3825 382 3896 γὰρ
403 3827 538 3895 ἡμῖν
576 3827 604 3879 ὀ
640 3827 798 3895 λόγος
827 3828 927 3899 τὴν
953 3828 1237 3883 νουθεσίαν
1263 3831 1355 3884 ἐπὶ
1386 3830 1691 3903 προσώπων
1716 3831 1849 3903 ὡρι-

270 3916 489 3987 σμένων
516 3917 748 3983 ἐξέθετο,
775 3920 864 3973 ἵνα
887 3919 1145 3991 ἐμψύχως
1183 3923 1278 3975 καὶ
1313 3920 1599 3985 δεικτικῶς
1632 3922 1853 3975 παιδευ-

271 4003 460 4069 θέντες
493 4006 599 4077 τῆς
640 4008 851 4086 ἀγαθῆς
889 4010 1168 4074 πολιτείας
1209 4010 1300 4064 τὸν
1352 4011 1548 4082 νόμον,
1583 4011 1851 4084 μηδέποτε

274 4100 783 4169 καταφρονήσωμεν
819 4098 927 4153 τῶν
960 4099 1059 4171 τῆς
1092 4100 1314 4172 Γραφῆς
1351 4101 1849 4173 παραγγελμάτων,

270 4186 349 4250 ὡς
380 4188 514 4260 ἄχρι
543 4190 705 4259 λόγου
738 4192 897 4261 μόνον
924 4192 1248 4263 φοσούντων,
1278 4194 1341 4247 οὐ
1372 4195 1478 4266 μὴν
1506 4193 1604 4265 τὴν
1628 4195 1853 4267 ἀπειλὴν

272 4281 634 4348 προαγόντων
666 4282 746 4345 είς
784 4283 1076 4355 τιμωρίαν.
1125 4279 1257 4338 Οἶδα
1304 4284 1447 4356 γάρ,
1484 4285 1560 4348 ὡς
1591 4287 1640 4339 οἱ
1674 4287 1855 4340 πολλοὶ

268 4369 381 4423 τῶν
408 4370 720 4443 ἀνθρώπων
751 4377 871 4439 ταῖς
900 4375 1179 4440 τοιαύταις
1213 4377 1490 4441 ὑπονοίαις
1531 4377 1854 4448 δελεαζόμε-

1948 3199 2199 3260 promptu
2273 3198 2470 3251 esset,
2541 3198 2839 3257 petensque
2903 3204 2967 3243 ac
3022 3187 3270 3265 ﬂagitans
3334 3187 3507 3243 Laza-

1943 3297 2062 3338 rum
2115 3280 2375 3336 advenire
2428 3278 2662 3332 laturum
2714 3279 2992 3348 suppetias
3048 3280 3309 3334 adversus
3368 3279 3510 3347 ignis

1945 3373 2054 3429 vim
2122 3388 2186 3428 ac
2245 3371 2628 3435 flammarum;
2721 3380 2881 3439 atque
2954 3371 3166 3426 modico
3231 3370 3511 3440 perfusum

1948 3466 2173 3519 humore
2219 3462 2418 3531 leprosi
2465 3460 2689 3530 digitum
2714 3500 2729 3525 ,
2763 3475 3025 3529 precans,
3076 3460 3387 3515 allambere.
3422 3459 3515 3513 Sic

1949 3556 2205 3611 nimirum
2261 3553 2454 3616 habet,
2511 3552 2788 3605 hominum
2846 3552 3091 3620 corporis
3154 3552 3515 3606 amantiorum

1949 3646 2226 3711 stultitia;
2278 3644 2356 3698 sic
2415 3655 2604 3696 eorum
2654 3642 2864 3706 exitus,
2930 3641 3022 3710 qui
3075 3657 3236 3711 supra
3297 3642 3513 3695 modmn

1950 3740 2263 3795 divitiarum
2327 3751 2389 3791 ac
2440 3736 2769 3805 voluptatum
2832 3733 3058 3787 studiosi
3113 3742 3259 3786 sunt.
3316 3732 3517 3798 Quam-

1950 3832 2135 3886 obrem
2188 3828 2404 3896 sapiens
2451 3828 2678 3897 quisque
2728 3838 2792 3877 ac
2848 3823 3012 3875 futuri
3072 3822 3365 3889 providus,
3418 3837 3517 3876 ceu

1955 3921 2146 3977 morbo
2214 3919 2455 3973 cavendo
2512 3925 2883 3985 comparatum
2938 3913 3232 3966 remedium
3290 3912 3520 3981 parabo-

1956 4012 2063 4066 lam
2112 4018 2411 4077 reputans,
2456 4000 2845 4057 misericordia
2894 4013 2959 4053 ac
3009 3998 3359 4055 humanitatis
3410 4000 3522 4055 cul-

1956 4111 2044 4165 tu,
2094 4100 2290 4169 quibus
2335 4096 2643 4151 obtineatur
2687 4090 2868 4146 futura
2914 4090 3059 4156 vita,
3106 4090 3361 4146 similium
3411 4107 3525 4145 ma-

1955 4192 2127 4246 lorum
2171 4187 2468 4259 periculum
2515 4185 2688 4240 vitare
2725 4184 2996 4239 habuerit.
3040 4184 3341 4238 Dramatice
3380 4182 3523 4237 enim

1957 4300 2021 4341 ac
2066 4283 2234 4340 certis
2288 4280 2523 4337 inductis
2579 4279 2827 4349 personis
2875 4276 3151 4345 Scriptura
3204 4276 3527 4331 admonitio-

1961 4390 2081 4430 nem
2131 4374 2415 4445 exposuit,
2464 4386 2570 4442 quo
2616 4385 2711 4439 per
2759 4369 2908 4424 vivas
2957 4369 3223 4440 imagines
3271 4377 3528 4440 certaque

267 4477 381 4525 νοι,
414 4462 696 4517 ἀκώλυτον
722 4465 935 4529 ἑαυτοῖς
969 4466 1064 4519 τοῦ
1096 4467 1431 4540 ἁμαρτάνειν
1471 4467 1569 4538 τὴν
1598 4468 1844 4535 ἐξουσίαν

1958 4468 2427 4522 demonstratione
2477 4467 2614 4520 bene
2671 4462 2884 4518 vivendi
2940 4462 3110 4534 legem
3160 4463 3381 4528 edocti,
3440 4477 3526 4518 sa-

266 4551 614 4619 χαρίζωνται.
658 4555 774 4607 Πᾶν
803 4554 860 4607 δὲ
900 4556 1208 4609 τούναντίον
1238 4556 1389 4628 παρά
1426 4557 1526 4627 τῆς
1564 4557 1857 4629 προκειμέ-

268 4654 372 4708 νης
404 4641 634 4712 Γραφῆς
656 4643 1040 4715 διδασκόμεθα,
1063 4646 1137 4711 ὡς
1160 4649 1281 4702 οὐδὲ
1310 4648 1606 4719 συγγνώμη
1642 4667 1726 4712 τις
1756 4649 1858 4719 τῆς

269 4729 397 4783 ἐκεῖ
428 4731 666 4803 κρίσεως
693 4736 1055 4808 ἐπελαφρύνει
1086 4739 1183 4811 τὴν
1212 4740 1463 4805 κόλασιν,
1496 4740 1615 4794 οὑδέ
1650 4741 1862 4795 ἐλαττοῖ

268 4820 374 4892 τήν
402 4822 720 4896 ὡρισμένην
740 4828 1010 4898 τιμωρίαν
1037 4829 1441 4902 φιλανθρωπίαο
1478 4833 1532 4886 εί
1546 4849 1608 4901 γε
1635 4833 1717 4886 δεῖ
1741 4835 1861 4898 ταῖς

266 4918 489 4980 φωναῖς
544 4915 641 4969 τοῦ
692 4919 1032 4991 πατριάρχου
1087 4924 1462 4994 τεκμηριῶσαι
1521 4923 1612 4977 τὸν
1678 4925 1854 4995 λόγον.

264 5005 459 5061 Πολλά
488 5007 600 5079 γάρ
643 5010 941 5075 ίκετευθεὶς
987 5012 1135 5081 παρά
1164 5013 1273 5067 τοῦ.
1295 5015 1573 5080 πλουσίου,
1616 5017 1711 5070 καὶ
1748 5034 1852 5087 μυ-

266 5097 418 5167 ρίων
442 5099 696 5154 ἐλεεινῶν
724 5102 1038 5167 ἐπακούσας
1062 5106 1253 5174 φωνῶν
1275 5146 1290 5170 ,
1316 5104 1441 5161 οὔτε
1470 5109 1583 5171 τοῖς
1607 5108 1861 5179 ὀδυρμοῖς

266 5189 618 5264 ἐπεκλάσθη,
645 5190 768 5246 οὕτε
791 5194 887 5264 τῆς
910 5194 1100 5266 ὀδύνης
1125 5195 1357 5260 ἐξείλετο
1408 5197 1502 5251 τὸν
1523 5198 1735 5270 πικρῶς
1759 5215 1862 5271 μα-

268 5278 629 5350 στιζόμενον’
670 5283 928 5354 αὐστηρῷ
976 5284 1032 5336 δὲ
1057 5285 1135 5356 τῷ
1168 5288 1476 5359 φρονήματι
1511 5289 1612 5359 τὴν
1646 5288 1862 5343 δικαίαν

264 5370 470 5441 κρίσιν
499 5372 796 5445 ἐκύρωσεν,
827 5373 1017 5439 εἰπὼν,
1055 5377 1138 5430 ὅτι
1168 5377 1304 5449 πρὸς
1333 5377 1490 5445 ἀξίαν
1514 5378 1729 5450 ἑκάστῳ
1757 5379 1865 5434 διε-

345 5573 438 5653 (8)
478 5573 730 5653 Sepull_ns
769 5587 844 5630 eu
872 5576 1140 5653 [ἐτάφη.
1192 5577 1508 5653 δίορτωοιι
1560 5582 1862 5653 etiamnum

262 5645 550 5724 fatigent,
601 5645 799 5711 reiecto
843 5645 1237 5724 aui-sequentia
1289 5649 1384 5724 illo
1448 5652 1504 5705 ἐν
1554 5651 1675 5724 ᾄδῃ,
1724 5651 1864 5724 quod

265 5708 486 5788 {atina
532 5708 766 5785 jungunt
808 5708 1097 5787 participio
1153 5719 1423 5787 sepultus,
1485 5708 1673 5788 cst'que
1724 5708 1864 5776 idem

271 5779 615 5840 Latinorum
637 5779 860 5856 'scusu's,
904 5805 965 5842 ac
994 5779 1151 5858 quem
1181 5779 1234 5843 in
1266 5805 1367 5844 una
1405 5779 1487 5845 illa
1523 5779 1865 5861 \o'cc‘dcpre-

1959 4572 2048 4612 cra
2112 4555 2314 4609 monita
2362 4571 2425 4610 ac
2485 4562 2748 4624 praecepta
2812 4566 3087 4623 nunquam
3148 4565 3523 4621 aspernemur,

1965 4660 2216 4721 tanquam
2262 4650 2375 4705 solo
2418 4656 2657 4704 terreant
2705 4661 2990 4711 sermone,
3033 4659 3095 4699 ac
3144 4644 3336 4699 inanes
3382 4642 3523 4696 intra

1964 4741 2138 4796 minas
2202 4741 2531 4796 consistant.
2592 4736 2701 4793 Nec
2751 4740 2896 4792 enim
2957 4751 3045 4791 me
3101 4736 3264 4799 latet,
3323 4743 3529 4789 morta-

1964 4831 2091 4884 lium
2131 4829 2313 4900 piures
2346 4828 2673 4897 ejuscemodi
2702 4826 3117 4899 cogitationibus
3149 4826 3420 4891 dclinitos,
3447 4824 3531 4881 ei-

1971 4920 2180 4976 ﬁenem
2242 4921 2346 4976 sibi
2410 4921 2682 4976 licentiam
2741 4918 2998 4989 peccandi
3057 4917 3357 4988 indulgere.
3417 4916 3528 4972 Ve-

1964 5028 2084 5069 rum
2128 5014 2233 5068 alia
2283 5028 2383 5069 nos
2429 5014 2609 5068 omnia
2656 5013 2805 5068 locus
2854 5012 2941 5066 hic
2988 5010 3281 5081 Scriptum
3323 5008 3528 5078 docet;

1964 5105 2106 5162 nulla
2154 5106 2361 5163 scilicet
2407 5104 2522 5173 ejus
2566 5105 2753 5177 judicii
2807 5119 3023 5173 pinnam
3070 5103 3406 5173 indulgentia
3453 5104 3531 5160 le-

1972 5196 2126 5262 vari,
2187 5196 2334 5251 nulla
2392 5196 2671 5251 decretum
2738 5194 3061 5265 supplicium
3128 5194 3361 5266 mitigari
3424 5194 3533 5251 cle-

1966 5290 2206 5356 mentia;
2257 5289 2304 5344 si
2353 5290 2513 5345 modo
2568 5288 2886 5358 patriarchae
2936 5285 3162 5342 vocibus
3211 5295 3417 5343 certam
3467 5288 3533 5343 ii-

1965 5382 2085 5437 dem
2145 5381 2316 5437 astrui
2370 5381 2636 5437 volumus.
2709 5377 2845 5433 Cum
2914 5378 3059 5432 enim
3133 5377 3318 5434 multis
3381 5379 3544 5456 dives

1973 5581 2160 5637 hondit
2194 5580 2461 5646 Asterius,
2507 5586 2563 5635 ut
2605 5587 2747 5635 totus
2786 5578 2903 5651 ipse
2928 5577 3175 5651 sepultus
3197 5576 3425 5651 dicatur,
3468 5594 3533 5636 ac

1967 5651 2209 5708 absolute
2258 5651 2518 5720 sepultus,
2561 5663 2787 5718 corpore
2811 5646 3032 5720 'pariter
3074 5665 3135 5704 ac
3183 5646 3381 5713 animo,
3423 5662 3530 5717 quo

1969 5732 2196 5793 utroque
2227 5719 2470 5779 terrenus
2499 5719 2919 5787 exstitisset,“
2949 5719 3143 5792 dignus
3168 5720 3399 5777 inferno.
