4034 6204
489 319 593 373 179

1756 324 1811 376 S.
1856 323 2127 379 ASTEllll
2169 320 2466 376 AMASENI

3628 324 3734 381 180

482 439 659 488 vlrum
705 434 1079 500 obsecrasset,
1129 434 1280 503 isque
1327 433 1641 490 innumeras
1696 436 1836 490 illius
1884 439 2046 491 misc-

2177 433 2446 506 ιλήρωσεν
2480 434 2509 485 ό
2544 430 2707 489 Θεός’
2754 429 2849 484 καὶ
2877 431 2960 484 σοί
2999 430 3096 502 μὲν
3125 430 3219 483 ἐπὶ
3252 429 3345 486 τοῦ
3377 431 3502 502 ρίου
3526 435 3740 507 τρυφὴ-

485 524 687 580 rabiles
741 537 898 578 voces
949 524 1224 588 audisset,
1283 538 1383 579 nec
1439 523 1690 578 lamentis
1744 524 1866 579 ullis
1912 524 2051 579 ﬂecti

495 616 711 686 potuit,
763 630 861 669 nec
920 630 1047 669 vero
1088 631 1118 670 a
1162 616 1296 671 diris
1346 631 1469 671 eum
1524 616 1802 672 doloribus
1856 617 2054 671 libera-

489 708 729 775 vit;sed
779 708 1038 761 severiori
1092 708 1273 763 animo
1317 706 1462 776 iuste
1516 709 1680 762 latam
1732 711 2052 762 sententiam

2165 541 2316 579 σαντι
2372 522 2515 578 κατὰ
2566 523 2675 577 τῶν
2725 521 3020 594 ἀλλοτρίων
3074 522 3403 593 συμφορῶν,
3459 523 3582 596 δίκη
3638 525 3736 579 τοῦ

2165 615 2637 688 πλημμελήματος
2692 613 2955 685 ἐπετέθη,
3005 613 3042 668 ἃ
3092 614 3353 684 πάσχεις·
3401 614 3478 685 τῷ
3533 616 3579 669 δ’
3622 618 3740 672 ἐκεῖ

2167 707 2519 780 μοχθήσαντι,
2549 707 2642 760 καὶ
2683 705 2997 777 πατηθέντι,
3024 704 3118 758 καὶ
3151 705 3361 776 πικρῶς
3386 706 3742 778 ἀνασχομένῳ

486 796 859 875 confirmavit,
920 796 1106 852 dicens
1142 839 1159 864 ,
1210 813 1306 867 pro
1365 799 1572 854 meritis
1629 799 1828 868 cuique
1889 800 2053 854 Deum

2177 798 2261 868 τῆς
2290 797 2559 871 ὲνσάρκου
2597 795 2764 867 ζωῆς,
2812 794 3039 865 γλυκεῖά
3076 812 3161 858 τις
3190 795 3285 853 καὶ
3308 796 3675 869 εὐφραίνουσα
3706 800 3743 870 ἡ

490 888 873 952 distribuisse;
911 904 975 943 ac
1010 899 1065 942 ttt
1103 890 1319 960 quidem
1344 930 1360 956 ,
1396 893 1500 956 ait,
1534 892 1622 961 qui
1655 892 1816 944 vitam
1853 906 2017 961 agens
2039 932 2055 956 ,

486 980 718 1036 aliorum
776 980 1179 1036 calamitatibus
1230 983 1607 1048 deliciabaris,
1667 998 1879 1053 poenam
1933 998 2059 1052 pec-

487 1071 594 1126 cati
653 1071 707 1126 in
766 1074 1019 1143 prmsenti
1078 1073 1227 1141 luis;
1289 1075 1415 1130 huic
1467 1086 1688 1139 autent,
1748 1077 1839 1145 qui
1901 1076 2059 1130 mise-

485 1176 617 1239 ram‘
658 1177 722 1218 ac
782 1164 1072 1231 acerbam,
1135 1167 1582 1221 conculcantibus
1641 1168 1937 1233 omnibus,
2005 1166 2058 1220 in

488 1266 652 1309 carne
706 1255 874 1308 vitam
925 1256 1073 1326 egit,
1124 1256 1277 1312 laetus
1323 1258 1409 1313 hic
1461 1273 1525 1315 ac
1570 1257 1839 1327 iucundus
1900 1258 2062 1313 vicis-

489 1345 591 1400 sim
641 1355 813 1402 status
869 1363 932 1401 ac
981 1349 1220 1405 conditio
1250 1350 1433 1406 cessit.
1480 1349 1791 1415 Prteterea,
1841 1359 2060 1418 vastus,

488 1432 702 1504 inquit,
763 1451 828 1492 ac
890 1436 1186 1493 immensus
1245 1439 1426 1495 hiatus
1490 1450 1675 1494 mutuo
1735 1440 2066 1495 commercio

490 1535 751 1595 utrosque
811 1530 1099 1598 prohibet,
1154 1540 1319 1600 atquc
1379 1547 1474 1586 eos
1525 1531 1616 1599 qui
1674 1530 1982 1600 plectuntur
2034 1545 2065 1584 a

491 1616 649 1672 bonis
682 1618 886 1673 honore
919 1621 1206 1678 ctnnulatis
1238 1623 1479 1689 dirimit,
1511 1639 1619 1694 quo
1652 1624 1880 1680 seorsim
1928 1624 2067 1679 utri-

490 1722 597 1777 que
645 1721 837 1779 agant,
885 1727 950 1766 ac
994 1714 1247 1768 distincte
1294 1731 1445 1768 suam
1496 1715 1697 1786 quique
1742 1729 1847 1784 qua
1901 1715 2067 1768 bono—

2164 889 2349 943 ἐνθάδε
2380 887 2701 959 άπενεμήθη
2733 887 3089 950 κατάστασις.
3130 885 3275 958 Πρὸς
3299 886 3356 940 δὲ
3386 887 3614 952 τούτοις,
3645 890 3744 944 καὶ

2165 979 2350 1049 χάσμα
2375 979 2518 1050 μέγα
2556 974 2694 1032 εἷναί
2723 994 2890 1049 φησιν
2943 976 3006 1030 τὸ
3042 976 3249 1031 κωλύον
3269 977 3467 1041 αὐτοὺς
3482 978 3581 1049 τὴν
3603 979 3746 1049 πρὸς

2165 1070 2423 1142 ἀλλήλους
2444 1069 2749 1141 ἐπιμιξίαν,
2780 1071 2875 1123 καὶ
2902 1068 3136 1140 διεῖργον
3154 1070 3282 1133 τοὺς
3300 1070 3747 1142 τιμωρουμένους

2168 1161 2276 1215 ἀπὸ
2301 1162 2410 1215 τῶν
2436 1160 2784 1233 τιμωμένων,
2824 1161 2911 1214 ἵνα
2939 1159 3207 1232 εὐκρινῶς
3234 1160 3494 1230 διάγωσιν
3527 1162 3621 1216 ἀπ’
3650 1163 3747 1216 άλ-

2166 1254 2341 1326 λήλων
2379 1254 2674 1325 ἀμφότεροι
2699 1292 2715 1317 ,
2758 1251 3068 1323 ἀσύγχυτον
3111 1252 3323 1323 ἔχοντες
3372 1252 3481 1306 τῶν
3522 1253 3751 1321 ἀγαθῶν

2169 1346 2265 1399 καὶ
2289 1345 2398 1398 τῶν
2425 1345 2612 1399 κακῶν
2640 1344 2739 1416 τὴν
2774 1344 3101 1398 ἀπόλαυσιν.
3131 1339 3297 1414 Οἶμαι
3326 1342 3384 1397 δὲ
3413 1343 3513 1413 τὴν
3549 1344 3743 1416 αἰσθη..

2170 1436 2270 1508 τὴν
2324 1435 2640 1510 παραϐολὴν
2686 1426 2887 1509 νοητῆς
2926 1430 3067 1488 εἶναι
3115 1434 3351 1506 θεωρίας
3386 1433 3633 1505 αἴνιγμα.
3671 1436 3753 1491 οὐ

2171 1528 2282 1599 γὰρ
2308 1528 2373 1600 δὴ
2394 1528 2603 1600 τάφρον
2628 1526 2798 1591 ὅντως
2836 1528 3179 1598 ἐννοήσωμεν
3204 1526 3321 1581 ἐκεῖ
3353 1526 3492 1599 πρὸς
3521 1525 3630 1581 τῶν
3649 1527 3757 1594 ἀγ·-

2172 1617 2347 1687 γέλων
2389 1618 2765 1691 διορυχθεῖσαν
2787 1660 2803 1683 ,
2852 1611 3054 1688 οἷάπερ
3095 1618 3154 1670 ὲν
3206 1619 3319 1680 τοῖς
3369 1616 3754 1689 στρατοπέδοις

2173 1710 2381 1778 γίνεται
2412 1710 2480 1764 τὰ
2515 1710 2626 1764 τῶν
2658 1710 2933 1782 πολεμίων
2976 1709 3309 1781 μεταίχμια’
3351 1708 3489 1764 ἀλλὰ
3517 1708 3611 1763 τὸν
3643 1726 3757 1779 χω-

490 1813 652 1864 rum,
705 1816 808 1869 qua
864 1803 1127 1859 malorum
1183 1814 1384 1860 sortem
1439 1806 1722 1876 recipiant.
1775 1806 1934 1860 Aliud
1986 1807 2069 1860 ni-

2177 1802 2363 1876 ρισμὺν
2391 1805 2526 1875 ἡμῖν
2555 1804 2585 1858 ό
2616 1803 2834 1867 Λουκᾶς
2878 1800 3250 1875 ὑπογράφων,
3280 1800 3341 1856 ὃν
3377 1802 3472 1854 ἀπ’
3506 1800 3756 1871 ἀλλήλων

497 1888 790 1946 hilominus
853 1894 1079 1962 spiritali
1148 1894 1422 1951 intellectu
1500 1896 1743 1964 subjecta
1816 1896 2067 1952 sensibus

488 1981 743 2051 parabole
787 1983 1076 2054 designare
1117 1986 1382 2039 videatur.
1430 1983 1546 2040 Non
1592 1987 1737 2041 enim
1790 1984 2064 2055 profecto,

492 2071 697 2127 fossam
752 2073 862 2127 illic
911 2084 1003 2129 aut
1049 2075 1336 2140 scrobem,
1391 2076 1569 2146 qualis
1621 2076 1674 2131 in
1727 2077 1925 2133 castris
1978 2091 2068 2130 ar-

492 2164 682 2219 cendis
742 2165 983 2221 hostibus
1043 2165 1160 2221 ﬁeri
1220 2167 1391 2233 solet,
1456 2167 1525 2222 ab
1586 2167 1791 2240 angelis
1853 2168 2065 2237 reipsa,

492 2258 713 2312 ductam
770 2258 1181 2329 putaverimus,
1240 2258 1334 2313 sed
1392 2258 1570 2327 potius
1622 2273 1651 2311 a
1706 2257 1888 2322 Luca,
1940 2259 2066 2310 dum

493 2346 779 2403 dissidium
812 2347 1320 2418 sejunctionemque
1352 2363 1538 2401 eorum
1588 2347 1911 2402 adumbrare
1951 2356 2067 2401 stu-

491 2435 614 2502 det,
664 2436 755 2506 qui
811 2452 910 2507 per
958 2439 1252 2505 virtutem,
1302 2440 1505 2507 quique
1554 2452 1709 2491 secus
1761 2438 1922 2490 vitam
1976 2453 2069 2492 co-

2173 1895 2281 1949 eici.
2316 1893 2732 1966 κεχωρισμένοι,
2755 1894 2808 1948 οἴ
2834 1910 2896 1948 τε
2930 1895 3053 1947 κατ’
3076 1893 3280 1964 ἀρετὴν
3300 1932 3317 1957 ,
3352 1894 3447 1947 καὶ
3473 1893 3524 1945 oi
3550 1891 3755 1963 ἑτέρως

2174 1983 2459 2058 ζήσαντες,
2486 1984 2716 2039 ὑπέθετο
2754 1984 2854 2057 τὴν
2891 1985 3077 2039 εἰκόνα
3121 1983 3217 2038 τοῦ
3260 1984 3556 2055 χάσματος.
3598 1981 3756 2038 Ἐπι-

2178 2077 2534 2149 σςρραγίζεται
2558 2079 2659 2150 τὴν
2695 2078 2936 2133 διάνοιαν
2964 2079 3096 2149 ἡμῖν
3126 2076 3334 2149 ταύτην
3365 2077 3458 2130 καὶ
3502 2076 3754 2143 Ἡσαΐας,

2174 2168 2317 2222 οὕτω
2352 2185 2470 2233 πως
2514 2168 2716 2238 λέγων·
2746 2169 2845 2238 Μὴ
2893 2170 3007 2225 οὐκ
3049 2169 3252 2238 ἰσχύει
3299 2169 3338 2237 ή
3370 2167 3497 2236 χεὶρ
3526 2168 3760 2236 Κυρίου

2173 2259 2280 2313 τοῦ
2308 2258 2525 2323 σῶσαι,
2553 2259 2592 2329 ἧ
2614 2258 2865 2329 ἐϐάρυνε
2891 2263 2957 2315 τὸ
2984 2257 3095 2328 οὖς
3120 2255 3310 2315 αὐτοῦ
3336 2259 3441 2314 τοῦ
3466 2257 3548 2329 μή
3570 2258 3752 2314 ἀκοῦο

2181 2366 2318 2416 aut;
2353 2352 2540 2406 Ἀλλὰ
2557 2353 2630 2406 τὰ
2656 2351 3043 2423 ἁμαρτήματα
3074 2352 3244 2424 ἡμῶν
3281 2352 3592 2407 δαστῶσιν
3635 2349 3759 2405 ἀνὰ

2174 2442 2373 2513 μέσον
2396 2445 2503 2500 τοῦ
2540 2444 2712 2500 Θεοῦ.

491 2528 714 2585 luerunt
736 2568 752 2596 ,
791 2529 997 2586 hancce
1029 2532 1208 2586 hiatus
1239 2530 1642 2585 similitudinem
1690 2530 2022 2600 propositam
2059 2546 2179 2590 esse
2210 2547 2374 2606 atque
2406 2538 2716 2609 imaginem.
2753 2538 2850 2594 Cui
2895 2547 3081 2595 nostro
3108 2537 3290 2594 sensui
3319 2577 3335 2604 ,
3374 2536 3586 2593 abunde
3622 2534 3757 2591 asti-

491 2623 709 2695 pulatur
742 2621 909 2678 Isaias
948 2622 1182 2678 dicens:
1228 2622 1487 2693 Nunquid
1523 2637 1624 2674 non
1658 2621 1795 2675 valet
1855 2639 2043 2677 manus
2075 2622 2291 2681 Domini
2345 2629 2515 2683 salvos
2568 2628 2793 2698 facere?
2839 2630 2917 2685 vel
2969 2631 3204 2701 gravavit
3262 2644 3443 2683 autem
3493 2644 3644 2682 suam
3698 2643 3753 2687 tu

491 2732 599 2770 non
640 2714 876 2768 audiat?
916 2713 1104 2770 Verum
1145 2726 1357 2786 peccata
1406 2725 1572 2770 rostra
1621 2714 1858 2769 dividunt
1904 2716 2037 2771 inter
2086 2734 2174 2772 vos
2219 2729 2271 2774 et
2319 2721 2481 2775 Deum
2530 2721 2595 2777 “.

1249 2809 1316 2865 ll.

2924 2816 2978 2868 B'

495 2899 732 2956 Humilia
785 2902 841 2955 in
883 2901 1054 2955 lorum
1095 2900 1693 2976 Evangeliisecundum
1735 2896 1967 2963 Lucam,
2011 2901 2069 2955 da

2194 2907 2423 2976 ’σμιλία
2466 2909 2536 2965 ἐκ
2582 2909 2691 2965 τοῦ
2764 2907 2917 2964 κατὰ
2949 2904 3200 2976 Λουκᾶνᾼ
3232 2902 3631 2974 Eua-inradiat),
3668 2903 3760 2969 είς

931 2987 1195 3026 ωτοιιοηιο
1227 2972 1515 3040 iniquitatis
1559 2971 1621 3023 ".

567 3060 782 3117 Memini
832 3079 1203 3134 saepenumero
1237 3066 1379 3118 inter
1430 3063 1781 3119 fabulandum
1829 3063 2067 3127 dixisse,

501 3154 622 3209 ﬁcta
657 3156 888 3226 quadam
925 3156 1165 3226 falsaque
1211 3157 1497 3211 invadente
1546 3156 1599 3210 in
1649 3166 1854 3211 mentes
1904 3155 2077 3210 homi-

501 3263 627 3301 num
679 3249 1046 3320 cogitatione,
1098 3259 1209 3303 tum
1258 3249 1599 3316 multiplicari
1650 3259 1906 3318 peccata,
1962 3258 2075 3302 tum

498 3338 639 3393 bona
697 3354 899 3408 opera,
951 3355 1073 3410 qua:
1127 3354 1226 3410 pro
1278 3341 1360 3393 sui
1416 3341 1649 3408 quisque
1692 3340 1930 3394 instituti
1983 3355 2072 3394 ra—

502 3430 647 3484 tione
688 3445 944 3487 exercere
985 3432 1179 3495 debet,
1230 3430 1490 3485 retardari
1529 3449 1543 3485 :
1586 3431 1731 3485 illam
1781 3431 2031 3484 nimirum
2057 3471 2074 3497 ,

500 3536 609 3589 qua
668 3524 949 3585 universa,
1001 3523 1045 3577 si
1105 3537 1212 3592 qna
1259 3522 1313 3575 iu
1368 3523 1486 3576 vitae
1546 3537 1701 3576 usqu
1767 3523 2067 3582 habemus.

502 3622 690 3668 nostro
748 3629 845 3668 nos
895 3612 1018 3681 jure
1075 3629 1139 3668 ac
1190 3625 1444 3683 tanquam
1498 3614 1746 3669 dominos
1796 3614 2077 3683 possidere

502 3712 775 3773 putamus.
831 3704 902 3757 Ει
960 3704 1343 3774 persuasione,
1401 3717 1595 3773 magna
1639 3718 1737 3773 pro
1789 3703 1898 3760 illis
1947 3720 2075 3759 con-

504 3794 743 3850 tentione
794 3795 1100 3863 litigamus,
1157 3810 1493 3867 pugnamus,
1549 3794 1952 3865 digladiatnur;
2012 3811 2077 3851 ac

500 3900 599 3942 ceu
644 3886 912 3956 praecipua
956 3887 1201 3955 quaedam
1250 3902 1315 3941 ac
1366 3886 1603 3955 seposita
1648 3889 1822 3952 bona,
1854 3902 1914 3942 ea
1963 3905 2076 3942 ma—

506 3978 653 4031 xime
712 3991 963 4033 amamus
1036 3994 1101 4033 ac
1156 3978 1510 4033 aestimamus.
1570 3977 1723 4033 Haud
1775 3993 1904 4034 vero
1955 3978 2073 4044 ita,

499 4070 629 4139 quin
664 4069 821 4137 longe
853 4084 1011 4124 secus
1048 4084 1108 4125 se
1152 4083 1242 4124 res
1290 4070 1472 4125 habet.
1524 4068 1670 4126 Nihil
1720 4072 1867 4127 enim
1919 4073 2075 4141 quid-

2529 2980 2637 3034 τὸν
2659 2979 2981 3047 οἰκονόμον
3001 2975 3113 3045 τῆς
3135 2974 3391 3041 ἀδικίας.

2250 3066 2514 3134 Πολλάκις
2547 3070 2675 3140 ὑμῖν
2693 3064 2845 3122 εἷπον
2873 3064 3274 3136 διαλεγόμενος,
3296 3064 3379 3121 ὅτι
3398 3060 3760 3133 πεπλασμένη

2178 3175 2264 3221 τις
2292 3159 2384 3211 καὶ
2417 3157 2621 3231 ψευδὴς
2667 3158 2844 3213 ἔννοια
2884 3159 2999 3221 τοῖς
3050 3153 3359 3228 ἀνθρώποις
3416 3152 3757 3225 ἐμπεσοῦσα,

2180 3247 2438 3321 πληθύνει
2473 3248 2545 3304 τὰ
2576 3248 2981 3321 ἁμαρτήματα,
3034 3246 3130 3300 καὶ
3166 3245 3382 3299 ἐλαττοῖ
3425 3245 3496 3299 τὰ
3540 3242 3755 3313 ἀγαθά,

2180 3343 2323 3414 ἄπερ
2359 3342 2587 3407 ἕκαστος
2622 3342 2909 3413 ὀφείλομεν
2956 3339 3052 3393 ἐπὶ
3094 3338 3197 3410 τῆς
3233 3339 3445 3394 ἑαυτῶν
3482 3336 3759 3403 πολιτείας

2179 3433 2387 3488 ἀσκεῖν.
2429 3433 2578 3505 Αὕτη
2624 3431 2680 3487 δέ
2714 3435 2862 3487 ἐστιν
2900 3432 2962 3485 τὸ
2988 3430 3253 3504 νομίζειν,
3300 3431 3385 3484 ὅτι
3432 3431 3610 3484 πάντα
3656 3430 3762 3486 ὅσα

2180 3524 2374 3596 ἔχομεν
2403 3527 2459 3579 ὲν
2487 3528 2554 3597 τῇ
2589 3526 2782 3598 χρήσει
2824 3523 2919 3578 τοῦ
2947 3523 3096 3595 βίου,
3129 3523 3204 3588 ὡς
3229 3522 3409 3596 κύριοι
3440 3521 3762 3594 κεκτήμεθα

2177 3615 2273 3670 καὶ
2304 3614 2578 3672 δεσπόται.
2614 3618 2724 3674 Καὶ
2766 3614 2973 3688 ταύτης
3019 3615 3205 3671 ἕνεκεν
3248 3615 3347 3685 τῆς
3399 3614 3761 3685 ὑπολήψεως,

2180 3706 2426 3779 σφοδρῶς
2455 3708 2595 3779 ὑπὲρ
2624 3708 2806 3762 αὐτῶν
2843 3704 3239 3779 διαμαχόμεθα,
3269 3705 3364 3759 καὶ
3390 3704 3758 3776 πολεμοῦμεν,

2180 3798 2274 3852 καὶ
2311 3796 2661 3869 δικαζόμεθα,
2702 3799 2799 3856 καὶ
2833 3798 2912 3862 είς
2957 3797 3125 3869 ἄκρον
3158 3794 3339 3850 αὐτῶν
3364 3794 3758 3868 περιεχόμεθα,

2179 3890 2254 3954 ὠς
2283 3887 2577 3961 ὲξαιρέτων
2608 3888 2924 3962 κτημάτων.
2967 3888 3035 3941 Ἦ
3071 3886 3128 3942 δὲ
3171 3886 3404 3959 ἀλήθεια
3445 3887 3543 3957 οὐχ
3585 3885 3762 3951 οὓτως

2178 3974 2293 4046 ἔχει
2315 3993 2329 4006 ο
2352 3975 2489 4030 ἀλλὰ
2513 3976 2606 4031 καὶ
2627 3976 2832 4048 σφόδρα
2863 3976 3138 4041 ἐναντίως.
3164 3977 3350 4033 Πάντα
3372 3978 3483 4048 γὰρ
3510 3971 3586 4030 ὧν
3612 3976 3761 4030 άπε-

2179 4065 2434 4139 λάθομεν,
2467 4068 2563 4140 οὐχ
2592 4068 2837 4140 ἡμέτερα
2855 4083 2870 4098 °
2896 4066 3021 4122 οὔτε
3053 4069 3162 4140 μὴν
3190 4069 3371 4140 ἡμεῖς,
3396 4068 3472 4132 ὡς
3502 4066 3763 4123 αὐθένται

499 4176 661 4231 quam
723 4176 910 4215 eorum
965 4176 1084 4231 quae
1139 4161 1483 4230 accepimus,
1543 4171 1788 4217 nostrum
1847 4172 1966 4228 est;
2018 4171 2069 4216 at

2181 4157 2273 4211 καὶ
2295 4156 2507 4230 κύριοι,
2571 4157 2651 4229 τῷ
2692 4158 2792 4230 βίῳ
2829 4158 3034 4232 τούτῳ,
3066 4158 3142 4222 ὠς
3176 4159 3421 4230 ἡμετέρᾳ
3454 4158 3624 4229 οἰκίᾳ,
3669 4159 3762 4210 ὲν-

502 4266 680 4323 neque
716 4253 768 4306 in
804 4256 943 4307 hanc
983 4253 1148 4307 vitam
1188 4266 1253 4307 ac
1287 4251 1539 4307 saeculum
1565 4291 1582 4319 ,
1619 4254 1694 4305 uti
1748 4254 1909 4322 pleno
1952 4253 2075 4325 jure

502 4342 705 4397 domini
748 4356 846 4395 ceu
895 4342 947 4396 in
997 4343 1269 4412 prepriam
1321 4342 1538 4397 domum
1593 4343 1795 4397 inducti
1844 4358 2074 4410 sumus;

502 4431 601 4487 sed
639 4433 793 4502 quasi
830 4431 1076 4500 inquilini
1114 4442 1168 4487 et
1194 4432 1411 4487 advenae
1434 4471 1450 4496 ,
1503 4432 1825 4502 exsulesque
1876 4434 2083 4503 abripi-

506 4540 627 4578 mur
674 4538 782 4594 quo
826 4522 1095 4590 nolumus,
1120 4537 1183 4577 ac
1208 4538 1314 4592 qno
1362 4532 1602 4592 tempore
1632 4537 1737 4577 non
1790 4533 2075 4592 exepecta-

510 4612 746 4670 hamus:
787 4614 1160 4683 bonorumque
1207 4624 1516 4667 nostrorum
1557 4612 1922 4681 possessione,
1953 4627 2074 4666 cum

503 4706 732 4761 Domino
764 4707 934 4760 visum
974 4705 1136 4760 fuerit
1172 4704 1544 4775 (9),exuituur.
1580 4700 1844 4769 Quocirca
1877 4704 2038 4757 etiam
2061 4743 2075 4767 .

501 4798 657 4853 l‘acile
690 4798 819 4866 quid
854 4798 1110 4852 mutabile
1150 4797 1393 4852 mortalis
1431 4798 1547 4851 haec
1581 4796 1686 4849 vita
1713 4796 1944 4864 ;quique
1979 4797 2076 4850 ho-

499 4890 585 4943 die
605 4890 786 4946 clarus
804 4901 887 4945 est
907 4905 970 4945 ac
1002 4890 1253 4952 illustris,
1272 4905 1394 4944 cras
1406 4888 1730 4944 miserabilis
1742 4897 1823 4943 est
1840 4903 1902 4941 ac
1916 4902 2080 4957 egens

497 4997 598 5052 ope
616 5004 630 5041 :
647 4985 736 5053 qui
761 4983 814 5037 in
835 4983 1118 5053 prmsentia
1139 4981 1409 5053 opulentia
1426 4991 1509 5038 est
1523 4980 1903 5037 acdivitiarnm
1924 4982 2076 5051 copia

569 5180 610 5217 "
650 5182 756 5240 lsa.
792 5198 906 5246 tu,
939 5181 992 5248 i,
1026 5179 1085 5237 ξ.
1167 5180 1209 5212 ³⁸
1249 5179 1383 5236 Luc.
1415 5195 1503 5235 xw
1528 5219 1543 5245 ,
1576 5180 1601 5234 1
1637 5194 1755 5250 sqq.

572 5332 648 5405 (9)
683 5334 922 5405 Eumque
945 5352 1119 5405 rerum
1154 5333 1377 5390 Domino
1425 5335 1589 5389 visum
1629 5334 1810 5404 fuerit,
1850 5332 1931 5401 τῷ
1964 5338 2079 5405 Κυ-

494 5402 605 5473 plus
630 5402 744 5472 τῆς
778 5402 1065 5474 κτήσεως.
1102 5404 1240 5460 Malo
1267 5406 1368 5470 sic,
1398 5420 1559 5474 quam
1605 5402 1664 5459 ut
1707 5408 1932 5460 mutavit
1972 5404 2078 5458 Du-

498 5472 657 5546 cseus
686 5489 750 5529 ex
786 5472 959 5529 Vatic.
1004 5476 1315 5546 achSirmu
1343 5472 1431 5546 τῷ
1462 5474 1653 5546 κυρίῳ
1694 5474 1795 5545 τῆς
1827 5475 2078 5541 κτίσεως,

498 5544 728 5597 Domino
762 5555 1035 5599 creatum.
1073 5542 1199 5614 Non,
1234 5542 1478 5599 enim'de
1506 5542 1937 5609 Deo—estSermo,
1970 5561 2079 5614 qua

502 5615 716 5683 ratione
754 5621 837 5683 est
860 5625 1073 5668 creator
1094 5627 1158 5668 ac
1193 5613 1332 5669 Deus
1360 5615 1636 5683 absolute;
1672 5615 1766 5670 sed
1797 5617 1863 5670 de
1888 5617 2077 5671 eodem

497 5682 602 5739 sub
639 5682 917 5767 peculiari
983 5683 1194 5738 ratione
1249 5682 1452 5767 domini
1511 5698 1577 5738 ac
1624 5682 1974 5767 possessoris
2025 5686 2077 5739 in

502 5753 786 5828 parabole,
813 5753 880 5810 ad
901 5767 1061 5827 quem
1089 5765 1284 5810 omnes
1308 5762 1366 5809 ut
1388 5753 1659 5811 mcenomi
1682 5769 2077 5827 comparemur,

2175 4248 2638 4321 tpxioflqpswdn‘
2661 4249 2737 4313 ὡς
2771 4250 3039 4322 πάροικοι,
3060 4251 3153 4304 καὶ
3185 4249 3477 4322 ἐπήλυδες,
3512 4251 3607 4303 καὶ
3625 4266 3762 4320 μετ·

2179 4339 2404 4394 ανάσται
2425 4378 2439 4405 ,
2507 4339 2751 4412 ἀγόμεθα
2781 4341 2915 4396 ὅπου
2957 4341 3020 4395 οὐ
3055 4340 3315 4412 θέλομεν,
3364 4341 3459 4394 καὶ
3495 4338 3659 4411 ἡνίκα
3696 4340 3763 4393 οὗ

2182 4432 2618 4505 προσεδοκῶμεν.
2682 4432 3086 4507 Ἀφαιρούμεθα
3126 4433 3184 4487 δὲ
3226 4433 3335 4488 τῶν
3382 4433 3580 4499 ὄντων,
3631 4434 3765 4487 ὅταν

2181 4525 2309 4599 δόξῃ
2337 4525 2416 4597 τῷ
2439 4524 2662 4600 Κυρίῳ,
2706 4528 2806 4598 τῆς
2840 4528 3107 4600 κτήσεως.
3142 4526 3235 4579 Διὸ
3263 4526 3360 4580 καὶ
3401 4524 3768 4597 εὐμετάϐολον

2184 4615 2374 4689 χρῆμά
2418 4617 2566 4670 ἐστιν
2598 4617 2659 4671 τὸ
2693 4618 2794 4688 τῆς
2842 4618 3108 4689 ὲπικήρου
3155 4617 3359 4688 ταύτης
3397 4615 3540 4687 ζωῆς
3561 4633 3575 4647 ·
3608 4616 3706 4669 καὶ
3737 4618 3772 4670 ὁ

2186 4708 2424 4776 σήμερον
2447 4705 2675 4771 ἔνδοξος,
2700 4705 2888 4779 αὔριον
2907 4707 3160 4771 ἐλεεινὸς,
3186 4706 3368 4767 οἴκτου
3394 4706 3487 4761 καὶ
3509 4702 3770 4776 βοηθείας

2185 4792 2332 4860 ἄξιος
2355 4811 2371 4829 ⁸
2420 4798 2449 4850 ὁ
2491 4796 2585 4850 νῦν
2619 4795 2848 4869 εὔπορος
2882 4798 2977 4851 καὶ
3015 4795 3413 4868 εὐθηνούμενος
3455 4797 3573 4859 ταῖς
3604 4794 3769 4859 ὕλαις

2183 4886 2277 4940 τοῦ
2322 4887 2586 4956 πλούτου,
2632 4889 2802 4959 πένης
2842 4888 2978 4960 μετὰ
3029 4889 3256 4961 μικρὸν,
3300 4888 3423 4942 οὐδὲ
3462 4887 3554 4940 τὸν
3596 4886 3770 4957 ἄρτον

2185 4977 2391 5039 οἷκοθεν
2416 4978 2574 5050 ἔχων,
2618 4980 2677 5035 ὃν
2722 4980 3099 5056 προσφέρηται
3140 4982 3221 5045 εἰς
3251 4979 3417 5052 ζωήν.
3448 4979 3558 5041 Καὶ
3586 4977 3768 5057 τούτῳ

2185 5334 2350 5387 vitam
2386 5333 2576 5404 ipsam
2616 5348 2681 5389 ac
2716 5334 2896 5389 omnia
2938 5334 3006 5388 ab
3056 5349 3121 5388 eo
3167 5332 3448 5399 habentes,
3490 5332 3574 5404 sic
3615 5332 3766 5389 velut

2189 5401 2454 5472 precario,
2485 5413 2543 5458 ut
2565 5418 2687 5459 cum
2721 5404 2951 5457 voluerit
2980 5413 3203 5473 repetat,
3240 5412 3402 5471 atque
3439 5401 3504 5455 ad
3541 5416 3671 5473 usus
3686 5415 3765 5473 ac

2190 5471 2678 5530 administrationis
2708 5475 2970 5529 rationem
3002 5471 3157 5542 cugat
3195 5483 3402 5541 :atque
3447 5474 3579 5542 adeo
3627 5471 3765 5542 nihil

2188 5542 2254 5596 ad
2291 5549 2403 5596 rem
2447 5558 2603 5612 quem
2657 5545 2790 5598 citat
2826 5545 2975 5612 locus
3018 5538 3223 5599 Ju'ditb.
3271 5538 3327 5596 ti
3368 5543 3475 5598 l7:
3528 5538 3763 5612 Βασιλεῦ

2187 5612 2369 5685 πάσης
2406 5607 2637 5677 κτίσεώς
2688 5629 2803 5678 σου,
2827 5611 2953 5685 ΔῙίεα·
2992 5615 3161 5685 omnis
3193 5622 3444 5685 creature
3486 5622 3611 5685 tum.
3666 5607 3765 5664 Sic

2187 5680 2350 5755 paulo
2376 5693 2496 5754 post
2535 5685 2726 5752 repetit
2774 5681 2962 5755 κύριον
3004 5682 3109 5755 τῷν
3146 5680 3445 5754 χρημάτων
3493 5680 3587 5737 καὶ
3623 5695 3763 5752 κτηο

2193 5752 2397 5826 μάτων,
2434 5769 2497 5810 ac
2524 5763 2634 5810 tota
2663 5752 2860 5823 passim
2896 5752 3134 5808 humilia.
