4048 6194
273 353 364 406 εει

1225 358 1502 412 flOSflLlA
1539 359 1598 413 ιι.
1643 359 1728 414 DE
1766 359 2132 418 υΕευΝυΜο
2171 362 2607 429 INIQUITATIS.

3411 364 3510 418 182

275 463 500 534 μάλιστα
529 463 558 516 ὀ
596 463 728 526 Θεὸς
757 466 788 533 ή
799 463 936 532 μῶν,
967 465 1073 521 τῶν
1095 467 1306 539 θνητῶν
1333 470 1611 544 ὑπερέχει,
1646 472 1723 543 τῷ
1749 475 1833 527 ἀεὶ

1942 479 2188 546 locuples,
2255 477 2592 545 postmodum
2633 492 2834 547 pauper
2872 476 3126 539 cﬂectus,
3197 490 3264 530 ne
3319 489 3508 544 panem

273 555 300 607 δ
323 555 486 617 αὑτὸς
517 551 656 607 εἶναι
676 597 690 618 ,
721 558 811 609 καὶ
835 558 1096 621 ὡσαύτως
1133 559 1276 630 ἔχειν
1295 602 1308 626 ,
1344 563 1437 615 καὶ
1475 563 1834 636 ἀναφαίρετον

278 647 575 716 κεκτῆσθαι
608 647 770 718 ζωὴν,
796 651 890 702 καὶ⁵
927 649 1104 715 δόξαν,
1145 653 1237 704 καὶ
1267 653 1514 724 δύναμιν.

346 911 519 963 Πόθεν
550 906 638 963 οὖν
663 913 740 974 εἰς
771 912 976 982 ταύτην
1005 909 1166 983 ἦλθον
1205 915 1302 983 τὴν
1332 913 1504 985 ἀρχὴν
1531 915 1622 967 τοῦ
1651 915 1829 984 λόγου,

288 1002 316 1071 ἦ
348 1001 482 1068 τάχα
507 999 776 1070 γνώριμον
808 1000 907 1071 ἤδη
946 1002 1198 1071 τυγχάνει
1230 1004 1343 1064 τοῖς
1374 1003 1496 1054 νοῦν
1529 1002 1709 1073 ἔχουσι
1744 1005 1836 1057 καὶ

290 1089 590 1157 φιλολόγοις.
639 1089 696 1141 ’0
737 1091 949 1152 Λουκᾶς
991 1091 1121 1160 ἡμῖν
1175 1089 1488 1160 παραϐολὴν
1519 1091 1837 1157 ἀναπλάσας

289 1179 559 1248 ὑπανέγνω
608 1179 847 1250 ἀρτίως,
882 1183 940 1234 ὲν
1064 1181 1153 1233 τὸν
1201 1181 1480 1253 οἰκονόμον
1516 1184 1624 1236 τῶν
1677 1185 1836 1238 ἀλλο-

283 1272 436 1341 τρίων
469 1271 771 1341 ὑπογράφει
801 1272 1116 1341 πενόμενον
1148 1273 1242 1325 καὶ
1271 1271 1616 1343 θλιϐόμενον,
1650 1276 1836 1347 ἐπειδὴ

274 1361 341 1424 ὡς
359 1359 609 1430 παθητῆς
635 1361 730 1414 καὶ
760 1361 1132 1425 πολυδάπανος
1180 1363 1412 1432 ἧκουσεν
1441 1366 1591 1436 παρὰ
1618 1365 1712 1419 τοῦ
1741 1383 1836 1419 κυ-

271 1453 374 1522 ρίου
398 1451 511 1505 τῶν
540 1452 842 1523 χρημάτων
875 1453 970 1506 καὶ
1001 1453 1107 1506 τῶν
1135 1453 1453 1525 κτημάτων,
1489 1457 1571 1509 ὅτι
1596 1457 1706 1519 Δὸς
1730 1457 1838 1512 τὸν

263 1545 440 1612 λόγον
477 1543 592 1613 τῆς
620 1543 1005 1610 διοικήσεως,
1038 1547 1130 1599 καὶ
1161 1545 1492 1617 μετάστηθι·
1535 1549 1596 1601 οὑ
1627 1548 1735 1619 γάρ
1777 1565 1838 1601 σε

261 1638 365 1698 τοῖς
406 1636 586 1705 ἐμοῖς,
631 1635 708 1699 ὡς
741 1635 922 1700 ἰδίοις,
955 1637 1221 1708 ὲντρυφᾷν
1247 1637 1530 1709 ἀνέξομαι.
1565 1639 1738 1693 Τοῦτο
1779 1641 1837 1694 δέ

260 1728 421 1790 ἐστιν,
457 1728 520 1779 οὑ
556 1726 849 1796 γενομένου
882 1727 1199 1798 πράγματος
1226 1728 1506 1800 ἐξήγησις,
1538 1729 1675 1784 ἀλλὰ
1701 1731 1837 1785 πλά-

1937 569 2149 638 quidem
2180 569 2245 622 ad
2302 569 2422 622 vita:
2468 577 2825 622 commeatum
2876 568 3016 622 domi
3075 567 3252 621 habet.
3293 565 3509 636 Hocque

1937 659 2169 712 maxime
2195 657 2333 711 Deus
2360 658 2513 712 nobis
2536 658 2850 712 mortalibus
2882 667 3114 727 praestat,
3144 656 3286 726 quod
3300 671 3511 726 semper

1937 750 2075 804 idem
2121 765 2183 803 ac
2216 751 2266 803 in
2305 752 2488 803 eodem
2519 749 2586 802 sit
2637 758 2819 814 statu,
2861 751 3133 818 vitamque
3179 758 3234 804 et
3283 749 3506 818 gloriam

1938 856 2000 893 ac
2036 841 2327 908 potentiam
2359 838 2748 894 inauferibilem
2784 840 2995 894 habeat.

2010 930 2125 996 Quo
2161 938 2335 983 autem
2377 929 2429 981 in
2467 931 2733 984 sermonis
2771 931 2870 983 hoc
2905 928 3183 982 exordium
3218 927 3495 992 venerim,

1941 1019 2078 1074 forte
2121 1020 2229 1088 jam
2279 1021 2634 1090 intelligentes
2676 1035 2740 1074 ac
2793 1019 3014 1072 litterati
3056 1018 3212 1072 facile
3263 1017 3508 1071 animad-

1939 1122 2176 1166 vertunt.
2232 1111 2524 1178 Nimirum,
2583 1113 2716 1164 lecta
2773 1113 2930 1164 modo
2990 1117 3070 1163 est
3121 1108 3418 1177 composita
3474 1121 3504 1161 a

1939 1203 2079 1258 Luca
2131 1204 2414 1274 parabola,
2465 1205 2517 1258 in
2563 1219 2672 1272 qua
2720 1202 2840 1267 ille,
2881 1202 3178 1256 alienorum
3222 1201 3502 1270 dispensa-

1941 1303 2152 1358 torem,
2215 1297 2419 1348 tristem
2474 1294 2841 1361 afﬂictumque
2887 1291 3187 1358 describit,
3245 1290 3336 1344 ubi
3385 1300 3507 1345 tan-

1937 1399 2098 1455 quam
2135 1385 2386 1453 prodigus
2419 1400 2484 1439 ac
2517 1385 2824 1452 dissipator,
2858 1397 2921 1436 ex
2947 1383 3207 1435 bonorum
3234 1395 3296 1433 ac
3321 1393 3501 1433 rerum

1939 1475 2156 1529 domino
2213 1477 2484 1540 audisset,
2553 1473 2729 1528 Redde
2789 1473 3042 1526 rationem
3096 1469 3506 1540 dispensationis

1939 1573 2075 1628 tum,
2115 1579 2177 1617 ac
2224 1579 2382 1633 quam
2430 1565 2537 1618 cito
2581 1563 2836 1617 discede:
2877 1576 2976 1614 nec
3023 1562 3203 1625 enim,
3261 1561 3423 1614 rebus
3457 1567 3508 1612 te

1939 1654 2334 1724 meis,periude
2367 1670 2430 1710 ac
2468 1655 2599 1719 tuis,
2638 1651 2906 1708 luxuriari
2949 1651 3149 1705 sinam.
3195 1649 3289 1704 Est
3327 1657 3503 1702 autem

1940 1745 2088 1808 haut,
2139 1760 2242 1799 non
2286 1761 2426 1800 verae
2474 1746 2546 1799 rei
2595 1744 2864 1808 narratio,
2910 1743 3002 1798 sed
3051 1741 3172 1796 ficta
3215 1738 3502 1810 parabole,

257 1835 337 1880 σις
377 1816 722 1888 παραϐολῆς,
748 1820 859 1880 τοῖς
898 1818 1346 1888 ὲπεσκιασμένοις
1369 1819 1476 1872 τῶν
1509 1819 1683 1888 λόγων
1718 1821 1838 1891 ὴθι-

1942 1850 2057 1903 ιιιιαι
2104 1851 2352 1890 sermone
2402 1836 2630 1906 quodam
2683 1835 3033 1901 adumbrato,
3087 1832 3344 1886 moralem
3406 1845 3506 1887 nos

256 1911 356 1982 κήν
382 1909 585 1980 ἀρετὴν
619 1907 1035 1962 ὲκπαιδεὺουσα.
1065 1909 1234 1963 Γνῶθι
1263 1911 1441 1964 τοίνυν
1462 1911 1714 1977 ἕκαστος,
1758 1913 1835 1978 ὡς

256 1999 554 2070 ἀλλοτρίων
577 1994 630 2051 εἷ
650 1997 948 2069 διοικητὴς,
973 1999 1062 2051 καὶ
1091 1998 1250 2070 ῥίψας
1276 2000 1385 2053 ἀπὺ
1408 2000 1510 2070 τῆς
1537 2000 1716 2072 ψυχῆς
1741 2018 1834 2054 σου

257 2093 350 2163 τῆς
386 2090 682 2153 αὑθεντίας
711 2090 809 2161 τὴν
846 2089 1258 2161 ὑπερηφανίαν,
1299 2090 1360 2144 τὸ
1397 2090 1491 2144 τοῦ
1531 2091 1836 2147 ὑπευθύνου

259 2184 348 2238 καὶ
366 2182 662 2253 οἰκονόμου
690 2181 926 2235 ἀνάλαϐε
956 2182 1211 2234 ταπεινὸν
1238 2183 1332 2235 καὶ
1355 2181 1602 2246 εὑλαϐὲς,
1628 2183 1716 2236 ἀεὶ
1744 2184 1836 2238 τὸν

260 2277 444 2347 κύριόν
478 2292 575 2329 σου
601 2275 914 2344 ἀναμένων,
958 2275 1051 2327 καὶ⁹
1092 2276 1226 2346 μετὰ
1261 2275 1462 2340 δειλίας
1501 2276 1836 2347 συγγράφων

260 2369 354 2437 τῆς
383 2365 686 2434 ἀπολογίας
727 2364 788 2418 τὸ
822 2365 1147 2432 λογοθὲσιον.
1183 2365 1450 2437 Πάροικος
1489 2367 1599 2438 γὰρ
1629 2363 1701 2430 εἴ,
1736 2367 1839 2421 ὀλι-

260 2459 541 2529 γοχρονίου
564 2459 811 2528 χρήσεως
833 2459 925 2510 καὶ
949 2456 1244 2527 παροδικῑκ
1265 2456 1441 2513 λαϐὼν
1465 2458 1834 2530 συγχώρησιν.

259 2553 320 2604 El
366 2549 735 2620 ἀμφιϐάλλεις
779 2549 871 2601 ἐπὶ
906 2549 1017 2612 τοῖς
1063 2549 1391 2619 γνωρίμοις,
1437 2550 1722 2620 κατάμαθε
1771 2551 1840 2605 τὰ

258 2641 542 2710 γινόμενα,
571 2640 664 2691 καὶ
697 2642 762 2709 τῇ
794 2637 1011 2707 ἀψευδεῖ
1036 2636 1359 2709 διδασκάλῳ,
1385 2643 1452 2710 τῇ
1484 2640 1673 2712 πείρᾳ,
1707 2657 1836 2695 παι-

257 2733 504 2800 δεὺθητι.

327 2908 616 2976 Κὲκτησαι
642 2905 920 2977 χωρίον,ἥ
952 2907 1098 2979 παρὰ
1133 2908 1386 2979 πατέριον
1424 2907 1632 2975 λαϐὼν,
1667 2909 1699 2979 ἢ
1732 2911 1840 2964 ἀπό

261 3016 403 3061 τινος
445 2997 894 3067 συναλλάγματος
948 2999 1132 3069 κύριος
1175 3000 1436 3068 γεγονώς.
1493 3001 1838 3069 Ἀναλὸγισαι

259 3087 350 3144 οὖν
375 3093 446 3160 τῇ
479 3091 674 3160 μνήμῃ
705 3090 798 3142 καὶ
826 3090 1206 3162 ἀπαρίθμησαι
1234 3093 1472 3155 πάντας,
1515 3094 1562 3144 εἰ
1592 3093 1837 3159 δύνασαι,

1937 1923 2189 1978 virtutem
2243 1927 2418 1979 docet.
2477 1924 2665 1994 Itaque
2719 1924 2935 1977 noveris
2977 1921 3226 1992 quisquis
3279 1934 3376 1984 es,
3425 1933 3508 1974 re-

1936 2027 2052 2066 rum
2103 2013 2196 2067 tibi
2254 2014 2551 2068 alienarum
2611 2012 3068 2082 dispensationem
3125 2024 3246 2066 esse
3298 2007 3508 2077 delega-

1941 2112 2074 2166 tam,
2128 2104 2406 2174 ejectaque
2451 2117 2675 2174 prorsus
2709 2119 2777 2158 ex
2832 2102 3017 2156 animo
3069 2097 3353 2170 potestatis
3411 2095 3506 2151 he-

1938 2190 2053 2244 rilis
2104 2192 2397 2260 superbia,
2463 2190 2858 2260 dispensatoris
2911 2187 3219 2243 rationibus
3279 2186 3505 2240 obnoxii

1938 2284 2295 2340 humilitatem
2348 2300 2415 2340 ac
2464 2283 2825 2340 reverentiam
2879 2295 3066 2344 sume,
3124 2278 3512 2344 dominumque

1936 2388 2149 2442 semper
2191 2383 2548 2442 exspectans,
2599 2371 2810 2425 tabulas
2858 2385 2922 2425 ac
2963 2369 3176 2422 codices
3231 2367 3500 2419 rationum

1936 2463 2165 2519 sollicite
2219 2479 2283 2518 ac
2355 2474 2590 2517 tremore
2621 2461 2952 2515 conscribe.
3013 2459 3311 2526 lnquilinus
3363 2457 3506 2510 enim

1936 2571 2029 2620 es,
2078 2563 2240 2622 atque
2291 2554 2358 2608 ad
2409 2554 2574 2608 breve
2620 2561 2834 2622 tempus
2877 2565 2942 2604 ac
2995 2547 3224 2602 transitu
3289 2560 3506 2600 usuram

1937 2661 2250 2702 concessam
2313 2645 2500 2700 habes.
2567 2645 2717 2713 Quod
2780 2644 2825 2699 si
2889 2641 3052 2696 rebus
3096 2638 3230 2692 adeo
3287 2636 3498 2704 perspi-

1938 2734 2052 2788 cwls
2109 2734 2312 2798 hazres,
2375 2746 2444 2787 ex
2495 2747 2554 2785 re
2615 2734 2727 2802 ipsa
2793 2745 2857 2785 ac
2926 2726 3257 2798 experientia
3325 2723 3510 2789 disce,

1938 2838 2056 2892 quae
2111 2823 2362 2890 magistra
2417 2823 2547 2877 nihil
2601 2821 2760 2876 fallax
2789 2834 2892 2876 est.

2008 2915 2273 2969 Prtedium
2317 2913 2556 2984 possides
2604 2913 2752 2982 (l0),
2807 2911 2944 2980 ejus,
2994 2911 3074 2967 vel
3121 2925 3186 2965 ex
3243 2909 3505 2976 majorum

1940 3005 2286 3068 haereditate,
2342 3005 2423 3058 vel
2474 3013 2755 3058 contractu
2810 3005 3009 3071 aliquo,
3054 3001 3280 3070 adeptus
3335 2997 3508 3053 domi-

1942 3097 2108 3150 nium.
2153 3095 2407 3150 Memoria
2459 3095 2620 3164 igitur
2654 3105 2826 3147 tecum
2867 3101 3080 3161 repete.
3118 3106 3182 3144 ac
3213 3103 3504 3153 enumera,

260 3182 383 3242 τοὺς
414 3179 526 3249 πρὸ
568 3178 662 3230 σοῦ
695 3182 1100 3250 κατεσχηκότας
1141 3183 1304 3236 αὑτό·
1348 3183 1604 3236 ἐπίϐαλλε
1646 3184 1703 3236 δὲ
1747 3186 1838 3238 καὶ

1943 3190 1984 3241 si
2023 3201 2203 3257 potes,
2241 3194 2504 3255 quotquot
2545 3185 2595 3239 id
2635 3184 2810 3253 ipsum
2852 3195 2975 3237 ante
3016 3192 3067 3236 te
3106 3181 3504 3250 possederunt:

260 3270 337 3338 τῷ
386 3269 640 3339 μέλλοντι
671 3269 847 3340 χρόνῳ
875 3270 967 3323 τὸν
1011 3272 1133 3324 νοῦν
1158 3313 1172 3336 ,
1215 3275 1310 3326 καὶ
1344 3274 1498 3328 πόσοι
1540 3275 1704 3328 αὑτοῦ
1747 3293 1841 3329 κυ-

267 3361 545 3432 ριεύσουσι
580 3361 717 3430 μετὰ
755 3362 817 3414 σὲ
857 3364 1207 3435 κατανόησον,
1241 3365 1451 3436 Φράσον
1491 3367 1548 3419 δέ
1595 3385 1719 3437 μοι,
1764 3368 1837 3421 τί·

265 3471 351 3517 νος
381 3455 415 3524 ἡ
457 3453 766 3518 δεσποτεία,
801 3455 890 3507 καί
931 3455 1039 3508 τίσι
1069 3457 1188 3510 κατ’
1212 3457 1484 3529 ἐξαίρετον
1516 3459 1843 3530 διαφέρουσα

265 3547 373 3608 τοῖς
422 3545 720 3614 ἐσχηκόσι,
775 3548 888 3608 τοῖς
919 3545 1150 3616 ἔχουσιν,
1192 3548 1224 3619 ἢ
1265 3552 1376 3614 τοῖς
1413 3550 1726 3619 μέλλουσιν;
1783 3551 1843 3604 Εἰ

267 3637 372 3704 γάρ
404 3653 490 3697 τις
518 3638 584 3688 ἐκ
606 3637 854 3707 μηχανῆς
883 3637 1088 3701 πάντας
1113 3638 1434 3709 ἀθροίσειεν,
1459 3641 1844 3712 εὑρεθήσονται

266 3727 488 3788 πλείους
518 3725 627 3779 τῶν
659 3725 840 3796 βώλων
871 3730 921 3780 οἱ
949 3731 1290 3800 κεκτημένοι,
1334 3732 1550 3786 Μᾶλλον
1579 3733 1655 3792 δὲ,
1688 3734 1845 3805 εἴπερ

266 3816 519 3889 ἀκριϐῶς
542 3817 719 3886 βούλει
751 3819 987 3873 κατιδεῖν
1011 3820 1115 3873 τίνι
1154 3822 1451 3892 παρόμοιος
1478 3825 1506 3876 ὁ
1535 3822 1646 3893 βίος
1665 3826 1698 3894 ἡ
1708 3825 1842 3895 μῶν,

272 3907 650 3977 μνημόνευσον
683 3911 862 3964 εἴποτε
895 3909 1016 3981 ὥρα
1046 3911 1234 3983 θέρους
1270 3914 1594 3984 ὁδοιπορῶν,
1636 3913 1846 3968 ἐθεάσω

267 3998 485 4070 δένδρον
526 4000 873 4070 ἁμφιθαλὲς,
907 4003 998 4055 ἐπὶ
1033 4002 1166 4057 πολὺ
1206 4004 1300 4058 τοῦ
1341 4005 1577 4069 πλάτους
1615 4007 1709 4060 καὶ
1751 4007 1844 4060 τοῦ

272 4095 483 4164 μήκους
529 4095 715 4167 διῆκον
741 4137 756 4158 ,
812 4096 993 4151 ἰκανὸν
1043 4100 1108 4170 τῇ
1156 4101 1284 4170 σκιᾷ
1331 4100 1506 4163 οἰκίας
1561 4099 1844 4172 πληρῶσαι

271 4189 484 4257 χρείαν.
513 4187 700 4258 Τούτῳ
730 4188 984 4260 τερφθεὶς
1005 4189 1262 4262 ὑπῆλθες,
1296 4192 1406 4253 καὶ,
1433 4192 1517 4261 ἐφ’
1547 4192 1670 4245 ὅσον
1694 4191 1842 4264 ἐξῆν,

269 4279 451 4329 ἐκεῖσε
479 4277 822 4346 κατέμεινες.
867 4279 1019 4332 Ἐπεὶ
1055 4279 1112 4332 δὲ
1157 4279 1264 4332 ἔδει
1299 4280 1456 4334 πάλιν
1485 4281 1716 4353 ἀπᾶραι,
1754 4283 1846 4336 καὶ

271 4369 365 4421 σοῦ
398 4368 725 4440 βουλομένου
754 4371 852 4442 τὴν
875 4370 1078 4440 ἄφιξιν,
1103 4372 1288 4443 ἕτερος
1315 4373 1592 4445 ὁδοιπόρος
1619 4374 1843 4444 ἐπέστη.

1944 3287 2064 3348 post
2112 3278 2304 3332 deinde
2347 3279 2526 3330 animo
2559 3276 2844 3329 attendens
2881 3274 3116 3328 futurum
3153 3283 3390 3340 tempus,
3423 3278 3502 3324 te-

1943 3386 2063 3424 cum
2107 3378 2326 3437 reputa,
2358 3383 2517 3437 quam
2549 3367 2701 3420 multi
2747 3375 2869 3435 post
2919 3378 2974 3420 te
3021 3363 3134 3431 ejus
3186 3363 3294 3418 sint
3343 3361 3508 3416 futuri

1943 3465 2166 3518 domini.
2200 3463 2296 3517 Dic
2329 3478 2478 3528 vero,
2509 3462 2688 3527 sodes,
2717 3461 2999 3530 cujusnam
3032 3459 3147 3529 ejus
3175 3458 3508 3520 dominium,

1949 3565 2039 3609 aut
2067 3557 2132 3609 ad
2167 3569 2299 3624 quos
2336 3553 2463 3607 illud
2497 3552 2754 3623 peculiari
2788 3552 3017 3619 quadam
3054 3550 3260 3602 ratione
3296 3562 3359 3601 ac
3395 3547 3508 3601 sin-

1945 3648 2204 3716 gulariter
2259 3647 2530 3716 pertinet;
2586 3643 2653 3697 ad
2700 3655 2866 3696 eosne
2915 3640 3003 3708 qui
3047 3640 3384 3698 habuerunt.
3438 3653 3507 3692 an

1945 3741 2033 3808 qui
2071 3737 2303 3802 habent,
2336 3736 2418 3790 vel
2454 3734 2544 3804 qui
2576 3734 2827 3799 deinceps
2875 3739 3001 3784 sunt
3042 3728 3322 3782 habituri?
3370 3726 3506 3782 Nam

1946 3828 1992 3882 si
2025 3827 2143 3894 quis
2175 3838 2366 3878 onmes
2393 3823 2538 3876 velut
2565 3835 2596 3875 e
2623 3817 2874 3874 machina
2905 3817 3312 3883 congregaverit
3333 3855 3348 3879 ,
3385 3830 3509 3882 pos-

1945 3932 2184 3974 sessores
2218 3917 2396 3985 plures
2420 3920 2705 3968 occurrent
2739 3921 2898 3975 quam
2931 3905 3117 3973 glebas.
3152 3904 3294 3970 Quin
3335 3919 3462 3958 vero
3491 3947 3507 3973 ,

1948 4018 2006 4063 ut
2033 4019 2345 4076 expressam
2391 4004 2575 4058 Iubeas
2619 3996 2777 4066 hujus
2821 3995 2942 4050 vita:
2972 3996 3154 4050 videre
3186 3995 3469 4066 imaginem
3491 4035 3508 4061 ,

1947 4097 2268 4159 recordare,
2299 4093 2346 4148 si
2378 4091 2518 4147 forte
2576 4087 2771 4145 accidit
2823 4094 2884 4141 ut
2918 4085 3208 4155 aliquando
3243 4101 3337 4156 per
3367 4087 3510 4142 aestio

1949 4203 2070 4243 vum
2119 4196 2328 4255 tempus
2382 4183 2484 4238 iter
2528 4194 2697 4250 agens
2736 4177 2962 4231 viridem
3009 4175 3256 4230 arborem
3296 4175 3511 4246 conspi-

1957 4278 2194 4342 careris,
2249 4277 2485 4349 patulam
2538 4273 2683 4328 illam
2731 4285 2796 4325 ac
2830 4269 3028 4334 altam,
3081 4267 3291 4334 lataque
3330 4277 3509 4336 aptam

1949 4371 2168 4435 umbra,
2204 4380 2263 4424 ut
2293 4368 2377 4424 vel
2412 4367 2600 4421 domus
2631 4361 2874 4431 impleret
2905 4361 3094 4413 vicem.
3129 4357 3298 4428 Hujus
3333 4367 3387 4412 tu
3417 4359 3511 4414 de-

267 4461 380 4513 Καὶ
420 4462 485 4514 σὺ
520 4461 620 4530 μὲν
644 4462 902 4534 ὲφόρτους
939 4463 1035 4535 τὴν
1057 4465 1366 4534 ἀποσκευήν
1385 4482 1400 4496 ο
1426 4468 1454 4518 ὁ
1492 4465 1550 4519 δὲ
1578 4465 1677 4536 τὴν
1715 4465 1838 4520 ἰδίαν

1951 4463 2179 4518 lectatus
2228 4459 2546 4514 ammnltate
2596 4452 2786 4510 subisti
2835 4450 3120 4516 umbram,
3165 4450 3371 4520 subque
3409 4464 3508 4517 ea,

267 4550 525 4623 καθῄρει,
547 4552 642 4604 καὶ
661 4533 836 4606 πάντα
849 4552 918 4606 τὰ
934 4533 1002 4606 σά
1015 4551 1208 4625 ἀθρόον
1225 4533 1513 4618 διεδέξατο,
1537 4533 1645 4624 τὴν.
1658 4553 1838 4607 στιϐά-

1949 4553 2180 4625 quandiu
2232 4551 2406 4618 licuit,
2447 4554 2812 4604 commoratus
2857 4560 2937 4599 es.
2983 4543 3117 4611 Quia
3163 4559 3288 4599 vero
3317 4543 3509 4597 iterum

266 4642 433 4707 δα,τδ
451 4643 583 4715 πῦρ,
605 4644 702 4716 τὴν
715 4645 809 4697 τοῦ
829 4645 1046 4717 δένδρου
1068 4646 1248 4710 σκιάν,
1265 4647 1325 4699 τὸ
1343 4645 1657 4718 παραρρέον
1681 4645 1844 4717 ὕδωρ.

269 4733 383 4786 Καὶ
413 4736 444 4787 6
479 4735 583 4805 μὲν
612 4734 788 4804 εἴχετο
823 4735 924 4806 τῆς
961 4736 1362 4801 κατακλίσεως·
1404 4738 1468 4791 σὺ
1497 4736 1555 4790 δὲ
1575 4775 1590 4800 ,
1622 4736 1717 4790 τοῦ
1747 4755 1846 4791 πε-

269 4822 529 4894 ριπάτου.
572 4822 838 4896 Ἐτέρφθη
871 4824 1142 4890 κάκεῖνος,
1171 4819 1290 4879 εἷτα
1311 4825 1550 4896 ἀφῆκεν·
1584 4828 1678 4880 καὶ
1703 4826 1762 4880 τὸ
1787 4825 1846 4880 ἐν

340 5005 458 5074 (I0)
501 5003 1050 5081 Prwdium_pouides.
1091 5006 1239 5081 Lego
1266 5021 1329 5061 ac
1361 5006 1593 5081 corrigo,
1639 5008 1837 5081 κέκτη-

267 5091 388 5136 σαι,
417 5090 516 5144 pro
553 5075 650 5127 καὶ
699 5075 897 5142 κτῆσαι
921 5090 934 5106 ·
977 5076 1117 5145 quod
1150 5075 1325 5130 minus
1350 5075 1601 5141 cohaeret,
1634 5095 1732 5133 nec
1753 5075 1838 5134 est

266 5146 418 5197 aliud
450 5160 612 5216 quam
641 5145 927 5213 antiquarii
961 5145 1158 5212 lapsus.
1180 5145 1390 5216 indicat
1421 5149 1661 5200 Asterius
1678 5163 1836 5205 occa-

265 5215 479 5268 sionem
521 5216 816 5283 sumpsisse
847 5215 1132 5269 enarrandi
1176 5215 1332 5283 hujus
1381 5216 1481 5269 loci
1511 5230 1574 5270 ex
1609 5217 1837 5273 lectione

262 5284 605 5353 evangelica,
636 5295 693 5338 ut
727 5298 842 5338 mos
873 5284 958 5338 ille
987 5285 1189 5354 legendi
1225 5284 1495 5352 Evangelii
1542 5287 1680 5340 inter
1707 5287 1836 5342 Mis-

265 5369 459 5426 sarum
489 5355 770 5416 solemnia,
803 5369 906 5408 non
942 5353 1098 5408 unius
1123 5353 1621 5426 llierosolymitanaa
1641 5356 1837 5426 Eccle-

261 5423 364 5474 sia:
417 5426 665 5491 proprius
719 5434 878 5484 esset,
936 5433 992 5477 ut
1050 5426 1275 5478 assumit
1326 5423 1588 5478 vastantis
1638 5425 1688 5479 in
1739 5441 1837 5480 suo

258 5491 481 5546 Joanne
506 5494 1004 5564 Hierosolyin.,sed
1035 5495 1260 5547 aliarum
1292 5493 1650 5549 Ecclesiarum
1686 5510 1834 5550 com-

261 5565 476 5626 munis,
517 5574 574 5615 ut
624 5563 766 5634 ,ωηο
817 5563 939 5617 inde
987 5574 1318 5634 argumento,
1379 5566 1500 5618 aliis
1554 5568 1838 5634 abrogatos

261 5645 578 5702 sermones,
602 5633 772 5686 eidem
799 5643 1033 5687 assertos
1053 5632 1238 5690 faciat.
1269 5632 1510 5701 Forsque
1536 5649 1640 5690 non
1670 5632 1838 5702 pauca

259 5699 391 5774 eius
416 5703 483 5754 ad
510 5705 648 5774 idem
671 5713 986 5774 argumenta
1016 5703 1147 5757 nihil
1176 5703 1265 5758 illo
1296 5699 1564 5774 robustius
1587 5699 1835 5759 habeant.

262 5767 443 5827 Paulo
479 5772 702 5828 inferius
728 5767 814 5841 τὸ,
838 5771 1114 5837 δικάζεται
1143 5775 1235 5826 καὶ
1272 5772 1516 5844 φέρεται,
1545 5776 1744 5830 mutavi
1785 5775 1840 5829 in

1947 4647 2095 4700 abire
2150 4643 2471 4715 oportebat,
2528 4639 2850 4694 destinatum
2910 4637 3233 4706 cogitantem
3295 4634 3509 4699 locum,

1956 4737 2095 4791 alius
2143 4735 2414 4807 quispiam
2447 4731 2623 4787 viator
2653 4728 2883 4784 accessit
2911 4746 2924 4781 :
2961 4744 3025 4782 ac
3063 4739 3116 4782 tu
3149 4727 3364 4798 quidem
3393 4741 3510 4780 sar-

1949 4827 2124 4881 cinam
2175 4824 2439 4881 sustulisti
2511 4821 2660 4894 (ll);
2703 4821 2795 4877 ille
2842 4821 3123 4890 deposuit,
3165 4829 3360 4888 tuaque
3395 4833 3510 4872 om-

1939 5007 2188 5073 δικάζετε
2213 5016 2278 5080 et
2303 5009 2516 5080 φέρετε.
2549 5006 2743 5080 Liquet
2771 5007 2822 5061 in
2849 5005 3109 5080 ejusmodi
3139 5005 3310 5080 facilis
3345 5018 3508 5058 caco-

1941 5080 2185 5148 graphia.
2217 5076 2328 5148 Τὴν
2354 5076 2649 5131 ὑπεύθυνον
2693 5077 2822 5130 dicit
2855 5077 3184 5144 πλεονεξίαν,
3230 5076 3294 5130 ad
3346 5088 3506 5142 quam

1943 5150 2121 5201 animo
2185 5149 2566 5217 profligandam
2627 5149 2872 5200 hortatur
2924 5149 3238 5215 auditores,
3297 5161 3400 5217 non
3451 5152 3508 5197 ut

1947 5216 2203 5288 quisque:
2240 5217 2504 5272 calculum
2536 5285 2545 5288 Α
2580 5217 3002 5288 damnatoriam,
3046 5218 3182 5273 ferat
3252 5216 3510 5271 adversus

1942 5285 2377 5350 suain'auimam,
2412 5296 2472 5340 ut
2500 5285 2700 5338 absone
2731 5287 2960 5339 reddidit
2993 5287 3276 5353 interpres.

2012 5355 2125 5428 (Η)
2167 5356 2441 5428 Sarcimtm
2476 5355 2757 5417 sustulisti,
2807 5353 2890 5407 σὺ
2923 5354 3040 5428 μὲν
3077 5352 3350 5428 ἐφόρτοις
3394 5352 3512 5421 τὴν

1939 5423 2312 5494 ἀποσκευήν.
2367 5423 2637 5494 Interpres
2684 5438 2788 5476 non
2836 5427 3030 5494 reddit.
3089 5423 3310 5479 Dumeus
3361 5433 3512 5491 putat

1941 5495 2114 5548 locum
2171 5490 2528 5556 mendosum,
2586 5493 2766 5560 aitque
2842 5490 3075 5547 fortasse
3119 5490 3506 5549 scribendum:

1943 5565 2054 5618 Καὶ
2079 5567 2143 5618 σὺ
2183 5565 2279 5635 μὲν
2311 5562 2611 5634 ὲςρὸρτιζες.
2641 5560 2752 5635 Ego
2781 5561 2914 5614 nihil
2954 5573 3368 5635 erratum‘puto,
3415 5561 3509 5614 sed

1949 5649 2101 5688 usum
2138 5631 2562 5688 Asterium'voce
2594 5633 2768 5684 minus
2795 5633 3088 5697 communi,
3141 5631 3281 5686 amni
3325 5642 3500 5683 tamen

1946 5703 2042 5777 τῷ,
2075 5703 2333 5777 φορτίζω,
2359 5717 2424 5758 ac
2443 5716 2518 5777 ex
2546 5701 2732 5755 eadem
2760 5701 2940 5777 radice
2965 5717 2980 5753 :
3012 5709 3069 5754 ut
3094 5716 3190 5770 pro
3220 5715 3285 5777 eo
3307 5697 3514 5777 malue-

1947 5767 2282 5844 ῐίϊφορτόωο
2317 5767 2458 5844 quod
2487 5781 2772 5840 utrumque
2791 5769 2863 5825 sit
2887 5785 3066 5837 onero,
3095 5767 3223 5824 onus
3242 5767 3387 5822 tollo.
