  <div class='ocr_page' id='page_1' title='image "/cluster/home/n/w/nwhite01/storage/ocr_20150623/40/hvd.32044073501843/100.png"; bbox 0 0 4034 6204; ppageno 0'>
   <div class='ocr_carea' id='block_1_1' title="bbox 287 304 391 361">
    <p class='ocr_par' dir='ltr' id='par_1_1' title="bbox 287 304 391 361">
     <span class='ocr_line' id='line_1_1' title="bbox 287 304 391 361; baseline 0.019 -2"><span class='ocrx_word' id='word_1_1' title='bbox 287 304 391 361; x_wconf 72' lang='grc'><strong>185</strong></span> 
     </span>
    </p>
   </div>
   <div class='ocr_carea' id='block_1_2' title="bbox 1229 285 2634 356">
    <p class='ocr_par' dir='ltr' id='par_1_2' title="bbox 1229 285 2634 356">
     <span class='ocr_line' id='line_1_2' title="bbox 1229 285 2634 356; baseline -0.008 -5"><span class='ocrx_word' id='word_1_2' title='bbox 1229 295 1517 353; x_wconf 79' lang='lat' dir='ltr'><strong>HOMILIA</strong></span> <span class='ocrx_word' id='word_1_3' title='bbox 1556 293 1622 351; x_wconf 83' lang='lat' dir='ltr'><strong>ll.</strong></span> <span class='ocrx_word' id='word_1_4' title='bbox 1658 292 1754 347; x_wconf 83' lang='lat' dir='ltr'><strong>DE</strong></span> <span class='ocrx_word' id='word_1_5' title='bbox 1785 290 2153 349; x_wconf 76' lang='lat' dir='ltr'><strong>OECONOMO</strong></span> <span class='ocrx_word' id='word_1_6' title='bbox 2191 285 2634 356; x_wconf 81' lang='lat' dir='ltr'><strong>INIQUITATIS.</strong></span> 
     </span>
    </p>
   </div>
   <div class='ocr_carea' id='block_1_3' title="bbox 3432 277 3536 336">
    <p class='ocr_par' dir='ltr' id='par_1_3' title="bbox 3432 277 3536 336">
     <span class='ocr_line' id='line_1_3' title="bbox 3432 277 3536 336; baseline 0.019 -2"><span class='ocrx_word' id='word_1_7' title='bbox 3432 277 3536 336; x_wconf 75' lang='lat' dir='ltr'><strong>I86</strong></span> 
     </span>
    </p>
   </div>
   <div class='ocr_carea' id='block_1_4' title="bbox 355 394 1889 485">
    <p class='ocr_par' dir='ltr' id='par_1_4' title="bbox 355 409 1868 485">
     <span class='ocr_line' id='line_1_4' title="bbox 355 409 1868 485; baseline -0.006 -12"><span class='ocrx_word' id='word_1_8' title='bbox 355 420 473 474; x_wconf 74' lang='grc' dir='ltr'><strong>Καὶ</strong></span> <span class='ocrx_word' id='word_1_9' title='bbox 508 419 599 471; x_wconf 83' lang='grc' dir='ltr'>ἵνα</span> <span class='ocrx_word' id='word_1_10' title='bbox 620 412 936 485; x_wconf 76' lang='grc' dir='ltr'><strong>καταμάθῃς</strong></span> <span class='ocrx_word' id='word_1_11' title='bbox 959 411 1225 484; x_wconf 74' lang='grc' dir='ltr'>ἀκριϐῶς,</span> <span class='ocrx_word' id='word_1_12' title='bbox 1261 414 1345 466; x_wconf 81' lang='grc' dir='ltr'>ὅτι</span> <span class='ocrx_word' id='word_1_13' title='bbox 1368 412 1554 482; x_wconf 85' lang='grc' dir='ltr'>νόμοις</span> <span class='ocrx_word' id='word_1_14' title='bbox 1586 409 1868 464; x_wconf 76' lang='grc' dir='ltr'>ὕπόκεισαι</span> 
     </span>
    </p>
   </div>
   <div class='ocr_carea' id='block_1_5' title="bbox 1990 394 3538 485">
    <p class='ocr_par' dir='ltr' id='par_1_5' title="bbox 2041 394 3538 476">
     <span class='ocr_line' id='line_1_5' title="bbox 2041 394 3538 476; baseline -0.007 -16"><span class='ocrx_word' id='word_1_15' title='bbox 2041 408 2159 474; x_wconf 86' lang='lat' dir='ltr'><strong>Quo</strong></span> <span class='ocrx_word' id='word_1_16' title='bbox 2184 416 2362 462; x_wconf 89' lang='lat' dir='ltr'><strong>autem</strong></span> <span class='ocrx_word' id='word_1_17' title='bbox 2408 404 2617 476; x_wconf 82' lang='lat' dir='ltr'><strong>plenius</strong></span> <span class='ocrx_word' id='word_1_18' title='bbox 2645 400 2856 466; x_wconf 88' lang='lat' dir='ltr'><strong>discas,</strong></span> <span class='ocrx_word' id='word_1_19' title='bbox 2901 396 3113 469; x_wconf 77' lang='lat' dir='ltr'><strong>legibus</strong></span> <span class='ocrx_word' id='word_1_20' title='bbox 3149 402 3203 450; x_wconf 88' lang='lat' dir='ltr'><strong>te</strong></span> <span class='ocrx_word' id='word_1_21' title='bbox 3240 408 3306 449; x_wconf 85' lang='lat' dir='ltr'><strong>ac</strong></span> <span class='ocrx_word' id='word_1_22' title='bbox 3344 394 3538 464; x_wconf 77' lang='lat' dir='ltr'><strong>regulis</strong></span> 
     </span>
    </p>
   </div>
   <div class='ocr_carea' id='block_1_6' title="bbox 285 502 1866 574">
    <p class='ocr_par' dir='ltr' id='par_1_6' title="bbox 285 502 1866 574">
     <span class='ocr_line' id='line_1_6' title="bbox 285 502 1866 574; baseline -0.009 -8"><span class='ocrx_word' id='word_1_23' title='bbox 285 511 388 567; x_wconf 70' lang='grc' dir='ltr'>καὶ</span> <span class='ocrx_word' id='word_1_24' title='bbox 416 510 609 563; x_wconf 79' lang='grc' dir='ltr'>κανόσι</span> <span class='ocrx_word' id='word_1_25' title='bbox 635 506 987 568; x_wconf 81' lang='grc' dir='ltr'>δεσποτικοῖς,</span> <span class='ocrx_word' id='word_1_26' title='bbox 1023 502 1143 557; x_wconf 83' lang='grc' dir='ltr'>καθ’</span> <span class='ocrx_word' id='word_1_27' title='bbox 1183 502 1277 566; x_wconf 74' lang='grc' dir='ltr'>οὓς</span> <span class='ocrx_word' id='word_1_28' title='bbox 1307 520 1367 556; x_wconf 90' lang='grc' dir='ltr'><strong>σε</strong></span> <span class='ocrx_word' id='word_1_29' title='bbox 1402 503 1676 574; x_wconf 81' lang='grc' dir='ltr'>προσῆκεν</span> <span class='ocrx_word' id='word_1_30' title='bbox 1708 503 1866 571; x_wconf 87' lang='grc' dir='ltr'>ἀκρι-</span> 
     </span>
    </p>
   </div>
   <div class='ocr_carea' id='block_1_7' title="bbox 288 592 1864 671">
    <p class='ocr_par' dir='ltr' id='par_1_7' title="bbox 288 592 1864 671">
     <span class='ocr_line' id='line_1_7' title="bbox 288 592 1864 671; baseline -0.008 -15"><span class='ocrx_word' id='word_1_31' title='bbox 288 603 407 666; x_wconf 75' lang='grc' dir='ltr'>ϐῶς</span> <span class='ocrx_word' id='word_1_32' title='bbox 431 599 707 671; x_wconf 70' lang='grc' dir='ltr'>διορθοῦνο</span> <span class='ocrx_word' id='word_1_33' title='bbox 750 595 858 649; x_wconf 85' lang='grc' dir='ltr'><strong>ἀπὺ</strong></span> <span class='ocrx_word' id='word_1_34' title='bbox 888 594 1089 648; x_wconf 78' lang='grc' dir='ltr'>σαυτοῦ</span> <span class='ocrx_word' id='word_1_35' title='bbox 1140 594 1356 667; x_wconf 85' lang='grc' dir='ltr'>πρῶτον</span> <span class='ocrx_word' id='word_1_36' title='bbox 1390 593 1743 663; x_wconf 79' lang='grc' dir='ltr'><strong>κατανόησον,</strong></span> <span class='ocrx_word' id='word_1_37' title='bbox 1782 592 1864 645; x_wconf 82' lang='grc' dir='ltr'>ὃτι</span> 
     </span>
    </p>
   </div>
   <div class='ocr_carea' id='block_1_8' title="bbox 290 680 1867 758">
    <p class='ocr_par' dir='ltr' id='par_1_8' title="bbox 290 680 1867 758">
     <span class='ocr_line' id='line_1_8' title="bbox 290 680 1867 758; baseline -0.011 -10"><span class='ocrx_word' id='word_1_38' title='bbox 290 694 393 749; x_wconf 79' lang='grc' dir='ltr'><strong>καί</strong></span> <span class='ocrx_word' id='word_1_39' title='bbox 425 693 488 745; x_wconf 82' lang='grc' dir='ltr'>τὸ</span> <span class='ocrx_word' id='word_1_40' title='bbox 538 688 692 758; x_wconf 79' lang='grc' dir='ltr'>σῶμά</span> <span class='ocrx_word' id='word_1_41' title='bbox 716 704 829 749; x_wconf 92' lang='grc' dir='ltr'>σου,</span> <span class='ocrx_word' id='word_1_42' title='bbox 857 684 954 739; x_wconf 74' lang='grc' dir='ltr'>καὶ</span> <span class='ocrx_word' id='word_1_43' title='bbox 1003 686 1038 755; x_wconf 79' lang='grc' dir='ltr'>ἡ</span> <span class='ocrx_word' id='word_1_44' title='bbox 1068 683 1213 755; x_wconf 80' lang='grc' dir='ltr'>ψυχὴ</span> <span class='ocrx_word' id='word_1_45' title='bbox 1267 680 1605 753; x_wconf 78' lang='grc' dir='ltr'><strong>πανταχόθεν</strong></span> <span class='ocrx_word' id='word_1_46' title='bbox 1641 683 1749 743; x_wconf 87' lang='grc' dir='ltr'>τοῖς</span> <span class='ocrx_word' id='word_1_47' title='bbox 1770 680 1867 749; x_wconf 80' lang='grc' dir='ltr'>τῆς</span> 
     </span>
    </p>
   </div>
   <div class='ocr_carea' id='block_1_9' title="bbox 291 770 1866 855">
    <p class='ocr_par' dir='ltr' id='par_1_9' title="bbox 291 770 1866 855">
     <span class='ocr_line' id='line_1_9' title="bbox 291 770 1866 855; baseline -0.01 -18"><span class='ocrx_word' id='word_1_48' title='bbox 291 784 499 855; x_wconf 76' lang='grc' dir='ltr'>ἀρετῆς</span> <span class='ocrx_word' id='word_1_49' title='bbox 522 780 795 833; x_wconf 82' lang='grc' dir='ltr'>ὑπόκειται</span> <span class='ocrx_word' id='word_1_50' title='bbox 833 775 1308 845; x_wconf 77' lang='grc' dir='ltr'><strong>παραγγέλμασιν,</strong></span> <span class='ocrx_word' id='word_1_51' title='bbox 1363 775 1457 828; x_wconf 76' lang='grc' dir='ltr'>καὶ</span> <span class='ocrx_word' id='word_1_52' title='bbox 1501 773 1619 827; x_wconf 74' lang='grc' dir='ltr'>οὐδὲ</span> <span class='ocrx_word' id='word_1_53' title='bbox 1670 770 1866 825; x_wconf 77' lang='grc' dir='ltr'>σαυτοῦ</span> 
     </span>
    </p>
   </div>
   <div class='ocr_carea' id='block_1_10' title="bbox 294 859 1868 938">
    <p class='ocr_par' dir='ltr' id='par_1_10' title="bbox 294 859 1868 938">
     <span class='ocr_line' id='line_1_10' title="bbox 294 859 1868 938; baseline -0.006 -17"><span class='ocrx_word' id='word_1_54' title='bbox 294 867 483 938; x_wconf 84' lang='grc' dir='ltr'>κύριος</span> <span class='ocrx_word' id='word_1_55' title='bbox 505 860 557 918; x_wconf 72' lang='grc' dir='ltr'>εἴ</span> <span class='ocrx_word' id='word_1_56' title='bbox 576 882 589 891; x_wconf 91' lang='grc'>·</span> <span class='ocrx_word' id='word_1_57' title='bbox 622 863 756 917; x_wconf 86' lang='grc' dir='ltr'>ἁλλά</span> <span class='ocrx_word' id='word_1_58' title='bbox 809 861 1091 933; x_wconf 79' lang='grc' dir='ltr'>προσῆκέν</span> <span class='ocrx_word' id='word_1_59' title='bbox 1138 879 1197 914; x_wconf 92' lang='grc' dir='ltr'><strong>σε</strong></span> <span class='ocrx_word' id='word_1_60' title='bbox 1254 864 1559 932; x_wconf 77' lang='grc' dir='ltr'><strong>οἰκονομεῖν</strong></span> <span class='ocrx_word' id='word_1_61' title='bbox 1588 860 1682 914; x_wconf 76' lang='grc' dir='ltr'>καὶ</span> <span class='ocrx_word' id='word_1_62' title='bbox 1713 859 1868 927; x_wconf 89' lang='grc' dir='ltr'>λόγον</span> 
     </span>
    </p>
   </div>
   <div class='ocr_carea' id='block_1_11' title="bbox 292 948 1870 1027">
    <p class='ocr_par' dir='ltr' id='par_1_11' title="bbox 292 948 1870 1027">
     <span class='ocr_line' id='line_1_11' title="bbox 292 948 1870 1027; baseline -0.006 -16"><span class='ocrx_word' id='word_1_63' title='bbox 292 959 386 1011; x_wconf 80' lang='grc' dir='ltr'><strong>καὶ</strong></span> <span class='ocrx_word' id='word_1_64' title='bbox 409 957 629 1027; x_wconf 68' lang='grc' dir='ltr'>πρᾶξιν,</span> <span class='ocrx_word' id='word_1_65' title='bbox 661 956 754 1009; x_wconf 79' lang='grc' dir='ltr'>καὶ</span> <span class='ocrx_word' id='word_1_66' title='bbox 784 956 893 1008; x_wconf 83' lang='grc' dir='ltr'><strong>πᾶν</strong></span> <span class='ocrx_word' id='word_1_67' title='bbox 933 954 1032 1025; x_wconf 78' lang='grc' dir='ltr'>τῆς</span> <span class='ocrx_word' id='word_1_68' title='bbox 1076 952 1221 1023; x_wconf 79' lang='grc' dir='ltr'>ζωῆς</span> <span class='ocrx_word' id='word_1_69' title='bbox 1264 970 1356 1006; x_wconf 90' lang='grc' dir='ltr'><strong>σου</strong></span> <span class='ocrx_word' id='word_1_70' title='bbox 1383 953 1606 1023; x_wconf 79' lang='grc' dir='ltr'>κίνημα.</span> <span class='ocrx_word' id='word_1_71' title='bbox 1638 948 1870 1014; x_wconf 76' lang='grc' dir='ltr'>Ἐλαόες</span> 
     </span>
    </p>
   </div>
   <div class='ocr_carea' id='block_1_12' title="bbox 292 1041 1872 1119">
    <p class='ocr_par' dir='ltr' id='par_1_12' title="bbox 292 1041 1872 1119">
     <span class='ocr_line' id='line_1_12' title="bbox 292 1041 1872 1119; baseline -0.004 -20"><span class='ocrx_word' id='word_1_72' title='bbox 292 1046 450 1116; x_wconf 85' lang='grc' dir='ltr'>σῶμα</span> <span class='ocrx_word' id='word_1_73' title='bbox 481 1046 634 1119; x_wconf 84' lang='grc' dir='ltr'><strong>παρά</strong></span> <span class='ocrx_word' id='word_1_74' title='bbox 676 1044 769 1098; x_wconf 75' lang='grc' dir='ltr'>τοῦ</span> <span class='ocrx_word' id='word_1_75' title='bbox 802 1043 1108 1109; x_wconf 79' lang='grc' dir='ltr'><strong>κτίσαντος,</strong></span> <span class='ocrx_word' id='word_1_76' title='bbox 1161 1045 1227 1095; x_wconf 80' lang='grc' dir='ltr'>ὲκ</span> <span class='ocrx_word' id='word_1_77' title='bbox 1258 1041 1465 1095; x_wconf 82' lang='grc' dir='ltr'>πολλῶν</span> <span class='ocrx_word' id='word_1_78' title='bbox 1497 1041 1697 1113; x_wconf 88' lang='grc' dir='ltr'>μορίων</span> <span class='ocrx_word' id='word_1_79' title='bbox 1744 1056 1872 1108; x_wconf 88' lang='grc' dir='ltr'>συγ-</span> 
     </span>
    </p>
   </div>
   <div class='ocr_carea' id='block_1_13' title="bbox 288 1132 1871 1208">
    <p class='ocr_par' dir='ltr' id='par_1_13' title="bbox 288 1132 1871 1208">
     <span class='ocr_line' id='line_1_13' title="bbox 288 1132 1871 1208; baseline -0.003 -18"><span class='ocrx_word' id='word_1_80' title='bbox 288 1139 567 1208; x_wconf 79' lang='grc' dir='ltr'>κείμενον,</span> <span class='ocrx_word' id='word_1_81' title='bbox 624 1136 722 1190; x_wconf 78' lang='grc' dir='ltr'><strong>καὶ</strong></span> <span class='ocrx_word' id='word_1_82' title='bbox 769 1136 932 1189; x_wconf 84' lang='grc' dir='ltr'>πέντε</span> <span class='ocrx_word' id='word_1_83' title='bbox 980 1134 1296 1205; x_wconf 79' lang='grc' dir='ltr'>αἰσθήσεσιν</span> <span class='ocrx_word' id='word_1_84' title='bbox 1350 1137 1428 1197; x_wconf 86' lang='grc' dir='ltr'><strong>εἰς</strong></span> <span class='ocrx_word' id='word_1_85' title='bbox 1459 1134 1556 1197; x_wconf 84' lang='grc' dir='ltr'>τὰς</span> <span class='ocrx_word' id='word_1_86' title='bbox 1590 1133 1688 1202; x_wconf 81' lang='grc' dir='ltr'>τῆς</span> <span class='ocrx_word' id='word_1_87' title='bbox 1728 1132 1871 1204; x_wconf 76' lang='grc' dir='ltr'>ζωῆς</span> 
     </span>
    </p>
   </div>
   <div class='ocr_carea' id='block_1_14' title="bbox 288 1217 1871 1299">
    <p class='ocr_par' dir='ltr' id='par_1_14' title="bbox 288 1217 1871 1299">
     <span class='ocr_line' id='line_1_14' title="bbox 288 1217 1871 1299; baseline -0.004 -19"><span class='ocrx_word' id='word_1_88' title='bbox 288 1228 480 1299; x_wconf 78' lang='grc' dir='ltr'><strong>χρείας</strong></span> <span class='ocrx_word' id='word_1_89' title='bbox 511 1226 984 1297; x_wconf 83' lang='grc' dir='ltr'>οἰκονομούμενον.</span> <span class='ocrx_word' id='word_1_90' title='bbox 1034 1224 1154 1278; x_wconf 79' lang='grc' dir='ltr'><strong>Εἰσί</strong></span> <span class='ocrx_word' id='word_1_91' title='bbox 1175 1224 1228 1277; x_wconf 77' lang='grc' dir='ltr'>δὲ</span> <span class='ocrx_word' id='word_1_92' title='bbox 1266 1223 1385 1277; x_wconf 85' lang='grc' dir='ltr'>οὐδὲ</span> <span class='ocrx_word' id='word_1_93' title='bbox 1410 1217 1566 1277; x_wconf 69' lang='grc' dir='ltr'>αὗται</span> <span class='ocrx_word' id='word_1_94' title='bbox 1603 1222 1871 1291; x_wconf 76' lang='grc' dir='ltr'>ἐλεύθεροι</span> 
     </span>
    </p>
   </div>
   <div class='ocr_carea' id='block_1_15' title="bbox 295 1313 1873 1388">
    <p class='ocr_par' dir='ltr' id='par_1_15' title="bbox 295 1313 1873 1388">
     <span class='ocr_line' id='line_1_15' title="bbox 295 1313 1873 1388; baseline -0.005 -15"><span class='ocrx_word' id='word_1_95' title='bbox 295 1321 386 1373; x_wconf 76' lang='grc' dir='ltr'>καὶ</span> <span class='ocrx_word' id='word_1_96' title='bbox 416 1318 738 1388; x_wconf 76' lang='grc' dir='ltr'><strong>αὐτόνομοι⁸</strong></span> <span class='ocrx_word' id='word_1_97' title='bbox 774 1316 890 1370; x_wconf 87' lang='grc' dir='ltr'>ἀλλ’</span> <span class='ocrx_word' id='word_1_98' title='bbox 924 1315 1127 1385; x_wconf 78' lang='grc' dir='ltr'><strong>ἑκάστη</strong></span> <span class='ocrx_word' id='word_1_99' title='bbox 1158 1314 1317 1384; x_wconf 83' lang='grc' dir='ltr'>δούλη</span> <span class='ocrx_word' id='word_1_100' title='bbox 1361 1314 1540 1384; x_wconf 85' lang='grc' dir='ltr'>νόμων</span> <span class='ocrx_word' id='word_1_101' title='bbox 1572 1313 1731 1367; x_wconf 78' lang='grc' dir='ltr'>ἐστίν.</span> <span class='ocrx_word' id='word_1_102' title='bbox 1760 1313 1873 1367; x_wconf 77' lang='grc' dir='ltr'><strong>Καὶ</strong></span> 
     </span>
    </p>
   </div>
   <div class='ocr_carea' id='block_1_16' title="bbox 296 1403 1872 1482">
    <p class='ocr_par' dir='ltr' id='par_1_16' title="bbox 296 1403 1872 1482">
     <span class='ocr_line' id='line_1_16' title="bbox 296 1403 1872 1482; baseline -0.006 -18"><span class='ocrx_word' id='word_1_103' title='bbox 296 1410 511 1482; x_wconf 84' lang='grc' dir='ltr'>πρῶτος</span> <span class='ocrx_word' id='word_1_104' title='bbox 564 1408 749 1462; x_wconf 87' lang='grc' dir='ltr'>ἀκούει</span> <span class='ocrx_word' id='word_1_105' title='bbox 796 1406 1091 1478; x_wconf 72' lang='grc' dir='ltr'>ὀφθαλμός·</span> <span class='ocrx_word' id='word_1_106' title='bbox 1139 1404 1311 1459; x_wconf 82' lang='grc' dir='ltr'>Βλέπε</span> <span class='ocrx_word' id='word_1_107' title='bbox 1342 1405 1522 1475; x_wconf 75' lang='grc' dir='ltr'>φύσιν,</span> <span class='ocrx_word' id='word_1_108' title='bbox 1558 1406 1652 1458; x_wconf 70' lang='grc' dir='ltr'>καὶ</span> <span class='ocrx_word' id='word_1_109' title='bbox 1682 1403 1872 1475; x_wconf 84' lang='grc' dir='ltr'>θεώρει</span> 
     </span>
    </p>
   </div>
   <div class='ocr_carea' id='block_1_17' title="bbox 293 1496 1873 1572">
    <p class='ocr_par' dir='ltr' id='par_1_17' title="bbox 293 1496 1873 1572">
     <span class='ocr_line' id='line_1_17' title="bbox 293 1496 1873 1572; baseline -0.005 -17"><span class='ocrx_word' id='word_1_110' title='bbox 293 1503 329 1556; x_wconf 71' lang='grc' dir='ltr'><strong>ἃ.</strong></span> <span class='ocrx_word' id='word_1_111' title='bbox 358 1501 580 1572; x_wconf 80' lang='grc' dir='ltr'>βλέπειν</span> <span class='ocrx_word' id='word_1_112' title='bbox 607 1500 767 1553; x_wconf 83' lang='grc' dir='ltr'>καλόν</span> <span class='ocrx_word' id='word_1_113' title='bbox 787 1517 801 1529; x_wconf 87' lang='grc'><strong>·</strong></span> <span class='ocrx_word' id='word_1_114' title='bbox 861 1499 1033 1569; x_wconf 72' lang='grc' dir='ltr'>ἥλιον,</span> <span class='ocrx_word' id='word_1_115' title='bbox 1066 1498 1244 1550; x_wconf 76' lang='grc' dir='ltr'>πᾶσαν</span> <span class='ocrx_word' id='word_1_116' title='bbox 1282 1497 1380 1566; x_wconf 73' lang='grc' dir='ltr'>τὴν</span> <span class='ocrx_word' id='word_1_117' title='bbox 1408 1496 1731 1566; x_wconf 80' lang='grc' dir='ltr'>οἰκουμένην</span> <span class='ocrx_word' id='word_1_118' title='bbox 1761 1513 1873 1564; x_wconf 80' lang='grc' dir='ltr'>φω-</span> 
     </span>
    </p>
   </div>
   <div class='ocr_carea' id='block_1_18' title="bbox 295 1584 1873 1661">
    <p class='ocr_par' dir='ltr' id='par_1_18' title="bbox 295 1584 1873 1661">
     <span class='ocr_line' id='line_1_18' title="bbox 295 1584 1873 1661; baseline 0.008 -23"><span class='ocrx_word' id='word_1_119' title='bbox 295 1592 552 1657; x_wconf 70' lang='grc' dir='ltr'>τίζονταο</span> <span class='ocrx_word' id='word_1_120' title='bbox 588 1592 835 1661; x_wconf 68' lang='grc' dir='ltr'>σελήνην,</span> <span class='ocrx_word' id='word_1_121' title='bbox 890 1589 951 1641; x_wconf 78' lang='grc' dir='ltr'>τὸ</span> <span class='ocrx_word' id='word_1_122' title='bbox 992 1587 1313 1660; x_wconf 76' lang='grc' dir='ltr'>σκυθρωπὸν</span> <span class='ocrx_word' id='word_1_123' title='bbox 1366 1589 1460 1641; x_wconf 77' lang='grc' dir='ltr'>καὶ</span> <span class='ocrx_word' id='word_1_124' title='bbox 1516 1585 1752 1655; x_wconf 68' lang='grc' dir='ltr'>ζοφῶδες</span> <span class='ocrx_word' id='word_1_125' title='bbox 1774 1584 1873 1655; x_wconf 85' lang='grc' dir='ltr'>τῆς</span> 
     </span>
    </p>
   </div>
   <div class='ocr_carea' id='block_1_19' title="bbox 295 1671 1871 1745">
    <p class='ocr_par' dir='ltr' id='par_1_19' title="bbox 295 1671 1871 1745">
     <span class='ocr_line' id='line_1_19' title="bbox 295 1671 1871 1745; baseline -0.006 -11"><span class='ocrx_word' id='word_1_126' title='bbox 295 1680 491 1743; x_wconf 77' lang='grc' dir='ltr'>νυκτὸς</span> <span class='ocrx_word' id='word_1_127' title='bbox 550 1678 1032 1745; x_wconf 72' lang='grc' dir='ltr'>καταυγάζουσαν’</span> <span class='ocrx_word' id='word_1_128' title='bbox 1089 1677 1216 1738; x_wconf 77' lang='grc' dir='ltr'>τοὺς</span> <span class='ocrx_word' id='word_1_129' title='bbox 1264 1675 1456 1737; x_wconf 84' lang='grc' dir='ltr'>ἀλλους</span> <span class='ocrx_word' id='word_1_130' title='bbox 1508 1674 1759 1744; x_wconf 79' lang='grc' dir='ltr'>ἀστέρας,</span> <span class='ocrx_word' id='word_1_131' title='bbox 1811 1671 1871 1725; x_wconf 87' lang='grc' dir='ltr'><strong>ού</strong></span> 
     </span>
    </p>
   </div>
   <div class='ocr_carea' id='block_1_20' title="bbox 295 1756 1889 1839">
    <p class='ocr_par' dir='ltr' id='par_1_20' title="bbox 295 1762 1873 1839">
     <span class='ocr_line' id='line_1_20' title="bbox 295 1762 1873 1839; baseline -0.006 -15"><span class='ocrx_word' id='word_1_132' title='bbox 295 1773 434 1824; x_wconf 72' lang='grc' dir='ltr'>πολὺ</span> <span class='ocrx_word' id='word_1_133' title='bbox 464 1771 583 1839; x_wconf 71' lang='grc' dir='ltr'>μὲν,</span> <span class='ocrx_word' id='word_1_134' title='bbox 615 1769 732 1821; x_wconf 74' lang='grc' dir='ltr'>οὐδὲ</span> <span class='ocrx_word' id='word_1_135' title='bbox 754 1767 1024 1839; x_wconf 74' lang='grc' dir='ltr'>αὔταρκες</span> <span class='ocrx_word' id='word_1_136' title='bbox 1059 1770 1188 1838; x_wconf 77' lang='grc' dir='ltr'>ἡμῖν</span> <span class='ocrx_word' id='word_1_137' title='bbox 1244 1766 1304 1820; x_wconf 74' lang='grc' dir='ltr'><strong>τὸ</strong></span> <span class='ocrx_word' id='word_1_138' title='bbox 1353 1767 1480 1837; x_wconf 80' lang='grc' dir='ltr'>παρ’</span> <span class='ocrx_word' id='word_1_139' title='bbox 1514 1762 1716 1818; x_wconf 73' lang='grc' dir='ltr'>ἑαυτῶν</span> <span class='ocrx_word' id='word_1_140' title='bbox 1759 1763 1873 1832; x_wconf 82' lang='grc' dir='ltr'><strong>φῶς</strong></span> 
     </span>
    </p>
   </div>
   <div class='ocr_carea' id='block_1_21' title="bbox 1990 1756 3659 1839">
    <p class='ocr_par' dir='ltr' id='par_1_21' title="bbox 1990 1756 3659 1839">
     <span class='ocr_line' id='line_1_21' title="bbox 1990 1756 3659 1839; baseline -0.012 -12"><span class='ocrx_word' id='word_1_141' title='bbox 1990 1790 2062 1829; x_wconf 73' lang='lat' dir='ltr'><strong>ras</strong></span> <span class='ocrx_word' id='word_1_142' title='bbox 2085 1813 2099 1837; x_wconf 90' lang='lat'><strong>,</strong></span> <span class='ocrx_word' id='word_1_143' title='bbox 2126 1773 2379 1839; x_wconf 83' lang='lat' dir='ltr'><strong>exiguum</strong></span> <span class='ocrx_word' id='word_1_144' title='bbox 2400 1810 2415 1836; x_wconf 95' lang='lat'><strong>,</strong></span> <span class='ocrx_word' id='word_1_145' title='bbox 2444 1770 2561 1824; x_wconf 88' lang='lat' dir='ltr'><strong>illas</strong></span> <span class='ocrx_word' id='word_1_146' title='bbox 2604 1767 2817 1838; x_wconf 85' lang='lat' dir='ltr'><strong>quidem</strong></span> <span class='ocrx_word' id='word_1_147' title='bbox 2851 1779 3024 1833; x_wconf 90' lang='lat' dir='ltr'><strong>neque</strong></span> <span class='ocrx_word' id='word_1_148' title='bbox 3064 1761 3216 1816; x_wconf 90' lang='lat' dir='ltr'><strong>nobis</strong></span> <span class='ocrx_word' id='word_1_149' title='bbox 3253 1756 3546 1823; x_wconf 80' lang='lat' dir='ltr'><strong>suilicieus,</strong></span> <span class='ocrx_word' id='word_1_150' title='bbox 3652 1761 3659 1768; x_wconf 88' lang='lat'><em>‘</em></span> 
     </span>
    </p>
   </div>
   <div class='ocr_carea' id='block_1_22' title="bbox 297 1853 1874 1935">
    <p class='ocr_par' dir='ltr' id='par_1_22' title="bbox 297 1853 1874 1935">
     <span class='ocr_line' id='line_1_22' title="bbox 297 1853 1874 1935; baseline -0.007 -19"><span class='ocrx_word' id='word_1_151' title='bbox 297 1862 701 1935; x_wconf 73' lang='grc' dir='ltr'>χορηγοῦντας·</span> <span class='ocrx_word' id='word_1_152' title='bbox 740 1859 875 1932; x_wconf 82' lang='grc' dir='ltr'>πλὴν</span> <span class='ocrx_word' id='word_1_153' title='bbox 908 1859 969 1911; x_wconf 78' lang='grc' dir='ltr'>τὸ</span> <span class='ocrx_word' id='word_1_154' title='bbox 1008 1858 1200 1922; x_wconf 81' lang='grc' dir='ltr'>κάλλος</span> <span class='ocrx_word' id='word_1_155' title='bbox 1220 1858 1248 1911; x_wconf 79' lang='grc' dir='ltr'><strong>ὃ</strong></span> <span class='ocrx_word' id='word_1_156' title='bbox 1282 1857 1491 1927; x_wconf 77' lang='grc' dir='ltr'>ἔλαχον,</span> <span class='ocrx_word' id='word_1_157' title='bbox 1528 1853 1874 1908; x_wconf 76' lang='grc' dir='ltr'>ἀποστίλϐον-</span> 
     </span>
    </p>
   </div>
   <div class='ocr_carea' id='block_1_23' title="bbox 1967 484 3539 568">
    <p class='ocr_par' dir='ltr' id='par_1_23' title="bbox 1967 484 3539 568">
     <span class='ocr_line' id='line_1_23' title="bbox 1967 484 3539 568; baseline -0.011 -12"><span class='ocrx_word' id='word_1_158' title='bbox 1967 498 2158 568; x_wconf 78' lang='lat' dir='ltr'><strong>subjici</strong></span> <span class='ocrx_word' id='word_1_159' title='bbox 2191 496 2519 560; x_wconf 82' lang='lat' dir='ltr'><strong>Dominicis,</strong></span> <span class='ocrx_word' id='word_1_160' title='bbox 2562 492 2628 545; x_wconf 82' lang='lat' dir='ltr'><strong>ad</strong></span> <span class='ocrx_word' id='word_1_161' title='bbox 2665 506 2786 562; x_wconf 81' lang='lat' dir='ltr'><strong>qua:</strong></span> <span class='ocrx_word' id='word_1_162' title='bbox 2825 491 3007 545; x_wconf 84' lang='lat' dir='ltr'><strong>omnia</strong></span> <span class='ocrx_word' id='word_1_163' title='bbox 3036 486 3224 544; x_wconf 90' lang='lat' dir='ltr'><strong>sedulo</strong></span> <span class='ocrx_word' id='word_1_164' title='bbox 3260 484 3539 555; x_wconf 72' lang='lat' dir='ltr'><strong>dirigenda</strong></span> 
     </span>
    </p>
   </div>
   <div class='ocr_carea' id='block_1_24' title="bbox 1968 577 3542 656">
    <p class='ocr_par' dir='ltr' id='par_1_24' title="bbox 1968 577 3542 656">
     <span class='ocr_line' id='line_1_24' title="bbox 1968 577 3542 656; baseline -0.01 -11"><span class='ocrx_word' id='word_1_165' title='bbox 1968 592 2095 655; x_wconf 88' lang='lat' dir='ltr'><strong>sint,</strong></span> <span class='ocrx_word' id='word_1_166' title='bbox 2123 589 2350 656; x_wconf 90' lang='lat' dir='ltr'><strong>teipsum</strong></span> <span class='ocrx_word' id='word_1_167' title='bbox 2396 587 2450 640; x_wconf 91' lang='lat' dir='ltr'><strong>in</strong></span> <span class='ocrx_word' id='word_1_168' title='bbox 2496 584 2685 656; x_wconf 89' lang='lat' dir='ltr'><strong>primis</strong></span> <span class='ocrx_word' id='word_1_169' title='bbox 2718 583 2927 636; x_wconf 90' lang='lat' dir='ltr'><strong>intuere</strong></span> <span class='ocrx_word' id='word_1_170' title='bbox 2966 588 3019 633; x_wconf 89' lang='lat' dir='ltr'><strong>et</strong></span> <span class='ocrx_word' id='word_1_171' title='bbox 3052 577 3360 641; x_wconf 86' lang='lat' dir='ltr'><strong>considera,</strong></span> <span class='ocrx_word' id='word_1_172' title='bbox 3394 586 3450 629; x_wconf 89' lang='lat' dir='ltr'><strong>ut</strong></span> <span class='ocrx_word' id='word_1_173' title='bbox 3485 582 3542 630; x_wconf 85' lang='lat' dir='ltr'><strong>et</strong></span> 
     </span>
    </p>
   </div>
   <div class='ocr_carea' id='block_1_25' title="bbox 1967 665 3544 749">
    <p class='ocr_par' dir='ltr' id='par_1_25' title="bbox 1967 665 3544 749">
     <span class='ocr_line' id='line_1_25' title="bbox 1967 665 3544 749; baseline -0.008 -15"><span class='ocrx_word' id='word_1_174' title='bbox 1967 695 2166 749; x_wconf 89' lang='lat' dir='ltr'><strong>corpus</strong></span> <span class='ocrx_word' id='word_1_175' title='bbox 2196 688 2252 733; x_wconf 90' lang='lat' dir='ltr'><strong>et</strong></span> <span class='ocrx_word' id='word_1_176' title='bbox 2303 677 2479 731; x_wconf 91' lang='lat' dir='ltr'><strong>anima</strong></span> <span class='ocrx_word' id='word_1_177' title='bbox 2548 674 2901 743; x_wconf 87' lang='lat' dir='ltr'><strong>undequaque</strong></span> <span class='ocrx_word' id='word_1_178' title='bbox 2922 669 3137 723; x_wconf 89' lang='lat' dir='ltr'><strong>virtutis</strong></span> <span class='ocrx_word' id='word_1_179' title='bbox 3163 676 3447 722; x_wconf 75' lang='lat' dir='ltr'><strong>teneantur</strong></span> <span class='ocrx_word' id='word_1_180' title='bbox 3467 665 3544 721; x_wconf 86' lang='lat' dir='ltr'><strong>le-</strong></span> 
     </span>
    </p>
   </div>
   <div class='ocr_carea' id='block_1_26' title="bbox 1967 761 3543 843">
    <p class='ocr_par' dir='ltr' id='par_1_26' title="bbox 1967 761 3543 843">
     <span class='ocr_line' id='line_1_26' title="bbox 1967 761 3543 843; baseline -0.008 -20"><span class='ocrx_word' id='word_1_181' title='bbox 1967 771 2143 843; x_wconf 75' lang='lat' dir='ltr'><strong>gibus,</strong></span> <span class='ocrx_word' id='word_1_182' title='bbox 2178 785 2353 838; x_wconf 90' lang='lat' dir='ltr'><strong>neque</strong></span> <span class='ocrx_word' id='word_1_183' title='bbox 2404 768 2478 822; x_wconf 92' lang='lat' dir='ltr'><strong>tui</strong></span> <span class='ocrx_word' id='word_1_184' title='bbox 2531 767 2643 836; x_wconf 87' lang='lat' dir='ltr'><strong>ipse</strong></span> <span class='ocrx_word' id='word_1_185' title='bbox 2696 764 2945 818; x_wconf 88' lang='lat' dir='ltr'><strong>dominus</strong></span> <span class='ocrx_word' id='word_1_186' title='bbox 2991 761 3107 827; x_wconf 87' lang='lat' dir='ltr'><strong>sis;</strong></span> <span class='ocrx_word' id='word_1_187' title='bbox 3148 762 3240 814; x_wconf 87' lang='lat' dir='ltr'><strong>sed</strong></span> <span class='ocrx_word' id='word_1_188' title='bbox 3276 776 3395 813; x_wconf 90' lang='lat' dir='ltr'><strong>cum</strong></span> <span class='ocrx_word' id='word_1_189' title='bbox 3426 773 3543 813; x_wconf 82' lang='lat' dir='ltr'><strong>ser-</strong></span> 
     </span>
    </p>
   </div>
   <div class='ocr_carea' id='block_1_27' title="bbox 1970 850 3545 930">
    <p class='ocr_par' dir='ltr' id='par_1_27' title="bbox 1970 850 3545 930">
     <span class='ocr_line' id='line_1_27' title="bbox 1970 850 3545 930; baseline -0.011 -11"><span class='ocrx_word' id='word_1_190' title='bbox 1970 879 2085 930; x_wconf 87' lang='lat' dir='ltr'><strong>mo,</strong></span> <span class='ocrx_word' id='word_1_191' title='bbox 2154 873 2265 916; x_wconf 90' lang='lat' dir='ltr'><strong>tum</strong></span> <span class='ocrx_word' id='word_1_192' title='bbox 2326 862 2600 924; x_wconf 86' lang='lat' dir='ltr'><strong>actiones,</strong></span> <span class='ocrx_word' id='word_1_193' title='bbox 2656 866 2819 926; x_wconf 84' lang='lat' dir='ltr'><strong>atque</strong></span> <span class='ocrx_word' id='word_1_194' title='bbox 2875 855 3009 909; x_wconf 89' lang='lat' dir='ltr'><strong>adeo</strong></span> <span class='ocrx_word' id='word_1_195' title='bbox 3056 854 3361 922; x_wconf 86' lang='lat' dir='ltr'><strong>quicunque</strong></span> <span class='ocrx_word' id='word_1_196' title='bbox 3423 850 3545 903; x_wconf 75' lang='lat' dir='ltr'><strong>vita:</strong></span> 
     </span>
    </p>
   </div>
   <div class='ocr_carea' id='block_1_28' title="bbox 1970 941 3545 1019">
    <p class='ocr_par' dir='ltr' id='par_1_28' title="bbox 1970 941 3545 1019">
     <span class='ocr_line' id='line_1_28' title="bbox 1970 941 3545 1019; baseline -0.011 -9"><span class='ocrx_word' id='word_1_197' title='bbox 1970 964 2149 1010; x_wconf 84' lang='lat' dir='ltr'><strong>motus</strong></span> <span class='ocrx_word' id='word_1_198' title='bbox 2174 993 2188 1015; x_wconf 89' lang='lat'><strong>,</strong></span> <span class='ocrx_word' id='word_1_199' title='bbox 2233 962 2381 1008; x_wconf 89' lang='lat' dir='ltr'><strong>certa</strong></span> <span class='ocrx_word' id='word_1_200' title='bbox 2414 952 2508 1005; x_wconf 91' lang='lat' dir='ltr'><strong>tibi</strong></span> <span class='ocrx_word' id='word_1_201' title='bbox 2553 949 2671 1019; x_wconf 79' lang='lat' dir='ltr'><strong>lege</strong></span> <span class='ocrx_word' id='word_1_202' title='bbox 2705 946 2932 1002; x_wconf 86' lang='lat' dir='ltr'><strong>habendi</strong></span> <span class='ocrx_word' id='word_1_203' title='bbox 2962 945 3090 1000; x_wconf 90' lang='lat' dir='ltr'><strong>sint.</strong></span> <span class='ocrx_word' id='word_1_204' title='bbox 3124 941 3391 1012; x_wconf 83' lang='lat' dir='ltr'><strong>Accepisti</strong></span> <span class='ocrx_word' id='word_1_205' title='bbox 3425 954 3545 995; x_wconf 88' lang='lat' dir='ltr'><strong>cor-</strong></span> 
     </span>
    </p>
   </div>
   <div class='ocr_carea' id='block_1_29' title="bbox 1971 1029 3543 1115">
    <p class='ocr_par' dir='ltr' id='par_1_29' title="bbox 1971 1029 3543 1115">
     <span class='ocr_line' id='line_1_29' title="bbox 1971 1029 3543 1115; baseline -0.011 -17"><span class='ocrx_word' id='word_1_206' title='bbox 1971 1058 2070 1115; x_wconf 87' lang='lat' dir='ltr'><strong>pus</strong></span> <span class='ocrx_word' id='word_1_207' title='bbox 2102 1058 2130 1095; x_wconf 90' lang='lat' dir='ltr'><strong>a</strong></span> <span class='ocrx_word' id='word_1_208' title='bbox 2166 1040 2454 1102; x_wconf 86' lang='lat' dir='ltr'><strong>Creatore,</strong></span> <span class='ocrx_word' id='word_1_209' title='bbox 2485 1052 2551 1092; x_wconf 83' lang='lat' dir='ltr'><strong>ex</strong></span> <span class='ocrx_word' id='word_1_210' title='bbox 2587 1036 2831 1106; x_wconf 89' lang='lat' dir='ltr'><strong>pluribus</strong></span> <span class='ocrx_word' id='word_1_211' title='bbox 2876 1034 3119 1103; x_wconf 89' lang='lat' dir='ltr'><strong>partibus</strong></span> <span class='ocrx_word' id='word_1_212' title='bbox 3159 1029 3543 1098; x_wconf 87' lang='lat' dir='ltr'><strong>compositum,</strong></span> 
     </span>
    </p>
   </div>
   <div class='ocr_carea' id='block_1_30' title="bbox 1971 1121 3548 1203">
    <p class='ocr_par' dir='ltr' id='par_1_30' title="bbox 1971 1121 3548 1203">
     <span class='ocr_line' id='line_1_30' title="bbox 1971 1121 3548 1203; baseline -0.011 -13"><span class='ocrx_word' id='word_1_213' title='bbox 1971 1146 2025 1190; x_wconf 89' lang='lat' dir='ltr'><strong>et</strong></span> <span class='ocrx_word' id='word_1_214' title='bbox 2046 1135 2285 1203; x_wconf 88' lang='lat' dir='ltr'><strong>quinque</strong></span> <span class='ocrx_word' id='word_1_215' title='bbox 2312 1130 2560 1186; x_wconf 88' lang='lat' dir='ltr'><strong>sensibus</strong></span> <span class='ocrx_word' id='word_1_216' title='bbox 2590 1130 2654 1182; x_wconf 87' lang='lat' dir='ltr'><strong>ad</strong></span> <span class='ocrx_word' id='word_1_217' title='bbox 2679 1144 2834 1183; x_wconf 89' lang='lat' dir='ltr'><strong>usum</strong></span> <span class='ocrx_word' id='word_1_218' title='bbox 2864 1124 3408 1190; x_wconf 83' lang='lat' dir='ltr'><strong>commoditatemque</strong></span> <span class='ocrx_word' id='word_1_219' title='bbox 3426 1121 3548 1173; x_wconf 64' lang='lat' dir='ltr'><strong>vitae</strong></span> 
     </span>
    </p>
   </div>
   <div class='ocr_carea' id='block_1_31' title="bbox 1972 1211 3546 1292">
    <p class='ocr_par' dir='ltr' id='par_1_31' title="bbox 1972 1211 3546 1292">
     <span class='ocr_line' id='line_1_31' title="bbox 1972 1211 3546 1292; baseline -0.011 -12"><span class='ocrx_word' id='word_1_220' title='bbox 1972 1226 2314 1280; x_wconf 89' lang='lat' dir='ltr'><strong>instructum.</strong></span> <span class='ocrx_word' id='word_1_221' title='bbox 2341 1224 2411 1277; x_wconf 86' lang='lat' dir='ltr'><strong>At</strong></span> <span class='ocrx_word' id='word_1_222' title='bbox 2446 1236 2622 1292; x_wconf 87' lang='lat' dir='ltr'><strong>neque</strong></span> <span class='ocrx_word' id='word_1_223' title='bbox 2658 1220 2755 1290; x_wconf 89' lang='lat' dir='ltr'><strong>ipsi</strong></span> <span class='ocrx_word' id='word_1_224' title='bbox 2794 1217 2948 1272; x_wconf 89' lang='lat' dir='ltr'><strong>liberi</strong></span> <span class='ocrx_word' id='word_1_225' title='bbox 2984 1225 3142 1279; x_wconf 90' lang='lat' dir='ltr'><strong>sunt,</strong></span> <span class='ocrx_word' id='word_1_226' title='bbox 3181 1228 3242 1267; x_wconf 91' lang='lat' dir='ltr'><strong>ac</strong></span> <span class='ocrx_word' id='word_1_227' title='bbox 3269 1214 3350 1267; x_wconf 93' lang='lat' dir='ltr'><strong>sui</strong></span> <span class='ocrx_word' id='word_1_228' title='bbox 3388 1211 3546 1281; x_wconf 85' lang='lat' dir='ltr'><strong>juris.</strong></span> 
     </span>
    </p>
   </div>
   <div class='ocr_carea' id='block_1_32' title="bbox 1972 1302 3549 1384">
    <p class='ocr_par' dir='ltr' id='par_1_32' title="bbox 1972 1302 3549 1384">
     <span class='ocr_line' id='line_1_32' title="bbox 1972 1302 3549 1384; baseline -0.01 -12"><span class='ocrx_word' id='word_1_229' title='bbox 1972 1318 2067 1372; x_wconf 89' lang='lat' dir='ltr'><strong>sed</strong></span> <span class='ocrx_word' id='word_1_230' title='bbox 2110 1316 2220 1371; x_wconf 89' lang='lat' dir='ltr'><strong>suis</strong></span> <span class='ocrx_word' id='word_1_231' title='bbox 2256 1314 2486 1384; x_wconf 89' lang='lat' dir='ltr'><strong>quisque</strong></span> <span class='ocrx_word' id='word_1_232' title='bbox 2517 1312 2726 1381; x_wconf 81' lang='lat' dir='ltr'><strong>legibus</strong></span> <span class='ocrx_word' id='word_1_233' title='bbox 2762 1309 3104 1379; x_wconf 79' lang='lat' dir='ltr'><strong>astringitur.</strong></span> <span class='ocrx_word' id='word_1_234' title='bbox 3150 1305 3363 1359; x_wconf 78' lang='lat' dir='ltr'><strong>Primus</strong></span> <span class='ocrx_word' id='word_1_235' title='bbox 3389 1302 3441 1357; x_wconf 91' lang='lat' dir='ltr'><strong>in</strong></span> <span class='ocrx_word' id='word_1_236' title='bbox 3470 1304 3549 1357; x_wconf 86' lang='lat' dir='ltr'><strong>eis</strong></span> 
     </span>
    </p>
   </div>
   <div class='ocr_carea' id='block_1_33' title="bbox 1974 1402 3552 1475">
    <p class='ocr_par' dir='ltr' id='par_1_33' title="bbox 1974 1402 3552 1475">
     <span class='ocr_line' id='line_1_33' title="bbox 1974 1402 3552 1475; baseline -0.01 -13"><span class='ocrx_word' id='word_1_237' title='bbox 1974 1408 2123 1463; x_wconf 85' lang='lat' dir='ltr'><strong>audit</strong></span> <span class='ocrx_word' id='word_1_238' title='bbox 2170 1406 2358 1461; x_wconf 90' lang='lat' dir='ltr'><strong>oculus</strong></span> <span class='ocrx_word' id='word_1_239' title='bbox 2397 1404 2510 1475; x_wconf 73' lang='grc'><strong>(14)</strong></span> <span class='ocrx_word' id='word_1_240' title='bbox 2547 1422 2560 1457; x_wconf 89' lang='lat'><strong>:</strong></span> <span class='ocrx_word' id='word_1_241' title='bbox 2596 1402 2864 1458; x_wconf 86' lang='lat' dir='ltr'><strong>Contuere</strong></span> <span class='ocrx_word' id='word_1_242' title='bbox 2894 1410 3139 1454; x_wconf 89' lang='lat' dir='ltr'><strong>naturam</strong></span> <span class='ocrx_word' id='word_1_243' title='bbox 3172 1435 3186 1462; x_wconf 95' lang='lat'><strong>,</strong></span> <span class='ocrx_word' id='word_1_244' title='bbox 3231 1412 3293 1449; x_wconf 91' lang='lat' dir='ltr'><strong>ac</strong></span> <span class='ocrx_word' id='word_1_245' title='bbox 3324 1410 3385 1449; x_wconf 90' lang='lat' dir='ltr'><strong>ea</strong></span> <span class='ocrx_word' id='word_1_246' title='bbox 3422 1409 3552 1447; x_wconf 58' lang='lat' dir='ltr'><strong>con-</strong></span> 
     </span>
    </p>
   </div>
   <div class='ocr_carea' id='block_1_34' title="bbox 1977 1485 3550 1568">
    <p class='ocr_par' dir='ltr' id='par_1_34' title="bbox 1977 1485 3550 1568">
     <span class='ocr_line' id='line_1_34' title="bbox 1977 1485 3550 1568; baseline -0.01 -15"><span class='ocrx_word' id='word_1_247' title='bbox 1977 1498 2253 1568; x_wconf 81' lang='lat' dir='ltr'><strong>templare,</strong></span> <span class='ocrx_word' id='word_1_248' title='bbox 2282 1512 2401 1566; x_wconf 84' lang='lat' dir='ltr'><strong>quae</strong></span> <span class='ocrx_word' id='word_1_249' title='bbox 2422 1498 2557 1550; x_wconf 89' lang='lat' dir='ltr'><strong>bene</strong></span> <span class='ocrx_word' id='word_1_250' title='bbox 2583 1510 2645 1549; x_wconf 91' lang='lat' dir='ltr'><strong>ac</strong></span> <span class='ocrx_word' id='word_1_251' title='bbox 2666 1497 2890 1547; x_wconf 84' lang='lat' dir='ltr'><strong>honeste</strong></span> <span class='ocrx_word' id='word_1_252' title='bbox 2912 1491 3074 1545; x_wconf 82' lang='lat' dir='ltr'><strong>videri</strong></span> <span class='ocrx_word' id='word_1_253' title='bbox 3097 1495 3336 1558; x_wconf 84' lang='lat' dir='ltr'><strong>queant;</strong></span> <span class='ocrx_word' id='word_1_254' title='bbox 3362 1485 3550 1549; x_wconf 87' lang='lat' dir='ltr'><strong>solem,</strong></span> 
     </span>
    </p>
   </div>
   <div class='ocr_carea' id='block_1_35' title="bbox 1978 1577 3557 1649">
    <p class='ocr_par' dir='ltr' id='par_1_35' title="bbox 1978 1577 3557 1649">
     <span class='ocr_line' id='line_1_35' title="bbox 1978 1577 3557 1649; baseline -0.01 -4"><span class='ocrx_word' id='word_1_255' title='bbox 1978 1601 2246 1646; x_wconf 86' lang='lat' dir='ltr'><strong>terrarum</strong></span> <span class='ocrx_word' id='word_1_256' title='bbox 2283 1589 2468 1642; x_wconf 89' lang='lat' dir='ltr'><strong>orbem</strong></span> <span class='ocrx_word' id='word_1_257' title='bbox 2499 1586 2945 1649; x_wconf 89' lang='lat' dir='ltr'><strong>collustrantem;</strong></span> <span class='ocrx_word' id='word_1_258' title='bbox 3003 1582 3185 1635; x_wconf 90' lang='lat' dir='ltr'><strong>lunam</strong></span> <span class='ocrx_word' id='word_1_259' title='bbox 3212 1619 3226 1643; x_wconf 94' lang='lat'><strong>,</strong></span> <span class='ocrx_word' id='word_1_260' title='bbox 3265 1577 3470 1632; x_wconf 87' lang='lat' dir='ltr'><strong>tristem</strong></span> <span class='ocrx_word' id='word_1_261' title='bbox 3500 1583 3557 1629; x_wconf 89' lang='lat' dir='ltr'><strong>et</strong></span> 
     </span>
    </p>
   </div>
   <div class='ocr_carea' id='block_1_36' title="bbox 1978 1670 3559 1739">
    <p class='ocr_par' dir='ltr' id='par_1_36' title="bbox 1978 1670 3559 1739">
     <span class='ocr_line' id='line_1_36' title="bbox 1978 1670 3559 1739; baseline -0.013 0"><span class='ocrx_word' id='word_1_262' title='bbox 1978 1682 2260 1739; x_wconf 76' lang='lat' dir='ltr'><strong>obscuram</strong></span> <span class='ocrx_word' id='word_1_263' title='bbox 2291 1679 2464 1733; x_wconf 88' lang='lat' dir='ltr'><strong>noctis</strong></span> <span class='ocrx_word' id='word_1_264' title='bbox 2499 1677 2690 1731; x_wconf 83' lang='lat' dir='ltr'><strong>faciem</strong></span> <span class='ocrx_word' id='word_1_265' title='bbox 2720 1674 3146 1733; x_wconf 86' lang='lat' dir='ltr'><strong>illuminantem;</strong></span> <span class='ocrx_word' id='word_1_266' title='bbox 3193 1670 3377 1725; x_wconf 83' lang='lat' dir='ltr'><strong>stellas</strong></span> <span class='ocrx_word' id='word_1_267' title='bbox 3399 1676 3559 1721; x_wconf 65' lang='lat' dir='ltr'><strong>caete-</strong></span> 
     </span>
    </p>
   </div>
   <div class='ocr_carea' id='block_1_37' title="bbox 1974 1851 3559 1929">
    <p class='ocr_par' dir='ltr' id='par_1_37' title="bbox 1974 1851 3559 1929">
     <span class='ocr_line' id='line_1_37' title="bbox 1974 1851 3559 1929; baseline -0.012 -10"><span class='ocrx_word' id='word_1_268' title='bbox 1974 1880 2039 1920; x_wconf 90' lang='lat' dir='ltr'><strong>ex</strong></span> <span class='ocrx_word' id='word_1_269' title='bbox 2074 1878 2194 1918; x_wconf 90' lang='lat' dir='ltr'><strong>sese</strong></span> <span class='ocrx_word' id='word_1_270' title='bbox 2237 1862 2417 1915; x_wconf 86' lang='lat' dir='ltr'><strong>lumen</strong></span> <span class='ocrx_word' id='word_1_271' title='bbox 2449 1862 2783 1929; x_wconf 75' lang='lat' dir='ltr'><strong>prmbentes;</strong></span> <span class='ocrx_word' id='word_1_272' title='bbox 2818 1870 3001 1909; x_wconf 85' lang='lat' dir='ltr'><strong>verum</strong></span> <span class='ocrx_word' id='word_1_273' title='bbox 3031 1853 3173 1923; x_wconf 87' lang='lat' dir='ltr'><strong>quod</strong></span> <span class='ocrx_word' id='word_1_274' title='bbox 3223 1851 3383 1904; x_wconf 88' lang='lat' dir='ltr'><strong>decus</strong></span> <span class='ocrx_word' id='word_1_275' title='bbox 3408 1862 3559 1901; x_wconf 85' lang='lat' dir='ltr'><strong>acce-</strong></span> 
     </span>
    </p>
   </div>
   <div class='ocr_carea' id='block_1_38' title="bbox 297 1943 1889 2026">
    <p class='ocr_par' dir='ltr' id='par_1_38' title="bbox 297 1946 1876 2023">
     <span class='ocr_line' id='line_1_38' title="bbox 297 1946 1876 2023; baseline -0.008 -14"><span class='ocrx_word' id='word_1_276' title='bbox 297 1973 421 2018; x_wconf 76' lang='grc' dir='ltr'>τας.</span> <span class='ocrx_word' id='word_1_277' title='bbox 451 1950 660 2023; x_wconf 85' lang='grc' dir='ltr'>Θεώρει</span> <span class='ocrx_word' id='word_1_278' title='bbox 697 1952 821 2022; x_wconf 82' lang='grc' dir='ltr'>γῆν,</span> <span class='ocrx_word' id='word_1_279' title='bbox 866 1953 1052 2021; x_wconf 73' lang='grc' dir='ltr'>φυτοῖς</span> <span class='ocrx_word' id='word_1_280' title='bbox 1109 1948 1472 2003; x_wconf 85' lang='grc' dir='ltr'>παντοδαπέσι</span> <span class='ocrx_word' id='word_1_281' title='bbox 1509 1948 1601 2000; x_wconf 74' lang='grc' dir='ltr'>καὶ</span> <span class='ocrx_word' id='word_1_282' title='bbox 1627 1946 1876 2016; x_wconf 78' lang='grc' dir='ltr'>βοτάναις</span> 
     </span>
    </p>
   </div>
   <div class='ocr_carea' id='block_1_39' title="bbox 1990 1943 3556 2026">
    <p class='ocr_par' dir='ltr' id='par_1_39' title="bbox 1990 1943 3556 2023">
     <span class='ocr_line' id='line_1_39' title="bbox 1990 1943 3556 2023; baseline -0.012 -13"><span class='ocrx_word' id='word_1_283' title='bbox 1990 1963 2174 2023; x_wconf 62' lang='lat' dir='ltr'><strong>ierunt</strong></span> <span class='ocrx_word' id='word_1_284' title='bbox 2234 1969 2298 2008; x_wconf 90' lang='lat' dir='ltr'><strong>ac</strong></span> <span class='ocrx_word' id='word_1_285' title='bbox 2354 1952 2618 2023; x_wconf 89' lang='lat' dir='ltr'><strong>speciem,</strong></span> <span class='ocrx_word' id='word_1_286' title='bbox 2684 1946 3035 2017; x_wconf 85' lang='lat' dir='ltr'><strong>ejarulantes.</strong></span> <span class='ocrx_word' id='word_1_287' title='bbox 3102 1943 3297 2014; x_wconf 82' lang='lat' dir='ltr'><strong>Aspice</strong></span> <span class='ocrx_word' id='word_1_288' title='bbox 3360 1953 3556 1995; x_wconf 90' lang='lat' dir='ltr'><strong>terram</strong></span> 
     </span>
    </p>
   </div>
   <div class='ocr_carea' id='block_1_40' title="bbox 299 2034 1874 2113">
    <p class='ocr_par' dir='ltr' id='par_1_40' title="bbox 299 2034 1874 2113">
     <span class='ocr_line' id='line_1_40' title="bbox 299 2034 1874 2113; baseline -0.006 -16"><span class='ocrx_word' id='word_1_289' title='bbox 299 2042 562 2113; x_wconf 84' lang='grc' dir='ltr'>κομῶσαν</span> <span class='ocrx_word' id='word_1_290' title='bbox 607 2040 878 2093; x_wconf 85' lang='grc' dir='ltr'>θάλασσαν</span> <span class='ocrx_word' id='word_1_291' title='bbox 928 2038 1279 2109; x_wconf 82' lang='grc' dir='ltr'>ήπλωμένην,</span> <span class='ocrx_word' id='word_1_292' title='bbox 1337 2037 1411 2101; x_wconf 81' lang='grc' dir='ltr'>ὡς</span> <span class='ocrx_word' id='word_1_293' title='bbox 1445 2037 1623 2089; x_wconf 77' lang='grc' dir='ltr'>πεδίον</span> <span class='ocrx_word' id='word_1_294' title='bbox 1654 2034 1874 2107; x_wconf 80' lang='grc' dir='ltr'>ὁμαλὲς,</span> 
     </span>
    </p>
   </div>
   <div class='ocr_carea' id='block_1_41' title="bbox 298 2123 1879 2202">
    <p class='ocr_par' dir='ltr' id='par_1_41' title="bbox 298 2123 1879 2202">
     <span class='ocr_line' id='line_1_41' title="bbox 298 2123 1879 2202; baseline -0.006 -16"><span class='ocrx_word' id='word_1_295' title='bbox 298 2136 427 2188; x_wconf 75' lang='grc' dir='ltr'>ἰταν</span> <span class='ocrx_word' id='word_1_296' title='bbox 463 2133 545 2197; x_wconf 82' lang='grc' dir='ltr'><strong>εἰς</strong></span> <span class='ocrx_word' id='word_1_297' title='bbox 598 2129 843 2202; x_wconf 81' lang='grc' dir='ltr'>καθαρὰν</span> <span class='ocrx_word' id='word_1_298' title='bbox 894 2127 1135 2199; x_wconf 70' lang='grc' dir='ltr'>γαλήνην</span> <span class='ocrx_word' id='word_1_299' title='bbox 1167 2130 1338 2198; x_wconf 80' lang='grc' dir='ltr'>παγῇ.</span> <span class='ocrx_word' id='word_1_300' title='bbox 1370 2127 1464 2190; x_wconf 78' lang='grc' dir='ltr'><strong>Εἰς</strong></span> <span class='ocrx_word' id='word_1_301' title='bbox 1504 2124 1674 2179; x_wconf 74' lang='grc' dir='ltr'>ταῦτα</span> <span class='ocrx_word' id='word_1_302' title='bbox 1694 2123 1788 2177; x_wconf 72' lang='grc' dir='ltr'>καὶ</span> <span class='ocrx_word' id='word_1_303' title='bbox 1812 2124 1879 2177; x_wconf 78' lang='grc' dir='ltr'>τὰ</span> 
     </span>
    </p>
   </div>
   <div class='ocr_carea' id='block_1_42' title="bbox 300 2213 1894 2291">
    <p class='ocr_par' dir='ltr' id='par_1_42' title="bbox 300 2213 1894 2291">
     <span class='ocr_line' id='line_1_42' title="bbox 300 2213 1894 2291; baseline -0.008 -12"><span class='ocrx_word' id='word_1_304' title='bbox 300 2224 527 2279; x_wconf 74' lang='grc' dir='ltr'>τοιαῦτα</span> <span class='ocrx_word' id='word_1_305' title='bbox 572 2221 953 2291; x_wconf 60' lang='grc' dir='ltr'>κατακέχρησο</span> <span class='ocrx_word' id='word_1_306' title='bbox 998 2217 1074 2289; x_wconf 84' lang='grc' dir='ltr'>τῷ</span> <span class='ocrx_word' id='word_1_307' title='bbox 1124 2219 1256 2289; x_wconf 78' lang='grc' dir='ltr'>όρᾷν</span> <span class='ocrx_word' id='word_1_308' title='bbox 1278 2236 1291 2249; x_wconf 70' lang='grc' dir='ltr'><strong>ν</strong></span> <span class='ocrx_word' id='word_1_309' title='bbox 1324 2217 1421 2281; x_wconf 77' lang='grc' dir='ltr'><strong>τὰς</strong></span> <span class='ocrx_word' id='word_1_310' title='bbox 1448 2216 1503 2269; x_wconf 82' lang='grc' dir='ltr'>δὲ</span> <span class='ocrx_word' id='word_1_311' title='bbox 1537 2215 1700 2279; x_wconf 76' lang='grc' dir='ltr'>ἄλλας</span> <span class='ocrx_word' id='word_1_312' title='bbox 1728 2213 1894 2278; x_wconf 39' lang='grc' dir='ltr'>θέας,</span> 
     </span>
    </p>
   </div>
   <div class='ocr_carea' id='block_1_43' title="bbox 302 2306 1882 2385">
    <p class='ocr_par' dir='ltr' id='par_1_43' title="bbox 302 2306 1882 2385">
     <span class='ocr_line' id='line_1_43' title="bbox 302 2306 1882 2385; baseline 0.001 -26"><span class='ocrx_word' id='word_1_313' title='bbox 302 2319 423 2374; x_wconf 65' lang='grc' dir='ltr'>ὅσαι</span> <span class='ocrx_word' id='word_1_314' title='bbox 452 2315 544 2368; x_wconf 72' lang='grc' dir='ltr'>διὰ</span> <span class='ocrx_word' id='word_1_315' title='bbox 566 2318 666 2385; x_wconf 81' lang='grc' dir='ltr'>τῆς</span> <span class='ocrx_word' id='word_1_316' title='bbox 697 2308 872 2383; x_wconf 51' lang='grc' dir='ltr'>διξεως</span> <span class='ocrx_word' id='word_1_317' title='bbox 901 2313 999 2379; x_wconf 81' lang='grc' dir='ltr'>τὴν</span> <span class='ocrx_word' id='word_1_318' title='bbox 1060 2309 1260 2381; x_wconf 78' lang='grc' dir='ltr'>βλάϐην</span> <span class='ocrx_word' id='word_1_319' title='bbox 1308 2308 1655 2377; x_wconf 79' lang='grc' dir='ltr'>ἐπεισάγουσι</span> <span class='ocrx_word' id='word_1_320' title='bbox 1681 2310 1747 2379; x_wconf 83' lang='grc' dir='ltr'>τῇ</span> <span class='ocrx_word' id='word_1_321' title='bbox 1785 2306 1882 2377; x_wconf 72' lang='grc' dir='ltr'>ψυ-</span> 
     </span>
    </p>
   </div>
   <div class='ocr_carea' id='block_1_44' title="bbox 305 2396 1882 2480">
    <p class='ocr_par' dir='ltr' id='par_1_44' title="bbox 305 2396 1882 2480">
     <span class='ocr_line' id='line_1_44' title="bbox 305 2396 1882 2480; baseline -0.007 -20"><span class='ocrx_word' id='word_1_322' title='bbox 305 2413 396 2480; x_wconf 73' lang='grc' dir='ltr'>χῇ,</span> <span class='ocrx_word' id='word_1_323' title='bbox 426 2407 596 2477; x_wconf 65' lang='grc' dir='ltr'>φεῦγε</span> <span class='ocrx_word' id='word_1_324' title='bbox 643 2404 738 2456; x_wconf 65' lang='grc' dir='ltr'><strong>κα)⁸</strong></span> <span class='ocrx_word' id='word_1_325' title='bbox 788 2402 1119 2473; x_wconf 76' lang='grc' dir='ltr'>παράτρεχε,</span> <span class='ocrx_word' id='word_1_326' title='bbox 1158 2401 1253 2453; x_wconf 72' lang='grc' dir='ltr'>καὶ</span> <span class='ocrx_word' id='word_1_327' title='bbox 1312 2398 1542 2452; x_wconf 75' lang='grc' dir='ltr'>ἐπιτίθει</span> <span class='ocrx_word' id='word_1_328' title='bbox 1575 2397 1752 2467; x_wconf 83' lang='grc' dir='ltr'>σαυτῷ</span> <span class='ocrx_word' id='word_1_329' title='bbox 1783 2396 1882 2450; x_wconf 86' lang='grc' dir='ltr'>κά-</span> 
     </span>
    </p>
   </div>
   <div class='ocr_carea' id='block_1_45' title="bbox 303 2487 1881 2570">
    <p class='ocr_par' dir='ltr' id='par_1_45' title="bbox 303 2487 1881 2570">
     <span class='ocr_line' id='line_1_45' title="bbox 303 2487 1881 2570; baseline -0.007 -18"><span class='ocrx_word' id='word_1_330' title='bbox 303 2501 517 2570; x_wconf 81' lang='grc' dir='ltr'>λυμμα,</span> <span class='ocrx_word' id='word_1_331' title='bbox 549 2498 637 2549; x_wconf 80' lang='grc' dir='ltr'>ἵνα</span> <span class='ocrx_word' id='word_1_332' title='bbox 669 2496 743 2566; x_wconf 79' lang='grc' dir='ltr'>μὴ</span> <span class='ocrx_word' id='word_1_333' title='bbox 774 2494 963 2563; x_wconf 77' lang='grc' dir='ltr'>βλέπῃ,</span> <span class='ocrx_word' id='word_1_334' title='bbox 1006 2491 1220 2544; x_wconf 76' lang='grc' dir='ltr'>Βέλτιον</span> <span class='ocrx_word' id='word_1_335' title='bbox 1250 2492 1357 2561; x_wconf 77' lang='grc' dir='ltr'><strong>γὰρ</strong></span> <span class='ocrx_word' id='word_1_336' title='bbox 1395 2491 1640 2543; x_wconf 82' lang='grc' dir='ltr'>σκοτίσαι</span> <span class='ocrx_word' id='word_1_337' title='bbox 1673 2490 1770 2561; x_wconf 76' lang='grc' dir='ltr'>τὴν</span> <span class='ocrx_word' id='word_1_338' title='bbox 1795 2487 1881 2543; x_wconf 75' lang='grc' dir='ltr'><strong>αῖ-</strong></span> 
     </span>
    </p>
   </div>
   <div class='ocr_carea' id='block_1_46' title="bbox 310 2582 1886 2662">
    <p class='ocr_par' dir='ltr' id='par_1_46' title="bbox 310 2582 1886 2662">
     <span class='ocr_line' id='line_1_46' title="bbox 310 2582 1886 2662; baseline -0.008 -18"><span class='ocrx_word' id='word_1_339' title='bbox 310 2592 525 2662; x_wconf 81' lang='grc' dir='ltr'>σθησιν,</span> <span class='ocrx_word' id='word_1_340' title='bbox 558 2590 685 2642; x_wconf 80' lang='grc' dir='ltr'>ὅταν</span> <span class='ocrx_word' id='word_1_341' title='bbox 710 2586 816 2639; x_wconf 88' lang='grc' dir='ltr'><strong>τῶν</strong></span> <span class='ocrx_word' id='word_1_342' title='bbox 848 2586 1023 2655; x_wconf 81' lang='grc' dir='ltr'>ἔργων</span> <span class='ocrx_word' id='word_1_343' title='bbox 1050 2583 1142 2637; x_wconf 78' lang='grc' dir='ltr'>τοῦ</span> <span class='ocrx_word' id='word_1_344' title='bbox 1178 2584 1401 2645; x_wconf 85' lang='grc' dir='ltr'>σκότους</span> <span class='ocrx_word' id='word_1_345' title='bbox 1430 2582 1526 2653; x_wconf 84' lang='grc' dir='ltr'>τὴν</span> <span class='ocrx_word' id='word_1_346' title='bbox 1549 2582 1723 2637; x_wconf 88' lang='grc' dir='ltr'>αἰτίαν</span> <span class='ocrx_word' id='word_1_347' title='bbox 1752 2598 1886 2652; x_wconf 87' lang='grc' dir='ltr'>παρ-</span> 
     </span>
    </p>
   </div>
   <div class='ocr_carea' id='block_1_47' title="bbox 311 2672 1889 2755">
    <p class='ocr_par' dir='ltr' id='par_1_47' title="bbox 311 2672 1889 2755">
     <span class='ocr_line' id='line_1_47' title="bbox 311 2672 1889 2755; baseline -0.008 -18"><span class='ocrx_word' id='word_1_348' title='bbox 311 2684 455 2755; x_wconf 82' lang='grc' dir='ltr'>έχει.</span> <span class='ocrx_word' id='word_1_349' title='bbox 484 2682 575 2734; x_wconf 72' lang='grc' dir='ltr'>Διὰ</span> <span class='ocrx_word' id='word_1_350' title='bbox 601 2678 761 2732; x_wconf 81' lang='grc' dir='ltr'>τοῦτο</span> <span class='ocrx_word' id='word_1_351' title='bbox 788 2677 914 2747; x_wconf 81' lang='grc' dir='ltr'>χθὲς</span> <span class='ocrx_word' id='word_1_352' title='bbox 944 2675 1125 2744; x_wconf 81' lang='grc' dir='ltr'>ἔλεγεν</span> <span class='ocrx_word' id='word_1_353' title='bbox 1169 2676 1298 2745; x_wconf 81' lang='grc' dir='ltr'>ἡμῖν</span> <span class='ocrx_word' id='word_1_354' title='bbox 1327 2676 1356 2727; x_wconf 85' lang='grc' dir='ltr'>ὁ</span> <span class='ocrx_word' id='word_1_355' title='bbox 1397 2673 1598 2746; x_wconf 82' lang='grc' dir='ltr'>Κύριος</span> <span class='ocrx_word' id='word_1_356' title='bbox 1628 2672 1714 2725; x_wconf 81' lang='grc' dir='ltr'><strong>διὰ</strong></span> <span class='ocrx_word' id='word_1_357' title='bbox 1741 2672 1889 2725; x_wconf 84' lang='grc' dir='ltr'>Ματ·</span> 
     </span>
    </p>
   </div>
   <div class='ocr_carea' id='block_1_48' title="bbox 310 2762 1887 2837">
    <p class='ocr_par' dir='ltr' id='par_1_48' title="bbox 310 2762 1887 2837">
     <span class='ocr_line' id='line_1_48' title="bbox 310 2762 1887 2837; baseline -0.007 -11"><span class='ocrx_word' id='word_1_358' title='bbox 310 2773 467 2827; x_wconf 80' lang='grc' dir='ltr'>θαίου</span> <span class='ocrx_word' id='word_1_359' title='bbox 494 2789 508 2801; x_wconf 88' lang='grc'><strong>·</strong></span> <span class='ocrx_word' id='word_1_360' title='bbox 536 2770 661 2836; x_wconf 82' lang='grc' dir='ltr'><strong>Πᾶς</strong></span> <span class='ocrx_word' id='word_1_361' title='bbox 684 2773 716 2823; x_wconf 82' lang='grc' dir='ltr'><em>ὀ</em></span> <span class='ocrx_word' id='word_1_362' title='bbox 748 2769 999 2834; x_wconf 76' lang='grc' dir='ltr'>,ϐλέπων</span> <span class='ocrx_word' id='word_1_363' title='bbox 1020 2766 1273 2837; x_wconf 69' lang='grc' dir='ltr'>γυναῖκα</span> <span class='ocrx_word' id='word_1_364' title='bbox 1327 2764 1477 2833; x_wconf 74' lang='grc' dir='ltr'>πρὸς</span> <span class='ocrx_word' id='word_1_365' title='bbox 1504 2764 1569 2818; x_wconf 86' lang='grc' dir='ltr'>τὸ</span> <span class='ocrx_word' id='word_1_366' title='bbox 1605 2762 1887 2833; x_wconf 78' lang='grc' dir='ltr'>ἐπιθυμῆ-</span> 
     </span>
    </p>
   </div>
   <div class='ocr_carea' id='block_1_49' title="bbox 304 2855 1889 2930">
    <p class='ocr_par' dir='ltr' id='par_1_49' title="bbox 304 2855 1889 2930">
     <span class='ocr_line' id='line_1_49' title="bbox 304 2855 1889 2930; baseline -0.006 -12"><span class='ocrx_word' id='word_1_367' title='bbox 304 2882 435 2927; x_wconf 84' lang='grc' dir='ltr'>σαι,</span> <span class='ocrx_word' id='word_1_368' title='bbox 489 2862 607 2930; x_wconf 77' lang='grc' dir='ltr'><strong>ἤδη</strong></span> <span class='ocrx_word' id='word_1_369' title='bbox 643 2861 998 2929; x_wconf 77' lang='grc' dir='ltr'>ἐμοίχευσεν</span> <span class='ocrx_word' id='word_1_370' title='bbox 1018 2856 1212 2926; x_wconf 78' lang='grc' dir='ltr'>αὐτὴν</span> <span class='ocrx_word' id='word_1_371' title='bbox 1248 2857 1317 2910; x_wconf 81' lang='grc' dir='ltr'><strong>ἐν</strong></span> <span class='ocrx_word' id='word_1_372' title='bbox 1368 2855 1445 2926; x_wconf 80' lang='grc' dir='ltr'>τῇ</span> <span class='ocrx_word' id='word_1_373' title='bbox 1487 2856 1732 2926; x_wconf 80' lang='grc' dir='ltr'>καρδίᾳ·</span> <span class='ocrx_word' id='word_1_374' title='bbox 1794 2855 1889 2908; x_wconf 76' lang='grc' dir='ltr'>καὶ</span> 
     </span>
    </p>
   </div>
   <div class='ocr_carea' id='block_1_50' title="bbox 308 2938 1888 3025">
    <p class='ocr_par' dir='ltr' id='par_1_50' title="bbox 308 2938 1888 3025">
     <span class='ocr_line' id='line_1_50' title="bbox 308 2938 1888 3025; baseline -0.005 -17"><span class='ocrx_word' id='word_1_375' title='bbox 308 2956 521 3025; x_wconf 72' lang='grc' dir='ltr'>βέλτιον</span> <span class='ocrx_word' id='word_1_376' title='bbox 573 2952 863 3007; x_wconf 77' lang='grc' dir='ltr'>ἐκκόπτειν</span> <span class='ocrx_word' id='word_1_377' title='bbox 909 2950 1090 3017; x_wconf 72' lang='grc' dir='ltr'>αὐτὸν,</span> <span class='ocrx_word' id='word_1_378' title='bbox 1146 2951 1273 3003; x_wconf 84' lang='grc' dir='ltr'>ὅταν</span> <span class='ocrx_word' id='word_1_379' title='bbox 1317 2949 1527 3003; x_wconf 79' lang='grc' dir='ltr'>ἄτακτα</span> <span class='ocrx_word' id='word_1_380' title='bbox 1575 2948 1745 3020; x_wconf 79' lang='grc' dir='ltr'>βλέπῃ</span> <span class='ocrx_word' id='word_1_381' title='bbox 1795 2938 1888 3001; x_wconf 77' lang='grc' dir='ltr'>καὶ</span> 
     </span>
    </p>
   </div>
   <div class='ocr_carea' id='block_1_51' title="bbox 306 3038 1892 3116">
    <p class='ocr_par' dir='ltr' id='par_1_51' title="bbox 306 3038 1892 3116">
     <span class='ocr_line' id='line_1_51' title="bbox 306 3038 1892 3116; baseline -0.004 -16"><span class='ocrx_word' id='word_1_382' title='bbox 306 3045 597 3116; x_wconf 71' lang='grc' dir='ltr'>ἐπιζήμια.</span> <span class='ocrx_word' id='word_1_383' title='bbox 634 3044 744 3098; x_wconf 67' lang='grc' dir='ltr'><strong>Καὶ</strong></span> <span class='ocrx_word' id='word_1_384' title='bbox 764 3044 797 3112; x_wconf 80' lang='grc' dir='ltr'>ἡ</span> <span class='ocrx_word' id='word_1_385' title='bbox 830 3041 968 3112; x_wconf 81' lang='grc' dir='ltr'>ἀκοὴ</span> <span class='ocrx_word' id='word_1_386' title='bbox 995 3040 1428 3113; x_wconf 81' lang='grc' dir='ltr'>παραγγέλματα</span> <span class='ocrx_word' id='word_1_387' title='bbox 1464 3038 1738 3093; x_wconf 87' lang='grc' dir='ltr'>κωλυτικά</span> <span class='ocrx_word' id='word_1_388' title='bbox 1771 3040 1892 3093; x_wconf 88' lang='grc' dir='ltr'>πά-</span> 
     </span>
    </p>
   </div>
   <div class='ocr_carea' id='block_1_52' title="bbox 308 3130 1888 3209">
    <p class='ocr_par' dir='ltr' id='par_1_52' title="bbox 308 3130 1888 3209">
     <span class='ocr_line' id='line_1_52' title="bbox 308 3130 1888 3209; baseline -0.005 -18"><span class='ocrx_word' id='word_1_389' title='bbox 308 3156 410 3209; x_wconf 81' lang='grc' dir='ltr'><strong>σης</strong></span> <span class='ocrx_word' id='word_1_390' title='bbox 444 3135 671 3208; x_wconf 80' lang='grc' dir='ltr'>[κακῆς]</span> <span class='ocrx_word' id='word_1_391' title='bbox 720 3134 1051 3206; x_wconf 77' lang='grc' dir='ltr'>ἀκροάσεως.</span> <span class='ocrx_word' id='word_1_392' title='bbox 1107 3131 1227 3204; x_wconf 84' lang='grc' dir='ltr'><strong>Χρὴ</strong></span> <span class='ocrx_word' id='word_1_393' title='bbox 1258 3132 1367 3202; x_wconf 75' lang='grc' dir='ltr'><strong>γάρ</strong></span> <span class='ocrx_word' id='word_1_394' title='bbox 1410 3131 1603 3202; x_wconf 83' lang='grc' dir='ltr'>αὐτὴν,</span> <span class='ocrx_word' id='word_1_395' title='bbox 1632 3132 1761 3184; x_wconf 84' lang='grc' dir='ltr'>ὅταν</span> <span class='ocrx_word' id='word_1_396' title='bbox 1793 3130 1888 3201; x_wconf 82' lang='grc' dir='ltr'>μὲν</span> 
     </span>
    </p>
   </div>
   <div class='ocr_carea' id='block_1_53' title="bbox 307 3216 1890 3298">
    <p class='ocr_par' dir='ltr' id='par_1_53' title="bbox 307 3216 1890 3298">
     <span class='ocr_line' id='line_1_53' title="bbox 307 3216 1890 3298; baseline -0.005 -15"><span class='ocrx_word' id='word_1_397' title='bbox 307 3228 535 3298; x_wconf 78' lang='grc' dir='ltr'>ἀγαθῶν</span> <span class='ocrx_word' id='word_1_398' title='bbox 556 3243 719 3280; x_wconf 85' lang='grc' dir='ltr'>τινων</span> <span class='ocrx_word' id='word_1_399' title='bbox 745 3224 939 3298; x_wconf 79' lang='grc' dir='ltr'>ἀκούῃ,</span> <span class='ocrx_word' id='word_1_400' title='bbox 986 3224 1445 3295; x_wconf 82' lang='grc' dir='ltr'>ἀναπεπταμένην</span> <span class='ocrx_word' id='word_1_401' title='bbox 1502 3216 1663 3286; x_wconf 75' lang='grc' dir='ltr'>εἶναι,</span> <span class='ocrx_word' id='word_1_402' title='bbox 1695 3222 1789 3276; x_wconf 72' lang='grc' dir='ltr'>καὶ</span> <span class='ocrx_word' id='word_1_403' title='bbox 1825 3223 1890 3275; x_wconf 81' lang='grc' dir='ltr'><strong>δι’</strong></span> 
     </span>
    </p>
   </div>
   <div class='ocr_carea' id='block_1_54' title="bbox 310 3312 1895 3390">
    <p class='ocr_par' dir='ltr' id='par_1_54' title="bbox 310 3312 1895 3390">
     <span class='ocr_line' id='line_1_54' title="bbox 310 3312 1895 3390; baseline -0.005 -17"><span class='ocrx_word' id='word_1_404' title='bbox 310 3320 513 3390; x_wconf 71' lang='grc' dir='ltr'>ἑαυτῆς</span> <span class='ocrx_word' id='word_1_405' title='bbox 549 3321 620 3389; x_wconf 75' lang='grc' dir='ltr'><strong>τῇ</strong></span> <span class='ocrx_word' id='word_1_406' title='bbox 651 3317 795 3388; x_wconf 75' lang='grc' dir='ltr'>ψυχῇ</span> <span class='ocrx_word' id='word_1_407' title='bbox 829 3314 1218 3386; x_wconf 83' lang='grc' dir='ltr'>παραπέμπειν</span> <span class='ocrx_word' id='word_1_408' title='bbox 1246 3314 1356 3368; x_wconf 84' lang='grc' dir='ltr'><strong>τῶν</strong></span> <span class='ocrx_word' id='word_1_409' title='bbox 1402 3313 1786 3385; x_wconf 79' lang='grc' dir='ltr'>συμφερόντων</span> <span class='ocrx_word' id='word_1_410' title='bbox 1810 3312 1895 3366; x_wconf 85' lang='grc' dir='ltr'>λό-</span> 
     </span>
    </p>
   </div>
   <div class='ocr_carea' id='block_1_55' title="bbox 311 3406 862 3479">
    <p class='ocr_par' dir='ltr' id='par_1_55' title="bbox 311 3406 862 3479">
     <span class='ocr_line' id='line_1_55' title="bbox 311 3406 862 3479; baseline -0.015 -15"><span class='ocrx_word' id='word_1_411' title='bbox 311 3427 427 3479; x_wconf 78' lang='grc' dir='ltr'><strong>γων</strong></span> <span class='ocrx_word' id='word_1_412' title='bbox 456 3409 560 3478; x_wconf 75' lang='grc' dir='ltr'>τὴν</span> <span class='ocrx_word' id='word_1_413' title='bbox 592 3406 862 3477; x_wconf 74' lang='grc' dir='ltr'>αἴσθησιν.</span> 
     </span>
    </p>
   </div>
   <div class='ocr_carea' id='block_1_56' title="bbox 388 3487 1897 3561">
    <p class='ocr_par' dir='ltr' id='par_1_56' title="bbox 388 3487 1897 3561">
     <span class='ocr_line' id='line_1_56' title="bbox 388 3487 1897 3561; baseline -0.005 -14"><span class='ocrx_word' id='word_1_414' title='bbox 388 3494 452 3547; x_wconf 80' lang='grc' dir='ltr'>Εἰ</span> <span class='ocrx_word' id='word_1_415' title='bbox 482 3493 539 3547; x_wconf 82' lang='grc' dir='ltr'><strong>δέ</strong></span> <span class='ocrx_word' id='word_1_416' title='bbox 567 3510 649 3555; x_wconf 87' lang='grc' dir='ltr'><strong>τις</strong></span> <span class='ocrx_word' id='word_1_417' title='bbox 678 3491 877 3547; x_wconf 83' lang='grc' dir='ltr'>κακίας</span> <span class='ocrx_word' id='word_1_418' title='bbox 921 3491 1154 3561; x_wconf 79' lang='grc' dir='ltr'>ἑταῖρος,</span> <span class='ocrx_word' id='word_1_419' title='bbox 1187 3489 1281 3542; x_wconf 72' lang='grc' dir='ltr'>καὶ</span> <span class='ocrx_word' id='word_1_420' title='bbox 1308 3487 1512 3559; x_wconf 81' lang='grc' dir='ltr'>λοιμὸς,</span> <span class='ocrx_word' id='word_1_421' title='bbox 1576 3489 1668 3541; x_wconf 78' lang='grc' dir='ltr'><strong>καί</strong></span> <span class='ocrx_word' id='word_1_422' title='bbox 1701 3487 1897 3559; x_wconf 77' lang='grc' dir='ltr'>φθόρος</span> 
     </span>
    </p>
   </div>
   <div class='ocr_carea' id='block_1_57' title="bbox 317 3577 1897 3654">
    <p class='ocr_par' dir='ltr' id='par_1_57' title="bbox 317 3577 1897 3654">
     <span class='ocr_line' id='line_1_57' title="bbox 317 3577 1897 3654; baseline -0.006 -17"><span class='ocrx_word' id='word_1_423' title='bbox 317 3584 631 3654; x_wconf 84' lang='grc' dir='ltr'>πλησιάσας</span> <span class='ocrx_word' id='word_1_424' title='bbox 662 3582 821 3651; x_wconf 78' lang='grc' dir='ltr'>αὐτῇ,</span> <span class='ocrx_word' id='word_1_425' title='bbox 851 3578 1130 3632; x_wconf 81' lang='grc' dir='ltr'>ἐπαντλεῖν</span> <span class='ocrx_word' id='word_1_426' title='bbox 1164 3577 1343 3648; x_wconf 82' lang='grc' dir='ltr'>μέλλει</span> <span class='ocrx_word' id='word_1_427' title='bbox 1375 3577 1473 3648; x_wconf 87' lang='grc' dir='ltr'>τῆς</span> <span class='ocrx_word' id='word_1_428' title='bbox 1510 3577 1782 3648; x_wconf 82' lang='grc' dir='ltr'>ἁμαρτίας</span> <span class='ocrx_word' id='word_1_429' title='bbox 1807 3577 1897 3628; x_wconf 81' lang='grc' dir='ltr'>τὸν</span> 
     </span>
    </p>
   </div>
   <div class='ocr_carea' id='block_1_58' title="bbox 319 3667 1901 3747">
    <p class='ocr_par' dir='ltr' id='par_1_58' title="bbox 319 3667 1901 3747">
     <span class='ocr_line' id='line_1_58' title="bbox 319 3667 1901 3747; baseline -0.006 -19"><span class='ocrx_word' id='word_1_430' title='bbox 319 3676 603 3747; x_wconf 75' lang='grc' dir='ltr'>βόρϐορον,</span> <span class='ocrx_word' id='word_1_431' title='bbox 655 3672 735 3725; x_wconf 85' lang='grc' dir='ltr'><strong>δεῖ</strong></span> <span class='ocrx_word' id='word_1_432' title='bbox 766 3673 985 3741; x_wconf 78' lang='grc' dir='ltr'>φεύγειν</span> <span class='ocrx_word' id='word_1_433' title='bbox 1012 3672 1192 3735; x_wconf 67' lang='grc' dir='ltr'>αὐτὸν,</span> <span class='ocrx_word' id='word_1_434' title='bbox 1220 3670 1294 3732; x_wconf 85' lang='grc' dir='ltr'><strong>ὡς</strong></span> <span class='ocrx_word' id='word_1_435' title='bbox 1328 3667 1527 3723; x_wconf 79' lang='grc' dir='ltr'>ἰοϐόλον</span> <span class='ocrx_word' id='word_1_436' title='bbox 1555 3667 1760 3740; x_wconf 87' lang='grc' dir='ltr'>θηρίον.</span> <span class='ocrx_word' id='word_1_437' title='bbox 1794 3668 1901 3719; x_wconf 88' lang='grc' dir='ltr'><strong>Σω-</strong></span> 
     </span>
    </p>
   </div>
   <div class='ocr_carea' id='block_1_59' title="bbox 322 3758 1899 3840">
    <p class='ocr_par' dir='ltr' id='par_1_59' title="bbox 322 3758 1899 3840">
     <span class='ocr_line' id='line_1_59' title="bbox 322 3758 1899 3840; baseline -0.006 -18"><span class='ocrx_word' id='word_1_438' title='bbox 322 3769 587 3840; x_wconf 70' lang='grc' dir='ltr'>φρονείτω</span> <span class='ocrx_word' id='word_1_439' title='bbox 609 3766 702 3820; x_wconf 69' lang='lat' dir='ltr'><strong>xui.</strong></span> <span class='ocrx_word' id='word_1_440' title='bbox 721 3767 755 3835; x_wconf 76' lang='grc' dir='ltr'><strong>ἡ</strong></span> <span class='ocrx_word' id='word_1_441' title='bbox 778 3764 998 3833; x_wconf 86' lang='grc' dir='ltr'>γλῶσσα</span> <span class='ocrx_word' id='word_1_442' title='bbox 1037 3762 1173 3833; x_wconf 83' lang='grc' dir='ltr'>μετὰ</span> <span class='ocrx_word' id='word_1_443' title='bbox 1199 3760 1293 3815; x_wconf 79' lang='grc' dir='ltr'>τοῦ</span> <span class='ocrx_word' id='word_1_444' title='bbox 1338 3760 1601 3831; x_wconf 87' lang='grc' dir='ltr'>στόματος</span> <span class='ocrx_word' id='word_1_445' title='bbox 1626 3776 1640 3790; x_wconf 76' lang='grc' dir='ltr'><strong><em>ο</em></strong></span> <span class='ocrx_word' id='word_1_446' title='bbox 1674 3758 1899 3812; x_wconf 84' lang='grc' dir='ltr'>λαλείτω</span> 
     </span>
    </p>
   </div>
   <div class='ocr_carea' id='block_1_60' title="bbox 322 3848 1897 3924">
    <p class='ocr_par' dir='ltr' id='par_1_60' title="bbox 322 3848 1897 3924">
     <span class='ocr_line' id='line_1_60' title="bbox 322 3848 1897 3924; baseline -0.006 -11"><span class='ocrx_word' id='word_1_447' title='bbox 322 3860 392 3913; x_wconf 70' lang='grc' dir='ltr'><strong>τά</strong></span> <span class='ocrx_word' id='word_1_448' title='bbox 416 3860 628 3912; x_wconf 75' lang='grc' dir='ltr'>δίκαιαο</span> <span class='ocrx_word' id='word_1_449' title='bbox 660 3855 770 3908; x_wconf 89' lang='grc' dir='ltr'><strong>τῶν</strong></span> <span class='ocrx_word' id='word_1_450' title='bbox 797 3855 855 3908; x_wconf 76' lang='grc' dir='ltr'>δὲ</span> <span class='ocrx_word' id='word_1_451' title='bbox 897 3852 1360 3924; x_wconf 79' lang='grc' dir='ltr'>ἀπηγορευμένων</span> <span class='ocrx_word' id='word_1_452' title='bbox 1392 3850 1700 3921; x_wconf 84' lang='grc' dir='ltr'>ἀπεχέσθω,</span> <span class='ocrx_word' id='word_1_453' title='bbox 1727 3848 1897 3903; x_wconf 87' lang='grc' dir='ltr'>λοιδο-</span> 
     </span>
    </p>
   </div>
   <div class='ocr_carea' id='block_1_61' title="bbox 330 3941 1900 4022">
    <p class='ocr_par' dir='ltr' id='par_1_61' title="bbox 330 3941 1900 4022">
     <span class='ocr_line' id='line_1_61' title="bbox 330 3941 1900 4022; baseline -0.006 -18"><span class='ocrx_word' id='word_1_454' title='bbox 330 3951 473 4022; x_wconf 88' lang='grc' dir='ltr'>ριῶν,</span> <span class='ocrx_word' id='word_1_455' title='bbox 504 3947 902 4014; x_wconf 71' lang='grc' dir='ltr'>συκοφαντιῶν,</span> <span class='ocrx_word' id='word_1_456' title='bbox 952 3945 1285 4017; x_wconf 83' lang='grc' dir='ltr'>κατηγορίας</span> <span class='ocrx_word' id='word_1_457' title='bbox 1316 3944 1524 4008; x_wconf 85' lang='grc' dir='ltr'>ἀδίκου,</span> <span class='ocrx_word' id='word_1_458' title='bbox 1573 3941 1900 4005; x_wconf 75' lang='grc' dir='ltr'>καταλαλιάς</span> 
     </span>
    </p>
   </div>
   <div class='ocr_carea' id='block_1_62' title="bbox 327 4030 1899 4111">
    <p class='ocr_par' dir='ltr' id='par_1_62' title="bbox 327 4030 1899 4111">
     <span class='ocr_line' id='line_1_62' title="bbox 327 4030 1899 4111; baseline -0.006 -19"><span class='ocrx_word' id='word_1_459' title='bbox 327 4042 419 4111; x_wconf 75' lang='grc' dir='ltr'>τῆς</span> <span class='ocrx_word' id='word_1_460' title='bbox 451 4038 595 4092; x_wconf 74' lang='grc' dir='ltr'>κατὰ</span> <span class='ocrx_word' id='word_1_461' title='bbox 625 4037 734 4091; x_wconf 86' lang='grc' dir='ltr'><strong>τῶν</strong></span> <span class='ocrx_word' id='word_1_462' title='bbox 767 4034 1030 4104; x_wconf 86' lang='grc' dir='ltr'>ἀδελφῶν,</span> <span class='ocrx_word' id='word_1_463' title='bbox 1071 4033 1419 4104; x_wconf 75' lang='grc' dir='ltr'>βλασφημίας</span> <span class='ocrx_word' id='word_1_464' title='bbox 1451 4031 1547 4103; x_wconf 84' lang='grc' dir='ltr'>τῆς</span> <span class='ocrx_word' id='word_1_465' title='bbox 1577 4031 1712 4103; x_wconf 81' lang='grc' dir='ltr'>πρὸς</span> <span class='ocrx_word' id='word_1_466' title='bbox 1737 4030 1899 4084; x_wconf 86' lang='grc' dir='ltr'>Θεόν·</span> 
     </span>
    </p>
   </div>
   <div class='ocr_carea' id='block_1_63' title="bbox 332 4123 1901 4200">
    <p class='ocr_par' dir='ltr' id='par_1_63' title="bbox 332 4123 1901 4200">
     <span class='ocr_line' id='line_1_63' title="bbox 332 4123 1901 4200; baseline -0.006 -16"><span class='ocrx_word' id='word_1_467' title='bbox 332 4129 646 4200; x_wconf 71' lang='grc' dir='ltr'>φθεγγέσθω</span> <span class='ocrx_word' id='word_1_468' title='bbox 673 4128 729 4182; x_wconf 78' lang='grc' dir='ltr'>δὲ</span> <span class='ocrx_word' id='word_1_469' title='bbox 754 4130 855 4181; x_wconf 82' lang='grc' dir='ltr'>ὃσα</span> <span class='ocrx_word' id='word_1_470' title='bbox 875 4126 1115 4197; x_wconf 72' lang='grc' dir='ltr'>εὔφημα,</span> <span class='ocrx_word' id='word_1_471' title='bbox 1155 4127 1255 4179; x_wconf 82' lang='grc' dir='ltr'>ὅσα</span> <span class='ocrx_word' id='word_1_472' title='bbox 1274 4123 1492 4195; x_wconf 79' lang='grc' dir='ltr'>εὐσεϐῆ,</span> <span class='ocrx_word' id='word_1_473' title='bbox 1525 4125 1624 4177; x_wconf 84' lang='grc' dir='ltr'>ὅσα</span> <span class='ocrx_word' id='word_1_474' title='bbox 1653 4123 1901 4195; x_wconf 79' lang='grc' dir='ltr'>πράξεων</span> 
     </span>
    </p>
   </div>
   <div class='ocr_carea' id='block_1_64' title="bbox 329 4213 1903 4293">
    <p class='ocr_par' dir='ltr' id='par_1_64' title="bbox 329 4213 1903 4293">
     <span class='ocr_line' id='line_1_64' title="bbox 329 4213 1903 4293; baseline -0.007 -16"><span class='ocrx_word' id='word_1_475' title='bbox 329 4222 545 4293; x_wconf 83' lang='grc' dir='ltr'>ἀγαθῶν</span> <span class='ocrx_word' id='word_1_476' title='bbox 583 4220 695 4291; x_wconf 74' lang='grc' dir='ltr'>ἔχει</span> <span class='ocrx_word' id='word_1_477' title='bbox 716 4218 814 4290; x_wconf 77' lang='grc' dir='ltr'>τὴν</span> <span class='ocrx_word' id='word_1_478' title='bbox 837 4218 1142 4289; x_wconf 79' lang='grc' dir='ltr'>συμϐουλήν</span> <span class='ocrx_word' id='word_1_479' title='bbox 1159 4234 1172 4248; x_wconf 77' lang='grc'><strong><em>⁸</em></strong></span> <span class='ocrx_word' id='word_1_480' title='bbox 1212 4216 1305 4270; x_wconf 73' lang='grc' dir='ltr'>καὶ</span> <span class='ocrx_word' id='word_1_481' title='bbox 1333 4215 1537 4284; x_wconf 87' lang='grc' dir='ltr'>λεγέτω</span> <span class='ocrx_word' id='word_1_482' title='bbox 1563 4216 1669 4279; x_wconf 80' lang='grc' dir='ltr'><strong>πᾶς</strong></span> <span class='ocrx_word' id='word_1_483' title='bbox 1695 4213 1903 4284; x_wconf 79' lang='grc' dir='ltr'>ἀνθρω-</span> 
     </span>
    </p>
   </div>
   <div class='ocr_carea' id='block_1_65' title="bbox 332 4302 1904 4381">
    <p class='ocr_par' dir='ltr' id='par_1_65' title="bbox 332 4302 1904 4381">
     <span class='ocr_line' id='line_1_65' title="bbox 332 4302 1904 4381; baseline -0.007 -14"><span class='ocrx_word' id='word_1_484' title='bbox 332 4332 427 4378; x_wconf 79' lang='grc' dir='ltr'><strong>πος</strong></span> <span class='ocrx_word' id='word_1_485' title='bbox 459 4314 527 4367; x_wconf 75' lang='grc' dir='ltr'><strong>τὰ</strong></span> <span class='ocrx_word' id='word_1_486' title='bbox 554 4311 646 4365; x_wconf 81' lang='grc' dir='ltr'>τοῦ</span> <span class='ocrx_word' id='word_1_487' title='bbox 691 4309 1045 4381; x_wconf 68' lang='grc' dir='ltr'>’ἱεροψάλτουο</span> <span class='ocrx_word' id='word_1_488' title='bbox 1074 4304 1256 4361; x_wconf 62' lang='grc' dir='ltr'>Εἶπεν</span> <span class='ocrx_word' id='word_1_489' title='bbox 1297 4305 1549 4369; x_wconf 81' lang='grc' dir='ltr'>Φυλάξω</span> <span class='ocrx_word' id='word_1_490' title='bbox 1588 4305 1693 4371; x_wconf 82' lang='grc' dir='ltr'>τὰς</span> <span class='ocrx_word' id='word_1_491' title='bbox 1726 4302 1904 4368; x_wconf 82' lang='grc' dir='ltr'>ὁδούς</span> 
     </span>
    </p>
   </div>
   <div class='ocr_carea' id='block_1_66' title="bbox 1977 2041 3556 2117">
    <p class='ocr_par' dir='ltr' id='par_1_66' title="bbox 1977 2041 3556 2117">
     <span class='ocr_line' id='line_1_66' title="bbox 1977 2041 3556 2117; baseline -0.011 -17"><span class='ocrx_word' id='word_1_492' title='bbox 1977 2047 2169 2117; x_wconf 85' lang='lat' dir='ltr'><strong>plantis</strong></span> <span class='ocrx_word' id='word_1_493' title='bbox 2204 2044 2506 2112; x_wconf 82' lang='lat' dir='ltr'><strong>omnigenis</strong></span> <span class='ocrx_word' id='word_1_494' title='bbox 2544 2041 2834 2110; x_wconf 89' lang='lat' dir='ltr'><strong>herbisque</strong></span> <span class='ocrx_word' id='word_1_495' title='bbox 2884 2044 3228 2101; x_wconf 88' lang='lat' dir='ltr'><strong>comantem;</strong></span> <span class='ocrx_word' id='word_1_496' title='bbox 3280 2047 3343 2087; x_wconf 92' lang='lat' dir='ltr'><strong>ac</strong></span> <span class='ocrx_word' id='word_1_497' title='bbox 3389 2044 3556 2093; x_wconf 90' lang='lat' dir='ltr'><strong>mare,</strong></span> 
     </span>
    </p>
   </div>
   <div class='ocr_carea' id='block_1_67' title="bbox 1976 2126 3563 2210">
    <p class='ocr_par' dir='ltr' id='par_1_67' title="bbox 1976 2126 3563 2210">
     <span class='ocr_line' id='line_1_67' title="bbox 1976 2126 3563 2210; baseline -0.013 -14"><span class='ocrx_word' id='word_1_498' title='bbox 1976 2138 2295 2210; x_wconf 67' lang='lat' dir='ltr'><strong>aequabilem</strong></span> <span class='ocrx_word' id='word_1_499' title='bbox 2329 2139 2381 2190; x_wconf 91' lang='lat' dir='ltr'><strong>in</strong></span> <span class='ocrx_word' id='word_1_500' title='bbox 2429 2134 2708 2205; x_wconf 83' lang='lat' dir='ltr'><strong>planitiem</strong></span> <span class='ocrx_word' id='word_1_501' title='bbox 2749 2144 3045 2201; x_wconf 74' lang='lat' dir='ltr'><strong>expansum</strong></span> <span class='ocrx_word' id='word_1_502' title='bbox 3069 2167 3086 2192; x_wconf 92' lang='lat'><strong>,</strong></span> <span class='ocrx_word' id='word_1_503' title='bbox 3125 2126 3214 2180; x_wconf 92' lang='lat' dir='ltr'><strong>ubi</strong></span> <span class='ocrx_word' id='word_1_504' title='bbox 3256 2139 3387 2195; x_wconf 89' lang='lat' dir='ltr'><strong>pura</strong></span> <span class='ocrx_word' id='word_1_505' title='bbox 3416 2132 3563 2176; x_wconf 89' lang='lat' dir='ltr'><strong>tran-</strong></span> 
     </span>
    </p>
   </div>
   <div class='ocr_carea' id='block_1_68' title="bbox 1979 2213 3561 2304">
    <p class='ocr_par' dir='ltr' id='par_1_68' title="bbox 1979 2213 3561 2304">
     <span class='ocr_line' id='line_1_68' title="bbox 1979 2213 3561 2304; baseline -0.013 -16"><span class='ocrx_word' id='word_1_506' title='bbox 1979 2232 2219 2304; x_wconf 84' lang='lat' dir='ltr'><strong>quillitas</strong></span> <span class='ocrx_word' id='word_1_507' title='bbox 2254 2228 2446 2284; x_wconf 82' lang='lat' dir='ltr'><strong>stravit</strong></span> <span class='ocrx_word' id='word_1_508' title='bbox 2477 2242 2541 2280; x_wconf 90' lang='lat' dir='ltr'><strong>ac</strong></span> <span class='ocrx_word' id='word_1_509' title='bbox 2589 2224 2725 2279; x_wconf 81' lang='lat' dir='ltr'><strong>ﬁxit.</strong></span> <span class='ocrx_word' id='word_1_510' title='bbox 2767 2222 2822 2277; x_wconf 89' lang='lat' dir='ltr'><strong>lu</strong></span> <span class='ocrx_word' id='word_1_511' title='bbox 2860 2222 2943 2275; x_wconf 92' lang='lat' dir='ltr'><strong>his</strong></span> <span class='ocrx_word' id='word_1_512' title='bbox 2989 2234 3049 2273; x_wconf 91' lang='lat' dir='ltr'><strong>ac</strong></span> <span class='ocrx_word' id='word_1_513' title='bbox 3084 2215 3390 2287; x_wconf 68' lang='lat' dir='ltr'><strong>huiusmodi</strong></span> <span class='ocrx_word' id='word_1_514' title='bbox 3443 2213 3561 2267; x_wconf 81' lang='lat' dir='ltr'><strong>visu</strong></span> 
     </span>
    </p>
   </div>
   <div class='ocr_carea' id='block_1_69' title="bbox 1982 2312 3561 2388">
    <p class='ocr_par' dir='ltr' id='par_1_69' title="bbox 1982 2312 3561 2388">
     <span class='ocr_line' id='line_1_69' title="bbox 1982 2312 3561 2388; baseline -0.013 -10"><span class='ocrx_word' id='word_1_515' title='bbox 1982 2334 2168 2387; x_wconf 78' lang='lat' dir='ltr'><strong>utere;</strong></span> <span class='ocrx_word' id='word_1_516' title='bbox 2225 2319 2430 2388; x_wconf 87' lang='lat' dir='ltr'><strong>reliqua</strong></span> <span class='ocrx_word' id='word_1_517' title='bbox 2486 2330 2614 2371; x_wconf 85' lang='lat' dir='ltr'><strong>vero</strong></span> <span class='ocrx_word' id='word_1_518' title='bbox 2670 2312 2978 2384; x_wconf 76' lang='lat' dir='ltr'><strong>Spectacula</strong></span> <span class='ocrx_word' id='word_1_519' title='bbox 3028 2324 3148 2379; x_wconf 73' lang='lat' dir='ltr'><strong>qua:</strong></span> <span class='ocrx_word' id='word_1_520' title='bbox 3211 2323 3277 2361; x_wconf 79' lang='lat' dir='ltr'><strong>ex</strong></span> <span class='ocrx_word' id='word_1_521' title='bbox 3341 2313 3561 2375; x_wconf 81' lang='lat' dir='ltr'><strong>aSpectu</strong></span> 
     </span>
    </p>
   </div>
   <div class='ocr_carea' id='block_1_70' title="bbox 1981 2394 3566 2472">
    <p class='ocr_par' dir='ltr' id='par_1_70' title="bbox 1981 2394 3566 2472">
     <span class='ocr_line' id='line_1_70' title="bbox 1981 2394 3566 2472; baseline -0.013 -5"><span class='ocrx_word' id='word_1_522' title='bbox 1981 2428 2174 2468; x_wconf 84' lang='lat' dir='ltr'><strong>noxam</strong></span> <span class='ocrx_word' id='word_1_523' title='bbox 2205 2411 2386 2463; x_wconf 90' lang='lat' dir='ltr'><strong>animo</strong></span> <span class='ocrx_word' id='word_1_524' title='bbox 2430 2406 2701 2469; x_wconf 80' lang='lat' dir='ltr'><strong>inferunt,</strong></span> <span class='ocrx_word' id='word_1_525' title='bbox 2726 2404 2850 2472; x_wconf 76' lang='lat' dir='ltr'><strong>fuge</strong></span> <span class='ocrx_word' id='word_1_526' title='bbox 2878 2416 2942 2456; x_wconf 89' lang='lat' dir='ltr'><strong>ac</strong></span> <span class='ocrx_word' id='word_1_527' title='bbox 3007 2409 3364 2470; x_wconf 66' lang='lat' dir='ltr'><strong>praetercurre</strong></span> <span class='ocrx_word' id='word_1_528' title='bbox 3389 2435 3404 2461; x_wconf 91' lang='lat'><strong>,</strong></span> <span class='ocrx_word' id='word_1_529' title='bbox 3442 2394 3566 2448; x_wconf 84' lang='lat' dir='ltr'><strong>tibi-</strong></span> 
     </span>
    </p>
   </div>
   <div class='ocr_carea' id='block_1_71' title="bbox 1982 2485 3563 2574">
    <p class='ocr_par' dir='ltr' id='par_1_71' title="bbox 1982 2485 3563 2574">
     <span class='ocr_line' id='line_1_71' title="bbox 1982 2485 3563 2574; baseline -0.011 -18"><span class='ocrx_word' id='word_1_530' title='bbox 1982 2518 2086 2574; x_wconf 92' lang='lat' dir='ltr'><strong>que</strong></span> <span class='ocrx_word' id='word_1_531' title='bbox 2109 2500 2247 2570; x_wconf 85' lang='lat' dir='ltr'><strong>ipse,</strong></span> <span class='ocrx_word' id='word_1_532' title='bbox 2277 2509 2334 2551; x_wconf 91' lang='lat' dir='ltr'><strong>ut</strong></span> <span class='ocrx_word' id='word_1_533' title='bbox 2357 2512 2423 2551; x_wconf 94' lang='lat' dir='ltr'><strong>ne</strong></span> <span class='ocrx_word' id='word_1_534' title='bbox 2448 2497 2633 2549; x_wconf 88' lang='lat' dir='ltr'><strong>videas</strong></span> <span class='ocrx_word' id='word_1_535' title='bbox 2653 2534 2668 2559; x_wconf 92' lang='lat'><strong>,</strong></span> <span class='ocrx_word' id='word_1_536' title='bbox 2701 2493 2880 2546; x_wconf 83' lang='lat' dir='ltr'><strong>velum</strong></span> <span class='ocrx_word' id='word_1_537' title='bbox 2904 2490 3176 2545; x_wconf 85' lang='lat' dir='ltr'><strong>obducite.</strong></span> <span class='ocrx_word' id='word_1_538' title='bbox 3212 2487 3394 2541; x_wconf 85' lang='lat' dir='ltr'><strong>Satius</strong></span> <span class='ocrx_word' id='word_1_539' title='bbox 3418 2485 3563 2539; x_wconf 89' lang='lat' dir='ltr'><strong>enim</strong></span> 
     </span>
    </p>
   </div>
   <div class='ocr_carea' id='block_1_72' title="bbox 1983 2576 3562 2653">
    <p class='ocr_par' dir='ltr' id='par_1_72' title="bbox 1983 2576 3562 2653">
     <span class='ocr_line' id='line_1_72' title="bbox 1983 2576 3562 2653; baseline -0.015 -4"><span class='ocrx_word' id='word_1_540' title='bbox 1983 2594 2162 2650; x_wconf 83' lang='lat' dir='ltr'><strong>sensui</strong></span> <span class='ocrx_word' id='word_1_541' title='bbox 2196 2591 2446 2645; x_wconf 87' lang='lat' dir='ltr'><strong>tenebras</strong></span> <span class='ocrx_word' id='word_1_542' title='bbox 2473 2588 2762 2650; x_wconf 86' lang='lat' dir='ltr'><strong>inducere,</strong></span> <span class='ocrx_word' id='word_1_543' title='bbox 2808 2598 2967 2653; x_wconf 88' lang='lat' dir='ltr'><strong>quam</strong></span> <span class='ocrx_word' id='word_1_544' title='bbox 3007 2580 3260 2650; x_wconf 88' lang='lat' dir='ltr'><strong>uperibus</strong></span> <span class='ocrx_word' id='word_1_545' title='bbox 3308 2576 3562 2631; x_wconf 62' lang='lat' dir='ltr'><strong>tenebrae</strong></span> 
     </span>
    </p>
   </div>
   <div class='ocr_carea' id='block_1_73' title="bbox 1985 2665 3563 2748">
    <p class='ocr_par' dir='ltr' id='par_1_73' title="bbox 1985 2665 3563 2748">
     <span class='ocr_line' id='line_1_73' title="bbox 1985 2665 3563 2748; baseline -0.016 -7"><span class='ocrx_word' id='word_1_546' title='bbox 1985 2701 2104 2741; x_wconf 79' lang='lat' dir='ltr'><strong>rum</strong></span> <span class='ocrx_word' id='word_1_547' title='bbox 2128 2681 2468 2737; x_wconf 88' lang='lat' dir='ltr'><strong>occasionem</strong></span> <span class='ocrx_word' id='word_1_548' title='bbox 2498 2677 2757 2748; x_wconf 68' lang='lat' dir='ltr'><strong>praebere.</strong></span> <span class='ocrx_word' id='word_1_549' title='bbox 2799 2672 3005 2726; x_wconf 87' lang='lat' dir='ltr'><strong>Idcirco</strong></span> <span class='ocrx_word' id='word_1_550' title='bbox 3036 2671 3189 2724; x_wconf 85' lang='lat' dir='ltr'><strong>nobis</strong></span> <span class='ocrx_word' id='word_1_551' title='bbox 3229 2666 3344 2721; x_wconf 89' lang='lat' dir='ltr'><strong>heri</strong></span> <span class='ocrx_word' id='word_1_552' title='bbox 3379 2665 3563 2719; x_wconf 86' lang='lat' dir='ltr'><strong>Domi-</strong></span> 
     </span>
    </p>
   </div>
   <div class='ocr_carea' id='block_1_74' title="bbox 1985 2757 3561 2833">
    <p class='ocr_par' dir='ltr' id='par_1_74' title="bbox 1985 2757 3561 2833">
     <span class='ocr_line' id='line_1_74' title="bbox 1985 2757 3561 2833; baseline -0.015 0"><span class='ocrx_word' id='word_1_553' title='bbox 1985 2792 2086 2833; x_wconf 89' lang='lat' dir='ltr'><strong>nus</strong></span> <span class='ocrx_word' id='word_1_554' title='bbox 2111 2773 2347 2829; x_wconf 83' lang='lat' dir='ltr'><strong>Matthaei</strong></span> <span class='ocrx_word' id='word_1_555' title='bbox 2377 2785 2473 2826; x_wconf 91' lang='lat' dir='ltr'><strong>ore</strong></span> <span class='ocrx_word' id='word_1_556' title='bbox 2502 2767 2718 2822; x_wconf 89' lang='lat' dir='ltr'><strong>dicebat</strong></span> <span class='ocrx_word' id='word_1_557' title='bbox 2748 2787 2763 2821; x_wconf 86' lang='lat'><strong>:</strong></span> <span class='ocrx_word' id='word_1_558' title='bbox 2795 2764 3104 2833; x_wconf 79' lang='lat' dir='ltr'><strong>Quicunque</strong></span> <span class='ocrx_word' id='word_1_559' title='bbox 3146 2760 3335 2814; x_wconf 80' lang='lat' dir='ltr'><strong>videri:</strong></span> <span class='ocrx_word' id='word_1_560' title='bbox 3384 2757 3561 2811; x_wconf 86' lang='lat' dir='ltr'><strong>mulie-</strong></span> 
     </span>
    </p>
   </div>
   <div class='ocr_carea' id='block_1_75' title="bbox 1988 2845 3566 2932">
    <p class='ocr_par' dir='ltr' id='par_1_75' title="bbox 1988 2845 3566 2932">
     <span class='ocr_line' id='line_1_75' title="bbox 1988 2845 3566 2932; baseline -0.016 -9"><span class='ocrx_word' id='word_1_561' title='bbox 1988 2884 2095 2922; x_wconf 84' lang='lat' dir='ltr'><strong>rem</strong></span> <span class='ocrx_word' id='word_1_562' title='bbox 2125 2866 2192 2920; x_wconf 79' lang='lat' dir='ltr'><strong>ad</strong></span> <span class='ocrx_word' id='word_1_563' title='bbox 2228 2859 2732 2932; x_wconf 86' lang='lat' dir='ltr'><strong>concupiscendum,</strong></span> <span class='ocrx_word' id='word_1_564' title='bbox 2761 2854 2875 2923; x_wconf 79' lang='lat' dir='ltr'><strong>jam</strong></span> <span class='ocrx_word' id='word_1_565' title='bbox 2920 2851 3206 2905; x_wconf 76' lang='lat' dir='ltr'><strong>moechatus</strong></span> <span class='ocrx_word' id='word_1_566' title='bbox 3248 2856 3323 2902; x_wconf 79' lang='lat' dir='ltr'><strong>est</strong></span> <span class='ocrx_word' id='word_1_567' title='bbox 3363 2862 3476 2900; x_wconf 86' lang='lat' dir='ltr'><strong>eam</strong></span> <span class='ocrx_word' id='word_1_568' title='bbox 3510 2845 3566 2897; x_wconf 85' lang='lat' dir='ltr'><strong>in</strong></span> 
     </span>
    </p>
   </div>
   <div class='ocr_carea' id='block_1_76' title="bbox 1990 2935 3567 3022">
    <p class='ocr_par' dir='ltr' id='par_1_76' title="bbox 1990 2935 3567 3022">
     <span class='ocr_line' id='line_1_76' title="bbox 1990 2935 3567 3022; baseline -0.017 -9"><span class='ocrx_word' id='word_1_569' title='bbox 1990 2959 2142 3013; x_wconf 84' lang='lat' dir='ltr'><strong>corde</strong></span> <span class='ocrx_word' id='word_1_570' title='bbox 2171 2954 2326 3010; x_wconf 78' lang='lat' dir='ltr'><strong>suo”</strong></span> <span class='ocrx_word' id='word_1_571' title='bbox 2362 2973 2375 3009; x_wconf 89' lang='lat'><strong>:</strong></span> <span class='ocrx_word' id='word_1_572' title='bbox 2415 2959 2740 3022; x_wconf 65' lang='lat' dir='ltr'><strong>praestatque</strong></span> <span class='ocrx_word' id='word_1_573' title='bbox 2756 2943 3072 2999; x_wconf 82' lang='lat' dir='ltr'><strong>exscindere</strong></span> <span class='ocrx_word' id='word_1_574' title='bbox 3104 2941 3309 3009; x_wconf 74' lang='lat' dir='ltr'><strong>ipsum,</strong></span> <span class='ocrx_word' id='word_1_575' title='bbox 3350 2952 3467 2989; x_wconf 90' lang='lat' dir='ltr'><strong>cum</strong></span> <span class='ocrx_word' id='word_1_576' title='bbox 3502 2935 3567 2988; x_wconf 89' lang='lat' dir='ltr'><strong>ad</strong></span> 
     </span>
    </p>
   </div>
   <div class='ocr_carea' id='block_1_77' title="bbox 1990 3030 3567 3111">
    <p class='ocr_par' dir='ltr' id='par_1_77' title="bbox 1990 3030 3567 3111">
     <span class='ocr_line' id='line_1_77' title="bbox 1990 3030 3567 3111; baseline -0.016 -9"><span class='ocrx_word' id='word_1_577' title='bbox 1990 3047 2130 3102; x_wconf 67' lang='lat' dir='ltr'><strong>{teda</strong></span> <span class='ocrx_word' id='word_1_578' title='bbox 2160 3062 2223 3102; x_wconf 89' lang='lat' dir='ltr'><strong>ac</strong></span> <span class='ocrx_word' id='word_1_579' title='bbox 2246 3045 2401 3100; x_wconf 79' lang='lat' dir='ltr'><strong>noxia</strong></span> <span class='ocrx_word' id='word_1_580' title='bbox 2432 3039 2699 3111; x_wconf 77' lang='lat' dir='ltr'><strong>aSpicit“.</strong></span> <span class='ocrx_word' id='word_1_581' title='bbox 2742 3035 2848 3090; x_wconf 88' lang='lat' dir='ltr'><strong>Sed</strong></span> <span class='ocrx_word' id='word_1_582' title='bbox 2879 3044 2931 3088; x_wconf 93' lang='lat' dir='ltr'><strong>et</strong></span> <span class='ocrx_word' id='word_1_583' title='bbox 2962 3032 3108 3086; x_wconf 90' lang='lat' dir='ltr'><strong>auris</strong></span> <span class='ocrx_word' id='word_1_584' title='bbox 3129 3030 3325 3083; x_wconf 89' lang='lat' dir='ltr'><strong>malum</strong></span> <span class='ocrx_word' id='word_1_585' title='bbox 3355 3039 3567 3079; x_wconf 90' lang='lat' dir='ltr'><strong>omnem</strong></span> 
     </span>
    </p>
   </div>
   <div class='ocr_carea' id='block_1_78' title="bbox 1992 3119 3570 3204">
    <p class='ocr_par' dir='ltr' id='par_1_78' title="bbox 1992 3119 3570 3204">
     <span class='ocr_line' id='line_1_78' title="bbox 1992 3119 3570 3204; baseline -0.015 -13"><span class='ocrx_word' id='word_1_586' title='bbox 1992 3138 2239 3192; x_wconf 85' lang='lat' dir='ltr'><strong>auditum</strong></span> <span class='ocrx_word' id='word_1_587' title='bbox 2292 3130 2633 3204; x_wconf 86' lang='lat' dir='ltr'><strong>prohibentia</strong></span> <span class='ocrx_word' id='word_1_588' title='bbox 2661 3125 2772 3200; x_wconf 76' lang='grc'><strong>(15)</strong></span> <span class='ocrx_word' id='word_1_589' title='bbox 2811 3132 3073 3196; x_wconf 58' lang='lat' dir='ltr'><strong>praecl-pta</strong></span> <span class='ocrx_word' id='word_1_590' title='bbox 3108 3120 3275 3173; x_wconf 84' lang='lat' dir='ltr'><strong>audit.</strong></span> <span class='ocrx_word' id='word_1_591' title='bbox 3300 3119 3380 3171; x_wconf 86' lang='lat' dir='ltr'><strong>Ad</strong></span> <span class='ocrx_word' id='word_1_592' title='bbox 3408 3130 3570 3170; x_wconf 84' lang='lat' dir='ltr'><strong>sanos</strong></span> 
     </span>
    </p>
   </div>
   <div class='ocr_carea' id='block_1_79' title="bbox 1993 3223 3570 3294">
    <p class='ocr_par' dir='ltr' id='par_1_79' title="bbox 1993 3223 3570 3294">
     <span class='ocr_line' id='line_1_79' title="bbox 1993 3223 3570 3294; baseline -0.013 -11"><span class='ocrx_word' id='word_1_593' title='bbox 1993 3229 2136 3285; x_wconf 91' lang='lat' dir='ltr'><strong>enim</strong></span> <span class='ocrx_word' id='word_1_594' title='bbox 2172 3228 2446 3294; x_wconf 87' lang='lat' dir='ltr'><strong>bonosque</strong></span> <span class='ocrx_word' id='word_1_595' title='bbox 2477 3235 2759 3277; x_wconf 88' lang='lat' dir='ltr'><strong>sermones</strong></span> <span class='ocrx_word' id='word_1_596' title='bbox 2808 3224 3018 3287; x_wconf 86' lang='lat' dir='ltr'><strong>oportet</strong></span> <span class='ocrx_word' id='word_1_597' title='bbox 3059 3223 3296 3283; x_wconf 87' lang='lat' dir='ltr'><strong>apertam</strong></span> <span class='ocrx_word' id='word_1_598' title='bbox 3329 3225 3470 3272; x_wconf 87' lang='lat' dir='ltr'><strong>esse,</strong></span> <span class='ocrx_word' id='word_1_599' title='bbox 3509 3223 3570 3263; x_wconf 84' lang='lat' dir='ltr'><strong>ac</strong></span> 
     </span>
    </p>
   </div>
   <div class='ocr_carea' id='block_1_80' title="bbox 1993 3288 3645 3382">
    <p class='ocr_par' dir='ltr' id='par_1_80' title="bbox 1993 3288 3645 3382">
     <span class='ocr_line' id='line_1_80' title="bbox 1993 3288 3645 3382; baseline -0.015 -8"><span class='ocrx_word' id='word_1_600' title='bbox 1993 3319 2046 3374; x_wconf 92' lang='lat' dir='ltr'><strong>in</strong></span> <span class='ocrx_word' id='word_1_601' title='bbox 2083 3320 2320 3373; x_wconf 90' lang='lat' dir='ltr'><strong>animum</strong></span> <span class='ocrx_word' id='word_1_602' title='bbox 2347 3355 2363 3379; x_wconf 95' lang='lat'><strong>,</strong></span> <span class='ocrx_word' id='word_1_603' title='bbox 2405 3329 2502 3369; x_wconf 91' lang='lat' dir='ltr'><strong>suo</strong></span> <span class='ocrx_word' id='word_1_604' title='bbox 2533 3314 2703 3382; x_wconf 84' lang='lat' dir='ltr'><strong>ipsam</strong></span> <span class='ocrx_word' id='word_1_605' title='bbox 2734 3322 2937 3376; x_wconf 79' lang='lat' dir='ltr'><strong>organo</strong></span> <span class='ocrx_word' id='word_1_606' title='bbox 2966 3306 3114 3358; x_wconf 91' lang='lat' dir='ltr'><strong>velut</strong></span> <span class='ocrx_word' id='word_1_607' title='bbox 3144 3302 3291 3366; x_wconf 88' lang='lat' dir='ltr'><strong>tubo,</strong></span> <span class='ocrx_word' id='word_1_608' title='bbox 3313 3301 3571 3355; x_wconf 85' lang='lat' dir='ltr'><strong>conducl-</strong></span> <span class='ocrx_word' id='word_1_609' title='bbox 3640 3288 3645 3293; x_wconf 58' lang='grc'>’</span> 
     </span>
    </p>
   </div>
   <div class='ocr_carea' id='block_1_81' title="bbox 1993 3398 3177 3468">
    <p class='ocr_par' dir='ltr' id='par_1_81' title="bbox 1993 3398 3177 3468">
     <span class='ocr_line' id='line_1_81' title="bbox 1993 3398 3177 3468; baseline -0.016 0"><span class='ocrx_word' id='word_1_610' title='bbox 1993 3412 2176 3468; x_wconf 89' lang='lat' dir='ltr'><strong>bilium</strong></span> <span class='ocrx_word' id='word_1_611' title='bbox 2211 3422 2519 3465; x_wconf 85' lang='lat' dir='ltr'><strong>sermonum</strong></span> <span class='ocrx_word' id='word_1_612' title='bbox 2549 3418 2763 3459; x_wconf 87' lang='lat' dir='ltr'><strong>sensum</strong></span> <span class='ocrx_word' id='word_1_613' title='bbox 2789 3398 3177 3455; x_wconf 87' lang='lat' dir='ltr'><strong>transmittere.</strong></span> 
     </span>
    </p>
   </div>
   <div class='ocr_carea' id='block_1_82' title="bbox 2064 3487 3570 3570">
    <p class='ocr_par' dir='ltr' id='par_1_82' title="bbox 2064 3487 3570 3570">
     <span class='ocr_line' id='line_1_82' title="bbox 2064 3487 3570 3570; baseline -0.017 -12"><span class='ocrx_word' id='word_1_614' title='bbox 2064 3504 2135 3559; x_wconf 82' lang='lat' dir='ltr'><strong>At</strong></span> <span class='ocrx_word' id='word_1_615' title='bbox 2160 3503 2204 3557; x_wconf 90' lang='lat' dir='ltr'><strong>si</strong></span> <span class='ocrx_word' id='word_1_616' title='bbox 2239 3502 2358 3570; x_wconf 83' lang='lat' dir='ltr'><strong>quis</strong></span> <span class='ocrx_word' id='word_1_617' title='bbox 2385 3498 2637 3552; x_wconf 89' lang='lat' dir='ltr'><strong>vitiorum</strong></span> <span class='ocrx_word' id='word_1_618' title='bbox 2672 3492 2877 3549; x_wconf 87' lang='lat' dir='ltr'><strong>assecla</strong></span> <span class='ocrx_word' id='word_1_619' title='bbox 2903 3533 2917 3554; x_wconf 85' lang='lat'><strong>,</strong></span> <span class='ocrx_word' id='word_1_620' title='bbox 2948 3487 3310 3560; x_wconf 88' lang='lat' dir='ltr'><strong>pestilensque</strong></span> <span class='ocrx_word' id='word_1_621' title='bbox 3350 3496 3411 3536; x_wconf 89' lang='lat' dir='ltr'><strong>ac</strong></span> <span class='ocrx_word' id='word_1_622' title='bbox 3445 3495 3570 3550; x_wconf 87' lang='lat' dir='ltr'><strong>per-</strong></span> 
     </span>
    </p>
   </div>
   <div class='ocr_carea' id='block_1_83' title="bbox 1995 3579 3573 3662">
    <p class='ocr_par' dir='ltr' id='par_1_83' title="bbox 1995 3579 3573 3662">
     <span class='ocr_line' id='line_1_83' title="bbox 1995 3579 3573 3662; baseline -0.019 -10"><span class='ocrx_word' id='word_1_623' title='bbox 1995 3596 2231 3652; x_wconf 86' lang='lat' dir='ltr'><strong>niciosus</strong></span> <span class='ocrx_word' id='word_1_624' title='bbox 2258 3593 2476 3662; x_wconf 88' lang='lat' dir='ltr'><strong>propius</strong></span> <span class='ocrx_word' id='word_1_625' title='bbox 2505 3589 2749 3653; x_wconf 81' lang='lat' dir='ltr'><strong>accedat,</strong></span> <span class='ocrx_word' id='word_1_626' title='bbox 2774 3583 2978 3655; x_wconf 83' lang='lat' dir='ltr'><strong>peccati</strong></span> <span class='ocrx_word' id='word_1_627' title='bbox 3011 3579 3290 3635; x_wconf 76' lang='lat' dir='ltr'><strong>infusurus</strong></span> <span class='ocrx_word' id='word_1_628' title='bbox 3338 3586 3573 3635; x_wconf 74' lang='lat' dir='ltr'><strong>caenum,</strong></span> 
     </span>
    </p>
   </div>
   <div class='ocr_carea' id='block_1_84' title="bbox 1996 3673 3573 3756">
    <p class='ocr_par' dir='ltr' id='par_1_84' title="bbox 1996 3673 3573 3756">
     <span class='ocr_line' id='line_1_84' title="bbox 1996 3673 3573 3756; baseline -0.015 -16"><span class='ocrx_word' id='word_1_629' title='bbox 1996 3686 2282 3756; x_wconf 74' lang='lat' dir='ltr'><strong>fugiendus</strong></span> <span class='ocrx_word' id='word_1_630' title='bbox 2310 3684 2396 3737; x_wconf 90' lang='lat' dir='ltr'><strong>ille</strong></span> <span class='ocrx_word' id='word_1_631' title='bbox 2422 3691 2584 3750; x_wconf 86' lang='lat' dir='ltr'><strong>atque</strong></span> <span class='ocrx_word' id='word_1_632' title='bbox 2614 3679 2869 3733; x_wconf 87' lang='lat' dir='ltr'><strong>vitandus</strong></span> <span class='ocrx_word' id='word_1_633' title='bbox 2889 3717 2903 3741; x_wconf 97' lang='lat'><strong>,</strong></span> <span class='ocrx_word' id='word_1_634' title='bbox 2944 3673 3084 3727; x_wconf 87' lang='lat' dir='ltr'><strong>haud</strong></span> <span class='ocrx_word' id='word_1_635' title='bbox 3118 3685 3274 3725; x_wconf 83' lang='lat' dir='ltr'><strong>secus</strong></span> <span class='ocrx_word' id='word_1_636' title='bbox 3302 3677 3461 3733; x_wconf 80' lang='lat' dir='ltr'><strong>atque</strong></span> <span class='ocrx_word' id='word_1_637' title='bbox 3486 3678 3573 3717; x_wconf 89' lang='lat' dir='ltr'><strong>ve-</strong></span> 
     </span>
    </p>
   </div>
   <div class='ocr_carea' id='block_1_85' title="bbox 1996 3754 3572 3841">
    <p class='ocr_par' dir='ltr' id='par_1_85' title="bbox 1996 3754 3572 3841">
     <span class='ocr_line' id='line_1_85' title="bbox 1996 3754 3572 3841; baseline -0.016 -11"><span class='ocrx_word' id='word_1_638' title='bbox 1996 3754 2231 3831; x_wconf 75' lang='lat' dir='ltr'><strong>nenosus</strong></span> <span class='ocrx_word' id='word_1_639' title='bbox 2258 3785 2502 3841; x_wconf 89' lang='lat' dir='ltr'><strong>serpens.</strong></span> <span class='ocrx_word' id='word_1_640' title='bbox 2533 3768 2606 3824; x_wconf 90' lang='lat' dir='ltr'><strong>Os</strong></span> <span class='ocrx_word' id='word_1_641' title='bbox 2635 3769 2798 3822; x_wconf 89' lang='lat' dir='ltr'><strong>etiam</strong></span> <span class='ocrx_word' id='word_1_642' title='bbox 2830 3779 2892 3818; x_wconf 91' lang='lat' dir='ltr'><strong>ac</strong></span> <span class='ocrx_word' id='word_1_643' title='bbox 2931 3763 3106 3830; x_wconf 83' lang='lat' dir='ltr'><strong>lingua</strong></span> <span class='ocrx_word' id='word_1_644' title='bbox 3143 3758 3401 3826; x_wconf 79' lang='lat' dir='ltr'><strong>castigata</strong></span> <span class='ocrx_word' id='word_1_645' title='bbox 3428 3754 3529 3808; x_wconf 91' lang='lat' dir='ltr'><strong>sint</strong></span> <span class='ocrx_word' id='word_1_646' title='bbox 3556 3793 3572 3817; x_wconf 95' lang='lat'><strong>,</strong></span> 
     </span>
    </p>
   </div>
   <div class='ocr_carea' id='block_1_86' title="bbox 1997 3846 3575 3921">
    <p class='ocr_par' dir='ltr' id='par_1_86' title="bbox 1997 3846 3575 3921">
     <span class='ocr_line' id='line_1_86' title="bbox 1997 3846 3575 3921; baseline -0.015 -1"><span class='ocrx_word' id='word_1_647' title='bbox 1997 3875 2058 3921; x_wconf 91' lang='lat' dir='ltr'><strong>ut</strong></span> <span class='ocrx_word' id='word_1_648' title='bbox 2084 3866 2220 3919; x_wconf 87' lang='lat' dir='ltr'><strong>bona</strong></span> <span class='ocrx_word' id='word_1_649' title='bbox 2271 3873 2478 3916; x_wconf 87' lang='lat' dir='ltr'><strong>tantum</strong></span> <span class='ocrx_word' id='word_1_650' title='bbox 2512 3868 2566 3912; x_wconf 89' lang='lat' dir='ltr'><strong>et</strong></span> <span class='ocrx_word' id='word_1_651' title='bbox 2611 3858 2832 3911; x_wconf 87' lang='lat' dir='ltr'><strong>honesta</strong></span> <span class='ocrx_word' id='word_1_652' title='bbox 2883 3858 3166 3921; x_wconf 86' lang='lat' dir='ltr'><strong>promant;</strong></span> <span class='ocrx_word' id='word_1_653' title='bbox 3207 3863 3234 3899; x_wconf 90' lang='lat' dir='ltr'><strong>a</strong></span> <span class='ocrx_word' id='word_1_654' title='bbox 3272 3846 3429 3900; x_wconf 71' lang='lat' dir='ltr'><strong>[mdis</strong></span> <span class='ocrx_word' id='word_1_655' title='bbox 3452 3857 3575 3897; x_wconf 89' lang='lat' dir='ltr'><strong>vero</strong></span> 
     </span>
    </p>
   </div>
   <div class='ocr_carea' id='block_1_87' title="bbox 1996 3933 3575 4023">
    <p class='ocr_par' dir='ltr' id='par_1_87' title="bbox 1996 3933 3575 4023">
     <span class='ocr_line' id='line_1_87' title="bbox 1996 3933 3575 4023; baseline -0.016 -12"><span class='ocrx_word' id='word_1_656' title='bbox 1996 3955 2282 4023; x_wconf 84' lang='lat' dir='ltr'><strong>vetitisque</strong></span> <span class='ocrx_word' id='word_1_657' title='bbox 2325 3951 2668 4011; x_wconf 85' lang='lat' dir='ltr'><strong>abstineant;</strong></span> <span class='ocrx_word' id='word_1_658' title='bbox 2699 3957 2889 4012; x_wconf 90' lang='lat' dir='ltr'><strong>nempe</strong></span> <span class='ocrx_word' id='word_1_659' title='bbox 2917 3957 2945 3993; x_wconf 88' lang='lat' dir='ltr'><strong>a</strong></span> <span class='ocrx_word' id='word_1_660' title='bbox 2974 3937 3243 3994; x_wconf 84' lang='lat' dir='ltr'><strong>conviciis</strong></span> <span class='ocrx_word' id='word_1_661' title='bbox 3268 3976 3283 4001; x_wconf 92' lang='lat'><strong>,</strong></span> <span class='ocrx_word' id='word_1_662' title='bbox 3311 3950 3338 3987; x_wconf 86' lang='lat' dir='ltr'><strong>a</strong></span> <span class='ocrx_word' id='word_1_663' title='bbox 3370 3933 3575 3987; x_wconf 90' lang='lat' dir='ltr'><strong>calum-</strong></span> 
     </span>
    </p>
   </div>
   <div class='ocr_carea' id='block_1_88' title="bbox 1999 4023 3575 4113">
    <p class='ocr_par' dir='ltr' id='par_1_88' title="bbox 1999 4023 3575 4113">
     <span class='ocr_line' id='line_1_88' title="bbox 1999 4023 3575 4113; baseline -0.016 -12"><span class='ocrx_word' id='word_1_664' title='bbox 1999 4046 2104 4102; x_wconf 88' lang='lat' dir='ltr'><strong>niis</strong></span> <span class='ocrx_word' id='word_1_665' title='bbox 2125 4084 2141 4110; x_wconf 92' lang='lat'><strong>,</strong></span> <span class='ocrx_word' id='word_1_666' title='bbox 2167 4045 2353 4113; x_wconf 89' lang='lat' dir='ltr'><strong>iniqua</strong></span> <span class='ocrx_word' id='word_1_667' title='bbox 2377 4037 2785 4100; x_wconf 90' lang='lat' dir='ltr'><strong>criminatione,</strong></span> <span class='ocrx_word' id='word_1_668' title='bbox 2816 4032 3149 4087; x_wconf 89' lang='lat' dir='ltr'><strong>detractione</strong></span> <span class='ocrx_word' id='word_1_669' title='bbox 3182 4028 3441 4081; x_wconf 80' lang='lat' dir='ltr'><strong>adversus</strong></span> <span class='ocrx_word' id='word_1_670' title='bbox 3470 4023 3575 4077; x_wconf 76' lang='lat' dir='ltr'><strong>fra-</strong></span> 
     </span>
    </p>
   </div>
   <div class='ocr_carea' id='block_1_89' title="bbox 2002 4116 3577 4202">
    <p class='ocr_par' dir='ltr' id='par_1_89' title="bbox 2002 4116 3577 4202">
     <span class='ocr_line' id='line_1_89' title="bbox 2002 4116 3577 4202; baseline -0.013 -11"><span class='ocrx_word' id='word_1_671' title='bbox 2002 4146 2144 4200; x_wconf 86' lang='lat' dir='ltr'><strong>tres,</strong></span> <span class='ocrx_word' id='word_1_672' title='bbox 2183 4149 2246 4188; x_wconf 90' lang='lat' dir='ltr'><strong>ac</strong></span> <span class='ocrx_word' id='word_1_673' title='bbox 2285 4129 2616 4202; x_wconf 85' lang='lat' dir='ltr'><strong>blasphemia</strong></span> <span class='ocrx_word' id='word_1_674' title='bbox 2659 4135 2845 4182; x_wconf 89' lang='lat' dir='ltr'><strong>contra</strong></span> <span class='ocrx_word' id='word_1_675' title='bbox 2890 4123 3090 4189; x_wconf 90' lang='lat' dir='ltr'><strong>Deum,</strong></span> <span class='ocrx_word' id='word_1_676' title='bbox 3125 4133 3420 4185; x_wconf 81' lang='lat' dir='ltr'><strong>eorumque</strong></span> <span class='ocrx_word' id='word_1_677' title='bbox 3460 4116 3577 4170; x_wconf 88' lang='lat' dir='ltr'><strong>loco</strong></span> 
     </span>
    </p>
   </div>
   <div class='ocr_carea' id='block_1_90' title="bbox 2000 4208 3576 4298">
    <p class='ocr_par' dir='ltr' id='par_1_90' title="bbox 2000 4208 3576 4298">
     <span class='ocr_line' id='line_1_90' title="bbox 2000 4208 3576 4298; baseline -0.013 -18"><span class='ocrx_word' id='word_1_678' title='bbox 2000 4224 2299 4298; x_wconf 82' lang='lat' dir='ltr'><strong>proferant,</strong></span> <span class='ocrx_word' id='word_1_679' title='bbox 2332 4223 2376 4277; x_wconf 91' lang='lat' dir='ltr'><strong>si</strong></span> <span class='ocrx_word' id='word_1_680' title='bbox 2409 4237 2511 4292; x_wconf 85' lang='lat' dir='ltr'><strong>qua</strong></span> <span class='ocrx_word' id='word_1_681' title='bbox 2538 4219 2677 4274; x_wconf 90' lang='lat' dir='ltr'><strong>buna</strong></span> <span class='ocrx_word' id='word_1_682' title='bbox 2706 4258 2721 4283; x_wconf 95' lang='lat'><strong>,</strong></span> <span class='ocrx_word' id='word_1_683' title='bbox 2755 4218 2798 4271; x_wconf 90' lang='lat' dir='ltr'><strong>si</strong></span> <span class='ocrx_word' id='word_1_684' title='bbox 2832 4231 2932 4284; x_wconf 89' lang='lat' dir='ltr'><strong>qua</strong></span> <span class='ocrx_word' id='word_1_685' title='bbox 2959 4216 3067 4283; x_wconf 89' lang='lat' dir='ltr'><strong>pia,</strong></span> <span class='ocrx_word' id='word_1_686' title='bbox 3103 4212 3147 4267; x_wconf 90' lang='lat' dir='ltr'><strong>si</strong></span> <span class='ocrx_word' id='word_1_687' title='bbox 3180 4225 3284 4280; x_wconf 90' lang='lat' dir='ltr'><strong>qua</strong></span> <span class='ocrx_word' id='word_1_688' title='bbox 3319 4208 3576 4262; x_wconf 89' lang='lat' dir='ltr'><strong>bonarum</strong></span> 
     </span>
    </p>
   </div>
   <div class='ocr_carea' id='block_1_91' title="bbox 2005 4298 3578 4373">
    <p class='ocr_par' dir='ltr' id='par_1_91' title="bbox 2005 4298 3578 4373">
     <span class='ocr_line' id='line_1_91' title="bbox 2005 4298 3578 4373; baseline -0.013 0"><span class='ocrx_word' id='word_1_689' title='bbox 2005 4318 2276 4373; x_wconf 87' lang='lat' dir='ltr'><strong>actionum</strong></span> <span class='ocrx_word' id='word_1_690' title='bbox 2316 4314 2599 4370; x_wconf 87' lang='lat' dir='ltr'><strong>consilium</strong></span> <span class='ocrx_word' id='word_1_691' title='bbox 2646 4311 2880 4364; x_wconf 86' lang='lat' dir='ltr'><strong>habeant</strong></span> <span class='ocrx_word' id='word_1_692' title='bbox 2927 4321 2989 4358; x_wconf 87' lang='lat' dir='ltr'><strong>ac</strong></span> <span class='ocrx_word' id='word_1_693' title='bbox 3021 4303 3373 4357; x_wconf 83' lang='lat' dir='ltr'><strong>incentivum.</strong></span> <span class='ocrx_word' id='word_1_694' title='bbox 3423 4298 3578 4353; x_wconf 85' lang='lat' dir='ltr'><strong>Sacri</strong></span> 
     </span>
    </p>
   </div>
   <div class='ocr_carea' id='block_1_92' title="bbox 326 4387 1889 4479">
    <p class='ocr_par' dir='ltr' id='par_1_92' title="bbox 326 4393 1889 4476">
     <span class='ocr_line' id='line_1_92' title="bbox 326 4393 1889 4476; baseline -0.008 -16"><span class='ocrx_word' id='word_1_695' title='bbox 326 4424 463 4476; x_wconf 81' lang='grc' dir='ltr'>μου,</span> <span class='ocrx_word' id='word_1_696' title='bbox 504 4402 611 4457; x_wconf 84' lang='grc' dir='ltr'>τοῦ</span> <span class='ocrx_word' id='word_1_697' title='bbox 634 4402 721 4473; x_wconf 81' lang='grc' dir='ltr'>μὴ</span> <span class='ocrx_word' id='word_1_698' title='bbox 751 4398 1111 4471; x_wconf 80' lang='grc' dir='ltr'>ἁμαρτάνειν</span> <span class='ocrx_word' id='word_1_699' title='bbox 1123 4415 1201 4468; x_wconf 80' lang='grc' dir='ltr'><strong>με</strong></span> <span class='ocrx_word' id='word_1_700' title='bbox 1231 4399 1298 4453; x_wconf 82' lang='grc' dir='ltr'>ἐν</span> <span class='ocrx_word' id='word_1_701' title='bbox 1333 4396 1583 4467; x_wconf 74' lang='grc' dir='ltr'>γλώσσῃ</span> <span class='ocrx_word' id='word_1_702' title='bbox 1617 4412 1730 4465; x_wconf 84' lang='grc' dir='ltr'><strong>μου</strong></span> <span class='ocrx_word' id='word_1_703' title='bbox 1756 4410 1772 4426; x_wconf 76' lang='grc' dir='ltr'><strong>ο</strong></span> <span class='ocrx_word' id='word_1_704' title='bbox 1811 4393 1889 4447; x_wconf 48' lang='grc' dir='ltr'>κατ</span> 
     </span>
    </p>
   </div>
   <div class='ocr_carea' id='block_1_93' title="bbox 1990 4387 3579 4479">
    <p class='ocr_par' dir='ltr' id='par_1_93' title="bbox 2007 4387 3579 4473">
     <span class='ocr_line' id='line_1_93' title="bbox 2007 4387 3579 4473; baseline -0.014 -11"><span class='ocrx_word' id='word_1_705' title='bbox 2007 4406 2199 4462; x_wconf 74' lang='lat' dir='ltr'><strong>Psalta:</strong></span> <span class='ocrx_word' id='word_1_706' title='bbox 2227 4405 2453 4473; x_wconf 83' lang='lat' dir='ltr'><strong>quisque</strong></span> <span class='ocrx_word' id='word_1_707' title='bbox 2485 4402 2598 4454; x_wconf 65' lang='lat' dir='ltr'><strong>haec</strong></span> <span class='ocrx_word' id='word_1_708' title='bbox 2621 4405 2841 4466; x_wconf 89' lang='lat' dir='ltr'><strong>usurpet</strong></span> <span class='ocrx_word' id='word_1_709' title='bbox 2873 4409 2889 4448; x_wconf 93' lang='lat'><strong>:</strong></span> <span class='ocrx_word' id='word_1_710' title='bbox 2926 4393 3047 4447; x_wconf 73' lang='lat' dir='ltr'><strong>Dixi</strong></span> <span class='ocrx_word' id='word_1_711' title='bbox 3084 4407 3102 4445; x_wconf 91' lang='lat'><strong><em>:</em></strong></span> <span class='ocrx_word' id='word_1_712' title='bbox 3135 4388 3439 4445; x_wconf 77' lang='lat' dir='ltr'><strong>Custodiam</strong></span> <span class='ocrx_word' id='word_1_713' title='bbox 3468 4387 3579 4440; x_wconf 82' lang='lat' dir='ltr'><strong>vias</strong></span> 
     </span>
    </p>
   </div>
   <div class='ocr_carea' id='block_1_94' title="bbox 332 4484 1905 4562">
    <p class='ocr_par' dir='ltr' id='par_1_94' title="bbox 332 4484 1905 4562">
     <span class='ocr_line' id='line_1_94' title="bbox 332 4484 1905 4562; baseline -0.008 -13"><span class='ocrx_word' id='word_1_714' title='bbox 332 4498 410 4559; x_wconf 83' lang='grc' dir='ltr'>τὸ,</span> <span class='ocrx_word' id='word_1_715' title='bbox 445 4493 583 4560; x_wconf 83' lang='grc' dir='ltr'>Ταῖς</span> <span class='ocrx_word' id='word_1_716' title='bbox 610 4490 918 4562; x_wconf 76' lang='grc' dir='ltr'>γλώσσαις</span> <span class='ocrx_word' id='word_1_717' title='bbox 940 4488 1138 4545; x_wconf 82' lang='grc' dir='ltr'>αὐτῶν</span> <span class='ocrx_word' id='word_1_718' title='bbox 1162 4488 1553 4543; x_wconf 75' lang='grc' dir='ltr'>ἐδολιοῦσαν·</span> <span class='ocrx_word' id='word_1_719' title='bbox 1583 4487 1676 4540; x_wconf 72' lang='grc' dir='ltr'>καὶ</span> <span class='ocrx_word' id='word_1_720' title='bbox 1708 4484 1790 4549; x_wconf 81' lang='grc' dir='ltr'>τὸ,</span> <span class='ocrx_word' id='word_1_721' title='bbox 1846 4484 1905 4537; x_wconf 83' lang='lat' dir='ltr'><strong>Tl</strong></span> 
     </span>
    </p>
   </div>
   <div class='ocr_carea' id='block_1_95' title="bbox 333 4577 1909 4658">
    <p class='ocr_par' dir='ltr' id='par_1_95' title="bbox 333 4577 1909 4658">
     <span class='ocr_line' id='line_1_95' title="bbox 333 4577 1909 4658; baseline -0.008 -18"><span class='ocrx_word' id='word_1_722' title='bbox 333 4582 632 4658; x_wconf 78' lang='grc' dir='ltr'>ὲγκαυχᾷς</span> <span class='ocrx_word' id='word_1_723' title='bbox 662 4583 950 4650; x_wconf 77' lang='grc' dir='ltr'>ἑνκακίᾳ,</span> <span class='ocrx_word' id='word_1_724' title='bbox 1001 4585 1034 4635; x_wconf 83' lang='grc' dir='ltr'><strong>ό</strong></span> <span class='ocrx_word' id='word_1_725' title='bbox 1074 4581 1329 4646; x_wconf 81' lang='grc' dir='ltr'>δυνατὸς</span> <span class='ocrx_word' id='word_1_726' title='bbox 1377 4579 1671 4648; x_wconf 82' lang='grc' dir='ltr'>ἀνομίαν;</span> <span class='ocrx_word' id='word_1_727' title='bbox 1714 4577 1909 4642; x_wconf 72' lang='grc' dir='ltr'>Ὅλην</span> 
     </span>
    </p>
   </div>
   <div class='ocr_carea' id='block_1_96' title="bbox 332 4666 1905 4746">
    <p class='ocr_par' dir='ltr' id='par_1_96' title="bbox 332 4666 1905 4746">
     <span class='ocr_line' id='line_1_96' title="bbox 332 4666 1905 4746; baseline -0.008 -14"><span class='ocrx_word' id='word_1_728' title='bbox 332 4677 445 4746; x_wconf 70' lang='grc' dir='ltr'><strong>τὴν</strong></span> <span class='ocrx_word' id='word_1_729' title='bbox 472 4676 700 4745; x_wconf 75' lang='grc' dir='ltr'>ἡμέραν</span> <span class='ocrx_word' id='word_1_730' title='bbox 743 4674 981 4729; x_wconf 80' lang='grc' dir='ltr'>ἀδικίαν</span> <span class='ocrx_word' id='word_1_731' title='bbox 1022 4673 1342 4743; x_wconf 75' lang='grc' dir='ltr'>ἐλογίσατο</span> <span class='ocrx_word' id='word_1_732' title='bbox 1397 4671 1434 4739; x_wconf 78' lang='grc' dir='ltr'><em>ἡ</em></span> <span class='ocrx_word' id='word_1_733' title='bbox 1460 4666 1713 4739; x_wconf 76' lang='grc' dir='ltr'>γλῶσσά</span> <span class='ocrx_word' id='word_1_734' title='bbox 1751 4682 1867 4720; x_wconf 91' lang='grc' dir='ltr'>σου</span> <span class='ocrx_word' id='word_1_735' title='bbox 1892 4683 1905 4697; x_wconf 74' lang='grc' dir='ltr'><strong>ο</strong></span> 
     </span>
    </p>
   </div>
   <div class='ocr_carea' id='block_1_97' title="bbox 333 4755 1913 4835">
    <p class='ocr_par' dir='ltr' id='par_1_97' title="bbox 333 4755 1913 4835">
     <span class='ocr_line' id='line_1_97' title="bbox 333 4755 1913 4835; baseline -0.009 -12"><span class='ocrx_word' id='word_1_736' title='bbox 333 4770 472 4823; x_wconf 81' lang='grc' dir='ltr'>ὡσεί</span> <span class='ocrx_word' id='word_1_737' title='bbox 503 4767 688 4835; x_wconf 78' lang='grc' dir='ltr'>ξυρὸν</span> <span class='ocrx_word' id='word_1_738' title='bbox 720 4765 1095 4834; x_wconf 77' lang='grc' dir='ltr'>ἠκονημένον</span> <span class='ocrx_word' id='word_1_739' title='bbox 1119 4763 1407 4830; x_wconf 82' lang='grc' dir='ltr'>ἐποίησας</span> <span class='ocrx_word' id='word_1_740' title='bbox 1430 4760 1632 4815; x_wconf 81' lang='grc' dir='ltr'>δόλον.</span> <span class='ocrx_word' id='word_1_741' title='bbox 1661 4755 1913 4810; x_wconf 83' lang='grc' dir='ltr'>Γευέσθω</span> 
     </span>
    </p>
   </div>
   <div class='ocr_carea' id='block_1_98' title="bbox 335 4846 1908 4925">
    <p class='ocr_par' dir='ltr' id='par_1_98' title="bbox 335 4846 1908 4925">
     <span class='ocr_line' id='line_1_98' title="bbox 335 4846 1908 4925; baseline -0.01 -13"><span class='ocrx_word' id='word_1_742' title='bbox 335 4859 444 4913; x_wconf 83' lang='grc' dir='ltr'><strong>τῶν</strong></span> <span class='ocrx_word' id='word_1_743' title='bbox 473 4856 822 4925; x_wconf 71' lang='grc' dir='ltr'>ὠφελούντων</span> <span class='ocrx_word' id='word_1_744' title='bbox 852 4854 913 4908; x_wconf 77' lang='grc' dir='ltr'>τὸ</span> <span class='ocrx_word' id='word_1_745' title='bbox 965 4854 1159 4925; x_wconf 87' lang='grc' dir='ltr'>στόμα,</span> <span class='ocrx_word' id='word_1_746' title='bbox 1217 4850 1586 4922; x_wconf 83' lang='grc' dir='ltr'>Σωφρωνείτω</span> <span class='ocrx_word' id='word_1_747' title='bbox 1611 4847 1705 4902; x_wconf 79' lang='grc' dir='ltr'>καὶ</span> <span class='ocrx_word' id='word_1_748' title='bbox 1728 4849 1761 4917; x_wconf 85' lang='grc' dir='ltr'>ὴ</span> <span class='ocrx_word' id='word_1_749' title='bbox 1804 4846 1908 4917; x_wconf 77' lang='grc' dir='ltr'>ῥὶς,</span> 
     </span>
    </p>
   </div>
   <div class='ocr_carea' id='block_1_99' title="bbox 340 4937 1910 5022">
    <p class='ocr_par' dir='ltr' id='par_1_99' title="bbox 340 4937 1910 5022">
     <span class='ocr_line' id='line_1_99' title="bbox 340 4937 1910 5022; baseline -0.009 -18"><span class='ocrx_word' id='word_1_750' title='bbox 340 4950 415 5022; x_wconf 77' lang='grc' dir='ltr'>μὴ</span> <span class='ocrx_word' id='word_1_751' title='bbox 445 4949 652 5020; x_wconf 79' lang='grc' dir='ltr'>τρυφὴν</span> <span class='ocrx_word' id='word_1_752' title='bbox 680 4948 768 5001; x_wconf 70' lang='grc' dir='ltr'>ἀεὶ</span> <span class='ocrx_word' id='word_1_753' title='bbox 788 4946 1208 5017; x_wconf 85' lang='grc' dir='ltr'>ὀσφραινομένη,</span> <span class='ocrx_word' id='word_1_754' title='bbox 1240 4946 1375 5015; x_wconf 82' lang='grc' dir='ltr'>μήτε</span> <span class='ocrx_word' id='word_1_755' title='bbox 1403 4940 1586 5013; x_wconf 87' lang='grc' dir='ltr'>μύρων</span> <span class='ocrx_word' id='word_1_756' title='bbox 1610 4937 1910 4993; x_wconf 88' lang='grc' dir='ltr'>πολυτελῶν</span> 
     </span>
    </p>
   </div>
   <div class='ocr_carea' id='block_1_100' title="bbox 333 5027 1911 5115">
    <p class='ocr_par' dir='ltr' id='par_1_100' title="bbox 333 5027 1911 5115">
     <span class='ocr_line' id='line_1_100' title="bbox 333 5027 1911 5115; baseline -0.011 -18"><span class='ocrx_word' id='word_1_757' title='bbox 333 5043 538 5115; x_wconf 73' lang='grc' dir='ltr'>ἀτμοὺς</span> <span class='ocrx_word' id='word_1_758' title='bbox 570 5039 791 5102; x_wconf 80' lang='grc' dir='ltr'>εὐώδεις</span> <span class='ocrx_word' id='word_1_759' title='bbox 841 5039 935 5091; x_wconf 77' lang='grc' dir='ltr'><strong>ἐπὶ</strong></span> <span class='ocrx_word' id='word_1_760' title='bbox 975 5036 1075 5106; x_wconf 79' lang='grc' dir='ltr'>τὴν</span> <span class='ocrx_word' id='word_1_761' title='bbox 1120 5033 1358 5105; x_wconf 82' lang='grc' dir='ltr'>κεφαλὴν</span> <span class='ocrx_word' id='word_1_762' title='bbox 1412 5032 1729 5087; x_wconf 85' lang='grc' dir='ltr'>ἀνέλκουσα.</span> <span class='ocrx_word' id='word_1_763' title='bbox 1789 5027 1911 5081; x_wconf 90' lang='grc' dir='ltr'>Τῶν</span> 
     </span>
    </p>
   </div>
   <div class='ocr_carea' id='block_1_101' title="bbox 2008 4478 3580 4560">
    <p class='ocr_par' dir='ltr' id='par_1_101' title="bbox 2008 4478 3580 4560">
     <span class='ocr_line' id='line_1_101' title="bbox 2008 4478 3580 4560; baseline -0.013 -9"><span class='ocrx_word' id='word_1_764' title='bbox 2008 4513 2184 4558; x_wconf 84' lang='lat' dir='ltr'><strong>meas,</strong></span> <span class='ocrx_word' id='word_1_765' title='bbox 2225 4505 2278 4548; x_wconf 88' lang='lat' dir='ltr'><strong>ut</strong></span> <span class='ocrx_word' id='word_1_766' title='bbox 2315 4511 2416 4547; x_wconf 87' lang='lat' dir='ltr'><strong>non</strong></span> <span class='ocrx_word' id='word_1_767' title='bbox 2458 4491 2757 4560; x_wconf 86' lang='lat' dir='ltr'><strong>delinquam</strong></span> <span class='ocrx_word' id='word_1_768' title='bbox 2791 4490 2842 4540; x_wconf 87' lang='lat' dir='ltr'><strong>in</strong></span> <span class='ocrx_word' id='word_1_769' title='bbox 2885 4485 3063 4554; x_wconf 80' lang='lat' dir='ltr'><strong>lingua</strong></span> <span class='ocrx_word' id='word_1_770' title='bbox 3099 4498 3211 4535; x_wconf 83' lang='lat' dir='ltr'><strong>mea</strong></span> <span class='ocrx_word' id='word_1_771' title='bbox 3237 4481 3303 4547; x_wconf 80' lang='lat'><strong>&quot;;</strong></span> <span class='ocrx_word' id='word_1_772' title='bbox 3338 4489 3431 4533; x_wconf 92' lang='lat' dir='ltr'><strong>et:</strong></span> <span class='ocrx_word' id='word_1_773' title='bbox 3460 4478 3580 4531; x_wconf 77' lang='lat' dir='ltr'><strong>Lin—</strong></span> 
     </span>
    </p>
   </div>
   <div class='ocr_carea' id='block_1_102' title="bbox 2008 4568 3580 4656">
    <p class='ocr_par' dir='ltr' id='par_1_102' title="bbox 2008 4568 3580 4656">
     <span class='ocr_line' id='line_1_102' title="bbox 2008 4568 3580 4656; baseline -0.012 -16"><span class='ocrx_word' id='word_1_774' title='bbox 2008 4587 2122 4656; x_wconf 80' lang='lat' dir='ltr'><strong>guis</strong></span> <span class='ocrx_word' id='word_1_775' title='bbox 2164 4587 2271 4639; x_wconf 81' lang='lat' dir='ltr'><strong>suis</strong></span> <span class='ocrx_word' id='word_1_776' title='bbox 2302 4583 2477 4637; x_wconf 83' lang='lat' dir='ltr'><strong>dolose</strong></span> <span class='ocrx_word' id='word_1_777' title='bbox 2508 4580 2727 4650; x_wconf 82' lang='lat' dir='ltr'><strong>agebant</strong></span> <span class='ocrx_word' id='word_1_778' title='bbox 2764 4577 2840 4644; x_wconf 79' lang='grc'><strong>’⁶;</strong></span> <span class='ocrx_word' id='word_1_779' title='bbox 2861 4592 2921 4630; x_wconf 89' lang='lat' dir='ltr'><strong>ac</strong></span> <span class='ocrx_word' id='word_1_780' title='bbox 2963 4584 3224 4642; x_wconf 62' lang='lat' dir='ltr'><strong>praeterea</strong></span> <span class='ocrx_word' id='word_1_781' title='bbox 3256 4585 3271 4624; x_wconf 89' lang='lat'><strong>:</strong></span> <span class='ocrx_word' id='word_1_782' title='bbox 3300 4569 3439 4635; x_wconf 82' lang='lat' dir='ltr'><strong>Quid</strong></span> <span class='ocrx_word' id='word_1_783' title='bbox 3464 4568 3580 4639; x_wconf 75' lang='lat' dir='ltr'><strong>glo-</strong></span> 
     </span>
    </p>
   </div>
   <div class='ocr_carea' id='block_1_103' title="bbox 2010 4658 3580 4742">
    <p class='ocr_par' dir='ltr' id='par_1_103' title="bbox 2010 4658 3580 4742">
     <span class='ocr_line' id='line_1_103' title="bbox 2010 4658 3580 4742; baseline -0.013 -10"><span class='ocrx_word' id='word_1_784' title='bbox 2010 4678 2170 4732; x_wconf 86' lang='lat' dir='ltr'><strong>riaris</strong></span> <span class='ocrx_word' id='word_1_785' title='bbox 2201 4679 2255 4730; x_wconf 86' lang='lat' dir='ltr'><strong>in</strong></span> <span class='ocrx_word' id='word_1_786' title='bbox 2283 4674 2488 4728; x_wconf 85' lang='lat' dir='ltr'><strong>malitia</strong></span> <span class='ocrx_word' id='word_1_787' title='bbox 2509 4715 2522 4738; x_wconf 97' lang='lat'><strong>,</strong></span> <span class='ocrx_word' id='word_1_788' title='bbox 2544 4673 2827 4742; x_wconf 79' lang='lat' dir='ltr'><strong>quipotens</strong></span> <span class='ocrx_word' id='word_1_789' title='bbox 2851 4683 2904 4721; x_wconf 85' lang='lat' dir='ltr'><strong>es</strong></span> <span class='ocrx_word' id='word_1_790' title='bbox 2927 4661 3314 4730; x_wconf 82' lang='lat' dir='ltr'><strong>ininiquitate.’</strong></span> <span class='ocrx_word' id='word_1_791' title='bbox 3338 4658 3465 4713; x_wconf 85' lang='lat' dir='ltr'><strong>Tota</strong></span> <span class='ocrx_word' id='word_1_792' title='bbox 3498 4658 3580 4712; x_wconf 77' lang='lat' dir='ltr'><strong>die</strong></span> 
     </span>
    </p>
   </div>
   <div class='ocr_carea' id='block_1_104' title="bbox 2012 4753 3580 4839">
    <p class='ocr_par' dir='ltr' id='par_1_104' title="bbox 2012 4753 3580 4839">
     <span class='ocr_line' id='line_1_104' title="bbox 2012 4753 3580 4839; baseline -0.013 -17"><span class='ocrx_word' id='word_1_793' title='bbox 2012 4770 2324 4839; x_wconf 85' lang='lat' dir='ltr'><strong>injustitiam</strong></span> <span class='ocrx_word' id='word_1_794' title='bbox 2353 4764 2600 4835; x_wconf 78' lang='lat' dir='ltr'><strong>cogitavit</strong></span> <span class='ocrx_word' id='word_1_795' title='bbox 2625 4762 2806 4831; x_wconf 86' lang='lat' dir='ltr'><strong>lingua</strong></span> <span class='ocrx_word' id='word_1_796' title='bbox 2840 4769 2931 4813; x_wconf 82' lang='lat' dir='ltr'><strong>tua</strong></span> <span class='ocrx_word' id='word_1_797' title='bbox 2956 4772 2973 4810; x_wconf 90' lang='lat'><strong><em>:</em></strong></span> <span class='ocrx_word' id='word_1_798' title='bbox 2998 4758 3134 4811; x_wconf 85' lang='lat' dir='ltr'><strong>sicut</strong></span> <span class='ocrx_word' id='word_1_799' title='bbox 3160 4753 3409 4808; x_wconf 82' lang='lat' dir='ltr'><strong>novacula</strong></span> <span class='ocrx_word' id='word_1_800' title='bbox 3426 4757 3580 4803; x_wconf 88' lang='lat' dir='ltr'><strong>acuta</strong></span> 
     </span>
    </p>
   </div>
   <div class='ocr_carea' id='block_1_105' title="bbox 2016 4844 3577 4929">
    <p class='ocr_par' dir='ltr' id='par_1_105' title="bbox 2016 4844 3577 4929">
     <span class='ocr_line' id='line_1_105' title="bbox 2016 4844 3577 4929; baseline -0.012 -16"><span class='ocrx_word' id='word_1_801' title='bbox 2016 4860 2187 4929; x_wconf 78' lang='lat' dir='ltr'><strong>fecisti</strong></span> <span class='ocrx_word' id='word_1_802' title='bbox 2234 4856 2494 4911; x_wconf 79' lang='lat' dir='ltr'><strong>dolum&quot;.</strong></span> <span class='ocrx_word' id='word_1_803' title='bbox 2527 4853 2719 4908; x_wconf 86' lang='lat' dir='ltr'><strong>Gustet</strong></span> <span class='ocrx_word' id='word_1_804' title='bbox 2753 4868 2815 4908; x_wconf 92' lang='lat' dir='ltr'><strong>os</strong></span> <span class='ocrx_word' id='word_1_805' title='bbox 2868 4867 2987 4921; x_wconf 84' lang='lat' dir='ltr'><strong>quae</strong></span> <span class='ocrx_word' id='word_1_806' title='bbox 3032 4844 3388 4903; x_wconf 83' lang='lat' dir='ltr'><strong>conducibilia</strong></span> <span class='ocrx_word' id='word_1_807' title='bbox 3433 4849 3577 4897; x_wconf 91' lang='lat' dir='ltr'><strong>sunt.</strong></span> 
     </span>
    </p>
   </div>
   <div class='ocr_carea' id='block_1_106' title="bbox 2016 4934 3580 5017">
    <p class='ocr_par' dir='ltr' id='par_1_106' title="bbox 2016 4934 3580 5017">
     <span class='ocr_line' id='line_1_106' title="bbox 2016 4934 3580 5017; baseline -0.013 -12"><span class='ocrx_word' id='word_1_808' title='bbox 2016 4951 2095 5005; x_wconf 87' lang='lat' dir='ltr'><strong>Ac</strong></span> <span class='ocrx_word' id='word_1_809' title='bbox 2123 4949 2344 5003; x_wconf 89' lang='lat' dir='ltr'><strong>naribus</strong></span> <span class='ocrx_word' id='word_1_810' title='bbox 2377 4961 2590 5017; x_wconf 91' lang='lat' dir='ltr'><strong>quoque</strong></span> <span class='ocrx_word' id='word_1_811' title='bbox 2623 4960 2684 4999; x_wconf 88' lang='lat' dir='ltr'><strong>ac</strong></span> <span class='ocrx_word' id='word_1_812' title='bbox 2711 4943 2957 4998; x_wconf 88' lang='lat' dir='ltr'><strong>odoratni</strong></span> <span class='ocrx_word' id='word_1_813' title='bbox 3007 4939 3195 4994; x_wconf 81' lang='lat' dir='ltr'><strong>modus</strong></span> <span class='ocrx_word' id='word_1_814' title='bbox 3238 4934 3580 4997; x_wconf 87' lang='lat' dir='ltr'><strong>adhibeatur,</strong></span> 
     </span>
    </p>
   </div>
   <div class='ocr_carea' id='block_1_107' title="bbox 2017 5033 3584 5109">
    <p class='ocr_par' dir='ltr' id='par_1_107' title="bbox 2017 5033 3584 5109">
     <span class='ocr_line' id='line_1_107' title="bbox 2017 5033 3584 5109; baseline -0.011 -13"><span class='ocrx_word' id='word_1_815' title='bbox 2017 5055 2085 5096; x_wconf 87' lang='lat' dir='ltr'><strong>ne</strong></span> <span class='ocrx_word' id='word_1_816' title='bbox 2109 5038 2367 5109; x_wconf 86' lang='lat' dir='ltr'><strong>voluptati</strong></span> <span class='ocrx_word' id='word_1_817' title='bbox 2408 5037 2601 5092; x_wconf 75' lang='lat' dir='ltr'><strong>dedita:</strong></span> <span class='ocrx_word' id='word_1_818' title='bbox 2647 5035 2871 5090; x_wconf 89' lang='lat' dir='ltr'><strong>nimium</strong></span> <span class='ocrx_word' id='word_1_819' title='bbox 2899 5033 3039 5091; x_wconf 87' lang='lat' dir='ltr'><strong>sint.</strong></span> <span class='ocrx_word' id='word_1_820' title='bbox 3086 5034 3584 5097; x_wconf 76' lang='lat' dir='ltr'><strong>unguentorumque</strong></span> 
     </span>
    </p>
   </div>
   <div class='ocr_carea' id='block_1_108' title="bbox 440 5183 3185 5266">
    <p class='ocr_par' dir='ltr' id='par_1_108' title="bbox 440 5183 3185 5266">
     <span class='ocr_line' id='line_1_108' title="bbox 440 5183 3185 5266; baseline -0.008 -7"><span class='ocrx_word' id='word_1_821' title='bbox 440 5205 483 5237; x_wconf 81' lang='lat'>&quot;</span> <span class='ocrx_word' id='word_1_822' title='bbox 509 5203 701 5258; x_wconf 75' lang='lat' dir='ltr'><strong>Matth.</strong></span> <span class='ocrx_word' id='word_1_823' title='bbox 742 5215 795 5266; x_wconf 87' lang='lat' dir='ltr'><strong>v,</strong></span> <span class='ocrx_word' id='word_1_824' title='bbox 836 5198 926 5253; x_wconf 73' lang='lat'><strong>28.</strong></span> <span class='ocrx_word' id='word_1_825' title='bbox 1000 5198 1043 5228; x_wconf 78' lang='lat'>“</span> <span class='ocrx_word' id='word_1_826' title='bbox 1066 5195 1253 5250; x_wconf 80' lang='lat' dir='ltr'><strong>Matth.</strong></span> <span class='ocrx_word' id='word_1_827' title='bbox 1285 5211 1416 5250; x_wconf 85' lang='lat' dir='ltr'><strong>xvnt</strong></span> <span class='ocrx_word' id='word_1_828' title='bbox 1438 5236 1451 5260; x_wconf 92' lang='lat'><strong>,</strong></span> <span class='ocrx_word' id='word_1_829' title='bbox 1480 5197 1534 5253; x_wconf 93' lang='lat'><strong>8.</strong></span> <span class='ocrx_word' id='word_1_830' title='bbox 1615 5197 1656 5229; x_wconf 78' lang='grc'><strong>¹⁹</strong></span> <span class='ocrx_word' id='word_1_831' title='bbox 1695 5194 1838 5250; x_wconf 88' lang='lat' dir='ltr'><strong>Psal.</strong></span> <span class='ocrx_word' id='word_1_832' title='bbox 1865 5207 2046 5258; x_wconf 78' lang='lat' dir='ltr'><strong>xxxvr,</strong></span> <span class='ocrx_word' id='word_1_833' title='bbox 2078 5191 2131 5249; x_wconf 91' lang='lat'><strong>8.</strong></span> <span class='ocrx_word' id='word_1_834' title='bbox 2209 5191 2255 5225; x_wconf 76' lang='lat'>“</span> <span class='ocrx_word' id='word_1_835' title='bbox 2280 5189 2420 5246; x_wconf 87' lang='lat' dir='ltr'><strong>Psal.</strong></span> <span class='ocrx_word' id='word_1_836' title='bbox 2452 5204 2502 5257; x_wconf 87' lang='lat' dir='ltr'><strong>v,</strong></span> <span class='ocrx_word' id='word_1_837' title='bbox 2537 5189 2625 5246; x_wconf 78' lang='grc'><strong>11.</strong></span> <span class='ocrx_word' id='word_1_838' title='bbox 2700 5188 2743 5221; x_wconf 75' lang='grc'><strong>³⁸</strong></span> <span class='ocrx_word' id='word_1_839' title='bbox 2772 5187 2911 5242; x_wconf 85' lang='lat' dir='ltr'><strong>Psal.</strong></span> <span class='ocrx_word' id='word_1_840' title='bbox 2936 5201 3009 5251; x_wconf 79' lang='lat' dir='ltr'><strong>LI,</strong></span> <span class='ocrx_word' id='word_1_841' title='bbox 3034 5186 3091 5249; x_wconf 75' lang='lat'><strong>5,</strong></span> <span class='ocrx_word' id='word_1_842' title='bbox 3129 5183 3185 5237; x_wconf 70' lang='grc'><strong>4.</strong></span> 
     </span>
    </p>
   </div>
   <div class='ocr_carea' id='block_1_109' title="bbox 406 5308 1909 5387">
    <p class='ocr_par' dir='ltr' id='par_1_109' title="bbox 406 5308 1909 5387">
     <span class='ocr_line' id='line_1_109' title="bbox 406 5308 1909 5387; baseline -0.008 -12"><span class='ocrx_word' id='word_1_843' title='bbox 406 5321 521 5387; x_wconf 75' lang='grc'><strong>(14)</strong></span> <span class='ocrx_word' id='word_1_844' title='bbox 561 5316 723 5370; x_wconf 76' lang='lat' dir='ltr'><strong>Audit</strong></span> <span class='ocrx_word' id='word_1_845' title='bbox 776 5316 995 5376; x_wconf 84' lang='lat' dir='ltr'><strong>oculus,</strong></span> <span class='ocrx_word' id='word_1_846' title='bbox 1046 5308 1909 5387; x_wconf 42' lang='lat' dir='ltr'><strong>«pacogciuozieudyﬁalydc.</strong></span> 
     </span>
    </p>
   </div>
   <div class='ocr_carea' id='block_1_110' title="bbox 339 5379 1914 5459">
    <p class='ocr_par' dir='ltr' id='par_1_110' title="bbox 339 5379 1914 5459">
     <span class='ocr_line' id='line_1_110' title="bbox 339 5379 1914 5459; baseline -0.008 -14"><span class='ocrx_word' id='word_1_847' title='bbox 339 5379 755 5459; x_wconf 57' lang='lat' dir='ltr'><strong>Quml&#39;auditus</strong></span> <span class='ocrx_word' id='word_1_848' title='bbox 805 5395 1003 5459; x_wconf 79' lang='lat' dir='ltr'><strong>sensus</strong></span> <span class='ocrx_word' id='word_1_849' title='bbox 1059 5386 1132 5435; x_wconf 88' lang='lat' dir='ltr'><strong>sit</strong></span> <span class='ocrx_word' id='word_1_850' title='bbox 1178 5383 1490 5459; x_wconf 49' lang='lat' dir='ltr'><strong>disciplinae,</strong></span> <span class='ocrx_word' id='word_1_851' title='bbox 1547 5379 1670 5459; x_wconf 69' lang='lat' dir='ltr'><strong>jure</strong></span> <span class='ocrx_word' id='word_1_852' title='bbox 1724 5381 1914 5459; x_wconf 72' lang='lat' dir='ltr'><strong>riterite</strong></span> 
     </span>
    </p>
   </div>
   <div class='ocr_carea' id='block_1_111' title="bbox 345 5448 1913 5530">
    <p class='ocr_par' dir='ltr' id='par_1_111' title="bbox 345 5448 1913 5530">
     <span class='ocr_line' id='line_1_111' title="bbox 345 5448 1913 5530; baseline -0.009 -15"><span class='ocrx_word' id='word_1_853' title='bbox 345 5448 582 5516; x_wconf 65' lang='lat' dir='ltr'><strong>Ksterius</strong></span> <span class='ocrx_word' id='word_1_854' title='bbox 619 5456 718 5522; x_wconf 83' lang='lat' dir='ltr'><strong>ipsi</strong></span> <span class='ocrx_word' id='word_1_855' title='bbox 775 5450 1033 5530; x_wconf 47' lang='lat' dir='ltr'><strong>oculouac</strong></span> <span class='ocrx_word' id='word_1_856' title='bbox 1076 5448 1329 5530; x_wconf 69' lang='lat' dir='ltr'><strong>sensibus</strong></span> <span class='ocrx_word' id='word_1_857' title='bbox 1375 5452 1605 5530; x_wconf 44' lang='lat' dir='ltr'><strong>reliquis.</strong></span> <span class='ocrx_word' id='word_1_858' title='bbox 1638 5448 1913 5503; x_wconf 72' lang='lat' dir='ltr'><strong>Doutinica</strong></span> 
     </span>
    </p>
   </div>
   <div class='ocr_carea' id='block_1_112' title="bbox 346 5519 1915 5610">
    <p class='ocr_par' dir='ltr' id='par_1_112' title="bbox 346 5519 1915 5610">
     <span class='ocr_line' id='line_1_112' title="bbox 346 5519 1915 5610; baseline -0.006 -28"><span class='ocrx_word' id='word_1_859' title='bbox 346 5519 652 5610; x_wconf 66' lang='lat' dir='ltr'><strong>pmeepta,</strong></span> <span class='ocrx_word' id='word_1_860' title='bbox 691 5536 812 5594; x_wconf 63' lang='lat' dir='ltr'><strong>qua:</strong></span> <span class='ocrx_word' id='word_1_861' title='bbox 851 5519 1105 5586; x_wconf 87' lang='lat' dir='ltr'><strong>audiant,</strong></span> <span class='ocrx_word' id='word_1_862' title='bbox 1150 5522 1203 5576; x_wconf 91' lang='lat' dir='ltr'><strong>id</strong></span> <span class='ocrx_word' id='word_1_863' title='bbox 1245 5531 1360 5588; x_wconf 89' lang='lat' dir='ltr'><strong>est,</strong></span> <span class='ocrx_word' id='word_1_864' title='bbox 1406 5521 1733 5590; x_wconf 85' lang='lat' dir='ltr'><strong>percipiant,</strong></span> <span class='ocrx_word' id='word_1_865' title='bbox 1790 5532 1915 5587; x_wconf 88' lang='lat' dir='ltr'><strong>pro-</strong></span> 
     </span>
    </p>
   </div>
   <div class='ocr_carea' id='block_1_113' title="bbox 349 5615 1911 5735">
    <p class='ocr_par' dir='ltr' id='par_1_113' title="bbox 349 5615 1911 5735">
     <span class='ocr_line' id='line_1_113' title="bbox 349 5615 1911 5735; baseline -0.013 -5"><span class='ocrx_word' id='word_1_866' title='bbox 349 5615 527 5735; x_wconf 56' lang='grc' dir='ltr'><strong>νοῗίιὲ)</strong></span> <span class='ocrx_word' id='word_1_867' title='bbox 562 5662 765 5720; x_wconf 72' lang='lat' dir='ltr'><strong>Iulum</strong></span> <span class='ocrx_word' id='word_1_868' title='bbox 812 5682 1013 5721; x_wconf 84' lang='lat' dir='ltr'><strong>omnem</strong></span> <span class='ocrx_word' id='word_1_869' title='bbox 1063 5661 1302 5735; x_wconf 83' lang='lat' dir='ltr'><strong>auditum</strong></span> <span class='ocrx_word' id='word_1_870' title='bbox 1345 5658 1696 5729; x_wconf 80' lang='lat' dir='ltr'><strong>prohibentia.</strong></span> <span class='ocrx_word' id='word_1_871' title='bbox 1759 5655 1911 5735; x_wconf 37' lang='lat' dir='ltr'><strong>Addo</strong></span> 
     </span>
    </p>
   </div>
   <div class='ocr_carea' id='block_1_114' title="bbox 351 5725 1911 5807">
    <p class='ocr_par' dir='ltr' id='par_1_114' title="bbox 351 5725 1911 5807">
     <span class='ocr_line' id='line_1_114' title="bbox 351 5725 1911 5807; baseline -0.008 -12"><span class='ocrx_word' id='word_1_872' title='bbox 351 5725 531 5795; x_wconf 66' lang='lat' dir='ltr'><strong>vocem</strong></span> <span class='ocrx_word' id='word_1_873' title='bbox 571 5735 746 5806; x_wconf 75' lang='grc' dir='ltr'>κακῆς</span> <span class='ocrx_word' id='word_1_874' title='bbox 771 5773 787 5804; x_wconf 95' lang='grc'><strong>,</strong></span> <span class='ocrx_word' id='word_1_875' title='bbox 844 5750 1004 5807; x_wconf 84' lang='lat' dir='ltr'><strong>quam</strong></span> <span class='ocrx_word' id='word_1_876' title='bbox 1066 5733 1304 5789; x_wconf 82' lang='lat' dir='ltr'><strong>clausam</strong></span> <span class='ocrx_word' id='word_1_877' title='bbox 1346 5725 1716 5800; x_wconf 56' lang='lat' dir='ltr'><strong>&#39;repraasento;</strong></span> <span class='ocrx_word' id='word_1_878' title='bbox 1772 5725 1911 5783; x_wconf 81' lang='lat' dir='ltr'><strong>forte</strong></span> 
     </span>
    </p>
   </div>
   <div class='ocr_carea' id='block_1_115' title="bbox 2014 5294 3581 5373">
    <p class='ocr_par' dir='ltr' id='par_1_115' title="bbox 2014 5294 3581 5373">
     <span class='ocr_line' id='line_1_115' title="bbox 2014 5294 3581 5373; baseline -0.008 -12"><span class='ocrx_word' id='word_1_879' title='bbox 2014 5307 2150 5361; x_wconf 81' lang='lat' dir='ltr'><strong>facta</strong></span> <span class='ocrx_word' id='word_1_880' title='bbox 2180 5321 2245 5360; x_wconf 86' lang='lat' dir='ltr'><strong>ex</strong></span> <span class='ocrx_word' id='word_1_881' title='bbox 2276 5319 2336 5359; x_wconf 89' lang='lat' dir='ltr'><strong>ea</strong></span> <span class='ocrx_word' id='word_1_882' title='bbox 2367 5303 2466 5358; x_wconf 80' lang='lat' dir='ltr'><strong>fuit</strong></span> <span class='ocrx_word' id='word_1_883' title='bbox 2494 5320 2597 5358; x_wconf 87' lang='lat' dir='ltr'><strong>vox</strong></span> <span class='ocrx_word' id='word_1_884' title='bbox 2635 5304 2816 5373; x_wconf 84' lang='grc' dir='ltr'>πάσης</span> <span class='ocrx_word' id='word_1_885' title='bbox 2840 5318 2854 5333; x_wconf 77' lang='lat'><strong>-</strong></span> <span class='ocrx_word' id='word_1_886' title='bbox 2907 5312 3025 5368; x_wconf 72' lang='lat' dir='ltr'><strong>qua:</strong></span> <span class='ocrx_word' id='word_1_887' title='bbox 3068 5296 3214 5351; x_wconf 90' lang='lat' dir='ltr'><strong>nullo</strong></span> <span class='ocrx_word' id='word_1_888' title='bbox 3245 5294 3581 5373; x_wconf 75' lang='lat' dir='ltr'><strong>incommodo</strong></span> 
     </span>
    </p>
   </div>
   <div class='ocr_carea' id='block_1_116' title="bbox 2013 5363 3582 5442">
    <p class='ocr_par' dir='ltr' id='par_1_116' title="bbox 2013 5363 3582 5442">
     <span class='ocr_line' id='line_1_116' title="bbox 2013 5363 3582 5442; baseline -0.008 -14"><span class='ocrx_word' id='word_1_889' title='bbox 2013 5377 2203 5430; x_wconf 85' lang='lat' dir='ltr'><strong>abesse</strong></span> <span class='ocrx_word' id='word_1_890' title='bbox 2232 5384 2426 5442; x_wconf 87' lang='lat' dir='ltr'><strong>potest.</strong></span> <span class='ocrx_word' id='word_1_891' title='bbox 2452 5374 2664 5441; x_wconf 79' lang='lat' dir='ltr'><strong>Alioqui</strong></span> <span class='ocrx_word' id='word_1_892' title='bbox 2700 5363 2825 5442; x_wconf 60' lang='grc' dir='ltr'><strong>νεῖ-δ</strong></span> <span class='ocrx_word' id='word_1_893' title='bbox 2847 5363 2949 5423; x_wconf 84' lang='lat' dir='ltr'><strong>non</strong></span> <span class='ocrx_word' id='word_1_894' title='bbox 2977 5375 3401 5442; x_wconf 69' lang='lat' dir='ltr'><strong>constatsensus</strong></span> <span class='ocrx_word' id='word_1_895' title='bbox 3424 5363 3582 5419; x_wconf 71' lang='grc' dir='ltr'>Λειο-</span> 
     </span>
    </p>
   </div>
   <div class='ocr_carea' id='block_1_117' title="bbox 2013 5436 3581 5500">
    <p class='ocr_par' dir='ltr' id='par_1_117' title="bbox 2013 5436 3581 5500">
     <span class='ocr_line' id='line_1_117' title="bbox 2013 5436 3581 5500; baseline -0.007 0"><span class='ocrx_word' id='word_1_896' title='bbox 2013 5447 2114 5500; x_wconf 89' lang='lat' dir='ltr'><strong>rio.</strong></span> <span class='ocrx_word' id='word_1_897' title='bbox 2159 5436 2274 5498; x_wconf 77' lang='lat' dir='ltr'><strong>Non</strong></span> <span class='ocrx_word' id='word_1_898' title='bbox 2312 5444 2454 5498; x_wconf 92' lang='lat' dir='ltr'><strong>enim</strong></span> <span class='ocrx_word' id='word_1_899' title='bbox 2505 5436 2682 5496; x_wconf 84' lang='lat' dir='ltr'><strong>divina</strong></span> <span class='ocrx_word' id='word_1_900' title='bbox 2734 5441 2819 5494; x_wconf 88' lang='lat' dir='ltr'><strong>lex</strong></span> <span class='ocrx_word' id='word_1_901' title='bbox 2859 5437 3076 5492; x_wconf 89' lang='lat' dir='ltr'><strong>omnino</strong></span> <span class='ocrx_word' id='word_1_902' title='bbox 3124 5436 3278 5491; x_wconf 83' lang='lat' dir='ltr'><strong>nobis</strong></span> <span class='ocrx_word' id='word_1_903' title='bbox 3303 5437 3581 5489; x_wconf 83' lang='lat' dir='ltr'><strong>obturatas</strong></span> 
     </span>
    </p>
   </div>
   <div class='ocr_carea' id='block_1_118' title="bbox 2015 5503 3581 5582">
    <p class='ocr_par' dir='ltr' id='par_1_118' title="bbox 2015 5503 3581 5582">
     <span class='ocr_line' id='line_1_118' title="bbox 2015 5503 3581 5582; baseline -0.006 -17"><span class='ocrx_word' id='word_1_904' title='bbox 2015 5514 2122 5567; x_wconf 84' lang='lat' dir='ltr'><strong>vult</strong></span> <span class='ocrx_word' id='word_1_905' title='bbox 2148 5528 2328 5576; x_wconf 87' lang='lat' dir='ltr'><strong>aures,</strong></span> <span class='ocrx_word' id='word_1_906' title='bbox 2355 5520 2446 5566; x_wconf 87' lang='lat' dir='ltr'><strong>aut</strong></span> <span class='ocrx_word' id='word_1_907' title='bbox 2474 5511 2722 5582; x_wconf 87' lang='lat' dir='ltr'><strong>prohibet</strong></span> <span class='ocrx_word' id='word_1_908' title='bbox 2751 5508 2966 5582; x_wconf 87' lang='lat' dir='ltr'><strong>quidvis</strong></span> <span class='ocrx_word' id='word_1_909' title='bbox 2991 5507 3178 5582; x_wconf 68' lang='lat' dir='ltr'><strong>audire</strong></span> <span class='ocrx_word' id='word_1_910' title='bbox 3210 5523 3224 5559; x_wconf 90' lang='lat'><strong>:</strong></span> <span class='ocrx_word' id='word_1_911' title='bbox 3254 5520 3376 5582; x_wconf 77' lang='lat' dir='ltr'><strong>cum</strong></span> <span class='ocrx_word' id='word_1_912' title='bbox 3405 5503 3581 5582; x_wconf 74' lang='lat' dir='ltr'><strong>potius</strong></span> 
     </span>
    </p>
   </div>
   <div class='ocr_carea' id='block_1_119' title="bbox 2009 5571 3577 5652">
    <p class='ocr_par' dir='ltr' id='par_1_119' title="bbox 2009 5571 3577 5652">
     <span class='ocr_line' id='line_1_119' title="bbox 2009 5571 3577 5652; baseline -0.008 -14"><span class='ocrx_word' id='word_1_913' title='bbox 2009 5598 2152 5652; x_wconf 56' lang='lat' dir='ltr'><strong>saepe</strong></span> <span class='ocrx_word' id='word_1_914' title='bbox 2182 5571 2435 5652; x_wconf 80' lang='lat' dir='ltr'><strong>provocet</strong></span> <span class='ocrx_word' id='word_1_915' title='bbox 2473 5571 2710 5652; x_wconf 76' lang='lat' dir='ltr'><strong>auditum</strong></span> <span class='ocrx_word' id='word_1_916' title='bbox 2734 5571 2964 5652; x_wconf 48' lang='lat' dir='ltr'><strong>{sitque</strong></span> <span class='ocrx_word' id='word_1_917' title='bbox 3007 5577 3228 5652; x_wconf 77' lang='lat' dir='ltr'><strong>auditio,</strong></span> <span class='ocrx_word' id='word_1_918' title='bbox 3255 5571 3577 5652; x_wconf 52' lang='lat' dir='ltr'><strong>sicut&#39;visio,</strong></span> 
     </span>
    </p>
   </div>
   <div class='ocr_carea' id='block_1_120' title="bbox 2008 5646 3580 5778">
    <p class='ocr_par' dir='ltr' id='par_1_120' title="bbox 2008 5646 3580 5778">
     <span class='ocr_line' id='line_1_120' title="bbox 2008 5646 3580 5778; baseline -0.011 -69"><span class='ocrx_word' id='word_1_919' title='bbox 2008 5646 2112 5778; x_wconf 52' lang='lat' dir='ltr'><strong>{iurel</strong></span> <span class='ocrx_word' id='word_1_920' title='bbox 2153 5646 2229 5775; x_wconf 41' lang='lat' dir='ltr'><strong>riui</strong></span> <span class='ocrx_word' id='word_1_921' title='bbox 2261 5651 2456 5708; x_wconf 62' lang='lat' dir='ltr'><strong>audita</strong></span> <span class='ocrx_word' id='word_1_922' title='bbox 2503 5660 2595 5706; x_wconf 87' lang='lat' dir='ltr'><strong>aut</strong></span> <span class='ocrx_word' id='word_1_923' title='bbox 2638 5649 2767 5705; x_wconf 66' lang='lat' dir='ltr'><strong>visae</strong></span> <span class='ocrx_word' id='word_1_924' title='bbox 2808 5646 3047 5714; x_wconf 82' lang='lat' dir='ltr'><strong>ratione,</strong></span> <span class='ocrx_word' id='word_1_925' title='bbox 3083 5646 3209 5717; x_wconf 88' lang='lat' dir='ltr'><strong>quid</strong></span> <span class='ocrx_word' id='word_1_926' title='bbox 3255 5647 3453 5701; x_wconf 88' lang='lat' dir='ltr'><strong>bonum</strong></span> <span class='ocrx_word' id='word_1_927' title='bbox 3487 5648 3580 5693; x_wconf 85' lang='lat' dir='ltr'><strong>aut</strong></span> 
     </span>
     <span class='ocr_line' id='line_1_121' title="bbox 2064 5737 2229 5777; baseline -0.018 0"><span class='ocrx_word' id='word_1_928' title='bbox 2064 5738 2092 5777; x_wconf 86' lang='lat' dir='ltr'><strong>a</strong></span> <span class='ocrx_word' id='word_1_929' title='bbox 2120 5737 2171 5776; x_wconf 80' lang='lat' dir='ltr'><strong>ur</strong></span> <span class='ocrx_word' id='word_1_930' title='bbox 2212 5757 2229 5774; x_wconf 94' lang='lat'><strong>.</strong></span> 
     </span>
    </p>
   </div>
   <div class='ocr_carea' id='block_1_121' title="bbox 2009 5736 2229 5778">
    <p class='ocr_par' dir='ltr' id='par_1_121' title="bbox 2009 5736 2229 5778">
     <span class='ocr_line' id='line_1_122' title="bbox 2009 5736 2229 5778; baseline -0.018 0"><span class='ocrx_word' id='word_1_931' title='bbox 2009 5736 2229 5778; x_wconf 83' lang='lat' dir='ltr'><strong>malum.</strong></span> 
     </span>
    </p>
   </div>
  </div>
