4048 6194
448 311 551 367 187

1711 303 1765 358 S.
1807 299 2079 357 ASTERII
2122 297 2420 354 AMASEM

3587 292 3689 347 188

448 425 805 496 pretiosorum
862 425 1161 494 lragmntes
1227 420 1426 475 halitus
1491 429 1891 475 conseCteutur.
1955 416 2010 471 in

2123 416 2227 485 γὰρ
2255 414 2507 469 τοιούτων
2536 412 2629 467 καὶ¹
2654 414 2683 465 ό
2718 412 2943 474 Ἡσαΐας
2974 409 3216 481 σφοδρῶς
3255 411 3402 463 ἐστιν
3450 409 3687 481 κατήγο-

450 514 584 571 tales
625 516 766 570 enim
797 514 961 570 lsaias
989 527 1205 583 quoque
1249 513 1448 567 acriter
1483 509 1842 566 invehitur".
1878 512 2014 578 Quin

448 622 641 662 manus
681 621 894 676 quoque
942 605 1253 660 meminisse
1310 605 1679 659 mandatorum
1723 606 1918 664 debet.
1956 620 2019 659 ac

448 711 660 758 cavere,
690 711 756 750 ne
780 695 1085 764 promiscue
1113 694 1508 764 qualiacunque
1545 703 1861 749 contreetet.
1888 695 2020 749 l‘ro-

454 787 705 843 tendatur
732 788 795 839 ad
824 787 1251 855 eleemosynam,
1288 802 1391 839 non
1435 786 1500 839 ad
1530 786 1807 855 rapinam;
1840 797 2020 841 servet

446 877 661 946 propria
683 916 698 935 .
728 892 832 931 non
874 876 1089 947 colligat
1118 886 1280 945 atque
1315 884 1615 945 comportet
1647 877 1817 931 aliena
1855 891 2020 946 ;cor-

445 981 579 1036 pora
626 981 766 1037 a‘gra
824 981 887 1021 ac
931 966 1069 1021 male
1120 965 1310 1022 all'ecta
1345 967 1409 1020 ad
1442 982 1595 1038 opem
1630 966 1903 1021 ferendam
1937 978 2021 1021 at-

450 1060 653 1129 tingat,
716 1073 820 1112 non
887 1068 1072 1129 vegeta
1131 1073 1195 1113 ac
1260 1073 1476 1129 semper
1533 1057 1848 1113 libidinibus
1896 1074 2021 1128 pru-

447 1148 666 1203 rientia.

515 1238 632 1295 lam
662 1253 909 1298 constare
942 1242 1195 1297 existimo
1226 1251 1283 1295 ιιι
1315 1256 1380 1296 ne
1415 1241 1583 1296 nostri
1610 1240 1823 1309 quidem
1851 1241 2021 1296 simus

446 1329 677 1396 domini,
726 1333 817 1386 sed
884 1333 1148 1388 meonomi
1189 1341 1400 1386 tantum
1472 1347 1537 1387 ac
1600 1332 2017 1400 dispensatores.

445 1418 713 1489 Quidquid
755 1422 899 1477 enim
949 1422 1157 1493 legibus
1211 1438 1275 1479 ac
1330 1426 1612 1493 praceptls
1681 1423 2018 1493 astringitur,

448 1527 668 1566 servum
716 1512 871 1581 plane
924 1528 988 1568 ac
1047 1514 1340 1568 obnoxium
1402 1513 1695 1585 legislatori
1759 1516 2019 1569 noscitur.

447 1600 597 1668 Quod
622 1601 667 1656 si
697 1602 880 1672 igitur,
910 1618 975 1657 ne
1011 1604 1139 1673 ipsae
1174 1605 1388 1672 quidem
1419 1606 1659 1671 corporis
1700 1604 1871 1659 nostri
1900 1619 2024 1673 par-

2122 524 2231 578 ρος.
2264 504 2577 577 Μεμνήσθω
2603 504 2697 557 καὶ⁸
2726 506 2760 575 ἡ
2785 505 2909 574 χεὶρ
2930 503 3038 557 τῶν
3066 501 3316 564 ἐντολῶν,
3346 501 3432 554 ἶνα
3463 500 3536 570 μὴ
3560 501 3687 553 πάν-

2119 615 2227 650 των
2248 595 2539 658 ἀκωλύτως
2596 594 2856 664 ἅπτηται.
2908 593 3260 647 Ἑκτεινέσθω
3289 593 3424 663 πρὸς
3460 591 3685 661 ἐλεημο-

2123 686 2306 757 σύνην,
2344 685 2419 756 μὴ
2452 683 2590 754 πρὸς
2617 684 2895 755 ἁρπαγήν·
2927 683 3160 755 τηρείτω
3186 683 3251 736 τὰ
3278 682 3404 745 ἴδια,
3443 681 3516 753 μὴ
3550 696 3687 733 συν-

2123 775 2301 842 αγέτω
2347 774 2415 827 τά
2449 772 2706 845 ἀλλότρια
2726 792 2742 806 ο
2777 773 3032 828 ἁπτέσθω
3066 774 3329 845 σωμάτων
3349 773 3570 844 νωθρῶν
3591 772 3690 827 καὶ

2123 869 2523 940 κεκακωμένων
2544 869 2608 923 δι’
2639 869 2848 939 ἀγαθῆς
2894 866 3248 937 ἐπισκέψεως,
3291 867 3363 937 μὴ
3394 867 3499 921 τῶν
3530 881 3691 935 σφρι-

2122 956 2341 1026 γῶντων
2361 959 2454 1012 καὶ
2474 961 2594 1023 ταῖς
2631 959 2909 1031 πορνείαις
2933 958 3017 1012 ἀεὶ
3054 958 3435 1029 σχολαζόντων.

2194 1240 2431 1305 Ἐδειξεν
2477 1243 2608 1313 ἡμῖν
2636 1243 2664 1294 ὀ
2696 1243 2873 1310 λόγος,
2917 1243 2994 1307 ὡς
3041 1243 3135 1296 καὶ
3183 1243 3334 1296 αὐτοὶ
3385 1241 3590 1296 ἑαυτῶν
3626 1243 3695 1295 06’-

2119 1327 2373 1384 δεσπόται
2409 1333 2594 1402 ἐσμὲν,
2644 1333 2758 1386 ἀλλ’
2789 1335 3081 1405 οἰκονόμοι.
3118 1335 3230 1388 Πᾶν
3251 1335 3361 1406 γὰρ
3420 1334 3479 1387 τὸ
3509 1334 3691 1404 νόμοις

2122 1420 2476 1491 ὑποκείμενον
2505 1425 2597 1476 καὶ
2628 1423 3031 1495 προστάγμασι,
3062 1424 3249 1478 δοῦλον
3276 1424 3371 1478 τοῦ
3399 1423 3693 1495 νομοθέτου

2120 1508 2270 1561 ἐστὶν
2299 1511 2392 1563 καὶ
2417 1511 2674 1582 ὑπήκοον.
2696 1513 2759 1566 El
2786 1513 2844 1567 δέ
2865 1513 2933 1566 τά
2964 1512 3127 1584 μόρια
3146 1514 3240 1568 τοῦ
3264 1513 3511 1585 σώματος
3535 1515 3693 1586 ήμῶν

2120 1598 2221 1650 οὐκ
2247 1597 2505 1671 ἐλεύθερα
2567 1598 2833 1665 ἐξουσίας,
2866 1602 3003 1656 ἀλλὰ
3055 1601 3358 1673 δεσποτικῷ
3397 1602 3703 1675 βουλήματι

449 1700 530 1746 tes
574 1706 637 1745 ac
678 1691 949 1756 membra,
1004 1692 1172 1747 libera
1221 1696 1410 1763 suique
1436 1692 1572 1758 juris
1604 1701 1765 1753 sunt,
1796 1690 1891 1746 sed
1918 1692 2019 1745 Do-

2124 1689 2262 1761 πρδς
2306 1689 2404 1754 τάς
2435 1692 2714 1763 ἐνεργείας
2771 1695 3188 1767 κανονιζόμενα·
3243 1696 3296 1748 τί
3342 1695 3408 1749 ἂν
3436 1695 3579 1749 εἴποι
3611 1713 3701 1761 τις

446 1780 578 1835 mini
605 1781 879 1837 voluntate
906 1783 971 1836 ad
1003 1783 1306 1838 functiones
1360 1798 1486 1837 suas
1531 1783 1861 1849 diriguntur,
1888 1784 2015 1853 quid

2123 1779 2255 1851 πρὸς
2278 1782 2404 1845 τοὺς
2433 1782 2727 1853 οἰομένους,
2766 1785 2968 1855 χρυσοῦ
3026 1785 3120 1839 καὶ
3149 1786 3411 1858 ἀργύρου,
3442 1789 3535 1841 καὶ
3564 1789 3686 1859 γῆς,

444 1871 531 1926 liis
571 1872 844 1934 dicemus.
895 1874 987 1942 qui
1028 1874 1129 1928 sibi
1174 1873 1521 1955 persuadent,
1569 1873 1684 1927 auri
1727 1889 1817 1939 se,
1844 1883 1896 1928 et
1928 1889 2015 1927 ar-

2123 1872 2214 1925 καὶ
2240 1872 2348 1925 τῶν
2376 1872 2552 1928 ἄλλων
2591 1873 2882 1929 ἀνεύθυνον
2933 1876 3077 1948 ἔχειν
3123 1877 3221 1949 τὴν
3274 1878 3499 1951 κτῆσινε
3529 1880 3701 1934 Οὐδὲν

448 1963 617 2032 genti,
668 1979 733 2017 ac
789 1964 928 2033 agri,
983 1962 1405 2035 cmtcra'rnmque
1456 1980 1657 2029 renum,
1706 1965 1866 2019 nullis
1920 1967 2015 2019 ob.

2123 1959 2233 2027 σὺν,
2285 1962 2557 2035 ἄνθρωπε.
2600 1964 2672 2019 Σὺ
2713 1964 2916 2031 δοῦλος,
2977 1968 3166 2021 καὶτὰ
3218 1967 3287 2021 σά
3338 1966 3433 2021 τοῦ
3466 1968 3693 2039 Κυρίου.

448 2051 666 2105 noxiam
698 2053 999 2107 rationibus
1036 2052 1282 2107 obtinere
1323 2054 1752 2124 possessionem?
1789 2052 1949 2117 Nihil,
1984 2068 2017 2108 o

2123 2051 2339 2121 Δοῦλος
2352 2054 2458 2127 γὰρ
2481 2056 2799 2126 ἐλεύθερον
2829 2060 3153 2113 πεκούλιον
3182 2060 3293 2113 οὐκ
3325 2059 3463 2130 ἔχει.
3488 2061 3697 2132 Γυμνδς

448 2142 642 2206 homo,
676 2152 823 2197 tuum
850 2151 953 2198 est.
985 2143 1184 2198 Servus
1206 2158 1266 2198 es
1308 2159 1325 2209 ;
1379 2153 1574 2213 tuaque
1605 2144 1781 2198 omnia
1806 2142 2015 2199 Domini

2123 2140 2223 2215 γάρ
2269 2142 2442 2215 ἦχθης
2467 2147 2548 2209 είς
2589 2144 2746 2200 τοῦτο
2786 2146 2848 2201 τὸ
2900 2148 3046 2217 φῶς·
3096 2146 3286 2218 ἐλαὸες
3319 2148 3355 2202 ἃ
3384 2149 3528 2220 ἔχεις
3556 2151 3700 2204 κατά

448 2231 838 2288 sunt:Servus
881 2233 1022 2287 enim
1086 2249 1190 2287 non
1237 2234 1386 2287 habet
1446 2235 1708 2303 peculium
1777 2234 2016 2290 liberum.

2123 2232 2279 2303 νόμον
2319 2233 2414 2289 τοῦ
2473 2236 2680 2310 Κυρίου
2723 2254 2840 2301 σου,
2890 2237 2924 2309 ἢ
2987 2239 3401 2311 κληρονομήσας
3460 2241 3693 2313 πατέρα,

445 2318 655 2392 Quippe
683 2322 858 2378 nudus
893 2324 945 2378 in
978 2325 1116 2378 hanc
1155 2323 1326 2379 lucem
1364 2325 1640 2394 prodiisti;
1688 2339 2020 2395 quaecunque

2123 2319 2302 2393 ἐπειδὴ
2328 2322 2500 2389 οὕτως
2537 2328 2566 2378 ό
2591 2326 2723 2390 Θεὸς
2752 2326 3031 2394 διετάξατο
3050 2327 3279 2398 (Porci;
3308 2329 3418 2399 γὰρ
3441 2329 3697 2397 τέκνοις,

448 2413 649 2481 babes,
681 2430 747 2468 ex
780 2415 989 2468 Domini
1043 2415 1117 2470 tui
1159 2415 1277 2484 lege
1312 2414 1595 2483 accepisti;
1644 2415 1757 2470 sive
1797 2424 2018 2481 paterna

447 2503 797 2571 haereditate,
842 2505 981 2575 quod
1035 2505 1107 2558 ita
1159 2504 1297 2559 Deos
1346 2505 1685 2560 constituerit
1740 2503 2017 2575 (Parentes

444 2596 611 2661 enim,
649 2596 856 2665 ittquit,
887 2596 1013 2666 ﬁliis
1054 2597 1219 2663 spolia
1243 2599 1467 2652 dividant
1501 2598 1548 2629 "
1586 2595 1702 2669 [l6]
1734 2598 1776 2660 l,
1810 2597 1923 2653 sive
1952 2611 2018 2650 ex

2122 2414 2276 2483 φησὶ,
2306 2416 2585 2483 μεριοῦσι
2618 2421 2865 2490 σκύλα),
2907 2423 2940 2494 ἢ
2973 2424 3081 2477 άπὸ
3106 2424 3284 2496 γάμου
3318 2425 3413 2498 τὴν
3439 2428 3698 2500 εὐπορίαν

2122 2506 2463 2578 κτησάμενος
2489 2509 2688 2581 (γάμος
2727 2513 2785 2567 δὲ
2836 2515 2929 2568 καὶ
2965 2515 3031 2569 τά
3056 2517 3140 2569 ἐπ’
3162 2518 3353 2589 ἐκείνῳ
3386 2518 3537 2591 παρά
3563 2520 3699 2575 Θεοῦ

2121 2595 2514 2668 διατέτακται),
2569 2600 2603 2672 ἢ
2652 2601 2760 2655 άπὸ
2805 2603 3096 2674 ἐμπορίας,
3145 2606 3238 2659 καὶ
3280 2608 3569 2679 γεωργίας,
3605 2612 3699 2665 καὶ

450 2683 794 2738 matrimonio
838 2685 1055 2739 divitias
1092 2696 1416 2741 consecutus
1464 2699 1555 2749 es;
1606 2688 1706 2739 hoc
1749 2686 1889 2738 enim
1919 2724 1934 2748 ,
1965 2693 2020 2738 et

2123 2685 2230 2739 τῶν
2257 2686 2432 2742 ἄλλων
2470 2691 2815 2761 προφάσεων,
2874 2693 3009 2747 Θεοῦ
3051 2693 3186 2766 πρὸς
3230 2697 3414 2750 ἐκεῖνα
3446 2700 3698 2772 συμπράο

450 2784 570 2838 qua:
621 2774 891 2842 pertinent
927 2779 993 2826 ad
1036 2773 1163 2826 illud
1206 2788 1234 2827 a
1281 2775 1387 2829 Deo
1428 2774 1668 2828 instituta
1716 2774 2021 2828 sunt:sive
2128 2773 2333 2842 ξαντος.

450 2862 681 2930 denique
736 2876 802 2915 ex
871 2874 1196 2930 mercatura,
1248 2873 1343 2919 aut
1401 2864 1749 2934 agricultura,
1778 2864 1860 2920 vel
1902 2864 2021 2920 aliis
2060 2868 2375 2935 acquirendi
2408 2870 2611 2935 modis,
2654 2869 2880 2927 faciente
2932 2873 3042 2931 Deo
3094 2893 3158 2934 ac
3190 2879 3519 2952 adjuvante,
3547 2881 3699 2937 dives

449 2951 622 3006 factus
650 2967 727 3007 es.

518 3042 638 3097 Jam
678 3045 859 3115 itaque
885 3044 1166 3115 probatum
1195 3052 1316 3109 est,
1368 3044 1642 3113 accepisse
1681 3053 1733 3100 te
1757 3059 1862 3100 non
1896 3055 2017 3111 tua;

2206 3041 2338 3095 Ἰδοὺ
2365 3042 2565 3107 τοίνυν,
2600 3044 2809 3119 ἐδείχθη
2859 3047 2942 3101 δτι
2988 3048 3178 3114 ἔλαϐες
3209 3050 3280 3105 τά
3314 3052 3388 3125 μὴ
3424 3052 3510 3108 σά.
3550 3053 3701 3109 Ἴδω-

447 3137 728 3191 videatnus
785 3138 1036 3207 deinceps
1078 3137 1204 3205 quid
1251 3138 1621 3206 praescriptum
1671 3137 1766 3191 tibi
1808 3139 1914 3205 sit,
1959 3153 2020 3193 ac

2126 3150 2224 3203 μεν
2256 3134 2433 3187 τοίνυν
2462 3134 2669 3201 λοιπὸν,
2699 3139 2750 3190 τί
2783 3155 2865 3192 σοι
2894 3141 3194 3214 ἐπετάχθη,
3221 3144 3314 3198 καὶ
3336 3145 3422 3199 οἶα
3444 3138 3530 3199 ἐπ’
3555 3148 3701 3202 ἑκεί-

449 3226 621 3296 qnalis
654 3242 838 3281 eorum
892 3227 1291 3283 administratio
1339 3241 1459 3281 esse
1503 3227 1719 3282 debeat.
1766 3227 1841 3283 Da
1894 3244 2020 3283 csu-

2123 3241 2232 3288 νοις
2252 3224 2532 3296 διοίκησις.
2562 3227 2661 3292 Δὸς
2684 3228 2761 3300 τῷ
2796 3231 3069 3297 πεινῶντι,
3103 3233 3319 3290 ἔνδυσον
3348 3238 3439 3290 τὸν
3476 3241 3700 3311 γυμνὸν,

450 3319 639 3382 rieuti;
697 3326 816 3386 tege
843 3318 1075 3383 nudum;
1110 3333 1238 3372 cura
1286 3319 1423 3371 male
1463 3316 1753 3385 allectum;
1794 3334 1861 3374 ne
1900 3335 2020 3389 ege-

2123 3314 2456 3387 θεράπευσον
2492 3318 2585 3371 τὸν
2614 3322 3023 3392 κεκακωμένον,
3069 3325 3144 3395 μὴ
3172 3326 3415 3400 περιίδῃς
3440 3330 3531 3384 τὸν
3569 3330 3700 3384 ἄπο-

451 3425 599 3475 nnm,
626 3424 689 3463 ac
720 3408 772 3461 in
813 3407 985 3463 triviis
1017 3408 1309 3478 projectum
1353 3410 1685 3480 neglexeris;
1714 3410 1817 3464 noli
1848 3412 1914 3464 de
1935 3420 2019 3465 te-

451 3503 565 3567 ipso
579 3501 837 3556 sollicitus
848 3514 989 3567 esse,
1004 3501 1271 3569 quomodo
1290 3515 1415 3571 ages
1434 3502 1486 3556 in
1516 3503 1811 3556 crastinum
1828 3501 2017 3575 “(17).

452 3591 517 3646 Et
564 3592 633 3644 ita
684 3590 899 3660 quidem
931 3591 974 3646 si
1013 3590 1225 3655 feceris,
1258 3592 1431 3662 inquit
1460 3631 1476 3655 ,
1540 3592 1961 3647 cohonestabere
1991 3608 2022 3645 a

451 3682 757 3753 legislatore
789 3700 806 3751 ;
840 3682 922 3737 sin
955 3698 1085 3738 vero
1128 3685 1440 3738 mandatum
1487 3693 1858 3755 transgressus
1903 3684 2021 3739 fue-

452 3779 564 3840 ris,
609 3777 847 3845 graviter
883 3778 1125 3847 puniere.
1175 3776 1300 3832 Haec
1343 3775 1586 3846 profecto
1621 3791 1724 3831 nou
1775 3776 1904 3831 mihi
1947 3779 2024 3830 vi-

450 3873 643 3923 dentur
674 3867 790 3937 ejus
821 3883 961 3934 esse,
995 3869 1085 3937 qui
1111 3884 1241 3925 suus
1286 3869 1385 3925 sibi
1417 3870 1666 3925 dominus
1696 3870 1766 3925 sit
1786 3907 1803 3932 ,
1839 3883 1903 3925 ac
1936 3870 2020 3924 cui

451 3961 617 4016 libera
647 3970 896 4030 suppetat
936 3961 1153 4030 quidvis
1208 3961 1402 4031 agendi
1456 3970 1731 4031 potestas:
1765 3961 1858 4015 sed
1906 3974 2025 4016 om-

452 4052 578 4105 nino
620 4061 838 4117 contra,
885 4051 1174 4107 multitudo
1201 4061 1592 4122 praeceptorum
1635 4050 1905 4107 hominem
1933 4066 2023 4105 ar-

449 4139 567 4208 guit
591 4139 744 4196 valde
789 4139 1014 4209 imperio
1055 4143 1454 4210 mancipatum,
1508 4139 1819 4210 legibusque
1848 4139 2024 4194 Domi-

460 4230 595 4284 nicis
644 4231 944 4297 subditum,
992 4247 1023 4285 a
1069 4247 1178 4302 quo
1208 4231 1530 4301 prmscriptte
1555 4231 1678 4286 vita:
1705 4230 1843 4285 ratio
1871 4231 2022 4300 quasi

2124 3422 2237 3477 ρον,
2268 3406 2358 3458 τὸν
2387 3406 2719 3477 ἐρριμμένον
2765 3409 2824 3461 ἐν
2868 3411 2984 3472 τοῖς
3035 3412 3283 3479 τριόδοις.
3332 3414 3405 3467 Σὺ
3437 3415 3537 3484 μὲν
3570 3434 3702 3469 σαυ-

2119 3496 2214 3549 τοῦ
2249 3496 2324 3568 μὴ
2347 3499 2707 3568 μεριμνήσῃς,
2737 3499 2872 3568 μηδὲ
2903 3501 3214 3573 φροντίσῃς,
3240 3504 3357 3568 πῶς
3382 3505 3582 3573 διάξεις
3609 3510 3704 3562 ἐπὶ

2119 3586 2221 3653 τῆς
2247 3585 2555 3657 ὑστεραίας.
2592 3584 2708 3639 Κᾶν
2734 3586 2927 3652 ταῦτα,
2951 3590 3135 3659 φησὶν,
3161 3592 3389 3664 ἐργάσῃ,
3420 3595 3709 3670 τιμηθήσῃ

2123 3677 2273 3746 παρὰ
2294 3676 2384 3730 τοῦ
2417 3676 2743 3747 νομοθέτου·
2771 3677 2838 3731 ἂν
2868 3679 2924 3733 δὲ
2960 3682 3311 3755 παρακούσῃς
3338 3687 3434 3755 τῆς
3460 3686 3706 3759 ἐντολῆς,

2122 3764 2428 3839 κολασθήσῃ
2457 3766 2690 3838 πικρῶς.
2740 3766 2926 3823 Ταῦτα
2960 3769 3069 3839 ἐγὼ
3096 3772 3157 3824 οὐ
3187 3771 3367 3843 βλέπω
3388 3773 3477 3827 τοῦ
3515 3775 3705 3843 αὑτεξ·

2124 3860 2327 3927 ουσίου,
2351 3860 2469 3914 οὐδὲ
2496 3859 2589 3914 τοῦ
2617 3859 2817 3926 ζῶντος
2862 3865 2979 3934 μετ’
3013 3864 3328 3931 αὑθεντείας
3348 3884 3361 3898 ο
3394 3866 3531 3921 ἀλλὰ
3558 3868 3704 3924 τούν-

2124 3952 2326 4015 αντίον,
2354 3950 2425 4006 τά
2475 3951 2645 4007 πολλά
2676 3953 2771 4007 καὶ
2823 3957 3020 4027 συνεχῆ
3069 3958 3467 4031 προστάγματα
3494 3960 3705 4015 ὑποδεί-

2124 4042 2281 4096 κνυσί
2313 4059 2402 4113 μοι
2426 4042 2713 4116 ἄνθρωπον
2742 4044 3157 4117 βασιλευόμενον
3209 4048 3463 4121 ἰσχυρῶς,
3495 4052 3589 4105 καὶ
3618 4052 3706 4105 νό-

2128 4155 2247 4209 μοις
2272 4136 2611 4203 δεσποτικοϊς
2639 4138 2959 4205 ὑπεύθυνον,
2990 4143 3084 4195 καὶ
3108 4141 3209 4214 τὴν
3244 4145 3709 4219 κεκανονισμένην

2127 4227 2400 4281 πολιτείαν
2458 4229 2854 4301 ἀπαιτούμενον
2902 4231 2978 4298 ὡς
3031 4234 3209 4304 χρέος.
3256 4235 3444 4306 Ἡμεῖς
3484 4235 3560 4301 δὲ,
3587 4236 3708 4301 πῶς

451 4322 687 4375 debitum
723 4322 939 4392 aliquod
980 4323 1250 4392 exigatur.
1293 4320 1403 4377 Nos
1441 4337 1600 4386 vero,
1647 4322 1918 4393 quomodo
1947 4323 2020 4377 sic

2126 4320 2506 4389 ἀλογίστευτον
2540 4320 2755 4393 ἔχοντες
2792 4323 2884 4376 τὸν
2916 4324 3053 4394 βίον,
3079 4327 3205 4389 τοὺς
3239 4327 3338 4398 μὲν
3362 4327 3575 4393 ἀθλίους
3610 4331 3709 4383 καὶ

453 4414 618 4470 stulte
646 4428 999 4484 amenterque
1022 4415 1185 4469 vitam
1221 4415 1480 4469 habemus
1501 4453 1517 4478 ,
1546 4422 1601 4467 ιιι
1642 4413 1867 4468 miseros
1901 4413 2020 4467 ino-

2130 4410 2457 4483 πενομένους
2489 4412 2835 4484 περιορῶμεν
2879 4415 3301 4481 ἐντελευτῶντας
3352 4420 3472 4482 ταῖς
3498 4435 3709 4489 συμφοτ

452 4519 657 4575 pesque
682 4504 1067 4576 despiciamus,
1098 4521 1162 4560 ac
1187 4506 1422 4561 miseriis
1466 4505 1678 4560 immori
1717 4505 2018 4573 patiamur;

454 4595 738 4665 largosque
788 4596 1003 4650 interim
1053 4606 1297 4664 sumptus
1358 4596 1411 4649 in
1462 4595 1623 4650 rebus
1670 4594 1822 4648 vanis
1852 4593 2022 4648 ambi-

456 4688 593 4741 tiose
623 4701 921 4755 ponamus;
957 4685 1163 4741 alamus
1198 4685 1507 4740 ltelluonum
1548 4685 1885 4740 adulatorum
1911 4693 2021 4739 tur—

2131 4504 2282 4574 ραῖς’
2332 4506 2423 4557 καὶ
2446 4504 2811 4576 δαπανώμεθα
2858 4506 2915 4560 δέ
2938 4507 3235 4579 φιλοτίμως
3259 4510 3377 4574 ταῖς
3412 4508 3711 4582 ματαιότη-

2130 4611 2235 4660 σιν,
2264 4594 2509 4651 κολάκων
2526 4596 2727 4668 πλῆθος
2749 4597 2972 4652 ἀσώτων
2990 4599 3297 4672 τρέφοντες,
3317 4600 3411 4653 καὶ
3436 4601 3709 4673 φρατρίας

2129 4690 2531 4762 κακοδαιμόνων
2554 4692 2865 4764 παρασίτιον
2891 4691 3271 4760 ἐπισυρόμενοι
3290 4708 3304 4722 ο
3336 4686 3490 4754 αὖθις
3516 4690 3708 4763 θηριο-

456 4778 601 4842 haut,
641 4793 705 4833 ac
732 4779 1088 4848 parasitorum
1139 4772 1434 4833 infelicium
1487 4777 1698 4849 agmina
1750 4777 2020 4832 individuo

2133 4779 2324 4851 μάχοις
2365 4782 2459 4836 καὶ
2505 4781 2711 4852 θηρίοις
2748 4780 3131 4852 σκορπίζοντες
3176 4778 3264 4832 τὸν
3324 4779 3569 4841 πλοῦτον,
3602 4779 3709 4835 κάν

454 4872 709 4924 comitatu
752 4870 1068 4936 trabamus;
1118 4885 1441 4941 rursumque
1489 4870 1543 4924 in
1593 4867 1917 4941 gladiatores
1960 4884 2020 4925 ac

2131 4875 2250 4937 ταῖς
2301 4874 2686 4944 ἱπποτροφίαις
2725 4873 2939 4937 οὐδενὸς
2988 4871 3095 4925 τῶν
3149 4871 3316 4927 ὄντων
3366 4871 3705 4944 φειδόμενοι·

554 5051 600 5083 ²¹
631 5048 733 5102 [sa.
760 5063 853 5115 ιιι,
882 5046 953 5101 28
977 5064 1101 5119 sqq.
1207 5047 1251 5079 ’³
1281 5047 1440 5106 Prov.
1480 5065 1572 5106 ιιι
1594 5093 1609 5120 ,
1640 5052 1726 5107 u.
1832 5048 1879 5080 “
1918 5047 2104 5105 Matth.
2134 5064 2207 5113 νι,
2241 5047 2331 5102 54.

533 5232 645 5303 (ιο)
689 5230 938 5288 Parentes
967 5230 1091 5301 ﬁliis
1118 5229 1559 5303 spolia_divideut_.
1600 5226 1755 5303 Pro_v.
1786 5242 1901 5303 xix.
1933 5225 2020 5291 14,
2132 5222 2381 5303 margini,
2420 5238 2527 5303 quo
2561 5225 2970 5303 prohibetur_ne
2996 5224 3167 5303 simus
3197 5225 3263 5278 de
3288 5224 3526 5303 crastino
3558 5224 3707 5278 solli-

461 5293 567 5372 quo
593 5293 838 5359 Ksterius
866 5293 1098 5373 respicit,
1120 5293 1224 5373 est.
1253 5296 1517 5373 o‘ixov_xal.
1536 5293 1785 5373 ὕπαρξιν,
1810 5294 2023 5347 domum
2135 5293 2442 5373 citi,utque
2474 5294 2524 5346 iu
2554 5308 2621 5347 eo
2646 5295 3053 5373 simusvicturi.
3094 5311 3158 5347 ac
3187 5308 3273 5346 res
3301 5302 3516 5373 nostras
3554 5309 3712 5373 cotu-

462 5364 508 5428 έι
541 5374 885 5427 substantiam
912 5390 930 5438 ;
953 5364 966 5373 ’
991 5370 1158 5425 voluit
1195 5370 1330 5424 forte
1375 5369 1455 5423 sic
1502 5382 1610 5438 uno
1642 5364 1804 5417 verbo
1840 5377 2030 5438 auctor
2134 5364 2374 5438 paraturi
2406 5378 2418 5414 :
2453 5378 2563 5438 ιιοιι
2581 5368 2723 5432 quod
2750 5364 3707 5438 redditiuterpres,quemadmodum

463 5446 671 5507 dicere;
728 5454 782 5497 et
845 5432 969 5510 quia
1025 5443 1223 5510 passim
1276 5442 1328 5492 in
1394 5437 1668 5510 Scriptura
1721 5434 2031 5510 mentiodlt
2136 5432 2203 5510 ad
2228 5434 2363 5510 diem
2405 5434 3011 5510 crasti‘num‘peruem'es.
3050 5432 3368 5510 Sic_|ia_sSitn
3408 5432 3709 5510 Scriptura:

468 5503 745 5567 divisionis
791 5503 1105 5580 spoliorum.
1144 5512 1284 5565 Bene
1318 5510 1539 5563 Ducmus
1583 5503 1891 5573 interpretis
1942 5503 2031 5557 hic
2143 5504 2254 5580 loca
2290 5504 2465 5580 mimis
2490 5505 2868 5580 animadvertit
2911 5520 2975 5560 ac
3020 5504 3294 5580 exprimit,
3334 5504 3474 5571 quod
3515 5517 3618 5568 ego
3653 5504 3706 5580 in

468 5582 674 5652 lapsum
710 5572 1038 5652 correxerat.
1140 5650 1146 5652 Α
1353 5647 1365 5652 _
1583 5643 1609 5652 _
1696 5572 1821 5652 λίψ
1952 5642 2028 5652 Η
2143 5573 3029 5652 PatrumGr:ecor_uminterprete,
3062 5572 3278 5626 tuaxinti
3306 5587 3417 5625 rem
3444 5574 3705 5652 momenti

536 5652 649 5721 (l7)
692 5650 1109 5721 Quomodo_uges
1134 5650 1184 5702 in
1210 5643 1655 5721 crastinum,an
1685 5641 1913 5721 διάξεις
1938 5642 2035 5696 ἐπὶ
2143 5643 2419 5721 existimo;
2449 5659 2568 5698 cum
2599 5644 2649 5696 in
2682 5644 2808 5721 illis,
2840 5645 3081 5714 scitoque
3102 5657 3289 5696 eorum
3315 5656 3435 5703 usu,
3469 5641 3704 5710 plurima

468 5713 578 5788 tﬁ'r
601 5713 940 5785 ὖσὲεραιας.
965 5713 1127 5772 Plana
1154 5727 1234 5779 est
1256 5716 1446 5771 allusio
1461 5718 1526 5773 ad
1540 5716 1715 5771 locum
1745 5716 2035 5785 ascriptum
2147 5714 2225 5770 vis
2250 5728 2313 5769 ac
2335 5713 2497 5769 decor
2516 5713 2825 5770 earumdem
2852 5713 3158 5770 sermOuum
3186 5721 3419 5769 consul.
