4034 6204
321 334 422 391 189

1281 328 1564 383 HOMILIA
1605 327 1667 382 ΙΙ.
1711 326 1799 384 DE
1839 327 2210 384 (12430λο310
2250 327 2684 393 INIQH'I‘ATIS.

3472 333 3572 388 ιεο

326 454 420 504 καὶ
446 447 612 502 πάλιν
663 448 1104 516 θαυματοποιοῖς,
1139 445 1232 499 καὶ
1277 444 1482 514 μίμοις,
1522 447 1750 508 καὶτοῖς
1781 445 1907 516 ἑξῆς

2032 461 2172 508 eras,
2212 445 2539 512 alendosque
2571 460 2758 514 equos,
2795 446 2936 500 nulla
2975 448 3334 516 impensarum
3365 452 3575 508 ratione

328 539 597 611 ὀλεθρίοις
635 536 976 598 δαπανῶντες
1027 536 1128 606 τὴν
1175 535 1458 605 εὐπορίαν.
1512 535 1623 587 Καὶ
1671 535 1902 603 πρᾶγμα

329 634 616 702 πάσχομεν
631 630 798 694 κενὸν,
827 628 921 680 καί
953 629 1149 697 μανίας
1171 625 1353 694 ἐγγύς.
1389 625 1559 678 Ἔνθα
1605 625 1703 696 μὲν
1740 623 1904 695 γὰρὴ

329 724 546 791 δαπάνη
585 720 731 790 φέρει
781 717 846 770 τὸ
897 717 1085 787 κέρδος
1135 714 1433 785 ἀνάριθμον
1477 715 1572 767 καὶ
1637 713 1908 783 σωτηρίαν

332 814 618 874 ἀθάνατον,
657 809 956 879 συνέχομεν
991 807 1232 878 σφοδρῶς
1254 797 1313 859 to
1346 805 1628 877 ἀργύριον,
1669 806 1744 868 ὡς
1777 804 1910 876 μηδὲ

331 905 547 972 ὀλίγους
575 901 793 964 ὀϐολοὺς
833 901 932 970 τῆς
958 899 1137 970 χειρὸς
1187 900 1437 951 ἐκπεσεῖν
1460 914 1472 926 ·
1502 898 1633 949 ὅπου
1655 896 1711 948 δὲ
1739 897 1915 967 ἁμαρ-

330 996 465 1049 τιῶν
490 994 702 1063 γίνεται
753 993 816 1044 τὸ
847 991 1108 1060 ἀνάλωμα
1137 991 1230 1042 καὶ
1288 988 1496 1060 μυρίων
1526 986 1800 1041 κολάσεων
1829 986 1916 1040 αῖ-

327 1104 465 1149 τιον,
493 1086 588 1138 καὶ
609 1085 781 1154 αὐτῆς
817 1100 881 1151 γε
903 1082 1005 1152 τῆς
1045 1082 1130 1134 διὰ
1171 1081 1343 1150 πυρὸς
1369 1079 1658 1151 τιμωρίας,
1689 1079 1916 1131 αὐτοκέ-

322 1178 548 1232 λευστοι
574 1175 790 1244 ρέομεν.
837 1174 902 1226 Ἠ
932 1171 1206 1241 φιλοτιμία
1226 1169 1596 1240 προλαμϐάνει
1623 1169 1720 1239 τὴν
1759 1167 1914 1239 αἴτη-

2012 537 2191 590 habita
2217 576 2232 600 ,
2265 551 2395 604 opes
2429 537 2832 607 dispergamus;
2883 537 3115 605 denique
3137 541 3186 592 in
3224 542 3576 610 prmSIigiato-

2014 643 2100 682 res
2131 643 2193 680 ac
2227 628 2420 683 mimos
2464 629 2704 697 aliosque
2731 629 3123 698 perditissimos
3169 632 3410 686 homines
3443 635 3577 688 divi-

2018 720 2120 773 tias
2149 735 2566 786 consumamus,
2619 729 2778 788 atque
2829 721 2960 775 adeo
3005 722 3225 775 stultum
3259 725 3382 792 quid
3412 740 3474 778 ac
3498 726 3579 778 in-

2017 806 2444 879 sanim'prorsus
2485 809 2646 864 affine
2685 810 2984 864 faciamus?
3019 811 3117 866 Ubi
3153 814 3294 866 enim
3338 815 3578 884 impensa

2011 899 2216 952 lucrum
2271 899 2648 954 inaestimabile
2708 915 2770 954 ac
2821 909 3074 954 aeternam
3129 901 3280 956 affert
3326 903 3578 968 salutem,

2013 1004 2323 1058 compressa
2355 1005 2511 1044 manu
2550 992 2828 1057 pecuniam
2867 992 3178 1047 cohibemus
3200 1033 3215 1057 ,
3243 1005 3300 1048 ut
3331 1009 3398 1049 ne
3423 996 3578 1064 pauci

2014 1082 2234 1150 quidem
2296 1082 2436 1136 oboli
2493 1083 2893 1147 excidant;ubi
2925 1093 3100 1137 autem
3160 1085 3225 1138 de
3283 1085 3582 1154 sumptibus

2010 1171 2314 1226 istiusmodi
2360 1175 2554 1243 agitur,
2612 1188 2747 1242 quos
2788 1183 2842 1226 et
2880 1184 3098 1244 peccata
3151 1177 3497 1243 comitantur,
3528 1185 3584 1232 et.

327 1282 448 1321 σιν·
479 1268 576 1319 καὶ
595 1267 777 1329 πάσας
809 1265 976 1336 θύρας
1007 1263 1334 1329 ἀνοίξαντες,
1377 1263 1607 1332 ἀφίεμεν
1632 1261 1723 1314 τὸν
1750 1261 1912 1315 πλοῦ-

2032 1278 2183 1316 nena:
2233 1263 2490 1327 infinitas,
2528 1280 2590 1318 ac
2635 1266 2713 1317 vel
2753 1268 2923 1333 ipsum
2970 1267 3109 1334 ignis
3147 1267 3462 1335 supplicium
3491 1281 3581 1322 seu

323 1375 424 1410 τον
449 1356 590 1427 πρὸς
626 1357 751 1419 τοὺς
783 1355 888 1420 ἔξω
917 1357 1134 1425 χωρεῖν.
1167 1353 1338 1407 Τοῦτο
1361 1353 1417 1406 δὲ
1449 1353 1509 1406 τό
1539 1353 1793 1424 φρόνημα
1815 1353 1915 1406 οὐκ

2032 1355 2216 1424 luitur,
2255 1353 2395 1408 ultro
2439 1371 2568 1426 opes
2619 1356 2961 1411 ell'undimus.
2995 1356 3232 1427 Largitio
3259 1371 3321 1412 ac
3352 1357 3588 1412 liberali-

320 1449 449 1502 ἐστι
471 1447 674 1500 δούλων
693 1446 1070 1516 ἀναμενόντων
1087 1445 1178 1498 τὸν
1206 1443 1414 1514 κύριον,
1447 1441 1584 1496 ἀλλά
1604 1442 1738 1495 νέων
1768 1439 1914 1495 ἀσώ-

2032 1460 2100 1499 .as
2131 1445 2244 1515 (18)
2277 1447 2587 1513 petitiOnem
2638 1456 2896 1516 occupat;
2945 1457 3162 1518 lotoque
3211 1461 3398 1519 aperto
3426 1451 3586 1514 ostio,

319 1558 463 1606 των,
493 1539 824 1610 κωμαστῶν,
854 1536 1189 1591 ἀκολάστων.

2018 1535 2238 1594 divitias
2266 1540 2330 1592 ad
2364 1549 2654 1595 extraneos
2695 1541 2845 1594 exire
2887 1542 3274 1608 permittimus.
3315 1544 3415 1612 Qui
3459 1558 3590 1599 sane

321 1647 444 1688 non
477 1640 561 1685 est
587 1645 779 1684 sensus
811 1629 1130 1695 animusque
1159 1640 1438 1680 servorum
1477 1624 1904 1694 exspectantium
1946 1626 2245 1699 dominum,
2280 1633 2371 1688 sed
2399 1633 2655 1702 jnvenum
2723 1631 3031 1687 helluonum
3055 1675 3072 1700 ,
3142 1646 3589 1708 comessatorum,

319 1721 674 1790 luxuriaeque
721 1734 786 1774 ac
816 1718 1182 1787 voluptatibus
1226 1717 1549 1770 deditorum.

405 1814 474 1868 Εἰ
522 1812 579 1864 δὲ
624 1810 820 1874 Θέλεις,
855 1811 884 1862 ό
911 1807 1207 1880 ἀκροατὴς,
1260 1805 1385 1859 ἰδεῖν
1413 1803 1696 1876 οἰκονόμου
1737 1804 1919 1875 φόϐον,

2095 1805 2246 1872 Quod
2277 1807 2344 1871 si,
2369 1808 2601 1874 auditor,
2646 1809 2827 1864 videre
2854 1810 3150 1879 desideras,
3180 1829 3340 1882 quam
3365 1815 3592 1872 sollicite

324 1904 485 1978 μετά
516 1904 620 1973 τῆς
651 1901 924 1972 σώφρονος
951 1898 1233 1962 εὐλαϐείας
1259 1897 1583 1960 διοικοῦντος
1605 1895 1676 1950 τά
1702 1913 1921 1950 πιστευ-

319 1998 522 2062 θέντα,
555 1992 858 2057 ἀνάπτυξον
899 1991 996 2063 τὴν
1023 1991 1199 2061 βίϐλον
1227 1989 1324 2043 τοῦ
1349 1988 1538 2042 Δαϐἰδ’
1590 1989 1822 2060 ζήτησον
1863 1990 1919 2040 ὲ-

320 2089 558 2150 xslvet);
582 2086 708 2149 τοὺς
740 2084 931 2153 λόγους
950 2083 1078 2136 ἔνθα
1105 2083 1272 2153 φησὶν
1301 2079 1435 2152 πρὸς
1450 2081 1539 2134 τὸν
1563 2079 1738 2134 eam
1760 2080 1919 2151 ἀνὴρ,

320 2175 811 2249 πολυπραγμονῶν
853 2173 948 2228 τοῦ
985 2173 1113 2226 ἰδίου
1157 2173 1344 2234 τέλους
1405 2171 1504 2241 τὴν
1547 2169 1882 2241 προθεσμίαν
1906 2186 1920 2200 ο

322 2267 655 2336 Γνπώρισόν
725 2282 846 2334 μοι,
895 2264 1091 2330 Κύριε,
1135 2261 1202 2316 τὸ
1248 2260 1432 2330 πέρας
1476 2277 1617 2329 μου,
1665 2260 1764 2313 καί
1819 2259 1925 2314 τὸν

325 2357 593 2427 ἀριθμόν
631 2355 750 2409 τῶν
795 2353 1034 2424 ἡμερῶν
1067 2371 1186 2422 μου
1234 2352 1326 2418 τίς
1355 2352 1545 2415 ἐστιν,
1578 2352 1679 2405 ἵνα
1714 2349 1834 2420 γνῶ
1869 2351 1927 2404 τί

327 2446 576 2516 ὑστερῶ
602 2445 736 2516 ἐγώ.
779 2446 942 2516 Ὁρᾷς
999 2444 1146 2504 ὅπως
1193 2441 1268 2505 ὡς
1315 2442 1373 2495 ἐν
1419 2440 1588 2493 εἰκόνι
1646 2441 1926 2511 θεωρεῖται

325 2539 425 2610 τῷ
449 2540 638 2609 λόγῳή
658 2536 752 2590 τοῦ
780 2534 1077 2604 εὐξαμένου
1106 2532 1365 2597 διάθεσις,
1393 2532 1476 2586 ὅτι
1505 2531 1760 2602 περιδεὴς
1789 2532 1922 2593 ἐστι,

332 2632 451 2686 καί
475 2629 679 2699 προορᾷ
707 2627 768 2679 τὸ
808 2625 1021 2697 μέλλον,
1077 2626 1168 2678 καὶ
1197 2623 1458 2694 ἀναμένει
1479 2622 1576 2692 τὴν
1607 2621 1808 2689 κρίσιν,
1834 2621 1928 2674 καὶ

335 2720 456 2790 τὴν
483 2717 814 2788 πριθεσμίαν
866 2713 1312 2786 περιεργάζεται,
1350 2712 1436 2765 ἵνα
1467 2712 1540 2782 μὴ
1573 2709 1680 2782 [τὸ]
1708 2708 1927 2780 ἀπαρά-

334 2827 548 2865 σκευον
575 2810 736 2862 αὑτὸν
764 2807 1043 2880 καταλάϐῃ
1096 2809 1192 2879 τῆς
1214 2807 1395 2874 ἐξόδου
1419 2805 1478 2859 τὸ
1515 2805 1764 2876 σύνθημα
1789 2821 1801 2834 ·
1835 2803 1930 2857 καί⁵

328 2903 506 2973 ζητεῖ
549 2901 903 2972 λογισάμενος
963 2899 1222 2965 κατιδεῖν,
1269 2899 1324 2952 τί
1369 2898 1429 2951 τὸ
1489 2898 1589 2968 τῆς
1643 2895 1929 2967 παροικίας

327 2993 658 3063 ὑστέρημα,
681 2993 768 3045 ῖνα
796 2991 1035 3055 σπεύσας
1058 2990 1450 3062 ἀναπληρώσῃ,
1481 2990 1610 3060 πρὶν
1636 2987 1811 3041 ἐλθεῖν
1840 2986 1930 3039 τὸν

327 3084 634 3152 ἐξάγοντα.
694 3083 930 3153 Ἀληθῶς
958 3084 1064 3154 γάρ
1098 3084 1245 3135 ἐστιν
1272 3081 1435 3134 εἰκὼν
1456 3080 1762 3150 οἰκονόμου,
1795 3077 1926 3132 ἑκά·

2025 1898 2316 1968 timideque
2346 1900 2656 1954 concredita
2705 1901 2805 1954 sibi
2860 1902 3202 1970 dispensator
3229 1907 3483 1972 providus
3507 1911 3593 1960 ad-

2025 1989 2314 2054 tninistret,
2347 1990 2562 2044 Davidis
2588 1991 2716 2043 mihi
2741 1991 2952 2059 explica
2987 1993 3180 2047 librum
3214 2011 3228 2060 ;
3264 2011 3386 2050 eum
3418 1996 3590 2052 locum

2023 2093 2249 2148 quaere,
2301 2095 2406 2148 quo
2458 2081 2540 2134 vir
2583 2080 2672 2134 ille
2729 2082 3084 2151 praestitutam
3142 2086 3318 2140 exitus
3347 2088 3427 2141 sui
3451 2086 3591 2142 diem

2025 2172 2263 2227 studiose
2303 2173 2582 2243 inquirens
2608 2213 2621 2234 ,
2671 2173 2748 2227 sie
2771 2174 2836 2227 ad
2867 2173 3032 2228 Deum
3065 2175 3205 2230 fatur
3236 2197 3249 2231 :
3286 2177 3484 2231 Notum
3510 2179 3594 2248 {ac

2024 2264 2184 2329 mihi,
2223 2263 2473 2329 Domine,
2521 2265 2676 2332 ﬁnem
2733 2282 2942 2332 meum;
2985 2277 3033 2321 et
3083 2283 3354 2322 numerum
3394 2269 3595 2323 dierum

2027 2369 2256 2407 meorum
2284 2356 2400 2422 quis
2437 2366 2542 2417 est,
2572 2363 2630 2409 ut
2664 2357 2825 2409 sciam
2865 2359 2989 2423 quid
3025 2359 3157 2412 desit
3189 2359 3316 2413 mihi
3337 2360 3405 2417 ⁸⁸.
3434 2356 3597 2416 Vides

2027 2445 2080 2500 in
2113 2447 2196 2499 his
2223 2448 2398 2499 verbis
2425 2455 2679 2516 tanquam
2724 2450 2775 2500 in
2819 2450 3056 2519 imagine
3088 2452 3358 2518 precantis
3384 2466 3600 2520 expres-

2028 2551 2143 2589 sum
2184 2536 2421 2589 animum
2445 2546 2499 2590 et
2533 2535 2900 2602 affectionem,
2933 2550 2989 2590 ut
3020 2541 3087 2592 sit
3120 2540 3340 2594 timidus
3365 2581 3379 2605 ,
3419 2551 3477 2593 ut
3511 2541 3598 2594 fu-

2031 2633 2204 2677 turum
2231 2627 2510 2693 provideat
2530 2666 2543 2688 ,
2577 2637 2633 2679 ut
2661 2626 2922 2695 judicium
2970 2639 3266 2697 exspectet,
3299 2646 3361 2683 ac
3387 2631 3599 2686 curiose

2031 2714 2267 2784 ittqttil'ul
2324 2718 2683 2783 prastitutum
2731 2716 2904 2779 diem,
2943 2733 3008 2770 ne
3065 2733 3184 2770 eum
3244 2720 3472 2773 abeundi
3527 2721 3602 2773 si-

2029 2817 2227 2872 gnum,
2267 2805 2586 2874 imparatum
2633 2804 2865 2858 oﬂ'eudat
2906 2816 3068 2876 atque
3095 2810 3405 2876 opprimat:
3437 2819 3602 2878 utque

2031 2897 2334 2966 recogitans
2387 2897 2692 2966 perspicere
2747 2907 2954 2967 quaerat
3019 2899 3144 2964 quid
3199 2915 3294 2968 pro
3368 2899 3599 2953 incolatu

2031 2987 2200 3053 desit,
2255 2999 2314 3041 ut
2359 2989 2632 3057 diligentia
2665 3007 2728 3045 ac
2763 2991 2940 3044 Studio
2980 2993 3121 3059 quod
3169 3002 3248 3043 est
3303 2988 3458 3044 ollieii
3506 2990 3604 3043 im-

2034 3079 2204 3146 pleat,
2257 3080 2567 3148 priusquam
2623 3081 2705 3145 is,
2744 3081 2833 3148 qui
2878 3090 2960 3134 est
3001 3080 3366 3144 abducturus,
3401 3080 3602 3137 veniat.

329 3143 479 3230 στοϐ
534 3177 566 3246 ἡ
577 3175 690 3245 μῶν
722 3143 982 3243 τελευττίνι,⁷
1027 3143 1092 3227 ἀν
1125 3173 1196 3226 τά
1249 3171 1370 3226 καθ’
1398 3143 1652 3226 ἕκαστον-
1681 3170 1929 3241 ἀλλήλοις

2036 3167 2174 3224 Vere
2218 3186 2450 3240 namque
2499 3181 2741 3226 nostrum
2793 3173 3054 3242 cujusque
3096 3174 3272 3226 exitus
3329 3185 3604 3240 morsque,

326 3267 818 3337 ἀντεξετάσωμεν,
866 3265 920 3318 τί
946 3265 1045 3336 μὲν
1075 3265 1273 3334 -πάσχει
1321 3266 1348 3317 ό
1375 3261 1753 3334 ἀποθνήσκων,
1791 3260 1844 3313 τί
1874 3259 1930 3313 δὲ

330 3358 618 3430 ὑπομένει
649 3359 677 3412 ό
696 3358 794 3428 τῆς
810 3355 1118 3428 οἰκονομίας
1151 3353 1562 3425 ἐκϐαλλόμενος.

431 3620 670 3691 Ὁμοίως
711 3620 824 3690 γάρ
862 3620 892 3671 ὁ
927 3617 1192 3672 τελευτῶν
1230 3615 1408 3680 ἄλλοις
1463 3613 1934 3686 μεταπαραδίδωσι

332 3718 444 3788 τὴν
496 3713 781 3784 διοίκησιν,
815 3711 890 3775 ὡς
916 3713 945 3765 ὁ
977 3710 1257 3780 οἰκονόμος
1293 3707 1392 3772 τὰς
1438 3707 1681 3770 κλεῖδας·
1728 3708 1934 3768 ἐκεῖνος

336 3806 750 3876 ἐκϐαλλόμενος
782 3803 976 3874 ἀγροῦ·
1009 3797 1182 3866 οὗτος,
1217 3800 1310 3854 τοῦ
1347 3800 1554 3870 κόσμου
1607 3797 1828 3861 παντὸς,
1860 3797 1935 3860 ὼς

338 3897 475 3959 ἑνὸς
525 3895 740 3965 χωρίου.
799 3887 1122 3961 Περιπαθὼν
1171 3891 1447 3960 ἀναχωρεῖ
1496 3886 1777 3956 οἰκονόμος
1828 3883 1936 3937 τῶν

346 3988 506 4041 ἰδίων
542 3987 736 4049 πόνων,
773 3978 882 4037 οἷον
916 3981 1200 4052 ἀμπέλων,
1233 3982 1450 4052 κήπων,
1490 3978 1678 4032 οἰκιῶν
1699 3995 1711 4007 ·
1763 3976 1814 4029 τί
1844 3971 1937 4029 οὖν

344 4082 509 4135 δοκεῖ
536 4095 620 4131 σοι
655 4079 747 4133 καὶ
781 4079 810 4130 ό
839 4074 1108 4129 τελευτῶν
1145 4073 1412 4144 πάσχειν;
1445 4072 1558 4126 Ούκ
1590 4069 1840 4142 ὀδύρεται
1871 4067 1939 4122 τὰ

347 4172 648 4241 κτήματα;
687 4170 788 4222 οὐκ
819 4167 1048 4221 ἐλεεινὸν
1082 4164 1402 4238 περιϐλέπει
1430 4163 1530 4232 τὴν
1569 4161 1766 4224 οἰκίαν,
1801 4158 1938 4230 μετά

346 4263 630 4333 τοσαύτην
667 4260 1040 4332 προσπάθειαν
1070 4256 1449 4328 ἀπροαιρέτως
1482 4254 1652 4324 αὐτῆς
1681 4251 1938 4306 ἀποσπώ-

351 4370 557 4424 μενος,
591 4353 780 4425 πόρρω
823 4349 1132 4422 θησαυρῶν,
1187 4347 1494 4418 ταμιείων;
1530 4345 1624 4399 καὶ
1667 4345 1796 4398 ὅταν
1833 4343 1939 4411 ἀφ-

2033 3263 2297 3318 ωοοηοιῐιί
2335 3279 2397 3318 ac
2417 3263 2804 3332 dispensatoris
2837 3266 3071 3334 speciem
3113 3264 3348 3334 pra-fert,
3379 3279 3436 3317 ut
3465 3265 3606 3334 sigil-

2036 3354 2184 3409 latim
2226 3356 2629 3421 examiuemus,
2667 3371 2729 3409 ac
2759 3371 2985 3425 quaeque
3027 3370 3452 3425 componamus;
3480 3354 3605 3423 quid

2047 3444 2285 3500 moriens
2309 3445 2543 3513 patiatur
2564 3483 2578 3506 ,
2611 3445 2808 3513 quidve
2832 3445 3252 3516 dispensationis
3278 3443 3606 3497 abdicandus

2037 3551 2276 3591 munere.

2105 3625 2334 3682 Perinde
2363 3627 2503 3680 enim
2534 3627 2579 3681 is
2623 3627 2712 3695 qui
2744 3628 2971 3682 moritur
3021 3629 3140 3682 aliis
3187 3627 3610 3682 :ulministratio-

2038 3730 2159 3769 nem
2185 3714 2368 3778 tradit,
2395 3725 2554 3783 atque
2581 3727 2895 3770 meonomus
2921 3716 3133 3770 claves:
3165 3717 3251 3769 hic
3300 3731 3428 3784 agro
3455 3714 3606 3781 ejieio

2043 3813 2169 3869 tur;
2220 3805 2308 3858 ille
2336 3813 2448 3859 toto
2503 3805 2702 3859 mundo
2739 3813 2988 3873 tanquam
3034 3821 3138 3858 uno
3187 3807 3415 3871 quodam
3480 3819 3611 3872 agro

2051 3895 2244 3950 cedere
2271 3897 2500 3964 cogitur.
2531 3894 2873 3949 OEconomns
2904 3896 3116 3948 labores
3147 3911 3292 3959 suos,
3345 3905 3491 3963 puta,
3526 3896 3607 3948 vi-

2039 4001 2186 4051 neas,
2218 3988 2423 4050 hortos,
2448 3987 2636 4041 domos
2659 4025 2675 4049 ,
2713 3995 2936 4040 maestus
2980 3987 3282 4056 invitusque
3316 3985 3563 4054 relinquit
3593 4003 3608 4052 ;

2039 4077 2187 4132 illum
2220 4086 2396 4132 autem
2413 4078 2505 4147 qui
2532 4077 2640 4131 vita
2667 4076 2930 4146 fungitur,
2955 4079 3224 4147 quomodo
3249 4087 3404 4147 putas
3433 4075 3567 4132 allici
3590 4077 3612 4133 3

2042 4167 2230 4224 Nonne
2280 4170 2652 4238 possessiones
2721 4169 3011 4239 deplorat?
3059 4169 3246 4223 Nonne
3321 4168 3612 4222 miserabili

2042 4269 2260 4331 aspectu
2306 4265 2522 4316 domum
2565 4263 2986 4332 circumquaque
3049 4262 3258 4320 lustrat.
3319 4276 3346 4313 a
3398 4275 3502 4328 qua
3535 4262 3614 4314 sic

2043 4354 2292 4407 adamata
2331 4353 2529 4407 invitus
2569 4352 2839 4418 avellitur,
2867 4363 3030 4421 atque
3061 4367 3087 4404 a
3115 4350 3463 4421 suppellectili
3507 4353 3614 4403 the-

353 4449 549 4518 ἰκηται
573 4446 710 4515 πρὸς
729 4444 820 4498 τὸν
848 4441 1196 4514 κληρωθέντα
1229 4440 1412 4503 τόπον,
1437 4437 1648 4491 ἀκούων
1668 4453 1680 4466 ’
1701 4434 1929 4500 Ἀπόδος

2047 4444 2332 4511 saurisque
2388 4443 2573 4513 procul
2605 4443 2855 4510 ejieitur:
2887 4458 2950 4496 ac
2986 4444 3072 4496 ubi
3121 4456 3199 4496 eis
3251 4440 3613 4511 personabunt

352 4536 470 4588 τὸν
498 4535 684 4603 ,λόγον
706 4533 818 4601 τῆς
841 4532 1182 4600 οἰκονομίας
1207 4545 1322 4584 σου
1341 4547 1358 4564 ο
1393 4526 1582 4590 δεῖξον,
1609 4526 1756 4588 ὅπως
1784 4525 1941 4596 ἣκου-

361 4643 462 4688 σας
495 4623 603 4676 τῶν
645 4621 896 4685 ἐντολῶν,
934 4623 1084 4683 ὅπως
1114 4619 1357 4689 διετέθης
1387 4617 1521 4688 πρὸς
1549 4616 1676 4678 τοὺς
1717 4612 1942 4684 ὁμοδού-

358 4716 488 4777 λους
512 4755 527 4776 ,
579 4713 613 4784 ἢ
660 4712 913 4786 χρηστῶς
957 4710 1053 4764 καὶ
1097 4708 1524 4780 φιλανθρώπως,
1560 4707 1593 4777 ἢ
1638 4705 1945 4760 τούναντίον

364 4807 620 4877 ἐπαχθῶς
653 4808 744 4860 καὶ
783 4802 1151 4876 τυραννικῶς,
1187 4801 1382 4862 παίων,
1425 4797 1773 4861 κονδυλίζων,
1805 4798 1944 4850 ἀπο-

369 4899 573 4969 στερῶν
612 4899 711 4970 τῆς
754 4895 1122 4967 ἐλεημοσύνης
1175 4893 1518 4965 σιτηρέσιον;
1561 4892 1680 4946 Κᾶν
1712 4891 1816 4962 μὴν
1855 4892 1944 4944 δυ-

363 4991 500 5062 νηθῇ
532 4990 658 5043 ἵλεω
691 4989 1031 5058 καταστῆσαι
1063 4987 1154 5040 τὸν
1183 4985 1472 5055 δεσπότην,
1525 4984 1726 5053 ἀγαθὸν
1758 4983 1943 5036 δοῦλον

364 5082 557 5139 ἑαυτὸν
592 5081 793 5147 δείξας,
825 5077 884 5135 εὖ
917 5081 984 5134 ἂν
1014 5079 1126 5151 ἔχοι
1147 5096 1160 5108 ·
1200 5081 1249 5132 εἰ
1280 5079 1336 5132 δὲ
1368 5076 1698 5141 τούναντίον,
1732 5076 1832 5129 οὐκ
1863 5075 1945 5128 ἔτι

367 5177 638 5247 μάστιγες
673 5176 762 5228 διὰ
814 5174 1044 5246 ῥάϐδων,
1095 5171 1215 5226 οὐδὲ
1264 5170 1446 5243 μύλων
1503 5170 1813 5233 σκοτεινὸς,
1853 5170 1945 5223 καὶ

365 5270 530 5323 πέδαι
560 5270 799 5340 σιδηραῖ*
842 5267 980 5322 ἀλλά
1011 5266 1122 5340 πῦρ
1160 5264 1444 5327 ἄσϐεστον,
1472 5263 1568 5317 καὶ
1594 5262 1782 5325 σκότος
1811 5260 1943 5316 αἰώ-

420 5401 466 5432 ¹⁵
495 5400 635 5455 Psal.
663 5416 887 5462 xxxviii,

442 5538 554 5609 (18)
601 5536 831 5602 Largitio
859 5553 921 5588 ac
951 5535 1259 5609 liberalitas.
1289 5532 1430 5609 Lego
1449 5546 1526 5609 Iac
1550 5530 1784 5609 corrigo,
1807 5531 1948 5609 quod

373 5599 598 5663 Du‘caaus
647 5599 874 5660 libenter
930 5606 1005 5657 ait
1036 5604 1321 5664 lecturum,
1353 5599 1472 5654 ἀντὶ
1514 5599 1607 5652 τοῦ
1641 5604 1947 5669 προσλαμ-

374 5678 558 5742 ϐάνει,
584 5679 645 5731 τὺ
670 5673 1093 5746 προλαμϐάνει.
1121 5672 1301 5746 Palam
1331 5672 1474 5726 enim
1505 5671 1734 5746 explicat
1758 5682 1948 5746 auctor

378 5751 516 5818 quod
545 5741 601 5802 ir:
641 5741 823 5801 multis
858 5741 1096 5816 quotidie
1135 5744 1406 5814 lugemus;
1457 5741 1546 5811 qui
1579 5741 1719 5795 ultro
1758 5741 1942 5807 etiam,

2044 4550 2225 4600 voces,
2257 4551 2380 4591 eum
2410 4535 2714 4605 pervenerit
2744 4535 2808 4588 ad
2838 4535 3160 4589 destinatum
3198 4533 3369 4586 locum
3394 4572 3408 4596 ,
3439 4529 3611 4582 Redde

2043 4629 2298 4682 rationem
2325 4639 2429 4682 tua!
2455 4628 2857 4696 dispensationis
2882 4643 2897 4691 ;
2936 4626 3159 4682 ostende
3187 4624 3456 4693 quomodo
3478 4636 3614 4690 prte-

2039 4720 2211 4787 ceptis
2234 4719 2713 4788 obtemperaveris,
2759 4728 2816 4771 ut
2844 4717 3093 4770 habueris
3140 4729 3265 4783 erga
3295 4727 3607 4773 conservos,

2041 4825 2166 4864 num
2190 4809 2325 4865 lenis
2349 4811 2718 4880 benignusque
2748 4823 2812 4862 ac
2839 4809 3098 4869 clemens,
3126 4821 3192 4858 an
3223 4813 3408 4858 contra
3441 4816 3615 4856 saevus

2041 4913 2095 4956 et
2117 4903 2460 4968 inhumanus,
2489 4903 2650 4971 inque
2682 4916 2881 4955 morem
2911 4898 3140 4970 tyranni,
3178 4896 3368 4964 pugnis
3399 4909 3462 4946 ac
3488 4905 3612 4945 ver-

2044 4993 2260 5048 beribns
2295 4994 2346 5046 in
2395 5009 2492 5048 eos
2542 4995 2793 5057 saeviens,
2847 5006 2910 5046 ac
2951 4990 3306 5057 elcemosyua:
3360 4987 3616 5038 demenso

2042 5082 2338 5138 fraudans?
2363 5088 2440 5139 Ac
2472 5084 2688 5154 quidem
2719 5093 2777 5137 ut
2809 5083 3095 5137 Dominum
3124 5077 3408 5149 propitium
3429 5081 3616 5144 potue-

2045 5177 2113 5230 rit
2141 5179 2382 5242 reddere,
2419 5193 2483 5231 ac
2507 5176 2703 5232 bonum
2741 5191 2800 5231 se
2838 5188 3056 5229 servum
3114 5170 3361 5241 probare,
3394 5168 3532 5221 bene
3561 5164 3613 5218 id

2045 5267 2330 5334 habuerit;
2365 5270 2446 5323 sin
2478 5273 2676 5334 minus,
2711 5282 2815 5321 nou
2865 5265 2972 5318 illic
3028 5263 3075 5316 ei
3108 5267 3306 5330 paratae
3341 5259 3504 5328 virga:
3552 5271 3616 5309 ac

2064 5545 2125 5586 ac
2158 5530 2291 5586 nihil
2345 5531 2512 5600 rogati
2547 5531 2615 5600 in
2653 5527 2984 5592 meretrices,
3017 5525 3194 5600 ludos,
3218 5523 3428 5600 aliaque
3451 5522 3500 5575 id
3519 5537 3606 5592 ge-

2057 5617 2159 5656 nus
2208 5594 2809 5670 pecuniaselfundaut,
2862 5612 2982 5651 cum
3032 5595 3360 5670 vixobolnm
3402 5594 3451 5647 in
3487 5606 3612 5662 pau‘

2053 5667 2223 5741 peres‘
2244 5686 2305 5726 ac
2331 5672 2416 5742 pia
2442 5669 2543 5725 alia
2575 5682 2737 5740 opera
2763 5681 2989 5738 erogare
3020 5667 3342 5722 sustineant.
