4048 6194
454 301 553 359 191

1726 300 1786 359 S.
1827 300 2103 358 ASTERll
2139 299 2466 359 AMXSENI.

3601 297 3714 354 l9!

452 417 802 485 ﬂagratnon
855 416 1143 470 obscurum
1205 412 1532 480 pistrinum;
1584 429 1691 469 non
1745 415 2018 484 compedes

2130 430 2264 477 νιον,
2295 413 2491 467 οὓποτε
2534 417 2676 483 φωτὶ
2708 415 3200 486 καταυγαζόμενον,
3249 413 3342 468 καὶ
3385 415 3414 468 6
3462 412 3706 487 βρυγμὸς

453 506 685 573 ferreae;
722 508 815 563 sed
841 508 977 577 ignis
1006 504 1478 573 inexstinguibilis,
1509 504 1600 560 sed
1638 505 1868 561 tenebras
1898 520 2023 574 per-

455 609 650 667 petuae,
683 599 930 665 nullaque
954 596 1088 651 locis
1140 596 1541 663 intercapedine
1575 596 1874 660 distinctas;
1928 598 2021 651 sed

453 689 655 742 stridor
678 687 936 750 dentium,
969 686 1134 753 ipsius
1162 686 1315 740 nobis
1367 684 1638 756 Evangelii
1690 687 1869 754 palam
1895 686 2019 741 olim

454 778 759 846 designatus
795 775 1099 829 testimonio
1122 775 1190 829 ".
1231 773 1381 841 Quod
1412 775 1455 829 si
1495 790 1764 845 nunquam
1795 775 2022 830 terrenis

455 868 606 921 hisce
663 865 817 919 bonis
870 875 1123 933 tanquam
1185 864 1376 918 alienis
1431 879 1653 930 exuere,
1712 879 1811 933 age
1868 880 2017 932 sane,

452 956 633 1010 fruere
667 957 884 1019 mundo,
943 964 1160 1023 totaque
1200 953 1449 1008 libertate
1478 970 1732 1009 sensuum
1775 956 2017 1010 omnium

451 1044 779 1099 adminiculo
808 1044 1065 1113 voluptati
1097 1044 1347 1114 indulge;
1383 1046 1464 1099 sin
1508 1058 1688 1101 autem
1746 1048 1861 1101 haec
1898 1057 2026 1101 sunt

451 1138 897 1201 consummanda,
925 1151 1024 1191 nec
1057 1136 1156 1190 nisi
1183 1151 1352 1205 pauco
1383 1146 1624 1205 tempore
1649 1153 1835 1192 eorum
1869 1138 2023 1192 nobis

450 1229 717 1284 constabit
752 1229 935 1282 fruitio
970 1243 985 1281 :
1033 1230 1322 1283 timeamus
1345 1268 1361 1294 ,
1413 1230 1614 1284 fratres
1637 1271 1652 1296 ,
1689 1230 2024 1301 migrationis

447 1318 597 1373 illum
626 1318 790 1379 diem,
824 1332 999 1385 exque
1020 1317 1229 1371 Domini
1260 1321 1594 1390 praescripto,
1631 1320 1896 1374 iucolatus
1927 1333 2022 1372 no-

448 1409 548 1464 stri
576 1418 817 1478 tempore
844 1410 1105 1463 vivamus.
1134 1407 1209 1463 Ne
1232 1424 1329 1478 pro
1358 1426 1466 1466 tere
1489 1411 1665 1467 alieno
1690 1411 1852 1466 vincti
1875 1410 2021 1464 abri-

2130 505 2239 559 τῶν
2269 505 2516 568 ὀδόντων,
2543 506 2601 560 ὃν
2632 506 2822 576 σαφῶς
2847 510 2980 579 ἡμῖν
3023 507 3084 561 τὸ
3118 506 3450 577 Εύαγγέλιον
3474 506 3704 577 προεδή-

2129 593 2321 649 λωσεν.
2361 594 2425 646 Εἰ
2469 593 2568 664 μὲν
2597 589 2691 649 οὖν
2728 595 2983 649 οὐδέποτε
3014 595 3121 650 τῶν
3158 594 3408 663 ἐνταῦθα,
3441 594 3518 659 ὡς
3544 594 3703 648 ἀλλο-

2126 682 2313 754 τρίων,
2343 682 2599 755 ἐκϐάλλῃ,
2630 686 3048 756 κατατρύφησον
3072 684 3165 738 τοῦ
3192 685 3418 756 κόσμου,
3445 683 3541 738 καλ⁴
3563 682 3703 754 μετά

2128 774 2308 843 πάσης
2336 773 2639 845 αἰσθήσεως
2669 759 2945 831 ἀκώλυτον
2981 777 3120 845 ἀφες
3152 777 3251 848 τὴν
3286 775 3503 846 ήδονήν.
3546 774 3611 828 Εἰ
3643 773 3702 827 δέ

2129 865 2603 937 συντελεσθήσεται
2637 866 2831 933 ταῦτα,
2882 867 2978 921 καὶ
3031 870 3124 921 ἐπὶ
3174 866 3382 939 μακρὸν
3420 867 3466 898 ³⁰
3520 864 3703 919 αὐτῶν

2123 954 2519 1027 ἀπολαύσομεν
2552 958 2901 1029 φοϐηθῶμεν,
2958 957 3197 1026 ἀδελφοὶ,
3235 959 3335 1029 τὴν
3370 956 3580 1011 ἐνθένδε
3607 971 3706 1027 με·

2124 1046 2407 1113 τάστασιν,
2439 1048 2532 1101 καὶ
2561 1048 2817 1121 ζήσωμεν
2848 1050 2907 1102 ἐν
2934 1048 3012 1119 τῷ
3041 1048 3218 1118 καιρῷ
3246 1048 3346 1118 τῆς
3380 1047 3698 1119 παροικίας,

2123 1136 2201 1201 ῶς
2236 1138 2265 1189 6
2297 1138 2502 1211 Κύριος
2541 1142 2878 1196 ἐνετείλατοο
2931 1141 3005 1211 μὴ
3039 1139 3376 1210 ἀπαχθῶμεν
3424 1140 3700 1211 δεσμῶται

2127 1227 2265 1298 μετά
2298 1230 2493 1299 χρεῶν,
2530 1232 2643 1285 ἀλλ’
2674 1231 2981 1301 ὀδεύσωμεν
3021 1231 3327 1302 ἐλεύθεροι,
3367 1233 3462 1285 καὶ
3495 1232 3703 1301 εὐπαρ-

2124 1320 2416 1391 ῤηίαστον
2450 1323 2509 1377 τὸ
2530 1323 2770 1386 συνειδὸς
2797 1324 3152 1393 ἐπαγόμενοι,
3181 1324 3575 1393 ἀκατάγνωοτα
3602 1322 3702 1393 φέ-

2126 1426 2311 1479 ροντες
2343 1412 2412 1466 τὰ
2435 1415 2533 1484 τῆς
2565 1415 2660 1469 τοῦ
2702 1415 2818 1485 βίου
2844 1416 3120 1479 πολιτείας
3145 1415 3342 1486 βιϐλία.

448 1503 697 1572 piamur;
734 1503 828 1558 sed
890 1502 1068 1568 liberi,
1112 1518 1434 1575 securaque
1489 1505 1844 1572 conscientia,
1914 1503 2038 1558 vita:
2069 1503 2335 1559 rationum
2354 1506 2581 1563 xlibellos
2618 1509 2744 1563 nulli
2783 1508 3045 1564 obnoxios
3091 1505 3491 1578 reprehensioni
3524 1506 3700 1564 feren‘

446 1602 546 1656 tes,
588 1607 651 1647 eo
681 1594 1086 1649 contendamus.

516 1681 686 1735 Malus
717 1681 817 1735 fuit
842 1683 1001 1753 hujus
1031 1684 1155 1740 vita}
1192 1700 1508 1745 mconomus
1544 1688 1695 1743 dives
1727 1688 1835 1754 ille,
1864 1686 2017 1755 cujus

2190 1690 2372 1753 Κακὸς
2415 1686 2484 1763 ἦν
2514 1691 2793 1761 οἰκονόμος
2823 1690 2923 1761 τῆς
2961 1689 3148 1744 ἐνθάδε
3181 1688 3326 1758 ζωῆς
3372 1673 3402 1740 6
3443 1687 3701 1750 πλούσιος

446 1792 575 1847 ager
596 1776 802 1833 fructus
821 1778 1014 1834 uberes
1041 1781 1346 1837 reddiderat
1377 1799 1392 1835 :
1428 1784 1626 1854 quippe
1655 1784 1744 1852 qui
1775 1784 1825 1837 in
1874 1791 2019 1836 tanta

444 1868 532 1921 illa
563 1867 771 1938 frugum
795 1870 971 1938 copia,
1007 1871 1140 1925 nihil
1162 1874 1283 1927 boni
1308 1888 1372 1928 ac
1395 1874 1779 1929 humanitatem
1810 1873 2018 1928 haben-

445 1959 514 2011 tis
542 1960 753 2014 consilii
805 1960 1024 2027 inierit;
1072 1963 1174 2017 .sed
1235 1963 1421 2019 hiante
1473 1965 1676 2019 ventris
1727 1964 2016 2029 desiderio,

445 2047 671 2116 latisque
701 2066 765 2104 ac
801 2051 1075 2106 immensis
1123 2053 1368 2107 avaritiae
1411 2054 1622 2109 sinibus
1659 2055 1880 2124 apertis,
1922 2069 2019 2108 suo

444 2139 612 2207 ipsius
646 2142 763 2194 usui
800 2157 864 2196 ac
905 2142 1167 2213 voluptati
1219 2145 1402 2199 omnia
1448 2146 1740 2211 addixerit,
1784 2146 2013 2201 dicens:

444 2227 723 2283 Destruam
749 2231 937 2286 horrea
968 2249 1109 2300 mea,
1148 2244 1197 2288 et
1224 2233 1428 2303 majora
1454 2244 1744 2302 exstruam,
1775 2246 1824 2288 et
1847 2236 2017 2288 dicam

442 2322 638 2375 anima:
663 2339 791 2376 mea:
824 2338 844 2376 :
880 2322 1050 2378 Habes
1071 2325 1236 2378 multa
1261 2324 1397 2379 bona
1422 2328 1647 2394 reposita
1677 2342 1695 2389 ,°
1738 2328 2014 2395 requiesce,

442 2413 668 2472 comede.
704 2414 836 2480 bibe,
874 2415 1085 2481 epulare
1133 2417 1203 2470 ³⁷.
1243 2417 1486 2485 Dumque
1532 2419 1648 2471 hac
1686 2419 2015 2487 loqueretur,

446 2500 618 2554 astizit
640 2502 731 2569 qui
760 2512 903 2556 esset
931 2504 1285 2559 abducturus.
1310 2508 1558 2560 Accessit
1581 2521 1876 2562 conservus
1909 2517 2012 2561 ter-

448 2590 593 2643 rLbili
630 2592 831 2657 specie,
863 2594 954 2661 qui
1009 2595 1252 2649 avulsum
1314 2609 1345 2648 a
1398 2595 1729 2649 villicatione
1783 2606 2015 2665 raperet.

441 2676 559 2731 Jam
590 2694 718 2734 vero
760 2682 887 2750 quid
933 2684 1037 2736 vita
1071 2683 1368 2752 voluptaria
1419 2684 1612 2750 juvat?
1669 2685 1847 2753 Atque
1905 2685 2019 2739 haec

443 2772 663 2839 quidem
707 2773 883 2827 vivide
909 2788 970 2826 ac
996 2776 1255 2842 graphice
1285 2777 1350 2827 ad
1377 2786 1620 2829 nostram
1652 2777 1854 2843 scripta
1889 2783 2018 2830 sunt

441 2859 882 2913 admonitionem.
918 2860 1136 2925 Quanta
1161 2876 1287 2915 vero
1310 2864 1418 2916 vita
1456 2864 1557 2917 hac
1614 2865 1802 2917 horum
1855 2879 2016 2930 expc.

442 2949 672 3003 rientia?
705 2949 891 3005 Nonne
919 2951 1030 3005 haec
1065 2952 1283 3006 assidue
1321 2968 1501 3007 rerum
1536 2953 1647 3024 ipsa
1682 2954 2015 3008 exhibitione

444 3038 568 3092 talia
593 3038 830 3095 clamat?
853 3042 976 3096 dum
1005 3056 1126 3096 eum
1165 3043 1403 3112 quidem,
1433 3044 1524 3113 qui
1578 3044 1800 3099 meridie
1827 3043 2015 3099 ﬁrmus

442 3138 525 3185 est
550 3145 614 3183 ac
640 3131 844 3199 valens,
875 3143 999 3188 ante
1033 3134 1246 3203 hesperi
1276 3144 1478 3199 ortum,
1534 3145 1804 3191 mortuum
1836 3147 2018 3193 osten-

440 3222 550 3289 dit;
582 3222 841 3292 illumque
884 3224 973 3292 qui
1000 3225 1210 3293 vesperi
1263 3240 1428 3280 sanus
1476 3236 1561 3281 est
1610 3242 1674 3281 ac
1712 3227 2013 3295 incolumis,

441 3314 669 3367 necdum
697 3313 965 3383 explicato
989 3314 1141 3368 radio
1161 3316 1420 3370 matutino
1443 3319 1768 3372 exstinctum
1802 3335 1817 3384 ;
1853 3318 2015 3373 alium

334 3431 344 3442 ο
442 3405 676 3473 denique
712 3404 850 3458 inter
875 3404 1063 3473 epulas
1091 3420 1153 3460 ac
1186 3404 1337 3460 cibos
1385 3408 1491 3460 vita
1532 3408 1842 3477 privatum?
1888 3409 2019 3477 Quis

442 3495 517 3546 ita
544 3495 796 3557 stolidus,
824 3506 880 3547 ut
913 3512 1016 3549 non
1038 3495 1237 3563 videat,
1265 3497 1386 3552 aliis
1413 3498 1641 3568 aliisque
1686 3501 1859 3555 modis
1886 3517 2020 3569 quo-

445 3587 572 3642 tidie
603 3602 701 3641 nos
730 3588 852 3643 vitae
882 3588 1039 3655 huius
1082 3590 1489 3661 dispensatione
1546 3593 1747 3646 moveri
1773 3593 1797 3646 ?
1829 3593 2019 3648 Enim-

440 3692 571 3732 vero
618 3678 791 3734 bonus
820 3696 884 3735 ac
915 3681 1088 3736 ﬁdelis
1115 3698 1325 3748 servus,
1357 3683 1541 3751 reique
1574 3684 1741 3754 probe
1791 3686 2019 3740 admini-

439 3776 624 3823 strata:
648 3770 974 3825 conscientia
1017 3770 1209 3838 fretus,
1246 3773 1319 3827 ita
1345 3775 1526 3828 animo
1545 3784 1890 3843 comparatus
1913 3785 2017 3840 est,

442 3861 520 3916 uti
547 3862 675 3916 olim
711 3862 929 3919 Paulus.
963 3864 1055 3920 llle
1081 3866 1223 3920 enim
1250 3882 1371 3922 cum
1425 3882 1522 3923 nec
1559 3869 1816 3923 Dominus
1865 3885 2021 3940 urge-

442 3962 542 4014 ret,
578 3954 644 4007 ad
674 3968 795 4007 eum
826 3955 1140 4019 anhelabat,
1173 3973 1237 4012 ac
1267 3959 1401 4012 solvi
1456 3959 1730 4030 cupiebat,
1770 3961 2022 4033 ultroque

440 4040 834 4109 deprecabatur
868 4044 1267 4113 villicationem,
1293 4048 1492 4103 alicubi
1550 4052 1771 4120 quidem
1830 4054 1903 4107 ita
1938 4054 2022 4106 di-

438 4145 568 4185 cens
598 4149 611 4183 :
651 4129 845 4198 Infelix
871 4149 963 4201 ego
991 4135 1163 4202 homo,
1191 4136 1310 4206 quis
1335 4154 1417 4192 me
1444 4140 1682 4194 liberabit
1722 4143 1787 4196 de
1809 4159 2021 4211 corpore

440 4221 623 4274 mortis
647 4222 805 4291 hujus
828 4222 908 4277 “‘2
930 4225 1008 4279 Ac
1052 4241 1241 4281 rursus
1271 4243 1284 4278 :
1321 4226 1456 4282 Mihi
1485 4239 1663 4285 autem
1729 4234 1920 4287 bonum
1943 4243 2018 4288 est

2041 2999 2088 3061 C

2121 1776 2360 1842 ἐκεῖνος,
2394 1771 2456 1831 οὗ
2499 1780 2531 1849 ή
2586 1778 2738 1850 χώρα
2769 1778 3098 1850 ηὐφόρησεψ
3145 1778 3330 1849 ἐπειδὴ
3362 1778 3427 1847 τῇ
3473 1776 3698 1846 εύθηνίᾳ

2116 1867 2228 1920 τῶν
2251 1869 2499 1941 καρπῶν,
2521 1870 2671 1924 ούδέν
2691 1874 2719 1925 6
2744 1870 2841 1925 ἀνθ
2849 1888 3031 1941 ρωπος
3054 1871 3290 1942 χρηστὸν
3314 1866 3694 1922 ἐϐουλεύσατο·

2119 1959 2233 2012 ἀλλ’
2276 1959 2494 2024 ἀνοίξας
2539 1961 2772 2032 γαστρὸς
2809 1960 3136 2031 ἐπιθυμίαν,
3180 1960 3274 2014 καὶ
3315 1959 3442 2022 τοὺς
3474 1957 3698 2022 πλατεῖς

2120 2050 2212 2104 καί
2239 2051 2555 2122 ἀχωρήτους
2590 2052 2691 2122 τῆς
2723 2051 3040 2116 πλεονεξίας
3072 2051 3325 2115 κόλπους,
3354 2048 3533 2104 πάντα
3562 2051 3698 2103 ἀπε-

2119 2142 2322 2215 κλήρου
2365 2147 2434 2215 τῇ
2468 2144 2662 2197 ἑαυτοῦ
2713 2143 3033 2209 ἀπολαύσει,
3065 2144 3260 2213 λέγων’
3297 2141 3543 2197 Καθελῶ
3574 2159 3697 2212 μου

2117 2234 2225 2299 τὰς
2277 2233 2589 2301 ἀποθήκας
2612 2275 2627 2300 ,
2665 2235 2766 2289 καί
2814 2234 3090 2305 μείζονας
3135 2233 3541 2303 οἰκοδομήσω,
3593 2232 3695 2287 καί

2117 2325 2231 2393 ἐρῷ
2258 2325 2333 2394 τῇ
2368 2326 2544 2395 ψυχῇ
2563 2344 2682 2395 μου
2701 2344 2715 2356 ·
2754 2328 2952 2397 Ἔχεις
2978 2327 3180 2381 πολλὰ
3214 2325 3405 2396 ἀγαθὰ
3432 2326 3697 2394 κείμεναι

2118 2421 2453 2484 ἀναπαύου,
2490 2419 2662 2489 φάγε,
2693 2420 2813 2483 πίε,
2834 2420 3160 2488 εὐφραίνου
3184 2436 3199 2451 ·
3235 2419 3331 2472 καὶ
3359 2418 3567 2489 μεταξὺ
3599 2418 3699 2472 λα-

2117 2510 2352 2576 λοῦντος,
2396 2514 2425 2565 6
2466 2511 2693 2581 ἀπάγων
2741 2511 2944 2582 ἐπέστη
2966 2527 2979 2541 ·
3014 2506 3146 2583 ἦλθε
3199 2509 3429 2581 φοϐερὸς
3472 2509 3694 2563 σύνδου-

2119 2602 2229 2668 λος,
2260 2602 2606 2657 ἀνάσπαστον
2644 2604 2708 2656 ἐκ
2745 2603 2849 2673 τῆς
2877 2601 3191 2672 οἰκονομίας
3221 2600 3445 2665 ἀπάξων
3465 2617 3479 2630 ο
3508 2601 3603 2654 καὶ
3640 2600 3695 2653 τί

2116 2692 2177 2745 τδ
2221 2693 2411 2762 ὄφελος
2458 2695 2559 2763 τῆς
2605 2693 2891 2764 φιληδόνου
2932 2693 3169 2762 βουλῆς;
3220 2693 3330 2746 Καὶ
3374 2691 3542 2746 ταῦτα
3594 2692 3695 2763 μὲν

2117 2785 2374 2855 ἐμψύχως
2405 2786 2618 2856 ἐγράφη
2649 2787 2730 2848 εἰς
2777 2784 3061 2838 νουθεσίαν
3109 2784 3287 2855 ἡμῶν.
3343 2784 3409 2837 Ἦ
3436 2784 3492 2837 δὲ
3526 2786 3694 2855 πεῖρα

2115 2875 2208 2927 τοῦ
2243 2875 2356 2945 βίου
2405 2878 2658 2948 ποταπή;
2712 2876 2786 2929 Οὐ
2823 2876 2945 2930 καθ’
2997 2876 3233 2947 ἑκάστην
3269 2876 3484 2948 ἡμέραν
3518 2875 3696 2930 ταῦτα

2118 2966 2185 3019 δι’
2242 2966 2418 3038 ἔργων
2467 2967 2587 3039 βοᾷ,
2636 2966 2889 3021 δεικνῦσα
2936 2969 3066 3039 ⁴ήμῖν
3102 2968 3194 3021 τὸν
3241 2969 3299 3020 ἐν
3341 2968 3480 3039 μέσῃ
3513 2966 3697 3039 ἡμέρᾳ

2121 3060 2451 3128 ὑγιαίνοντα,
2496 3061 2603 3132 πρὸ
2641 3059 2744 3131 τῆς
2777 3059 3033 3132 ἐπιτολῆς
3065 3060 3159 3113 τοῦ
3200 3060 3437 3133 ἐσπέρου
3476 3059 3689 3132 νεκρόψ

2119 3152 2214 3205 καὶ
2244 3152 2335 3206 τὸν
2378 3153 2689 3225 ἐρρωμένον
2722 3154 2780 3207 ἐν
2843 3156 2908 3225 τῇ
2963 3154 3191 3226 ἑσπέρᾳ,
3229 3152 3327 3224 τὴν
3369 3154 3563 3207 ἀκτῖνα
3596 3152 3697 3223 τὴν

2119 3244 2348 3315 ἑωθινὴν
2387 3246 2446 3298 οὐ
2491 3244 3009 3316 καταλαμϐάνοντα⁸
3040 3247 3134 3299 καὶ
3174 3245 3331 3299 ἀλλον
3367 3244 3570 3314 μεταξὺ
3600 3244 3696 3297 τοῦ

2119 3336 2339 3401 ἐσθίειν,
2361 3337 2455 3389 τοῦ
2482 3334 2580 3407 ζῇν
2601 3336 2977 3408 ἀπολήγοντας
3002 3335 3168 3398 Τίςδέ
3190 3334 3361 3398 οὕτως
3376 3334 3602 3405 ἠλίθιος,
3622 3333 3698 3397 ὡς

2123 3428 2198 3499 μὴ
2216 3430 2464 3499 συνορᾷν,
2489 3429 2637 3490 ὅπως
2666 3428 2807 3499 καθη
2817 3429 2884 3497 μέ
2892 3443 2991 3499 ραν
3009 3425 3165 3489 ἄλλος
3188 3425 3375 3479 ἄλλοτε
3392 3426 3492 3496 τῆς
3508 3423 3699 3479 ἐνθάδε

2120 3520 2430 3590 οἰκονομίας
2452 3519 2879 3589 ἀποκινούμεθα;
2917 3518 3058 3571 Ἀλλ’
3081 3520 3109 3571 6
3137 3518 3235 3587 μὲν
3264 3516 3469 3585 ἀγαθὸς
3486 3518 3580 3570 xui.
3610 3535 3704 3571 πι-

2123 3610 2243 3673 στὸς
2268 3609 2485 3680 οἰκέτης
2500 3610 2594 3662 καί
2617 3607 2890 3671 πεποιθὼς
2908 3611 2976 3680 τῇ
3001 3608 3195 3662 ἑαυτοῦ
3224 3609 3507 3679 διοικήσει,
3525 3607 3705 3673 οὕτως

2122 3700 2232 3772 ἔχει
2245 3698 2487 3771 γνώμης,
2501 3700 2576 3763 ὡς
2591 3694 2703 3771 εἶχε
2722 3698 2952 3762 Παῦλος.
2989 3700 3227 3762 Ἐκεῖνος
3242 3698 3477 3771 γάρ.τοῦ
3494 3699 3704 3769 Κυρίου

2124 3794 2198 3865 μὴ
2223 3792 2656 3861 κατεπείγοντος,
2694 3790 2919 3844 ἔσπευδε
2944 3790 3080 3863 πρὸς
3104 3790 3285 3855 αὐτὸν,
3320 3789 3415 3843 καί⁵
3436 3789 3535 3861 τὴν
3566 3792 3704 3845 ἀνά-

2120 3885 2273 3939 λυσιν
2309 3883 2494 3938 ἐπόθει
2519 3924 2534 3947 ,
2582 3883 2678 3938 κιιί¹
2722 3885 3020 3955 παρῃτεῖτο
3060 3880 3200 3935 ἐκὼν
3236 3880 3334 3953 τὴν
3365 3881 3700 3952 οἰκονομίαν,

2125 3979 2200 4049 πῆ
2231 3978 2329 4048 μὲν
2357 3977 2529 4046 λέγων
2550 3993 2566 4010 ο
2595 3976 2973 4043 Ταλαίπωρος
3000 3973 3114 4045 ἐγὼ
3154 3973 3485 4042 ἄνθρωπος,
3511 3973 3604 4037 τίς
3623 3990 3707 4042 με

2114 4068 2368 4136 ῥύσεται
2404 4066 2475 4120 ἐκ
2512 4065 2618 4120 τοῦ
2675 4064 2949 4134 σώματος
2994 4063 3101 4117 τοῦ
3135 4062 3395 4119 θανάτου
3452 4063 3697 4126 τούτου,

2122 4156 2216 4209 καὶ
2256 4156 2447 4209 πάλινο
2495 4156 2651 4225 Ἐμοί
2703 4154 2790 4221 δὲ,
2836 4154 3027 4208 καλὸν
3066 4153 3394 4218 ἀναλῦσαι,
3439 4151 3540 4206 καί
3580 4151 3707 4207 σὺν

2122 4247 2353 4318 Χριστῷ
2389 4248 2563 4302 εῖναι.
2600 4248 2659 4300 Ὀ
2690 4245 2747 4300 δὲ
2797 4246 2979 4316 γήινος
3025 4244 3085 4298 τὸ
3120 4244 3407 4316 φρόνημα,
3460 4245 3555 4299 καὶ
3591 4243 3705 4298 τῶν

440 4306 676 4374 dissolvi,
706 4324 751 4368 et
786 4332 896 4371 esse
921 4334 1037 4372 cum
1064 4317 1275 4374 Christo
1322 4322 1389 4374 ".
1431 4320 1649 4386 Contra,
1704 4325 1794 4392 qui
1824 4326 2011 4395 plenus

2127 4306 2563 4410 ﬁculikwv'dlqet'bc
2609 4306 2897 4405 συγγενής,
2932 4306 3434 4405 τοιαῦταιιδύρεται
3480 4335 3702 4404 ἀμηχα-

440 4410 524 4457 est
558 4404 789 4459 terrenis
823 4408 1265 4474 cogitationibus.
1294 4410 1575 4480 glehisque
1598 4426 1662 4467 ac
1692 4413 1854 4470 humo
1896 4432 2021 4473 vere

441 4503 720 4563 cognatus,
742 4496 1003 4565 ejusmodi
1027 4498 1355 4555 lamentatur
1370 4504 1567 4559 anxius
1586 4506 1652 4559 de
1678 4506 2020 4575 migratione,

442 4595 605 4655 atque
632 4586 793 4642 homo
819 4588 905 4642 ille
927 4590 977 4643 in
1007 4592 1259 4659 parabola
1284 4595 1613 4663 propositus:
1648 4596 1787 4662 Quid
1801 4598 2017 4667 faciam,

440 4679 566 4746 quia
609 4680 852 4736 dominus
919 4700 1064 4739 meus
1122 4686 1294 4755 aufert
1330 4704 1361 4741 a
1395 4703 1475 4741 me
1528 4687 1969 4755 dispensationem
1996 4692 2023 4746 .’

444 4765 649 4824 Fodere
671 4787 773 4825 non
793 4772 959 4837 valeo,
983 4774 1276 4829 mendicare
1302 4779 1585 4845 erubesco;
1611 4780 1810 4835 desidis
1859 4783 2021 4839 simul

443 4872 606 4931 atque
634 4864 915 4933 voluptarii
941 4866 1091 4921 dolor
1122 4867 1209 4921 hic
1262 4884 1325 4924 ac
1374 4873 1615 4939 querela.
1665 4873 2023 4933 Abiturientis

443 4953 586 5007 enim
617 4952 776 5009 ﬂetus
805 4956 893 5011 ille
931 4972 995 5012 ac
1025 4958 1275 5026 ejulatus,
1324 4960 1596 5018 hominem
1646 4968 1822 5036 arguit
1851 4969 2021 5025 fundo

446 5044 740 5113 impensius
766 5048 1061 5113 addictum,
1089 5050 1290 5119 quique
1315 5054 1498 5108 carnis
1525 5054 1751 5111 vitiosas
1776 5058 2022 5128 volupta-

447 5142 526 5188 tes
555 5134 814 5203 deploret.
871 5134 1219 5196 lmbecillitas
1266 5151 1444 5198 autem
1478 5160 1543 5200 ac
1600 5147 1725 5217 fuga
1752 5147 2015 5214 laborum,

445 5225 568 5280 vitae
618 5242 714 5296 per
758 5229 1005 5285 inertiam
1062 5247 1125 5287 ac
1175 5234 1435 5289 desidiam
1499 5246 1630 5292 acta:
1687 5250 1809 5293 nota
1837 5250 1920 5294 est
1953 5256 2019 5296 ac

444 5317 672 5375 crimen.
724 5317 857 5374 Nam
889 5322 932 5377 si
972 5323 1119 5393 operi
1168 5338 1232 5379 ac
1285 5324 1454 5381 labori
1484 5330 1830 5396 assuevisset,
1864 5345 1894 5385 a
1935 5331 2015 5387 lo-

445 5405 641 5463 diendo
657 5426 995 5481 nequaquam
1028 5414 1364 5475 abhorreret.

519 5498 673 5565 Quod
694 5501 741 5556 si
789 5502 1073 5572 allegorice
1112 5506 1305 5564 de'bis
1363 5525 1483 5580 quae
1537 5512 1636 5567 sub
1689 5511 2015 5569 intellectum

2121 4431 2229 4486 νῶν
2267 4430 2360 4483 ἐπὶ
2388 4432 2455 4501 τῇ
2507 4426 2865 4499 μεταστάσει,
2899 4419 2987 4479 οἷα
3015 4417 3169 4489 οὗτος
3196 4425 3226 4477 6
3256 4424 3356 4495 τῆς
3387 4423 3705 4495 παραϐολῆς

2121 4522 2438 4595 ἄνθρωπος·
2476 4520 2537 4574 Τί
2565 4517 2797 4585 ποιήσω
2819 4559 2833 4584 ,
2870 4517 2958 4571 ὅτι
2993 4521 3025 4572 ό
3060 4517 3262 4585 κύριός
3282 4533 3402 4585 μου
3436 4515 3702 4585 ἀφαιρεῖ-

2121 4625 2215 4663 ται
2271 4606 2390 4679 τὴν
2439 4605 2786 4674 οἰκονομίαν
2842 4604 2942 4656 ἀπ’
2995 4603 3180 4673 ἐμοῦ;
3236 4600 3538 4655 Σκάπτειν
3587 4602 3703 4656 οὐκ

2122 4701 2312 4771 ἰσχύω
2332 4739 2346 4764 ,
2379 4697 2652 4754 ἀπαιτεῖν
2688 4697 3068 4764 αἰσχύνομαι.
3119 4691 3313 4764 Ἀργοῦ
3340 4693 3435 4747 καὶ
3480 4692 3699 4763 φιληδό-

2120 4809 2212 4846 νου
2245 4794 2278 4864 ή
2308 4791 2476 4861 λύπη.
2509 4789 2584 4843 Τὸ
2616 4790 2711 4860 μὲν
2743 4787 2852 4858 γὰρ
2873 4785 2966 4837 ἐπὶ
2993 4788 3059 4855 τῇ
3090 4784 3431 4856 ἀναχωρήσει
3453 4784 3696 4856 θρηνεῖν,

2125 4885 2346 4956 ἔλεγχός
2374 4885 2519 4936 ἐστιν
2557 4880 2651 4934 τοῦ
2684 4874 3109 4950 προστετηκέναι
3134 4873 3212 4945 τῷ
3242 4876 3448 4946 χωρίῳ,
3482 4875 3702 4941 καὶτὰς

2124 4975 2392 5047 ἐμπαθεῖς
2438 4974 2537 5044 τῆς
2568 4971 2770 5042 σαρκὸς
2822 4966 3149 5031 ἀπολαύσεις
3184 4965 3501 5038 ὀδύρεσθαιο
3534 4966 3595 5020 τὸ
3632 4967 3703 5033 ,δὲ

2124 5067 2405 5122 ἀδυνατεῖν
2431 5063 2567 5135 πρὸς
2595 5062 2775 5133 ἔργον,
2817 5059 2986 5132 ἀργοῦ
3022 5058 3136 5129 βίου
3167 5059 3264 5111 καί
3300 5058 3699 5113 ἀναπεπτωκό-

2129 5176 2217 5222 τος
2248 5158 2365 5210 ἐστί
2394 5155 2777 5226 κατηγόρημα.
2808 5154 2871 5207 Εἰ
2906 5152 3015 5226 γάρ
3038 5149 3182 5224 εἶχεν
3215 5152 3352 5223 πρὸς
3384 5151 3700 5223 φιλοπονίαν

2129 5248 2435 5319 συνήθειαν,
2475 5246 2574 5299 οὐκ
2600 5244 2665 5299 ἂν
2691 5243 2936 5313 ἐφοϐεῖτο
2958 5242 3050 5297 τοῦ
3078 5243 3358 5297 σκάπτειν.

2197 5513 2258 5567 Εἰ
2300 5511 2358 5565 δέ
2391 5508 2767 5581 ἀλληγορικῶς
2816 5506 2916 5578 τὴν
2944 5503 3259 5577 παραϐολήν
3302 5504 3395 5558 ἐπὶ
3422 5503 3484 5558 τὸ
3507 5504 3699 5576 νοητὸν

520 5637 564 5719 '_'
606 5637 791 5719 Matth.
828 5655 950 5719 sit},
981 5642 1083 5709 ης
1108 5648 1362 5717 xxn,l3;
1391 5666 1538 5719 xxiv,
1581 5650 1639 5706 5i
1673 5668 1687 5717 ἱ
1720 5666 1846 5716 XXV:
1900 5651 1987 5707 50-

2128 5649 2255 5706 Luc.
2298 5665 2392 5716 xu,
2428 5648 2515 5715 l8,
2561 5647 2643 5703 I9.
2721 5642 2941 5700 "Rom.
2972 5654 3067 5707 vn,
3103 5638 3195 5694 24.
3259 5641 3305 5673 ³³
3340 5639 3475 5696 Phil.
3511 5656 3551 5706 ι,
3600 5638 3696 5696 33.

440 5706 490 5743 ³ο
524 5708 656 5779 Leg.
688 5711 789 5765 ούκ
831 5706 945 5764 ὲπίή
977 5706 1143 5784 μακρ.
