4048 6194
320 296 436 352 ’393

1361 293 1650 350 ἨΟΜΙΙᾸΑ
1689 298 1778 355 lll.
1820 300 2185 361 ADVERSUS
2226 303 2627 365 AVARITIAM.

3483 326 3582 386 196

328 409 676 480 ἐκλάδοιμεν,
708 406 851 480 μετὰ
889 407 987 479 τὴν
1013 407 1221 462 ἐνθένδε
1268 412 1629 481 μετάστασιν,
1656 417 1779 469 οὕτε
1815 417 1889 469 τοῐ

2012 421 2228 488 eadunt,
2273 426 2581 491 parabolam
2608 427 2748 483 hanc
2778 430 3195 503 interpretemur
3226 458 3242 495 :
3294 441 3383 498 ubi
3415 426 3580 502 semel

329 503 646 571 προσαιτεῖν
700 496 911 570 καιρός.
964 499 1074 551 Καὶ
1116 498 1206 552 διὰ
1248 499 1406 553 τοῦτο
1456 503 1642 573 μηδεὶς
1680 503 1905 572 λεγέτωο

331 594 638 649 Σκὰπτειν
663 595 767 648 οὐκ
786 593 1001 661 ἰσχύω.
1023 592 1140 647 Κᾶν
1170 594 1276 664 γὰρ
1304 594 1547 666 δύνηται,
1578 598 1749 662 οὐδεὶς
1780 616 1910 668 συγ-

334 690 529 759 χωρεῖ.
580 688 636 739 '0
672 685 783 756 βίος
837 680 991 749 οὗτος
1042 684 1153 757 ἔχει
1202 685 1310 739 τῶν
1345 688 1573 743 ἐντολῶν
1600 690 1696 761 τὴν
1732 708 1910 761 γεωρ-

335 776 504 840 γίανο
530 776 557 828 ό
596 774 648 827 δὲ
683 773 916 844 μέλλων,
954 774 1054 843 τὴν
1091 774 1409 830 ἀπόλαυσιν.
1446 778 1609 831 Ὥστε
1648 781 1696 832 εἰ
1742 779 1906 851 μηδὲν

337 867 572 937 εἰργάσω
599 865 856 929 ἐνταῦθα,
892 864 1189 937 ἀπέμεινον
1219 870 1272 921 αἱ
1300 868 1553 939 ἄμπελοι,
1588 872 1682 924 καὶ
1719 889 1907 944 περιτ-

326 957 444 1020 ’τῶς
473 955 774 1026 φροντίζεις
819 957 948 1026 περὶ
989 956 1089 1027 τῆς
1134 959 1449 1030 σκαπάνης·
1490 958 1613 1013 οὔτε
1653 961 1710 1015 δὲ
1738 980 1907 1034 προσ-

338 1047 495 1101 αιτῶν
521 1046 824 1118 ὠφελήσεις
850 1064 905 1098 τι
935 1048 1148 1102 σαυτόν.
1185 1050 1295 1102 Καὶ
1323 1049 1512 1104 τούτου
1541 1053 1710 1121 σαφὲς
1771 1057 1902 1124 ἡμῖν

338 1138 630 1207 ὑπόδειγμα
665 1139 1066 1210 παραδέδοται,
1096 1139 1156 1193 τὸ
1198 1141 1305 1194 τῶν
1346 1144 1543 1215 μωρῶν
1593 1145 1899 1217 παρθένωνο

333 1230 529 1292 αἵτινες
558 1230 768 1301 ἀπορία
795 1233 1136 1285 καταστᾶσαι
1161 1232 1253 1285 τοῦ
1281 1234 1481 1301 ἐλαίου,
1518 1237 1749 1302 ἀναιδῶς
1773 1238 1902 1310 ᾔτη-

326 1337 422 1372 σαν
469 1320 618 1390 παρᾶ
655 1319 767 1373 τῶν
815 1321 1133 1392 φρονίμωνσ
1191 1322 1407 1396 ὤνησαν
1449 1327 1505 1380 δέ
1556 1329 1730 1395 οὐδὲν,
1785 1329 1902 1383 ἀλλ’

316 1411 762 1483 ἀπεστράφησαν
802 1413 1072 1485 ἄπρακτοι
1094 1433 1108 1447 ο
1152 1416 1457 1482 δεικνύντος
1483 1417 1578 1472 τοῦ
1606 1420 1786 1489 λόγου,
1817 1422 1897 1474 ὅτι

315 1501 586 1573 ἀλλοτρίῳ
629 1503 797 1575 ἐλαίῳ
834 1506 894 1558 ἐν
923 1508 991 1578 τῇ
1029 1508 1298 1579 παρουσία
1342 1508 1435 1561 τοῦ
1466 1511 1700 1580 νυμφίου
1726 1511 1901 1576 οὐδεὶς

315 1594 629 1664 κέχρηται·
697 1595 999 1660 τούτέστιν,
1058 1598 1322 1670 ἀλλοτρίῳ
1382 1599 1768 1672 κατορθώματι
1821 1604 1901 1667 είς

312 1684 452 1737 ἰδίαν
499 1686 828 1741 ἀπόλαυσιν.
865 1688 1137 1752 Ἕκαστος
1188 1689 1295 1761 γὰρ
1323 1690 1419 1762 τὴν
1458 1691 1594 1744 ἰδίαν
1626 1692 1898 1747 πολιτείαν

2012 512 2137 566 hinc
2159 515 2587 583 migraverimus,
2623 535 2793 591 neque
2830 529 3086 594 cperandi
3111 539 3319 609 tempus
3344 545 3449 605 est,
3481 526 3608 594 ne;

2008 616 2114 670 que
2135 606 2510 673 mendicandi;
2548 624 2721 680 eoque
2771 629 2931 669 nemo
2980 618 3164 675 dicat:
3210 606 3426 680 Fodere
3474 645 3578 684 non

2009 690 2171 747 valeo.
2205 691 2269 746 Ut
2294 696 2434 749 enim
2478 700 2709 756 maxime
2760 703 2939 760 valeas
2970 746 2985 770 ,
3034 723 3190 763 nemo
3246 717 3576 780 permiserit.

2009 776 2194 835 Cultus
2236 793 2289 835 et
2362 784 2665 845 observatio
2718 793 3091 851 mandatorum
3164 776 3320 869 hujus
3359 808 3577 875 propria

2008 868 2128 921 vine
2162 879 2279 935 est;
2310 870 2494 928 fruitio
2526 890 2651 931 vero
2674 876 2890 938 futurar.
2926 883 3102 950 Quare
3128 888 3173 941 si
3218 868 3305 944 bic
3336 868 3474 946 nihil
3516 908 3577 950 es

2007 970 2276 1028 operatus,
2300 977 2678 1021 remanserunt
2727 970 2883 1036 viles,
2914 988 2979 1028 ac
3019 974 3291 1032 incassum
3339 980 3406 1035 de
3458 981 3575 1039 fos-

2007 1052 2159 1106 sione
2204 1054 2468 1112 sollicitus
2522 1073 2598 1112 es.
2641 1060 2709 1114 At
2757 1078 2855 1116 nec
2882 1067 3241 1125 mendicando
3279 1075 3574 1144 quidquam

2006 1144 2319 1211 profeceris.
2359 1147 2524 1215 llujus
2549 1151 2701 1204 nobis
2729 1153 2936 1210 illustre
2965 1163 3269 1229 exemplum
3315 1166 3571 1221 traditum

2005 1243 2105 1297 est,
2136 1235 2372 1305 quinque
2409 1238 2534 1291 illud
2562 1239 2832 1298 fatuarum
2875 1247 3140 1318 virginum
3165 1251 3246 1320 3’;
3279 1268 3413 1323 quae,
3446 1272 3571 1313 cum

2004 1324 2177 1379 oleum
2208 1326 2337 1395 ipsis
2365 1329 2597 1397 deesset,
2627 1334 2967 1403 impudenter
3013 1340 3188 1396 oleum
3226 1360 3253 1397 a
3309 1348 3570 1416 sapienti-

2003 1415 2101 1469 bus
2129 1419 2417 1486 petierunt,
2454 1438 2552 1477 nec
2573 1426 2865 1495 quidquam
2892 1436 3070 1486 tamen
3100 1443 3225 1488 sunt
3248 1415 3568 1503 consecuta,

2004 1507 2095 1559 sed
2126 1524 2181 1560 re
2216 1507 2407 1564 infecta
2446 1511 2717 1568 abierunt.
2779 1516 2896 1586 Quo
2971 1522 3245 1585 docemur,
3302 1528 3569 1583 neminem

2001 1595 2175 1651 alieno
2209 1598 2281 1651 uti
2306 1600 2424 1654 oleo
2446 1601 2499 1655 in
2524 1604 2755 1658 adventu
2790 1606 2998 1674 sponsi,
3031 1609 3080 1662 id
3111 1620 3212 1676 est,
3245 1612 3435 1666 alienis
3460 1629 3572 1668 me-

2006 1688 2139 1752 ritis,
2171 1690 2236 1741 ad
2264 1705 2416 1744 suum
2442 1694 2609 1759 ipsius
2642 1698 2982 1751 commodum
3016 1714 3078 1754 ac
3110 1700 3364 1756 fructum.
3394 1704 3565 1772 Quam

312 1775 388 1837 ὡς
430 1776 647 1845 ἱμάτιον
692 1777 1101 1850 πριὸέὸληται,
1133 1782 1241 1833 εἴτε
1272 1781 1520 1853 λαμπρὸν
1566 1784 1659 1837 καὶ
1697 1786 1889 1854 τίμιον,

2001 1778 2228 1847 quisque
2276 1782 2439 1848 gessit
2485 1785 2605 1836 vita:
2638 1787 2937 1853 rationem,
2982 1805 3077 1842 ceu
3128 1803 3331 1847 vestem
3372 1795 3565 1862 induit,

312 1867 424 1919 εἴτε
464 1867 671 1936 φαῦλον
722 1869 953 1940 καὶτῆς
999 1873 1276 1944 πτωχικῆς
1328 1874 1639 1946 ἐφεστρίδος
1689 1877 1893 1947 ὅμοιον.

325 1959 690 2014 Ἐκδύσασθαι
728 1961 786 2014 δὲ
812 1963 943 2016 αὐτὸ
971 1964 1070 2017 οὐκ
1104 1966 1270 2027 ἐστιν,
1312 1965 1432 2019 οὔτε
1466 1967 1769 2033 ἀπαλλάξαι
1803 1969 1896 2023 καὶ

311 2050 703 2122 διαμείψασθαι
730 2052 867 2121 πρὸς
893 2052 1099 2125 ἕτερον,
1128 2054 1247 2108 οὔτε
1274 2057 1337 2110 ἐκ
1364 2056 1553 2121 δάνους
1588 2059 1619 2129 ἧ
1651 2062 1895 2131 χρήσεως

312 2145 371 2196 ἐν
392 2144 475 2215 τῷ
504 2143 684 2217 καιρῷ
712 2146 810 2215 τῆς
830 2146 1063 2216 κρίσεως
1095 2150 1537 2204 καλλωπίσασθαι
1565 2153 1655 2205 καὶ
1689 2170 1895 2225 κοσμη-

315 2235 492 2307 θῆναι.
529 2238 700 2290 Μένει
724 2236 780 2291 δὲ
807 2237 1038 2302 ἕκαστος
1064 2233 1173 2305 οἷος
1201 2243 1292 2295 ἐπὶ
1324 2244 1421 2314 τῆς
1440 2243 1693 2314 ἀληθείας
1720 2245 1888 2309 ἐστὶν,

313 2327 423 2380 εἴτε
466 2328 639 2398 πένης
681 2328 921 2397 ἀγαθῶν,
958 2328 1067 2383 εἴτε
1112 2332 1382 2396 πλούσιος.
1431 2334 1539 2387 Καὶ
1572 2333 1743 2388 ταῦτα
1793 2336 1892 2405 μὲν

314 2413 408 2468 ἐπὶ
441 2416 713 2470 τοσοῦτον.

384 2506 453 2558 Τί
498 2508 543 2560 δ’
572 2506 637 2560 ἂν
690 2510 941 2579 εἴποιμεν
999 2511 1127 2581 περὶ
1176 2511 1274 2582 τῆς
1326 2514 1725 2585 συγχωρήσεως
1783 2515 1889 2570 τῶν

314 2596 513 2668 χρεῶν,
536 2598 600 2667 ἢν
628 2599 920 2669 ἐπενόησεν
962 2601 990 2651 ό
1020 2600 1300 2671 οἰκονόμος
1331 2606 1429 2673 τῆς
1458 2603 1689 2666 ἀδικίας,
1721 2621 1890 2675 παρα-

318 2687 518 2758 μυθίαν
567 2689 743 2759 ἑαυτῷ
793 2690 902 2745 τῶν
949 2690 1135 2744 κακῶν
1195 2693 1329 2763 πρὸς
1388 2694 1513 2757 τοὺς
1565 2693 1887 2764 ὁμοδούλους

317 2783 880 2853 πραγματευσάμενος
904 2799 919 2847 ;
957 2783 1032 2836 Οὐ
1060 2782 1169 2855 γάρ
1198 2784 1345 2838 ἐστιν
1372 2784 1591 2839 εὔκολον
1617 2788 1696 2850 εἰς
1726 2787 1888 2859 ἀλλη-

312 2871 501 2941 γορίαν
538 2872 824 2927 ἀκόλουθον
873 2876 1274 2945 μετασκευάσαι
1310 2875 1387 2947 τῷ
1418 2878 1788 2950 γεγραμμένῳ
1817 2880 1884 2938 ⁸³.

314 2963 384 3016 ‘0
428 2964 486 3017 δέ
540 2981 630 3035 μοι
688 2966 857 3019 πολλὰ
912 2966 1313 3038 σκοπησαμένῳ
1349 2967 1629 3040 παρέστη,
1680 2968 1886 3024 τοιοῦτο

310 3053 601 3125 τυγχάνει·
652 3055 859 3120 Πάντες
911 3055 1222 3128 ἄνθρωποι,
1270 3057 1383 3109 ὅσοι
1431 3056 1528 3129 τὴν
1585 3058 1883 3130 μέλλουσαν

311 3147 521 3210 ἑαυτοῖς
551 3147 736 3201 ἄνεσιν
770 3149 1274 3221 πραγματευόμεθα
1295 3191 1310 3216 ,
1346 3148 1599 3221 ἀλλότρια
1628 3150 1879 3218 διδόντες,

309 3243 344 3314 ἢ
375 3245 813 3316 συγχωροῦντες,
844 3248 1043 3299 οἰκεῖον
1084 3244 1420 3318 ποριζόμεθα
1446 3246 1655 3317 κέρδος.
1702 3243 1883 3298 ’Λλλό-

307 3351 432 3405 τρια
477 3334 538 3387 δέ
570 3335 747 3405 λέγω,
798 3337 868 3389 τὰ
908 3336 1001 3389 τοῦ
1040 3337 1334 3389 Δεσπότου.
1378 3336 1543 3389 Οὐδὲν
1586 3337 1694 3406 γάρ
1738 3337 1884 3389 ἐστιν

309 3427 599 3497 ἡμέτεροψ
634 3427 768 3480 ἀλλὰ
813 3427 991 3481 πάντα
1018 3428 1117 3498 τῆς
1157 3426 1368 3481 ἐκείνου
1398 3426 1712 3488 δεσποτείας
1751 3427 1885 3497 κτή-

312 3536 478 3588 ματα.
516 3521 649 3573 Ὅτε
681 3519 745 3574 ἂν
773 3516 864 3574 οὖν
896 3536 979 3581 τις
1017 3520 1336 3591 αἰσθόμενος
1369 3519 1467 3590 τῆς
1503 3517 1757 3590 τελευτῆς
1792 3516 1885 3570 καὶ⁵

307 3609 407 3680 τῆς
455 3609 670 3664 ἐνθένδε
718 3612 1132 3683 μεταστάσεως,
1177 3609 1442 3674 εὐποιίαις
1485 3610 1716 3680 κουφίσῃ
1774 3607 1884 3661 τῶν

307 3703 593 3773 ἁμαρτιῶν
612 3703 673 3756 τὸ
698 3704 936 3774 φορτίον,
964 3703 997 3773 ἢ
1023 3705 1322 3775 χρεωσταῖς
1349 3702 1707 3772 συγχωρήσας
1728 3699 1887 3771 ὀφλή-

307 3812 458 3865 ματα
480 3836 494 3861 ,
543 3796 578 3866 ἢ
624 3798 736 3859 τοῖς
771 3795 1085 3866 πενομένοις
1125 3795 1440 3867 χορηγήσας
1467 3794 1567 3864 τὴν
1600 3792 1882 3864 εὐπορίαν,

303 3886 375 3939 τὰ
398 3887 492 3940 τοῦ
521 3888 796 3941 Δεσπότου
824 3886 1017 3950 διδοὺς,
1045 3885 1230 3957 φίλους
1258 3886 1450 3938 κτᾶται
1480 3882 1729 3944 πολλοὺς.
1756 3881 1883 3945 τοὺς

306 3978 605 4049 μέλλοντας
633 3981 782 4053 αὐτῷ
813 3983 1257 4053 προσμαρτυρεῖν
1288 3979 1440 4049 παρὰ
1469 3976 1546 4049 τῷ
1580 3978 1756 4047 Κριτῇ
1783 3975 1882 4047 τὴν

306 4071 706 4143 ἁγαθωσύνήν,
757 4074 852 4127 καὶ
898 4071 987 4126 διὰ
1032 4073 1131 4143 τῆς
1191 4070 1496 4142 μαρτυρίας
1542 4066 1882 4139 εὐτρεπίζειν

302 4163 621 4233 ἀναψύξεως
646 4163 1011 4232 καταγώγιον.
1050 4163 1340 4235 Μάρτυρες
1375 4161 1431 4213 δέ
1458 4160 1706 4228 λέγονται
1738 4161 1785 4212 οἰ
1822 4153 1879 4211 εὖ

302 4254 573 4319 παθόντες
623 4256 774 4327 παρὰ
799 4254 878 4326 τῷ
900 4256 1101 4329 Κριτῇ,
1125 4255 1185 4307 οὐ
1215 4256 1438 4323 φωναῖς,
1463 4252 1537 4316 ὡς
1561 4251 1879 4322 ἀγνοοῦντα,

300 4346 649 4410 διδάσκοντες
673 4387 689 4411 ,
727 4347 840 4400 ἀλλ’
870 4348 945 4412 ὡς
990 4347 1090 4417 τῆς
1119 4346 1246 4418 περὶ
1279 4347 1476 4408 αὐτοὺς
1504 4344 1755 4415 πράξεως
1784 4343 1883 4413 τῆς

1913 3103 1957 3162 C

1998 1867 2112 1920 sive
2134 1868 2464 1937 splendidam
2500 1873 2642 1926 illam
2696 1892 2759 1931 ac
2802 1881 3114 1946 pretiosam,
3155 1881 3268 1937 sive
3302 1884 3456 1939 vilem
3502 1900 3567 1940 ac

1998 1962 2316 2028 paupertino
2338 1965 2520 2033 sagulo
2551 1967 2817 2025 similem:
2852 1987 2949 2025 nec
2980 1988 3173 2028 exuere
3203 1989 3320 2028 eam
3357 1974 3435 2029 fas
3462 1985 3564 2043 est,

1996 2059 2087 2102 aut
2107 2050 2207 2103 alia
2237 2067 2567 2111 cutnmntare
2592 2075 2606 2124 ;
2642 2074 2741 2113 nec
2769 2062 2988 2117 omnino
3014 2064 3098 2118 vel
3132 2080 3195 2119 ex
3231 2068 3370 2121 dono
3392 2068 3473 2121 vel
3499 2084 3564 2123 ex

1996 2145 2331 2198 commodato
2370 2146 2558 2211 jndicii
2606 2160 2846 2222 tempore
2898 2166 3146 2209 ornatum
3198 2158 3566 2227 mundumque

1994 2233 2280 2289 asciscere.
2331 2236 2509 2293 Manet
2548 2242 2777 2312 quisque
2834 2245 3008 2315 qualis
3068 2262 3253 2302 revera
3313 2255 3411 2309 est.
3448 2250 3564 2305 sive

1992 2325 2253 2379 bonorum
2285 2343 2507 2397 egenus,
2528 2331 2641 2386 sive
2672 2334 2822 2389 dives
2844 2345 2898 2389 et
2916 2336 3186 2406 capiosus.
3220 2337 3285 2392 Et
3310 2341 3421 2394 haec
3446 2341 3564 2410 qui.-

1993 2412 2111 2465 detn
2151 2415 2425 2470 hactenus.
3224 2492 3227 2496 I

2061 2503 2327 2574 Quidjam
2357 2508 2598 2564 dicemus
2619 2510 2684 2561 de
2716 2514 3107 2571 condonatioue
3136 2534 3195 2572 ac
3237 2520 3558 2575 remissione

1990 2595 2312 2656 debitorum.
2354 2615 2515 2668 quam
2544 2602 2844 2671 iniquitatis
2864 2600 3187 2663 damnemus
3221 2621 3559 2664 COllllhelllIlS

1988 2695 2088 2753 est,
2120 2698 2176 2742 ut
2197 2689 2445 2744 solatium
2488 2693 2703 2763 aliquod
2743 2704 2796 2747 et
2826 2698 3082 2753 auxilium
3110 2699 3160 2752 in
3212 2696 3389 2754 malis
3417 2702 3555 2769 apud

1988 2793 2276 2835 conservos
2303 2781 2401 2835 sibi
2430 2787 2805 2854 compararet?
2827 2788 2946 2842 Non
2976 2790 3118 2843 enim
3144 2806 3273 2844 sane
3299 2793 3556 2862 proclive,

1988 2872 2129 2941 quod
2165 2873 2235 2925 ita
2265 2876 2522 2941 scriptum
2554 2886 2634 2929 est
2665 2876 2718 2930 in
2750 2878 3062 2949 allegOriam
3098 2895 3224 2935 vero
3262 2899 3556 2939 consonam

1986 2977 2321 3019 convertere.
2360 2966 2541 3021 Dicam
2592 2980 2767 3024 tamen
2802 2971 2942 3041 quod
2994 2972 3159 3026 multa
3212 2974 3444 3029 volventi
3500 2977 3555 3031 in

1991 3068 2220 3110 mentem
2257 3059 2420 3112 venit.
2464 3064 2663 3115 Umnes
2695 3076 2811 3128 nos,
2846 3073 3107 3130 quotquot
3136 3063 3366 3118 futuram
3401 3067 3556 3121 nobis

1989 3148 2228 3217 requiem
2259 3161 2575 3216 comparare
2610 3153 2923 3215 smdemns,
2956 3152 3255 3206 alienarum
3302 3155 3553 3209 donatio-

1989 3255 2108 3292 nem
2140 3253 2202 3291 ac
2224 3239 2626 3292 concessionem
2685 3256 2887 3303 rerum,
2939 3239 3142 3296 lucrum
3182 3257 3246 3297 ac
3291 3253 3549 3313 qttmstum

1987 3330 2259 3400 proprium
2286 3330 2528 3385 facimus.
2561 3332 2781 3401 Appello
2830 3341 3009 3386 autem
3047 3333 3242 3398 aliena,
3279 3351 3395 3403 quae
3451 3337 3555 3392 Do-

1989 3420 2115 3473 mini
2143 3431 2286 3476 sunt.
2316 3419 2461 3475 Nihil
2507 3424 2649 3476 enim
2685 3424 2904 3477 omnino
2935 3434 3198 3486 nostrum.
3230 3428 3320 3480 sed
3352 3427 3553 3492 omnia,

1987 3511 2129 3566 illius
2148 3520 2272 3565 sunt
2303 3512 2543 3567 dominio
2568 3515 2873 3585 mancipata
2905 3515 3063 3569 bona.
3097 3516 3230 3571 Cum
3281 3518 3401 3587 quis
3453 3519 3555 3589 igi-

1988 3611 2093 3668 tur,
2121 3605 2440 3658 moriturum
2482 3603 2595 3657 fore
2622 3606 3021 3674 persentiscens
3074 3622 3136 3660 ac
3173 3607 3552 3676 migraturum,

1986 3703 2326 3763 peccatorum
2359 3708 2495 3747 onus
2530 3694 2881 3748 beneficentia
2912 3694 3091 3749 levare
3136 3701 3336 3762 studet,
3380 3713 3443 3752 ac
3472 3700 3555 3751 vel

1984 3783 2287 3838 debitorum
2310 3784 2410 3839 sibi
2437 3785 2711 3838 nominum
2735 3785 2961 3852 gratiam
2989 3786 3138 3848 facit,
3158 3787 3239 3840 vel
3273 3789 3555 3854 egentibus

1985 3875 2228 3946 largitur,
2255 3894 2318 3932 ea
2345 3878 2594 3934 donando
2637 3894 2758 3948 qua:
2789 3891 2913 3934 sunt
2966 3880 3200 3946 Domini,
3246 3883 3424 3950 plures
3450 3886 3553 3939 sibi

1984 3966 2187 4020 amicos
2216 3967 2491 4030 conciliat,
2530 3972 2616 4035 qui
2661 3969 2914 4021 bonitatis
2943 3967 3057 4035 ejus
3102 3984 3165 4023 ac
3218 3970 3555 4028 liberalitatis

1986 4058 2121 4126 apud
2144 4055 2384 4111 Judicem
2417 4068 2575 4111 ιυειοη
2612 4056 2773 4111 futuri
2815 4060 2940 4123 sint,
2986 4076 3045 4114 ac
3083 4063 3386 4117 testimonio
3419 4079 3539 4128 suo,

1986 4148 2253 4217 refrigerii
2292 4146 2464 4202 locum
2492 4150 2750 4217 paraturi.
2784 4151 2948 4205 Porro
2973 4163 3141 4208 testes
3171 4153 3427 4208 dicuntur
3459 4158 3551 4210 be-

1987 4239 2176 4293 neﬁcio
2206 4238 2380 4293 allecti
2421 4242 2560 4309 apud
2612 4240 2891 4307 Judicctn;
2924 4259 3027 4296 non
3058 4242 3295 4303 vocibus,
3335 4254 3391 4297 ttt
3426 4253 3548 4299 tan-

1985 4348 2142 4401 quam
2173 4332 2416 4399 ignarum
2445 4331 2710 4397 doceant;
2771 4332 2862 4385 sed
2895 4333 3038 4402 quod
3075 4333 3126 4385 in
3163 4347 3256 4387 eos
3311 4335 3549 4388 exhibita

300 4442 574 4512 τιμωρίας
600 4442 725 4504 τοὺς
749 4442 1172 4513 ἁμαρτήσαντας
1198 4439 1607 4511 ἐξαιρουμένης.
1643 4438 1737 4490 Ὃν
1771 4433 1879 4507 γὰρ

1992 4424 2145 4487 actio,
2182 4436 2431 4478 anetores
2486 4438 2610 4478 suos
2660 4440 2688 4476 a
2736 4422 3021 4478 criminum
3079 4437 3238 4493 pmna
3299 4430 3548 4481 eximat:

302 4532 505 4604 τρόπον
551 4532 613 4586 νδ
654 4529 793 4605 αἷμα
828 4531 922 4587 τοῦ
975 4532 1140 4586 ’Δσελ
1186 4530 1399 4599 ἐλέγετο
1438 4529 1564 4601 βοᾷν
1615 4527 1751 4601 πρὸς
1787 4526 1879 4578 τὸν

303 4624 461 4689 Θεὸν,
490 4625 692 4697 ὁμοίως
722 4625 817 4679 καὶ
842 4624 905 4677 τὸ
936 4622 1139 4692 ἀγαθὸν
1184 4622 1342 4695 ἔργον
1370 4620 1689 4694 λεχθήσεται
1734 4634 1877 4689 μαρ-

306 4719 488 4785 τυρεῖν
523 4714 605 4786 τῷ
658 4714 1041 4787 κατωρθωκότι
1089 4714 1147 4766 ἐν
1194 4711 1416 4784 Χριστῷ
1480 4708 1654 4782 Ἰησοῦ
1688 4706 1879 4779 Κυρίῳ

308 4806 463 4876 ἡμῶν
482 4824 497 4837 ⁸
515 4800 562 4876 ᾧ
589 4808 623 4878 ἡ
645 4805 772 4871 δόξα
795 4808 875 4873 εἰς
895 4806 1019 4869 τοὺς
1046 4804 1247 4868 αἰῶνας
1266 4802 1374 4856 τῶν
1404 4800 1637 4858 αἰώνων.
1677 4800 1875 4871 Ἀμήν.

1050 4986 1123 5040 1".

690 5077 922 5147 Ὂμιλὶα
949 5078 1097 5130 κατὰ
1129 5074 1504 5139 πλεονεξίας.

382 5167 608 5240 Ἄνδρες
670 5169 1022 5244 Χριστιανοὶ,
1089 5169 1185 5225 καὶ
1250 5168 1494 5240 κλήσεως
1549 5163 1868 5236 ἐπουρανίου

376 5309 420 5342 ³²
451 5308 578 5377 Leg.
626 5309 691 5362 τὸ
739 5308 1143 5381 γεγραμμένον.
1216 5307 1261 5339 ³¹
1293 5305 1480 5359 Matth.
1533 5318 1683 5369 xxv,
1714 5302 1740 5356 1
1796 5316 1915 5371 sqq.

377 5448 491 5521 (l9)
530 5447 826 5504 Occasione
864 5446 1244 5521 nundinarum,
1288 5457 1407 5521 qua:
1455 5442 1507 5521 in
1567 5448 1863 5521 martyrum

306 5511 582 5576 solem'niis
617 5522 808 5574 crebro
836 5516 1014 5585 populi
1048 5511 1318 5585 concursu
1348 5512 1460 5585 jam
1496 5520 1605 5585 tum
1652 5511 1862 5585 fierent,

311 5590 559 5644 manulla
613 5579 853 5662 αισι-ἱιὶιὲ
895 5579 1103 5662 specie,
1154 5579 1690 5662 egragitaudamnhoc
1749 5579 1867 5632 loco

308 5661 554 5731 Asterius
586 5660 822 5728 suscepit
844 5651 1148 5731 avaritiam,
1188 5653 1242 5707 in
1262 5667 1424 5731 quam
1452 5651 1623 5731 pridie
1654 5662 1867 5731 quoque

308 5730 553 5785 invectus
580 5720 763 5785 esset}
790 5728 883 5784 sed
919 5740 1019 5781 non
1052 5731 1227 5781 exstat
1262 5720 1431 5778 altera
1472 5720 1559 5775 illa
1592 5720 1862 5775 tractatio.

1988 4530 2111 4568 nam
2149 4530 2253 4583 qua
2285 4515 2488 4568 ratione
2510 4515 2725 4586 sanguis
2755 4514 2885 4569 Abel
2917 4515 3151 4570 clamare
3174 4518 3238 4569 ad
3268 4516 3550 4571 Dominum

1988 4605 2160 4660 dictus
2177 4615 2263 4660 est
2279 4604 2344 4673 ³⁸,
2370 4607 2556 4661 eodem
2586 4607 2743 4662 modo
2768 4622 2929 4676 opera
2959 4609 3097 4664 bona
3121 4610 3167 4663 ei
3190 4609 3551 4663 testiaonium

1988 4700 2271 4767 perbibere
2295 4700 2559 4765 dicentur,
2585 4701 2673 4771 qui
2705 4700 2898 4754 meruit
2919 4715 2982 4753 ac
2998 4701 3254 4769 praeclara
3286 4699 3472 4768 gessit,
3497 4697 3549 4751 in

1986 4792 2203 4847 Christo
2250 4791 2378 4847 Jesu
2433 4792 2658 4849 Domino
2707 4804 2891 4849 nostro
2915 4834 2929 4858 ,
2957 4793 3042 4847 cui
3074 4793 3241 4863 gloria
3274 4791 3325 4845 in
3355 4789 3550 4846 stt-cuia

1984 4884 2321 4940 saeculorum.
2348 4886 2539 4940 Amen.

2725 4974 2809 5030 Ill.

2274 5066 2503 5122 Hemi/ia
2548 5066 2793 5121 adversus
2821 5065 3100 5120 avaritiam
3133 5062 3261 5136 (l9).

2050 5160 2166 5214 ‘Viri
2197 5159 2515 5225 Christiani,
2559 5174 2764 5228 vosque
2794 5157 3031 5213 caelestis
3085 5154 3380 5211 vocationis
3420 5167 3546 5225 par-

2008 5300 2051 5331 ³³
2080 5299 2214 5355 Gen.
2279 5314 2350 5363 tv,
2418 5299 2503 5357 10.

1974 5436 2046 5489 De
2080 5436 2166 5489 illa
2205 5435 2379 5505 populi
2417 5434 2678 5489 elfusione
2720 5429 2783 5485 ad
2818 5441 3131 5505 Δαισι-ιγιξιιιιι
3178 5441 3332 5486 extra
3383 5433 3545 5488 urbes

1972 5501 2290 5560 celebranda
2329 5516 2550 5572 tropaaa.
2592 5517 2657 5557 ac
2729 5507 2779 5555 iu
2818 5501 3109 5572 Martyriis,
3134 5517 3534 5572 nonnunquam

1971 5571 2496 5644 Chrysostomus,’ut
2517 5588 2638 5626 cum
2668 5572 2733 5627 de
2762 5582 2950 5644 sancto
2978 5571 3202 5644 Babyla,
3235 5572 3547 5644 etc.rl'.‘rant

1973 5640 2223 5715 Mariyria
2269 5640 2419 5715 extra
2468 5644 2651 5715 urbes,
2698 5642 2842 5715 quod
2896 5640 3107 5712 legibus
3144 5640 3399 5695 Romanis
3436 5655 3543 5695 nou

1977 5713 2159 5771 liceret
2195 5714 2351 5769 condi
2378 5714 2429 5769 in
2458 5713 2681 5771 urbibus
2712 5714 2985 5769 cadavera.
