4048 6194
426 334 533 391 195
1698 332 1758 388 S.
1801 331 2075 388 ASTERII
2113 333 2417 390 AHASENI
3578 335 3681 393 196

422 453 615 524 ttcipes
644 452 693 486 “
718 451 897 509 eﬂ'ecti
930 451 1052 518 viri,
1081 450 1231 521 plebs
1281 451 1571 518 rusticana,
1624 465 1687 507 ac
1731 461 1977 523 quotquot

2098 451 2317 525 μέτοχοι
2340 453 2560 525 ἄνδρες·
2613 454 2772 526 ὑμεῖς
2823 457 2851 509 ὁ
2880 456 3117 529 χωρικδς
3165 456 3365 528 δῆμος,
3409 457 3499 511 καὶ
3541 457 3677 514 πάν-

419 545 630 615 oppidis
657 545 885 616 egressi,
910 560 1014 598 una
1037 544 1393 599 consensione
1420 545 1486 598 ad
1510 544 1611 599 hoc
1638 543 1832 599 festum
1863 560 1977 599 cont

2094 559 2205 607 τες,
2262 545 2377 598 ὅσοι
2448 544 2558 599 τῶν
2620 546 2830 602 πόλεων
2886 546 3330 621 ἐκφοιτήσαντες,
3379 549 3515 622 πρὸς
3580 548 3681 621 τὴν

418 636 666 692 curristis
722 637 935 705 (omnes
960 635 1161 705 quippe
1198 650 1295 690 vos
1351 651 1457 690 uno
1484 636 1819 706 complector
1843 634 1977 689 vocis

2096 634 2377 705 παροῦσαν
2436 635 2745 709 συμφώνως
2784 639 2977 713 ἐορτὴν
3029 641 3393 713 συνεδράμετε
3440 640 3681 714 (γενικῷ

419 725 708 797 praeconio)
734 745 748 780 :
783 727 1081 798 quisquene
1106 738 1341 784 vestrum
1374 729 1554 783 animo
1570 743 1754 783 curam
1786 727 1977 799 injecit1

2094 724 2202 795 γὰρ
2247 727 2391 799 ὑμᾶς
2442 729 2649 794 πάντας
2712 731 3104 802 περιλαμϐάνω
3151 732 3531 805 κηρύγματι),
3569 728 3684 804 ἆρα

418 819 797 888 perspexitqtte
829 834 893 873 ac
934 818 1198 874 intellexit
1250 833 1354 889 qua
1381 826 1446 871 de
1474 833 1641 873 causa
1676 818 1977 873 conveneri-

2093 817 2322 883 ἕκαστος
2363 820 2516 893 ὑμῶν
2555 822 2837 876 ἐνεϐάλετο
2882 826 2947 895 τῇ
2989 824 3197 898 διανοίᾳ
3241 824 3519 897 φροντίδα,
3552 842 3682 880 συν-

418 910 582 964 mus?
613 925 677 966 ac
706 926 873 980 quare
907 920 1191 982 martyres,
1235 926 1357 964 cum
1415 910 1610 965 aedium
1650 917 1846 965 ornatu
1877 909 1977 965 cnl-

2093 906 2231 961 εἶδεν
2258 906 2316 960 δὲ
2359 908 2452 961 καὶ
2499 911 2848 982 κατενόησεν,
2892 912 3033 983 ὑπὲρ
3071 912 3215 977 τίνος
3266 911 3676 983 ήθροίσθημεν;

417 1009 580 1071 tuque
628 1002 932 1072 magniﬁco,
991 1011 1101 1055 tum
1153 1003 1351 1056 annuis
1385 999 1717 1069 ejuscemodi
1759 1001 1977 1056 coetibus

2092 997 2210 1051 ἀνθ’
2237 999 2359 1053 ὅτου
2408 999 2464 1053 δὲ
2508 1001 2775 1073 τιμῶνται
2809 1003 3085 1076 μάρτυρες
3150 1004 3313 1058 οἴκων
3359 1002 3679 1075 περιφανῶν

415 1094 799 1159 honestentur,
853 1109 917 1149 ac
969 1109 1076 1163 quo
1109 1092 1452 1164 potissimum
1513 1093 1789 1163 proposito
1821 1106 1977 1160 scopo

2092 1095 2490 1159 κατασκευαῖς,
2526 1094 2620 1147 καὶ¹
2646 1096 2758 1157 τοῖς
2805 1094 3097 1158 ἐνιαυσίοις
3125 1094 3337 1156 τούτοις
3364 1095 3642 1165 συλλόγοις
3659 1135 3675 1162 ,

414 1186 645 1255 majores
677 1184 871 1248 nostri,
911 1184 1011 1240 ista
1045 1200 1165 1254 qtme
1198 1184 1441 1239 videmus
1472 1181 1977 1251 instituerint,jure

2091 1179 2343 1251 καὶπρὸς
2364 1181 2483 1234 τίνα
2507 1182 2707 1236 σκοπὸν
2732 1182 3019 1253 βλέποντες
3048 1186 3094 1237 oi
3118 1183 3349 1255 πατέρες
3373 1183 3531 1255 ήμῶν
3562 1187 3681 1239 ἐνο-

412 1293 517 1349 que
551 1287 807 1349 perpetuo
838 1293 960 1333 eum
991 1277 1149 1331 ritum
1182 1277 1248 1330 ad
1276 1286 1525 1345 posteros
1556 1274 1977 1330 transmiserint!

2093 1269 2398 1341 μοθέτησαν
2418 1271 2486 1325 τὰ
2502 1270 2773 1344 ὁρώμενα,
2802 1275 2895 1328 καὶ
2916 1274 3133 1348 ἰσχυρὸν
3150 1275 3367 1345 ἀφῆκαν
3386 1274 3476 1328 τὸν
3507 1276 3675 1347 νόμον

408 1367 598 1424 Nonne
626 1367 709 1423 vel
761 1381 950 1436 parum
1009 1366 1306 1420 intendenti
1355 1366 1596 1420 animum
1634 1381 1697 1419 ac
1755 1364 1977 1435 sapienti

2090 1359 2203 1422 τοῖς
2231 1360 2558 1430 μετέπειτας
2591 1364 2661 1416 Ἦ
2693 1364 2959 1435 πρόδηλον
2988 1364 3068 1435 τῷ
3098 1365 3191 1419 καὶ
3224 1365 3418 1437 μικρὸν
3461 1365 3680 1422 πυκνώ-

409 1458 624 1528 planum
660 1458 711 1514 id
742 1467 903 1527 atque
929 1458 1297 1527 perspicuum,
1327 1456 1545 1526 pietatis
1572 1457 1689 1511 zelo
1716 1456 1829 1511 haec
1856 1456 1987 1511 talia

410 1551 565 1606 nobis
595 1552 889 1606 constituta
912 1565 1054 1615 esse,
1087 1550 1465 1620 solemnesque
1495 1559 1813 1613 conventus,
1835 1564 1986 1604 com-

410 1658 599 1697 munes
630 1643 892 1711 quosdam
944 1642 1249 1696 animorum
1283 1640 1507 1699 conﬂari
1544 1642 1719 1709 ludos,
1749 1651 1809 1696 ut
1839 1657 1987 1695 mar-

411 1744 586 1804 tyrum
618 1733 766 1787 cultu
801 1748 864 1787 ac
899 1733 1267 1800 veneratione,
1317 1747 1477 1803 quam
1533 1732 1603 1787 illi
1641 1748 1737 1803 pro
1785 1735 1986 1802 pietate

2092 1466 2245 1506 σαντι
2275 1453 2375 1524 τὴν
2411 1453 2669 1519 διάνοιαν,
2713 1456 2787 1520 ώς
2829 1456 2977 1528 ζήλῳ
3007 1459 3139 1529 ημῖν
3186 1458 3465 1524 εὐσεϐείας
3502 1459 3676 1514 ταῦτα

2087 1540 2394 1615 διετυπώθη
2418 1585 2432 1610 ,
2479 1546 2574 1599 καὶ
2603 1546 2757 1600 κοινὰ
2799 1548 3175 1618 παιδαγωγεῖα
3225 1549 3334 1603 τῶν
3380 1550 3569 1622 ψυχῶν
3616 1551 3675 1606 al

2091 1632 2428 1706 πανηγύρεις
2484 1636 2825 1706 συνάγονται,
2857 1638 2943 1691 ἵνα
2972 1641 3255 1712 μάρτυρας
3289 1641 3575 1714 τιμῶντες,
3615 1641 3679 1697 re

2087 1723 2200 1778 τῶν
2248 1724 2540 1797 μαρτύρων
2586 1728 2727 1799 ὑπὲρ
2774 1729 3055 1796 εὐσεϐείας
3102 1732 3369 1803 καρτερὸν
3426 1732 3681 1806 μιμησώ-

407 1802 779 1880 fortitudinem
819 1826 1218 1891 exhibueruut,
1260 1802 1551 1890 imitemur,
1606 1802 1771 1894 utque
1804 1825 1977 1879 docto-

2094 1812 2262 1885 μεθαο
2289 1815 2378 1870 ἵνα
2402 1819 2516 1879 τοῖς
2545 1819 2935 1890 συναγομένοις
2962 1802 3287 1888 παιδευταῖς
3303 1802 3590 1891 ὑποθέντες
3615 1828 3677 1883 τὸ

410 1918 557 1973 ribus
600 1933 663 1971 ea
689 1918 982 1972 occasione
1033 1917 1380 1987 congregatis
1429 1931 1613 1971 aurem
1662 1917 1988 1985 prmbentes,

407 2005 747 2076 profuturum
780 2006 1006 2075 aliquid,
1035 2022 1096 2062 ac
1126 2015 1289 2061 antea
1345 2007 1720 2078 hactenusqne
1764 2009 1987 2081 ignora-

410 2107 518 2150 tum
540 2096 846 2163 discamus;
876 2098 959 2151 vel
983 2098 1119 2151 certi
1154 2097 1411 2152 nimirum
1438 2098 1642 2170 aliquid
1672 2102 1939 2170 dogmatis
1967 2116 1982 2167 ;

407 2185 487 2241 vel
522 2188 913 2255 expositionem
942 2188 1182 2251 obscuri,
1211 2203 1275 2242 ac
1304 2189 1541 2259 ambigui
1582 2190 1681 2245 loci
1738 2190 1976 2262 Scriptu-

408 2292 482 2333 rae
511 2294 527 2345 ;
559 2278 641 2332 vel
692 2280 923 2348 denique
984 2280 1343 2350 compositum
1378 2296 1685 2338 sermonem
1745 2282 1989 2339 moribus

408 2372 793 2427 instituendis?
845 2372 950 2428 Sed
989 2374 1134 2427 enim
1169 2389 1265 2429 vos
1320 2373 1450 2428 mihi
1481 2374 1754 2437 videmini,
1784 2376 1988 2431 omisso

406 2463 621 2519 virtutis
669 2464 869 2528 studio,
939 2478 1179 2534 curaque
1257 2464 1451 2518 animae
1493 2466 1823 2536 posthabita,
1890 2467 1988 2521 toti

406 2556 549 2607 circa
578 2570 901 2609 mammona:
935 2558 1146 2621 sordes,
1188 2556 1470 2626 forumque
1510 2571 1687 2610 rerum
1717 2556 1987 2612 venalium

406 2644 650 2711 versari;
681 2645 771 2699 alii
804 2646 1022 2715 quidem
1077 2646 1176 2716 ipsi
1208 2649 1636 2714 contrahentes;
1672 2649 1761 2702 alii
1798 2648 1987 2704 alienis

408 2735 597 2791 intenti
630 2735 1031 2806 inhiantesquc,
1059 2752 1123 2791 ac
1154 2751 1333 2792 rerum
1380 2736 1647 2791 venalium
1685 2738 1987 2792 contentio-

405 2828 578 2881 siores
605 2827 959 2882 aestimatores
982 2827 1347 2892 sciscitantes,
1374 2843 1479 2896 quo
1513 2843 1611 2881 sua
1643 2828 1872 2882 invicem
1907 2829 1986 2882 vi-

409 2918 614 2972 lescere
651 2915 852 2970 faciant
884 2932 949 2971 ac
979 2918 1152 2988 pretio
1208 2917 1471 2972 minuant.
1515 2917 1734 2981 Verum,
1794 2920 1980 2989 agite;

408 3008 509 3062 hoc
543 3007 673 3062 mihi
696 3007 932 3064 studium
969 3009 1036 3064 ad
1097 3008 1395 3064 Ecclesiam
1455 3008 1760 3076 transferte,
1826 3010 1984 3065 relin-

2089 1899 2202 1971 οῦς,
2231 1906 2492 1979 μάθωμέν
2516 1926 2570 1963 τι
2592 1912 2850 1983 χρηστὸν,
2885 1912 2914 1966 ὃ
2958 1918 3064 1987 πρὸ
3095 1914 3325 1987 βραχέος
3350 1918 3450 1971 ούκ
3481 1917 3676 1988 ἐγινώ-

2090 2014 2315 2069 σκομεν,
2341 1999 2374 2072 ἢ
2404 1999 2672 2071 δόγματος
2698 2003 3019 2073 ἀσφάλειαν,
3044 2005 3078 2076 ἦ
3106 2005 3260 2060 λύσιν
3285 2009 3676 2083 ἀπορουμένης

2090 2090 2314 2163 Γραφῆς
2338 2133 2352 2156 ,
2378 2093 2413 2164 ἦ
2452 2110 2575 2147 τινα
2610 2093 2767 2164 λόγον
2806 2096 2906 2169 τὴν
2933 2097 3043 2152 τῶν
3082 2097 3229 2169 ἠθῶν
3274 2100 3676 2172 ἐπανορθοῦντα

2090 2182 2455 2250 κατάστασιν;
2499 2184 2690 2255 Ὑμεῖς
2727 2186 2785 2240 δέ
2825 2205 2913 2258 μοι
2945 2187 3150 2242 δοκεῖτε
3174 2189 3277 2261 τῆς
3305 2190 3509 2263 ἀρετῆς
3556 2195 3678 2247 ἐπι-

2093 2271 2312 2342 μέλειαν
2352 2275 2581 2344 ἀφέντες
2603 2317 2617 2341 ,
2665 2278 2758 2331 καὶ
2794 2279 2892 2350 τῆς
2933 2279 3063 2352 περ)⁵
3104 2280 3202 2352 τὴν
3230 2281 3407 2355 ψυχὴν
3439 2285 3677 2356 σπουδῆς

2089 2361 2464 2434 ἐκλαθόμενοι,
2499 2365 2627 2438 ὅλην
2657 2368 2868 2424 ἑαυτῶν
2902 2372 3347 2441 μετατεθεικέναι
3390 2376 3487 2447 τὴν
3521 2375 3679 2449 μέριο

2093 2470 2231 2525 μναν
2256 2455 2394 2526 πρὸς
2412 2456 2504 2511 τὸν
2524 2460 2790 2529 συρφετὸν
2818 2461 2912 2515 τοῦ
2940 2467 3240 2535 μαμμωνᾶ,
3268 2466 3363 2519 καὶ
3388 2467 3489 2538 τὴν
3507 2469 3675 2538 ἀσχο-

2088 2545 2207 2601 λίαν
2234 2548 2341 2602 τῶν
2371 2551 2693 2622 πρατηρίων
2713 2569 2726 2583 ·
2763 2554 2813 2608 οἱ
2860 2555 2957 2625 μὲν
2998 2555 3154 2610 αὐτοὶ
3197 2558 3671 2630 συναλλάττοντες,

2087 2638 2136 2690 οἱ
2162 2637 2220 2692 δὲ
2254 2641 2545 2711 κεχηνότες
2570 2644 2652 2705 είς
2689 2642 2759 2696 τὰ
2794 2642 3080 2717 ἀλλότρια,
3127 2649 3222 2702 καὶ
3262 2649 3390 2715 τοὺς
3433 2652 3525 2708 ἐπὶ
3561 2656 3673 2717 τοῖς

2086 2726 2267 2791 ὠνίοις
2292 2717 2731 2798 φιλονεικοῦντας
2761 2737 3121 2810 ἱστοροῦντες,
3152 2740 3301 2806 ὅπως
3323 2741 3394 2797 τὰ
3423 2743 3672 2817 ἀλλήλων

2086 2819 2509 2910 ἐπευωνίζωσιν.
2554 2824 2715 2879 Ἀλλὰ
2748 2828 3009 2898 μετάθετέ
3031 2849 3120 2901 μοι
3153 2832 3246 2887 τὸν
3270 2836 3435 2889 πόθον
3461 2837 3553 2891 ἐπὶ
3570 2837 3672 2910 τὴν

2098 2909 2421 2982 Ἐκκλησίαν
2439 2929 2453 2944 ο
2482 2914 2846 2988 καταλείψατε
2872 2920 2970 2991 τὴν
2996 2920 3385 2998 φιλαργυρίαν,
3413 2927 3510 3000 τὴν
3542 2909 3671 2997 ἀγό-

2090 3016 2276 3070 ραιον,
2305 3002 2404 3076 τὴν
2437 3005 2690 3075 μαινάδα.
2749 3010 3165 3085 Ἀποστράφητε
3206 3016 3378 3089 αὐτὴν
3420 3019 3497 3082 ὡς
3539 3020 3671 3074 άκο-

404 3098 555 3169 quite
576 3099 882 3163 avaritiam,
911 3097 1055 3153 illam
1102 3097 1628 3163 circumforaneam,
1671 3098 1813 3153 illam
1848 3115 1977 3155 ma:-

2090 3109 2226 3196 σμρν
2256 3094 2523 3168 ἐταιρίδα,
2563 3100 2954 3171 προσγελῶσαν
2998 3103 3073 3176 τῷ
3111 3105 3326 3179 πλήθει,
3353 3112 3474 3174 ταῖς
3506 3110 3666 3165 ἀλλο-

404 3190 541 3246 nada
575 3205 591 3244 :
621 3192 952 3246 aversamini
1014 3200 1267 3261 tanquam
1316 3201 1524 3260 turpem
1562 3192 1981 3259 meretriculam,

405 3280 727 3337 multitudini
759 3282 1105 3348 arridentem,
1128 3283 1317 3339 alienis
1343 3292 1590 3337 ornatam
1630 3283 1978 3352 indumentis,

404 3386 468 3425 ac
481 3370 750 3427 coloribus
780 3372 1119 3442 pigmentarii
1140 3371 1394 3429 fucatam.
1410 3374 1630 3441 Contra,
1650 3384 1827 3430 amate
1843 3375 1981 3430 divi-

404 3476 528 3517 nam
560 3461 701 3516 illam
730 3476 793 3516 ac
817 3460 1039 3533 probam
1067 3462 1447 3534 pudicamque,
1481 3464 1676 3520 decore
1706 3465 1978 3532 amictam,

403 3554 661 3624 vultuque
682 3554 830 3624 gravi
872 3568 934 3608 ac
962 3554 1225 3608 modesto.
1254 3554 1343 3609 Sic
1372 3557 1515 3608 enim
1545 3557 1620 3611 ait
1646 3557 1898 3612 Salomon
1926 3559 1979 3613 in

403 3645 538 3701 libro
563 3645 1017 3702 Proverbiorutn:
1078 3645 1162 3701 Ne
1214 3648 1453 3704 dimittas
1512 3666 1652 3714 eam,
1712 3661 1857 3720 teque
1886 3649 1980 3704 illa

402 3749 583 3793 mutuo
608 3736 977 3807 complectetur
1008 3754 1028 3792 :
1060 3738 1219 3808 dilige
1252 3755 1387 3804 eam,
1431 3749 1479 3793 et
1527 3741 1782 3795 custodiet
1836 3751 1884 3794 te
1912 3741 1978 3795 ⁸⁸.

401 3829 519 3886 Νοιὶ
577 3845 673 3900 per
711 3840 1081 3900 contemptum
1138 3832 1443 3901 praeterire,
1481 3847 1579 3887 nec
1609 3847 1729 3902 qme
1782 3832 1875 3888 tibi
1925 3833 1978 3888 in

400 3923 502 3978 hac
530 3937 715 3977 mensa
750 3921 1122 3991 proponimus,
1149 3936 1218 3977 eo
1246 3923 1585 3991 aspernanda
1627 3931 1804 3992 putes,
1835 3925 1977 3992 quod

397 4030 462 4069 ea
494 4013 660 4084 gratis
712 4013 968 4079 consequi
1021 4023 1193 4083 potes.
1251 4011 1354 4069 Sed
1395 4031 1460 4070 eo
1490 4017 1724 4087 gratiora
1765 4018 1875 4072 sint
1916 4032 1979 4072 ac

399 4104 569 4172 magis
620 4115 968 4173 expetantur,
991 4107 1131 4174 quod
1170 4121 1274 4159 non
1324 4094 1610 4163 sedeamus
1667 4110 1975 4164 Instttorutn

398 4211 549 4251 more
606 4211 727 4250 cum
791 4204 991 4249 statera
1028 4205 1082 4248 et
1121 4197 1320 4250 trutina
1354 4212 1369 4250 :
1425 4197 1744 4268 lucrumque
1786 4217 1972 4266 unum,

395 4290 659 4344 auditoris
693 4304 754 4343 ac
790 4289 1035 4359 discipuli
1067 4289 1294 4343 salutem
1316 4305 1639 4359 quteramus.

466 4381 627 4440 Lecta
668 4382 819 4436 nobis
840 4391 1008 4438 estex
1032 4383 1180 4435 Actis
1212 4383 1576 4449 apostolorum
1606 4383 1754 4437 Pauli
1779 4385 1845 4439 ad
1870 4385 1971 4440 Fe-

2085 3184 2265 3255 τρίαις
2298 3185 2453 3252 ὕλαις
2493 3189 2996 3266 καλλωπιζομένην,
3050 3197 3145 3251 καὶ
3192 3203 3304 3264 τοῖς
3347 3201 3533 3257 ἄνθεσι
3573 3204 3667 3258 τοῦ

2086 3279 2551 3365 φαρμακοπώλου.
2614 3285 2912 3360 Ἐράσθητε
2963 3288 3169 3364 ταύτης
3219 3292 3319 3365 τῆς
3370 3293 3521 3359 θείας
3569 3297 3666 3349 καί⁹

2087 3364 2364 3439 σώφρονος
2392 3371 2730 3444 ἐσταλμένης
2772 3377 3017 3446 κοσμίως
3036 3420 3051 3444 ,
3081 3364 3281 3452 σεμνὸν
3306 3383 3401 3437 καὶ
3422 3384 3670 3456 άμετεώ-

2088 3474 2271 3529 ριστον
2302 3459 2626 3532 βλεπούσης.
2656 3464 2813 3519 Οὕτω
2835 3466 2942 3537 γὰρ
2999 3469 3259 3540 Σαλομών
3290 3472 3349 3523 ἐν
3370 3476 3436 3545 τῇ
3471 3493 3669 3545 παροι-

2087 3552 2258 3620 μιακῇ
2293 3550 2461 3623 βίϐλῳ
2489 3554 2653 3624 φησίν
2672 3573 2688 3588 ·
2720 3556 2818 3625 Μὴ
2846 3557 3288 3629 ἐγκαταλείπῃς
3321 3564 3538 3631 αὐτὴν,
3564 3569 3667 3622 καὶ

2082 3639 2395 3704 ἀνθέξεται
2411 3656 2549 3697 σου.
2591 3643 2898 3714 Ἐράσθητι
2923 3648 3137 3718 αὐτῆς.
3166 3652 3264 3705 καί
3293 3654 3539 3722 τηρήσει
3563 3673 3663 3712 σε.

2082 3726 2172 3797 Μὴ
2211 3728 2490 3802 παρέλθῃς
2514 3728 2956 3807 καταφρονήσας,
2989 3738 3126 3809 μηδὲ
3154 3739 3223 3793 τὰ
3253 3744 3383 3816 παρ’
3414 3746 3446 3817 ή
3457 3749 3545 3816 μίν
3571 3749 3667 3801 ἐπὶ

2079 3817 2178 3889 τῆς
2226 3821 2507 3894 τραπέζης
2548 3824 2751 3897 ταύτης
2782 3828 3147 3901 προκείμενα,
3190 3833 3280 3888 διὰ
3321 3836 3481 3890 τοῦτο
3522 3839 3666 3893 αὐτὰ

2080 3908 2308 3981 νομίσῃς
2328 3910 2520 3983 ἄτιμα,
2546 3914 2732 3987 ἐπειδὴ
2763 3919 2965 3988 προῖκά
2994 3937 3077 3973 σοι
3097 3921 3306 3987 ἔξεστιν
3331 3924 3430 3997 τὴν
3458 3928 3656 3998 κτῆσιν

2081 4003 2570 4074 περιποιήσασθαι*
2620 4006 2758 4061 ἀλλὰ
2806 4010 2899 4064 καὶ
2934 4012 3136 4083 μᾶλλον
3182 4016 3542 4089 ἐπιθύμησον,
3575 4019 3662 4074 ὅτι

2077 4092 2139 4144 οὑ
2170 4092 2458 4166 καθήμεθα
2496 4097 2754 4168 κάπηλοι,
2789 4100 2955 4171 ζυγὸν
2993 4104 3026 4174 ἢ
3070 4107 3343 4179 τρυτάνην
3374 4109 3655 4182 φέροντες

2076 4182 2135 4234 ἓν
2162 4182 2217 4237 δὲ
2249 4185 2436 4256 κέρδος
2471 4187 2765 4260 ζητοῦμεν,
2799 4194 2899 4265 τὴν
2920 4195 3015 4248 τοῦ
3048 4192 3291 4270 μαθητοῦ
3322 4205 3615 4275 σωτηρίαν.

2158 4376 2493 4451 ’Λνεγνώσθη
2533 4380 2662 4452 ἡμῖν
2704 4382 2768 4436 ἐκ
2804 4383 2912 4440 τῶν
2942 4386 3201 4459 Πράξεων
3252 4392 3466 4447 Παύλου
3499 4394 3658 4465 λόγος

395 4484 535 4527 stum
593 4488 657 4527 ac
699 4472 983 4542 Agrippam
1022 4473 1196 4526 oratio
1220 4472 1265 4503 “
1296 4489 1308 4524 :
1336 4471 1507 4537 Pauli,
1542 4474 1791 4542 inquam,
1827 4475 1972 4529 illius

2083 4472 2212 4544 πρὸς
2235 4473 2441 4544 Φῆστον
2464 4476 2558 4529 καὶ
2594 4477 2921 4549 ’Δγρίππαν,
2952 4482 3165 4537 Παύλου
3189 4485 3282 4540 τοῦ
3306 4487 3498 4541 πιστοῦ
3528 4490 3661 4543 ἀπο-

396 4574 444 4618 et
474 4561 643 4617 ﬁdelis
670 4560 894 4629 apostoli
913 4570 966 4613 et
992 4559 1270 4629 prudentis
1297 4559 1551 4613 oratoris.
1578 4557 1766 4614 Vidisti
1790 4559 1967 4630 plane,

395 4653 627 4718 auditur,
652 4651 915 4719 siquidem
953 4650 1188 4702 animum
1215 4649 1514 4714 advenisti,
1548 4644 1614 4704 'ut
1639 4665 1737 4705 nec
1767 4650 1854 4705 ille
1883 4668 1972 4706 ve-

396 4747 605 4799 ritatem
638 4759 701 4798 ex
733 4752 878 4796 metu
906 4742 1127 4812 prodat;
1169 4756 1235 4796 ac
1268 4740 1582 4811 obsequium
1615 4757 1741 4812 erga
1777 4744 1970 4813 Agrip-

395 4854 513 4906 pam
528 4836 793 4891 sermonis
806 4833 1049 4888 libertate
1064 4843 1385 4902 temperans,
1407 4833 1597 4887 durum
1614 4835 1840 4890 tribunal
1856 4838 1966 4909 (20)

393 4928 745 4998 (ηηιιηιίιίςει,
799 4942 862 4980 ac
896 4926 960 4979 ad
1014 4925 1287 4980 lenitatem
1336 4925 1619 4980 inﬂectat:
1664 4945 1766 4981 non
1816 4929 1972 4985 aliter

393 5036 554 5089 quam
607 5019 651 5073 si
694 5018 898 5075 belluas
955 5016 1180 5089 aliquas,
1225 5018 1505 5085 orationis,
1545 5027 1603 5074 ut
1659 5022 1728 5074 ita
1770 5023 1966 5086 dicam,

395 5111 819 5166 contrectatione
851 5110 1180 5165 incantares.
1226 5107 1331 5165 Sed
1360 5120 1415 5165 et
1464 5110 1752 5167 Zacharias
1809 5115 1968 5168 hodie

394 5204 735 5269 prophetavit
779 5202 915 5275 (2i),
942 5217 1255 5273 magnorum
1303 5203 1456 5259 nobis
1488 5202 1754 5274 Uuigeniti
1785 5219 1967 5259 sacra-

498 5334 544 5366 ”
579 5335 740 5390 Hebr.
773 5352 855 5401 tit,
880 5338 931 5391 1.

462 5470 571 5540 (ΞΟ)
615 5471 812 5525 Durum
848 5472 1099 5538 tribunal,
1145 5473 1332 5543 τραχὺ
1377 5471 1701 5543 κριτήριοῖ.
1722 5468 1812 5525 Sic
1839 5470 1963 5543 legit

394 5540 680 5607 interpres,
730 5557 849 5595 cum
910 5545 1079 5597 reddit
1131 5540 1291 5597 duros
1344 5540 1566 5594 animos.
1628 5540 1755 5593 Erat
1813 5540 1961 5596 certe

394 5610 583 5682 Festus
614 5610 780 5665 Paulo
807 5614 973 5666 durus
1002 5614 1187 5682 judex,
1222 5613 1310 5681 qui
1345 5611 1531 5664 volens
1564 5612 1795 5681 gratiam
1832 5627 1964 5681 prm-

394 5693 534 5736 stare
560 5680 777 5748 ludatis,
814 5680 1015 5737 eisdem
1063 5681 1281 5735 l'aulum
1316 5680 1611 5735 traditurus
1660 5692 1800 5748 erat,
1838 5680 1959 5737 nisi

396 5757 505 5824 ipse
545 5753 861 5822 appellando
899 5753 1186 5815 Caesarem,
1234 5751 1471 5821 iniquum
1503 5762 1756 5809 conatum
1808 5768 1962 5809 aver-

2080 4565 2283 4633 στὸλου,
2341 4570 2433 4622 καὶ⁸
2490 4570 2654 4641 σοφοῦ
2711 4573 3043 4648 δημηγόρου.
3105 4575 3256 4644 Εἶδες
3313 4580 3550 4646 πάντως,
3610 4575 3658 4635 ὦ
3731 4648 3743 4658 ο

2075 4660 2369 4733 ἀκροατὴς,
2398 4664 2446 4716 εί
2471 4663 2561 4717 τὸν
2590 4663 2714 4718 νοῦν
2744 4668 3068 4740 ἐπέστησας,
3099 4671 3245 4736 ὅπως
3280 4673 3373 4725 καὶ
3397 4672 3494 4745 τὴν
3518 4673 3657 4745 ἀλή-

2078 4750 2228 4805 θειαν
2255 4754 2315 4807 ού
2344 4756 2665 4828 προδίδωσιν
2699 4760 2763 4813 ἐκ
2785 4759 3005 4827 δειλίας,
3037 4762 3129 4816 καὶ
3149 4764 3246 4834 τὴν
3269 4764 3405 4837 πρὸς
3440 4766 3658 4839 Ἀγρίπ-

2079 4859 2188 4894 παν
2218 4843 2519 4912 θεραπείαν
2565 4847 2630 4916 τῇ
2684 4848 2969 4920 παρρησίᾳ
3027 4852 3286 4922 κεράσας,
3321 4854 3380 4906 τὸ
3418 4853 3591 4925 βραχὺ
3610 4855 3654 4886 ³⁷

2077 4935 2358 5006 κριτήριον
2397 4935 2731 5004 ἐκμαλάσσει
2763 4940 2898 5009 πρὸς
2921 4941 3247 5014 ἀγαθότητα,
3276 4943 3464 5016 ὥσπερ
3490 4944 3657 5015 θηρία

2075 5022 2196 5075 τινὰ
2225 5022 2542 5093 κατεπᾴδων
2572 5026 2691 5087 ταῖς
2712 5025 2806 5079 τοῦ
2830 5027 2989 5096 λόγου
3017 5033 3481 5104 μεταχειρήσεσιν.
3513 5033 3657 5104 Προ-

2076 5113 2373 5180 εφήτευσεν
2401 5112 2495 5164 καλ⁸
2521 5114 2761 5186 σήμερον
2786 5117 3079 5191 Ζαχαρίας,
3108 5119 3215 5174 τῶν
3241 5120 3492 5191 μεγάλων
3522 5123 3656 5192 ἡμῖν

2078 5201 2392 5273 μυστηρίων
2444 5202 2540 5256 τοῦ
2585 5206 2925 5276 Μονογενοῦς
2976 5212 3280 5282 ὑπανοίγων
3327 5213 3421 5284 τὴν
3458 5213 3651 5284 θύραν,

1024 5337 1068 5369 ³⁸
1096 5336 1252 5393 Prov.
1281 5353 1356 5402 tv,
1392 5335 1445 5391 6.
1521 5337 1567 5368 ³⁸
1583 5337 1705 5390 Act.
1740 5351 1864 5399 xxv,
1904 5336 1977 5391 8s

2093 5353 2277 5404 μαι,
2308 5338 2489 5410 28ης.
2567 5343 2611 5375 ⁸⁷
2647 5342 2774 5416 Leg.
2810 5364 3005 5418 τραχυ.

2074 5473 2246 5537 tisset,
2282 5486 2336 5527 ut
2366 5477 2487 5531 Act.
2522 5496 2643 5534 xxv.

2140 5544 2251 5625 (gl)
2292 5542 2581 5625 Zacharias
2621 5552 2772 5625 [indic
2818 5554 3168 5625 prop/tetavit.
3213 5553 3300 5610 Uti
3339 5555 3535 5623 Latini,
3572 5563 3651 5617 sit:

2067 5623 2121 5691 et
2168 5613 2670 5691 Gratcipt'wripuis
2724 5613 3025 5691 qut'hus'que
3084 5624 3467 5681 festivitatibus

2070 5685 2327 5768 lectiones
2363 5685 2584 5768 Ιιξὼςηί,
2651 5685 3174 5768 ιιρξάναγνώσματα
3225 5710 3287 5751 ex
3341 5685 3646 5768 Setiptttt‘a,

2063 5759 2213 5823 juxta
2270 5759 2409 5826 quod
2467 5759 2585 5813 l'csti
2644 5764 2777 5817 ratio
2821 5759 3039 5818 γῖιίυιιιι·’
3075 5766 3312 5836 exigere,
3377 5759 3646 5842 praecipit;
