4048 6194
317 267 420 321 197

1371 259 1655 316 HOMILIA
1691 259 1778 315 Ill.
1821 260 2192 320 ADVERSUS
2228 263 2634 320 AV’ARITIAM.

3486 274 3586 336 198

315 385 405 439 διά
425 384 521 437 τοῦ
545 383 720 445 λίθου,
754 383 852 436 τοῦ
884 383 984 445 τὰς
1014 379 1152 434 ἑπτά
1188 380 1348 452 βολὰς
1378 382 1485 435 τῶν
1519 382 1807 453 ὀφθαλμῶν
1831 401 1896 437 κει

2021 396 2318 441 mentorum
2357 385 2579 454 januam
2626 399 2892 452 reserans,
2934 387 3125 455 lapidis
3176 387 3344 459 ﬁgura
3382 403 3584 461 septem

311 475 618 548 χτημένου,
657 474 747 528 διὰ
793 474 897 545 τῆς
951 473 1160 545 χρυσῆς
1198 473 1435 544 λυχνίας,
1464 477 1548 544 ἐφ’
1575 471 1642 546 ἦς
1683 477 1730 528 ol
1774 477 1913 530 ἑπτὰ

314 571 509 638 λύχνοι
550 568 646 621 καὶ
690 565 757 619 τὰ
798 565 896 618 δυο
945 565 1171 638 στελέχη
1210 567 1319 619 τῶν
1356 567 1569 621 ἐλαιῶν.
1607 568 1804 622 Πολλαὶ
1856 569 1912 622 al

333 659 465 729 ἑξῆς
491 659 723 729 Γραφαὶ,
779 656 1038 710 πλούσιον
1077 657 1168 710 τὸν
1209 656 1478 729 θησαυρὸν
1520 659 1620 728 τῆς
1650 659 1914 728 ὡφελείας

323 754 572 822 ἔχουσαι,
607 746 692 811 αίς
735 749 1045 820 ἐὸουλόμην
1075 750 1278 813 πάσαις
1309 749 1573 817 ἐπελθεῖν,
1620 751 1712 804 καὶ
1747 751 1911 816 δεῖξαι

327 846 464 912 ὑμῖν
511 846 604 914 τὴν
649 843 750 912 τῆς
813 843 1197 912 πνευματικῆς
1241 841 1598 912 πανηγύρεως
1637 843 1910 904 εὐθηνίαν.

343 935 577 1001 Ἐπείγει
608 934 664 986 δέ
714 950 784 1003 με
832 931 973 1001 πρὸς
1015 933 1114 1004 τὴν
1143 932 1345 986 ἔκτισιν
1382 932 1474 986 τοῦ
1503 934 1696 1005 χρέους
1741 935 1774 1006 ὴ
1814 937 1912 1006 τῆς

331 1025 655 1096 προτεραίας
685 1024 1011 1093 ὑπόσχεσις.
1053 1023 1370 1095 ’Δρξάμενοι
1397 1023 1504 1094 γὰρ
1529 1023 1746 1088 πολλαῖς
1779 1043 1909 1079 κατ-

327 1115 572 1184 ηγορίαις
617 1112 720 1182 τῆς
771 1112 1088 1179 πλεονεξίας
1145 1111 1539 1177 καθάπτεσθαι,
1597 1113 1784 1186 ἐπειδὴ
1835 1116 1908 1187 μὴ

327 1206 566 1276 ιφθημεν
605 1204 781 1274 αὐτῆς
827 1205 1118 1276 γυμνῶσαι
1161 1205 1258 1276 τὴν
1305 1205 1659 1276 ματαιότητα.
1707 1208 1786 1270 εἰς
1811 1207 1908 1278 τὴν

325 1295 604 1367 παροῦσαν
647 1295 867 1365 ἡμέραν
901 1297 993 1348 τὸν
1020 1294 1239 1365 ἔλεγχον
1266 1295 1362 1366 τῆς
1384 1295 1716 1367 κατηγορίας
1745 1297 1909 1368 ὑπερ-

306 1386 573 1456 εθέμεθα.
619 1387 919 1440 Ἀκούσατε
947 1382 1060 1450 οὖν,
1089 1387 1182 1440 καὶ
1207 1386 1426 1455 γένεσθε
1451 1386 1790 1459 εὐγνώμονες
1810 1391 1907 1458 τῆς

307 1475 576 1546 ἀληθείας
614 1476 819 1549 κριταί.
876 1477 1086 1548 Ἐπειδὴ
1124 1478 1258 1547 μήτε
1279 1476 1456 1540 ἄλλοις
1491 1478 1649 1543 τισὶν,
1677 1476 1810 1530 ἀλλὰ
1839 1479 1905 1546 τῇ

307 1569 526 1620 ἑαυτῶν
560 1569 806 1639 σωτηρία
839 1567 1109 1632 δικάζετε,
1154 1568 1248 1620 καὶ
1282 1568 1461 1632 πάσας
1497 1567 1597 1631 τὰς
1639 1585 1906 1638 κατακριο

305 1658 512 1720 νούσας
533 1657 752 1729 ψήφους
779 1660 869 1712 ἐπὶ
889 1659 987 1730 τὴν
1015 1659 1312 1713 ὑπεύθυνον
1339 1659 1530 1730 φέρετε
1556 1658 1784 1722 ἕκαστος
1807 1657 1905 1728 τῆς

2019 479 2264 533 habentis
2284 478 2558 532 oculorum
2573 479 2749 548 jactus
2762 478 3083 550 obtutusque
3098 481 3144 514 ⁸⁸
3154 491 3253 546 ,τιιι
3262 483 3442 551 reique
3457 501 3584 539 can-

2015 569 2216 624 delabri
2252 572 2337 625 cui
2375 569 2605 623 lucerna:
2639 579 2844 637 septem
2878 570 2924 600 ⁸ο
2959 586 3022 626 ac
3050 571 3311 627 olivarum
3348 576 3451 628 duo
3487 576 3586 630 sti-

2017 661 2154 728 pites
2192 660 2441 730 imposita
2469 668 2669 714 essent.
2715 658 2874 712 Multa
2911 661 3161 731 deinceps
3205 662 3428 717 decursa
3460 674 3584 720 sunt

2015 750 2308 820 Scriptura:
2355 753 2494 816 loca,
2539 750 2869 805 abundantes
2903 753 3147 806 utilitatis
3177 755 3454 810 thesauros
3483 763 3580 811 ha-

2015 841 2215 905 bentia,
2257 842 2553 911 lnbensque
2594 842 2798 912 singula
2846 843 3184 907 edisserens,
3223 847 3580 913 spiritualium

2014 931 2164 985 vobis
2200 931 2556 984 nundinarum
2619 933 2917 986 ubertatem
2965 936 3340 990 ostendissent.
3381 936 3580 992 Verum

2013 1032 2164 1090 urget
2199 1031 2256 1075 ut
2288 1024 2524 1076 debitutu
2555 1022 2826 1077 exsolvam
2865 1022 3113 1078 hesterna
3151 1026 3236 1080 die
3275 1026 3411 1080 facta
3453 1044 3580 1098 pro-

2012 1111 2217 1165 missio.
2253 1109 2384 1164 Cnm
2422 1113 2564 1164 enim
2599 1112 2779 1166 multis
2829 1114 3178 1182 cmpissemus
3209 1117 3488 1170 avaritiam
3517 1133 3580 1174 ac

2011 1199 2170 1253 alieni
2213 1198 2512 1268 improbam
2561 1200 2906 1267 cupiditatem
2958 1203 3252 1270 exngitare,
3307 1222 3406 1260 nec
3464 1205 3580 1274 ejus

2013 1290 2145 1343 satis
2177 1290 2467 1343 vanitatem
2505 1305 2565 1343 ac
2597 1291 2876 1345 stultitiam
2918 1293 3156 1348 licuisset
3189 1297 3488 1361 traducere,
3525 1300 3581 1354 in

2010 1381 2148 1436 hanc
2179 1381 2320 1435 diem
2357 1382 2808 1452 vituperationem
2861 1385 2976 1451 ejus
3029 1386 3331 1454 rejecimus.
3379 1391 3571 1455 Quatu-

2007 1472 2188 1528 obrem
2219 1474 2415 1538 audite,
2446 1490 2507 1528 ac
2530 1477 2664 1543 ωψιί
2701 1475 2941 1530 veritatis
2965 1479 3320 1534 mstimatores
3345 1497 3405 1534 ac
3431 1483 3578 1550 judi-

2009 1581 2100 1620 ces
2129 1576 2320 1621 estote.
2354 1566 2469 1620 Non
2499 1567 2640 1620 enim
2672 1567 2738 1621 de
2769 1566 2982 1632 alienis,
3013 1570 3104 1622 sed
3128 1571 3192 1623 de
3223 1581 3398 1624 vestra
3436 1573 3578 1640 ipso-

2008 1672 2126 1711 rum
2188 1658 2362 1712 salule
2419 1657 2761 1725 disceptatis;
2812 1672 2874 1711 ac
2925 1659 3288 1713 damnatorios
3335 1675 3578 1729 quosque

311 1751 454 1812 ιδίας
489 1750 696 1819 ψυχῆς,
725 1748 915 1821 ὥσπερ
951 1749 1126 1812 οίκίας
1163 1749 1195 1820 ἢ
1236 1749 1442 1812 πόλεως
1485 1749 1652 1820 αὐτὴν
1697 1749 1896 1804 ἀπελά-

2005 1746 2242 1801 calculos
2266 1749 2524 1800 adversus
2561 1762 2729 1812 ream,
2752 1746 2820 1800 ab
2844 1745 3022 1800 anima
3055 1748 3290 1816 propria,
3323 1758 3575 1816 tanquam

310 1858 533 1904 σαντες.

384 1934 684 1998 Πλεονεξία
721 1932 898 1984 τοίνυν
931 1932 1097 1995 ἐστὶν,
1121 1932 1184 1984 οὗ
1229 1931 1386 2000 μόνον
1418 1931 1494 2002 τῷ
1524 1931 1768 2004 ἀργυρίῳ
1805 1932 1900 1986 σὺν

305 2029 426 2089 τοῖς
479 2025 660 2088 ἄλλοις
708 2026 982 2093 κτήμασιν
1026 2021 1428 2092 ἐπιμαίνεσθαι,
1475 2025 1565 2075 καὶ
1616 2021 1898 2092 βούλεσθαι

309 2119 425 2178 τοῖς
459 2113 697 2184 παροῦσι
724 2114 794 2166 τὰ
832 2112 906 2184 μὴ
938 2112 1204 2182 προσόντα
1233 2112 1542 2165 συνάπτειν·
1571 2111 1724 2176 ἀλλὰ,
1755 2129 1901 2181 γενι-

309 2207 558 2276 κώτερον
616 2207 810 2268 είπείν,
876 2204 936 2256 τὸ
993 2203 1085 2254 ἐπὶ
1136 2203 1334 2264 παντὸς
1371 2202 1692 2273 πράγματος
1741 2201 1899 2255 πλέον

315 2301 460 2370 ἒχειν
499 2295 787 2366 βούλεσθαι
825 2293 917 2347 τοῦ
961 2292 1310 2364 ὁφειλομένου
1348 2295 1440 2346 καὶ
1483 2292 1884 2357 ἐπιϐάλλοντος.

314 2390 428 2444 Καὶ
450 2389 514 2459 δὴ
533 2389 695 2440 τοῦτο
718 2386 778 2439 τὸ
801 2385 1178 2456 πλημμέλημα
1205 2385 1414 2453 πρῶτος
1433 2383 1635 2436 ἔπαθεν
1667 2386 1693 2436 δ
1720 2384 1898 2438 διάϐο-

317 2483 433 2547 λος,
468 2480 808 2551 ἀρχάγγελος
836 2479 934 2549 μὲν
960 2475 1034 2529 ὢν
1066 2477 1158 2529 καὶ
1185 2477 1274 2529 ἐπὶ
1300 2476 1404 2544 τῆς
1433 2477 1725 2548 καλλίστης
1753 2477 1898 2546 ζωῆς

314 2576 415 2627 καί
440 2574 646 2638 τάξεως
678 2569 1030 2639 τεταγμένος,
1056 2567 1345 2637 τυραννίδα
1373 2567 1430 2619 δὲ
1465 2569 1557 2619 καὶ
1592 2567 1896 2620 ἐπανάστα-

315 2682 410 2719 σιν
440 2663 583 2716 κατὰ
614 2662 712 2731 τῆς
747 2661 999 2729 θεότητος
1029 2659 1286 2728 ἐννοήσας
1318 2659 1347 2710 ὁ
1384 2657 1748 2728 ματαιόφρωψ
1782 2653 1898 2709 εἶτα

312 2754 699 2824 καταϐληθεὶς,
733 2753 826 2806 καὶ
859 2753 938 2814 είς
970 2750 1061 2802 τὸν
1100 2749 1371 2821 περίγειον
1403 2748 1588 2800 τοῦτον
1625 2748 1763 2819 ἀέρα
1799 2764 1900 2800 κα-

307 2848 592 2910 ταπεσὼν,
628 2845 798 2907 κακὸς
847 2841 1040 2910 γείτων
1088 2842 1184 2911 τῆς
1232 2838 1502 2910 ἡμετέρας
1546 2838 1710 2909 ζωῆς.
1760 2837 1896 2891 Οὔτε

315 2940 449 3008 γοῦν
480 2937 800 3002 κατέλαϐεν,
837 2934 865 2988 ὃ
891 2933 1130 2998 ἐδίωκεν,
1162 2933 1260 3003 τὴν
1288 2932 1534 3003 θεότητα·
1571 2930 1671 2984 καὶ
1686 2930 1894 2984 ἀπώλε-

2003 1849 2032 1888 a
2053 1835 2211 1890 domo
2246 1835 2326 1889 vel
2358 1835 2488 1889 urbe
2518 1835 2661 1888 illam
2689 1835 2986 1902 ejicientes,
3015 1839 3239 1904 quisque
3273 1839 3499 1893 mittitis.

2071 1927 2310 1979 Avaritia
2356 1925 2561 1996 itaque,
2611 1930 2802 1980 nedum
2857 1938 2940 1982 est
2976 1929 3162 1982 insana
3210 1933 3412 1998 argenti
3443 1933 3575 1986 alio-

2003 2031 2227 2086 rumque
2255 2018 2514 2070 bonorum
2565 2019 2858 2086 cupiditate
2915 2019 3073 2085 ferri,
3130 2020 3346 2092 jamque
3395 2025 3572 2078 habita

2000 2123 2064 2163 ac
2097 2109 2262 2162 nostri
2299 2108 2438 2162 facta
2474 2108 2635 2177 juris,
2667 2109 2785 2162 aliis
2820 2127 2923 2163 non
2972 2112 3172 2166 habitis
3223 2114 3358 2168 velle
3386 2131 3572 2168 cumu-

2000 2201 2142 2266 lare;
2180 2215 2362 2255 verum
2388 2201 2549 2254 etiam
2577 2203 2933 2258 universalius
2959 2204 3246 2273 loquendo,
3277 2207 3325 2260 in
3355 2223 3410 2261 re
3435 2224 3570 2277 qua-

1999 2289 2126 2343 libet
2159 2304 2322 2358 supra
2358 2304 2521 2358 quam
2552 2290 2838 2353 debeatur,
2879 2301 2970 2346 aut
3010 2295 3082 2347 sit
3123 2310 3440 2362 congruum,
3476 2315 3563 2350 ru.

2000 2380 2208 2448 piditati
2241 2382 2560 2434 concedere.
2606 2382 2684 2434 Ac
2712 2383 2929 2451 quidem
2979 2383 3078 2439 hoc
3128 2387 3333 2454 primus
3366 2392 3569 2456 peccati

1999 2471 2189 2524 morbo
2223 2470 2470 2525 diabolus
2499 2471 2802 2525 laboravit:
2849 2475 3046 2542 quippe
3100 2475 3568 2542 pl'aiclatrissilttatttt

1999 2560 2305 2631 archangeli
2330 2561 2640 2630 dignitatem
2659 2572 2819 2632 atque
2834 2565 3075 2619 ordinem
3097 2569 3366 2630 obtinens,
3388 2579 3457 2638 tyi
3473 2587 3569 2622 an-

1997 2654 2174 2707 nidem
2199 2669 2262 2708 ac
2297 2653 2648 2709 rebellionem
2683 2654 2939 2709 adversus
2966 2658 3216 2710 deitatem
3253 2659 3463 2712 molitus
3485 2671 3570 2712 est

1999 2745 2240 2808 demens,
2277 2760 2509 2814 moxque
2533 2747 2584 2800 in
2613 2762 2792 2802 aerem
2813 2749 3126 2802 huncterrae
3143 2751 3439 2816 proximum
3471 2753 3566 2804 de-

1999 2836 2262 2893 turbatus.
2292 2836 2462 2892 malus
2499 2838 2653 2893 nobis
2697 2853 2758 2893 ac
2810 2839 2930 2892 vitae
2972 2849 3168 2892 nostra:
3202 2839 3406 2894 vicinus
3438 2840 3566 2895 elle-

1999 2934 2118 2979 ctus
2145 2936 2228 2979 est
2255 2945 2267 2980 :
2294 2934 2454 2996 atque
2479 2929 2633 2991 adeo.
2666 2945 2764 2984 nee
2802 2930 3153 2994 divinitatem,
3183 2945 3343 2998 quam
3380 2942 3566 3000 capta-

315 3049 432 3094 σεν,
475 3029 506 3083 ὃ
554 3029 835 3099 ἐκέκτητο,
906 3026 969 3078 τὸ
1013 3025 1378 3096 άρχάγγελον·
1418 3023 1601 3087 δοῦλος
1649 3023 1892 3086 ἄπιστος,

2001 3016 2112 3078 bat,
2142 3018 2363 3085 adeptus
2385 3028 2490 3082 est,
2525 3030 2579 3073 et
2616 3021 2872 3074 honorem
2904 3022 3230 3091 archangeli,
3257 3037 3363 3090 quo
3395 3024 3566 3093 fulge-

309 3127 436 3186 ταῖς
459 3120 604 3176 κατὰ
639 3119 832 3190 μικρὸν
873 3117 1091 3187 τόλμαις
1121 3119 1199 3180 είς
1231 3115 1430 3187 λῃστὴν
1466 3113 1714 3181 ἐξελθών·
1749 3113 1893 3167 κύων

310 3216 406 3270 τοῦ
441 3215 577 3284 παρ’
613 3211 871 3280 Ἕλλησιν
908 3207 1098 3279 μύθου,
1139 3205 1350 3260 καὶτοῦ
1386 3205 1560 3279 κρέως
1591 3203 1890 3275 στερηθεὶς,

307 3309 409 3364 καὶ
447 3307 549 3378 τῆς
595 3305 753 3366 σκιᾶς
789 3302 850 3354 οὐ
887 3299 1238 3372 δραξάμενος,
1267 3296 1403 3368 (πῶς
1430 3295 1593 3368 γάρ;)
1624 3295 1894 3366 ἀκαταλή-

308 3418 449 3455 πτου
477 3397 824 3470 πράγματος.

378 3575 544 3630 Μετὰ
582 3571 772 3627 τοῦτον
803 3572 831 3624 ὁ
862 3567 1076 3641 πρῶτος
1110 3565 1394 3638 ἄνθρωπος
1427 3565 1506 3627 είς
1559 3564 1890 3635 ἡδυπάθειαν

299 3667 644 3729 δελεασθεὶς,
675 3661 1101 3734 άπηγορευμένῃ
1127 3657 1324 3731 βρώσει
1345 3657 1443 3729 τὴν
1469 3655 1764 3710 ἀθανασίαν
1793 3657 1892 3708 άπ-

301 3761 539 3813 ώλεσεν·
566 3756 643 3820 ώς
678 3752 850 3808 Ἦσαῦ
874 3750 1097 3821 ὕστερον
1123 3747 1210 3800 διὰ
1237 3746 1414 3816 φακὴν
1440 3745 1487 3776 ³⁸
1514 3743 1583 3797 τὰ
1617 3744 1888 3814 πρωτότο-

301 3870 410 3906 κα.
452 3850 560 3902 Καὶ
596 3846 696 3910 τὰς
731 3843 1042 3903 διαλέκτους
1078 3840 1135 3893 δὲ
1167 3837 1388 3899 ταύτας,
1424 3835 1517 3889 καὶ
1565 3835 1663 3897 τὰς
1693 3834 1889 3898 πολλὰς

303 3942 426 3995 τῶν
484 3935 790 4007 ἀνθρώπων
831 3931 1034 4000 φωνάς,
1084 3927 1222 3998 ἔρως
1273 3925 1364 3978 τοῦ
1405 3923 1646 3986 πλείονος
1689 3923 1768 3986 εἰς
1800 3923 1890 3975 τὸν

300 4033 428 4104 βίον
457 4030 775 4099 εἰσήγαγεν.
807 4024 869 4076 Ui
897 4021 1005 4092 γὰρ
1029 4023 1095 4091 τῇ
1121 4017 1439 4089 ἀνθρωπικῇ
1468 4013 1690 4085 εὐθηνίᾳ
1720 4013 1888 4085 ὑπερ-

303 4125 680 4197 μαζήσαντες,
715 4113 875 4187 βατὸν
923 4113 979 4165 δὲ
1023 4113 1233 4173 ἑαυτοῖς
1279 4106 1496 4161 ἔσεσθαι
1537 4105 1627 4159 τὸν
1661 4106 1889 4197 οὐρανδν

299 4193 809 4282 προσδοκήσαντες,
859 4204 954 4258 καὶ
999 4202 1207 4273 πύργον
1237 4199 1445 4268 γελοῖον
1489 4198 1582 4250 ἐπὶ
1620 4196 1719 4266 τὴν
1748 4193 1890 4248 ὲκεί-

302 4271 404 4361 νόυ
442 4299 924 4376 ματαιοποιοῦντες
945 4295 1225 4353 άνάὸασιν,
1258 4285 1402 4344 οὗτοι
1428 4289 1552 4351 τοὺς
1574 4284 1888 4357 ὁμοφώνους

1998 3107 2108 3171 bat,
2135 3107 2345 3174 amisit,
2386 3110 2524 3162 servi
2557 3110 2727 3164 instar
2757 3111 2922 3172 inlidi,
2971 3111 3059 3178 qui
3099 3113 3396 3166 temerariis
3421 3116 3565 3167 ausis

1997 3198 2048 3251 in
2075 3199 2333 3252 latronem
2371 3199 2626 3267 paulatim
2657 3202 2856 3266 evasit,
2895 3217 2958 3254 ac
2995 3201 3147 3254 canis
3176 3202 3316 3256 illius
3354 3203 3402 3256 in
3435 3219 3565 3273 gena

1997 3289 2167 3344 tilium
2200 3289 2412 3350 fabulis.
2432 3291 2523 3359 qui
2559 3302 2611 3346 et
2652 3307 2868 3345 carnem
2910 3293 3157 3360 perdidit,
3190 3309 3286 3347 nec
3317 3297 3561 3348 umbram

1993 3383 2364 3452 apprehendit.
2390 3381 2490 3449 Qui
2526 3383 2667 3437 enim
2698 3383 2908 3438 inanem
2941 3399 3050 3438 rem
3077 3401 3139 3439 ac
3156 3386 3386 3440 nesciam
3417 3402 3562 3442 com-

1993 3473 2288 3543 prehendi?

2061 3564 2189 3619 Post
2211 3567 2350 3619 hunc
2367 3566 2572 3635 primus
2597 3567 2755 3621 homo
2789 3567 2975 3622 vitiosa
2999 3568 3267 3639 voluptate
3283 3569 3558 3638 pellectus,

1991 3655 2093 3708 cibi
2121 3656 2268 3710 vetiti
2315 3659 2748 3726 praesumptione,
2786 3658 3238 3713 immortalitatem
3268 3660 3448 3715 amisit
3492 3660 3558 3726 “,

1991 3745 2126 3799 sicut
2153 3759 2337 3814 postea
2365 3745 2504 3801 Esau
2525 3746 2612 3814 jus
2630 3750 3061 3819 primogenitum:
3093 3761 3309 3820 propter
3331 3753 3558 3809 lenticu-

1991 3836 2308 3909 latn"(2':!).
2349 3839 2452 3893 Sed
2474 3848 2528 3894 et
2553 3840 2942 3894 multitudinem
2989 3843 3126 3894 hanc
3161 3842 3460 3912 linguarum
3504 3855 3561 3901 et

1994 3929 2307 3984 idiomatum
2341 3931 2692 3984 immoderata
2733 3931 2996 3999 cupiditas
3035 3933 3084 3984 in
3130 3933 3269 3987 hanc
3291 3935 3448 3988 vitam
3479 3937 3560 3989 in-

1991 4020 2155 4072 venit.
2185 4017 2283 4082 Qui
2326 4019 2467 4071 enim
2502 4016 2754 4072 felicitate
2803 4018 2962 4071 nimia
3016 4018 3387 4085 lascivientes,
3435 4039 3557 4077 cum

1991 4109 2235 4180 pervium
2277 4108 2376 4162 sibi
2406 4107 2598 4163 emlum
2642 4108 2757 4163 fore
2787 4109 3160 4176 credidissent,
3195 4111 3468 4168 ridendam
3493 4120 3558 4169 ad

1990 4200 2105 4268 ejus
2151 4216 2432 4256 ascensum
2478 4202 2664 4256 turrim
2728 4203 2778 4256 in
2837 4218 3051 4258 cassum
3109 4205 3274 4258 moliti
3315 4217 3461 4267 sunt,
3523 4209 3558 4262 ii

1991 4307 2088 4361 pro
2108 4293 2372 4348 sermonis
2399 4309 2500 4347 una
2532 4295 2902 4359 consensione,
2925 4295 3118 4348 diversi
3155 4296 3442 4350 humanum
3468 4314 3560 4366 ge-

301 4397 655 4469 άνθρώπους,
695 4387 1124 4461 ὲτερογλώσσους
1169 4383 1448 4450 ὲποίησαψ
1491 4379 1582 4431 καὶ
1609 4377 1670 4430 τὸ
1703 4377 1882 4443 πλέον,

1999 4399 2090 4438 nus
2114 4383 2305 4452 eloquii
2345 4383 2621 4451 fecerunt;
2655 4386 2987 4455 ampliusque
3041 4386 3240 4456 aliquid
3287 4403 3559 4443 concessis

301 4485 373 4545 οὗ
412 4485 579 4559 εἶχον,
627 4483 935 4554 ζητοῦντες,
975 4476 1127 4532 αὐτοί
1170 4493 1229 4527 τε
1271 4471 1656 4542 συνεχέθησαν,
1684 4469 1777 4522 καὶ
1814 4471 1890 4540 τῷ

306 4584 460 4650 γένει
515 4580 625 4631 τῶν
673 4574 972 4646 ἀνθρώπων
1015 4569 1302 4624 κατέλιπον
1344 4566 1572 4633 κάμνειν
1618 4563 1675 4614 ὲν
1701 4562 1894 4623 ἀκοαῖς

307 4673 547 4741 ἀσήμων
571 4667 762 4736 φωνῶν
793 4667 884 4718 καὶ
909 4660 1210 4734 έρμηνειῶν
1235 4658 1478 4728 ζητήσει.

387 4847 448 4899 Τί
479 4847 536 4898 δὲ
570 4847 599 4897 ὁ
632 4841 858 4913 Φαραώ;
905 4839 1070 4890 ιιὸθεν
1103 4837 1220 4896 ταῖς
1259 4831 1541 4900 διαφοραῖς
1584 4826 1677 4878 καὶ
1717 4825 1893 4878 ποικί-

305 4941 432 5002 λαις
479 4937 773 5009 περιέπεσε
813 4929 1058 5004 μάστιξιν
1084 4945 1098 4994 ;
1133 4928 1193 4981 οὐ
1225 4926 1310 4978 διὰ
1337 4920 1666 4987 πλεονεξίαν,
1700 4917 1792 4969 καὶ
1824 4919 1886 4972 τὸ

875 5071 1066 5138 φακόν.
1136 5067 1204 5138 ν³⁰
1227 5065 1393 5118 'I.aeh.
1457 5076 1537 5127 tu,
1589 5061 1642 5115 9.

922 5141 967 5170 “
996 5137 1166 5193 Exod.
1201 5148 1434 5189 vin-xw.

389 5080 432 5112 ⁸⁸
465 5077 587 5131 Vat.
613 5086 666 5129 et
705 5075 811 5126 Sir.

309 5153 356 5184 "
382 5149 519 5205 Gen.
549 5163 626 5210 ιι,
663 5148 684 5200 l
727 5159 845 5212 sqq.

309 5281 440 5321 vero
493 5280 611 5317 cum
663 5259 997 5314 Dominicnm
1040 5254 1251 5322 aliquod
1304 5250 1754 5322 festumagitur,
1821 5265 1883 5308 ac

313 5320 470 5400 cujus
499 5343 863 5400 sacramenta,
894 5330 973 5378 rel
1011 5320 1191 5400 figurae
1225 5320 1676 5400 pra-cesserintnin
1696 5323 1884 5400 veleri,

311 5389 398 5460 vel
433 5402 746 5474 prophetiae.
783 5389 889 5452 lloc
917 5389 1256 5474 ergri'or'tlirte
1281 5393 1450 5472 lectus
1479 5389 1882 5474 eat‘Za-c'harias

311 5479 367 5530 in
406 5461 469 5530 ὁ
496 5461 769 5543 panegyri.
803 5461 1132 5543 inqna'ltaac
1154 5461 1620 5543 Asteriusoravit.
1661 5461 1886 5543 \lidean-

314 5557 400 5600 tur
443 5531 568 5598 vero
601 5531 701 5597 asia.
739 5531 1006 5608 respicere
1036 5535 1172 5588 lesta
1202 5531 1486 5593 Natalitia,
1535 5533 1746 5584 tametsi
1799 5545 1886 5584 res

311 5616 543 5670 obscura
569 5623 672 5667 cst.
807 5678 810 5679 ν
911 5677 918 5679 Α
997 5676 1006 5679 _
1171 5671 1204 5679 _
1607 5669 1617 5679 ,

383 5667 499 5753 (ἀὲ)
542 5682 764 5747 I’mpter
795 5676 1116 5753 lenticulam:
1171 5671 1394 5753 Ducaeus
1425 5669 1642 5738 corrigit
1679 5684 1742 5721 ex
1785 5667 1886 5720 Va-

319 5740 495 5810 ticano
525 5763 580 5808 et
618 5740 781 5807 Sirm.
811 5749 930 5802 ἀντὶ
975 5742 1178 5814 φακῆν,
1215 5740 1419 5810 φακόν
1453 5755 1572 5808 quae
1616 5755 1720 5792 una
1761 5753 1885 5806 vox,

1720 5064 1766 5098 ‘°
1797 5065 1961 5121 Zach.

1986 4473 2187 4530 habere
2222 4486 2546 4544 qumrcntes,
2601 4487 2708 4530 tum
2753 4477 2850 4547 ipsi
2880 4476 3100 4532 cohibiti
3149 4487 3272 4532 sunt
3299 4495 3361 4533 ac
3407 4496 3559 4533 coer-

1990 4565 2102 4630 citi,
2139 4577 2246 4618 turtt
2287 4567 2532 4621 humana:
2557 4568 2699 4638 genti
2734 4569 3030 4622 molestiam
3055 4585 3118 4623 ex
3154 4585 3338 4625 verum
3364 4573 3558 4623 obseu-

1991 4671 2170 4709 rarum
2204 4658 2499 4724 auditione,
2535 4659 3034 4731 interpretandique
3059 4662 3293 4716 laborem
3326 4664 3559 4734 relique-

1991 4761 2115 4804 runt
2153 4752 2218 4804 ⁸³.

2057 4841 2176 4898 Jam
2227 4861 2354 4902 vero
2388 4846 2596 4902 Pharao
2623 4888 2640 4914 ,
2687 4863 2853 4918 quare
2905 4849 2958 4903 iu
2999 4861 3145 4904 tanta
3193 4851 3376 4920 sicque
3409 4851 3555 4904 varia

1987 4933 2192 5004 ﬂagella
2241 4939 2584 4994 incurrit“?
2618 4940 2807 4996 Nonne
2857 4959 3018 4997 avara
3064 4961 3125 4999 ac
3168 4944 3286 5014 plus
3328 4939 3557 4996 habendi

1994 5085 2070 5136 tv,
2109 5069 2163 5124 2.
2242 5070 2283 5102 δι
2336 5069 2470 5126 Gen.
2510 5089 2592 5138 nt,
2645 5077 2830 5147 lsqq.
2896 5078 3104 5134 “Gen.
3163 5076 3381 5144 ιιι-,29
3435 5091 3552 5144 sqq.

1991 5254 2255 5328 duplicem
2287 5254 2430 5310 illam
2450 5255 2612 5318 LXX,
2646 5256 2834 5328 ἕψημα
2875 5260 3064 5328 ρακοῦ·
3108 5261 3293 5314 lentem
3336 5268 3553 5318 coctam,

1990 5327 2463 5398 seu,ipulmentum
2491 5327 2824 5389 extantibus,
2869 5327 3156 5398 signiﬁcat.
3208 5346 3310 5386 nou
3358 5329 3552 5398 lentem

1989 5397 2250 5466 absolute,
2291 5398 2432 5464 quod
2477 5399 2643 5466 magis
2685 5398 2843 5450 habet
2885 5397 2946 5452 τδ
2990 5400 3178 5466 φακός.
3227 5400 3314 5452 Sic
3359 5397 3556 5465 passim

1989 5465 2252 5536 ὲκφράζει
2281 5465 2901 5544 _Asterins,_elegantius
2938 5465 3162 5523 reddens
3194 5469 3353 5544 verba
3379 5480 3554 5544 saera,

1989 5535 2106 5588 aut
2143 5536 2325 5602 paucis
2385 5536 2679 5589 cultissime
2733 5547 3124 5603 repnesentans
3179 5537 3320 5605 quod
3385 5535 3553 5605 veliti:

1991 5606 2244 5676 πάρεργα
2305 5606 2390 5659 hic
2454 5605 2519 5660 de
2579 5605 2893 5675 pulmento,
2955 5616 3008 5662 et
3071 5604 3425 5676 pulmentario
3489 5604 3554 5653 ab

1991 5683 2197 5731 eodem.
