4034 6204
485 247 581 301 199

1744 250 1804 305 S.
1842 246 2119 304 ASTERII
2158 249 2442 307 AllASEN
2450 255 2464 310 Ι

3626 255 3726 309 εςιο

483 371 794 441 cupiditate,
825 369 1110 439 studioque
1150 365 1464 422 dominandi
1504 364 1792 435 peregrino
1834 365 2049 436 populo,

2167 369 2445 439 βούλεσθαι
2477 369 2664 443 κύριος
2688 366 2826 425 εἶναι
2852 370 3004 439 ξένου
3029 373 3158 428 λαοῦ
3208 370 3302 426 καὶ
3334 367 3638 443 μηδαμόθεν
3665 375 3726 445 τῇ

486 464 575 531 qui
601 464 667 517 ad
693 462 808 531 ejus
855 460 988 515 nihil
1023 458 1307 528 imperium
1339 456 1646 526 spectaret?
1691 456 1826 512 Hinc
1856 457 2057 510 factum

486 567 591 621 est,
627 564 704 620 ut,
732 568 851 608 cum
885 553 1088 606 alienos
1116 566 1221 605 non
1248 549 1564 615 dimitteret,
1590 565 1716 605 suos
1740 549 2057 620 perdiderit,

487 662 588 713 qua
622 656 801 713 strage
828 641 1332 712 primogenitorutn,
1365 656 1469 709 qua
1504 642 1669 695 maris
1704 642 1895 694 itinere
1933 654 2058 709 per-

485 740 759 794 secutione
797 737 1045 791 abeuntis
1069 734 1272 804 populi.
1304 731 1511 789 Omitto
1541 736 1682 790 enim
1713 734 1909 789 ﬂuenta
1934 750 2059 788 san-

486 832 678 901 guinea
699 870 713 894 ,
739 844 990 883 ranarum
1024 829 1287 882 inﬁnitam
1321 827 1595 893 sobolem,
1628 827 1813 882 bruchi
1865 836 2058 881 tetram

486 922 662 986 luem,
714 921 1054 989 pustularum
1096 934 1160 974 ac
1204 920 1522 989 papularnm
1573 917 1767 973 foedam
1816 920 2059 988 eruptio-

488 1028 608 1066 nem
634 1049 648 1077 ,
678 1012 1085 1080 quadrupedum
1118 1023 1302 1062 necem
1323 1048 1339 1073 ,
1374 1019 1727 1077 cmteramque
1759 1008 1963 1061 cladem
1997 1021 2061 1061 ac

487 1114 713 1171 pestem,
733 1118 835 1171 qua
864 1099 1150 1172 A'Igyptus,
1183 1099 1251 1154 ob
1274 1099 1533 1169 principis
1561 1098 1839 1152 avaritiam
1863 1099 2062 1166 impro-

487 1193 717 1262 bamque
739 1193 898 1247 alieni
919 1192 1291 1261 cupiditatem,
1318 1189 1570 1243 damnata
1622 1188 1741 1242 fuit.
1777 1187 1915 1240 Alibi
1939 1202 2063 1240 rur-

487 1301 626 1348 sum,
653 1285 791 1338 mala
819 1285 919 1337 hoc
942 1282 1120 1337 scabie
1148 1296 1210 1335 ac
1237 1281 1410 1348 spissa
1437 1280 1582 1349 lepra
1626 1278 1955 1332 vindicatum
1982 1278 2064 1332 di-

490 1377 616 1431 dici.
646 1375 707 1428 Et
737 1374 890 1444 juxta
920 1387 1130 1426 mecum
1162 1370 1252 1425 hic
1285 1370 1591 1434 recordare,
1618 1368 1862 1437 quisquis
1884 1368 2056 1423 histo-

489 1467 624 1520 riam
653 1479 824 1528 amas,
864 1478 927 1517 ac
966 1462 1128 1517 Elisei
1166 1460 1424 1530 praeclara
1452 1460 1586 1514 facta
1618 1460 1847 1514 libenter
1872 1460 2022 1515 audis
2044 1501 2058 1525 ,

490 1555 942 1627 quemadmodum
994 1552 1234 1606 Naaman
1290 1552 1380 1606 ille
1428 1549 1630 1621 Syrus,
1685 1558 1970 1619 postquam
2008 1549 2060 1603 in

2158 461 2364 515 ἐκείνου
2412 461 2656 534 βασιλείᾳ
2698 465 3100 535 προσήκοντος;
3131 466 3242 520 Καὶ
3272 465 3360 518 διά
3396 463 3574 521 τοῦτο.
3607 468 3730 530 τοὺς

2159 549 2469 621 ἀλλοτρίους
2524 552 2624 604 οὐκ
2670 553 2849 621 ἀφεὶς,
2897 555 3021 617 τοὺς
3066 554 3226 618 ἰδίους
3266 553 3564 608 ἀπώλεσενσ
3609 556 3734 620 τοὺς

2162 643 2261 712 μὲν
2287 645 2344 696 ἐν
2374 644 2557 715 πληγῇ
2592 644 2700 697 τῶν
2733 647 3110 716 πρωτοτόκων
3148 647 3272 709 τοὺς
3304 647 3385 710 δὲ,
3426 649 3483 701 ὲν
3513 650 3579 719 τῇ
3614 647 3737 701 διῶ-

2161 734 2240 798 ξει
2276 737 2341 805 τῇ
2368 734 2509 789 κατὰ
2541 734 2834 791 θάλασσαν.
2874 738 3095 809 ’Δφίημι
3126 738 3231 807 γὰρ
3260 740 3535 810 ποταμοὺς
3560 742 3641 802 εἰς
3661 735 3741 793 αἶ·

2163 843 2241 897 μα
2299 827 2550 898 ῥυέντας,
2608 829 2701 881 καὶ
2749 829 3035 898 βατράχων
3091 828 3321 882 ἄπλετον
3366 830 3598 897 γένεσιν,
3644 831 3741 882 καὶ

2163 918 2391 990 βρούχου
2424 920 2623 992 λύμην,
2656 921 2750 973 καὶ
2779 921 3119 991 φλυκταινῶν
3156 922 3461 994 ὲξάνθησιν,
3501 923 3595 976 καί
3631 922 3742 976 τῶν

2160 1011 2499 1081 τετραπόδων
2531 1012 2621 1065 τὸν
2646 1012 2893 1077 θάνατον,
2925 1013 3019 1065 καὶ
3049 1014 3226 1066 πᾶσαν
3266 1014 3364 1083 τὴν
3403 1014 3646 1067 κάκωσιν
3673 1014 3743 1085 ἢν

2160 1099 2433 1168 Αἴγυπτος
2480 1100 2839 1172 κατεδικάσθη
2893 1099 2982 1153 διὰ
3020 1101 3119 1173 τὴν
3168 1101 3477 1166 πλεονεξίαν
3514 1102 3608 1155 τοῦ
3645 1104 3748 1174 ἄρ-

2161 1207 2365 1260 χοντος.
2412 1189 2668 1260 Ἀλλαχοῦ
2697 1190 2856 1243 πάλιν
2889 1190 3039 1255 τέλος
3067 1192 3164 1263 τῆς
3192 1193 3461 1262 ἁμαρτίας
3499 1194 3747 1263 κατέμα-

2164 1281 2274 1345 θον,
2306 1279 2512 1351 λέπραν
2539 1281 2731 1352 ἀθρόον
2764 1281 2841 1353 τῷ
2870 1282 3167 1355 πλεονέκτῃ
3200 1285 3597 1356 περιχυθεῖσαν.
3627 1285 3746 1340 Καί

2166 1389 2255 1443 μοι
2305 1373 2886 1445 συνδιαμνημόνευσον,
2928 1375 2983 1428 εἰ
3015 1393 3097 1437 τις
3140 1376 3450 1449 φιλοῖστωρ,
3498 1378 3589 1432 καί¹
3632 1378 3747 1431 τῶν

2163 1463 2601 1533 κατορθωμάτων
2641 1464 2944 1519 Ἐλισσαίου
2978 1467 3251 1537 φιλήκοος,
3279 1469 3426 1532 ὅπως
3458 1469 3554 1539 μὲν
3581 1472 3608 1522 ὁ
3641 1470 3748 1523 Σύ-

2166 1569 2259 1623 ρος
2294 1553 2544 1623 Νεαιμάν
2578 1554 2909 1626 ἐκαθαρίσθη
2940 1555 3039 1626 τῆς
3076 1556 3303 1627 λέπρας,
3337 1560 3394 1611 ἐν
3426 1558 3503 1630 τῷ
3540 1561 3747 1632 Ἰορδά-

486 1646 718 1704 Jordane
741 1645 981 1711 lavisset,
1018 1660 1045 1698 a
1081 1643 1228 1713 lepra
1261 1642 1423 1697 fuerit
1451 1642 1710 1697 liberatus
1736 1642 1814 1694 δέ
1849 1649 2063 1695 contra—

2167 1656 2233 1714 νῃ
2257 1642 2611 1713 λουσάμενοςο
2645 1646 2792 1710 ὅπως
2819 1646 2875 1700 δὲ
2921 1647 3181 1717 μετῆλθεν
3207 1648 3266 1701 τὸ
3306 1649 3475 1713 πάθος
3513 1652 3591 1713 εἰς
3624 1651 3750 1705 Γιε-

490 1756 595 1810 que
656 1755 719 1794 ea
779 1746 1064 1806 correptus
1122 1751 1251 1806 puer
1286 1734 1472 1800 Giezi,
1508 1749 1703 1788 avarus
1757 1733 2066 1787 adolescens

2169 1710 2251 1796 ζεῖ
2271 1734 2331 1787 τὸ
2363 1710 2667 1806 παιδάριον,
2699 1710 2976 1791 νεανίσκον
3007 1710 3333 1811 πλεονέκτην
3363 1710 3748 1810 καίνάφιλόσο-

490 1848 589 1888 nec
615 1832 885 1887 studiosus
905 1872 920 1897 ,
950 1830 1040 1899 qui
1073 1828 1373 1898 Spiritalem
1418 1827 1646 1895 gratiam
1675 1824 2069 1894 gratuitamque

491 1920 726 1975 doctoris
756 1919 1015 1973 medelam
1076 1918 1245 1987 pretio
1284 1918 1597 1971 ventitarat.
1647 1914 1787 1981 Quid
1837 1913 2063 1967 Ahsalo—

492 2022 636 2072 nem,
662 2007 929 2060 mitissimi
966 2008 1135 2076 patris
1182 2007 1413 2061 ferocem
1466 2006 1836 2073 audacemque
1868 2002 2060 2061 ﬁlium.

492 2103 557 2154 ad
572 2099 915 2169 parricidium
931 2099 1109 2167 adegit
1129 2097 1215 2150 “1'
1242 2096 1425 2152 Nonne
1448 2095 1827 2165 intempestiva
1858 2107 2069 2147 succes-

492 2191 662 2245 sionis
701 2190 880 2255 regim,
913 2189 1197 2255 alienaque
1221 2189 1505 2241 invadendi
1541 2202 1604 2241 ac
1651 2184 1936 2253 diripiendi
1967 2198 2066 2237 cu—

495 2281 730 2351 piditas?
766 2280 901 2346 Quid
939 2278 1129 2333 Judam
1182 2294 1212 2334 e
1250 2279 1494 2346 catalogo
1547 2276 1942 2345 discipulorum
1968 2288 2067 2328 ex—

492 2371 706 2439 punxit,
753 2384 926 2436 exque
984 2369 1227 2437 apostolo
1290 2371 1617 2436 proditorem
1676 2365 1835 2419 fecit?
1884 2362 2070 2417 Nonne

500 2478 622 2517 cum
656 2462 1022 2532 gazophylacii
1048 2461 1209 2515 inﬁda
1243 2458 1660 2520 administratio,
1695 2464 1805 2509 tum
1837 2454 2068 2526 pretium

494 2554 713 2619 infame,
746 2564 800 2607 et
829 2553 1170 2607 denariorum
1210 2553 1411 2619 aliquot
1448 2550 1833 2619 propudiosum
1880 2557 2070 2602 aucto-

495 2656 793 2701 ramentum
837 2644 920 2697 "?
959 2645 1183 2697 Ananize
1212 2643 1442 2710 denique
1472 2650 1526 2695 et
1578 2638 1857 2710 Sapphirte
1903 2638 2072 2691 tristis

495 2737 634 2790 unde
671 2745 727 2789 et
773 2735 1007 2803 tragicus
1060 2735 1111 2787 in
1167 2733 1313 2786 Actis
1358 2730 1721 2800 apostolorum
1773 2728 1951 2783 exitus
1982 2729 2071 2783 ιιι

497 2827 684 2881 Nonne
708 2827 832 2894 quia
877 2839 1097 2878 suarum
1148 2838 1206 2876 se
1237 2823 1378 2878 furto
1414 2838 1614 2887 rerutn,
1647 2836 1708 2874 ac
1731 2820 2068 2889 propriorum

495 2917 837 2970 denariorum
881 2913 1164 2983 sacrilegio
1192 2911 1690 2966 contaminassent?
1734 2910 1953 2964 Deﬁciet
1987 2924 2071 2961 me

408 3029 419 3041 ’
496 3009 630 3068 dies.
665 3008 710 3061 si
747 3005 1023 3061 ministros
1049 3014 1104 3058 et
1135 3004 1399 3072 mancipia
1434 3002 1677 3055 avaritia:
1726 3001 2070 3055 dinumerare

496 3115 735 3170 pergam.
774 3096 934 3151 Missa
976 3098 1157 3166 itaque
1204 3095 1369 3149 veteri
1419 3092 1662 3155 historia,
1698 3092 2068 3161 quotidianam

496 3190 620 3243 vita:
642 3186 1025 3257 experientiam
1064 3185 1477 3253 interrogemus,
1510 3182 1809 3251 cujusmodi
1856 3180 1967 3234 fera
1998 3182 2070 3235 sit

498 3279 721 3333 avaritia
746 3317 761 3341 ,
794 3292 857 3331 ac
892 3291 1050 3345 quam
1102 3289 1259 3344 aegre,
1291 3290 1428 3343 quos
1478 3272 1642 3326 semel
1705 3272 2068 3340 prehenderit,

496 3367 635 3422 elabi
663 3366 840 3431 sinat;
865 3376 925 3418 ut
949 3375 1137 3433 vegeta
1158 3378 1371 3432 semper
1391 3373 1551 3432 atque
1580 3363 1772 3425 valida,
1798 3377 2069 3429 nunquam

497 3456 809 3511 debilitetur
835 3470 898 3509 ac
929 3455 1181 3519 dcticiat;
1216 3456 1311 3508 sed
1329 3470 1449 3507 cum
1478 3454 1563 3517 iis,
1598 3467 1734 3523 quos
1767 3453 1865 3506 sibi
1893 3452 2073 3520 suhjc-

498 3548 655 3613 cerit,
680 3554 1035 3600 consenescat
1066 3556 1227 3614 atque
1265 3553 1544 3614 perennet.
2050 3542 2055 3547 ’

570 3636 910 3691 Libidinosns
958 3651 1021 3689 ac
1052 3650 1338 3704 corporum
1376 3644 1589 3687 amator
1640 3634 1853 3687 tametsi
1912 3633 2071 3702 longo

499 3730 781 3784 insanierit
813 3740 1054 3796 tempore
1102 3710 1432 3795 voluptatum
1485 3738 1632 3781 ostro
1679 3727 1938 3797 percitus,
1982 3725 2070 3779 ubi

501 3829 680 3874 tamen
706 3818 789 3872 vel
822 3819 937 3887 ipse
979 3816 1183 3872 seniles
1232 3816 1408 3886 attigit
1450 3832 1639 3881 annos,
1686 3816 1769 3870 vel
1800 3831 1956 3885 quam
1983 3817 2073 3869 de-

404 3918 423 3927 ‘
498 3910 678 3980 periit,
710 3909 976 3963 exoletam
1008 3922 1072 3963 ac
1121 3904 1271 3961 ﬁoris
1303 3908 1556 3962 exstincti
1589 3907 1754 3971 videt,
1797 3906 2071 3962 remissio-

499 4014 619 4053 nem
650 4001 860 4053 tandem
914 3998 1186 4068 ﬁnemque
1235 4000 1404 4053 morbi
1454 3999 1676 4052 invenit.
1734 3997 1985 4061 Gulosus,
2017 4006 2071 4050 et

463 4100 468 4107 '
498 4092 614 4162 ipse
640 4106 668 4146 a
699 4091 902 4145 ventris
923 4090 1289 4160 voluptatibus
1321 4091 1542 4155 recedit,
1569 4092 1684 4145 sive
1724 4090 2068 4161 quandojam

498 4197 620 4237 eum
651 4183 876 4237 satietas
902 4180 1068 4249 cepit,
1095 4181 1211 4234 sive
1256 4196 1377 4234 cum
1402 4183 1737 4246 stomachus,
1778 4196 1841 4234 ac
1890 4193 2070 4248 partes

498 4271 623 4334 illm,
669 4271 864 4340 quibus
895 4271 977 4325 vis
1022 4286 1084 4324 ac
1128 4284 1321 4324 munus
1365 4270 1734 4345 concoquendi
1784 4268 2064 4331 incumbit,

2166 1839 2284 1889 φον,
2355 1824 2722 1893 πνευματικὸν
2787 1824 3114 1897 πωλήσαντα
3165 1827 3428 1898 χάρισμα,
3489 1828 3583 1880 καὶ
3643 1827 3747 1895 τὴν

2166 1911 2394 1982 ἄμισθον
2438 1914 2676 1985 ἰατρείαν
2705 1913 2798 1967 τοῦ
2827 1914 3166 1969 διδασκάλου.
3205 1915 3373 1968 Πόθεν
3409 1917 3438 1968 ὁ
3482 1916 3749 1971 Ἀϐεσσα-

2166 2002 2285 2073 λὼμ
2346 2004 2680 2075 πατραλοίας
2751 2005 2997 2073 ἐγένετο,
3055 2007 3084 2058 ὁ
3136 2004 3230 2058 τοῦ
3302 2006 3476 2077 πράου
3538 2008 3749 2079 πατρὸς

2168 2095 2513 2165 φλεγμαίνων
2553 2097 2646 2149 καὶ
2686 2095 2893 2167 θρασὺς
2947 2096 3264 2159 νεανίσκος;
3312 2098 3373 2150 οὐ
3402 2098 3506 2168 πρὸ
3547 2098 3749 2167 καιροῦ

2167 2183 2409 2255 ζητήσας
2462 2185 2560 2255 τεὴν
2596 2185 2961 2256 κληρονομίαν
2997 2186 3097 2255 τῆς
3149 2186 3440 2256 βασιλείας,
3484 2188 3751 2259 ἐπιπηδή-

2170 2293 2264 2339 σας
2294 2277 2349 2329 δὲ
2371 2279 2481 2339 τοῖς
2513 2276 2831 2348 ἀλλοτρίοις,
2859 2278 2933 2341 ὡς
2967 2278 3179 2350 amni;
3210 2280 3313 2332 Τὸν
3346 2279 3535 2333 Ἰούδαν
3557 2279 3613 2331 δὲ
3637 2280 3751 2332 πά-

2167 2368 2270 2429 λιν,
2300 2368 2351 2421 τί
2379 2368 2473 2421 τοῦ
2501 2369 2800 2437 καταλόγου
2828 2369 2936 2422 τῶν
2963 2369 3220 2440 μαθητῶν
3247 2370 3519 2437 ἐξέϐαλεν,
3554 2372 3750 2441 ἐποίη-

2171 2474 2259 2509 σεν
2281 2458 2336 2510 δὲ
2365 2458 2625 2529 προδότην
2648 2460 2761 2512 ἀντ’
2784 2461 3113 2526 ἀποστόλου;
3157 2462 3218 2514 οὐ
3243 2463 3302 2514 τὸ
3325 2463 3745 2531 γαζοφυλάκιον,

2169 2547 2383 2621 πρῶτον
2428 2549 2937 2621 ῥᾳδιουργούμενον,
2968 2548 3142 2624 εἷταή
3178 2555 3368 2623 κτῆσις
3406 2558 3503 2625 τῆς
3546 2556 3747 2625 ἀτίμου

2169 2640 2367 2711 τιμῆς;
2405 2640 2651 2694 Ἀνανίαν
2687 2642 2779 2695 καὶ
2813 2643 3129 2714 Σάπφειραν
3167 2643 3256 2696 διὰ
3289 2643 3339 2695 τί
3372 2644 3749 2715 τραγῳδοῦσιν

2168 2730 2276 2784 τῶν
2308 2732 2620 2787 ἀποστόλων
2674 2734 2729 2786 αἰ
2773 2733 3039 2805 Πράξειςς
3072 2736 3189 2788 ,οὐκ
3235 2736 3421 2807 ἐπειδὴ
3462 2737 3567 2789 τῶν
3596 2737 3749 2790 ἰδίων

2169 2823 2415 2891 ἐγένοντο
2440 2826 2688 2890 κλέπται,
2719 2827 2811 2879 καὶ
2844 2825 2950 2879 τῶν
2976 2827 3188 2880 οἰκείων
3223 2828 3582 2899 ἀναθημάτων
3607 2829 3751 2900 ἱερό-

2172 2915 2359 2982 συλοι;
2406 2917 2706 2987 Ἐπιλείψει
2753 2934 2820 2988 με
2869 2917 3008 2988 τάχα
3043 2919 3136 2971 καὶ
3180 2920 3212 2988 ἡ
3253 2921 3433 2991 ἡμέρα
3470 2920 3594 2983 τοὺς
3645 2920 3752 2989 τῆς

2173 3004 2483 3071 πλεονεξίας
2533 3007 2813 3079 ὑπηρέτας
2856 3008 3352 3080 ἀπαριθμούμενον.
3397 3011 3649 3078 Ἀφέντες
3692 3010 3753 3063 δὲ

2170 3095 2266 3166 τὴν
2309 3097 2547 3151 παλαιὰν
2602 3099 2863 3172 ἱστορίαν,
2889 3100 2986 3170 τὴν
3034 3102 3228 3171 πεῖραν
3264 3101 3603 3172 ἐξετάσωμεν
3649 3101 3754 3172 τὴν

2170 3188 2681 3259 παρακολουθοῦσαν
2699 3190 2776 3260 τῷ
2805 3190 2923 3260 βίῳ·
2938 3187 3049 3243 οἷον
3075 3188 3213 3245 οἶδεν
3230 3192 3415 3264 θηρίον
3434 3194 3534 3264 τὴν
3558 3192 3754 3246 πλεον-

2170 3276 2337 3343 εξίαν,
2385 3280 2479 3333 καὶ
2538 3274 2612 3334 ὧν
2670 3280 2737 3334 ἂν
2796 3281 3023 3352 λάϐηται
3066 3284 3533 3338 δυσαπάλλακτον·
3568 3284 3755 3354 ἀκμά-

2171 3368 2261 3434 ζον
2302 3370 2388 3423 ἀεὶ
2420 3373 2514 3424 καὶ
2543 3372 2603 3425 οὑ
2649 3373 3064 3443 μαραινόμενον·
3107 3377 3490 3447 συγγηράσκον
3539 3376 3595 3429 δὲ
3638 3378 3754 3439 τοῖς

2172 3459 2377 3527 ἀλοῦσι,
2411 3462 2505 3514 καὶ
2529 3463 2608 3525 εἰς
2633 3462 2783 3526 τέλος
2808 3463 2984 3515 συνόν.

2254 3635 2312 3687 '0
2343 3634 2539 3701 λάγνος
2581 3637 2674 3688 καί
2716 3637 2982 3707 σωμάτων
3041 3637 3293 3707 ἐραστὴς,
3334 3638 3435 3692 κᾶν
3479 3640 3569 3692 ἐπὶ
3608 3640 3751 3694 πολὺ

2171 3728 2291 3788 ταῖς
2337 3724 2654 3795 ἐπιθυμίαις
2686 3726 2950 3801 λυσσήσῃ,
2992 3728 3023 3793 ἢ
3065 3729 3227 3791 αὐτὸς
3266 3730 3346 3792 εἰς
3376 3730 3752 3802 πρεσϐυτικὴν

2171 3814 2388 3884 ἡλικίαν
2417 3812 2601 3867 ἐλθὼν.
2651 3814 2683 3885 ἢ
2721 3814 2778 3867 τὸ
2817 3814 3147 3883 ποθούμενον
3191 3814 3452 3885 ἑωρακὼς
3500 3816 3754 3869 παλαιω-

2171 3904 2281 3966 θὲν,
2310 3904 2406 3957 καὶ
2441 3904 2502 3957 τὸ
2533 3904 2691 3969 ἄνθος
2716 3904 3007 3968 ἁποϐαλὺν,
3036 3906 3222 3959 στάσιν
3251 3908 3495 3977 εὑρίσκει
3529 3908 3628 3978 τῆς
3661 3908 3753 3960 νό-

2173 4014 2288 4052 σου.
2323 3998 2383 4051 Ὀ
2412 3999 2820 4069 γαστρίμαργος
2858 4000 3129 4069 ἀναχωρεῖ
3165 3999 3257 4052 καὶ
3303 3999 3464 4061 αὐτὸς
3498 3999 3596 4069 τῆς
3627 4001 3754 4068 φιλ·

2169 4089 2406 4157 ηδονίας,
2441 4090 2472 4159 ἢ
2508 4089 2600 4143 τοῦ
2637 4091 2795 4159 κόρου
2825 4088 3225 4159 πληρώσαντος,
3259 4089 3292 4160 ἢ
3331 4089 3439 4142 τῶν
3463 4089 3753 4142 πεπτιγῶν

2175 4179 2376 4250 μορίων
2409 4180 2840 4249 ἀσθενησάντων,
2875 4181 2968 4233 καὶ
2996 4182 3316 4234 παυσάντων
3355 4183 3453 4253 τὴν
3494 4183 3754 4235 ἐπιτεταο

2174 4269 2340 4340 μένην
2378 4269 2575 4341 δρεξιν.
2626 4271 2681 4321 ’0
2713 4269 2982 4337 φιλόδοξος
3013 4269 3231 4334 πολλαῖς
3261 4273 3616 4343 ὲγκομπάσας
3653 4290 3752 4325 πε-

498 4363 879 4418 imbecilliores
916 4363 1091 4426 factm,
1122 4361 1358 4416 hiantem
1407 4362 1550 4414 illam
1592 4360 1948 4434 appetentiazu
1980 4374 2066 4413 se-

2176 4362 2493 4430 ριφανείαις,
2530 4358 2622 4412 τοῦ
2659 4362 2923 4431 φανητιᾷν
2960 4362 3241 4434 ἀπολήγει.
3277 4363 3339 4415 Ἦ
3364 4364 3419 4416 δὲ
3433 4364 3534 4433 τῆς
3556 4363 3753 4416 πλεονο

497 4453 713 4507 darunt.
737 4451 1090 4515 Ambitiosus,
1127 4450 1217 4503 ubi
1249 4450 1431 4503 multis
1456 4449 1839 4516 Splendoribus
1857 4449 2066 4515 magni-

498 4546 601 4601 ﬁce
626 4543 849 4613 gloriam
890 4544 1096 4608 habuit,
1126 4543 1357 4613 spectari
1414 4543 1626 4595 tandem
1671 4540 1829 4605 velle,
1857 4555 1917 4594 ac
1952 4540 2059 4592 ina-

502 4653 599 4694 nes
622 4638 754 4691 dare
783 4637 1003 4707 glorias,
1037 4637 1255 4693 desinit.
1297 4634 1495 4690 Verum
1542 4634 1786 4688 avaritiae
1815 4632 2064 4695 morbus,

495 4727 757 4797 ejusmodi
794 4728 989 4781 malum
1014 4735 1118 4793 est,
1149 4736 1206 4781 ut
1228 4726 1313 4780 vix
1338 4741 1572 4795 unquam
1603 4740 1667 4778 eo
1692 4724 1910 4778 liberari
1943 4737 2068 4793 pos-

497 4821 592 4876 sis.
611 4821 688 4873 Ac
712 4820 852 4874 sicut
878 4829 1134 4889 perpetuo
1156 4818 1343 4872 vivens
1367 4826 1528 4885 atque
1564 4815 1819 4870 frondens
1865 4815 2065 4868 hedera

496 4911 958 4980 adsitasirrepens
973 4910 1197 4964 arbores
1222 4908 1395 4962 valide
1418 4906 1865 4962 circumvolvitur
1889 4905 2069 4959 adhae-

499 5013 714 5071 retque,
750 5017 814 5056 ac
842 5017 907 5055 ne
939 5001 1105 5055 ramis
1141 5000 1358 5067 quidem
1396 4999 1772 5053 fatisceutibus
1808 5006 1899 5048 aut
1941 5009 2065 5049 are-

497 5092 652 5149 factis
702 5093 925 5157 recedit,
974 5092 1077 5146 nisi
1124 5092 1245 5160 quis
1279 5090 1449 5145 ilexus
1500 5092 1631 5146 istos
1661 5098 1717 5143 et
1769 5088 2067 5158 anguineos

497 5184 649 5253 quasi
700 5199 880 5254 gyros,
934 5183 1077 5237 ferro
1119 5194 1311 5239 secet:
1359 5183 1430 5236 ita
1482 5197 1579 5236 nec
1623 5182 1768 5233 avari
1802 5189 2064 5243 mentem,

497 5274 612 5327 sive
646 5275 732 5327 hic
768 5276 980 5342 juvenis
1005 5277 1097 5341 sit,
1129 5276 1243 5329 sive
1281 5290 1469 5340 senex,
1498 5274 1551 5327 in
1579 5273 1878 5327 libertatem
1914 5270 2072 5325 facile

497 5363 805 5427 vindicaris,
856 5367 956 5420 nisi
1016 5368 1199 5420 sobrio
1237 5366 1595 5435 prudentique
1647 5363 1875 5419 consilio
1923 5361 2068 5416 velut

498 5456 761 5510 machaera
790 5457 1031 5511 morbum
1065 5456 1363 5512 discidcris.

563 5657 686 5715 “1V
714 5659 841 5732 Reg.
872 5676 922 5726 v,
959 5662 1023 5715 Η
1046 5676 1189 5731 sqq.;
1227 5660 1353 5716 Luc.
1381 5675 1455 5728 tv,
1481 5659 1571 5714 27.
1638 5660 1680 5690 ⁸⁸
1706 5658 1744 5712 ll
1768 5660 1898 5729 Reg.
1934 5675 2017 5722 xv,
2048 5666 2070 5712 t
2112 5672 2233 5727 sqq.

2171 4449 2318 4516 εξίας
2346 4449 2519 4512 νόσος,
2576 4449 2741 4503 κακόν
2777 4451 2892 4501 ἐστι
2923 4450 3380 4504 δυσαπάλλακτον.
3408 4452 3518 4505 Καὶ
3554 4450 3751 4521 ὥσπερ

2169 4544 2197 4595 ό
2226 4542 2411 4603 κισσὸς
2443 4533 2618 4603 οὗτος,
2658 4539 2718 4592 τὺ
2745 4540 2969 4604 εὐθαλὲς
2996 4542 3159 4609 φυτὸν
3194 4542 3287 4594 καί⁵
3321 4541 3621 4610 ἀείφυλλον,
3650 4542 3751 4593 ἐπὶ

2169 4630 2236 4685 τά
2279 4630 2711 4702 παραπεφυκότα
2763 4631 2869 4683 τῶν
2902 4630 3134 4702 δένδρων
3179 4633 3450 4703 ἀνέρπων,
3506 4633 3752 4701 ἰσχυρῶς

2168 4723 2563 4795 περιελίττεται
2602 4726 2714 4785 τοίς
2753 4723 2949 4790 ξύλοις,
2989 4716 3179 4793 ὧνπερ
3226 4724 3291 4777 ἂν
3321 4723 3596 4793 δράξηταγ
3646 4728 3753 4778 καὶ

2166 4812 2290 4866 οὔτε
2323 4814 2688 4878 πεπονθότων,
2713 4814 2833 4867 οὔτε
2863 4815 3233 4886 ξηρανθέντων
3263 4817 3547 4887 ἀναχωρεῖν
3581 4817 3630 4867 εί
3667 4818 3751 4886 μή

2165 4923 2250 4969 τις
2288 4904 2451 4959 αὐτοῦ
2481 4906 2699 4978 σιδήρῳ,
2719 4905 2970 4977 καθάπερ
3002 4906 3313 4977 δράκοντος,
3357 4906 3587 4977 διατέμῃ
3615 4907 3751 4970 τοὺς

2168 4997 2449 5069 ὲλιγμούς.
2500 4998 2685 5061 Οὕτως
2732 4998 2851 5051 οὐδὲ
2890 4999 3130 5052 τοιούτου
3170 4999 3346 5069 ψυχὴν
3380 4997 3749 5069 ἐλευθερῶσαι

2168 5091 2348 5163 ῥᾴδιον
2372 5130 2386 5151 ,
2458 5090 2567 5143 εἴτε
2647 5091 2928 5155 νεάζοντος
2980 5091 3076 5144 τοῦ
3141 5090 3420 5160 σώματος,
3480 5091 3587 5143 εἴτε
3648 5092 3750 5143 καὶ

2167 5182 2667 5254 ὑπομαρανθέντος,
2704 5182 2799 5235 ἐὰν
2834 5185 2908 5255 μή
2938 5201 3020 5247 τις
3055 5183 3318 5254 νηφαλέος
3356 5181 3612 5257 λογισμὸς
3646 5182 3747 5233 επ-

2168 5273 2357 5337 ελθὼν,
2384 5274 2460 5337 ὼς
2495 5274 2733 5344 μάχαιρα
2756 5273 2991 5346 διακόψῃ
3015 5273 3113 5345 τὴν
3140 5273 3312 5326 νόσον.
3370 5268 3377 5274 ’

2316 5657 2359 5688 ⁸⁷
2388 5654 2540 5711 .loan.
2572 5670 2664 5717 xu,
2691 5653 2741 5709 6.
2822 5654 2866 5687 ⁸⁸
2888 5652 3010 5711 Act.
3042 5667 3094 5721 v,
3124 5652 3146 5706 1
3182 5666 3303 5721 sqq.
