4048 6194
271 282 372 339 τοι

1314 279 1595 336 ιιοδιιιιΑ
1631 276 1714 333 Ill.
1759 278 2124 338 ADVERSUS
2162 278 2560 336 AVARITIAM.

3432 277 3543 333 202

342 405 473 466 Τοῖς
515 403 740 466 οἰκείοις
790 404 821 453 ὀ
869 402 1361 473 πλεονέκτηςὲστὶν
1398 401 1591 473 ἀηδὴς,
1628 402 1868 465 οἰκέταις

2045 405 2256 459 Avarus
2306 403 2622 473 propinquis
2655 411 2741 456 est
2771 401 2992 457 odiosus
3018 443 3033 468 ,
3077 400 3293 457 famulis
3316 403 3502 472 gravis
3523 439 3541 465 ,

271 496 476 566 βαρὺς.
502 494 682 562 φίλοις
718 495 1013 565 ἄχρηστος,
1047 492 1217 557 ξένοις
1246 492 1655 556 δυσέντευκτος.
1689 493 1868 560 γείτο⁴

271 604 364 639 σιν
417 584 679 656 ὀχληρὸς,
725 584 943 652 γυναικὶ
1004 583 1280 654 μοχθηρὸς
1332 581 1601 648 σύνοικος,
1662 582 1871 637 παίδων

275 676 554 745 φειδωλὸς
580 677 673 729 καὶ
706 662 1031 747 μικρολόγος
1058 675 1311 746 τροφεὺς,
1341 675 1534 729 ἑαυτοῦ
1559 675 1730 739 κακὸς
1752 675 1872 728 ἑπι-

278 767 521 837 στάτης,
556 765 764 835 νύκτωρ
808 762 1136 836 φροντίζων,
1170 763 1288 833 μεθ’
1326 762 1543 835 ἡμέραν
1581 779 1873 816 πεπυκνω-

285 859 477 927 μένος,
503 855 877 927 διαλεγόμενος
898 854 1080 924 ἑαυτῷ
1100 854 1242 908 κατά
1268 855 1394 919 τούς
1424 853 1808 925 ἑξεστηκὸτας,
1836 852 1870 923 ἢ

286 948 728 1021 παραφέροντας·
762 947 985 1002 πάντων
998 944 1418 1017 εὐθηνούμενος,
1447 946 1543 998 καὶ
1571 943 1773 998 στένων
1796 943 1871 1007 ὡς

288 1038 495 1109 ἐνδεής·
526 1037 629 1090 τῶν
660 1037 947 1107 παρόντων
973 1037 1077 1091 οὐκ
1097 1035 1410 1100 ἀπολαύων,
1436 1034 1532 1088 καὶ
1556 1035 1625 1089 τά
1661 1033 1872 1087 ἀπόντα

289 1132 493 1201 ζητέιν·
530 1133 636 1194 τοῖς
679 1130 834 1193 ἰδίοις
879 1131 942 1184 οὐ
980 1129 1341 1202 κεχρημένος,
1395 1125 1781 1197 ἑποφθαλμιῶν
1814 1125 1872 1178 δὲ

285 1228 405 1288 τοῖς
422 1223 737 1294 ἀλλοτρίοις.
768 1223 1081 1295 Πολύαρνον
1112 1221 1207 1276 τοῦ
1234 1220 1479 1275 τοιούτου
1510 1220 1574 1274 τὸ
1594 1219 1868 1290 ποίμνιον,

284 1314 502 1368 στενούν
533 1316 662 1378 τοὺς
696 1316 920 1387 σηκοὺς,
945 1315 1031 1384 ἐφ’
1056 1308 1132 1368 ὧν
1158 1312 1558 1367 κατακλείεται·
1595 1309 1871 1365 καλύπτον

275 1407 536 1470 πεδιάδας
591 1408 652 1460 ὲν
696 1402 787 1470 αἷς
822 1408 1072 1477 νέμεται.
1117 1405 1230 1460 Κᾶν
1271 1404 1538 1477 εὔσαρκον
1580 1402 1719 1473 ὀφθῇ
1772 1398 1868 1453 τοῦ

270 1499 575 1571 προσοίκου
608 1498 904 1570 πρόϐατον,
943 1500 1102 1569 ἀφεὶς
1123 1499 1222 1569 τὴν
1261 1498 1398 1551 ἰδίαν
1430 1495 1656 1566 ἀγέλην,
1687 1492 1766 1564 τῷ
1789 1493 1871 1545 ἐνὶ

269 1591 371 1643 καὶ
418 1589 696 1661 ἀλλοτρίῳ
738 1592 807 1659 τῇ
861 1586 1127 1658 ἐπιθυμίᾳ.
1167 1585 1569 1659 προσκάθηται.
1616 1583 1690 1637 Τὸ
1740 1581 1871 1636 αὐτὸ

268 1680 368 1733 ἐπὶ
414 1680 528 1733 τῶν
566 1678 708 1750 βοῶν
727 1696 742 1710 ·
793 1678 994 1750 ὁμοίως
1040 1678 1133 1731 ἐπὶ
1169 1677 1277 1731 τῶν
1314 1678 1513 1732 ῖππων·
1547 1676 1649 1729 οὐκ
1694 1672 1869 1735 ἄλλως

269 1773 370 1825 ἐπὶ
401 1772 506 1842 τῆς
542 1771 671 1841 γῆς.
702 1771 889 1826 Πάντα
924 1771 1249 1841 στενοχωρεῖ
1282 1769 1381 1840 τὴν
1405 1769 1605 1830 οἰκίαν.
1644 1768 1736 1821 καὶ
1776 1768 1870 1819 οὐ-

267 1860 364 1915 δὲν
382 1862 448 1914 ὲν
485 1864 554 1932 τῇ
582 1862 792 1933 χρήσει.
817 1860 952 1915 Οὐδὲ
978 1860 1086 1931 γὰρ
1110 1859 1509 1914 ἀπολαυστικὸν
1536 1855 1648 1913 οἶόν
1683 1875 1744 1911 τε
1783 1852 1866 1910 εἷ-

268 1968 367 2007 ναι
396 1952 493 2006 τὴν
539 1952 834 2023 ἄπληστον·
864 1951 979 2006 ἀλλ’
1001 1951 1149 2005 ἔστιν
1174 1950 1338 2005 αὐτοῦ
1367 1950 1514 2004 οἰκία
1546 1949 1719 2018 τάφου
1760 1967 1866 2002 πα-

272 2045 589 2117 ραπλησία.
623 2045 756 2098 Ἰδοὺ
798 2046 908 2115 γὰρ
943 2046 994 2097 οί
1020 2046 1182 2114 τάφοι
1213 2042 1442 2114 γέμουσι
1478 2041 1738 2105 πολλάκις
1767 2043 1865 2113 ἀρα

270 2136 451 2207 γῦρον
489 2138 587 2189 καὶ
619 2136 845 2206 χρυσοῦ·
881 2136 998 2189 ἀλλ’
1026 2138 1081 2190 αἱ
1116 2135 1242 2189 ὐλαι
1265 2136 1392 2198 τούς
1420 2133 1738 2205 χρωμένους
1764 2134 1866 2187 οὐκ

272 2228 519 2299 ἔχουσιν.
540 2227 616 2281 'l'b
639 2228 801 2297 σῶμα
828 2228 889 2282 οὐ
915 2229 1193 2299 τρέφεται·
1226 2226 1404 2298 ψυχῆς
1423 2227 1523 2297 οὐχ
1553 2226 1865 2300 εὑρίσκεται

273 2321 493 2391 κέρδος.
525 2319 642 2373 υύκ
669 2320 887 2391 εὐθηνεῖ
912 2318 1022 2389 γάρ
1048 2320 1113 2373 ὲκ
1138 2317 1242 2389 τῆς
1273 2317 1455 2383 δεξιᾶς
1493 2319 1527 2389 ή
1565 2317 1865 2389 ἐλεημοσύ-

273 2429 368 2482 νη.
418 2412 486 2464 Τί
533 2412 593 2465 δὲ
632 2411 790 2475 ,τέλος
823 2409 918 2464 τοῦ
965 2410 1186 2482 μόχθου,
1244 2409 1507 2476 διδαξάτω
1548 2408 1616 2480 μέ
1648 2425 1734 2473 τις
1757 2407 1865 2461 τῶν

273 2505 459 2576 ταύτῃ
496 2504 950 2576 προειλημμένων
971 2505 1037 2574 τῇ
1060 2503 1219 2573 νόσῳ·
1249 2497 1368 2556 οἰδα
1381 2501 1438 2555 δὲ
1476 2500 1703 2564 πολλοὺς
1728 2499 1861 2567 ἐγὼ,

274 2596 560 2668 γνωρίσας
602 2595 697 2649 ἐπὶ
731 2596 832 2667 τῆς
871 2594 1086 2667 πείρας,
1117 2595 1194 2658 ὡς
1228 2594 1324 2648 καὶ
1357 2596 1416 2647 ὲν
1451 2594 1629 2658 νόσοις
1665 2591 1867 2665 μᾶλλον

271 2687 384 2758 τῆς
410 2687 599 2756 ὐγείας
625 2686 882 2756 ἀγαπῶσι
904 2686 974 2739 τὰ
1007 2688 1283 2759 χρήματα.
1322 2685 1445 2740 Κᾶν
1484 2685 1583 2757 μὲν
1619 2686 1649 2739 ὁ
1680 2682 1866 2755 ἰατρὸς

270 2778 367 2833 διά
396 2794 546 2841 τινος
570 2777 702 2849 ὕλης
730 2776 933 2831 εὐώνου
971 2778 1064 2831 τὸν
1096 2778 1194 2849 τῆς
1233 2776 1528 2848 θεραπείας
1564 2778 1864 2849 είσηγήση-

271 2888 366 2924 ται
396 2868 625 2941 τρόπον,
654 2866 766 2922 οἷον
786 2869 874 2923 διά
900 2869 1127 2931 σελίνου,
1164 2868 1196 2940 ἢ
1234 2868 1431 2940 θύμου,
1458 2868 1492 2939 ἢ
1529 2867 1755 2939 ἀνήθου,
1787 2861 1864 2922 ὧν

274 2965 313 3033 ἡ
352 2963 591 3036 εὐπορία
629 2964 923 3027 ἀδάπανος,
959 2962 1228 3027 εὐπειθῶς
1277 2962 1378 3033 τῆς
1411 2960 1719 3033 συμϐουλῆς
1761 2963 1865 3016 ὐπ-

274 3056 602 3119 ακούοντας·
655 3056 722 3110 ἂν
775 3056 832 3110 δέ
891 3073 1037 3120 τινος
1074 3056 1365 3129 φαρμάκου
1412 3055 1638 3128 γένηται
1674 3055 1863 3127 μνήμη

1973 494 2163 549 amicis
2223 494 2447 557 inutilis,
2489 496 2691 548 exteris
2739 493 2971 548 tliﬂlcilis
3013 509 3077 548 ac
3121 495 3207 547 vix
3277 493 3543 561 aﬂabilis,

1972 582 2168 637 vicinis
2195 582 2459 637 molestus
2486 623 2503 648 ,
2540 583 2693 636 uxori
2745 584 3082 653 importunus
3111 584 3544 652 contubernalis,

1971 670 2262 726 liberormn
2317 687 2509 741 parcus
2571 681 2732 743 atque
2792 674 3044 728 sordidus
3098 674 3404 742 educator,
3456 677 3539 731 sui

1973 760 2143 830 ipsius
2173 762 2344 817 malus
2369 772 2603 827 curator,
2641 765 2869 819 interdiu
2900 775 3169 835 noctuque
3195 767 3459 822 sollicitus
3478 782 3546 823 ac

1974 853 2405 922 cogitabundus,
2474 868 2660 909 secum
2699 856 2812 924 ipse
2865 856 3089 926 loquens
3142 872 3208 912 ac
3249 858 3536 921 disserens,

1973 958 2160 997 eorum
2190 945 2467 1014 more,qui
2490 947 2737 1000 sensilms
2757 948 2920 1002 emoti
2940 948 2993 1002 in
3012 948 3278 1003 insaniant
3309 949 3540 1018 prolapsi

1971 1040 2117 1088 sunt.
2157 1034 2289 1089 Cum
2320 1034 2570 1091 omnibus
2597 1037 2850 1100 abundet,
2878 1048 3132 1108 tanquam
3160 1041 3399 1094 omnium
3420 1056 3544 1112 ege-

1974 1141 2074 1181 nus
2093 1126 2415 1196 ingemiscit.
2449 1127 2564 1183 Non
2588 1128 2784 1183 fruitur
2810 1133 3190 1200 prazsentibus;
3222 1147 3283 1185 ea
3307 1149 3425 1202 qua:
3447 1134 3544 1189 ab-

1972 1229 2114 1284 sunt,
2143 1221 2303 1275 anxie
2326 1223 2573 1289 quazritat
2611 1239 2624 1285 ;
2661 1238 2765 1276 non
2804 1225 2974 1279 utitur
3017 1227 3148 1287 suis,
3200 1226 3389 1281 alienis
3413 1242 3543 1281 vero

1970 1306 2155 1375 adjicit
2175 1309 2410 1365 oculum.
2463 1310 2626 1367 Multa
2650 1313 2950 1368 confertqu
2982 1316 3184 1385 pecude
3212 1332 3428 1388 gregem
3452 1318 3544 1371 ba-

1970 1396 2079 1461 bet,
2126 1406 2183 1450 ut
2219 1398 2306 1452 vix
2350 1400 2558 1455 stabula
2605 1402 2857 1470 capiant,
2898 1405 3183 1474 campique
3236 1422 3298 1460 ac
3344 1422 3540 1477 pascua

1973 1495 2240 1555 tegantur.
2266 1489 2337 1543 At
2369 1495 2418 1545 si
2450 1491 2701 1562 pinguem
2747 1508 2811 1548 ac
2844 1494 2981 1549 bene
3012 1496 3249 1552 habitam
3280 1512 3434 1553 ovem
3461 1499 3542 1551 vi-

1970 1577 2074 1632 cini
2102 1581 2398 1649 aspexerit,
2429 1583 2607 1641 misso
2630 1586 2845 1655 proprio
2869 1601 3051 1656 grege,
3081 1586 3135 1641 in
3189 1604 3347 1642 unam
3398 1588 3542 1644 illam

1972 1684 2035 1724 ac
2069 1670 2300 1726 alienam
2342 1673 2637 1742 cupiditate
2670 1675 2858 1731 fertur.
2901 1679 3077 1747 Atque
3116 1678 3188 1733 ita
3231 1695 3446 1749 quoque
3477 1681 3545 1736 de

1902 1763 1943 1817 Β
1974 1759 2171 1825 bobus,
2217 1762 2392 1831 equis,
2445 1765 2609 1833 agris.
2659 1764 2910 1821 Omnium
2966 1768 3116 1837 copia
3171 1785 3351 1825 rermn
3399 1771 3545 1826 ardes

1973 1861 2307 1920 coangustat,
2333 1869 2430 1909 nec
2460 1861 2543 1910 est
2564 1855 2705 1912 ullus
2732 1872 2879 1913 usus.
2897 1856 3109 1914 Nullum
3132 1860 3277 1915 enim
3308 1861 3539 1917 fructum

1972 1942 2262 2012 voluptatis
2289 1945 2567 2015 percipere
2585 1956 2778 2015 potest,
2802 1950 3045 2021 quisquis
3067 1962 3149 2007 est
3182 1953 3540 2009 insatiabilis:

1971 2042 2164 2101 estque
2210 2034 2401 2089 donms
2451 2037 2570 2105 ejus
2602 2039 2904 2095 conditorio
2936 2057 3002 2098 ac
3046 2044 3294 2113 sepulcro
3322 2046 3536 2100 similis.

1981 2120 2115 2174 Cum
2151 2124 2294 2176 enim
2324 2126 2573 2193 sepulcra
2617 2128 2756 2183 haud
2808 2145 2933 2185 raro
2974 2130 3126 2200 plena
3157 2134 3266 2188 sint
3301 2151 3435 2190 auro
3463 2146 3546 2190 at-

1972 2228 2077 2281 que
2103 2224 2367 2283 argento:
2411 2219 2501 2285 qui
2540 2227 2717 2274 tamen
2762 2220 2827 2276 iis
2866 2232 3067 2286 utatur,
3120 2227 3336 2281 exsistit
3363 2243 3540 2283 nemo.

1972 2305 2131 2359 Avari
2173 2321 2370 2375 torpus
2395 2323 2501 2363 nou
2530 2309 2713 2375 alitur,
2748 2312 2925 2367 anima
2967 2315 3099 2369 nihil
3125 2316 3386 2372 lncratur.
3426 2317 3541 2375 Non

1972 2399 2114 2452 enim
2141 2399 2485 2471 eleemosyna
2514 2417 2578 2457 ex
2606 2402 2721 2470 ejus
2749 2405 3015 2459 exuberat
3053 2406 3294 2463 dextera.
3342 2410 3543 2467 Doceat

1973 2503 2072 2546 nos
2098 2505 2285 2546 eorum
2320 2492 2538 2563 aliquis,
2578 2508 2716 2563 quos
2746 2495 2833 2550 bic
2863 2497 3081 2553 morbus
3114 2500 3320 2567 pridem
3364 2505 3540 2558 corri-

1972 2583 2110 2654 puit,
2140 2585 2388 2654 quisnam
2424 2586 2558 2641 tanti
2604 2583 2763 2654 hujus
2791 2587 2989 2643 laboris
3012 2603 3074 2644 ac
3099 2606 3351 2648 aerumna:
3379 2597 3450 2650 sit
3475 2599 3506 2650 li
3525 2627 3538 2636 -

1972 2676 2079 2732 nis.
2111 2676 2307 2734 Multos
2327 2679 2575 2748 equidem
2600 2680 2712 2753 ipse
2742 2682 2883 2740 facto
2911 2686 3147 2753 periculo
3177 2687 3318 2748 novi,
3346 2688 3439 2758 qui
3459 2689 3540 2744 vel

1972 2767 2168 2825 amicta
2195 2770 2448 2837 sanitate,
2487 2772 2599 2842 ipsa
2630 2775 2803 2830 salute
2832 2777 3112 2845 pecuniam
3154 2779 3323 2846 magis
3359 2791 3543 2835 ament

1971 2871 2136 2933 atque
2185 2863 2491 2932 :cstiment;
2529 2880 2652 2920 nam
2691 2866 2736 2921 si
2783 2866 2919 2922 forte
2952 2870 3192 2925 medicus
3246 2873 3540 2927 remedium

1972 2958 2053 3008 eis
2084 2953 2323 3023 parabile
2344 2968 2409 3010 ac
2435 2954 2585 3023 parvi
2611 2956 2768 3025 pretii
2797 2960 3130 3028 praescribat.
3158 2975 3222 3015 ex
3245 2963 3369 3031 apio
3393 2975 3540 3031 puta,

1972 3046 2057 3103 vel
2103 3046 2310 3119 thymo,
2359 3047 2441 3103 vel
2472 3051 2690 3113 anetbo,
2724 3065 2847 3120 quae
2902 3054 3107 3120 passim
3138 3055 3296 3109 obvia
3327 3066 3456 3112 sunt
3488 3068 3542 3111 et

273 3149 384 3204 τῶν
427 3148 517 3203 οἶα
562 3113 634 3203 τά
704 3148 927 3206 ποικίλα
974 3113 1504 3213 κάὶιπολυσύνθετα,
1532 3113 1650 3202 ’καὶ
1674 3113 1866 3202 ἰλόὲῖᾲ

1970 3152 2138 3207 parvo
2164 3148 2568 3205 comparantur,
2610 3139 2730 3193 sine
2782 3156 2928 3193 mora
2985 3143 3211 3198 consilio
3267 3147 3542 3217 obtempe-

274 3244 418 3316 πρὸς
465 3243 563 3296 τὸν
596 3241 1051 3313 φαρμακοπώλην
1083 3243 1117 3314 ἢ
1160 3241 1221 3295 τὸ
1280 3222 1653 3313 μυροπωλεῖον
1681 3240 1871 3294 κελευ-

270 3335 503 3398 σοῶσιν,
538 3334 734 3388 θᾶττον
757 3333 856 3404 τὴν
879 3332 1054 3404 ψυχὴν
1075 3333 1355 3403 ἀφιέντας,
1384 3332 1418 3402 ἢ
1449 3330 1676 3394 λύοντας
1697 3330 1759 3383 τὸ
1784 3329 1872 3401 βα-

275 3427 512 3481 λάντιον.
565 3426 750 3496 Γήινοι
798 3424 908 3496 γάρ
941 3424 1090 3487 ὅντες
1122 3423 1183 3477 τὸ
1213 3424 1488 3496 φρόνημα,
1533 3424 1634 3493 τὴν
1675 3423 1871 3491 κτῆσιν

271 3520 386 3571 τῶν
418 3518 630 3589 γηίνων
656 3516 797 3570 ὑλῶν
829 3516 1109 3587 νομίζουσι
1134 3516 1231 3586 τὴν
1264 3515 1432 3585 ζωήν.

274 3629 601 3670 crumenam
638 3613 871 3667 solvant.
906 3612 1113 3682 Quippe
1149 3622 1329 3666 mente
1390 3626 1454 3666 ac
1512 3608 1930 3679 cogitationibus

274 3714 533 3781 spiritum
552 3712 781 3765 ducunt.

345 3803 591 3868 Τούτους
640 3802 903 3856 λυποῦσιν
944 3802 1083 3871 ἄγαν
1125 3802 1217 3856 καὶ
1243 3803 1298 3854 αἱ
1336 3801 1514 3855 κοιναὶ
1549 3800 1862 3871 εὐπραγίαι·

269 3896 640 3967 εὐφραίνουσι
667 3895 725 3948 δὲ
764 3896 821 3948 αί
870 3895 1237 3963 περιστάσεις.
1268 3892 1529 3963 Εὐχονται
1565 3891 1659 3945 καὶ
1684 3892 1865 3963 φόρων

268 3988 625 4043 ἀνυποίστων
668 3988 859 4056 φοιτᾷν
889 3986 1261 4055 ἐπιτάγματα,
1305 3985 1391 4038 ἵνα
1425 3984 1606 4045 τόκοις
1631 3981 1863 4036 πλεονά-

272 4094 420 4133 σωσι
451 4079 515 4130 τὸ
542 4077 825 4150 ἀργύριον.
885 4076 1242 4147 Ἑπιθυμοῦσι
1293 4075 1510 4146 βλέπειν
1550 4075 1678 4137 τούς
1711 4071 1862 4144 παρὰ

268 4171 392 4223 τῶν
412 4169 707 4222 δανειστῶν
732 4168 1087 4238 ἀγχομένους,
1112 4169 1197 4221 ἵνα
1220 4168 1526 4238 κτήσωνται
1555 4165 1647 4218 τὸν
1670 4163 1859 4234 ἀγρὸν,

269 4262 309 4335 ἢ
338 4261 407 4313 τὸ
430 4261 645 4323 σκεῦος,
673 4260 789 4331 me
820 4260 976 4325 ζῶον.
1006 4261 1221 4325 εὐὼνως
1256 4263 1320 4314 ὲκ
1352 4260 1451 4330 τῆς
1489 4258 1734 4326 ἀνάγκης
1777 4258 1857 4326 ῥι-

273 4352 557 4421 πτόμενον
603 4351 847 4421 Συνεχῶς
884 4351 938 4404 δὲ
972 4352 1065 4405 καὶ
1096 4352 1229 4423 πρὸς
1257 4351 1348 4404 τὸν
1377 4349 1605 4421 οὐρανὸν
1631 4346 1857 4401 ἀναδλέ-
1894 4364 1936 4417 ι)

273 4459 447 4497 τουσι
477 4440 620 4493 κατά
654 4442 778 4504 τοὺς
814 4441 1137 4511 φιλοσόφους
1165 4443 1289 4504 τοὺς
1315 4441 1383 4494 τά
1419 4439 1668 4510 μετέωρα
1708 4453 1866 4507 φρον-

272 4534 555 4596 τίζοντας,
581 4533 684 4585 οὐκ
718 4533 943 4604 ἀστέρος
968 4531 1185 4602 ἐντολὴν
1207 4529 1513 4603 ζητοῦντες,
1542 4530 1661 4583 οὐδὲ
1684 4529 1768 4590 τίς
1789 4521 1866 4579 oi-

278 4641 382 4687 κος
422 4626 518 4676 ἕνα
561 4624 671 4676 τῶν
714 4623 1000 4694 πλανητῶν
1039 4624 1150 4694 ἔχει
1186 4620 1697 4694 περισκοπούμενοι·
1730 4618 1866 4671 ἀλλά

278 4718 383 4786 τὴν
412 4717 509 4770 τοῦ
541 4717 702 4788 ἀέρος
725 4715 1314 4786 πολυπραγμονοῦντες,
1334 4713 1688 4773 κατάστασιν,
1719 4712 1767 4763 εἰ
1796 4708 1866 4763 τά

282 4808 699 4879 προφαινόμενα
741 4810 943 4878 σημεῖα
981 4806 1204 4877 ὄμϐρων
1243 4804 1524 4876 ὲπιρῤοὴν,
1573 4803 1606 4871 ἦ
1654 4801 1865 4871 αὐχμὸν

279 4898 699 4966 ἐπαγγέλλεται.
756 4899 874 4950 Κᾶν
924 4896 1072 4949 ἴδωσί
1116 4913 1169 4949 τι
1206 4899 1319 4958 τοῖς
1347 4894 1560 4957 πολλοῖς
1602 4891 1861 4962 δυσχερὲς

278 4987 756 5061 προτδοκὼμενον,
803 4988 1183 5059 εὐφραίνονται
1221 4990 1285 5058 τῇ
1324 4976 1646 5040 τῶνάλλων
1680 4982 1862 5036 κακώ-

282 5097 388 5133 σει.
436 5080 622 5132 Πάντα
655 5080 978 5147 συνάγουσιν
1023 5080 1081 5131 ὲν
1122 5080 1235 5141 τοῖς
1277 5076 1566 5147 ταμιείοις,
1601 5073 1861 5144 ἀσφαλῶς

279 5172 809 5240 κστασημαίνοντες,
850 5171 944 5225 καὶ
979 5171 1183 5233 δισσοῖς
1226 5168 1494 5240 κλείθροις
1527 5165 1861 5234 κατασφαλί-

282 5263 488 5327 (astat,
526 5262 946 5333 διαμετροῦντες
989 5262 1240 5332 ἀλήκτως
1274 5260 1614 5329 ψηφίζουσιν.
1669 5258 1858 5327 ’Δσχο-

281 5352 547 5423 ὶουμένου
577 5354 633 5407 δὲ
665 5354 759 5406 τοῦ
787 5354 1111 5407 πλεονέκτου
1147 5354 1275 5423 περὶ
1300 5353 1397 5422 τὴν
1418 5350 1676 5421 τοιαύτην
1704 5348 1861 5403 ἑλπί-

282 5445 371 5507 δα,
412 5444 507 5495 καὶ
535 5443 672 5504 τέως
717 5442 851 5514 ὄναρ
890 5441 1247 5505 πλουτοῦντος
1298 5444 1355 5494 ὲν
1399 5444 1466 5511 τῇ
1518 5438 1863 5510 σκιαγραφίᾳ

285 5534 396 5588 τῶν
433 5535 672 5599 ἐννοιῶν,
706 5535 801 5589 ἐὰν
842 5535 1155 5604 ἐπιγένηται
1202 5534 1361 5604 νέφος
1410 5532 1567 5603 βαθὺ,
1614 5531 1862 5601 φοϐεῖται

284 5629 359 5689 ὡς
390 5628 769 5681 κινδυνεύσων.
803 5628 898 5678 Ἂν
924 5626 1156 5695 ψεκάδες
1189 5626 1287 5694 τὴν
1318 5625 1420 5696 γῆν
1448 5622 1860 5694 ὲπιρῤαίνωσιν,

290 5720 649 5791 ὕπτλακρὺειν
672 5719 913 5790 Ξρχεται·
943 5719 1009 5772 ἂν
1027 5719 1082 5771 δὲ
1114 5714 1219 5772 καῖ
1242 5718 1394 5782 ὑετὸς
1418 5716 1735 5785 ἐπιγένηται
1757 5716 1860 5785 ἁρ-

568 5817 835 5875 ιἈτιιοι..
867 5814 984 5873 Gn.
1022 5814 1147 5873 XL.

1966 3241 2120 3297 rant;
2152 3230 2198 3286 si
2232 3243 2361 3286 vero
2392 3231 2909 3286 medicamentorum
2952 3235 3217 3302 ejusmodi
3256 3236 3348 3290 flat
3380 3254 3532 3292 men-

1966 3326 2061 3390 tio,
2092 3339 2212 3394 qua:
2246 3324 2418 3388 varia,
2447 3339 2511 3378 ac
2555 3339 2619 3379 ex
2656 3324 2900 3393 pluribus
2950 3329 3244 3395 Composita
3276 3340 3424 3394 sunt,
3452 3331 3541 3400 ju-

1967 3416 2309 3485 beanturque
2342 3416 2425 3470 vel
2462 3415 2937 3485 pharmacopolam
2967 3418 3137 3485 adire,
3187 3420 3270 3475 vel
3317 3423 3386 3476 ab
3437 3438 3538 3476 un-

1968 3511 2253 3580 guentaria
2300 3520 2514 3581 petere,
2568 3510 2805 3565 animam
2853 3513 3033 3582 potius
3076 3515 3353 3579 exhalent,
3379 3532 3538 3584 quam

1972 3607 2196 3670 terreni,
2233 3615 2567 3661 terrenarum
2608 3621 2787 3661 rermu
2830 3609 3229 3677 possessionem
3280 3610 3443 3665 vitam
3476 3626 3541 3666 ae

2041 3789 2150 3845 llos
2173 3788 2308 3844 tales
2352 3789 2545 3843 mirum
2580 3789 2632 3841 in
2654 3790 2868 3847 modum
2890 3788 3099 3859 publica
3132 3793 3538 3859 communisque

1968 3881 2200 3940 felicitas
2250 3880 2494 3934 tuolestia
2529 3876 2719 3942 adicit;
2757 3879 2949 3931 damna
2997 3888 3182 3932 contra
3234 3894 3298 3931 ac
3332 3879 3536 3947 clades,

1968 3973 2331 4029 delectatione
2370 3977 2424 4023 et
2460 3969 2674 4038 gamlio.
2719 3968 2992 4036 Exoptant
3022 3982 3215 4037 graves
3250 3984 3313 4023 ac
3345 3970 3538 4023 intole-

1969 4064 2170 4119 rabiles
2213 4060 2375 4117 in‘dici
2413 4059 2803 4130 peusitationes
2849 4068 2904 4115 et
2956 4059 3175 4124 tributa,
3212 4076 3318 4131 quo
3352 4064 3532 4118 usuris

1968 4155 2252 4228 pecuniam
2282 4164 2509 4223 augeant
2540 4170 2553 4205 :
2584 4163 2852 4219 avcntqne
2900 4152 3080 4208 videre
3116 4152 3340 4208 miseros
3381 4170 3409 4207 a
3451 4154 3533 4210 fe-

1968 4246 2309 4305 neratoribus
2332 4259 2640 4314 oppressos,
2669 4254 2726 4298 ut
2745 4259 2930 4298 eormn
2948 4259 3129 4315 agros,
3155 4244 3533 4309 instrumenta,

1969 4340 2048 4393 vel
2091 4352 2282 4409 pecora
2307 4352 2369 4391 ac
2394 4338 2661 4405 jnmcnta,
2694 4350 2860 4405 parvo
2903 4350 2999 4403 per
3022 4336 3401 4391 necessitatem
3427 4352 3535 4392 mre

1966 4430 2225 4500 projecta,
2263 4426 2570 4498 acquiraut.
2596 4426 2863 4481 Contiuue
2907 4439 3062 4492 vero,
3096 4424 3531 4495 philosophorum

1968 4524 2142 4576 instar
2170 4520 2315 4575 circa
2354 4529 2593 4575 meteora
2619 4517 3181 4580 versantium,caalum
3210 4519 3534 4588 suspiciunt,

1965 4630 2068 4667 non
2105 4622 2162 4666 ut
2202 4610 2395 4667 sideris
2424 4609 2652 4680 alicujus
2682 4619 2859 4665 ortum
2922 4618 3018 4665 aut
3048 4612 3277 4680 planetae
3314 4612 3529 4665 dmmmt

1964 4711 2294 4764 scrutentur,
2327 4701 2420 4756 sed
2446 4709 2504 4754 ut
2527 4699 2673 4753 aeris
2695 4699 3128 4754 constitutionem
3151 4702 3530 4766 considerent;

1963 4804 2019 4851 et
2042 4811 2110 4848 an
2139 4796 2454 4863 apparentia
2479 4794 2633 4861 signa
2672 4790 2934 4860 largiores
2975 4792 3193 4855 imbres,
3229 4802 3320 4845 aut
3355 4791 3530 4846 sicci-

1966 4896 2130 4940 tatem
2164 4884 2507 4941 denuntient.
2541 4884 2620 4938 Ac
2649 4884 2694 4938 si
2727 4899 2823 4952 pro
2848 4897 2945 4952 spe
2989 4897 3085 4937 sua
3118 4882 3297 4936 nmltis
3331 4882 3530 4934 malum

1963 4976 2244 5030 imminere
2267 4975 2765 5039 animadverterint,
2794 4974 2969 5028 aliena
3002 4973 3315 5028 infelicitate
3343 4974 3530 5027 Lctan-

1964 5079 2069 5122 tur.
2093 5066 2285 5122 Omnia
2317 5064 2552 5135 undique
2584 5081 2798 5120 SlllIIIIIO
2826 5066 3004 5120 studio
3033 5066 3083 5118 in
3115 5064 3306 5119 horrea
3335 5080 3531 5135 conge-

1964 5167 2107 5223 runt,
2123 5160 2512 5228 obsignantque
2533 5156 2814 5225 diligenter
2832 5156 3060 5226 singula,
3082 5170 3146 5211 ac
3163 5156 3358 5225 duplici
3383 5172 3529 5211 coan-

1962 5253 2211 5307 tuuniunt
2249 5265 2391 5313 sera,
2441 5249 2689 5318 nullaque
2743 5248 3142 5304 intermissione
3177 5249 3532 5304 dimetiuntur

1961 5355 2123 5414 atque
2151 5352 2464 5413 supputant.
2499 5343 2639 5397 Inter
2680 5344 2792 5397 haec
2818 5357 2882 5397 ac
2917 5343 3046 5396 dum
3092 5355 3152 5396 ea
3189 5356 3285 5412 spe
3334 5356 3531 5399 avarus

1960 5436 2231 5499 titillatur,
2262 5445 2318 5489 et
2347 5436 2501 5503 quasi
2533 5449 2628 5504 per
2654 5436 2920 5489 somnium
2944 5435 3195 5491 inanibus
3230 5453 3294 5491 ac
3340 5436 3530 5509 imagi-

1960 5527 2129 5581 nariis
2152 5525 2345 5594 opibus
2375 5527 2598 5591 ditatur,
2650 5527 2693 5581 si
2746 5528 2918 5583 nubes
2962 5540 3055 5584 aut
3090 5532 3279 5584 nelmla
3312 5531 3529 5585 densior

1958 5621 2348 5687 supervenerit,
2372 5630 2695 5683 exterretur,
2728 5635 2791 5675 ac
2815 5622 2858 5676 si
2890 5623 3077 5692 ingens
3104 5624 3202 5694 ipsi
3233 5622 3527 5694 periculum

1960 5710 2258 5767 immineat.
2296 5711 2448 5779 Quod
2502 5711 2547 5767 si
2581 5714 2838 5769 miuntula
2887 5716 3062 5787 pluvia
3102 5727 3304 5771 terram
3336 5728 3526 5783 asper-

3250 5807 3281 5865 7
