4048 6194
489 266 596 320 233

1761 263 1820 316 S.
1862 261 2134 317 ASTERII
2178 262 2481 318 AMASISNI

3643 261 3746 320 20’.

492 392 606 451 gat,
639 379 1036 452 sublacrymari
1089 377 1276 448 incipit
1307 391 1322 430 :
1363 377 1408 434 si
1452 391 1646 447 magna
1691 392 1844 447 aqua:
1881 379 1984 442 vis,
2014 394 2076 434 ac

2184 380 2289 432 κῶν
2323 379 2413 432 τὸν
2439 379 2649 450 αὐχμὸν
2679 378 3017 446 ὲξιάσασθαι,
3060 378 3257 443 πένθος
3282 378 3485 432 τέλειον
3513 379 3576 432 τὸ
3608 382 3743 450 πρᾶ-

492 473 722 528 sicritati
755 472 999 527 tollendae
1033 484 1130 539 par
1184 470 1422 541 ingruat,
1447 479 1726 524 extremus
1746 484 1866 524 eum
1896 472 2070 526 luctus

496 573 741 630 occupat.
769 561 960 618 Omnia
980 560 1234 628 deinceps
1255 563 1567 629 perlustrat,
1585 575 1651 616 ac
1670 561 1900 615 sollicite
1924 576 2070 631 qna:-

495 655 587 716 r-it,
615 655 758 708 haud
805 669 961 708 secus
989 669 1053 708 ac
1084 654 1424 724 periclitante
1451 652 1576 717 filio,
1609 667 1732 706 num
1771 653 2066 708 remedium

495 746 732 814 aliquod,
769 745 1068 814 modusque
1100 760 1166 799 ac
1207 745 1370 810 ratio,
1404 745 1671 798 frumenta
1708 760 1736 798 a
1788 743 1910 799 tabe
1945 759 2068 800 ver-

498 837 773 904 tninmque
822 835 1017 904 injuria
1073 836 1376 891 diutissime
1433 835 1710 890 servandi.
1773 836 1851 890 Ac
1893 837 1935 890 si
1959 836 2072 906 jam

497 935 728 982 a'stnare
775 927 1190 994 animadvertit,
1221 941 1285 980 ac
1304 925 1518 981 caloris
1565 925 1696 981 vitio
1727 926 1949 993 corripi,
1977 941 2075 995 pro

499 1019 832 1074 medicorum
867 1019 918 1072 in
958 1033 1053 1072 eos
1091 1017 1338 1072 instituto
1368 1015 1504 1088 (25),
1543 1017 1630 1086 qui
1668 1031 1806 1086 pene
1825 1017 2074 1071 exhausti

503 1121 626 1164 sunt
676 1126 741 1166 ac
794 1109 1195 1174 distabuernnt,
1234 1109 1493 1179 expandit
1529 1125 1616 1172 ea,
1655 1110 1814 1178 inque
1845 1110 2079 1170 minores

493 1201 826 1254 distribuens
856 1199 1126 1264 cumulos,
1155 1201 1339 1255 studet
1364 1198 1707 1270 refrigerare.
1740 1199 1956 1255 Assidet
1981 1201 2079 1254 mi-

2176 487 2312 540 γμα.
2381 473 2697 542 Περινοστεῐ
2734 470 2917 524 λοιπὸν
2963 473 3098 524 πᾶσι
3152 470 3590 542 συσκοπούμενος
3626 473 3745 542 περὶ

2175 562 2267 616 τοῦ
2300 563 2473 628 σίτου,
2501 563 2578 626 ὡς
2605 563 2722 616 υίοῦ
2752 561 3173 626 κινδυνεύοντος,
3207 562 3290 625 τίς
3334 561 3496 624 ἴασις,
3528 561 3611 624 τίς
3654 579 3749 632 μη-

2177 654 2332 724 χανὴ,
2360 655 2446 707 ἴνα
2479 654 2613 726 πρὸς
2638 653 2804 708 πολὺν
2835 653 3148 726 αὑταρκέσῃ
3178 655 3388 727 χρόνον,
3419 654 3504 708 ἶνα
3520 653 3628 707 τῶν
3655 670 3746 724 cq-

2174 745 2283 800 τῶν
2305 745 2538 818 διαφύγῃ
2558 747 2617 798 τὸ
2638 745 2829 810 πάθος.
2866 745 2982 799 Κᾶν
3005 745 3258 816 αἴσθηται
3280 745 3579 810 καύσωνος,
3603 744 3677 807 ὡς
3701 746 3750 798 οἱ

2178 837 2354 909 ἰατροὶ
2390 837 2517 900 τοὺς
2545 837 3027 909 διαφορουμένους,
3047 837 3356 901 διαπλώσας
3378 837 3562 902 αὑτὸν,
3593 854 3753 890 κατα·

2180 929 2390 1001 μερίζει
2426 930 2522 984 καὶ
2545 929 2871 1000 καταψύχει,
2900 929 3114 1000 μοχθῶν
3146 929 3600 1002 προσκαθέζεται,
3632 925 3752 979 σκέ-

2179 1037 2286 1091 πην
2324 1019 2464 1074 κατά
2501 1020 2602 1093 τὴν
2639 1019 2986 1091 μεσημϐρίαν
3019 1020 3320 1089 σοφίζεται,
3347 1019 3448 1081 τὰς
3475 1017 3632 1081 σκιὰς
3667 1036 3755 1070 νυ-

2180 1111 2306 1175 κτὸς
2347 1112 2674 1182 ἁπογυμνοῐ,
2727 1110 2814 1164 ἵνα
2856 1113 2977 1174 ταῖς
3024 1111 3222 1182 αὖραις
3257 1113 3378 1175 ταῖς
3415 1109 3755 1182 νυκτεριναῖς

2181 1202 2541 1273 ὑποπνέηται.

498 1308 589 1348 ser
638 1308 701 1346 ac
746 1307 806 1347 se
831 1292 1194 1356 disrrucians;
1255 1301 1612 1363 tegumenque
1655 1307 1718 1346 ac
1771 1302 2012 1347 tutamen
2045 1306 2074 1345 a
2113 1292 2338 1348 meridie
2387 1293 2684 1363 excogitat;
2749 1308 2812 1347 ac
2845 1289 2992 1347 circa
3022 1298 3237 1345 noctem
3304 1304 3490 1344 rursus
3516 1301 3755 1355 amovet,

502 1396 554 1438 ut
585 1394 862 1438 nocturnae
893 1398 1041 1437 aura:
1071 1384 1295 1439 liberius
1329 1384 1572 1454 aspirare
1599 1393 1820 1454 queant.

572 1480 627 1534 In
660 1481 746 1534 his
779 1480 1050 1536 laboribus
1075 1495 1137 1535 ac
1168 1481 1429 1536 molestiis
1457 1483 1812 1537 circumstans
1845 1497 2066 1554 pauper,

2248 1479 2436 1534 Ταῦτα
2468 1476 2616 1548 αὐτῷ
2644 1473 3076 1546 ταλαιπωροῦντι
3118 1475 3146 1526 6
3181 1471 3349 1541 πένης
3387 1471 3754 1542 περιίσταται,

501 1570 862 1640 periclitantis
903 1571 1110 1643 aliquid
1137 1573 1392 1630 frumenti
1424 1586 1714 1643 rogat,nec
1746 1574 1837 1630 ille
1867 1575 2071 1630 tribuit:

502 1675 597 1719 aut
631 1679 784 1728 sane,
822 1664 874 1718 id
933 1678 1096 1732 parce
1151 1666 1440 1720 admodum
1500 1681 1564 1721 ac
1600 1667 1951 1732 semianimis,
1981 1681 2078 1737 pro

503 1752 900 1810 vehementiori
931 1769 1032 1811 suo
1055 1755 1121 1810 ad
1154 1756 1281 1811 illud
1323 1755 1538 1811 affectu.
1576 1757 1773 1811 Verum
1826 1759 2076 1822 obsecro,

503 1845 597 1915 qui
632 1846 724 1899 tati
768 1847 1038 1916 prmditus
1073 1847 1296 1916 ingenio
1319 1848 1416 1910 sis,
1441 1863 1505 1901 ne
1541 1855 1796 1917 perpetuo
1819 1849 1898 1902 sic
1927 1847 2077 1901 labo-

502 1953 628 1993 rare
651 1953 715 1993 ac
759 1938 1080 1993 discruciari
1121 1940 1274 1994 velis.
1310 1939 1460 1994 Sane
1497 1940 1712 2009 quidem
1748 1940 1829 1994 vel
1867 1940 1912 1994 is
1946 1954 2080 2005 qno-
2115 1992 2121 1997 .

503 2047 609 2100 quc
638 2045 834 2086 avarus
857 2031 1048 2100 dignus
1073 2040 1156 2084 est
1181 2031 1550 2093 miseratione,
1578 2030 1669 2099 qui
1698 2045 1802 2084 non
1823 2030 2078 2085 abhorret

505 2138 534 2175 a
573 2122 819 2188 deliciis;
875 2123 968 2191 qni
1025 2123 1230 2176 ventris
1290 2121 1563 2192 voluptate
1609 2122 1840 2190 aliisque
1897 2122 2082 2176 definit

504 2219 697 2282 vitam,
737 2228 972 2284 euntque
1005 2214 1242 2269 hominis
1277 2215 1437 2269 finem
1485 2213 1682 2269 credit.
1719 2213 1883 2268 Multo
1909 2213 2082 2284 magis

507 2321 572 2361 ac
607 2304 930 2360 immensum
960 2305 1326 2369 miserrimus,
1379 2305 1470 2374 qui
1505 2304 1782 2358 illiberalis
1810 2312 1893 2357 est
1920 2314 2082 2373 atque

505 2397 796 2462 sordidus;
827 2410 1074 2466 unusque
1127 2396 1243 2465 ipse
1286 2411 1405 2466 qum
1429 2404 1553 2449 sunt
1580 2394 1810 2464 plurium
1832 2400 2079 2462 occupat,

509 2503 572 2544 ac
601 2503 758 2544 suum
777 2487 1127 2542 nihilominus
1149 2486 1364 2557 genium
1383 2485 1478 2540 def
1481 2485 1690 2549 raudat,
1717 2484 1861 2539 nullo
1883 2491 2084 2539 exactze

511 2580 646 2633 adeo
671 2578 960 2648 diligentiae
989 2577 1163 2632 fructu
1204 2583 1368 2646 atque
1413 2577 1540 2630 line.
1587 2575 1722 2642 Quis
1765 2575 1907 2629 enim
1936 2575 2086 2643 igno-

506 2679 612 2733 rat,
648 2679 876 2738 propter
897 2669 1158 2739 seipsum,
1190 2668 1434 2736 exceptis
1462 2667 1772 2730 virtutibus,
1797 2666 1927 2720 nihil
1946 2666 2083 2729 lieri,

504 2760 598 2814 sed
633 2767 691 2813 ut
737 2757 879 2812 aliud
936 2773 1001 2812 ex
1060 2756 1166 2810 alio
1220 2756 1546 2822 obtineatur,
1580 2771 1645 2810 ac
1691 2755 2086 2811 conficiamus?

501 2849 672 2904 Nemo
722 2859 869 2904 certe
918 2848 1199 2916 quisquam
1268 2847 1435 2901 soliu;
1505 2862 1662 2900 causa
1725 2826 2152 2915 navigationisC

507 2942 643 2996 tuari
693 2956 755 2996 se
803 2939 1124 3004 committit;
1161 2953 1320 2993 nemo
1365 2946 1582 3005 propter
1611 2938 1781 3004 ipsam
1811 2937 2074 3005 agricola-

507 3035 704 3087 tionem
731 3032 784 3088 in
810 3031 994 3086 labore
1026 3038 1238 3084 mtatem
1275 3028 1417 3098 agit;
1475 3028 1570 3082 sed
1609 3027 1812 3096 liquido
1841 3037 2076 3090 constat,

507 3124 648 3192 quod
675 3133 824 3179 certo
858 3132 1086 3190 uterque
1119 3121 1347 3176 consilio
1385 3120 1516 3174 istas
1551 3118 1830 3174 molestias
1861 3119 2073 3174 subeat:

511 3218 650 3272 alter
680 3216 935 3270 nitnirum
969 3214 1045 3268 uti
1078 3212 1256 3281 fruges
1291 3215 1620 3281 ulierentque
1654 3225 1885 3265 messem
1932 3209 2082 3265 colli-

511 3317 629 3378 gat;
656 3307 812 3370 alter,
854 3316 912 3360 ut
947 3305 1176 3360 nauticas
1201 3303 1580 3375 negotiationis
1608 3302 1824 3357 divitias
1861 3302 2074 3357 refernt.

509 3401 588 3456 Tu
611 3414 741 3456 vero
769 3399 878 3463 dic,
906 3399 1085 3464 sodes,
1111 3398 1362 3468 quidnam
1396 3405 1624 3467 spectes,
1645 3405 1700 3450 ut
1725 3396 2084 3465 siccolligas?

508 3494 710 3564 quidve
743 3491 867 3547 fluis
903 3489 1232 3561 propositum
1262 3490 1354 3555 sit,
1388 3498 1446 3542 ut
1492 3489 1562 3542 ita
1597 3502 1726 3556 opes
1755 3487 1972 3542 inutiles
1988 3501 2077 3540 cx-

509 3595 724 3640 struere
745 3584 962 3638 studeas
982 3582 1006 3635 ?
1030 3579 1122 3635 Vel
1172 3582 1308 3651 ipse,
1341 3581 1540 3650 inquis,
1575 3595 1662 3635 me
1695 3589 1948 3648 aspectus
1991 3579 2084 3633 de-

509 3673 692 3728 lectat.
741 3672 900 3742 Atqui
943 3671 1146 3726 ratione
1189 3671 1293 3725 alia
1327 3671 1518 3727 morbo
1544 3681 1633 3727 tuo
1675 3671 1921 3741 indulge;
1960 3687 2081 3724 naut

517 3764 706 3818 alienis
741 3763 902 3816 etiam
936 3761 1092 3816 bonis
1139 3762 1334 3816 sedare
1391 3765 1494 3817 hoc
1543 3759 1868 3817 desiderium
1908 3770 2080 3831 potes.

522 3856 579 3909 Si
622 3865 672 3910 te
700 3854 843 3922 capit
871 3869 935 3907 ac
961 3853 1228 3913 exhilarat
1285 3854 1491 3924 argenti
1533 3854 1728 3926 fulgor,
1769 3855 1822 3908 in
1850 3855 2086 3923 argenti-

517 3948 674 4002 licnm
702 3946 928 4000 ollicinis
951 3945 1207 4000 assidenti
1239 3957 1614 4001 coruscantem
1651 3949 1861 4015 argenti
1909 3948 2082 4003 lucem

513 4037 869 4106 contemplari
901 4036 1056 4102 licet;
1112 4047 1204 4090 aut
1253 4038 1399 4092 circa
1455 4037 1632 4094 forum
1663 4049 1716 4093 et
1762 4039 1876 4095 loca
1908 4055 2082 4094 rerum

515 4124 808 4193 venalium,
847 4128 934 4183 ιιὺί
971 4127 1129 4189 disci,
1161 4128 1366 4196 lances,
1421 4131 1664 4197 aquales,
1707 4147 1771 4186 ac
1799 4147 1959 4187 omne
1994 4146 2085 4201 ge-
2115 4170 2162 4228 ο

517 4237 618 4277 nus
646 4231 892 4293 prostant
936 4221 1178 4291 exposita
1207 4235 1359 4281 vasa,
1410 4223 1650 4276 animum
1681 4224 1970 4280 oblectare.
1996 4225 2086 4280 Li-

515 4322 704 4375 berum
729 4319 830 4373 hoc
854 4333 916 4370 ac
953 4317 1248 4386 gratuitum
1277 4316 1665 4386 spectaculum.
1705 4317 1810 4372 Sed
1844 4329 1898 4373 et
1932 4334 2088 4372 num-

516 4409 774 4462 mularios
824 4417 1074 4475 spectare
1124 4405 1272 4469 licet,
1321 4405 1493 4474 quiin
1547 4407 1747 4461 mensis
1807 4410 2086 4475 pecuniam

514 4499 731 4554 assidue
787 4503 1128 4551 contrectant
1179 4505 1343 4565 atque
1398 4496 1761 4552 dinumerant.
1807 4498 1918 4553 imo
1962 4516 2088 4556 vero

514 4589 676 4644 rectis
726 4586 904 4657 potius
945 4585 1325 4654 obtemperans
1390 4585 1626 4649 monitis,
1676 4603 1898 4655 pravum
1944 4591 2087 4646 hunc

524 4681 818 4752 appetitum
849 4692 1042 4743 exues,
1067 4692 1130 4733 ac
1156 4678 1395 4732 animum
1427 4679 1681 4734 mutabis.
1715 4678 1910 4735 Facilis
1943 4684 2086 4737 enim

2179 1573 2354 1645 ζητῶν
2385 1574 2449 1625 ὲκ
2473 1569 2566 1624 τοῦ
2591 1568 2988 1630 κινδυνεύοντος
3016 1565 3188 1628 σίτου,
3219 1565 3312 1618 καὶ
3345 1563 3406 1616 σὺ
3434 1562 3648 1616 δίδωσιν
3669 1581 3683 1594 ·
3719 1564 3754 1631 ἢ

2176 1665 2320 1728 δοὺς,
2358 1662 2631 1733 φειδωλῶς
2671 1659 2953 1733 χαρίζεται
2997 1657 3092 1712 καὶ
3117 1654 3438 1727 ἡμίθνητος,
3473 1653 3569 1708 τοῦ
3605 1653 3752 1708 σίτου

2180 1757 2384 1828 σφόδρα
2431 1754 2839 1827 περιεχόμενος.
2885 1750 2976 1820 Μὴ
3016 1748 3196 1802 τοίνυν
3233 1747 3520 1818 ἀπέραντα
3569 1747 3755 1818 μόχθει

2180 1849 2273 1903 καὶ
2306 1847 2540 1918 χαλέπα,
2580 1847 2609 1898 6
2637 1843 2898 1908 τοιοῦτος,
2932 1839 3259 1912 παρακαλῶ.
3299 1838 3480 1892 Ἐλέου
3519 1839 3615 1910 μὲν
3648 1840 3756 1911 γὰρ

2179 1941 2326 2006 ἄξιος
2350 1941 2444 1994 καὶ
2465 1941 2493 1992 6
2519 1937 2738 2011 τρυφῶν
2769 1935 3123 2005 πλεονέκτης,
3157 1935 3184 1988 6
3211 1937 3275 2004 τῇ
3301 1923 3498 2005 γαστρὶ
3521 1935 3612 1986 καὶ
3639 1937 3757 1997 ταῖς

2179 2033 2365 2095 ἄλλαις
2391 2032 2604 2102 ἡδοναῖς
2636 2026 2964 2100 περιορίζων
2999 2027 3089 2079 τὸν
3129 2025 3262 2092 βίον,
3293 2023 3453 2077 τοῦτο
3483 2023 3632 2087 τέλος
3675 2041 3758 2075 νο-

2184 2125 2355 2195 μίζων
2403 2123 2502 2192 τῆς
2548 2121 2984 2192 ἀνθρωπότητος.
3031 2118 3091 2171 ’0
3131 2118 3188 2172 δὲ
3235 2119 3617 2187 μικροπρεπὴς
3663 2118 3781 2170 καὶ·

2183 2215 2566 2286 σμικρολόγος,
2599 2212 2718 2265 οὐδὲ
2751 2211 2948 2282 μέτρον
2982 2210 3094 2282 ἔχει
3117 2210 3215 2279 τῆς
3247 2209 3581 2278 ἀθλιότητος,
3618 2208 3756 2280 λαμ-

2182 2306 2358 2360 ϐάνων
2387 2305 2455 2358 τὰ
2479 2303 2587 2357 τῶν
2627 2301 2858 2367 πολλῶν,
2896 2301 2989 2356 καὶ
3015 2301 3194 2371 ἑαυτῷ
3231 2299 3305 2371 μὴ
3330 2300 3525 2362 διδοὺς,
3550 2301 3630 2363 είς
3664 2300 3756 2353 οὺ-

2181 2396 2268 2449 δὲν
2294 2396 2350 2448 δὲ
2375 2393 2700 2465 καταλήγων
2727 2392 2828 2463 τῆς
2853 2391 3090 2462 σπουδῆς
3121 2390 3489 2462 ἀποτέλεσμα.
3529 2390 3623 2454 Τίς
3652 2389 3761 2462 γὰρ

2183 2489 2284 2542 οὐκ
2315 2484 2475 2553 οἶδεν,
2519 2487 2593 2549 ὡς
2631 2485 2785 2538 οὐδὲν
2821 2485 2930 2537 τῶν
2966 2483 3285 2552 γινομένων,
3319 2483 3460 2554 πλὴν
3492 2484 3600 2536 τῶν
3628 2483 3760 2554 ἀρε-

2182 2580 2312 2639 τῶν,
2343 2579 2474 2632 αὐτὸ
2516 2578 2580 2630 δι’
2614 2577 2774 2630 ἑαυτὸ
2804 2575 3036 2644 γίνεται,
3068 2574 3180 2628 ἀλλ’
3205 2575 3390 2646 ἕτερόν
3424 2592 3476 2628 τι
3525 2575 3762 2646 πράττο-

2187 2686 2306 2740 μεν,
2340 2669 2404 2723 ἵν’
2438 2667 2562 2721 ἄλλο
2585 2664 3055 2735 κατορθώσωμεν;
3091 2663 3279 2727 οὐδεὶς
3306 2663 3504 2726 πλέων,
3534 2665 3600 2718 δι’
3628 2664 3762 2718 αύτδ

2184 2762 2244 2813 τὸ
2299 2760 2470 2822 πλεῖν,
2528 2757 2864 2812 θαλαττεύει·
2904 2756 3025 2809 οὐδὲ
3085 2757 3370 2829 γεωργῶν,
3420 2758 3487 2812 δι’
3532 2757 3664 2812 αὐτὸ
3699 2756 3763 2811 τὸ

2183 2853 2472 2922 γεωργεῖν,
2511 2853 2624 2913 τοῖς
2652 2850 2833 2913 πόνοις
2865 2849 3020 2920 συζῖγ
3056 2849 3193 2904 ἀλλά
3238 2850 3523 2921 πρόδηλον,
3553 2853 3627 2917 ὼς
3651 2856 3765 2918 τοῖς

2183 2939 2444 3010 λυπηροῖς
2495 2938 2922 3010 ὲγκαρτεροῦσιν
2971 2939 3291 3010 ἀμφότεροι.
3327 2940 3356 2992 6
3398 2941 3498 3010 μὲν
3533 2941 3619 2997 ἵνα
3662 2943 3766 3015 τὴν

2183 3031 2515 3103 ἐπικαρπίαν
2538 3031 2636 3102 τῆς
2662 3031 2786 3102 γῆς,
2817 3031 2846 3084 6
2872 3031 2930 3084 δὲ
2960 3031 3046 3084 ἵνα
3083 3031 3175 3084 τὸν
3207 3031 3433 3086 πλοῦτον
3461 3034 3559 3104 τῆς
3582 3051 3765 3089 ναυτι-

2184 3125 2286 3194 κῆς
2320 3123 2586 3195 ἐμπορίας
2629 3124 2944 3195 κομίσηται.
2977 3125 3048 3177 Σὺ
3084 3123 3160 3184 δὲ.
3187 3125 3240 3177 τί
3271 3125 3330 3178 τὸ
3356 3125 3446 3180 σὺν
3481 3127 3654 3198 πέρας
3682 3129 3763 3182 εί-

2183 3220 2270 3274 πέ.
2303 3220 2420 3272 Ἵνα
2443 3220 2788 3290 συναγάγης;
2815 3219 2923 3292 καί
2944 3221 3093 3272 ποῖον
3121 3217 3280 3274 τοῦτο
3305 3219 3456 3284 τέλος
3484 3221 3564 3285 τδ,
3590 3221 3765 3294 ἄχρη-

2185 3329 2306 3365 στον
2335 3310 2468 3381 ὓλην
2508 3310 2881 3381 σωρεύσαντα,
2927 3309 3185 3381 βλέπεινς
3235 3311 3440 3382 Τέρπει
3487 3330 3575 3383 με,
3609 3315 3765 3383 φησι,

2184 3403 2278 3456 καὶ
2301 3404 2334 3474 ἡ
2359 3402 2475 3456 θέα.
2510 3401 2722 3456 Οὐκοῦν
2744 3402 2918 3464 ἄλλως
2950 3403 3012 3454 τὺ
3044 3401 3241 3455 σαυτοῦ
3269 3403 3482 3475 νόσημα
3517 3405 3766 3474 μέτελθε.

2187 3492 2434 3559 Ἔξεστιν
2460 3491 2568 3562 γὰρ
2612 3493 2705 3545 καὶ
2733 3494 2846 3555 τοῖς
2872 3491 3172 3561 ἀλλοτρίοις
3207 3494 3453 3562 χρήμασι
3486 3513 3771 3566 προσανα-

2184 3584 2377 3638 παύειν
2409 3583 2498 3637 τὸν
2535 3582 2714 3636 πόθον.
2752 3582 2814 3634 Εἰ
2857 3582 3137 3655 εὐφραίνει
3186 3600 3245 3636 σε
3277 3583 3339 3636 τὸ
3384 3585 3639 3640 στιλπνὸν
3673 3589 3771 3643 τοῦ

2185 3677 2473 3749 ἀργυρίου,
2507 3672 2958 3746 προσκαθήμενος
3000 3676 3113 3738 τοῖς
3144 3674 3498 3746 ἀργυροχόοις
3527 3677 3774 3732 ἀπόϐλε-

2185 3787 2254 3823 πε
2277 3767 2411 3839 πρὸς
2443 3766 2543 3840 τὴν
2574 3766 2785 3836 πυκνὴν
2815 3763 2909 3817 καὶ
2946 3765 3266 3819 στίλϐουσαν
3295 3766 3487 3837 αὑγήν·
3518 3767 3550 3838 ἦ
3576 3770 3670 3822 καὶ
3699 3770 3775 3823 τὰ

2187 3862 2464 3934 πρατήρια
2527 3860 2986 3931 καταλαμϐάνων,
3050 3859 3254 3929 τέρπου
3325 3861 3437 3922 τοῖς
3505 3861 3775 3926 ποικίλοις

2188 3952 2461 4015 σκεύεσιν,
2485 3950 2770 4023 ὀψοφόροις
2796 3967 2853 4003 τε
2884 3948 2980 4002 καὶ
3003 3948 3274 4019 προχόοις’
3322 3951 3520 4021 προῖκα
3551 3950 3659 4021 γάρ
3685 3967 3776 4004 σοι

2187 4047 2283 4098 καὶ
2319 4043 2597 4098 ἀκώλυτον
2628 4043 2662 4113 ἡ
2697 4041 2810 4094 θέα.
2859 4042 3002 4112 Ὅρα
3051 4040 3144 4093 καὶ
3179 4041 3306 4104 τοὺς
3345 4041 3777 4112 ἀργυρογνώμος

2188 4153 2284 4200 νας
2354 4135 2480 4198 τοὺς
2542 4134 2636 4186 ἐπὶ
2709 4132 2818 4186 τῶν
2887 4132 3173 4201 τραπεζῶν
3233 4133 3592 4204 ψηλαφῶντας
3673 4136 3778 4189 καὶ

2190 4227 2560 4300 ἀριθμοῦντας
2616 4225 2854 4295 συνεχῶς
2907 4228 2974 4278 τὰ
3025 4226 3371 4296 νομίσματα’
3441 4227 3642 4298 μᾶλλον
3689 4228 3776 4295 δὲ,

2190 4319 2510 4392 παραινέσει
2572 4316 2814 4379 πεισθεὶς
2855 4316 3056 4387 ἀγαθῇ.
3104 4316 3338 4386 μετάθου
3390 4317 3488 4389 τῆς
3521 4317 3776 4389 γνώμης.

2190 4410 2423 4474 Εὕκολος
2465 4409 2575 4480 γὰρ
2611 4411 2644 4478 ἡ
2679 4407 2982 4480 διόρθωσις,
3025 4406 3211 4478 ἐπειδὴ
3247 4409 3320 4478 μὴ
3361 4407 3578 4476 φύσεώς
3623 4409 3781 4464 ἐστιν

2187 4503 2402 4572 ἀνάγκη
2455 4497 2754 4562 πλεονεξία,
2812 4497 2978 4569 ὁρμὴ.
3007 4497 3063 4550 δὲ
3119 4498 3510 4569 προαιρέσεως
3556 4500 3622 4568 ἣν
3676 4517 3779 4570 με,

2193 4592 2444 4648 ταϐαλείν
2482 4594 2594 4656 τοῖς
2623 4591 2683 4644 τὸ
2726 4590 3004 4662 συμφέρον
3031 4588 3491 4660 ἐπιλογιζομένοις
3523 4591 3583 4644 οὐ
3612 4592 3783 4662 χαλε-

2197 4686 2315 4740 πόν.

519 4771 808 4834 ourrectio,
841 4785 962 4824 cum
997 4768 1226 4823 avaritia
1255 4784 1360 4823 non
1387 4770 1457 4824 sit
1489 4769 1669 4840 aliqua
1713 4775 1972 4830 naturalis
2013 4779 2334 4843 necessitas,
2366 4780 2459 4834 sed
2491 4780 2722 4849 impetus
2770 4793 2834 4832 ac
2886 4779 3184 4832 voluntaria
3233 4779 3475 4847 quaedam
3532 4776 3781 4842 aiiectiu,

519 4883 682 4940 quam
711 4868 981 4936 deponere
1008 4865 1150 4919 haud
1187 4865 1254 4920 iis
1287 4867 1358 4921 sit
1388 4865 1621 4932 difﬁcile,
1655 4869 1746 4938 qui
1782 4881 2033 4941 reputent
2058 4887 2120 4925 ac
2148 4874 2328 4928 norint
2359 4875 2682 4928 concludere
2713 4873 2855 4943 quod
2890 4871 3016 4926 utile
3040 4873 3129 4927 sit.

588 4960 841 5030 Prospice
869 4957 1051 5011 animo
1081 4957 1133 5011 in
1190 4955 1432 5011 futurum
1465 4967 1698 5030 tempus,
1734 4961 1955 5030 quando
1985 4978 2088 5016 non

515 5057 664 5122 eris;
719 5050 935 5124 quando
985 5049 1218 5119 pauxilla
1303 5058 1450 5104 terra
1503 5063 1882 5121 exporrectnm
1941 5064 2088 5108 tuum

522 5160 720 5216 corpus
769 5143 923 5200 omni
961 5143 1272 5198 destitutum
1327 5159 1490 5198 sensu
1557 5145 1802 5199 habitura
1861 5159 1974 5211 est;
2031 5163 2092 5200 ac

519 5255 812 5310 paucorum
845 5237 1018 5293 tabula
1057 5234 1383 5304 palmorum,
1438 5246 1560 5291 tuas
1601 5247 1911 5292 contectura
1963 5237 2088 5291 reli-

516 5332 696 5402 quias.
723 5331 824 5385 Ubi
886 5341 1012 5384 tunc
1052 5342 1208 5397 opes,
1263 5342 1328 5382 ac
1385 5327 1612 5383 collecta
1669 5327 1922 5382 cimelia?
1960 5327 2092 5394 Quis

588 5488 701 5558 (25)
744 5483 850 5537 Pro
902 5483 1216 5558 medicorum
1266 5482 1321 5558 in
1369 5496 1460 5558 _eos
1512 5480 1776 5558 instituto,
1825 5481 1936 5558 qui,
1986 5489 2089 5536 etc.

517 5551 644 5614 Levi
683 5551 1122 5622 'transpositione
1171 5552 1381 5605 restitui
1446 5553 1586 5620 quod
1639 5561 1788 5603 textu
1845 5551 2082 5605 lnxatum

523 5639 642 5681 erat
692 5621 871 5693 atque
902 5621 1204 5678 confusum.
1247 5637 1376 5693 cum
1423 5631 1578 5675 antea
1636 5621 1922 5693 legeretur,
1975 5623 2087 5683 τοῖς

513 5689 952 5773 διαφορου’μένοις
983 5689 1373 5760 καταμερξςει’
1414 5693 1608 5762 quippe
1635 5690 1883 5758 alterum,
1924 5694 2089 5747 rnedi-

2271 4962 2616 5033 Ὑπέρκυψον
2652 4961 2730 5032 τῷ
2768 4961 3013 5032 λογισμῷ
3053 4964 3132 5025 είς
3160 4962 3250 5016 τὸν
3283 4961 3409 5031 έξῆς
3439 4962 3648 5033 χρόνον,
3681 4961 3786 5015 ὅτε

2189 5056 2288 5108 οὐκ
2319 5055 2436 5126 ἔσῃ·
2469 5055 2556 5107 ὅτε
2587 5052 2760 5124 μικρὰ
2800 5055 2871 5123 γῆ
2901 5051 3117 5117 καθέξει
3156 5071 3250 5107 σου
3290 5053 3663 5124 διηπλωμένον
3716 5055 3787 5106 τὸ

2192 5142 2352 5212 σῶμα
2383 5142 2727 5211 ἀναίσθητον·
2763 5141 2905 5206 πλάξ
2945 5141 3002 5193 δὲ
3034 5141 3230 5210 ὀλίγων
3275 5141 3563 5212 σπιθαμῶν
3602 5140 3778 5194 καλύο

2189 5233 2280 5303 ψει
2301 5235 2360 5286 τὸ
2386 5233 2654 5302 λείψανον.
2686 5234 2795 5286 Ποῦ
2821 5233 2942 5286 τότε
2968 5234 2996 5284 ὁ
3027 5233 3256 5297 πλοῦτος
3279 5235 3373 5287 καὶ
3399 5235 3467 5286 τὰ
3488 5232 3762 5302 συναχθέν

2191 5346 2257 5380 τα
2311 5328 2600 5399 κειμήλια;
2633 5329 2729 5390 Τίς
2781 5331 2809 5381 6
2851 5327 2958 5380 τῶν
2989 5325 3457 5395 καταλειφθέντων
3505 5325 3794 5394 κλειρονό-

2202 5495 2293 5535 cos
2315 5521 2328 5544 ,
2365 5481 2588 5550 alterum
2647 5480 3133 5550 respiritravarnm.
3163 5478 3252 5548 qtti
3285 5478 3508 5548 idipsurn
3546 5499 3794 5550 propor-

2197 5554 2342 5605 tione
2395 5552 2447 5604 in
2502 5547 2767 5604 frumenta
2820 5547 3145 5602 tabescentia
3196 5547 3430 5616 prreStel,
3487 5547 3659 5620 atque
3704 5552 3794 5606 illi

2197 5622 2248 5674 in
2298 5636 2522 5687 corpora
2571 5621 2925 5674 immoderato
2970 5624 3153 5670 calore
3201 5620 3659 5686 t-ontaliescentia,
3719 5638 3796 5676 ac

2197 5707 2315 5759 quae
2353 5700 2460 5745 tota
2495 5693 2545 5744 in
2583 5691 2806 5745 sudores
2839 5687 3198 5753 resolvantur,
3237 5705 3298 5743 ac
3320 5704 3448 5744 wstu
3484 5693 3794 5746 exhausta.
