4048 6194
322 276 435 330 9.(νὸ

1365 270 1648 327 HHMILIA
1688 272 1774 328 ΙΙΙ.
1813 270 2177 328 ADVERSUS
2209 269 2615 326 AV'ARITIAM.

3490 275 3597 332 206

327 403 469 458 μοςς
500 385 580 440 υὺ
607 385 719 458 γὰρ
759 384 976 447 πάντως
1021 386 1228 450 ἐκεῖνος
1275 387 1430 441 ἔσται
1465 388 1728 460 διάδοχος,
1761 389 1821 443 ὂν
1856 390 1917 442 σὺ

2029 391 2294 444 bonorum
2341 390 2652 444 relictorum
2686 389 2898 445 haeres?
2938 389 3046 446 Nec
3076 392 3220 447 enim
3265 392 3314 448 is
3353 394 3596 458 oumino,

325 478 668 550 προσδοκᾷς.
718 480 809 531 “Av
854 477 1052 540 παῖδας
1102 477 1460 550 καταλείπῃς,
1515 481 1677 551 τυχὸν
1733 479 1918 534 κονδυ-

329 571 708 643 λισθήσονται,
760 571 850 624 καὶ
905 570 1216 642 όμότροπός
1262 589 1355 625 σου
1401 573 1736 643 πλεονέκτης
1788 573 1921 645 θρη-

332 661 572 723 νοῦντας
608 661 797 723 αύτούς
833 660 933 730 τῆς
973 660 1154 723 οἰκίας
1197 662 1297 732 τῆς
1325 663 1601 734 πατρικῆς
1636 663 1918 717 ἀπελάσει.

340 753 467 806 Κᾶν
491 753 655 814 ἀπαις
678 751 766 804 ἐπί
795 769 921 804 τινα
943 751 1058 804 τῶν
1085 752 1253 820 φίλων
1283 753 1660 827 παραπέμψῃς
1685 754 1775 808 τὸν
1801 755 1924 826 κλῆ-

344 861 464 914 ρον,
495 843 565 914 μή
598 843 828 913 πρόσεχέ
860 860 958 896 σου
990 845 1057 914 τῇ
1085 843 1338 914 διαθήκῃ,
1371 845 1447 908 ὡς
1475 847 1718 917 ἀκινήτῳ
1748 847 1919 918 νόμῳ,

343 937 424 999 ὡς
450 937 723 1008 πράγματι
743 935 1128 1007 ἀναπιρῤήπρ
1156 937 1250 988 καὶ
1282 937 1508 1008 ίσχυρῷ.
1546 938 1731 1010 Ὀλίγη
1755 957 1922 992 σπου-

343 1028 409 1097 δὴ
443 1029 631 1098 ἄκυρον
660 1030 835 1080 ποιεῖν
859 1026 962 1098 τὴν
993 1027 1228 1099 γραφήν.
1264 1028 1333 1080 Ἦ
1352 1029 1448 1099 οὐχ
1475 1031 1606 1100 ὁρᾷς
1633 1031 1760 1094 τοὺς
1795 1047 1922 1084 συν-

345 1120 481 1189 εχῶς
508 1123 562 1172 ὲν
582 1123 690 1182 τοῖς
716 1119 1093 1190 δικαστηρίοις
1116 1119 1256 1174 κατά
1286 1120 1394 1173 τῶν
1421 1121 1693 1192 διαθηκῶν
1718 1125 1920 1192 ἀγωνιο

341 1212 611 1282 ξομ-δούς,
641 1213 794 1275 ὅπως
823 1212 993 1275 αὑτὰς
1035 1211 1302 1275 ποικίλοις
1343 1214 1704 1285 ἐγχειρήμασι
1747 1231 1923 1285 παρα-

333 1305 641 1376 κρούονται.
679 1307 806 1369 τοὺς
848 1305 958 1358 τῶν
1002 1305 1186 1376 νόμων
1229 1305 1479 1375 τεχνίτας
1527 1306 1920 1378 προϊστάμενοι

324 1397 690 1468 συνηγόρους,
724 1398 853 1460 τοὺς
889 1397 1096 1460 δεινοὺς
1151 1400 1387 1469 ῥήτορας
1428 1399 1756 1469 ἐπαγόμενοι
1791 1400 1916 1469 βοη-

321 1487 475 1551 θοὺς,
500 1489 961 1559 ψευδομάρτυρας
993 1489 1306 1558 τρέφοντες,
1329 1471 1652 1560 δικαστήρία
1673 1490 1920 1558 διαφθεί-

325 1595 552 1648 ροντες;
597 1579 710 1631 Καὶ
762 1577 849 1631 διὰ
902 1577 1059 1630 τοῦτο
1114 1578 1170 1645 ἐξ
1215 1571 1292 1631 ὧν
1335 1580 1469 1650 ὁρᾷς
1497 1579 1624 1644 ζῶν,
1657 1579 1920 1652 περὶτῶν

324 1668 635 1736 μελλόντων
667 1667 778 1722 τῶν
826 1668 965 1739 μετά
1006 1670 1066 1721 σὲ
1112 1669 1392 1725 παιδεύου.
1429 1671 1492 1722 Εἰ
1525 1671 1735 1724 δίκαιον
1777 1671 1918 1742 ἔχεις

2022 496 2182 550 quem
2237 483 2503 544 destinas,
2570 481 2784 537 futurus
2836 492 2939 536 est.
2970 483 3027 537 Si
3097 483 3251 538 liberi
3276 487 3600 554 superstites

2024 573 2153 634 sint,
2186 587 2364 642 pugno
2413 573 2553 627 forte
2597 588 2661 628 ac
2724 573 3040 630 verberibus
3077 577 3376 641 credentur,
3417 578 3600 647 tuique

2025 664 2220 718 similis
2283 679 2481 719 avarus
2541 664 2787 735 lugentes
2843 676 3066 733 paterna
3133 669 3294 721 domo
3346 668 3597 738 expellet.

2023 756 2176 820 Quod
2215 755 2258 808 si
2291 757 2456 810 orbus
2504 757 2690 811 liberis
2729 758 2794 809 ad
2830 757 3059 827 aliquem
3097 760 3394 814 amicorum
3424 771 3603 814 trans-

2025 847 2205 900 mittas
2232 847 2623 911 lnereditatem,
2661 865 2763 904 non
2793 857 2875 903 est
2919 864 3018 904 cur
3055 851 3363 905 testamenti
3405 852 3602 906 tabulis

2026 954 2350 1008 magnopere
2370 940 2632 1002 conlidas,
2669 949 2922 1007 tanquam
2947 949 3111 994 certa:
3138 950 3192 994 et
3223 940 3455 996 delinitur
3473 941 3596 1010 legi,

2025 1040 2280 1100 tauquam
2349 1033 2424 1086 rei
2482 1033 2699 1086 minime
2755 1035 3158 1097 controversa},
3210 1037 3404 1105 cuique
3453 1037 3600 1090 nullo

2025 1125 2186 1179 modo
2213 1126 2507 1180 contradici
2539 1136 2722 1194 queat.
2758 1125 2962 1180 Modica
2990 1143 3153 1196 opera
3186 1130 3510 1198 scripturam
3536 1144 3600 1182 ac

2028 1217 2240 1271 tabulas
2275 1218 2462 1271 irritas
2492 1219 2595 1272 fac.
2639 1217 2824 1274 Nonne
2853 1233 2950 1272 eos
2983 1220 3134 1275 vides
3183 1221 3271 1288 qui
3306 1221 3520 1275 assidue
3544 1221 3595 1274 in

2025 1307 2143 1361 foro
2181 1324 2343 1375 super
2369 1311 2707 1364 testamentis
2733 1311 2965 1379 litigant,
3020 1328 3127 1381 quo
3161 1312 3325 1366 variis
3351 1328 3411 1367 ea
3443 1313 3593 1366 moli-

2027 1399 2262 1453 tionibus
2292 1415 2354 1454 ac
2388 1401 2594 1455 artibus
2615 1412 2860 1456 evertant
2890 1404 3236 1472 eludantque,
3256 1404 3597 1473 iurisperitus

2023 1502 2282 1559 patronos
2305 1491 2650 1555 adhibentes,
2684 1505 2933 1548 oratores
2978 1495 3372 1550 disertissimos
3401 1495 3598 1548 aitxilin

2023 1581 2377 1647 ascisceutes,
2414 1583 2580 1637 falsos
2616 1593 2780 1638 testes
2815 1586 3066 1639 mercede
3106 1586 3599 1654 conducentes,ju-

2025 1669 2203 1724 dicunt
2239 1687 2529 1727 concessus
2560 1674 2995 1741 rorrumpentes?
3041 1673 3401 1740 Quamobrem
3431 1692 3492 1730 ex
3529 1677 3598 1732 iis

315 1763 415 1814 τὸν
442 1761 699 1820 πλοῦτον.
732 1764 812 1825 εἰς
833 1762 951 1815 δέον
977 1764 1198 1835 χρῆσαι,
1221 1764 1296 1826 ὼς
1324 1765 1353 1816 ό
1382 1764 1655 1835 μακάριος
1703 1765 1840 1818 Ἰώὸο
1869 1768 1917 1819 εί

2023 1776 2144 1830 qua:
2169 1772 2221 1814 te
2255 1773 2527 1832 spectante
2559 1779 2623 1818 ac
2675 1765 2796 1819 vivo
2832 1768 2985 1831 liunt,
3020 1769 3088 1820 de
3147 1768 3229 1820 liis
3275 1766 3440 1821 facito
3467 1783 3596 1822 con-

318 1853 533 1913 ἄδικον,
567 1852 836 1906 ἁνάλυσον
856 1853 1020 1906 αὑτὸν
1054 1854 1146 1906 ἐπὶ
1171 1855 1298 1918 τοὺς
1329 1854 1651 1925 βιασθέντας
1671 1855 1914 1925 κυρίους,

321 1945 400 2007 ὡς
426 1945 778 2016 αἰχμάλωτον
808 1946 873 1998 ὲκ
901 1945 1216 2018 πολέμου-ἣ
1249 1946 1411 2000 αὑτὸν
1435 1947 1495 2000 ὃν
1519 1946 1730 2012 ἔλαϐες,
1759 1946 1793 2018 ἢ
1823 1964 1919 2018 με-

323 2037 394 2089 τὰ
429 2035 772 2107 προσθήκης,
806 2037 882 2100 ὡς
908 2037 940 2088 ό
967 2038 1255 2107 Ζακχαῖος.
1294 2039 1357 2091 Εἰ
1384 2039 1461 2110 μὴ
1490 2038 1640 2110 ἔχῃς,
1677 2039 1753 2111 μὴ
1786 2040 1918 2110 κτή-

325 2146 392 2200 σῃ
431 2129 638 2192 κακῶς.
681 2131 771 2183 Σοὶ
805 2131 904 2202 μὲν
939 2131 1048 2203 γὰρ
1081 2131 1126 2163 ⁸³
1160 2131 1516 2203 ἀκολουθήσει
1575 2131 1772 2202 πικρὸν
1821 2133 1920 2200 scp-

322 2221 466 2274 eam
515 2222 550 2292 ή
608 2221 875 2292 ἁμαρτία,
927 2221 1027 2293 τὴν
1077 2222 1380 2292 ἀναγκαίαν
1425 2222 1773 2294 πορευομένῳ
1816 2239 1914 2276 πο-

330 2315 504 2384 ριίαν·
539 2317 575 2385 ἡ
599 2315 659 2368 δὲ
698 2315 996 2380 ἀπόλαυσις
1034 2315 1142 2370 τῶν
1170 2315 1497 2386 κτηθέντων,
1529 2311 1614 2378 οἷς
1637 2315 1701 2369 οὐ
1744 2314 1912 2384 γινώα-

327 2421 503 2469 σκεις.
533 2405 1053 2478 καταλειφθήσεται.
1094 2408 1204 2461 Καὶ
1237 2407 1357 2460 τότε
1384 2407 1474 2460 τὸν
1506 2405 1670 2461 Δαὸἱδ
1700 2404 1916 2475 θαυμά-

325 2499 446 2562 σεις
480 2499 734 2566 λέγοντα·
777 2499 1148 2567 Θησαυρίζει,
1203 2499 1304 2552 καὶ
1353 2501 1425 2553 οὐ
1470 2497 1749 2569 γινώσκει
1795 2497 1914 2550 τίνι

325 2590 584 2653 συνάξει
633 2590 808 2646 αὐτὸς
865 2591 1144 2663 Γνωρίσῃς
1174 2591 1230 2645 δὲ
1275 2591 1370 2644 καὶ
1405 2590 1497 2644 τὸν
1531 2588 1784 2643 πλούσιον
1827 2587 1916 2640 τὸν

223 2717 226 2720 -
329 2682 610 2737 ἀντίθετον
634 2683 728 2738 τοῦ
765 2680 1042 2754 Λαζάρου,
1078 2683 1168 2735 τὸν
1195 2683 1398 2754 ἀρτίως
1426 2683 1558 2754 ἡμῖν
1591 2681 1658 2733 ἐκ
1679 2677 1788 2732 τῶν
1811 2679 1918 2732 Εὐ-

328 2774 602 2843 αγγελίων
647 2774 1088 2844 ἀναγνωσθέντα,
1132 2775 1196 2828 οὐ
1241 2774 1411 2845 μῦθον
1447 2773 1803 2844 συγκείμενον
1839 2772 1921 2834 είς

325 2867 698 2939 κατάπληξιν,
751 2866 888 2922 ἀλλά
935 2865 1112 2920 τύπον
1144 2867 1345 2938 ἀκριϐῆ
1393 2865 1768 2937 παραδοθέντα
1821 2861 1918 2915 τοῦ

331 2959 646 3026 μέλλοντος.

2010 1853 2300 1920 jeeturam,
2325 1872 2444 1926 qum
2474 1867 2593 1925 post
2625 1866 2674 1912 te
2698 1857 2872 1911 futura
2905 1871 3050 1912 sunt.
3072 1859 3130 1913 Si
3161 1869 3284 1914 sunt
3313 1859 3598 1928 opcsjuste

2015 1962 2082 2002 ac
2109 1947 2345 2015 legitime
2362 1961 2547 2019 parite,
2575 1948 2710 2004 bene
2728 1950 2827 2011 eis,
2847 1950 3092 2018 exemplo
3106 1951 3244 2006 beati
3268 1949 3390 2018 Job,
3407 1963 3555 2007 utere
3579 1971 3592 2006 :

2015 2036 2062 2091 si
2091 2038 2226 2092 male
2257 2050 2310 2093 et
2338 2055 2434 2110 per
2460 2041 2613 2095 nefas
2647 2041 2909 2110 quaesitae,
2961 2043 3080 2096 sine
3127 2052 3382 2112 tauquam
3426 2045 3598 2113 capti-

2017 2142 2116 2182 vos
2141 2143 2171 2182 a
2204 2126 2364 2193 bello,
2389 2130 2455 2182 ad
2491 2130 2760 2197 dominos,
2780 2147 2808 2184 a
2835 2131 3029 2196 quibus
3051 2131 3153 2184 illa:
3182 2131 3378 2198 injuria
3403 2131 3597 2185 ablata:

2022 2216 2151 2281 sint,
2188 2217 2396 2282 redire;
2427 2219 2508 2272 vel
2569 2219 2756 2289 quales
2797 2223 3052 2291 accepisti
3083 2261 3099 2285 ,
3164 2221 3245 2276 vel
3299 2222 3486 2285 etiam,
3520 2223 3595 2277 uti

2021 2308 2330 2375 Zaccba‘us,
2359 2328 2480 2365 cum
2510 2311 2694 2367 fenore
2712 2329 2776 2368 ac
2801 2315 3064 2370 auctario.
3093 2313 3149 2370 Si
3189 2316 3364 2370 nullas
3403 2317 3592 2378 babes,

2021 2399 2128 2454 noli
2154 2416 2251 2470 per
2281 2401 2454 2457 malas
2478 2411 2626 2458 artes
2677 2405 2982 2473 acquirere.
3023 2406 3237 2476 Alioqui
3289 2409 3460 2470 enim,
3499 2411 3595 2460 ali-

2020 2502 2238 2547 euntem
2274 2507 2340 2548 ac
2399 2495 2765 2549 necessarium
2823 2496 3215 2566 ingredientem
3277 2500 3399 2562 iter,
3441 2501 3598 2554 triste

2017 2585 2223 2654 peccati
2256 2586 2508 2639 viaticum
2536 2597 2891 2656 persequetur
2922 2606 2935 2641 :
2971 2587 3236 2658 bonisque
3279 2591 3378 2645 abs
3419 2599 3469 2645 te
3504 2606 3595 2646 re-

2018 2676 2160 2731 lictis
2204 2678 2364 2732 alieni
2391 2679 2668 2748 ignotique
2715 2679 2982 2735 fruentur.
3032 2679 3169 2735 Tum
3204 2681 3460 2736 Davidem
3487 2685 3593 2738 mi-

2019 2769 2210 2823 rabere
2233 2769 2546 2824 dicentem:
2591 2769 2959 2838 Tltesaurizat,
3008 2781 3056 2826 ει
3093 2773 3300 2842 ignorat
3343 2775 3426 2826 cui
3470 2789 3595 2828 con-

2017 2861 2252 2929 gregabit
2282 2877 2344 2915 ea
2371 2861 2437 2916 ⁵⁸.
2477 2862 2612 2916 Tum
2646 2873 2701 2917 et
2755 2863 2974 2918 divitem
3038 2864 3186 2918 illum
3241 2865 3457 2920 noveris
3490 2865 3595 2920 La-

2020 2967 2148 3007 zaro
2197 2953 2506 3022 oppositum
2554 2995 2570 3018 ,
2629 2955 2775 3010 illum
2823 2956 3040 3026 quidem
3099 2959 3259 3014 modo
3323 2958 3478 3016 nobis
3526 2974 3592 3012 ex

327 3051 641 3121 Ενιιιιεειιίς
692 3051 892 3107 lectum
935 3091 950 3118 ,
1005 3063 1178 3118 neque
1231 3044 1467 3101 fabulam
1529 3045 1596 3098 ad
1656 3053 1920 3100 terrorem
1962 3046 2340 3114 compositam,
2372 3048 2468 3101 sed
2516 3059 2726 3104 certum
2773 3064 2836 3104 ac
2888 3049 3195 3106 absolutqu
3255 3053 3357 3106 aevi
3427 3053 3592 3108 futuri

324 3153 337 3192 t
347 3157 540 3212 ypnm.

409 3233 472 3284 Ἥ
502 3232 705 3304 βύσσος
735 3233 938 3304 ἐσάπη,
959 3234 994 3303 ἡ
1027 3231 1277 3301 βασιλεία
1311 3231 1578 3304 μετῆλθεν
1603 3231 1684 3294 είς
1705 3231 1913 3302 ἕτερον,

2093 3231 2296 3301 Byssus
2327 3231 2688 3300 computruit;
2748 3246 2972 3302 regnum
3006 3236 3073 3288 ad
3108 3234 3272 3289 alium
3305 3238 3585 3302 transivit;

323 3325 383 3378 αἱ
433 3324 640 3395 τρυφαὶ
691 3323 1138 3396 κατηργήθησαν·
1180 3324 1214 3394 ἡ
1258 3323 1354 3377 ἀπ’
1395 3323 1622 3377 ἐκείνων
1669 3322 1916 3396 ἁμαρτία

324 3417 790 3486 συνεξεδήμησεν,
823 3415 899 3479 ὼς
929 3414 1058 3468 σκιὰ
1086 3414 1478 3486 παραμένουσα
1513 3413 1780 3484 βαδίζοντι
1810 3412 1916 3466 σώ-

326 3524 483 3576 ματι.
516 3506 628 3558 Καὶ
663 3505 750 3557 διά
773 3505 932 3557 τοῦτο
973 3505 1113 3576 μετά
1137 3505 1235 3577 τὴν
1267 3504 1610 3575 πολυτέλειαν
1635 3504 1746 3559 τῶν
1779 3522 1916 3576 συμ-

325 3600 554 3655 ποσίων,
590 3600 686 3652 καὶ
714 3599 810 3669 τὴν
830 3597 1166 3670 ἁϐροδίαιτον
1197 3598 1495 3670 τράπεζαν,
1533 3597 1724 3662 ὕδατος
1761 3597 1914 3668 ῥανί-

321 3693 393 3744 δα
435 3691 589 3760 ζητεί
629 3690 891 3744 δακτύλου
937 3690 1140 3762 λεπροῦ
1173 3691 1608 3755 ἀποστάζουσανο
1637 3693 1732 3745 καὶ
1759 3691 1918 3746 καλεῖ

322 3785 422 3836 τὸν
449 3783 663 3853 πτωχὸν
705 3785 805 3854 τῆς
842 3783 1111 3856 τιμωρίας
1150 3783 1511 3856 θεραπευτὴν,
1537 3783 1628 3837 τὸν
1653 3785 1774 3837 οὐδὲ
1804 3788 1915 3855 χεί-

324 3891 433 3945 ρας
462 3874 656 3943 ἔχοντα
675 3875 835 3944 τάχα.
869 3874 1030 3946 ἡνίκα
1054 3875 1130 3946 τῷ
1160 3876 1364 3929 πυλῶνι
1394 3874 1844 3949 προσερῤίπτετο·
1877 3872 1913 3948 ἦ

323 3965 440 4034 γὰρ
469 3965 536 4018 ἂν
563 3965 688 4029 τοὺς
716 3964 884 4029 κύνας
909 3965 1270 4039 ἀπεσόϐησεν,
1299 3967 1426 4030 τοὺς
1478 3967 1915 4038 ὲπιλειχομένους

322 4056 401 4108 τὰ
429 4055 742 4126 τραύματα.
779 4058 1067 4130 Ἐπιθυμεί
1093 4061 1150 4114 δὲ
1187 4059 1453 4131 συμμίξαι
1481 4057 1560 4130 τῷ
1583 4059 1820 4131 Λαζάρῳ
1851 4061 1916 4112 ὲκ

323 4144 426 4198 τοῦ
462 4146 797 4218 κατάντικρυ
831 4147 1167 4220 βλεπομένῳ,
1207 4150 1300 4202 καὶ
1337 4149 1486 4220 μέσῳ
1515 4147 1916 4219 διείργεταιτῷ

323 4235 628 4306 ὀρύγματι,
690 4237 723 4308 ἢ
779 4237 856 4308 τῷ
900 4240 1160 4310 χάσματι·
1223 4242 1282 4293 ού
1329 4239 1522 4311 βόθρου
1575 4240 1720 4304 τινὸς
1763 4241 1915 4305 ὄντος

323 4329 677 4399 ὡρυγμένου,
709 4331 831 4384 οὐδὲ
884 4333 1089 4404 τάφρου
1129 4333 1523 4404 πεποιημένης,
1556 4333 1633 4398 ὡς
1674 4333 1769 4388 ἐπὶ
1807 4333 1917 4387 τῶν

331 4420 718 4490 στρατοπέδων
742 4421 890 4476 ἐστιν
922 4424 1049 4477 ἰδεῖν
1076 4423 1138 4476 τὸ
1165 4423 1258 4476 τοῦ
1293 4423 1532 4494 πολέμου
1569 4424 1912 4496 μεταίχμιον·

328 4510 469 4564 ἀλλὰ
518 4511 576 4563 τὸ
621 4511 870 4583 κώλυμα,
907 4511 1082 4585 οἶμαι,
1122 4515 1231 4568 τῶν
1258 4515 1670 4588 ἁμαρτημάτων
1707 4517 1736 4568 ό
1759 4516 1915 4584 λόγος

2017 3323 2226 3378 delicia?
2257 3337 2321 3378 ac
2350 3323 2650 3392 voluptates
2682 3336 3053 3381 evanuerunt:
3099 3337 3380 3396 peccatum
3408 3338 3591 3385 autem

2019 3414 2086 3470 ab
2120 3413 2226 3468 illis
2264 3413 2574 3484 profectum
2614 3424 2818 3480 manet,
2861 3416 3258 3487 abeuntemque
3287 3419 3483 3490 oppido
3506 3437 3610 3477 ste--

2018 3506 2227 3576 quitur,
2258 3504 2400 3559 haud
2453 3519 2610 3560 secus
2644 3519 2708 3560 ac
2765 3505 2956 3560 umbra
2995 3520 3192 3575 corpus
3220 3522 3235 3560 :
3267 3523 3442 3578 coque
3471 3522 3595 3580 post

2013 3597 2388 3651 conviviorum
2423 3595 2900 3667 magniﬁcentiam,
2947 3607 3071 3667 post
3098 3598 3276 3654 lautas
3311 3601 3592 3670 Opiparas-

2016 3703 2121 3757 que
2150 3703 2387 3756 mensas,
2426 3704 2580 3758 aqua:
2642 3699 2846 3760 guttam
2878 3689 3074 3757 leprosi
3107 3689 3275 3761 digito
3317 3693 3593 3749 distillan-

2017 3789 2122 3834 tem
2153 3781 2402 3848 requirit,
2430 3794 2494 3834 ac
2525 3781 2829 3834 mendicum
2864 3782 2930 3834 ad
2965 3794 3179 3850 prauam
3243 3784 3590 3851 mitigandam

2018 3869 2295 3941 implorat,
2327 3871 2420 3940 qui
2449 3879 2505 3925 et
2550 3869 2692 3924 forte
2731 3869 2980 3923 manibus
3034 3870 3276 3924 defectus
3305 3871 3428 3936 fuit,
3467 3889 3589 3928 cum

2015 3962 2082 4014 ad
2111 3962 2335 4032 januam
2387 3961 2661 4032 proiectus
2706 3961 2948 4030 jaceret;
3010 3960 3210 4032 alioqui
3251 3964 3394 4019 enim
3427 3979 3594 4022 canes

2019 4051 2282 4120 lingentes
2308 4049 2492 4105 ulcera
2550 4050 2839 4121 abegisset.
2891 4050 3179 4108 Desiderat
3235 4065 3417 4112 autem
3455 4071 3591 4114 con-

2013 4140 2166 4211 jungi
2205 4139 2429 4204 Lazaro,
2460 4155 2619 4210 quem
2652 4157 2718 4195 ex
2750 4143 2980 4198 adverso
3037 4145 3201 4212 videt,
3237 4146 3377 4202 fossa
3418 4150 3593 4206 media

2016 4234 2100 4287 vel
2127 4233 2276 4288 ltiatu
2299 4233 2562 4290 divulsus.
2606 4234 2724 4302 Quo
2757 4236 2974 4305 quidem
3016 4237 3263 4305 designat
3289 4237 3592 4308 Scriptura,

2021 4339 2125 4378 non
2160 4325 2378 4392 vallum,
2409 4336 2506 4380 aut
2557 4340 2843 4396 aggerem,
2893 4327 3106 4396 qualem
3166 4328 3218 4382 in
3249 4335 3447 4385 castris
3472 4332 3593 4388 duci

2018 4416 2202 4472 videas
2230 4416 2295 4470 ad
2324 4418 2616 4472 arcendum
2645 4418 2874 4482 hostem,
2910 4419 3027 4482 sed,
3063 4431 3214 4489 puto,
3248 4433 3591 4491 peccatorum

2018 4511 2226 4565 obicem
2258 4519 2312 4565 et
2357 4510 2741 4581 sepimentum,
2773 4513 2915 4581 quod
2944 4498 3221 4569 ‘damnato
3246 4530 3310 4570 ac
3341 4519 3590 4586 reprobo,

329 4598 688 4664 ἐνδείκνυται,
745 4601 775 4654 ὃ
827 4601 904 4674 τῷ
947 4583 1390 4675 κατεγνωσμένων
1545 4607 1682 4678 πρὸς
1715 4606 1808 4661 τὸν
1836 4583 1917 4660 δί-

2023 4601 2172 4656 velut
2203 4600 2339 4654 muri
2372 4599 2609 4668 objeclu,
2643 4599 2849 4654 aditum
2879 4602 3277 4674 transitumque
3297 4606 3364 4659 ad
3385 4583 3592 4672 justum

332 4707 490 4742 καιον
523 4693 759 4764 παρόδου
801 4695 1164 4766 ἀπετείχισεν.
1211 4698 1319 4750 Καί
1354 4715 1454 4768 μου
1495 4699 1596 4770 τὴν
1622 4701 1918 4771 ἑρμηνείαν

344 4784 574 4848 Ἡσαΐας
641 4788 670 4839 ό
725 4789 1008 4858 προφήτης
1067 4791 1544 4862 ὲπισφραγίζεται,
1605 4792 1741 4864 πρὸς
1789 4793 1918 4846 λαὸν

335 4874 547 4943 ἄφρονα
605 4873 815 4944 βαρέως
845 4878 1280 4950 ἀποτεινόμενος,
1316 4882 1409 4934 καὶ⁵
1453 4881 1644 4951 λέγων’
1680 4880 1776 4950 Μὴ
1809 4883 1920 4935 οὐκ

335 4966 534 5032 ἰσχύει
560 4967 693 5036 χεὶρ
731 4969 952 5036 Κιιρίου
976 4969 1308 5036 διασῶσαι;
1339 4973 1375 5041 ἢ
1404 4975 1696 5042 ἐϐάρυνεν
1721 4975 1786 5027 τὸ
1812 4968 1921 5039 οὖς

330 5056 524 5109 κί’τοῦ
555 5058 662 5112 τοῦ
697 5058 782 5127 μὴ
810 5061 1106 5127 ἁκοῦσαι;
1145 5063 1306 5118 Ἀλλ’
1338 5069 1396 5118 ιιι
1428 5067 1705 5138 ἁμαρτίαι
1750 5063 1915 5135 ὑμῶν

332 5146 648 5201 διιστῶσιν
699 5151 816 5205 ἀνὰ
861 5152 1056 5221 μέσον
1076 5154 1242 5223 ὑμῶν
1281 5157 1380 5210 καὶ
1423 5157 1542 5212 ἀνὰ
1576 5163 1772 5226 μέσον
1810 5157 1916 5210 τοῦ

336 5238 508 5292 Θεοῦ.
542 5240 605 5292 Ei
633 5241 690 5293 δὲ
715 5243 1091 5315 ἁμαρτήματα
1127 5244 1450 5317 ἀνθρώπους
1493 5248 1748 5318 χωρίζειν
1773 5242 1916 5300 οἶδεν

333 5332 494 5396 Θεοῦ,
523 5335 678 5388 οὐδὲν
718 5335 784 5389 ἂν
813 5335 1122 5403 πλεονεξίας
1145 5339 1593 5411 ἀμαρτωλότερον
1623 5340 1852 5408 γένοιτο,
1882 5342 1915 5412 ἥ

338 5423 432 5474 καὶ
466 5424 728 5494 παράτῆς
759 5425 1025 5494 ἀψευδοῦς
1051 5429 1232 5497 φωνῆς
1268 5428 1507 5489 Παύλου,
1539 5431 1632 5483 τοῦ
1662 5431 1758 5500 τῆς
1787 5430 1919 5498 ἀλη-

337 5511 489 5575 θείας
534 5518 798 5584 κήρυκος,
835 5516 1248 5587 είδωλολατρεία
1299 5518 1784 5590 προσαγορεύεται,
1822 5519 1916 5570 καὶ

335 5611 553 5660 sine»;
584 5609 692 5659 τῶν
721 5608 906 5661 κακῶν
930 5609 1056 5676 ῥίζα
1087 5611 1180 5661 καὶ
1212 5611 1419 5681 μήτηρ.

2020 4691 2342 4746 interclusit.
2362 4690 2499 4744 Huic
2525 4703 2656 4744 vero
2680 4691 3032 4759 explicationi
3089 4693 3378 4750 subscribit
3405 4696 3592 4760 lsaias,

2021 4799 2141 4835 cum
2167 4784 2402 4853 graviter
2455 4782 2801 4851 insipientem
2843 4784 3094 4853 populum
3147 4785 3456 4855 increpans,
3485 4791 3590 4844 ait:

2026 4866 2281 4944 Nunquid
2307 4893 2406 4928 non
2439 4875 2567 4929 valet
2610 4893 2796 4930 manus
2828 4875 3038 4930 Domini
3078 4879 3246 4933 salvos
3276 4881 3495 4949 facere?
3519 4884 3620 4936 rel-

2021 4968 2250 5035 gravavil
2278 4980 2456 5017 aurem
2491 4981 2644 5018 suam
2678 4977 2730 5017 ut
2768 4983 2871 5019 non
2899 4967 3126 5020 audiat?
3165 4965 3351 5022 Verum
3378 4981 3593 5038 peccatu

2020 5067 2188 5110 vestra
2220 5056 2459 5108 dividunt
2491 5057 2630 5108 inter
2669 5073 2755 5109 vos
2791 5069 2838 5109 et
2869 5056 3034 5110 Deum
3059 5057 3126 5110 ".
3149 5058 3302 5124 Quod
3327 5061 3370 5114 si
3398 5077 3593 5130 pecca-

2021 5159 2196 5204 torum
2237 5150 2512 5216 proprium
2558 5157 2662 5210 est,
2711 5159 2816 5201 uta
2869 5147 2978 5204 Deo
3027 5150 3273 5206 homines
3321 5167 3591 5223 separent,

2024 5243 2163 5296 baud
2217 5252 2363 5295 certe
2414 5240 2579 5294 ullum
2633 5242 2861 5294 avaritia
2916 5243 3233 5300 sceleratius
3287 5257 3594 5316 peccatum,

2023 5351 2181 5402 quam
2239 5343 2292 5387 et
2342 5349 2463 5387 vera
2515 5348 2645 5387 voce
2699 5333 2944 5388 veritatis
3004 5333 3090 5389 ille
3147 5353 3343 5405 przeco,
3375 5340 3591 5404 Ιδιιιιιιις,

2026 5425 2382 5479 idololatrian:
2411 5425 2664 5494 appellat,
2688 5424 3039 5492 omniumque
3064 5427 3322 5484 malorum
3357 5433 3592 5488 radicem

2025 5533 2089 5568 at:
2134 5527 2358 5569 matrem
2395 5517 2458 5566 ³³.

413 5723 448 5748 δε
482 5723 563 5776 Ῑσ.
627 5724 676 5773 εἱ
744 5723 818 5793 μὴ
860 5723 988 5793 γάρ.
1064 5721 1279 5777 “Psal.
1333 5738 1563 5784 xxxviii,
1611 5723 1662 5776 7.
1742 5723 1782 5754 "
1819 5721 1917 5775 lsa.

2020 5735 2070 5787 χ,
2103 5718 2151 5786 ι,
2177 5717 2234 5771 2.
2313 5718 2357 5749 "
2385 5716 2580 5788 Epltes.
2618 5734 2668 5785 ν,
2703 5718 2764 5786 5;
2793 5717 2968 5773 lTim.
3000 5734 3071 5786 vt,
3110 5722 3195 5774 10.
