4034 6204
460 286 562 342 2οἺ

1740 275 1798 329 S.
1842 272 2113 329 ASTERII
2158 271 2455 327 AMASE'M

3614 266 3725 325 308

531 403 671 470 Quid
712 403 855 460 enim
885 417 982 456 eos
1009 402 1099 471 qui
1138 399 1356 457 Christo
1401 399 1671 468 quondam
1714 417 1909 457 nomen
1942 403 2037 453 de-

2214 391 2384 445 Πὸθεν
2413 390 2521 463 γὰρ
2546 391 2594 443 ei
2625 390 2720 461 τῆς
2748 388 2963 461 μερίδος
2991 388 3145 451 δντες
3172 385 3304 440 ποτε
3330 383 3436 439 τῶν
3461 385 3724 454 Χριστια-

463 499 676 563 derant,
703 513 768 552 ac
819 500 1287 551 sacramentorum
1350 489 1566 545 fuerant
1611 492 1925 563 participes.
1975 495 2040 550 ad

465 592 670 644 cultum
702 589 1007 643 dremooum
1046 583 1348 652 pertraxit?
1372 581 1562 637 Nonne
1586 583 1736 652 plura
1764 586 2043 653 possiden-

467 683 521 734 di
553 680 838 749 cupiditas,
888 691 953 731 ac
987 675 1191 731 alienas
1240 674 1486 729 fortunas
1506 678 1808 746 occupandi
1830 677 1853 731 Ἰ
1874 676 2043 731 Nimi-

475 786 592 824 rum
620 784 717 839 spe
754 768 1166 833 magistratuum
1196 781 1260 819 ac
1281 766 1744 835 praefecturarum,
1779 769 2044 839 regiaeque

469 863 856 917 nurniliceutiae
911 875 976 915 ac
1026 861 1329 930 largitionis
1384 860 1453 913 ab
1520 860 1698 929 impiis
1733 860 1892 923 facta,
1950 861 2043 915 Dei

466 956 671 1009 cultum
694 954 1132 1022 religionemque
1159 951 1312 1020 quasi
1365 959 1566 1006 vestem
1610 953 1891 1020 repentino
1930 967 2045 1005 mu-

470 1044 761 1099 tarunt.-Et
790 1045 907 1098 hcce
935 1042 1156 1113 quidem
1192 1040 1526 1095 anteriorum
1556 1041 1803 1111 exempla
1838 1051 2046 1111 tempo-

471 1155 614 1202 rum,
647 1139 818 1192 nostri
842 1136 1005 1205 hujus
1035 1134 1217 1189 saeculi
1258 1124 1535 1188 memoria
1585 1133 1898 1202 auditioque
1932 1151 2047 1188 ser-

471 1232 617 1285 vavit
642 1246 705 1284 ac
738 1231 954 1294 docuit;
1005 1237 1133 1282 sunt
1185 1227 1559 1282 autemetiam
1594 1228 1827 1280 recentia
1858 1243 1920 1282 ac
1951 1242 2048 1281 no-

468 1333 598 1376 stra-
622 1321 818 1375 aetatis.
841 1318 977 1375 Cum
1012 1320 1156 1373 enim
1191 1320 1465 1388 Augustus
1487 1317 1597 1381 ille,
1641 1320 2048 1388 repetttedepo-

471 1413 598 1475 sita,
637 1425 798 1479 quam
825 1408 913 1463 ditt
941 1424 1037 1479 per
1067 1406 1473 1462 simulationem
1508 1417 1848 1476 gestaverat,
1885 1405 2046 1461 Chri-

471 1505 631 1558 stiani
685 1517 964 1570 persona,
1036 1510 1253 1569 totaque
1305 1500 1528 1554 reducto
1588 1498 1790 1568 sipario
1848 1499 2046 1552 nudata

448 1611 658 1660 'scena,
696 1606 806 1649 llllll
829 1594 942 1666 ipse
979 1594 1258 1647 dannoniis
1299 1592 1640 1662 impudenter
1695 1591 2044 1658 sacriﬁcavit,

471 1701 587 1744 ltltli
625 1690 763 1743 alios
796 1688 963 1743 variis
1015 1686 1309 1757 propositis
1345 1684 1579 1754 praemiis
1606 1684 1674 1738 atl
1703 1684 1883 1739 scelus
1905 1684 2046 1739 idem

471 1784 718 1838 invitavit
754 1799 769 1837 :
810 1791 1048 1852 quantus
1104 1780 1171 1834 ab
1217 1779 1461 1834 Ecclesia
1522 1778 1590 1832 ad
1646 1777 1835 1833 altaria
1866 1778 2050 1833 factus

454 1890 554 1933 cst
582 1876 917 1933 concursus?
954 1876 1127 1942 Quam
1160 1875 1313 1929 tnulti
1349 1888 1445 1944 per
1476 1875 1743 1928 honorum
1778 1889 1960 1929 escam
1995 1884 2051 1929 ct

461 1970 783 2039 illecebras,
812 1982 919 2021 una
975 1983 1096 2021 cum
1131 1981 1194 2018 ea
1226 1966 1676 2035 transgreSsionis
1720 1966 1937 2020 hamum
1960 1966 2049 2020 de-

469 2062 777 2118 vorarunt?
823 2061 922 2127 Qui
991 2076 1135 2114 nune
1190 2061 1410 2128 quidem
1466 2060 1756 2129 stigntatici
1807 2060 2052 2115 civitates

471 2155 750 2217 oberrant,
783 2155 1034 2208 omnibus
1056 2153 1181 2208 odio
1217 2170 1280 2206 ac
1304 2152 1561 2216 ludibrio,
1604 2153 1771 2208 habiti
1798 2163 2051 2222 tanquam

470 2246 915 2302 Christi'DOtnini
965 2253 1187 2315 propter
1231 2245 1526 2314 pauxillum
1571 2245 1780 2312 argenti
1815 2245 2052 2314 prodito-

471 2353 599 2405 res;
623 2336 875 2407 expuncti
901 2335 1340 2391 Christianorum
1366 2335 1508 2397 albo,
1544 2336 1685 2390 sicut
1708 2332 1895 2401 ludas,
1926 2349 2053 2403 apo-

471 2432 769 2494 stolorum;
803 2442 834 2482 a
869 2426 1290 2496 transgressoris
1315 2426 1674 2496 appellatione
1698 2428 1832 2493 noti,
1863 2428 1998 2481 sicut
2020 2441 2049 2480 a

470 2522 643 2591 signis
677 2521 837 2590 equi:
871 2520 961 2588 qui
996 2534 1059 2573 se
1092 2529 1299 2572 tantum
1355 2519 1496 2572 trahi
1527 2517 1671 2588 passi
1714 2519 1779 2572 ad
1809 2519 2049 2572 omnium

472 2624 812 2684 peccatorum
837 2611 1185 2667 deterrimam
1217 2610 1649 2679 provocationem
1671 2608 1805 2681 (Qui),
1831 2610 2054 2681 impura:

475 2722 595 2760 ntox
655 2720 721 2760 ac
783 2704 1140 2760 exsecrabilis
1196 2704 1491 2772 impietatis
1546 2703 1822 2757 doctorem
1879 2701 2051 2757 secuti

468 2807 619 2851 811111.

532 2888 618 2941 ita
653 2885 908 2940 nimirum
936 2886 1185 2950 avaritia,
1235 2885 1388 2953 juxta
1425 2884 1740 2954 Apostolum
1763 2926 1779 2950 ,
1831 2884 2055 2940 idolola-

467 2980 576 3033 tria
606 2991 820 3047 quoque
873 2975 1125 3043 eliicitur,
1182 2992 1248 3031 Ic
1299 2980 1542 3031 omnium
1574 2977 1730 3032 radix
1761 2978 2048 3041 malorum,

2143 486 2271 549 νῶν,
2310 485 2404 539 καὶ
2448 484 2695 539 κοινωνοὶ⁵
2749 482 2856 536 τῶν
2912 480 3249 553 μυστηρίων,
3300 477 3437 550 πρὸς
3486 478 3583 548 τὴν
3614 476 3725 530 τῶν

2142 576 2413 647 δαιμόνων
2437 574 2691 646 λατρείαν
2714 570 3075 643 εἱλκύσθησαν
3101 586 3116 636 ;
3143 570 3244 622 οὐκ
3279 568 3444 638 ἔρωτι
3470 567 3566 620 τοῦ
3597 567 3727 620 πολ-

2143 668 2211 722 λὰ
2243 666 2569 740 κτήσασθαι,
2611 666 2704 720 καὶ
2744 663 2925 736 κύριοι
2963 661 3216 732 γενέσθαι
3259 660 3367 715 τῶν
3396 659 3727 731 ἀλλοτρίων;

2145 760 2414 823 Λαϐόντες
2444 760 2501 813 δὲ
2534 758 2855 828 ὑποσχέσεις
2878 756 3029 828 παρὰ
3050 755 3158 808 τῶν
3179 753 3354 809 ἀθέων
3373 752 3470 807 καὶ
3489 753 3728 813 ἀσεϐῶν.

2146 858 2179 929 ἢ
2207 857 2353 928 ζωῆς
2381 855 2729 929 ἀρχοντικῆς,
2772 854 2807 925 ἢ
2836 852 3160 924 περιουσίας
3202 851 3303 922 τῆς
3333 852 3399 903 ὲκ
3429 848 3730 920 βασιλικῶν

2144 950 2433 1021 ταμιείων,
2461 948 2651 1019 ῶσπερ
2679 947 2893 1018 ἱμάτιον
2918 946 3126 1017 ταχέως
3151 944 3249 1016 τὴν
3279 943 3578 1015 θρησκείαν
3606 958 3732 1013 μετ-

2140 1041 2506 1115 νημφιέσαντο.
2549 1041 2661 1094 Καὶ
2685 1038 2756 1093 τὰ
2791 1039 2888 1110 μὲν
2924 1036 3035 1091 τῶν
3070 1036 3330 1107 ἀνωτέρω
3369 1035 3598 1107 χρόνων,
3627 1033 3731 1103 τῆς

2145 1134 2421 1206 ἡμετέρας
2444 1132 2589 1202 ζωῆς
2617 1132 2807 1203 μνήμη
2833 1130 2929 1184 καὶ
2951 1131 3089 1200 ἀκοὴ
3114 1128 3409 1182 διεσώσατο
3437 1126 3531 1179 καὶ⁵
3557 1125 3729 1178 ἐδίδαο

2147 1226 2259 1293 ξεν.
2290 1225 2481 1279 Ἔστιν
2508 1225 2568 1279 δὲ
2595 1224 2633 1280 ἃ
2656 1226 2750 1279 καὶ
2770 1227 2798 1277 ὁ
2826 1222 2946 1278 καθ’
2974 1224 3123 1294 ἡμᾶς
3151 1221 3264 1293 βίος
3289 1223 3355 1291 τῇ
3388 1219 3555 1290 πείρᾳ
3583 1235 3731 1289 παρ-

2146 1319 2368 1376 έδωκεν.
2403 1321 2532 1373 Ὅτε
2570 1318 2680 1389 γὰρ
2725 1321 2754 1372 ὁ
2805 1316 3057 1387 βασιλεὺς
3104 1316 3330 1377 ἐκεῖνος,
3384 1314 3413 1367 ό
3453 1312 3513 1365 τὸ
3561 1324 3733 1383 προσ-

2148 1418 2346 1470 ωπεῖον
2392 1414 2486 1468 τοῦ
2532 1412 2860 1485 Χριστιανοῦ
2894 1410 3091 1483 ἀθρόον
3119 1407 3476 1479 ἀποθέμενος,
3512 1405 3733 1475 γυμνὼο

2151 1526 2249 1571 σας
2284 1507 2343 1561 δὲ
2374 1506 2437 1560 τὸ
2463 1506 2646 1578 δρᾶμα
2680 1503 2739 1557 τὸ
2772 1503 3038 1575 κωμικδν,
3074 1501 3103 1555 ὃ
3135 1501 3194 1553 ἐν
3229 1498 3410 1570 πολλῷ
3443 1498 3521 1569 τῷ
3550 1498 3733 1568 χρόνῳ

2149 1597 2609 1669 καθυπεκρίνατο,
2634 1596 2795 1659 αὐτός
2821 1611 2879 1647 τε
2912 1591 3144 1656 ἀναιδῶς
3162 1591 3319 1644 ἔθυεν
3342 1590 3610 1663 δαίμοσιν,
3635 1589 3734 1642 καὶ

2150 1695 2264 1756 τοῖς
2287 1690 2446 1745 τοῦτο
2474 1687 2815 1760 βουλομένοις
2841 1690 3014 1741 ποιεῖν
3041 1686 3211 1740 πολλὰ
3236 1680 3501 1756 προετέθη
3537 1684 3605 1737 τὰ
3637 1684 3734 1753 γέ-

2162 1804 2250 1858 ρα,
2280 1787 2437 1839 πόσοι
2459 1783 2556 1856 τὴν
2590 1782 2915 1854 Ἐκκλησίαν
2945 1780 3198 1851 ἀφέντες,
3233 1780 3326 1833 ἐπὶ
3352 1779 3481 1841 τοὺς
3517 1777 3731 1848 βωμοὺς

2156 1878 2391 1949 ἔδραμον
2415 1893 2430 1941 ;
2460 1875 2616 1928 πόσοι
2645 1873 2724 1938 δὲ,
2759 1872 2820 1926 τὸ
2846 1870 2956 1926 τῶν
2983 1871 3308 1941 ἀξιωμάτων
3340 1869 3533 1939 δέλεαρ
3560 1868 3732 1921 εἰσδεο

2156 1967 2402 2038 ξάμενοι,
2436 1966 2553 2035 μετ’
2588 1963 2795 2016 ἐκείνου
2836 1962 3093 2015 κατέπιον
3132 1960 3194 2013 τὸ
3229 1960 3328 2030 τῆς
3367 1958 3734 2030 παραϐάσεως

2154 2059 2482 2130 ἄγκιστρον;
2505 2055 2829 2126 Στιγματίαι
2850 2054 2905 2106 δὲ
2926 2050 3302 2124 περινοστοῦσι
3330 2052 3472 2105 κατὰ
3505 2050 3601 2115 τὰς
3636 2051 3738 2105 πόα

2153 2151 2284 2215 λεις,
2332 2149 2668 2222 μισούμενοι·
2708 2143 3311 2214 δακτυλοδεικτούμενοι
3350 2141 3605 2213 προδόται
3638 2141 3736 2195 καὶ

2153 2238 2299 2298 οὗτοι
2334 2240 2430 2295 τοῦ
2459 2239 2699 2314 Χριστοῦ
2740 2238 2805 2292 δι’
2827 2237 3006 2307 ὀλίγον
3026 2235 3309 2309 ἀργύριον·
3346 2234 3607 2305 ὲξόριστοι
3636 2232 3739 2286 τοῦ

2156 2333 2460 2404 καταλόγου
2482 2334 2592 2387 τῶν
2620 2331 2982 2405 Χριστιανῶν,
3000 2329 3080 2393 ὡς
3111 2328 3311 2392 Ἰούδας
3363 2327 3471 2382 τῶν
3498 2327 3724 2381 ἀποστό-

2154 2428 2283 2481 λων·
2313 2427 2422 2482 ἁπδ
2448 2427 2549 2497 τῆς
2581 2424 2950 2498 προσηγορίας
2989 2422 3084 2476 τοῦ
3113 2421 3434 2494 παραϐάτου
3470 2420 3740 2491 γνωριζό-

2156 2536 2329 2590 μενοι,
2364 2518 2440 2582 ὡς
2463 2516 2571 2571 ἀπὸ
2599 2516 2706 2570 τῶν
2729 2516 3055 2587 σημάντρων
3090 2515 3140 2567 οἱ
3174 2514 3348 2568 ἵπποιο
3384 2513 3739 2577 ἑλκυσθέντες

2159 2610 2321 2683 μόνον
2360 2610 2440 2673 εἰς
2474 2608 2573 2680 τὴν
2601 2607 2992 2680 χαλεπωτάτην
3030 2606 3281 2678 παταγὴν
3324 2607 3515 2660 πασῶν
3554 2607 3741 2678 ἁμαρ-

2154 2700 2308 2766 τιῶν,
2333 2700 2429 2754 καὶ
2456 2699 2620 2763 εὐθὺς
2647 2698 3112 2772 ἀκολουθήσαντες
3147 2699 3227 2770 τῷ
3254 2699 3353 2770 τῆς
3380 2698 3608 2770 βεϐήλου
3640 2699 3739 2753 καὶ

2157 2794 2363 2864 μιαρᾶς
2385 2791 2700 2856 δυσσεϐείας
2728 2791 3092 2864 μυστηωγῷ.

2226 2885 2385 2940 Οὕτω
2407 2885 2587 2939 τοίνυν
2610 2884 2751 2940 κατὰ
2777 2885 2869 2940 τὸν
2891 2884 3213 2939 Ἀπόστολον
3245 2886 3274 2958 ἡ
3308 2884 3590 2951 πλεονεξία
3637 2887 3740 2940 καὶ

2156 2978 2573 3051 εἱδωλολατρεια
2606 2977 2835 3048 γίνεται,
2878 2978 2971 3032 καὶ
3007 2978 3132 3052 ῥίζα
3162 2980 3380 3034 πάντων
3411 2979 3519 3033 τῶν
3547 2979 3738 3034 κακῶν

474 3071 756 3125 innumera
807 3084 871 3123 ex
909 3084 1028 3127 sese
1066 3069 1195 3123 vitia
1240 3070 1586 3140 progiguens.
1642 3072 1795 3126 sicut
1847 3072 1989 3126 enim
2017 3071 2046 3126 ii

2155 3073 2323 3136 ἐστιν,
2355 3071 2447 3141 ἀφ’
2482 3071 2680 3142 ἑαυτῆς
2719 3068 3033 3142 ἁμυθήτους
3089 3071 3336 3139 γεννῶσα
3377 3074 3593 3136 κακίας.
3644 3073 3740 3129 Ὦς

472 3164 564 3234 qui
592 3177 783 3217 aurum
813 3162 865 3216 in
903 3162 1024 3215 sinu
1061 3162 1466 3232 visceribusque
1506 3173 1663 3217 terra!
1714 3173 2050 3227 scrutantur,

471 3269 692 3309 auream
722 3264 923 3307 terram
965 3253 1110 3308 circa
1152 3254 1450 3323 principem
1477 3269 1542 3309 ac
1585 3260 1867 3325 proprium
1891 3271 2055 3327 gene-

473 3346 699 3401 rationis
744 3346 919 3400 locum
960 3344 1272 3399 cumulatim
1328 3346 1616 3414 repositam
1660 3346 1889 3401 inveniri
1928 3362 2045 3401 nar.

477 3447 619 3505 rant,
659 3450 715 3493 et
776 3438 986 3507 aliquas
1048 3437 1172 3493 inde
1225 3437 1369 3491 velut
1398 3453 1561 3493 venas
1602 3439 1655 3494 in
1683 3439 1896 3511 longum
1929 3443 2055 3496 hinc

474 3531 599 3585 inde
621 3529 865 3601 produci,
893 3544 955 3582 ac
985 3529 1137 3583 varie
1174 3530 1373 3595 secari,
1405 3531 1545 3585 sicut
1600 3534 1853 3588 arborum
1903 3549 1933 3588 a
1964 3535 2056 3589 sti-

473 3623 585 3694 pite
643 3624 750 3678 late
804 3637 925 3678 sese
957 3621 1234 3691 explicant
1261 3636 1327 3677 ac
1354 3621 1658 3677 tliﬂ'unduut
1697 3625 1905 3679 radices
1936 3640 1952 3678 :
1984 3626 2050 3678 ad

470 3716 720 3770 cutudetn
750 3714 990 3779 modum,
1033 3713 1199 3767 tnulta
1236 3712 1323 3768 hic
1354 3715 1509 3770 video
1533 3715 1780 3785 germina
1820 3717 2051 3772 multos-

471 3822 577 3879 que
614 3805 884 3871 surculos,
911 3820 1016 3860 una
1071 3806 1371 3877 eademque
1418 3809 1599 3863 radice
1652 3809 1895 3865 avaritiae
1919 3826 2053 3865 con-

466 3901 685 3971 iunctos
731 3919 751 3967 ;
801 3916 865 3956 ac
911 3914 1044 3955 sane
1113 3899 1256 3956 haud
1306 3901 1691 3956 inconveniens
1733 3900 1865 3973 (25).
1908 3902 2051 3972 quod

472 4008 654 4047 sermo
702 3993 963 4046 adversus
1015 3992 1303 4046 avaritiam
1355 3992 1422 4046 ab
1453 4007 1586 4046 auro
1632 3992 1839 4046 invenit
1865 4008 2052 4048 exem-

472 4085 618 4153 plum
681 4092 845 4153 atque
879 4084 1197 4153 “imaginem.
1255 4083 1392 4139 [line
1434 4085 1759 4153 parricidam
1786 4086 1944 4140 video
1967 4102 2052 4157 ge-

472 4177 667 4233 nitoris
725 4178 890 4247 capiti
947 4176 1371 4242 imminentem;
1421 4176 1676 4249 nullaque
1729 4179 2051 4235 venerandae

469 4267 718 4335 canitiei,
782 4267 864 4322 vel
914 4278 1152 4337 paterna:
1198 4267 1540 4322 auctoritatis
1601 4271 1922 4334 reverentia,
1979 4273 2050 4327 ob

469 4362 770 4433 leugiorem
813 4364 959 4416 senis
983 4362 1147 4415 vitam
1202 4360 1592 4431 indignantem.
1641 4360 1867 4418 Omnem
1901 4368 2046 4421 enim

2155 3166 2265 3235 γὰρ
2302 3166 2349 3217 οἱ
2380 3164 2471 3217 τὸν
2502 3163 2704 3235 χρυσὸν
2729 3163 2822 3218 ἐπὶ
2845 3163 2954 3217 τῶν
2980 3163 3197 3219 κόλπων
3222 3165 3324 3235 τῆς
3354 3167 3457 3238 γῆς
3485 3166 3737 3237 ἀνιχνεύ-

2152 3274 2325 3321 οντες,
2356 3258 2520 3326 φασὶν
2547 3257 2646 3330 τὴν
2672 3259 2918 3329 χρυσῖτιν
2945 3258 3047 3329 γῆν
3078 3258 3165 3312 ἐπ’
3195 3259 3364 3329 αὐτῆς
3391 3259 3491 3330 μὲν
3519 3261 3617 3331 τῆς
3637 3261 3741 3332 ἀρ-

2151 3348 2255 3418 χῆς
2285 3349 2381 3402 καὶ
2422 3350 2524 3419 τῆς
2561 3349 2909 3421 κυριωτάτης
2931 3348 3198 3418 γενέσεως
3233 3350 3471 3422 σωρηδὸν
3507 3353 3742 3406 ἀποκεῖ-

2155 3440 2310 3495 σθαι*
2364 3440 2577 3495 ἐκεῖθεν
2622 3441 2679 3495 δὲ
2737 3441 2925 3515 ὥσπερ
2979 3441 3182 3511 φλέϐας
3233 3444 3385 3508 τινὰς
3430 3444 3539 3497 ἀπό
3587 3461 3740 3508 τινος

2152 3533 2304 3589 ἐνθεν
2348 3535 2443 3589 καὶ
2477 3534 2629 3588 ἔνθεν
2660 3537 2739 3600 είς
2770 3535 2977 3607 μακρὸν
3006 3535 3235 3607 διήκειν,
3266 3537 3361 3589 καὶ
3400 3536 3743 3607 mxumae;

2152 3628 2535 3683 ἀποτείνεσθαι
2564 3630 2682 3683 κατ’
2710 3628 2881 3692 αὑτάς
2910 3645 3011 3682 που
3036 3627 3133 3692 τὰς
3157 3629 3314 3700 ῥίζας
3335 3629 3444 3681 τῶν
3472 3628 3735 3699 δένδρων,

2148 3724 2249 3785 τὰς
2279 3723 2342 3775 ὲκ
2374 3720 2466 3775 τοῦ
2502 3720 2740 3793 πρέμνον
2770 3720 3200 3793 διαπλουμένας·
3230 3720 3403 3786 οὕτως
3426 3721 3735 3784 κάνταῦθα,

2153 3814 2354 3878 πολλὰς
2390 3813 2603 3885 βλέπων
2643 3816 2742 3877 τὰς
2763 3814 3086 3885 ἀποφύσεις,
3133 3816 3231 3885 μιᾷ
3266 3813 3392 3887 ῥίζα
3416 3815 3515 3885 τῆς
3544 3813 3740 3867 πλεον⁶

2151 3906 2301 3972 εξίας
2328 3907 2427 3971 τὰς
2461 3908 2645 3972 πάσας
2669 3907 3057 3979 συνδεδεμένας
3084 3908 3341 3979 εὑρίσκω.
3383 3907 3494 3961 Καὶ
3547 3907 3737 3978 μέντοι

2144 4002 2244 4055 καὶ
2271 4000 2372 4054 οὐκ
2400 4000 2466 4054 ἂν
2496 4001 2695 4054 οἰκεῖον
2721 4001 2768 4033 ⁸³
2802 3995 2958 4072 εὗρεν
2989 4002 3017 4054 ό
3046 4000 3204 4070 λόγος
3240 3999 3379 4072 πρὸς
3422 3997 3740 4064 πλεονεξίαν

2151 4092 2215 4145 ἐκ
2237 4089 2331 4145 τοῦ
2356 4089 2561 4163 χρυσοῦ
2583 4089 2645 4144 τὸ
2673 4091 3000 4162 ὑπόδειγμα.
3046 4090 3329 4144 Ἐντεῦθεν
3358 4091 3470 4163 ὁρῶ
3500 4091 3590 4143 τὸν
3625 4107 3738 4144 πα-

2149 4184 2405 4258 τραλοίαν
2465 4183 2564 4255 τῆς
2628 4181 2874 4253 κεφαλῆς
2919 4176 3019 4253 τῆξ
3081 4181 3421 4253 γεννησάσης
3469 4180 3740 4233 κατατολ-

2155 4277 2361 4349 μῶνταο
2395 4278 2496 4331 οὐκ
2531 4275 2847 4347 αἰδούμενον
2882 4274 2938 4328 δὲ
2987 4275 3110 4330 οὔτε
3137 4274 3236 4346 τὴν
3271 4273 3483 4338 πολιὰν,
3518 4272 3644 4328 οὔτε
3671 4274 3740 4328 τὺ

2155 4369 2417 4441 πατρικὸν
2467 4366 2704 4439 ἀξίωμα,
2754 4365 2890 4421 ἀλλὰ
2922 4370 2987 4439 τῇ
3032 4366 3124 4420 ὲπλ.
3164 4367 3325 4421 πλέον
3367 4367 3478 4438 ζωῇ
3515 4366 3609 4421 τοῦ
3649 4368 3742 4436 γέ-

458 4455 679 4524 ‘c0piatu
703 4453 845 4509 domi
878 4452 1105 4523 largiter
1145 4463 1433 4523 suppetere
1483 4453 1692 4521 videns,
1726 4470 1827 4510 nec
1854 4473 2042 4515 eorum

2156 4431 2343 4534 ροντος
2375 4431 2728 4534 βαρούμενον.
2765 4431 3090 4531 Πάνταᾶὰρ
3118 4460 3260 4532 ὀρῶν
3300 4431 3393 4514 ἐπί
3426 4431 3523 4532 της
3551 4431 3736 4524 οἰκίας

472 4561 596 4616 qua:
624 4545 737 4599 visa
771 4542 1011 4598 alliciunt
1047 4558 1213 4613 penes
1244 4559 1305 4599 se
1331 4544 1632 4600 dominium
1672 4546 1914 4618 habens;
1947 4569 2046 4606 cn-

466 4637 733 4707 piensque
780 4649 970 4690 eorum
1003 4649 1067 4689 ac
1107 4633 1423 4689 deliciarum
1472 4634 1592 4690 ﬁeri
1642 4636 1910 4706 dominus,
1950 4657 2044 4711 pa-

467 4738 620 4783 terna
666 4734 1055 4797 coangustatur
1098 4722 1482 4780 'dominatione
1534 4740 1598 4783 ac
1642 4737 1925 4798 potestate.
1968 4734 2047 4790 Ac

466 4818 624 4873 initio
660 4817 871 4890 quidem
918 4816 1194 4872 silentium
1227 4816 1378 4883 colit,
1430 4817 1648 4889 alteque
1704 4825 2039 4883 reconditum

535 4911 583 4944 ⁸⁸
614 4910 740 4982 Leg.
773 4908 874 4964 οὐκ
892 4909 1176 4965 ἀνοίκειον.

536 5005 594 5075 (2
606 5004 649 5075 ι)
663 5076 674 5086 ⁸
690 5003 1034 5086 Deterrimum
1056 5006 1503 5086 Provocationem,
1530 5004 1629 5086 sit;
1650 5007 2037 5086 χαίεπωτάτην

465 5073 736 5147 παταγήν.
759 5073 912 5147 Velut
931 5075 1463 5147 condictumsignum
1481 5077 1627 5130 edito
1647 5073 1711 5130 ex
1734 5073 2038 5146 percussio-

467 5164 534 5201 ne
565 5145 698 5202 sono
728 5163 741 5200 :
771 5145 915 5214 quod
935 5153 1093 5199 vocat
1115 5145 1359 5214 Asterius
1392 5145 1653 5200 bonorum
1677 5162 1740 5201 ac
1771 5151 2033 5209 honorum

466 5213 799 5283 propositam
841 5230 1013 5284 spem,
1051 5230 1154 5285 qua
1184 5213 1429 5270 Julianus
1469 5216 1756 5285 plurimum
1807 5227 2037 5279 tentavit

465 5286 823 5356 Christianos,
874 5283 945 5338 ut
1003 5283 1081 5339 ex
1115 5283 1358 5355 Gregorii
1393 5283 1647 5356 'l'h‘eolngi
1696 5303 1757 5341 ac
1803 5290 2030 5348 aliorum

465 5355 752 5431 :eqmliutn
792 5357 1153 5431 monumentis
1188 5356 1575 5431 Ii_qttel._S_uatu
1623 5367 1810 5412 auctor
1849 5374 2032 5431 aperte

465 5424 1002 5497 mtateutsiguiﬁcat,
1033 5436 1089 5481 et
1118 5435 1176 5479 ιιι
1215 5424 1326 5495 ipsa
1375 5425 1571 5482 .luliani
1618 5438 1778 5483 relate
1821 5424 2037 5497 vixerit,

465 5498 625 5567 eique
674 5494 837 5550 luerit
874 5508 1187 5563 superstes:
1224 5494 1456 5551 obscuro
1512 5508 1723 5562 tamen,
1776 5494 2042 5558 mtdtosne

466 5581 536 5620 an
565 5580 766 5635 paucos
804 5579 995 5635 annos.
1033 5581 1151 5621 sese
1180 5567 1215 5621 ii
1252 5569 1606 5622 excesserint.
1647 5568 1849 5623 Iudicat
1882 5590 1908 5624 a
1941 5571 2038 5627 Ju-

468 5633 634 5701 liano,
657 5635 748 5706 qui
774 5633 1090 5706 παραϐάτης
1106 5640 1534 5693 antonomastice
1550 5640 1725 5694 dictus
1740 5650 1841 5703 est,
1863 5641 2039 5698 factos

463 5709 533 5763 ab
573 5723 637 5765 eo
681 5707 987 5761 desertores
1037 5706 1360 5762 Christiana:
1393 5708 1689 5780 religionis,
1740 5711 2035 5781 appellatos

2149 4556 2377 4625 ἄφθονα,
2413 4555 2507 4609 καὶ
2526 4552 2625 4627 τὴν
2653 4553 2903 4622 ἐξουσίαν
2936 4554 3044 4608 τῶν
3072 4553 3419 4626 βλεπομένων
3443 4555 3542 4608 οὐκ
3564 4554 3731 4624 ἔχων,

2151 4647 2433 4720 ἐπιθυμῶν
2462 4648 2520 4701 δὲ
2544 4646 2733 4719 κύριος
2762 4641 2902 4699 εἶναι
2933 4644 3110 4699 αὐτῶν
3149 4663 3208 4700 τε
3239 4648 3333 4701 καὶ
3361 4647 3460 4718 τῆς
3508 4662 3733 4718 περιου-

2153 4742 2293 4807 σίας,
2324 4741 2604 4796 στενοῦται
2645 4744 2712 4813 τῇ
2746 4745 2984 4814 πατρικῇ
3021 4740 3328 4813 αύθεντείᾳ..
3364 4742 3475 4794 Καὶ
3523 4738 3589 4792 τὰ
3628 4739 3734 4810 μὲν

2150 4835 2339 4908 πρῶτα
2374 4836 2570 4907 σιωπᾷ,
2614 4834 2708 4888 καὶ
2739 4837 2798 4888 ὲν
2843 4833 2920 4906 τῷ
2952 4833 3105 4905 βάθει
3164 4833 3378 4905 κατέχει
3410 4832 3508 4904 τὴν
3552 4833 3732 4886 νόσονο

2144 5018 2457 5073 Juliam’tas.
2484 5014 2942 5071 LatiniJulianum
2978 5015 3147 5085 magis
3176 5017 3479 5082 Aporlatam
3506 5025 3727 5077 vocant,

2145 5104 2305 5157 quant
2363 5098 2818 5157 transtri-esserem
2872 5100 2967 5139 seu
3017 5087 3532 5154 praevaricatorem,
3582 5088 3727 5155 quod

2138 5155 2330 5216 (ἔπειτα
2356 5174 2458 5229 vox
2489 5155 2816 5229 παραϐάτης
2836 5164 2993 5209 sonat

2214 5229 2325 5299 (25)
2366 5226 2525 5299 aud
2554 5223 3118 5299 sermoinconveniens.
3146 5223 3289 5299 Lego
3302 5225 3404 5280 οὐκ
3432 5227 3724 5299 ἀνοίκειον,

2140 5296 2283 5370 quad
2307 5296 2371 5352 et
2393 5296 2517 5369 legit
2551 5298 2798 5370 interpr.,
2826 5296 3087 5370 necillud,
3105 5296 3205 5349 οὐκ
3231 5297 3296 5370 ἂν
3324 5299 3542 5370 οξκείον,
3578 5298 3724 5370 aliud

2143 5368 2387 5425 videatur
2430 5368 2590 5438 quam
2631 5369 2913 5436 scripturae
2970 5368 3176 5438 vitium.
3231 5368 3434 5420 Passim
3490 5383 3619 5421 vero
3667 5369 3726 5422 in

2149 5439 2387 5507 antiquis
2437 5436 2650 5507 quoque
2700 5439 2978 5493 codicibus
3024 5436 3159 5489 mala
3209 5438 3294 5491 illa
3345 5450 3568 5499 vocum,
3617 5453 3727 5506 qua

2146 5512 2341 5564 divisio
2372 5524 2477 5578 qua
2506 5509 2809 5563 contractio
2836 5509 3093 5569 occurrit,
3127 5516 3185 5561 ιιι
3217 5509 3285 5562 sit
3327 5520 3463 5576 opus
3493 5507 3727 5574 judicio.

2146 5582 2213 5635 ad
2242 5580 2639 5651 percipiendam
2689 5590 2922 5634 utcuteut
2963 5590 3243 5633 auctorum
3279 5593 3342 5632 ac
3382 5580 3512 5649 quid
3545 5579 3727 5651 reipsa

2146 5652 2179 5705 ii
2208 5650 2546 5719 scripserint.
