  <div class='ocr_page' id='page_1' title='image "/cluster/home/n/w/nwhite01/storage/ocr_20150623/40/hvd.32044073501843/112.png"; bbox 0 0 4034 6204; ppageno 0'>
   <div class='ocr_carea' id='block_1_1' title="bbox 300 330 3577 401">
    <p class='ocr_par' dir='ltr' id='par_1_1' title="bbox 300 330 3577 401">
     <span class='ocr_line' id='line_1_1' title="bbox 300 330 3577 401; baseline 0.002 -13"><span class='ocrx_word' id='word_1_1' title='bbox 300 330 392 389; x_wconf 74' lang='lat'><strong>209</strong></span> <span class='ocrx_word' id='word_1_2' title='bbox 650 384 661 389; x_wconf 90' lang='lat'><strong>-</strong></span> <span class='ocrx_word' id='word_1_3' title='bbox 1327 336 1613 394; x_wconf 76' lang='lat' dir='ltr'><strong>IIOMILIA</strong></span> <span class='ocrx_word' id='word_1_4' title='bbox 1659 337 1744 395; x_wconf 82' lang='lat' dir='ltr'><strong>Ill.</strong></span> <span class='ocrx_word' id='word_1_5' title='bbox 1783 338 2158 401; x_wconf 78' lang='lat' dir='ltr'><strong>ADVERSUS</strong></span> <span class='ocrx_word' id='word_1_6' title='bbox 2188 343 2649 400; x_wconf 56' lang='lat' dir='ltr'><strong>AVARITIAM’.&quot;</strong></span> <span class='ocrx_word' id='word_1_7' title='bbox 3470 342 3577 395; x_wconf 67' lang='grc' dir='ltr'><strong>ειο</strong></span> 
     </span>
    </p>
   </div>
   <div class='ocr_carea' id='block_1_2' title="bbox 304 452 1897 537">
    <p class='ocr_par' dir='ltr' id='par_1_2' title="bbox 304 452 1890 531">
     <span class='ocr_line' id='line_1_2' title="bbox 304 452 1890 531; baseline 0.004 -24"><span class='ocrx_word' id='word_1_8' title='bbox 304 452 369 524; x_wconf 79' lang='grc' dir='ltr'>τῷ</span> <span class='ocrx_word' id='word_1_9' title='bbox 400 452 586 523; x_wconf 76' lang='grc' dir='ltr'>χρόνῳ</span> <span class='ocrx_word' id='word_1_10' title='bbox 622 452 680 506; x_wconf 72' lang='grc' dir='ltr'>δὲ</span> <span class='ocrx_word' id='word_1_11' title='bbox 712 455 807 524; x_wconf 74' lang='grc' dir='ltr'><strong>τὴν</strong></span> <span class='ocrx_word' id='word_1_12' title='bbox 832 452 1130 527; x_wconf 77' lang='grc' dir='ltr'><strong>ἐπιθυμίαν</strong></span> <span class='ocrx_word' id='word_1_13' title='bbox 1164 456 1484 522; x_wconf 80' lang='grc' dir='ltr'><strong>πλεονάσας,</strong></span> <span class='ocrx_word' id='word_1_14' title='bbox 1536 460 1632 513; x_wconf 74' lang='grc' dir='ltr'>καὶ</span> <span class='ocrx_word' id='word_1_15' title='bbox 1671 460 1890 531; x_wconf 81' lang='grc' dir='ltr'>πληρω·</span> 
     </span>
    </p>
   </div>
   <div class='ocr_carea' id='block_1_3' title="bbox 1987 452 3580 537">
    <p class='ocr_par' dir='ltr' id='par_1_3' title="bbox 1997 464 3580 537">
     <span class='ocr_line' id='line_1_3' title="bbox 1997 464 3580 537; baseline 0.001 -19"><span class='ocrx_word' id='word_1_16' title='bbox 1997 464 2243 519; x_wconf 84' lang='lat' dir='ltr'><strong>morbum</strong></span> <span class='ocrx_word' id='word_1_17' title='bbox 2275 466 2504 533; x_wconf 83' lang='lat' dir='ltr'><strong>retiaet;</strong></span> <span class='ocrx_word' id='word_1_18' title='bbox 2540 467 2664 521; x_wconf 88' lang='lat' dir='ltr'><strong>dein</strong></span> <span class='ocrx_word' id='word_1_19' title='bbox 2702 482 2828 521; x_wconf 85' lang='lat' dir='ltr'><strong>vero</strong></span> <span class='ocrx_word' id='word_1_20' title='bbox 2882 475 3035 522; x_wconf 79' lang='lat' dir='ltr'><strong>aucta</strong></span> <span class='ocrx_word' id='word_1_21' title='bbox 3068 482 3162 537; x_wconf 89' lang='lat' dir='ltr'><strong>per</strong></span> <span class='ocrx_word' id='word_1_22' title='bbox 3194 475 3405 535; x_wconf 81' lang='lat' dir='ltr'><strong>tempus</strong></span> <span class='ocrx_word' id='word_1_23' title='bbox 3426 465 3580 535; x_wconf 85' lang='lat' dir='ltr'><strong>cupi-</strong></span> 
     </span>
    </p>
   </div>
   <div class='ocr_carea' id='block_1_4' title="bbox 299 545 1892 629">
    <p class='ocr_par' dir='ltr' id='par_1_4' title="bbox 299 545 1890 622">
     <span class='ocr_line' id='line_1_4' title="bbox 299 545 1890 622; baseline 0.003 -22"><span class='ocrx_word' id='word_1_24' title='bbox 299 547 408 610; x_wconf 81' lang='grc' dir='ltr'>θεὶς</span> <span class='ocrx_word' id='word_1_25' title='bbox 436 545 542 617; x_wconf 76' lang='grc' dir='ltr'><strong>τὴν</strong></span> <span class='ocrx_word' id='word_1_26' title='bbox 577 546 772 616; x_wconf 57' lang='grc' dir='ltr'>ψυχὴν,</span> <span class='ocrx_word' id='word_1_27' title='bbox 814 546 1011 618; x_wconf 85' lang='grc' dir='ltr'>ἀθρόον</span> <span class='ocrx_word' id='word_1_28' title='bbox 1062 550 1360 621; x_wconf 76' lang='grc' dir='ltr'>ὲκρήγνυσι</span> <span class='ocrx_word' id='word_1_29' title='bbox 1402 551 1502 622; x_wconf 81' lang='grc' dir='ltr'>τὴν</span> <span class='ocrx_word' id='word_1_30' title='bbox 1552 552 1774 616; x_wconf 77' lang='grc' dir='ltr'>κακίαν,</span> <span class='ocrx_word' id='word_1_31' title='bbox 1814 552 1890 616; x_wconf 85' lang='grc' dir='ltr'>ὠς</span> 
     </span>
    </p>
   </div>
   <div class='ocr_carea' id='block_1_5' title="bbox 1986 545 3579 629">
    <p class='ocr_par' dir='ltr' id='par_1_5' title="bbox 1996 557 3579 629">
     <span class='ocr_line' id='line_1_5' title="bbox 1996 557 3579 629; baseline 0.001 -18"><span class='ocrx_word' id='word_1_32' title='bbox 1996 558 2184 622; x_wconf 85' lang='lat' dir='ltr'><strong>ditate,</strong></span> <span class='ocrx_word' id='word_1_33' title='bbox 2206 574 2271 613; x_wconf 87' lang='lat' dir='ltr'><strong>ac</strong></span> <span class='ocrx_word' id='word_1_34' title='bbox 2304 561 2488 613; x_wconf 86' lang='lat' dir='ltr'><strong>animo</strong></span> <span class='ocrx_word' id='word_1_35' title='bbox 2509 561 2621 629; x_wconf 88' lang='lat' dir='ltr'><strong>jam</strong></span> <span class='ocrx_word' id='word_1_36' title='bbox 2667 568 2930 623; x_wconf 84' lang='lat' dir='ltr'><strong>tumente,</strong></span> <span class='ocrx_word' id='word_1_37' title='bbox 2980 568 3200 627; x_wconf 81' lang='lat' dir='ltr'><strong>repente</strong></span> <span class='ocrx_word' id='word_1_38' title='bbox 3227 557 3428 612; x_wconf 84' lang='lat' dir='ltr'><strong>malum</strong></span> <span class='ocrx_word' id='word_1_39' title='bbox 3454 571 3579 627; x_wconf 89' lang='lat' dir='ltr'><strong>pro-</strong></span> 
     </span>
    </p>
   </div>
   <div class='ocr_carea' id='block_1_6' title="bbox 300 640 1893 719">
    <p class='ocr_par' dir='ltr' id='par_1_6' title="bbox 300 640 1892 716">
     <span class='ocr_line' id='line_1_6' title="bbox 300 640 1892 716; baseline 0.003 -23"><span class='ocrx_word' id='word_1_40' title='bbox 300 641 392 693; x_wconf 66' lang='grc' dir='ltr'><strong>ἐπὶ</strong></span> <span class='ocrx_word' id='word_1_41' title='bbox 423 640 535 693; x_wconf 81' lang='grc' dir='ltr'><strong>τῶν</strong></span> <span class='ocrx_word' id='word_1_42' title='bbox 570 640 819 709; x_wconf 75' lang='grc' dir='ltr'><strong>σωλήνων</strong></span> <span class='ocrx_word' id='word_1_43' title='bbox 852 641 924 694; x_wconf 74' lang='grc' dir='ltr'>τὰ</span> <span class='ocrx_word' id='word_1_44' title='bbox 946 641 1132 696; x_wconf 75' lang='grc' dir='ltr'>ὕδατα.</span> <span class='ocrx_word' id='word_1_45' title='bbox 1164 644 1275 697; x_wconf 75' lang='grc' dir='ltr'>Καὶ</span> <span class='ocrx_word' id='word_1_46' title='bbox 1305 643 1489 698; x_wconf 87' lang='grc' dir='ltr'>λοιπόν</span> <span class='ocrx_word' id='word_1_47' title='bbox 1514 647 1662 698; x_wconf 74' lang='grc' dir='ltr'>ἐστιν</span> <span class='ocrx_word' id='word_1_48' title='bbox 1684 644 1892 716; x_wconf 82' lang='grc' dir='ltr'>ἀφόρη-</span> 
     </span>
    </p>
   </div>
   <div class='ocr_carea' id='block_1_7' title="bbox 1987 640 3580 719">
    <p class='ocr_par' dir='ltr' id='par_1_7' title="bbox 1999 648 3580 719">
     <span class='ocr_line' id='line_1_7' title="bbox 1999 648 3580 719; baseline -0.001 -17"><span class='ocrx_word' id='word_1_49' title='bbox 1999 650 2217 718; x_wconf 87' lang='lat' dir='ltr'><strong>rumpit,</strong></span> <span class='ocrx_word' id='word_1_50' title='bbox 2272 666 2376 702; x_wconf 74' lang='lat' dir='ltr'><strong>non</strong></span> <span class='ocrx_word' id='word_1_51' title='bbox 2414 650 2574 704; x_wconf 93' lang='lat' dir='ltr'><strong>aliter</strong></span> <span class='ocrx_word' id='word_1_52' title='bbox 2623 665 2784 719; x_wconf 88' lang='lat' dir='ltr'><strong>quam</strong></span> <span class='ocrx_word' id='word_1_53' title='bbox 2828 666 2857 704; x_wconf 92' lang='lat' dir='ltr'><strong>e</strong></span> <span class='ocrx_word' id='word_1_54' title='bbox 2915 649 3111 705; x_wconf 90' lang='lat' dir='ltr'><strong>ﬁstulis</strong></span> <span class='ocrx_word' id='word_1_55' title='bbox 3173 665 3238 703; x_wconf 91' lang='lat' dir='ltr'><strong>ac</strong></span> <span class='ocrx_word' id='word_1_56' title='bbox 3295 648 3580 702; x_wconf 81' lang='lat' dir='ltr'><strong>canalibus</strong></span> 
     </span>
    </p>
   </div>
   <div class='ocr_carea' id='block_1_8' title="bbox 305 731 1898 810">
    <p class='ocr_par' dir='ltr' id='par_1_8' title="bbox 305 731 1894 806">
     <span class='ocr_line' id='line_1_8' title="bbox 305 731 1894 806; baseline 0.003 -21"><span class='ocrx_word' id='word_1_57' title='bbox 305 748 394 796; x_wconf 87' lang='grc' dir='ltr'><strong>τος</strong></span> <span class='ocrx_word' id='word_1_58' title='bbox 430 732 511 803; x_wconf 82' lang='grc' dir='ltr'><strong>τῷ</strong></span> <span class='ocrx_word' id='word_1_59' title='bbox 543 731 835 805; x_wconf 71' lang='grc' dir='ltr'>πρεσὸύτῃ,</span> <span class='ocrx_word' id='word_1_60' title='bbox 875 734 1159 804; x_wconf 76' lang='grc' dir='ltr'><strong>μονονουχὶ</strong></span> <span class='ocrx_word' id='word_1_61' title='bbox 1192 734 1532 789; x_wconf 78' lang='grc' dir='ltr'>συνελαύνων</span> <span class='ocrx_word' id='word_1_62' title='bbox 1565 737 1729 790; x_wconf 73' lang='grc' dir='ltr'>αὑτὸν</span> <span class='ocrx_word' id='word_1_63' title='bbox 1756 736 1894 806; x_wconf 81' lang='grc' dir='ltr'>πρὸς</span> 
     </span>
    </p>
   </div>
   <div class='ocr_carea' id='block_1_9' title="bbox 1985 731 3578 810">
    <p class='ocr_par' dir='ltr' id='par_1_9' title="bbox 1996 740 3578 810">
     <span class='ocr_line' id='line_1_9' title="bbox 1996 740 3578 810; baseline 0 -16"><span class='ocrx_word' id='word_1_64' title='bbox 1996 757 2148 810; x_wconf 76' lang='lat' dir='ltr'><strong>aqua:</strong></span> <span class='ocrx_word' id='word_1_65' title='bbox 2176 742 2275 796; x_wconf 80' lang='lat' dir='ltr'><strong>vis.</strong></span> <span class='ocrx_word' id='word_1_66' title='bbox 2313 740 2449 795; x_wconf 83' lang='lat' dir='ltr'><strong>Tum</strong></span> <span class='ocrx_word' id='word_1_67' title='bbox 2497 742 2587 797; x_wconf 90' lang='lat' dir='ltr'><strong>ille</strong></span> <span class='ocrx_word' id='word_1_68' title='bbox 2647 744 2849 799; x_wconf 88' lang='lat' dir='ltr'><strong>misero</strong></span> <span class='ocrx_word' id='word_1_69' title='bbox 2901 742 3016 797; x_wconf 86' lang='lat' dir='ltr'><strong>seni</strong></span> <span class='ocrx_word' id='word_1_70' title='bbox 3076 740 3434 796; x_wconf 87' lang='lat' dir='ltr'><strong>intolerabilis</strong></span> <span class='ocrx_word' id='word_1_71' title='bbox 3474 749 3578 803; x_wconf 84' lang='lat' dir='ltr'><strong>est,</strong></span> 
     </span>
    </p>
   </div>
   <div class='ocr_carea' id='block_1_10' title="bbox 307 826 1900 902">
    <p class='ocr_par' dir='ltr' id='par_1_10' title="bbox 307 826 1895 899">
     <span class='ocr_line' id='line_1_10' title="bbox 307 826 1895 899; baseline 0.003 -21"><span class='ocrx_word' id='word_1_72' title='bbox 307 827 432 889; x_wconf 73' lang='grc' dir='ltr'>τοὺς</span> <span class='ocrx_word' id='word_1_73' title='bbox 467 826 670 894; x_wconf 85' lang='grc' dir='ltr'>τάφους</span> <span class='ocrx_word' id='word_1_74' title='bbox 716 826 1032 894; x_wconf 74' lang='grc' dir='ltr'>ὑγιαίνοντα</span> <span class='ocrx_word' id='word_1_75' title='bbox 1064 827 1158 881; x_wconf 85' lang='grc' dir='ltr'>καὶ</span> <span class='ocrx_word' id='word_1_76' title='bbox 1199 827 1505 899; x_wconf 75' lang='grc' dir='ltr'>βαδίζοντα.</span> <span class='ocrx_word' id='word_1_77' title='bbox 1539 831 1637 884; x_wconf 78' lang='grc' dir='ltr'>Ἂν</span> <span class='ocrx_word' id='word_1_78' title='bbox 1678 828 1895 899; x_wconf 77' lang='grc' dir='ltr'>κούφως</span> 
     </span>
    </p>
   </div>
   <div class='ocr_carea' id='block_1_11' title="bbox 1987 826 3580 902">
    <p class='ocr_par' dir='ltr' id='par_1_11' title="bbox 1998 830 3580 902">
     <span class='ocr_line' id='line_1_11' title="bbox 1998 830 3580 902; baseline 0 -18"><span class='ocrx_word' id='word_1_79' title='bbox 1998 830 2195 901; x_wconf 76' lang='lat' dir='ltr'><strong>vixque</strong></span> <span class='ocrx_word' id='word_1_80' title='bbox 2228 848 2331 886; x_wconf 84' lang='lat' dir='ltr'><strong>non</strong></span> <span class='ocrx_word' id='word_1_81' title='bbox 2362 831 2629 886; x_wconf 90' lang='lat' dir='ltr'><strong>valentem</strong></span> <span class='ocrx_word' id='word_1_82' title='bbox 2656 848 2719 886; x_wconf 90' lang='lat' dir='ltr'><strong>ae</strong></span> <span class='ocrx_word' id='word_1_83' title='bbox 2749 832 2905 886; x_wconf 88' lang='lat' dir='ltr'><strong>ﬁrmo</strong></span> <span class='ocrx_word' id='word_1_84' title='bbox 2937 847 3148 902; x_wconf 85' lang='lat' dir='ltr'><strong>gressu,</strong></span> <span class='ocrx_word' id='word_1_85' title='bbox 3178 831 3246 885; x_wconf 89' lang='lat' dir='ltr'><strong>ad</strong></span> <span class='ocrx_word' id='word_1_86' title='bbox 3271 831 3580 899; x_wconf 86' lang='lat' dir='ltr'><strong>sepulcrum</strong></span> 
     </span>
    </p>
   </div>
   <div class='ocr_carea' id='block_1_12' title="bbox 304 913 1897 992">
    <p class='ocr_par' dir='ltr' id='par_1_12' title="bbox 304 913 1894 992">
     <span class='ocr_line' id='line_1_12' title="bbox 304 913 1894 992; baseline 0.006 -26"><span class='ocrx_word' id='word_1_87' title='bbox 304 914 475 985; x_wconf 75' lang='grc' dir='ltr'>ἀναϐῇ</span> <span class='ocrx_word' id='word_1_88' title='bbox 505 913 596 967; x_wconf 78' lang='grc' dir='ltr'>τὸν</span> <span class='ocrx_word' id='word_1_89' title='bbox 628 915 820 978; x_wconf 81' lang='grc' dir='ltr'>ἵππον,</span> <span class='ocrx_word' id='word_1_90' title='bbox 867 915 1306 988; x_wconf 73' lang='grc' dir='ltr'>ὑπερθαυμάζειο</span> <span class='ocrx_word' id='word_1_91' title='bbox 1348 917 1415 973; x_wconf 87' lang='grc' dir='ltr'><strong>ἂν</strong></span> <span class='ocrx_word' id='word_1_92' title='bbox 1460 920 1669 991; x_wconf 79' lang='grc' dir='ltr'><strong>τροφῆς</strong></span> <span class='ocrx_word' id='word_1_93' title='bbox 1718 921 1894 992; x_wconf 63' lang='grc' dir='ltr'>ερρω-</span> 
     </span>
    </p>
   </div>
   <div class='ocr_carea' id='block_1_13' title="bbox 1986 913 3579 992">
    <p class='ocr_par' dir='ltr' id='par_1_13' title="bbox 1998 920 3579 992">
     <span class='ocr_line' id='line_1_13' title="bbox 1998 920 3579 992; baseline -0.001 -18"><span class='ocrx_word' id='word_1_94' title='bbox 1998 922 2142 992; x_wconf 87' lang='lat' dir='ltr'><strong>cogit</strong></span> <span class='ocrx_word' id='word_1_95' title='bbox 2168 936 2231 976; x_wconf 87' lang='lat' dir='ltr'><strong>ae</strong></span> <span class='ocrx_word' id='word_1_96' title='bbox 2253 922 2432 977; x_wconf 81' lang='lat' dir='ltr'><strong>eﬁ&#39;ert.</strong></span> <span class='ocrx_word' id='word_1_97' title='bbox 2474 921 2529 975; x_wconf 93' lang='lat' dir='ltr'><strong>Si</strong></span> <span class='ocrx_word' id='word_1_98' title='bbox 2547 937 2743 991; x_wconf 88' lang='lat' dir='ltr'><strong>equum</strong></span> <span class='ocrx_word' id='word_1_99' title='bbox 2774 920 3357 992; x_wconf 78' lang='lat' dir='ltr'><strong>agilitereunscendit,</strong></span> <span class='ocrx_word' id='word_1_100' title='bbox 3384 920 3579 974; x_wconf 83' lang='lat' dir='ltr'><strong>mirum</strong></span> 
     </span>
    </p>
   </div>
   <div class='ocr_carea' id='block_1_14' title="bbox 302 1006 1895 1085">
    <p class='ocr_par' dir='ltr' id='par_1_14' title="bbox 302 1006 1895 1079">
     <span class='ocr_line' id='line_1_14' title="bbox 302 1006 1895 1079; baseline 0.004 -21"><span class='ocrx_word' id='word_1_101' title='bbox 302 1006 626 1077; x_wconf 81' lang='grc' dir='ltr'>μενέστερον</span> <span class='ocrx_word' id='word_1_102' title='bbox 656 1006 954 1079; x_wconf 73' lang='grc' dir='ltr'>μεταλάϐῃ,</span> <span class='ocrx_word' id='word_1_103' title='bbox 984 1008 1267 1079; x_wconf 76' lang='grc' dir='ltr'>γογγύςειο</span> <span class='ocrx_word' id='word_1_104' title='bbox 1295 1010 1364 1065; x_wconf 84' lang='grc' dir='ltr'>ἂν</span> <span class='ocrx_word' id='word_1_105' title='bbox 1387 1011 1517 1075; x_wconf 72' lang='grc' dir='ltr'>τους</span> <span class='ocrx_word' id='word_1_106' title='bbox 1546 1012 1764 1076; x_wconf 76' lang='grc' dir='ltr'><strong>οἰκέτας</strong></span> <span class='ocrx_word' id='word_1_107' title='bbox 1796 1013 1895 1065; x_wconf 82' lang='grc' dir='ltr'><strong>ἐω-</strong></span> 
     </span>
    </p>
   </div>
   <div class='ocr_carea' id='block_1_15' title="bbox 1990 1006 3583 1085">
    <p class='ocr_par' dir='ltr' id='par_1_15' title="bbox 2000 1013 3583 1085">
     <span class='ocr_line' id='line_1_15' title="bbox 2000 1013 3583 1085; baseline -0.001 -16"><span class='ocrx_word' id='word_1_108' title='bbox 2000 1013 2053 1069; x_wconf 89' lang='lat' dir='ltr'><strong>in</strong></span> <span class='ocrx_word' id='word_1_109' title='bbox 2080 1015 2298 1069; x_wconf 87' lang='lat' dir='ltr'><strong>modum</strong></span> <span class='ocrx_word' id='word_1_110' title='bbox 2330 1014 2560 1069; x_wconf 83' lang='lat' dir='ltr'><strong>miratur</strong></span> <span class='ocrx_word' id='word_1_111' title='bbox 2587 1029 2649 1069; x_wconf 90' lang='lat' dir='ltr'><strong>ac</strong></span> <span class='ocrx_word' id='word_1_112' title='bbox 2673 1023 2890 1085; x_wconf 83' lang='lat' dir='ltr'><strong>stupet;</strong></span> <span class='ocrx_word' id='word_1_113' title='bbox 2919 1015 2965 1069; x_wconf 88' lang='lat' dir='ltr'><strong>si</strong></span> <span class='ocrx_word' id='word_1_114' title='bbox 3021 1014 3247 1084; x_wconf 78' lang='lat' dir='ltr'><strong>largius.</strong></span> <span class='ocrx_word' id='word_1_115' title='bbox 3280 1022 3416 1068; x_wconf 86' lang='lat' dir='ltr'><strong>etut</strong></span> <span class='ocrx_word' id='word_1_116' title='bbox 3447 1013 3583 1067; x_wconf 75' lang='lat' dir='ltr'><strong>bene</strong></span> 
     </span>
    </p>
   </div>
   <div class='ocr_carea' id='block_1_16' title="bbox 299 1100 1892 1178">
    <p class='ocr_par' dir='ltr' id='par_1_16' title="bbox 299 1100 1892 1178">
     <span class='ocr_line' id='line_1_16' title="bbox 299 1100 1892 1178; baseline 0.004 -26"><span class='ocrx_word' id='word_1_117' title='bbox 299 1100 443 1162; x_wconf 81' lang='grc' dir='ltr'>θινὸς</span> <span class='ocrx_word' id='word_1_118' title='bbox 488 1100 750 1172; x_wconf 72' lang='grc' dir='ltr'>διεγείρει</span> <span class='ocrx_word' id='word_1_119' title='bbox 793 1101 931 1173; x_wconf 72' lang='grc' dir='ltr'>πρὸς</span> <span class='ocrx_word' id='word_1_120' title='bbox 958 1102 1060 1167; x_wconf 75' lang='grc' dir='ltr'>τὰς</span> <span class='ocrx_word' id='word_1_121' title='bbox 1084 1103 1413 1175; x_wconf 77' lang='grc' dir='ltr'><strong>ὑπηρεσίας,</strong></span> <span class='ocrx_word' id='word_1_122' title='bbox 1453 1106 1523 1176; x_wconf 75' lang='grc' dir='ltr'>τῇ</span> <span class='ocrx_word' id='word_1_123' title='bbox 1565 1105 1892 1178; x_wconf 81' lang='grc' dir='ltr'>ὲγρηγόρσει</span> 
     </span>
    </p>
   </div>
   <div class='ocr_carea' id='block_1_17' title="bbox 1987 1100 3580 1178">
    <p class='ocr_par' dir='ltr' id='par_1_17' title="bbox 2000 1104 3580 1176">
     <span class='ocr_line' id='line_1_17' title="bbox 2000 1104 3580 1176; baseline -0.003 -18"><span class='ocrx_word' id='word_1_124' title='bbox 2000 1119 2186 1168; x_wconf 83' lang='lat' dir='ltr'><strong>sanus,</strong></span> <span class='ocrx_word' id='word_1_125' title='bbox 2216 1104 2368 1159; x_wconf 84' lang='lat' dir='ltr'><strong>cibos</strong></span> <span class='ocrx_word' id='word_1_126' title='bbox 2392 1104 2579 1169; x_wconf 86' lang='lat' dir='ltr'><strong>sumit,</strong></span> <span class='ocrx_word' id='word_1_127' title='bbox 2610 1104 2716 1159; x_wconf 80' lang='lat' dir='ltr'><strong>fert</strong></span> <span class='ocrx_word' id='word_1_128' title='bbox 2741 1120 2906 1176; x_wconf 54' lang='lat' dir='ltr'><strong>aegre,</strong></span> <span class='ocrx_word' id='word_1_129' title='bbox 2928 1120 3224 1174; x_wconf 79' lang='lat' dir='ltr'><strong>secumque</strong></span> <span class='ocrx_word' id='word_1_130' title='bbox 3255 1114 3580 1169; x_wconf 87' lang='lat' dir='ltr'><strong>murmurat;</strong></span> 
     </span>
    </p>
   </div>
   <div class='ocr_carea' id='block_1_18' title="bbox 297 1194 1890 1269">
    <p class='ocr_par' dir='ltr' id='par_1_18' title="bbox 297 1194 1890 1268">
     <span class='ocr_line' id='line_1_18' title="bbox 297 1194 1890 1268; baseline 0.003 -20"><span class='ocrx_word' id='word_1_131' title='bbox 297 1194 391 1248; x_wconf 75' lang='grc' dir='ltr'><strong>καὶ</strong></span> <span class='ocrx_word' id='word_1_132' title='bbox 416 1197 485 1264; x_wconf 79' lang='grc' dir='ltr'>τῇ</span> <span class='ocrx_word' id='word_1_133' title='bbox 516 1195 753 1265; x_wconf 76' lang='grc' dir='ltr'><strong>δυνάμει</strong></span> <span class='ocrx_word' id='word_1_134' title='bbox 783 1195 877 1249; x_wconf 76' lang='grc' dir='ltr'>τοῦ</span> <span class='ocrx_word' id='word_1_135' title='bbox 908 1195 1167 1268; x_wconf 85' lang='grc' dir='ltr'>γέροντος</span> <span class='ocrx_word' id='word_1_136' title='bbox 1198 1197 1444 1268; x_wconf 80' lang='grc' dir='ltr'><strong>ἄχθεται.</strong></span> <span class='ocrx_word' id='word_1_137' title='bbox 1476 1199 1572 1251; x_wconf 76' lang='grc' dir='ltr'>Ἂν</span> <span class='ocrx_word' id='word_1_138' title='bbox 1599 1199 1656 1252; x_wconf 84' lang='grc' dir='ltr'>δὲ</span> <span class='ocrx_word' id='word_1_139' title='bbox 1685 1200 1779 1252; x_wconf 75' lang='grc' dir='ltr'>καὶ</span> <span class='ocrx_word' id='word_1_140' title='bbox 1805 1198 1890 1252; x_wconf 88' lang='grc' dir='ltr'>δω-</span> 
     </span>
    </p>
   </div>
   <div class='ocr_carea' id='block_1_19' title="bbox 1987 1194 3580 1269">
    <p class='ocr_par' dir='ltr' id='par_1_19' title="bbox 2001 1197 3580 1269">
     <span class='ocr_line' id='line_1_19' title="bbox 2001 1197 3580 1269; baseline -0.001 -16"><span class='ocrx_word' id='word_1_141' title='bbox 2001 1200 2054 1253; x_wconf 80' lang='lat' dir='ltr'><strong>si</strong></span> <span class='ocrx_word' id='word_1_142' title='bbox 2083 1197 2315 1255; x_wconf 80' lang='lat' dir='ltr'><strong>famulos</strong></span> <span class='ocrx_word' id='word_1_143' title='bbox 2344 1200 2412 1254; x_wconf 86' lang='lat' dir='ltr'><strong>ad</strong></span> <span class='ocrx_word' id='word_1_144' title='bbox 2470 1216 2634 1269; x_wconf 84' lang='lat' dir='ltr'><strong>opera</strong></span> <span class='ocrx_word' id='word_1_145' title='bbox 2669 1215 2733 1255; x_wconf 86' lang='lat' dir='ltr'><strong>ac</strong></span> <span class='ocrx_word' id='word_1_146' title='bbox 2798 1200 3101 1255; x_wconf 86' lang='lat' dir='ltr'><strong>ministeria</strong></span> <span class='ocrx_word' id='word_1_147' title='bbox 3164 1215 3322 1255; x_wconf 87' lang='lat' dir='ltr'><strong>mane</strong></span> <span class='ocrx_word' id='word_1_148' title='bbox 3356 1200 3580 1261; x_wconf 62' lang='lat' dir='ltr'><strong>excitat,</strong></span> 
     </span>
    </p>
   </div>
   <div class='ocr_carea' id='block_1_20' title="bbox 304 1283 1897 1364">
    <p class='ocr_par' dir='ltr' id='par_1_20' title="bbox 304 1283 1897 1360">
     <span class='ocr_line' id='line_1_20' title="bbox 304 1283 1897 1360; baseline 0.022 -26"><span class='ocrx_word' id='word_1_149' title='bbox 304 1283 526 1355; x_wconf 69' lang='grc' dir='ltr'>ρήσεταί</span> <span class='ocrx_word' id='word_1_150' title='bbox 570 1303 625 1338; x_wconf 88' lang='grc' dir='ltr'><strong>τι</strong></span> <span class='ocrx_word' id='word_1_151' title='bbox 666 1285 777 1339; x_wconf 87' lang='grc' dir='ltr'><strong>τῶν</strong></span> <span class='ocrx_word' id='word_1_152' title='bbox 817 1286 1200 1357; x_wconf 83' lang='grc' dir='ltr'>κειμηλίων,ἢ</span> <span class='ocrx_word' id='word_1_153' title='bbox 1247 1288 1465 1359; x_wconf 78' lang='grc' dir='ltr'>οίκέτην</span> <span class='ocrx_word' id='word_1_154' title='bbox 1506 1289 1617 1360; x_wconf 69' lang='grc' dir='ltr'><strong>δι’ᾇῇ</strong></span> <span class='ocrx_word' id='word_1_155' title='bbox 1645 1289 1745 1360; x_wconf 66' lang='grc' dir='ltr'><strong>τῆς</strong></span> <span class='ocrx_word' id='word_1_156' title='bbox 1776 1288 1897 1343; x_wconf 52' lang='lat'><strong>80“&quot;</strong></span> 
     </span>
    </p>
   </div>
   <div class='ocr_carea' id='block_1_21' title="bbox 1990 1283 3583 1364">
    <p class='ocr_par' dir='ltr' id='par_1_21' title="bbox 2004 1288 3583 1364">
     <span class='ocr_line' id='line_1_21' title="bbox 2004 1288 3583 1364; baseline 0.003 -23"><span class='ocrx_word' id='word_1_157' title='bbox 2004 1288 2337 1361; x_wconf 76' lang='lat' dir='ltr'><strong>vigilantiam</strong></span> <span class='ocrx_word' id='word_1_158' title='bbox 2375 1293 2681 1362; x_wconf 86' lang='lat' dir='ltr'><strong>bonamque</strong></span> <span class='ocrx_word' id='word_1_159' title='bbox 2728 1291 3097 1348; x_wconf 87' lang='lat' dir='ltr'><strong>valetudinem</strong></span> <span class='ocrx_word' id='word_1_160' title='bbox 3133 1294 3280 1347; x_wconf 88' lang='lat' dir='ltr'><strong>senis</strong></span> <span class='ocrx_word' id='word_1_161' title='bbox 3318 1293 3487 1364; x_wconf 81' lang='lat' dir='ltr'><strong>gemit</strong></span> <span class='ocrx_word' id='word_1_162' title='bbox 3519 1306 3583 1346; x_wconf 86' lang='lat' dir='ltr'><strong>ae</strong></span> 
     </span>
    </p>
   </div>
   <div class='ocr_carea' id='block_1_22' title="bbox 302 1376 1895 1456">
    <p class='ocr_par' dir='ltr' id='par_1_22' title="bbox 302 1376 1895 1450">
     <span class='ocr_line' id='line_1_22' title="bbox 302 1376 1895 1450; baseline 0.004 -20"><span class='ocrx_word' id='word_1_163' title='bbox 302 1378 467 1440; x_wconf 80' lang='grc' dir='ltr'>λείας,</span> <span class='ocrx_word' id='word_1_164' title='bbox 501 1378 626 1430; x_wconf 84' lang='grc' dir='ltr'>τότε</span> <span class='ocrx_word' id='word_1_165' title='bbox 645 1376 710 1448; x_wconf 80' lang='grc' dir='ltr'>δὴ</span> <span class='ocrx_word' id='word_1_166' title='bbox 747 1378 890 1443; x_wconf 86' lang='grc' dir='ltr'>τότε,</span> <span class='ocrx_word' id='word_1_167' title='bbox 936 1378 1030 1433; x_wconf 72' lang='grc' dir='ltr'><strong>καὶ</strong></span> <span class='ocrx_word' id='word_1_168' title='bbox 1056 1380 1242 1450; x_wconf 74' lang='grc' dir='ltr'>λῆρος,</span> <span class='ocrx_word' id='word_1_169' title='bbox 1276 1379 1369 1435; x_wconf 70' lang='grc' dir='ltr'><strong>καὶ</strong></span> <span class='ocrx_word' id='word_1_170' title='bbox 1414 1381 1770 1450; x_wconf 78' lang='grc' dir='ltr'><strong>παραπαίων,</strong></span> <span class='ocrx_word' id='word_1_171' title='bbox 1805 1382 1895 1436; x_wconf 63' lang='grc' dir='ltr'><strong>καὶ</strong></span> 
     </span>
    </p>
   </div>
   <div class='ocr_carea' id='block_1_23' title="bbox 1991 1376 3584 1456">
    <p class='ocr_par' dir='ltr' id='par_1_23' title="bbox 2006 1381 3584 1456">
     <span class='ocr_line' id='line_1_23' title="bbox 2006 1381 3584 1456; baseline 0.001 -20"><span class='ocrx_word' id='word_1_172' title='bbox 2006 1381 2171 1437; x_wconf 83' lang='lat' dir='ltr'><strong>dolet.</strong></span> <span class='ocrx_word' id='word_1_173' title='bbox 2207 1382 2360 1449; x_wconf 78' lang='lat' dir='ltr'><strong>Quod</strong></span> <span class='ocrx_word' id='word_1_174' title='bbox 2385 1384 2428 1437; x_wconf 83' lang='lat' dir='ltr'><strong>si</strong></span> <span class='ocrx_word' id='word_1_175' title='bbox 2460 1385 2745 1456; x_wconf 88' lang='lat' dir='ltr'><strong>pignorum</strong></span> <span class='ocrx_word' id='word_1_176' title='bbox 2776 1385 2980 1454; x_wconf 88' lang='lat' dir='ltr'><strong>aliquid</strong></span> <span class='ocrx_word' id='word_1_177' title='bbox 3014 1386 3316 1450; x_wconf 63' lang='lat' dir='ltr'><strong>donaverit,</strong></span> <span class='ocrx_word' id='word_1_178' title='bbox 3348 1394 3441 1438; x_wconf 90' lang='lat' dir='ltr'><strong>aut</strong></span> <span class='ocrx_word' id='word_1_179' title='bbox 3468 1401 3584 1439; x_wconf 88' lang='lat' dir='ltr'><strong>ser-</strong></span> 
     </span>
    </p>
   </div>
   <div class='ocr_carea' id='block_1_24' title="bbox 300 1471 1893 1545">
    <p class='ocr_par' dir='ltr' id='par_1_24' title="bbox 300 1471 1893 1545">
     <span class='ocr_line' id='line_1_24' title="bbox 300 1471 1893 1545; baseline 0.003 -21"><span class='ocrx_word' id='word_1_180' title='bbox 300 1472 427 1534; x_wconf 78' lang='grc' dir='ltr'><strong>τοὺς</strong></span> <span class='ocrx_word' id='word_1_181' title='bbox 481 1472 585 1540; x_wconf 77' lang='grc' dir='ltr'>τῆς</span> <span class='ocrx_word' id='word_1_182' title='bbox 625 1471 773 1542; x_wconf 79' lang='grc' dir='ltr'>ζωῆς</span> <span class='ocrx_word' id='word_1_183' title='bbox 818 1471 1063 1543; x_wconf 72' lang='grc' dir='ltr'>ὑπερϐὰς</span> <span class='ocrx_word' id='word_1_184' title='bbox 1106 1474 1289 1545; x_wconf 76' lang='grc' dir='ltr'>ὅρους,</span> <span class='ocrx_word' id='word_1_185' title='bbox 1338 1475 1433 1527; x_wconf 71' lang='grc' dir='ltr'><strong>καὶ</strong></span> <span class='ocrx_word' id='word_1_186' title='bbox 1461 1473 1569 1527; x_wconf 86' lang='grc' dir='ltr'><strong>τῶν</strong></span> <span class='ocrx_word' id='word_1_187' title='bbox 1601 1472 1893 1545; x_wconf 79' lang='grc' dir='ltr'>ἀλλοτρίων</span> 
     </span>
    </p>
   </div>
   <div class='ocr_carea' id='block_1_25' title="bbox 1995 1471 3588 1545">
    <p class='ocr_par' dir='ltr' id='par_1_25' title="bbox 2004 1477 3588 1543">
     <span class='ocr_line' id='line_1_25' title="bbox 2004 1477 3588 1543; baseline 0.001 -15"><span class='ocrx_word' id='word_1_188' title='bbox 2004 1490 2130 1530; x_wconf 78' lang='lat' dir='ltr'><strong>vum</strong></span> <span class='ocrx_word' id='word_1_189' title='bbox 2163 1491 2324 1530; x_wconf 87' lang='lat' dir='ltr'><strong>manu</strong></span> <span class='ocrx_word' id='word_1_190' title='bbox 2351 1477 2580 1543; x_wconf 85' lang='lat' dir='ltr'><strong>miserit,</strong></span> <span class='ocrx_word' id='word_1_191' title='bbox 2617 1487 2746 1533; x_wconf 91' lang='lat' dir='ltr'><strong>tunc</strong></span> <span class='ocrx_word' id='word_1_192' title='bbox 2777 1493 2909 1533; x_wconf 90' lang='lat' dir='ltr'><strong>sane</strong></span> <span class='ocrx_word' id='word_1_193' title='bbox 2948 1488 3097 1543; x_wconf 90' lang='lat' dir='ltr'><strong>tunc,</strong></span> <span class='ocrx_word' id='word_1_194' title='bbox 3117 1478 3279 1533; x_wconf 84' lang='lat' dir='ltr'><strong>homo</strong></span> <span class='ocrx_word' id='word_1_195' title='bbox 3303 1477 3503 1533; x_wconf 84' lang='lat' dir='ltr'><strong>delirus</strong></span> <span class='ocrx_word' id='word_1_196' title='bbox 3525 1491 3588 1531; x_wconf 85' lang='lat' dir='ltr'><strong>ac</strong></span> 
     </span>
    </p>
   </div>
   <div class='ocr_carea' id='block_1_26' title="bbox 299 1562 1892 1640">
    <p class='ocr_par' dir='ltr' id='par_1_26' title="bbox 299 1562 1892 1638">
     <span class='ocr_line' id='line_1_26' title="bbox 299 1562 1892 1638; baseline 0.003 -22"><span class='ocrx_word' id='word_1_197' title='bbox 299 1562 613 1635; x_wconf 79' lang='grc' dir='ltr'>σπαθητὴς,</span> <span class='ocrx_word' id='word_1_198' title='bbox 688 1564 783 1617; x_wconf 72' lang='grc' dir='ltr'><strong>καὶ</strong></span> <span class='ocrx_word' id='word_1_199' title='bbox 846 1566 961 1620; x_wconf 73' lang='grc' dir='ltr'>πᾶν</span> <span class='ocrx_word' id='word_1_200' title='bbox 1027 1564 1353 1638; x_wconf 77' lang='grc' dir='ltr'><strong>βλάσφημον</strong></span> <span class='ocrx_word' id='word_1_201' title='bbox 1411 1566 1628 1621; x_wconf 85' lang='grc' dir='ltr'>ἀκούων</span> <span class='ocrx_word' id='word_1_202' title='bbox 1688 1566 1892 1638; x_wconf 77' lang='grc' dir='ltr'>ἐμπαρ-</span> 
     </span>
    </p>
   </div>
   <div class='ocr_carea' id='block_1_27' title="bbox 1997 1562 3590 1640">
    <p class='ocr_par' dir='ltr' id='par_1_27' title="bbox 2005 1567 3590 1640">
     <span class='ocr_line' id='line_1_27' title="bbox 2005 1567 3590 1640; baseline 0.002 -18"><span class='ocrx_word' id='word_1_203' title='bbox 2005 1567 2205 1623; x_wconf 77' lang='lat' dir='ltr'><strong>nientis</strong></span> <span class='ocrx_word' id='word_1_204' title='bbox 2234 1581 2429 1623; x_wconf 75' lang='lat' dir='ltr'><strong>emota:</strong></span> <span class='ocrx_word' id='word_1_205' title='bbox 2455 1570 2622 1637; x_wconf 80' lang='lat' dir='ltr'><strong>audit,</strong></span> <span class='ocrx_word' id='word_1_206' title='bbox 2649 1569 2851 1640; x_wconf 79' lang='lat' dir='ltr'><strong>quique</strong></span> <span class='ocrx_word' id='word_1_207' title='bbox 2902 1571 3027 1626; x_wconf 74' lang='lat' dir='ltr'><strong>vita:</strong></span> <span class='ocrx_word' id='word_1_208' title='bbox 3076 1571 3372 1625; x_wconf 83' lang='lat' dir='ltr'><strong>excesserit</strong></span> <span class='ocrx_word' id='word_1_209' title='bbox 3410 1569 3590 1625; x_wconf 85' lang='lat' dir='ltr'><strong>termi-</strong></span> 
     </span>
    </p>
   </div>
   <div class='ocr_carea' id='block_1_28' title="bbox 296 1655 1889 1730">
    <p class='ocr_par' dir='ltr' id='par_1_28' title="bbox 296 1655 1889 1729">
     <span class='ocr_line' id='line_1_28' title="bbox 296 1655 1889 1729; baseline 0.001 -21"><span class='ocrx_word' id='word_1_210' title='bbox 296 1658 550 1709; x_wconf 74' lang='grc' dir='ltr'>ν.ιινείται⁶</span> <span class='ocrx_word' id='word_1_211' title='bbox 602 1655 691 1710; x_wconf 82' lang='grc' dir='ltr'><strong>διά</strong></span> <span class='ocrx_word' id='word_1_212' title='bbox 759 1655 813 1709; x_wconf 85' lang='grc' dir='ltr'><strong>τί</strong></span> <span class='ocrx_word' id='word_1_213' title='bbox 864 1655 941 1729; x_wconf 80' lang='grc' dir='ltr'>μὴ</span> <span class='ocrx_word' id='word_1_214' title='bbox 988 1656 1201 1729; x_wconf 84' lang='grc' dir='ltr'>ταχέως</span> <span class='ocrx_word' id='word_1_215' title='bbox 1269 1656 1577 1723; x_wconf 79' lang='grc' dir='ltr'>ἀπέθανεν,</span> <span class='ocrx_word' id='word_1_216' title='bbox 1638 1656 1889 1726; x_wconf 74' lang='grc' dir='ltr'>ἐγκαλού-</span> 
     </span>
    </p>
   </div>
   <div class='ocr_carea' id='block_1_29' title="bbox 1996 1655 3589 1730">
    <p class='ocr_par' dir='ltr' id='par_1_29' title="bbox 2006 1658 3589 1730">
     <span class='ocr_line' id='line_1_29' title="bbox 2006 1658 3589 1730; baseline 0.003 -19"><span class='ocrx_word' id='word_1_217' title='bbox 2006 1672 2127 1721; x_wconf 83' lang='lat' dir='ltr'><strong>nos,</strong></span> <span class='ocrx_word' id='word_1_218' title='bbox 2161 1672 2225 1713; x_wconf 89' lang='lat' dir='ltr'><strong>ac</strong></span> <span class='ocrx_word' id='word_1_219' title='bbox 2284 1658 2445 1713; x_wconf 87' lang='lat' dir='ltr'><strong>alieni</strong></span> <span class='ocrx_word' id='word_1_220' title='bbox 2498 1660 2755 1729; x_wconf 85' lang='lat' dir='ltr'><strong>prodigus</strong></span> <span class='ocrx_word' id='word_1_221' title='bbox 2800 1675 2867 1715; x_wconf 89' lang='lat' dir='ltr'><strong>ac</strong></span> <span class='ocrx_word' id='word_1_222' title='bbox 2927 1660 3180 1730; x_wconf 82' lang='lat' dir='ltr'><strong>profusus</strong></span> <span class='ocrx_word' id='word_1_223' title='bbox 3217 1679 3232 1715; x_wconf 89' lang='lat'><strong>:</strong></span> <span class='ocrx_word' id='word_1_224' title='bbox 3267 1660 3589 1729; x_wconf 85' lang='lat' dir='ltr'><strong>probrisque</strong></span> 
     </span>
    </p>
   </div>
   <div class='ocr_carea' id='block_1_30' title="bbox 300 1746 3587 1821">
    <p class='ocr_par' dir='ltr' id='par_1_30' title="bbox 300 1746 3587 1821">
     <span class='ocr_line' id='line_1_30' title="bbox 300 1746 3587 1821; baseline 0.001 -21"><span class='ocrx_word' id='word_1_225' title='bbox 300 1765 483 1821; x_wconf 77' lang='grc' dir='ltr'>μενος.</span> <span class='ocrx_word' id='word_1_226' title='bbox 1924 1814 1961 1821; x_wconf 49' lang='grc' dir='ltr'>η</span> <span class='ocrx_word' id='word_1_227' title='bbox 2006 1747 2262 1803; x_wconf 82' lang='lat' dir='ltr'><strong>omnibus</strong></span> <span class='ocrx_word' id='word_1_228' title='bbox 2297 1762 2362 1802; x_wconf 88' lang='lat' dir='ltr'><strong>ac</strong></span> <span class='ocrx_word' id='word_1_229' title='bbox 2386 1747 2691 1803; x_wconf 81' lang='lat' dir='ltr'><strong>maledictis</strong></span> <span class='ocrx_word' id='word_1_230' title='bbox 2734 1748 3103 1817; x_wconf 88' lang='lat' dir='ltr'><strong>proscimtitur</strong></span> <span class='ocrx_word' id='word_1_231' title='bbox 3133 1748 3235 1802; x_wconf 92' lang='lat' dir='ltr'><strong>hoc</strong></span> <span class='ocrx_word' id='word_1_232' title='bbox 3276 1746 3411 1802; x_wconf 89' lang='lat' dir='ltr'><strong>male</strong></span> <span class='ocrx_word' id='word_1_233' title='bbox 3440 1762 3587 1812; x_wconf 84' lang='lat' dir='ltr'><strong>rcus,</strong></span> 
     </span>
    </p>
   </div>
   <div class='ocr_carea' id='block_1_31' title="bbox 657 1814 3063 1910">
    <p class='ocr_par' dir='ltr' id='par_1_31' title="bbox 657 1814 3063 1910">
     <span class='ocr_line' id='line_1_31' title="bbox 657 1814 3063 1910; baseline -0.004 -8"><span class='ocrx_word' id='word_1_234' title='bbox 657 1899 662 1902; x_wconf 86' lang='lat'><strong>.</strong></span> <span class='ocrx_word' id='word_1_235' title='bbox 1896 1814 1964 1872; x_wconf 42' lang='lat' dir='ltr'><strong>‘B</strong></span> <span class='ocrx_word' id='word_1_236' title='bbox 2006 1840 2149 1910; x_wconf 91' lang='lat' dir='ltr'><strong>quod</strong></span> <span class='ocrx_word' id='word_1_237' title='bbox 2176 1853 2285 1893; x_wconf 88' lang='lat' dir='ltr'><strong>non</strong></span> <span class='ocrx_word' id='word_1_238' title='bbox 2320 1839 2553 1895; x_wconf 75' lang='lat' dir='ltr'><strong>celerius</strong></span> <span class='ocrx_word' id='word_1_239' title='bbox 2581 1840 2693 1893; x_wconf 84' lang='lat' dir='ltr'><strong>vita</strong></span> <span class='ocrx_word' id='word_1_240' title='bbox 2728 1839 2945 1895; x_wconf 80' lang='lat' dir='ltr'><strong>functus</strong></span> <span class='ocrx_word' id='word_1_241' title='bbox 2972 1824 3063 1895; x_wconf 85' lang='lat' dir='ltr'><strong>sit.</strong></span> 
     </span>
    </p>
   </div>
   <div class='ocr_carea' id='block_1_32' title="bbox 367 1920 1960 2001">
    <p class='ocr_par' dir='ltr' id='par_1_32' title="bbox 367 1920 1898 2001">
     <span class='ocr_line' id='line_1_32' title="bbox 367 1920 1898 2001; baseline 0.001 -20"><span class='ocrx_word' id='word_1_242' title='bbox 367 1930 471 1991; x_wconf 71' lang='grc' dir='ltr'><strong>Σὸς</strong></span> <span class='ocrx_word' id='word_1_243' title='bbox 499 1920 679 1991; x_wconf 71' lang='grc' dir='ltr'>οὗτος,</span> <span class='ocrx_word' id='word_1_244' title='bbox 704 1921 751 1981; x_wconf 73' lang='grc' dir='ltr'><strong>ὦ</strong></span> <span class='ocrx_word' id='word_1_245' title='bbox 788 1926 961 1999; x_wconf 83' lang='grc' dir='ltr'>μιαρὴ</span> <span class='ocrx_word' id='word_1_246' title='bbox 999 1926 1298 1991; x_wconf 83' lang='grc' dir='ltr'>πλεονεξία,</span> <span class='ocrx_word' id='word_1_247' title='bbox 1335 1929 1571 2000; x_wconf 90' lang='grc' dir='ltr'>καρπός·</span> <span class='ocrx_word' id='word_1_248' title='bbox 1610 1927 1898 2001; x_wconf 51' lang='lat' dir='ltr'><strong>impio-06</strong></span> 
     </span>
    </p>
   </div>
   <div class='ocr_carea' id='block_1_33' title="bbox 1994 1920 3587 2001">
    <p class='ocr_par' dir='ltr' id='par_1_33' title="bbox 2070 1929 3587 1998">
     <span class='ocr_line' id='line_1_33' title="bbox 2070 1929 3587 1998; baseline -0.001 -13"><span class='ocrx_word' id='word_1_249' title='bbox 2070 1930 2171 1985; x_wconf 83' lang='lat' dir='ltr'><strong>Tui</strong></span> <span class='ocrx_word' id='word_1_250' title='bbox 2205 1930 2317 1996; x_wconf 86' lang='lat' dir='ltr'><strong>isti,</strong></span> <span class='ocrx_word' id='word_1_251' title='bbox 2344 1930 2609 1987; x_wconf 85' lang='lat' dir='ltr'><strong>scelerata</strong></span> <span class='ocrx_word' id='word_1_252' title='bbox 2639 1931 2893 1998; x_wconf 89' lang='lat' dir='ltr'><strong>avaritia,</strong></span> <span class='ocrx_word' id='word_1_253' title='bbox 2930 1931 3159 1986; x_wconf 80' lang='lat' dir='ltr'><strong>fruetus.</strong></span> <span class='ocrx_word' id='word_1_254' title='bbox 3190 1930 3322 1985; x_wconf 82' lang='lat' dir='ltr'><strong>Tuis</strong></span> <span class='ocrx_word' id='word_1_255' title='bbox 3351 1929 3587 1984; x_wconf 76' lang='lat' dir='ltr'><strong>stimulis</strong></span> 
     </span>
    </p>
   </div>
   <div class='ocr_carea' id='block_1_34' title="bbox 298 2018 1891 2093">
    <p class='ocr_par' dir='ltr' id='par_1_34' title="bbox 298 2018 1891 2092">
     <span class='ocr_line' id='line_1_34' title="bbox 298 2018 1891 2092; baseline 0.001 -18"><span class='ocrx_word' id='word_1_256' title='bbox 298 2022 365 2074; x_wconf 80' lang='grc' dir='ltr'><strong>τά</strong></span> <span class='ocrx_word' id='word_1_257' title='bbox 394 2020 601 2091; x_wconf 82' lang='grc' dir='ltr'>κέντρα</span> <span class='ocrx_word' id='word_1_258' title='bbox 643 2018 939 2090; x_wconf 79' lang='grc' dir='ltr'>λαμϐάνων</span> <span class='ocrx_word' id='word_1_259' title='bbox 980 2020 1009 2072; x_wconf 97' lang='lat'><strong>6</strong></span> <span class='ocrx_word' id='word_1_260' title='bbox 1045 2021 1171 2083; x_wconf 82' lang='grc' dir='ltr'>παῖς</span> <span class='ocrx_word' id='word_1_261' title='bbox 1194 2061 1210 2085; x_wconf 92' lang='lat'><strong>,</strong></span> <span class='ocrx_word' id='word_1_262' title='bbox 1251 2020 1509 2092; x_wconf 78' lang='grc' dir='ltr'>πολέμιος</span> <span class='ocrx_word' id='word_1_263' title='bbox 1546 2021 1755 2090; x_wconf 85' lang='grc' dir='ltr'>γίνεται</span> <span class='ocrx_word' id='word_1_264' title='bbox 1805 2020 1891 2075; x_wconf 79' lang='grc' dir='ltr'>τοῦ</span> 
     </span>
    </p>
   </div>
   <div class='ocr_carea' id='block_1_35' title="bbox 1992 2018 3585 2093">
    <p class='ocr_par' dir='ltr' id='par_1_35' title="bbox 2001 2020 3585 2093">
     <span class='ocr_line' id='line_1_35' title="bbox 2001 2020 3585 2093; baseline -0.001 -18"><span class='ocrx_word' id='word_1_265' title='bbox 2001 2031 2327 2091; x_wconf 79' lang='lat' dir='ltr'><strong>provocatus</strong></span> <span class='ocrx_word' id='word_1_266' title='bbox 2354 2021 2518 2088; x_wconf 86' lang='lat' dir='ltr'><strong>ﬁlius,</strong></span> <span class='ocrx_word' id='word_1_267' title='bbox 2570 2023 2784 2093; x_wconf 89' lang='lat' dir='ltr'><strong>parenti</strong></span> <span class='ocrx_word' id='word_1_268' title='bbox 2845 2022 3081 2079; x_wconf 78' lang='lat' dir='ltr'><strong>eﬂicitur</strong></span> <span class='ocrx_word' id='word_1_269' title='bbox 3132 2022 3325 2078; x_wconf 88' lang='lat' dir='ltr'><strong>hostis.</strong></span> <span class='ocrx_word' id='word_1_270' title='bbox 3360 2020 3585 2076; x_wconf 82' lang='lat' dir='ltr'><strong>Terram</strong></span> 
     </span>
    </p>
   </div>
   <div class='ocr_carea' id='block_1_36' title="bbox 302 2098 1895 2187">
    <p class='ocr_par' dir='ltr' id='par_1_36' title="bbox 302 2113 1895 2187">
     <span class='ocr_line' id='line_1_36' title="bbox 302 2113 1895 2187; baseline -0.001 -19"><span class='ocrx_word' id='word_1_271' title='bbox 302 2116 692 2185; x_wconf 72' lang='grc' dir='ltr'>γεννήσαντος.</span> <span class='ocrx_word' id='word_1_272' title='bbox 726 2114 798 2168; x_wconf 73' lang='grc' dir='ltr'><strong>Σὺ</strong></span> <span class='ocrx_word' id='word_1_273' title='bbox 826 2113 1054 2184; x_wconf 81' lang='grc' dir='ltr'>πληροῖς</span> <span class='ocrx_word' id='word_1_274' title='bbox 1079 2113 1180 2184; x_wconf 80' lang='grc' dir='ltr'><strong>τὴν</strong></span> <span class='ocrx_word' id='word_1_275' title='bbox 1208 2114 1311 2185; x_wconf 85' lang='grc' dir='ltr'>γῆν</span> <span class='ocrx_word' id='word_1_276' title='bbox 1338 2114 1553 2187; x_wconf 78' lang='grc' dir='ltr'>λῃστῶν</span> <span class='ocrx_word' id='word_1_277' title='bbox 1576 2114 1672 2168; x_wconf 76' lang='grc' dir='ltr'><strong>καὶ</strong></span> <span class='ocrx_word' id='word_1_278' title='bbox 1705 2124 1895 2184; x_wconf 76' lang='grc' dir='ltr'>φονευ-</span> 
     </span>
    </p>
   </div>
   <div class='ocr_carea' id='block_1_37' title="bbox 1996 2098 3589 2187">
    <p class='ocr_par' dir='ltr' id='par_1_37' title="bbox 2003 2098 3589 2184">
     <span class='ocr_line' id='line_1_37' title="bbox 2003 2098 3589 2184; baseline 0 -17"><span class='ocrx_word' id='word_1_279' title='bbox 2003 2098 2180 2183; x_wconf 86' lang='lat' dir='ltr'><strong>reples</strong></span> <span class='ocrx_word' id='word_1_280' title='bbox 2209 2112 2511 2170; x_wconf 85' lang='lat' dir='ltr'><strong>latronibus</strong></span> <span class='ocrx_word' id='word_1_281' title='bbox 2550 2129 2615 2169; x_wconf 89' lang='lat' dir='ltr'><strong>ac</strong></span> <span class='ocrx_word' id='word_1_282' title='bbox 2660 2113 2897 2182; x_wconf 84' lang='lat' dir='ltr'><strong>sicariis,</strong></span> <span class='ocrx_word' id='word_1_283' title='bbox 2961 2129 3112 2169; x_wconf 87' lang='lat' dir='ltr'><strong>mare</strong></span> <span class='ocrx_word' id='word_1_284' title='bbox 3167 2113 3378 2184; x_wconf 84' lang='lat' dir='ltr'><strong>piratis,</strong></span> <span class='ocrx_word' id='word_1_285' title='bbox 3426 2113 3589 2168; x_wconf 79' lang='lat' dir='ltr'><strong>urbes</strong></span> 
     </span>
    </p>
   </div>
   <div class='ocr_carea' id='block_1_38' title="bbox 300 2203 1893 2276">
    <p class='ocr_par' dir='ltr' id='par_1_38' title="bbox 300 2203 1893 2276">
     <span class='ocr_line' id='line_1_38' title="bbox 300 2203 1893 2276; baseline 0.001 -18"><span class='ocrx_word' id='word_1_286' title='bbox 300 2208 429 2271; x_wconf 85' lang='grc' dir='ltr'>τῶν,</span> <span class='ocrx_word' id='word_1_287' title='bbox 463 2203 919 2259; x_wconf 71' lang='grc' dir='ltr'>καταποντιστῶν</span> <span class='ocrx_word' id='word_1_288' title='bbox 959 2203 1016 2258; x_wconf 78' lang='grc' dir='ltr'>δὲ</span> <span class='ocrx_word' id='word_1_289' title='bbox 1057 2204 1357 2269; x_wconf 86' lang='grc' dir='ltr'>θάλασσαν,</span> <span class='ocrx_word' id='word_1_290' title='bbox 1390 2206 1490 2268; x_wconf 73' lang='grc' dir='ltr'>τὰς</span> <span class='ocrx_word' id='word_1_291' title='bbox 1523 2206 1710 2269; x_wconf 88' lang='grc' dir='ltr'>πόλεις</span> <span class='ocrx_word' id='word_1_292' title='bbox 1744 2205 1893 2276; x_wconf 85' lang='grc' dir='ltr'>θορύ-</span> 
     </span>
    </p>
   </div>
   <div class='ocr_carea' id='block_1_39' title="bbox 1995 2203 3588 2276">
    <p class='ocr_par' dir='ltr' id='par_1_39' title="bbox 2003 2204 3588 2275">
     <span class='ocr_line' id='line_1_39' title="bbox 2003 2204 3588 2275; baseline 0.001 -16"><span class='ocrx_word' id='word_1_293' title='bbox 2003 2204 2176 2260; x_wconf 91' lang='lat' dir='ltr'><strong>turbis</strong></span> <span class='ocrx_word' id='word_1_294' title='bbox 2210 2212 2375 2275; x_wconf 85' lang='lat' dir='ltr'><strong>atque</strong></span> <span class='ocrx_word' id='word_1_295' title='bbox 2407 2207 2757 2275; x_wconf 86' lang='lat' dir='ltr'><strong>tumultibus,</strong></span> <span class='ocrx_word' id='word_1_296' title='bbox 2801 2208 2976 2263; x_wconf 81' lang='lat' dir='ltr'><strong>forum</strong></span> <span class='ocrx_word' id='word_1_297' title='bbox 3019 2223 3083 2263; x_wconf 90' lang='lat' dir='ltr'><strong>ae</strong></span> <span class='ocrx_word' id='word_1_298' title='bbox 3118 2207 3409 2263; x_wconf 87' lang='lat' dir='ltr'><strong>tribunaiia</strong></span> <span class='ocrx_word' id='word_1_299' title='bbox 3440 2206 3588 2261; x_wconf 76' lang='lat' dir='ltr'><strong>falsis</strong></span> 
     </span>
    </p>
   </div>
   <div class='ocr_carea' id='block_1_40' title="bbox 301 2296 1894 2371">
    <p class='ocr_par' dir='ltr' id='par_1_40' title="bbox 301 2296 1894 2370">
     <span class='ocr_line' id='line_1_40' title="bbox 301 2296 1894 2370; baseline 0.002 -19"><span class='ocrx_word' id='word_1_300' title='bbox 301 2300 435 2361; x_wconf 84' lang='grc' dir='ltr'>6ων,</span> <span class='ocrx_word' id='word_1_301' title='bbox 497 2298 571 2350; x_wconf 66' lang='grc' dir='ltr'>τὰ</span> <span class='ocrx_word' id='word_1_302' title='bbox 616 2297 946 2367; x_wconf 78' lang='grc' dir='ltr'>δικαστήρια</span> <span class='ocrx_word' id='word_1_303' title='bbox 993 2296 1477 2370; x_wconf 70' lang='grc' dir='ltr'>ψευδομαρτύρων,</span> <span class='ocrx_word' id='word_1_304' title='bbox 1523 2299 1894 2370; x_wconf 74' lang='grc' dir='ltr'>συκοφαντῶν,</span> 
     </span>
    </p>
   </div>
   <div class='ocr_carea' id='block_1_41' title="bbox 1994 2296 3587 2371">
    <p class='ocr_par' dir='ltr' id='par_1_41' title="bbox 2004 2297 3587 2371">
     <span class='ocr_line' id='line_1_41' title="bbox 2004 2297 3587 2371; baseline 0.002 -20"><span class='ocrx_word' id='word_1_305' title='bbox 2004 2297 2252 2365; x_wconf 87' lang='lat' dir='ltr'><strong>testibus,</strong></span> <span class='ocrx_word' id='word_1_306' title='bbox 2290 2298 2800 2367; x_wconf 82' lang='lat' dir='ltr'><strong>calumniatoribus,</strong></span> <span class='ocrx_word' id='word_1_307' title='bbox 2854 2300 3243 2371; x_wconf 85' lang='lat' dir='ltr'><strong>proditoribus,</strong></span> <span class='ocrx_word' id='word_1_308' title='bbox 3279 2301 3587 2366; x_wconf 70' lang='lat' dir='ltr'><strong>advocatis,</strong></span> 
     </span>
    </p>
   </div>
   <div class='ocr_carea' id='block_1_42' title="bbox 304 2387 1897 2465">
    <p class='ocr_par' dir='ltr' id='par_1_42' title="bbox 304 2390 1897 2463">
     <span class='ocr_line' id='line_1_42' title="bbox 304 2390 1897 2463; baseline 0.001 -18"><span class='ocrx_word' id='word_1_309' title='bbox 304 2391 608 2463; x_wconf 74' lang='grc' dir='ltr'>προδοτῶν,</span> <span class='ocrx_word' id='word_1_310' title='bbox 641 2390 980 2463; x_wconf 83' lang='grc' dir='ltr'>συνηγόρων,</span> <span class='ocrx_word' id='word_1_311' title='bbox 1009 2390 1283 2444; x_wconf 75' lang='grc' dir='ltr'>δικαστῶν</span> <span class='ocrx_word' id='word_1_312' title='bbox 1305 2392 1423 2445; x_wconf 78' lang='grc' dir='ltr'>ἐκεῖ</span> <span class='ocrx_word' id='word_1_313' title='bbox 1445 2391 1742 2463; x_wconf 71' lang='grc' dir='ltr'>ῥεπόντων,</span> <span class='ocrx_word' id='word_1_314' title='bbox 1769 2393 1897 2447; x_wconf 84' lang='grc' dir='ltr'>ὅπου</span> 
     </span>
    </p>
   </div>
   <div class='ocr_carea' id='block_1_43' title="bbox 1993 2387 3586 2465">
    <p class='ocr_par' dir='ltr' id='par_1_43' title="bbox 1997 2387 3586 2465">
     <span class='ocr_line' id='line_1_43' title="bbox 1997 2387 3586 2465; baseline 0.003 -23"><span class='ocrx_word' id='word_1_315' title='bbox 1997 2387 2276 2458; x_wconf 87' lang='lat' dir='ltr'><strong>judicibus</strong></span> <span class='ocrx_word' id='word_1_316' title='bbox 2324 2407 2391 2447; x_wconf 90' lang='lat' dir='ltr'><strong>eo</strong></span> <span class='ocrx_word' id='word_1_317' title='bbox 2422 2393 2907 2463; x_wconf 85' lang='lat' dir='ltr'><strong>propendentibus,</strong></span> <span class='ocrx_word' id='word_1_318' title='bbox 2940 2408 3067 2465; x_wconf 83' lang='lat' dir='ltr'><strong>quo</strong></span> <span class='ocrx_word' id='word_1_319' title='bbox 3122 2402 3177 2449; x_wconf 90' lang='lat' dir='ltr'><strong>tu</strong></span> <span class='ocrx_word' id='word_1_320' title='bbox 3227 2391 3586 2463; x_wconf 80' lang='lat' dir='ltr'><strong>pertraxeris.</strong></span> 
     </span>
    </p>
   </div>
   <div class='ocr_carea' id='block_1_44' title="bbox 302 2484 1895 2558">
    <p class='ocr_par' dir='ltr' id='par_1_44' title="bbox 302 2484 1895 2558">
     <span class='ocr_line' id='line_1_44' title="bbox 302 2484 1895 2558; baseline 0 -18"><span class='ocrx_word' id='word_1_321' title='bbox 302 2487 348 2540; x_wconf 80' lang='grc' dir='ltr'>δ’</span> <span class='ocrx_word' id='word_1_322' title='bbox 380 2486 453 2540; x_wconf 77' lang='grc' dir='ltr'>Ξιν</span> <span class='ocrx_word' id='word_1_323' title='bbox 483 2487 555 2539; x_wconf 76' lang='grc' dir='ltr'><strong>σὺ</strong></span> <span class='ocrx_word' id='word_1_324' title='bbox 583 2484 951 2558; x_wconf 81' lang='grc' dir='ltr'>καθελκύσῃς.</span> <span class='ocrx_word' id='word_1_325' title='bbox 996 2484 1303 2550; x_wconf 78' lang='grc' dir='ltr'>Πλεονεξία,</span> <span class='ocrx_word' id='word_1_326' title='bbox 1346 2489 1526 2557; x_wconf 78' lang='grc' dir='ltr'>μήτηρ</span> <span class='ocrx_word' id='word_1_327' title='bbox 1570 2487 1669 2557; x_wconf 77' lang='grc' dir='ltr'>τῆς</span> <span class='ocrx_word' id='word_1_328' title='bbox 1723 2486 1895 2540; x_wconf 81' lang='grc' dir='ltr'>ἀνισά-</span> 
     </span>
    </p>
   </div>
   <div class='ocr_carea' id='block_1_45' title="bbox 1995 2484 3588 2558">
    <p class='ocr_par' dir='ltr' id='par_1_45' title="bbox 2003 2484 3588 2552">
     <span class='ocr_line' id='line_1_45' title="bbox 2003 2484 3588 2552; baseline -0.001 -13"><span class='ocrx_word' id='word_1_329' title='bbox 2003 2484 2245 2539; x_wconf 68' lang='lat' dir='ltr'><strong>Avaritia</strong></span> <span class='ocrx_word' id='word_1_330' title='bbox 2274 2494 2448 2539; x_wconf 86' lang='lat' dir='ltr'><strong>mater</strong></span> <span class='ocrx_word' id='word_1_331' title='bbox 2478 2495 2560 2540; x_wconf 91' lang='lat' dir='ltr'><strong>est</strong></span> <span class='ocrx_word' id='word_1_332' title='bbox 2586 2486 3010 2552; x_wconf 77' lang='lat' dir='ltr'><strong>inzequalitatis;</strong></span> <span class='ocrx_word' id='word_1_333' title='bbox 3051 2484 3462 2547; x_wconf 86' lang='lat' dir='ltr'><strong>immisericors,</strong></span> <span class='ocrx_word' id='word_1_334' title='bbox 3506 2484 3588 2537; x_wconf 89' lang='lat' dir='ltr'><strong>in-</strong></span> 
     </span>
    </p>
   </div>
   <div class='ocr_carea' id='block_1_46' title="bbox 302 2572 1895 2647">
    <p class='ocr_par' dir='ltr' id='par_1_46' title="bbox 302 2572 1895 2647">
     <span class='ocr_line' id='line_1_46' title="bbox 302 2572 1895 2647; baseline 0.003 -20"><span class='ocrx_word' id='word_1_335' title='bbox 302 2591 491 2645; x_wconf 77' lang='grc' dir='ltr'>τητος,</span> <span class='ocrx_word' id='word_1_336' title='bbox 532 2573 786 2645; x_wconf 70' lang='grc' dir='ltr'>ἀνηλεής,</span> <span class='ocrx_word' id='word_1_337' title='bbox 827 2572 1233 2644; x_wconf 78' lang='grc' dir='ltr'>μισάνθρωπος,</span> <span class='ocrx_word' id='word_1_338' title='bbox 1296 2575 1573 2647; x_wconf 74' lang='grc' dir='ltr'>ιῖομοτάτη.</span> <span class='ocrx_word' id='word_1_339' title='bbox 1623 2576 1723 2630; x_wconf 88' lang='grc' dir='ltr'>Διά</span> <span class='ocrx_word' id='word_1_340' title='bbox 1770 2576 1895 2631; x_wconf 57' lang='grc' dir='ltr'><strong>ταῶ</strong></span> 
     </span>
    </p>
   </div>
   <div class='ocr_carea' id='block_1_47' title="bbox 1993 2572 3586 2647">
    <p class='ocr_par' dir='ltr' id='par_1_47' title="bbox 2006 2575 3586 2640">
     <span class='ocr_line' id='line_1_47' title="bbox 2006 2575 3586 2640; baseline 0.001 -11"><span class='ocrx_word' id='word_1_341' title='bbox 2006 2576 2262 2640; x_wconf 86' lang='lat' dir='ltr'><strong>humaua,</strong></span> <span class='ocrx_word' id='word_1_342' title='bbox 2295 2590 2506 2631; x_wconf 83' lang='lat' dir='ltr'><strong>suntme</strong></span> <span class='ocrx_word' id='word_1_343' title='bbox 2533 2575 2787 2632; x_wconf 82' lang='lat' dir='ltr'><strong>crudelis.</strong></span> <span class='ocrx_word' id='word_1_344' title='bbox 2816 2576 2917 2631; x_wconf 76' lang='lat' dir='ltr'><strong>Per</strong></span> <span class='ocrx_word' id='word_1_345' title='bbox 2959 2580 3098 2630; x_wconf 83' lang='lat' dir='ltr'><strong>h‘anc</strong></span> <span class='ocrx_word' id='word_1_346' title='bbox 3134 2576 3442 2631; x_wconf 84' lang='lat' dir='ltr'><strong>mortalium</strong></span> <span class='ocrx_word' id='word_1_347' title='bbox 3480 2575 3586 2630; x_wconf 88' lang='lat' dir='ltr'><strong>vita</strong></span> 
     </span>
    </p>
   </div>
   <div class='ocr_carea' id='block_1_48' title="bbox 304 2662 1897 2740">
    <p class='ocr_par' dir='ltr' id='par_1_48' title="bbox 304 2662 1897 2737">
     <span class='ocr_line' id='line_1_48' title="bbox 304 2662 1897 2737; baseline 0.001 -18"><span class='ocrx_word' id='word_1_348' title='bbox 304 2683 413 2733; x_wconf 78' lang='grc' dir='ltr'><strong>την</strong></span> <span class='ocrx_word' id='word_1_349' title='bbox 465 2665 495 2716; x_wconf 84' lang='lat'><strong>6</strong></span> <span class='ocrx_word' id='word_1_350' title='bbox 526 2664 641 2717; x_wconf 77' lang='grc' dir='ltr'><strong>τῶν</strong></span> <span class='ocrx_word' id='word_1_351' title='bbox 665 2662 973 2735; x_wconf 77' lang='grc' dir='ltr'>ἀνθρώπων</span> <span class='ocrx_word' id='word_1_352' title='bbox 1008 2663 1120 2733; x_wconf 79' lang='grc' dir='ltr'>βίος</span> <span class='ocrx_word' id='word_1_353' title='bbox 1155 2664 1474 2736; x_wconf 81' lang='grc' dir='ltr'>ἀνωμαλίας</span> <span class='ocrx_word' id='word_1_354' title='bbox 1513 2665 1695 2737; x_wconf 74' lang='grc' dir='ltr'>γέμει*</span> <span class='ocrx_word' id='word_1_355' title='bbox 1725 2668 1820 2720; x_wconf 76' lang='grc' dir='ltr'><strong>καὶ</strong></span> <span class='ocrx_word' id='word_1_356' title='bbox 1853 2668 1897 2720; x_wconf 89' lang='grc' dir='ltr'><strong>οί</strong></span> 
     </span>
    </p>
   </div>
   <div class='ocr_carea' id='block_1_49' title="bbox 1994 2662 3587 2740">
    <p class='ocr_par' dir='ltr' id='par_1_49' title="bbox 2003 2668 3587 2740">
     <span class='ocr_line' id='line_1_49' title="bbox 2003 2668 3587 2740; baseline -0.002 -16"><span class='ocrx_word' id='word_1_357' title='bbox 2003 2668 2192 2739; x_wconf 82' lang='lat' dir='ltr'><strong>diSpar</strong></span> <span class='ocrx_word' id='word_1_358' title='bbox 2211 2669 2433 2724; x_wconf 88' lang='lat' dir='ltr'><strong>onmiuo</strong></span> <span class='ocrx_word' id='word_1_359' title='bbox 2464 2684 2527 2725; x_wconf 90' lang='lat' dir='ltr'><strong>ac</strong></span> <span class='ocrx_word' id='word_1_360' title='bbox 2560 2669 2900 2739; x_wconf 71' lang='lat' dir='ltr'><strong>intrquabilis</strong></span> <span class='ocrx_word' id='word_1_361' title='bbox 2931 2678 3061 2734; x_wconf 62' lang='lat' dir='ltr'><strong>est;</strong></span> <span class='ocrx_word' id='word_1_362' title='bbox 3119 2684 3181 2724; x_wconf 84' lang='lat' dir='ltr'><strong>ac</strong></span> <span class='ocrx_word' id='word_1_363' title='bbox 3236 2668 3587 2740; x_wconf 74' lang='lat' dir='ltr'><strong>alii&#39;quidem</strong></span> 
     </span>
    </p>
   </div>
   <div class='ocr_carea' id='block_1_50' title="bbox 309 2754 1902 2832">
    <p class='ocr_par' dir='ltr' id='par_1_50' title="bbox 309 2754 1902 2830">
     <span class='ocr_line' id='line_1_50' title="bbox 309 2754 1902 2830; baseline 0.001 -21"><span class='ocrx_word' id='word_1_364' title='bbox 309 2757 419 2827; x_wconf 81' lang='grc' dir='ltr'>μὲν</span> <span class='ocrx_word' id='word_1_365' title='bbox 447 2758 511 2809; x_wconf 83' lang='grc' dir='ltr'>ἐκ</span> <span class='ocrx_word' id='word_1_366' title='bbox 547 2755 638 2809; x_wconf 79' lang='grc' dir='ltr'>τοῦ</span> <span class='ocrx_word' id='word_1_367' title='bbox 669 2756 835 2827; x_wconf 80' lang='grc' dir='ltr'>κόρου</span> <span class='ocrx_word' id='word_1_368' title='bbox 868 2754 1130 2809; x_wconf 84' lang='grc' dir='ltr'>ναυτιῶσι</span> <span class='ocrx_word' id='word_1_369' title='bbox 1156 2755 1254 2827; x_wconf 77' lang='grc' dir='ltr'>τὴν</span> <span class='ocrx_word' id='word_1_370' title='bbox 1285 2757 1608 2827; x_wconf 83' lang='grc' dir='ltr'>περισσείαν</span> <span class='ocrx_word' id='word_1_371' title='bbox 1634 2758 1746 2813; x_wconf 88' lang='grc' dir='ltr'><strong>τῶν</strong></span> <span class='ocrx_word' id='word_1_372' title='bbox 1772 2775 1902 2830; x_wconf 83' lang='grc' dir='ltr'>κτη-</span> 
     </span>
    </p>
   </div>
   <div class='ocr_carea' id='block_1_51' title="bbox 1994 2754 3587 2832">
    <p class='ocr_par' dir='ltr' id='par_1_51' title="bbox 2004 2760 3587 2832">
     <span class='ocr_line' id='line_1_51' title="bbox 2004 2760 3587 2832; baseline 0 -17"><span class='ocrx_word' id='word_1_373' title='bbox 2004 2760 2397 2832; x_wconf 84' lang='lat' dir='ltr'><strong>superﬂuarum</strong></span> <span class='ocrx_word' id='word_1_374' title='bbox 2447 2761 2699 2816; x_wconf 83' lang='lat' dir='ltr'><strong>satietate</strong></span> <span class='ocrx_word' id='word_1_375' title='bbox 2731 2776 2892 2830; x_wconf 85' lang='lat' dir='ltr'><strong>epum</strong></span> <span class='ocrx_word' id='word_1_376' title='bbox 2948 2761 3094 2816; x_wconf 85' lang='lat' dir='ltr'><strong>velut</strong></span> <span class='ocrx_word' id='word_1_377' title='bbox 3129 2771 3415 2825; x_wconf 83' lang='lat' dir='ltr'><strong>nauseant,</strong></span> <span class='ocrx_word' id='word_1_378' title='bbox 3447 2776 3510 2815; x_wconf 90' lang='lat' dir='ltr'><strong>ac</strong></span> <span class='ocrx_word' id='word_1_379' title='bbox 3543 2763 3587 2816; x_wconf 93' lang='lat' dir='ltr'><strong>si</strong></span> 
     </span>
    </p>
   </div>
   <div class='ocr_carea' id='block_1_52' title="bbox 308 2842 1901 2922">
    <p class='ocr_par' dir='ltr' id='par_1_52' title="bbox 308 2842 1901 2919">
     <span class='ocr_line' id='line_1_52' title="bbox 308 2842 1901 2919; baseline 0.001 -16"><span class='ocrx_word' id='word_1_380' title='bbox 308 2849 522 2919; x_wconf 84' lang='grc' dir='ltr'>μάτων,</span> <span class='ocrx_word' id='word_1_381' title='bbox 553 2842 668 2901; x_wconf 79' lang='grc' dir='ltr'>οἷον</span> <span class='ocrx_word' id='word_1_382' title='bbox 714 2847 921 2919; x_wconf 82' lang='grc' dir='ltr'>τροφὴν</span> <span class='ocrx_word' id='word_1_383' title='bbox 970 2846 1248 2919; x_wconf 82' lang='grc' dir='ltr'>ἄπληστον</span> <span class='ocrx_word' id='word_1_384' title='bbox 1288 2847 1714 2914; x_wconf 78' lang='grc' dir='ltr'>ἀποδλύζοντες·</span> <span class='ocrx_word' id='word_1_385' title='bbox 1757 2850 1901 2905; x_wconf 79' lang='grc' dir='ltr'>ἄλλοι</span> 
     </span>
    </p>
   </div>
   <div class='ocr_carea' id='block_1_53' title="bbox 1995 2842 3588 2922">
    <p class='ocr_par' dir='ltr' id='par_1_53' title="bbox 2003 2850 3588 2922">
     <span class='ocr_line' id='line_1_53' title="bbox 2003 2850 3588 2922; baseline -0.001 -15"><span class='ocrx_word' id='word_1_386' title='bbox 2003 2850 2185 2907; x_wconf 89' lang='lat' dir='ltr'><strong>cibum</strong></span> <span class='ocrx_word' id='word_1_387' title='bbox 2208 2866 2317 2921; x_wconf 92' lang='lat' dir='ltr'><strong>quo</strong></span> <span class='ocrx_word' id='word_1_388' title='bbox 2338 2866 2396 2906; x_wconf 90' lang='lat' dir='ltr'><strong>se</strong></span> <span class='ocrx_word' id='word_1_389' title='bbox 2427 2850 2653 2905; x_wconf 79' lang='lat' dir='ltr'><strong>nimium</strong></span> <span class='ocrx_word' id='word_1_390' title='bbox 2686 2850 3161 2922; x_wconf 84' lang='lat' dir='ltr'><strong>ingurgitaverint,</strong></span> <span class='ocrx_word' id='word_1_391' title='bbox 3193 2852 3588 2917; x_wconf 88' lang='lat' dir='ltr'><strong>evomant;alii</strong></span> 
     </span>
    </p>
   </div>
   <div class='ocr_carea' id='block_1_54' title="bbox 300 2938 1893 3013">
    <p class='ocr_par' dir='ltr' id='par_1_54' title="bbox 300 2938 1893 3013">
     <span class='ocr_line' id='line_1_54' title="bbox 300 2938 1893 3013; baseline 0 -18"><span class='ocrx_word' id='word_1_392' title='bbox 300 2942 362 2995; x_wconf 72' lang='grc' dir='ltr'>δὲ</span> <span class='ocrx_word' id='word_1_393' title='bbox 419 2940 566 3012; x_wconf 80' lang='grc' dir='ltr'>λιμῷ</span> <span class='ocrx_word' id='word_1_394' title='bbox 592 2941 690 2993; x_wconf 81' lang='grc' dir='ltr'><strong>καὶ</strong></span> <span class='ocrx_word' id='word_1_395' title='bbox 717 2939 892 3011; x_wconf 77' lang='grc' dir='ltr'>ἐνδείᾳ</span> <span class='ocrx_word' id='word_1_396' title='bbox 928 2938 1239 3010; x_wconf 77' lang='grc' dir='ltr'>πιεζόμενοι</span> <span class='ocrx_word' id='word_1_397' title='bbox 1263 2939 1687 2995; x_wconf 82' lang='grc' dir='ltr'>κινδυνεύουσιν.</span> <span class='ocrx_word' id='word_1_398' title='bbox 1714 2942 1778 2995; x_wconf 82' lang='lat' dir='ltr'><strong>Oi</strong></span> <span class='ocrx_word' id='word_1_399' title='bbox 1805 2942 1893 3013; x_wconf 69' lang='grc' dir='ltr'><strong>μὲι</strong></span> 
     </span>
    </p>
   </div>
   <div class='ocr_carea' id='block_1_55' title="bbox 2000 2938 3593 3013">
    <p class='ocr_par' dir='ltr' id='par_1_55' title="bbox 2004 2940 3593 3012">
     <span class='ocr_line' id='line_1_55' title="bbox 2004 2940 3593 3012; baseline 0.003 -18"><span class='ocrx_word' id='word_1_400' title='bbox 2004 2940 2149 2996; x_wconf 70' lang='lat' dir='ltr'><strong>latine</strong></span> <span class='ocrx_word' id='word_1_401' title='bbox 2169 2956 2233 2996; x_wconf 90' lang='lat' dir='ltr'><strong>ac</strong></span> <span class='ocrx_word' id='word_1_402' title='bbox 2263 2941 2489 3012; x_wconf 87' lang='lat' dir='ltr'><strong>penuria</strong></span> <span class='ocrx_word' id='word_1_403' title='bbox 2517 2942 2716 3011; x_wconf 78' lang='lat' dir='ltr'><strong>pressi,</strong></span> <span class='ocrx_word' id='word_1_404' title='bbox 2738 2940 2808 2994; x_wconf 76' lang='lat' dir='ltr'><strong>‘iu</strong></span> <span class='ocrx_word' id='word_1_405' title='bbox 2847 2951 3095 2997; x_wconf 78' lang='lat' dir='ltr'><strong>extremo</strong></span> <span class='ocrx_word' id='word_1_406' title='bbox 3118 2957 3255 3012; x_wconf 88' lang='lat' dir='ltr'><strong>pene</strong></span> <span class='ocrx_word' id='word_1_407' title='bbox 3276 2941 3593 2998; x_wconf 82' lang='lat' dir='ltr'><strong>discrimine</strong></span> 
     </span>
    </p>
   </div>
   <div class='ocr_carea' id='block_1_56' title="bbox 306 3030 1899 3103">
    <p class='ocr_par' dir='ltr' id='par_1_56' title="bbox 306 3030 1899 3103">
     <span class='ocr_line' id='line_1_56' title="bbox 306 3030 1899 3103; baseline 0.001 -19"><span class='ocrx_word' id='word_1_408' title='bbox 306 3032 406 3085; x_wconf 75' lang='grc' dir='ltr'>ὑπ’</span> <span class='ocrx_word' id='word_1_409' title='bbox 436 3030 661 3102; x_wconf 73' lang='grc' dir='ltr'>ὀρόφοις</span> <span class='ocrx_word' id='word_1_410' title='bbox 704 3030 1105 3100; x_wconf 86' lang='grc' dir='ltr'>χρυσοπάστοις</span> <span class='ocrx_word' id='word_1_411' title='bbox 1146 3030 1519 3094; x_wconf 68' lang='grc' dir='ltr'>κατάκεινται,</span> <span class='ocrx_word' id='word_1_412' title='bbox 1557 3032 1653 3084; x_wconf 72' lang='grc' dir='ltr'><strong>καὶ</strong></span> <span class='ocrx_word' id='word_1_413' title='bbox 1696 3031 1773 3095; x_wconf 84' lang='grc' dir='ltr'>ὡς</span> <span class='ocrx_word' id='word_1_414' title='bbox 1818 3050 1899 3103; x_wconf 88' lang='grc' dir='ltr'>μι-</span> 
     </span>
    </p>
   </div>
   <div class='ocr_carea' id='block_1_57' title="bbox 1997 3030 3590 3103">
    <p class='ocr_par' dir='ltr' id='par_1_57' title="bbox 2006 3031 3590 3097">
     <span class='ocr_line' id='line_1_57' title="bbox 2006 3031 3590 3097; baseline 0.002 -12"><span class='ocrx_word' id='word_1_415' title='bbox 2006 3040 2313 3088; x_wconf 89' lang='lat' dir='ltr'><strong>versantur.</strong></span> <span class='ocrx_word' id='word_1_416' title='bbox 2336 3031 2398 3085; x_wconf 89' lang='lat' dir='ltr'><strong>lli</strong></span> <span class='ocrx_word' id='word_1_417' title='bbox 2421 3033 2522 3085; x_wconf 88' lang='lat' dir='ltr'><strong>sub</strong></span> <span class='ocrx_word' id='word_1_418' title='bbox 2558 3032 2764 3086; x_wconf 88' lang='lat' dir='ltr'><strong>auratis</strong></span> <span class='ocrx_word' id='word_1_419' title='bbox 2789 3032 2952 3086; x_wconf 84' lang='lat' dir='ltr'><strong>tectis</strong></span> <span class='ocrx_word' id='word_1_420' title='bbox 2985 3033 3335 3097; x_wconf 83' lang='lat' dir='ltr'><strong>recumbunt,</strong></span> <span class='ocrx_word' id='word_1_421' title='bbox 3365 3032 3590 3088; x_wconf 85' lang='lat' dir='ltr'><strong>domus-</strong></span> 
     </span>
    </p>
   </div>
   <div class='ocr_carea' id='block_1_58' title="bbox 306 3118 1899 3194">
    <p class='ocr_par' dir='ltr' id='par_1_58' title="bbox 306 3121 1899 3194">
     <span class='ocr_line' id='line_1_58' title="bbox 306 3121 1899 3194; baseline -0.001 -17"><span class='ocrx_word' id='word_1_422' title='bbox 306 3123 451 3194; x_wconf 75' lang='grc' dir='ltr'><strong>κράς</strong></span> <span class='ocrx_word' id='word_1_423' title='bbox 477 3122 668 3185; x_wconf 87' lang='grc' dir='ltr'>πόλεις</span> <span class='ocrx_word' id='word_1_424' title='bbox 700 3121 910 3175; x_wconf 78' lang='grc' dir='ltr'>οἰκοῦσι</span> <span class='ocrx_word' id='word_1_425' title='bbox 947 3123 1048 3185; x_wconf 82' lang='grc' dir='ltr'>τὰς</span> <span class='ocrx_word' id='word_1_426' title='bbox 1091 3121 1290 3186; x_wconf 69' lang='grc' dir='ltr'>οἰκίας,</span> <span class='ocrx_word' id='word_1_427' title='bbox 1343 3121 1589 3194; x_wconf 84' lang='grc' dir='ltr'>λουτροῖς</span> <span class='ocrx_word' id='word_1_428' title='bbox 1617 3123 1713 3177; x_wconf 74' lang='grc' dir='ltr'><strong>καὶ</strong></span> <span class='ocrx_word' id='word_1_429' title='bbox 1735 3123 1899 3188; x_wconf 81' lang='grc' dir='ltr'>οἴκοις</span> 
     </span>
    </p>
   </div>
   <div class='ocr_carea' id='block_1_59' title="bbox 1997 3118 3590 3194">
    <p class='ocr_par' dir='ltr' id='par_1_59' title="bbox 2005 3118 3590 3192">
     <span class='ocr_line' id='line_1_59' title="bbox 2005 3118 3590 3192; baseline -0.001 -17"><span class='ocrx_word' id='word_1_430' title='bbox 2005 3136 2113 3192; x_wconf 87' lang='lat' dir='ltr'><strong>que</strong></span> <span class='ocrx_word' id='word_1_431' title='bbox 2141 3120 2383 3176; x_wconf 89' lang='lat' dir='ltr'><strong>incolunt</strong></span> <span class='ocrx_word' id='word_1_432' title='bbox 2427 3121 2494 3175; x_wconf 89' lang='lat' dir='ltr'><strong>ad</strong></span> <span class='ocrx_word' id='word_1_433' title='bbox 2546 3118 2720 3175; x_wconf 89' lang='lat' dir='ltr'><strong>instar</strong></span> <span class='ocrx_word' id='word_1_434' title='bbox 2765 3118 3038 3173; x_wconf 92' lang='lat' dir='ltr'><strong>minorum</strong></span> <span class='ocrx_word' id='word_1_435' title='bbox 3084 3118 3322 3182; x_wconf 86' lang='lat' dir='ltr'><strong>urbium,</strong></span> <span class='ocrx_word' id='word_1_436' title='bbox 3359 3118 3590 3181; x_wconf 87' lang='lat' dir='ltr'><strong>balneis.</strong></span> 
     </span>
    </p>
   </div>
   <div class='ocr_carea' id='block_1_60' title="bbox 306 3186 1899 3284">
    <p class='ocr_par' dir='ltr' id='par_1_60' title="bbox 306 3212 1899 3284">
     <span class='ocr_line' id='line_1_60' title="bbox 306 3212 1899 3284; baseline 0.002 -18"><span class='ocrx_word' id='word_1_437' title='bbox 306 3213 603 3277; x_wconf 67' lang='grc' dir='ltr'>ποικίλοις,</span> <span class='ocrx_word' id='word_1_438' title='bbox 650 3214 746 3266; x_wconf 76' lang='grc' dir='ltr'>καὶ</span> <span class='ocrx_word' id='word_1_439' title='bbox 797 3215 981 3276; x_wconf 83' lang='grc' dir='ltr'>στοαῖς</span> <span class='ocrx_word' id='word_1_440' title='bbox 1028 3213 1121 3265; x_wconf 73' lang='grc' dir='ltr'>ἐπὶ</span> <span class='ocrx_word' id='word_1_441' title='bbox 1165 3212 1510 3284; x_wconf 79' lang='grc' dir='ltr'>μακρότατον</span> <span class='ocrx_word' id='word_1_442' title='bbox 1564 3213 1899 3284; x_wconf 81' lang='grc' dir='ltr'>διηκούσαις,</span> 
     </span>
    </p>
   </div>
   <div class='ocr_carea' id='block_1_61' title="bbox 1994 3186 3587 3284">
    <p class='ocr_par' dir='ltr' id='par_1_61' title="bbox 2006 3209 3587 3282">
     <span class='ocr_line' id='line_1_61' title="bbox 2006 3209 3587 3282; baseline -0.003 -14"><span class='ocrx_word' id='word_1_443' title='bbox 2006 3212 2466 3282; x_wconf 88' lang='lat' dir='ltr'><strong>subdomibusque</strong></span> <span class='ocrx_word' id='word_1_444' title='bbox 2530 3211 2737 3276; x_wconf 77' lang='lat' dir='ltr'><strong>variis,</strong></span> <span class='ocrx_word' id='word_1_445' title='bbox 2794 3225 2858 3266; x_wconf 87' lang='lat' dir='ltr'><strong>ac</strong></span> <span class='ocrx_word' id='word_1_446' title='bbox 2908 3209 3207 3279; x_wconf 82' lang='lat' dir='ltr'><strong>porticibus</strong></span> <span class='ocrx_word' id='word_1_447' title='bbox 3260 3209 3587 3264; x_wconf 88' lang='lat' dir='ltr'><strong>immensum</strong></span> 
     </span>
    </p>
   </div>
   <div class='ocr_carea' id='block_1_62' title="bbox 307 3302 1900 3379">
    <p class='ocr_par' dir='ltr' id='par_1_62' title="bbox 307 3304 1900 3378">
     <span class='ocr_line' id='line_1_62' title="bbox 307 3304 1900 3378; baseline 0 -17"><span class='ocrx_word' id='word_1_448' title='bbox 307 3308 409 3361; x_wconf 76' lang='grc' dir='ltr'>καὶ</span> <span class='ocrx_word' id='word_1_449' title='bbox 435 3306 670 3377; x_wconf 63' lang='grc' dir='ltr'>παντοίᾳ</span> <span class='ocrx_word' id='word_1_450' title='bbox 692 3304 1011 3377; x_wconf 81' lang='grc' dir='ltr'>πολυτελείᾳ</span> <span class='ocrx_word' id='word_1_451' title='bbox 1040 3305 1483 3378; x_wconf 77' lang='grc' dir='ltr'>κεκοσμημένας·</span> <span class='ocrx_word' id='word_1_452' title='bbox 1502 3307 1676 3378; x_wconf 68' lang='grc' dir='ltr'>ἕτεροι</span> <span class='ocrx_word' id='word_1_453' title='bbox 1705 3306 1760 3360; x_wconf 81' lang='grc' dir='ltr'>δὲ</span> <span class='ocrx_word' id='word_1_454' title='bbox 1811 3308 1900 3361; x_wconf 85' lang='grc' dir='ltr'><strong>δύο</strong></span> 
     </span>
    </p>
   </div>
   <div class='ocr_carea' id='block_1_63' title="bbox 1998 3302 3591 3379">
    <p class='ocr_par' dir='ltr' id='par_1_63' title="bbox 2006 3302 3591 3379">
     <span class='ocr_line' id='line_1_63' title="bbox 2006 3302 3591 3379; baseline -0.005 -17"><span class='ocrx_word' id='word_1_455' title='bbox 2006 3306 2284 3379; x_wconf 90' lang='lat' dir='ltr'><strong>productis</strong></span> <span class='ocrx_word' id='word_1_456' title='bbox 2306 3346 2321 3371; x_wconf 92' lang='lat'><strong>,</strong></span> <span class='ocrx_word' id='word_1_457' title='bbox 2351 3305 2529 3359; x_wconf 88' lang='lat' dir='ltr'><strong>omnis</strong></span> <span class='ocrx_word' id='word_1_458' title='bbox 2586 3303 2819 3373; x_wconf 89' lang='lat' dir='ltr'><strong>denique</strong></span> <span class='ocrx_word' id='word_1_459' title='bbox 2862 3304 3079 3373; x_wconf 85' lang='lat' dir='ltr'><strong>generis</strong></span> <span class='ocrx_word' id='word_1_460' title='bbox 3111 3302 3401 3374; x_wconf 79' lang='lat' dir='ltr'><strong>magniﬁco</strong></span> <span class='ocrx_word' id='word_1_461' title='bbox 3433 3318 3591 3358; x_wconf 87' lang='lat' dir='ltr'><strong>orna-</strong></span> 
     </span>
    </p>
   </div>
   <div class='ocr_carea' id='block_1_64' title="bbox 306 3396 1899 3473">
    <p class='ocr_par' dir='ltr' id='par_1_64' title="bbox 306 3399 1899 3473">
     <span class='ocr_line' id='line_1_64' title="bbox 306 3399 1899 3473; baseline 0.001 -20"><span class='ocrx_word' id='word_1_462' title='bbox 306 3399 487 3454; x_wconf 70' lang='grc' dir='ltr'>δοκῶν</span> <span class='ocrx_word' id='word_1_463' title='bbox 527 3399 743 3470; x_wconf 71' lang='grc' dir='ltr'>σκέπην</span> <span class='ocrx_word' id='word_1_464' title='bbox 795 3399 897 3453; x_wconf 76' lang='grc' dir='ltr'><strong>οὑκ</strong></span> <span class='ocrx_word' id='word_1_465' title='bbox 949 3399 1184 3470; x_wconf 76' lang='grc' dir='ltr'>ἔχουσινο</span> <span class='ocrx_word' id='word_1_466' title='bbox 1236 3399 1352 3453; x_wconf 80' lang='grc' dir='ltr'>ἀλλ’</span> <span class='ocrx_word' id='word_1_467' title='bbox 1389 3399 1520 3452; x_wconf 84' lang='grc' dir='ltr'>ὅταν</span> <span class='ocrx_word' id='word_1_468' title='bbox 1558 3403 1616 3454; x_wconf 88' lang='grc' dir='ltr'>ὲν</span> <span class='ocrx_word' id='word_1_469' title='bbox 1655 3401 1899 3473; x_wconf 76' lang='grc' dir='ltr'>ὑπαίθρῳ</span> 
     </span>
    </p>
   </div>
   <div class='ocr_carea' id='block_1_65' title="bbox 2002 3396 3595 3473">
    <p class='ocr_par' dir='ltr' id='par_1_65' title="bbox 2011 3396 3595 3468">
     <span class='ocr_line' id='line_1_65' title="bbox 2011 3396 3595 3468; baseline 0.001 -16"><span class='ocrx_word' id='word_1_470' title='bbox 2011 3409 2092 3454; x_wconf 86' lang='lat' dir='ltr'><strong>tas</strong></span> <span class='ocrx_word' id='word_1_471' title='bbox 2125 3398 2305 3465; x_wconf 89' lang='lat' dir='ltr'><strong>cultu;</strong></span> <span class='ocrx_word' id='word_1_472' title='bbox 2335 3398 2408 3452; x_wconf 86' lang='lat' dir='ltr'><strong>illi</strong></span> <span class='ocrx_word' id='word_1_473' title='bbox 2441 3407 2654 3462; x_wconf 87' lang='lat' dir='ltr'><strong>contra,</strong></span> <span class='ocrx_word' id='word_1_474' title='bbox 2699 3411 2766 3452; x_wconf 91' lang='lat' dir='ltr'><strong>ne</strong></span> <span class='ocrx_word' id='word_1_475' title='bbox 2812 3398 2918 3451; x_wconf 91' lang='lat' dir='ltr'><strong>duo</strong></span> <span class='ocrx_word' id='word_1_476' title='bbox 2947 3396 3167 3467; x_wconf 84' lang='lat' dir='ltr'><strong>quidem</strong></span> <span class='ocrx_word' id='word_1_477' title='bbox 3219 3398 3365 3468; x_wconf 80' lang='lat' dir='ltr'><strong>tigna</strong></span> <span class='ocrx_word' id='word_1_478' title='bbox 3398 3397 3595 3467; x_wconf 87' lang='lat' dir='ltr'><strong>quibus</strong></span> 
     </span>
    </p>
   </div>
   <div class='ocr_carea' id='block_1_66' title="bbox 306 3490 1899 3563">
    <p class='ocr_par' dir='ltr' id='par_1_66' title="bbox 306 3490 1899 3563">
     <span class='ocr_line' id='line_1_66' title="bbox 306 3490 1899 3563; baseline -0.002 -15"><span class='ocrx_word' id='word_1_479' title='bbox 306 3491 504 3563; x_wconf 67' lang='grc' dir='ltr'>διαζῇν</span> <span class='ocrx_word' id='word_1_480' title='bbox 539 3493 617 3563; x_wconf 78' lang='grc' dir='ltr'>μὴ</span> <span class='ocrx_word' id='word_1_481' title='bbox 644 3490 924 3556; x_wconf 79' lang='grc' dir='ltr'>δύνωνται,</span> <span class='ocrx_word' id='word_1_482' title='bbox 959 3490 991 3561; x_wconf 87' lang='grc' dir='ltr'>ἢ</span> <span class='ocrx_word' id='word_1_483' title='bbox 1024 3492 1162 3563; x_wconf 66' lang='grc' dir='ltr'>πρὸς</span> <span class='ocrx_word' id='word_1_484' title='bbox 1200 3490 1300 3555; x_wconf 68' lang='grc' dir='ltr'><strong>τὰς</strong></span> <span class='ocrx_word' id='word_1_485' title='bbox 1335 3491 1599 3563; x_wconf 85' lang='grc' dir='ltr'>καμίνους</span> <span class='ocrx_word' id='word_1_486' title='bbox 1628 3493 1899 3562; x_wconf 74' lang='grc' dir='ltr'>καταφεύ-</span> 
     </span>
    </p>
   </div>
   <div class='ocr_carea' id='block_1_67' title="bbox 2002 3490 3595 3563">
    <p class='ocr_par' dir='ltr' id='par_1_67' title="bbox 2010 3490 3595 3563">
     <span class='ocr_line' id='line_1_67' title="bbox 2010 3490 3595 3563; baseline -0.001 -18"><span class='ocrx_word' id='word_1_487' title='bbox 2010 3501 2283 3563; x_wconf 85' lang='lat' dir='ltr'><strong>tegantur,</strong></span> <span class='ocrx_word' id='word_1_488' title='bbox 2326 3490 2557 3556; x_wconf 85' lang='lat' dir='ltr'><strong>habent;</strong></span> <span class='ocrx_word' id='word_1_489' title='bbox 2601 3505 2835 3560; x_wconf 82' lang='lat' dir='ltr'><strong>cumque</strong></span> <span class='ocrx_word' id='word_1_490' title='bbox 2880 3491 2981 3545; x_wconf 88' lang='lat' dir='ltr'><strong>sub</strong></span> <span class='ocrx_word' id='word_1_491' title='bbox 3032 3490 3123 3545; x_wconf 89' lang='lat' dir='ltr'><strong>dio</strong></span> <span class='ocrx_word' id='word_1_492' title='bbox 3171 3491 3467 3561; x_wconf 84' lang='lat' dir='ltr'><strong>perdurare</strong></span> <span class='ocrx_word' id='word_1_493' title='bbox 3500 3508 3595 3544; x_wconf 87' lang='lat' dir='ltr'><strong>ne-</strong></span> 
     </span>
    </p>
   </div>
   <div class='ocr_carea' id='block_1_68' title="bbox 306 3583 1899 3656">
    <p class='ocr_par' dir='ltr' id='par_1_68' title="bbox 306 3583 1899 3656">
     <span class='ocr_line' id='line_1_68' title="bbox 306 3583 1899 3656; baseline 0 -18"><span class='ocrx_word' id='word_1_494' title='bbox 306 3603 470 3655; x_wconf 80' lang='grc' dir='ltr'>γουσι</span> <span class='ocrx_word' id='word_1_495' title='bbox 499 3585 613 3639; x_wconf 85' lang='grc' dir='ltr'><strong>τῶν</strong></span> <span class='ocrx_word' id='word_1_496' title='bbox 634 3584 899 3656; x_wconf 80' lang='grc' dir='ltr'>λουτρῶν,</span> <span class='ocrx_word' id='word_1_497' title='bbox 929 3584 961 3655; x_wconf 81' lang='grc' dir='ltr'>ἢ</span> <span class='ocrx_word' id='word_1_498' title='bbox 995 3586 1086 3638; x_wconf 76' lang='grc' dir='ltr'><strong>καὶ</strong></span> <span class='ocrx_word' id='word_1_499' title='bbox 1122 3587 1236 3648; x_wconf 81' lang='grc' dir='ltr'>τοῖς</span> <span class='ocrx_word' id='word_1_500' title='bbox 1260 3583 1549 3655; x_wconf 75' lang='grc' dir='ltr'>βαλανεῦσι</span> <span class='ocrx_word' id='word_1_501' title='bbox 1585 3585 1899 3651; x_wconf 80' lang='grc' dir='ltr'>κακοξένοις</span> 
     </span>
    </p>
   </div>
   <div class='ocr_carea' id='block_1_69' title="bbox 1998 3583 3591 3656">
    <p class='ocr_par' dir='ltr' id='par_1_69' title="bbox 2008 3583 3591 3656">
     <span class='ocr_line' id='line_1_69' title="bbox 2008 3583 3591 3656; baseline -0.001 -18"><span class='ocrx_word' id='word_1_502' title='bbox 2008 3597 2235 3656; x_wconf 85' lang='lat' dir='ltr'><strong>queant,</strong></span> <span class='ocrx_word' id='word_1_503' title='bbox 2272 3584 2356 3639; x_wconf 87' lang='lat' dir='ltr'><strong>vel</strong></span> <span class='ocrx_word' id='word_1_504' title='bbox 2386 3584 2455 3640; x_wconf 89' lang='lat' dir='ltr'><strong>ad</strong></span> <span class='ocrx_word' id='word_1_505' title='bbox 2494 3586 2737 3639; x_wconf 89' lang='lat' dir='ltr'><strong>caminos</strong></span> <span class='ocrx_word' id='word_1_506' title='bbox 2770 3584 3086 3638; x_wconf 86' lang='lat' dir='ltr'><strong>balnearum</strong></span> <span class='ocrx_word' id='word_1_507' title='bbox 3127 3583 3591 3652; x_wconf 78' lang='lat' dir='ltr'><strong>confugiunt,vel,</strong></span> 
     </span>
    </p>
   </div>
   <div class='ocr_carea' id='block_1_70' title="bbox 309 3662 1902 3748">
    <p class='ocr_par' dir='ltr' id='par_1_70' title="bbox 309 3674 1902 3748">
     <span class='ocr_line' id='line_1_70' title="bbox 309 3674 1902 3748; baseline -0.001 -19"><span class='ocrx_word' id='word_1_508' title='bbox 309 3675 725 3747; x_wconf 80' lang='grc' dir='ltr'>περιτυχόντες,</span> <span class='ocrx_word' id='word_1_509' title='bbox 761 3674 1160 3747; x_wconf 75' lang='grc' dir='ltr'>παραπλησίως</span> <span class='ocrx_word' id='word_1_510' title='bbox 1186 3678 1298 3738; x_wconf 85' lang='grc' dir='ltr'>τοῖς</span> <span class='ocrx_word' id='word_1_511' title='bbox 1327 3674 1533 3746; x_wconf 84' lang='grc' dir='ltr'>χοίροις</span> <span class='ocrx_word' id='word_1_512' title='bbox 1562 3675 1664 3746; x_wconf 81' lang='grc' dir='ltr'><strong>τὴν</strong></span> <span class='ocrx_word' id='word_1_513' title='bbox 1701 3675 1902 3748; x_wconf 89' lang='grc' dir='ltr'>κόπρον</span> 
     </span>
    </p>
   </div>
   <div class='ocr_carea' id='block_1_71' title="bbox 2000 3662 3593 3748">
    <p class='ocr_par' dir='ltr' id='par_1_71' title="bbox 2009 3674 3593 3743">
     <span class='ocr_line' id='line_1_71' title="bbox 2009 3674 3593 3743; baseline -0.001 -11"><span class='ocrx_word' id='word_1_514' title='bbox 2009 3676 2053 3732; x_wconf 91' lang='lat' dir='ltr'><strong>si</strong></span> <span class='ocrx_word' id='word_1_515' title='bbox 2087 3676 2142 3731; x_wconf 85' lang='lat' dir='ltr'><strong>in</strong></span> <span class='ocrx_word' id='word_1_516' title='bbox 2174 3675 2517 3732; x_wconf 84' lang='lat' dir='ltr'><strong>balneatores</strong></span> <span class='ocrx_word' id='word_1_517' title='bbox 2571 3674 2925 3743; x_wconf 85' lang='lat' dir='ltr'><strong>inhospitales</strong></span> <span class='ocrx_word' id='word_1_518' title='bbox 2982 3674 3291 3740; x_wconf 84' lang='lat' dir='ltr'><strong>inciderint,</strong></span> <span class='ocrx_word' id='word_1_519' title='bbox 3327 3676 3469 3730; x_wconf 89' lang='lat' dir='ltr'><strong>haud</strong></span> <span class='ocrx_word' id='word_1_520' title='bbox 3502 3676 3593 3730; x_wconf 81' lang='lat' dir='ltr'><strong>ab-</strong></span> 
     </span>
    </p>
   </div>
   <div class='ocr_carea' id='block_1_72' title="bbox 310 3763 1903 3839">
    <p class='ocr_par' dir='ltr' id='par_1_72' title="bbox 310 3763 1897 3839">
     <span class='ocr_line' id='line_1_72' title="bbox 310 3763 1897 3839; baseline -0.003 -19"><span class='ocrx_word' id='word_1_521' title='bbox 310 3766 660 3839; x_wconf 75' lang='grc' dir='ltr'>ὀρύττοντες,</span> <span class='ocrx_word' id='word_1_522' title='bbox 689 3765 790 3837; x_wconf 80' lang='grc' dir='ltr'><strong>τὴν</strong></span> <span class='ocrx_word' id='word_1_523' title='bbox 811 3765 1115 3833; x_wconf 77' lang='grc' dir='ltr'>ἀναγκαίαν</span> <span class='ocrx_word' id='word_1_524' title='bbox 1142 3764 1352 3835; x_wconf 76' lang='grc' dir='ltr'>θέρμην</span> <span class='ocrx_word' id='word_1_525' title='bbox 1378 3765 1591 3826; x_wconf 79' lang='grc' dir='ltr'>ἑαυτοῖς</span> <span class='ocrx_word' id='word_1_526' title='bbox 1616 3763 1897 3835; x_wconf 80' lang='grc' dir='ltr'><strong>μηχανῶν⁹</strong></span> 
     </span>
    </p>
   </div>
   <div class='ocr_carea' id='block_1_73' title="bbox 2000 3763 3593 3839">
    <p class='ocr_par' dir='ltr' id='par_1_73' title="bbox 2010 3767 3593 3833">
     <span class='ocr_line' id='line_1_73' title="bbox 2010 3767 3593 3833; baseline -0.003 -10"><span class='ocrx_word' id='word_1_527' title='bbox 2010 3769 2177 3824; x_wconf 86' lang='lat' dir='ltr'><strong>simili</strong></span> <span class='ocrx_word' id='word_1_528' title='bbox 2207 3784 2270 3822; x_wconf 83' lang='lat' dir='ltr'><strong>ac</strong></span> <span class='ocrx_word' id='word_1_529' title='bbox 2296 3783 2422 3823; x_wconf 90' lang='lat' dir='ltr'><strong>sues</strong></span> <span class='ocrx_word' id='word_1_530' title='bbox 2460 3769 2688 3833; x_wconf 88' lang='lat' dir='ltr'><strong>ratione,</strong></span> <span class='ocrx_word' id='word_1_531' title='bbox 2718 3768 2984 3824; x_wconf 76' lang='lat' dir='ltr'><strong>fodientes</strong></span> <span class='ocrx_word' id='word_1_532' title='bbox 3004 3767 3593 3832; x_wconf 78' lang='lat' dir='ltr'><strong>ﬁmnm,necessarium</strong></span> 
     </span>
    </p>
   </div>
   <div class='ocr_carea' id='block_1_74' title="bbox 310 3853 1903 3933">
    <p class='ocr_par' dir='ltr' id='par_1_74' title="bbox 310 3853 1903 3928">
     <span class='ocr_line' id='line_1_74' title="bbox 310 3853 1903 3928; baseline -0.005 -15"><span class='ocrx_word' id='word_1_533' title='bbox 310 3877 430 3915; x_wconf 88' lang='grc' dir='ltr'>ται.</span> <span class='ocrx_word' id='word_1_534' title='bbox 468 3857 577 3913; x_wconf 66' lang='grc' dir='ltr'><strong>Καὶ</strong></span> <span class='ocrx_word' id='word_1_535' title='bbox 620 3858 682 3912; x_wconf 68' lang='grc' dir='ltr'>τὸ</span> <span class='ocrx_word' id='word_1_536' title='bbox 730 3857 995 3928; x_wconf 76' lang='grc' dir='ltr'>ὁμότιμον</span> <span class='ocrx_word' id='word_1_537' title='bbox 1031 3855 1193 3921; x_wconf 78' lang='grc' dir='ltr'>ζῶον,</span> <span class='ocrx_word' id='word_1_538' title='bbox 1243 3856 1272 3907; x_wconf 79' lang='grc' dir='ltr'>ὁ</span> <span class='ocrx_word' id='word_1_539' title='bbox 1302 3854 1608 3927; x_wconf 84' lang='grc' dir='ltr'>ἄνθρωπος,</span> <span class='ocrx_word' id='word_1_540' title='bbox 1639 3853 1903 3926; x_wconf 76' lang='grc' dir='ltr'>τοσαύτην</span> 
     </span>
    </p>
   </div>
   <div class='ocr_carea' id='block_1_75' title="bbox 2003 3853 3596 3933">
    <p class='ocr_par' dir='ltr' id='par_1_75' title="bbox 2011 3857 3596 3933">
     <span class='ocr_line' id='line_1_75' title="bbox 2011 3857 3596 3933; baseline -0.003 -16"><span class='ocrx_word' id='word_1_541' title='bbox 2011 3861 2113 3917; x_wconf 89' lang='lat' dir='ltr'><strong>sibi</strong></span> <span class='ocrx_word' id='word_1_542' title='bbox 2138 3861 2374 3916; x_wconf 86' lang='lat' dir='ltr'><strong>calorem</strong></span> <span class='ocrx_word' id='word_1_543' title='bbox 2406 3869 2724 3933; x_wconf 86' lang='lat' dir='ltr'><strong>procurant.</strong></span> <span class='ocrx_word' id='word_1_544' title='bbox 2756 3861 2835 3915; x_wconf 84' lang='lat' dir='ltr'><strong>Ae</strong></span> <span class='ocrx_word' id='word_1_545' title='bbox 2869 3867 3124 3923; x_wconf 61' lang='lat' dir='ltr'><strong>vero,.ut~</strong></span> <span class='ocrx_word' id='word_1_546' title='bbox 3146 3860 3336 3913; x_wconf 76' lang='lat' dir='ltr'><strong>eadem</strong></span> <span class='ocrx_word' id='word_1_547' title='bbox 3369 3857 3596 3913; x_wconf 82' lang='lat' dir='ltr'><strong>honoris</strong></span> 
     </span>
    </p>
   </div>
   <div class='ocr_carea' id='block_1_76' title="bbox 312 3946 1905 4024">
    <p class='ocr_par' dir='ltr' id='par_1_76' title="bbox 312 3946 1905 4022">
     <span class='ocr_line' id='line_1_76' title="bbox 312 3946 1905 4022; baseline -0.004 -16"><span class='ocrx_word' id='word_1_548' title='bbox 312 3953 432 4022; x_wconf 75' lang='grc' dir='ltr'>ἔχει</span> <span class='ocrx_word' id='word_1_549' title='bbox 476 3951 576 4021; x_wconf 76' lang='grc' dir='ltr'><strong>τὴν</strong></span> <span class='ocrx_word' id='word_1_550' title='bbox 618 3948 885 4021; x_wconf 73' lang='grc' dir='ltr'>διαφορὰν</span> <span class='ocrx_word' id='word_1_551' title='bbox 934 3948 1038 4019; x_wconf 78' lang='grc' dir='ltr'>τῆς</span> <span class='ocrx_word' id='word_1_552' title='bbox 1076 3948 1287 4017; x_wconf 85' lang='grc' dir='ltr'>διαίτης</span> <span class='ocrx_word' id='word_1_553' title='bbox 1335 3947 1474 4020; x_wconf 83' lang='grc' dir='ltr'>πρὸς</span> <span class='ocrx_word' id='word_1_554' title='bbox 1518 3947 1579 4000; x_wconf 85' lang='grc' dir='ltr'><strong>τὸ</strong></span> <span class='ocrx_word' id='word_1_555' title='bbox 1612 3946 1905 4017; x_wconf 82' lang='grc' dir='ltr'>ὁμόφυλον·</span> 
     </span>
    </p>
   </div>
   <div class='ocr_carea' id='block_1_77' title="bbox 2003 3946 3596 4024">
    <p class='ocr_par' dir='ltr' id='par_1_77' title="bbox 2012 3950 3596 4024">
     <span class='ocr_line' id='line_1_77' title="bbox 2012 3950 3596 4024; baseline -0.003 -17"><span class='ocrx_word' id='word_1_556' title='bbox 2012 3953 2365 4024; x_wconf 66' lang='lat' dir='ltr'><strong>praerogativa</strong></span> <span class='ocrx_word' id='word_1_557' title='bbox 2427 3961 2643 4005; x_wconf 88' lang='lat' dir='ltr'><strong>auctum</strong></span> <span class='ocrx_word' id='word_1_558' title='bbox 2698 3950 2938 4016; x_wconf 71' lang='lat' dir='ltr'><strong>animal,~</strong></span> <span class='ocrx_word' id='word_1_559' title='bbox 2975 3953 3158 4014; x_wconf 72' lang='lat' dir='ltr'><strong>homo,</strong></span> <span class='ocrx_word' id='word_1_560' title='bbox 3205 3950 3419 4004; x_wconf 83' lang='lat' dir='ltr'><strong>diversa</strong></span> <span class='ocrx_word' id='word_1_561' title='bbox 3460 3951 3596 4004; x_wconf 70' lang='lat' dir='ltr'><strong>adeo</strong></span> 
     </span>
    </p>
   </div>
   <div class='ocr_carea' id='block_1_78' title="bbox 311 4032 1904 4115">
    <p class='ocr_par' dir='ltr' id='par_1_78' title="bbox 311 4039 1904 4114">
     <span class='ocr_line' id='line_1_78' title="bbox 311 4039 1904 4114; baseline -0.006 -14"><span class='ocrx_word' id='word_1_562' title='bbox 311 4048 420 4100; x_wconf 78' lang='grc' dir='ltr'><strong>οὑκ</strong></span> <span class='ocrx_word' id='word_1_563' title='bbox 444 4044 606 4099; x_wconf 71' lang='grc' dir='ltr'>ἄλλον</span> <span class='ocrx_word' id='word_1_564' title='bbox 631 4043 775 4107; x_wconf 77' lang='grc' dir='ltr'>τινὸς</span> <span class='ocrx_word' id='word_1_565' title='bbox 802 4042 903 4114; x_wconf 83' lang='grc' dir='ltr'>τὴν</span> <span class='ocrx_word' id='word_1_566' title='bbox 927 4040 1156 4106; x_wconf 81' lang='grc' dir='ltr'>ἀταξίαν</span> <span class='ocrx_word' id='word_1_567' title='bbox 1181 4039 1388 4110; x_wconf 83' lang='grc' dir='ltr'>ταύτην</span> <span class='ocrx_word' id='word_1_568' title='bbox 1423 4039 1517 4093; x_wconf 67' lang='grc' dir='ltr'>καὶ</span> <span class='ocrx_word' id='word_1_569' title='bbox 1551 4039 1653 4108; x_wconf 75' lang='grc' dir='ltr'>τὴν</span> <span class='ocrx_word' id='word_1_570' title='bbox 1683 4039 1904 4110; x_wconf 85' lang='grc' dir='ltr'>ἀνωμα-</span> 
     </span>
    </p>
   </div>
   <div class='ocr_carea' id='block_1_79' title="bbox 2004 4032 3597 4115">
    <p class='ocr_par' dir='ltr' id='par_1_79' title="bbox 2014 4032 3597 4115">
     <span class='ocr_line' id='line_1_79' title="bbox 2014 4032 3597 4115; baseline -0.001 -16"><span class='ocrx_word' id='word_1_571' title='bbox 2014 4045 2136 4099; x_wconf 74' lang='lat' dir='ltr'><strong>vita:</strong></span> <span class='ocrx_word' id='word_1_572' title='bbox 2163 4045 2395 4110; x_wconf 87' lang='lat' dir='ltr'><strong>ratione,</strong></span> <span class='ocrx_word' id='word_1_573' title='bbox 2446 4060 2475 4096; x_wconf 89' lang='lat' dir='ltr'><strong>a</strong></span> <span class='ocrx_word' id='word_1_574' title='bbox 2534 4042 2823 4098; x_wconf 83' lang='lat' dir='ltr'><strong>contribuli</strong></span> <span class='ocrx_word' id='word_1_575' title='bbox 2872 4052 2999 4115; x_wconf 86' lang='lat' dir='ltr'><strong>agat</strong></span> <span class='ocrx_word' id='word_1_576' title='bbox 3028 4032 3299 4110; x_wconf 75' lang='lat' dir='ltr'><strong>homine;</strong></span> <span class='ocrx_word' id='word_1_577' title='bbox 3331 4051 3597 4111; x_wconf 82' lang='lat' dir='ltr'><strong>tanta-que</strong></span> 
     </span>
    </p>
   </div>
   <div class='ocr_carea' id='block_1_80' title="bbox 311 4132 1904 4209">
    <p class='ocr_par' dir='ltr' id='par_1_80' title="bbox 311 4132 1904 4209">
     <span class='ocr_line' id='line_1_80' title="bbox 311 4132 1904 4209; baseline -0.005 -17"><span class='ocrx_word' id='word_1_578' title='bbox 311 4140 462 4202; x_wconf 82' lang='grc' dir='ltr'>λίαν,</span> <span class='ocrx_word' id='word_1_579' title='bbox 514 4138 549 4209; x_wconf 77' lang='grc' dir='ltr'>ἦ</span> <span class='ocrx_word' id='word_1_580' title='bbox 598 4137 701 4206; x_wconf 82' lang='grc' dir='ltr'><strong>τῆς</strong></span> <span class='ocrx_word' id='word_1_581' title='bbox 739 4133 1053 4199; x_wconf 81' lang='grc' dir='ltr'>πλεονεξίας</span> <span class='ocrx_word' id='word_1_582' title='bbox 1091 4132 1512 4204; x_wconf 77' lang='grc' dir='ltr'>ἐπεισαγούσης.</span> <span class='ocrx_word' id='word_1_583' title='bbox 1566 4132 1626 4185; x_wconf 91' lang='lat'><strong>&#39;0</strong></span> <span class='ocrx_word' id='word_1_584' title='bbox 1674 4132 1774 4203; x_wconf 82' lang='grc' dir='ltr'><strong>μὲν</strong></span> <span class='ocrx_word' id='word_1_585' title='bbox 1815 4149 1904 4201; x_wconf 87' lang='grc' dir='ltr'>γυ-</span> 
     </span>
    </p>
   </div>
   <div class='ocr_carea' id='block_1_81' title="bbox 2007 4132 3600 4209">
    <p class='ocr_par' dir='ltr' id='par_1_81' title="bbox 2014 4133 3600 4206">
     <span class='ocr_line' id='line_1_81' title="bbox 2014 4133 3600 4206; baseline -0.003 -15"><span class='ocrx_word' id='word_1_586' title='bbox 2014 4136 2159 4191; x_wconf 89' lang='lat' dir='ltr'><strong>illius</strong></span> <span class='ocrx_word' id='word_1_587' title='bbox 2196 4134 2623 4206; x_wconf 70' lang='lat' dir='ltr'><strong>perturbationis</strong></span> <span class='ocrx_word' id='word_1_588' title='bbox 2650 4150 2713 4188; x_wconf 90' lang='lat' dir='ltr'><strong>ac</strong></span> <span class='ocrx_word' id='word_1_589' title='bbox 2739 4133 3142 4205; x_wconf 62' lang='lat' dir='ltr'><strong>inarqualitalis,</strong></span> <span class='ocrx_word' id='word_1_590' title='bbox 3178 4150 3280 4187; x_wconf 89' lang='lat' dir='ltr'><strong>una</strong></span> <span class='ocrx_word' id='word_1_591' title='bbox 3309 4136 3600 4187; x_wconf 73' lang='lat' dir='ltr'><strong>ant&#39;ll&#39;iX‘ac</strong></span> 
     </span>
    </p>
   </div>
   <div class='ocr_carea' id='block_1_82' title="bbox 316 4224 1909 4305">
    <p class='ocr_par' dir='ltr' id='par_1_82' title="bbox 316 4224 1909 4305">
     <span class='ocr_line' id='line_1_82' title="bbox 316 4224 1909 4305; baseline -0.006 -18"><span class='ocrx_word' id='word_1_592' title='bbox 316 4236 475 4305; x_wconf 63' lang='grc' dir='ltr'>μνοῖς</span> <span class='ocrx_word' id='word_1_593' title='bbox 518 4233 821 4301; x_wconf 84' lang='grc' dir='ltr'>ἀσχημονεῖ</span> <span class='ocrx_word' id='word_1_594' title='bbox 866 4229 1075 4302; x_wconf 80' lang='grc' dir='ltr'>μέλεσι·</span> <span class='ocrx_word' id='word_1_595' title='bbox 1127 4228 1220 4281; x_wconf 72' lang='grc' dir='ltr'><strong>καὶ</strong></span> <span class='ocrx_word' id='word_1_596' title='bbox 1271 4227 1300 4280; x_wconf 83' lang='grc' dir='ltr'><strong>ό</strong></span> <span class='ocrx_word' id='word_1_597' title='bbox 1345 4225 1500 4289; x_wconf 74' lang='grc' dir='ltr'>ἄλλος</span> <span class='ocrx_word' id='word_1_598' title='bbox 1535 4224 1671 4297; x_wconf 61' lang='lat'><strong>7:96;</strong></span> <span class='ocrx_word' id='word_1_599' title='bbox 1724 4224 1784 4278; x_wconf 68' lang='grc' dir='ltr'>τὸ</span> <span class='ocrx_word' id='word_1_600' title='bbox 1813 4224 1909 4296; x_wconf 75' lang='grc' dir='ltr'><strong>τὴν</strong></span> 
     </span>
    </p>
   </div>
   <div class='ocr_carea' id='block_1_83' title="bbox 2002 4224 3595 4305">
    <p class='ocr_par' dir='ltr' id='par_1_83' title="bbox 2015 4226 3595 4294">
     <span class='ocr_line' id='line_1_83' title="bbox 2015 4226 3595 4294; baseline -0.004 -10"><span class='ocrx_word' id='word_1_601' title='bbox 2015 4244 2205 4294; x_wconf 77' lang='lat' dir='ltr'><strong>causa,</strong></span> <span class='ocrx_word' id='word_1_602' title='bbox 2237 4228 2469 4283; x_wconf 85' lang='lat' dir='ltr'><strong>avaritia</strong></span> <span class='ocrx_word' id='word_1_603' title='bbox 2493 4239 2595 4283; x_wconf 90' lang='lat' dir='ltr'><strong>est.</strong></span> <span class='ocrx_word' id='word_1_604' title='bbox 2616 4227 2698 4283; x_wconf 85' lang='lat' dir='ltr'><strong>Ab</strong></span> <span class='ocrx_word' id='word_1_605' title='bbox 2732 4230 2833 4283; x_wconf 89' lang='lat' dir='ltr'><strong>hac</strong></span> <span class='ocrx_word' id='word_1_606' title='bbox 2857 4237 2964 4293; x_wconf 88' lang='lat' dir='ltr'><strong>est,</strong></span> <span class='ocrx_word' id='word_1_607' title='bbox 2999 4237 3057 4281; x_wconf 90' lang='lat' dir='ltr'><strong>ut</strong></span> <span class='ocrx_word' id='word_1_608' title='bbox 3108 4227 3247 4281; x_wconf 88' lang='lat' dir='ltr'><strong>alius</strong></span> <span class='ocrx_word' id='word_1_609' title='bbox 3283 4236 3471 4280; x_wconf 88' lang='lat' dir='ltr'><strong>contra</strong></span> <span class='ocrx_word' id='word_1_610' title='bbox 3502 4226 3595 4278; x_wconf 70' lang='lat' dir='ltr'><strong>de-</strong></span> 
     </span>
    </p>
   </div>
   <div class='ocr_carea' id='block_1_84' title="bbox 311 4316 1904 4393">
    <p class='ocr_par' dir='ltr' id='par_1_84' title="bbox 311 4316 1904 4393">
     <span class='ocr_line' id='line_1_84' title="bbox 311 4316 1904 4393; baseline -0.006 -15"><span class='ocrx_word' id='word_1_611' title='bbox 311 4324 527 4393; x_wconf 81' lang='grc' dir='ltr'>ὲσθῆτα</span> <span class='ocrx_word' id='word_1_612' title='bbox 555 4320 961 4393; x_wconf 71' lang='grc' dir='ltr'>δυσαρίθμητον</span> <span class='ocrx_word' id='word_1_613' title='bbox 1000 4319 1164 4390; x_wconf 78' lang='grc' dir='ltr'>ἔχειν,</span> <span class='ocrx_word' id='word_1_614' title='bbox 1209 4320 1518 4389; x_wconf 77' lang='grc' dir='ltr'>πορφυραῖς</span> <span class='ocrx_word' id='word_1_615' title='bbox 1558 4316 1756 4383; x_wconf 70' lang='grc' dir='ltr'>πλαξὶν</span> <span class='ocrx_word' id='word_1_616' title='bbox 1785 4316 1904 4379; x_wconf 68' lang='grc' dir='ltr'>τοὺς</span> 
     </span>
    </p>
   </div>
   <div class='ocr_carea' id='block_1_85' title="bbox 2003 4316 3596 4393">
    <p class='ocr_par' dir='ltr' id='par_1_85' title="bbox 2012 4317 3596 4389">
     <span class='ocr_line' id='line_1_85' title="bbox 2012 4317 3596 4389; baseline -0.003 -14"><span class='ocrx_word' id='word_1_617' title='bbox 2012 4336 2203 4375; x_wconf 86' lang='lat' dir='ltr'><strong>eorum</strong></span> <span class='ocrx_word' id='word_1_618' title='bbox 2259 4334 2396 4389; x_wconf 90' lang='lat' dir='ltr'><strong>pene</strong></span> <span class='ocrx_word' id='word_1_619' title='bbox 2443 4320 2655 4385; x_wconf 87' lang='lat' dir='ltr'><strong>nudus;</strong></span> <span class='ocrx_word' id='word_1_620' title='bbox 2722 4320 2861 4375; x_wconf 91' lang='lat' dir='ltr'><strong>alius</strong></span> <span class='ocrx_word' id='word_1_621' title='bbox 2919 4328 3114 4388; x_wconf 65' lang='lat' dir='ltr'><strong>praeter</strong></span> <span class='ocrx_word' id='word_1_622' title='bbox 3170 4317 3485 4371; x_wconf 87' lang='lat' dir='ltr'><strong>innumeras</strong></span> <span class='ocrx_word' id='word_1_623' title='bbox 3533 4320 3596 4371; x_wconf 75' lang='lat' dir='ltr'><strong>a.l</strong></span> 
     </span>
    </p>
   </div>
   <div class='ocr_carea' id='block_1_86' title="bbox 308 4406 1901 4485">
    <p class='ocr_par' dir='ltr' id='par_1_86' title="bbox 308 4406 1901 4485">
     <span class='ocr_line' id='line_1_86' title="bbox 308 4406 1901 4485; baseline -0.006 -17"><span class='ocrx_word' id='word_1_624' title='bbox 308 4416 536 4485; x_wconf 78' lang='grc' dir='ltr'>τοίχους</span> <span class='ocrx_word' id='word_1_625' title='bbox 567 4413 765 4467; x_wconf 78' lang='grc' dir='ltr'>ἑνδύει.</span> <span class='ocrx_word' id='word_1_626' title='bbox 804 4413 862 4467; x_wconf 84' lang='lat'><strong>&#39;0</strong></span> <span class='ocrx_word' id='word_1_627' title='bbox 893 4412 1063 4482; x_wconf 76' lang='grc' dir='ltr'>πένης</span> <span class='ocrx_word' id='word_1_628' title='bbox 1087 4411 1184 4464; x_wconf 73' lang='grc' dir='ltr'>ἐπὶ·</span> <span class='ocrx_word' id='word_1_629' title='bbox 1211 4409 1429 4481; x_wconf 80' lang='grc' dir='ltr'>ξυλίνης</span> <span class='ocrx_word' id='word_1_630' title='bbox 1451 4406 1728 4480; x_wconf 74' lang='grc' dir='ltr'>τραπέζης</span> <span class='ocrx_word' id='word_1_631' title='bbox 1748 4409 1901 4478; x_wconf 64' lang='grc' dir='ltr'>ἄρτοε.</span> 
     </span>
    </p>
   </div>
   <div class='ocr_carea' id='block_1_87' title="bbox 1996 4406 3589 4485">
    <p class='ocr_par' dir='ltr' id='par_1_87' title="bbox 2016 4409 3589 4483">
     <span class='ocr_line' id='line_1_87' title="bbox 2016 4409 3589 4483; baseline -0.004 -16"><span class='ocrx_word' id='word_1_632' title='bbox 2016 4428 2172 4468; x_wconf 89' lang='lat' dir='ltr'><strong>usum</strong></span> <span class='ocrx_word' id='word_1_633' title='bbox 2200 4411 2448 4483; x_wconf 90' lang='lat' dir='ltr'><strong>corporis</strong></span> <span class='ocrx_word' id='word_1_634' title='bbox 2480 4422 2680 4478; x_wconf 88' lang='lat' dir='ltr'><strong>vestes,</strong></span> <span class='ocrx_word' id='word_1_635' title='bbox 2704 4412 2942 4478; x_wconf 86' lang='lat' dir='ltr'><strong>parietes</strong></span> <span class='ocrx_word' id='word_1_636' title='bbox 2972 4411 3119 4480; x_wconf 89' lang='lat' dir='ltr'><strong>ipsos</strong></span> <span class='ocrx_word' id='word_1_637' title='bbox 3153 4426 3395 4481; x_wconf 87' lang='lat' dir='ltr'><strong>purpura</strong></span> <span class='ocrx_word' id='word_1_638' title='bbox 3426 4409 3589 4463; x_wconf 77' lang='lat' dir='ltr'><strong>velat.</strong></span> 
     </span>
    </p>
   </div>
   <div class='ocr_carea' id='block_1_88' title="bbox 310 4496 1903 4583">
    <p class='ocr_par' dir='ltr' id='par_1_88' title="bbox 310 4496 1903 4576">
     <span class='ocr_line' id='line_1_88' title="bbox 310 4496 1903 4576; baseline -0.006 -16"><span class='ocrx_word' id='word_1_639' title='bbox 310 4507 521 4576; x_wconf 77' lang='grc' dir='ltr'>ἀπορεῖ</span> <span class='ocrx_word' id='word_1_640' title='bbox 549 4502 864 4575; x_wconf 65' lang='grc' dir='ltr'>διαθρύψαυ</span> <span class='ocrx_word' id='word_1_641' title='bbox 898 4501 994 4555; x_wconf 70' lang='grc' dir='ltr'><strong>καὶ</strong></span> <span class='ocrx_word' id='word_1_642' title='bbox 1029 4503 1058 4554; x_wconf 92' lang='lat'><strong>6</strong></span> <span class='ocrx_word' id='word_1_643' title='bbox 1086 4498 1306 4571; x_wconf 88' lang='grc' dir='ltr'>τρυφῶν</span> <span class='ocrx_word' id='word_1_644' title='bbox 1335 4499 1586 4570; x_wconf 79' lang='grc' dir='ltr'>ἀργυρῆν</span> <span class='ocrx_word' id='word_1_645' title='bbox 1627 4496 1903 4569; x_wconf 74' lang='grc' dir='ltr'>τράπεζαν</span> 
     </span>
    </p>
   </div>
   <div class='ocr_carea' id='block_1_89' title="bbox 2061 4496 3654 4583">
    <p class='ocr_par' dir='ltr' id='par_1_89' title="bbox 2061 4500 3654 4575">
     <span class='ocr_line' id='line_1_89' title="bbox 2061 4500 3654 4575; baseline -0.004 -17"><span class='ocrx_word' id='word_1_646' title='bbox 2061 4518 2253 4573; x_wconf 86' lang='lat' dir='ltr'><strong>auper,</strong></span> <span class='ocrx_word' id='word_1_647' title='bbox 2305 4518 2373 4558; x_wconf 89' lang='lat' dir='ltr'><strong>ne</strong></span> <span class='ocrx_word' id='word_1_648' title='bbox 2425 4519 2618 4575; x_wconf 88' lang='lat' dir='ltr'><strong>panem</strong></span> <span class='ocrx_word' id='word_1_649' title='bbox 2652 4503 2869 4572; x_wconf 86' lang='lat' dir='ltr'><strong>quidem</strong></span> <span class='ocrx_word' id='word_1_650' title='bbox 2933 4502 3115 4567; x_wconf 79' lang='lat' dir='ltr'><strong>habet,</strong></span> <span class='ocrx_word' id='word_1_651' title='bbox 3147 4518 3307 4572; x_wconf 90' lang='lat' dir='ltr'><strong>quem</strong></span> <span class='ocrx_word' id='word_1_652' title='bbox 3343 4501 3394 4555; x_wconf 94' lang='lat' dir='ltr'><strong>in</strong></span> <span class='ocrx_word' id='word_1_653' title='bbox 3424 4500 3596 4571; x_wconf 86' lang='lat' dir='ltr'><strong>lignea</strong></span> <span class='ocrx_word' id='word_1_654' title='bbox 3647 4527 3654 4534; x_wconf 96' lang='lat'><strong>-</strong></span> 
     </span>
    </p>
   </div>
   <div class='ocr_carea' id='block_1_90' title="bbox 312 4589 1905 4666">
    <p class='ocr_par' dir='ltr' id='par_1_90' title="bbox 312 4589 1905 4663">
     <span class='ocr_line' id='line_1_90' title="bbox 312 4589 1905 4663; baseline -0.006 -11"><span class='ocrx_word' id='word_1_655' title='bbox 312 4598 523 4660; x_wconf 72' lang='grc' dir='ltr'>ἐλάσας</span> <span class='ocrx_word' id='word_1_656' title='bbox 572 4597 656 4659; x_wconf 80' lang='grc' dir='ltr'>εἰς</span> <span class='ocrx_word' id='word_1_657' title='bbox 698 4594 920 4658; x_wconf 84' lang='grc' dir='ltr'>πλάτος,</span> <span class='ocrx_word' id='word_1_658' title='bbox 948 4591 1029 4663; x_wconf 87' lang='grc' dir='ltr'>τῷ</span> <span class='ocrx_word' id='word_1_659' title='bbox 1060 4590 1326 4645; x_wconf 81' lang='grc' dir='ltr'>στίλϐοντι</span> <span class='ocrx_word' id='word_1_660' title='bbox 1365 4589 1774 4662; x_wconf 75' lang='grc' dir='ltr'>ψυχαγωγεῖται</span> <span class='ocrx_word' id='word_1_661' title='bbox 1810 4590 1905 4662; x_wconf 83' lang='grc' dir='ltr'>τῆς</span> 
     </span>
    </p>
   </div>
   <div class='ocr_carea' id='block_1_91' title="bbox 2008 4589 3601 4666">
    <p class='ocr_par' dir='ltr' id='par_1_91' title="bbox 2016 4592 3601 4666">
     <span class='ocr_line' id='line_1_91' title="bbox 2016 4592 3601 4666; baseline -0.005 -14"><span class='ocrx_word' id='word_1_662' title='bbox 2016 4610 2203 4652; x_wconf 88' lang='lat' dir='ltr'><strong>mensa</strong></span> <span class='ocrx_word' id='word_1_663' title='bbox 2242 4594 2502 4666; x_wconf 79' lang='lat' dir='ltr'><strong>frangat;</strong></span> <span class='ocrx_word' id='word_1_664' title='bbox 2536 4611 2658 4651; x_wconf 89' lang='lat' dir='ltr'><strong>cum</strong></span> <span class='ocrx_word' id='word_1_665' title='bbox 2699 4594 2875 4651; x_wconf 89' lang='lat' dir='ltr'><strong>mollis</strong></span> <span class='ocrx_word' id='word_1_666' title='bbox 2898 4612 2961 4650; x_wconf 87' lang='lat' dir='ltr'><strong>ac</strong></span> <span class='ocrx_word' id='word_1_667' title='bbox 2986 4594 3249 4649; x_wconf 75' lang='lat' dir='ltr'><strong>delicatus</strong></span> <span class='ocrx_word' id='word_1_668' title='bbox 3288 4593 3494 4664; x_wconf 81' lang='lat' dir='ltr'><strong>fulgore</strong></span> <span class='ocrx_word' id='word_1_669' title='bbox 3523 4592 3601 4646; x_wconf 86' lang='lat' dir='ltr'><strong>la-</strong></span> 
     </span>
    </p>
   </div>
   <div class='ocr_carea' id='block_1_92' title="bbox 315 4678 1908 4760">
    <p class='ocr_par' dir='ltr' id='par_1_92' title="bbox 315 4678 1908 4760">
     <span class='ocr_line' id='line_1_92' title="bbox 315 4678 1908 4760; baseline -0.006 -17"><span class='ocrx_word' id='word_1_670' title='bbox 315 4690 472 4760; x_wconf 78' lang='grc' dir='ltr'>ὕλης.</span> <span class='ocrx_word' id='word_1_671' title='bbox 514 4689 628 4743; x_wconf 80' lang='grc' dir='ltr'><strong>Καὶ</strong></span> <span class='ocrx_word' id='word_1_672' title='bbox 658 4687 810 4758; x_wconf 80' lang='grc' dir='ltr'>πόσῳ</span> <span class='ocrx_word' id='word_1_673' title='bbox 841 4685 1198 4755; x_wconf 85' lang='grc' dir='ltr'>δικαιώτερον</span> <span class='ocrx_word' id='word_1_674' title='bbox 1228 4678 1315 4754; x_wconf 78' lang='grc' dir='ltr'>ἦν,</span> <span class='ocrx_word' id='word_1_675' title='bbox 1351 4681 1443 4735; x_wconf 79' lang='grc' dir='ltr'><strong>τὸν</strong></span> <span class='ocrx_word' id='word_1_676' title='bbox 1499 4681 1597 4752; x_wconf 87' lang='grc' dir='ltr'><strong>μὲν</strong></span> <span class='ocrx_word' id='word_1_677' title='bbox 1626 4679 1908 4734; x_wconf 77' lang='grc' dir='ltr'>ἑστιᾶσθαι</span> 
     </span>
    </p>
   </div>
   <div class='ocr_carea' id='block_1_93' title="bbox 1993 4678 3586 4760">
    <p class='ocr_par' dir='ltr' id='par_1_93' title="bbox 2020 4687 3586 4760">
     <span class='ocr_line' id='line_1_93' title="bbox 2020 4687 3586 4760; baseline -0.003 -17"><span class='ocrx_word' id='word_1_678' title='bbox 2020 4689 2242 4743; x_wconf 67' lang='lat' dir='ltr'><strong>tissimaz</strong></span> <span class='ocrx_word' id='word_1_679' title='bbox 2275 4704 2343 4742; x_wconf 78' lang='lat' dir='ltr'><strong>ex</strong></span> <span class='ocrx_word' id='word_1_680' title='bbox 2374 4699 2599 4760; x_wconf 89' lang='lat' dir='ltr'><strong>argento</strong></span> <span class='ocrx_word' id='word_1_681' title='bbox 2652 4703 2879 4751; x_wconf 64' lang='lat' dir='ltr'><strong>mensae,</strong></span> <span class='ocrx_word' id='word_1_682' title='bbox 2910 4703 3073 4756; x_wconf 86' lang='lat' dir='ltr'><strong>quam</strong></span> <span class='ocrx_word' id='word_1_683' title='bbox 3104 4702 3269 4756; x_wconf 88' lang='lat' dir='ltr'><strong>opere</strong></span> <span class='ocrx_word' id='word_1_684' title='bbox 3319 4687 3503 4742; x_wconf 82' lang='lat' dir='ltr'><strong>ductiti</strong></span> <span class='ocrx_word' id='word_1_685' title='bbox 3534 4687 3586 4739; x_wconf 90' lang='lat' dir='ltr'><strong>tl-</strong></span> 
     </span>
    </p>
   </div>
   <div class='ocr_carea' id='block_1_94' title="bbox 316 4771 1909 4853">
    <p class='ocr_par' dir='ltr' id='par_1_94' title="bbox 316 4771 1909 4853">
     <span class='ocr_line' id='line_1_94' title="bbox 316 4771 1909 4853; baseline -0.007 -18"><span class='ocrx_word' id='word_1_686' title='bbox 316 4780 664 4853; x_wconf 75' lang='grc' dir='ltr'>ἀρκούμενον</span> <span class='ocrx_word' id='word_1_687' title='bbox 695 4781 763 4849; x_wconf 78' lang='grc' dir='ltr'>τῇ</span> <span class='ocrx_word' id='word_1_688' title='bbox 793 4777 930 4851; x_wconf 79' lang='grc' dir='ltr'>ἄλλῃ</span> <span class='ocrx_word' id='word_1_689' title='bbox 961 4779 1164 4848; x_wconf 81' lang='grc' dir='ltr'>τρυφῇ,</span> <span class='ocrx_word' id='word_1_690' title='bbox 1203 4776 1303 4847; x_wconf 80' lang='grc' dir='ltr'>τῆς</span> <span class='ocrx_word' id='word_1_691' title='bbox 1341 4772 1622 4846; x_wconf 82' lang='grc' dir='ltr'>τραπέζης</span> <span class='ocrx_word' id='word_1_692' title='bbox 1654 4772 1712 4826; x_wconf 80' lang='grc' dir='ltr'>δὲ</span> <span class='ocrx_word' id='word_1_693' title='bbox 1743 4771 1909 4844; x_wconf 80' lang='grc' dir='ltr'>τιμὴν</span> 
     </span>
    </p>
   </div>
   <div class='ocr_carea' id='block_1_95' title="bbox 2007 4771 3600 4853">
    <p class='ocr_par' dir='ltr' id='par_1_95' title="bbox 2016 4780 3600 4851">
     <span class='ocr_line' id='line_1_95' title="bbox 2016 4780 3600 4851; baseline -0.006 -14"><span class='ocrx_word' id='word_1_694' title='bbox 2016 4781 2095 4837; x_wconf 88' lang='lat' dir='ltr'><strong>eri</strong></span> <span class='ocrx_word' id='word_1_695' title='bbox 2119 4782 2355 4840; x_wconf 87' lang='lat' dir='ltr'><strong>curavit,</strong></span> <span class='ocrx_word' id='word_1_696' title='bbox 2406 4793 2641 4837; x_wconf 82' lang='lat' dir='ltr'><strong>mentem</strong></span> <span class='ocrx_word' id='word_1_697' title='bbox 2700 4791 2753 4837; x_wconf 89' lang='lat' dir='ltr'><strong>et</strong></span> <span class='ocrx_word' id='word_1_698' title='bbox 2783 4780 2971 4836; x_wconf 90' lang='lat' dir='ltr'><strong>oculos</strong></span> <span class='ocrx_word' id='word_1_699' title='bbox 3020 4788 3228 4851; x_wconf 88' lang='lat' dir='ltr'><strong>pascat.</strong></span> <span class='ocrx_word' id='word_1_700' title='bbox 3280 4780 3350 4833; x_wconf 81' lang='lat' dir='ltr'><strong>At</strong></span> <span class='ocrx_word' id='word_1_701' title='bbox 3394 4788 3600 4848; x_wconf 86' lang='lat' dir='ltr'><strong>quanto</strong></span> 
     </span>
    </p>
   </div>
   <div class='ocr_carea' id='block_1_96' title="bbox 313 4864 1906 4947">
    <p class='ocr_par' dir='ltr' id='par_1_96' title="bbox 313 4864 1906 4947">
     <span class='ocr_line' id='line_1_96' title="bbox 313 4864 1906 4947; baseline -0.008 -18"><span class='ocrx_word' id='word_1_702' title='bbox 313 4876 438 4930; x_wconf 73' lang='grc' dir='ltr'><strong>τῶν</strong></span> <span class='ocrx_word' id='word_1_703' title='bbox 469 4874 687 4947; x_wconf 71' lang='grc' dir='ltr'>ἀπόρων</span> <span class='ocrx_word' id='word_1_704' title='bbox 717 4868 1177 4942; x_wconf 56' lang='grc' dir='ltr'>εἷναιτρυφήννἾ</span> <span class='ocrx_word' id='word_1_705' title='bbox 1207 4866 1399 4928; x_wconf 75' lang='grc' dir='ltr'>’Ἄλλος</span> <span class='ocrx_word' id='word_1_706' title='bbox 1424 4865 1677 4937; x_wconf 80' lang='grc' dir='ltr'>γηραιὸς,</span> <span class='ocrx_word' id='word_1_707' title='bbox 1705 4864 1798 4918; x_wconf 79' lang='grc' dir='ltr'><strong>καὶ</strong></span> <span class='ocrx_word' id='word_1_708' title='bbox 1824 4864 1906 4935; x_wconf 88' lang='grc' dir='ltr'><strong>βα-</strong></span> 
     </span>
    </p>
   </div>
   <div class='ocr_carea' id='block_1_97' title="bbox 2004 4864 3597 4947">
    <p class='ocr_par' dir='ltr' id='par_1_97' title="bbox 2020 4869 3597 4941">
     <span class='ocr_line' id='line_1_97' title="bbox 2020 4869 3597 4941; baseline -0.003 -16"><span class='ocrx_word' id='word_1_709' title='bbox 2020 4869 2201 4925; x_wconf 78' lang='lat' dir='ltr'><strong>fuerat</strong></span> <span class='ocrx_word' id='word_1_710' title='bbox 2224 4870 2457 4940; x_wconf 63' lang='lat' dir='ltr'><strong>aequius,</strong></span> <span class='ocrx_word' id='word_1_711' title='bbox 2502 4872 2593 4926; x_wconf 91' lang='lat' dir='ltr'><strong>illo</strong></span> <span class='ocrx_word' id='word_1_712' title='bbox 2646 4872 2792 4927; x_wconf 90' lang='lat' dir='ltr'><strong>laute</strong></span> <span class='ocrx_word' id='word_1_713' title='bbox 2832 4872 3052 4941; x_wconf 92' lang='lat' dir='ltr'><strong>quidem</strong></span> <span class='ocrx_word' id='word_1_714' title='bbox 3102 4887 3168 4926; x_wconf 90' lang='lat' dir='ltr'><strong>ac</strong></span> <span class='ocrx_word' id='word_1_715' title='bbox 3212 4871 3436 4941; x_wconf 89' lang='lat' dir='ltr'><strong>opipare</strong></span> <span class='ocrx_word' id='word_1_716' title='bbox 3464 4885 3597 4938; x_wconf 86' lang='lat' dir='ltr'><strong>epu-</strong></span> 
     </span>
    </p>
   </div>
   <div class='ocr_carea' id='block_1_98' title="bbox 310 4956 1903 5038">
    <p class='ocr_par' dir='ltr' id='par_1_98' title="bbox 310 4956 1903 5038">
     <span class='ocr_line' id='line_1_98' title="bbox 310 4956 1903 5038; baseline -0.011 -12"><span class='ocrx_word' id='word_1_717' title='bbox 310 4970 495 5037; x_wconf 69' lang='lat' dir='ltr'><strong>5$Cstv</strong></span> <span class='ocrx_word' id='word_1_718' title='bbox 513 4968 811 5034; x_wconf 78' lang='grc' dir='ltr'>ἀδυνατῶν,</span> <span class='ocrx_word' id='word_1_719' title='bbox 842 4966 877 5038; x_wconf 80' lang='grc' dir='ltr'>ἢ</span> <span class='ocrx_word' id='word_1_720' title='bbox 908 4965 996 5021; x_wconf 87' lang='grc' dir='ltr'><strong>διά</strong></span> <span class='ocrx_word' id='word_1_721' title='bbox 1019 4981 1141 5019; x_wconf 87' lang='grc' dir='ltr'>τινα</span> <span class='ocrx_word' id='word_1_722' title='bbox 1173 4961 1356 5034; x_wconf 76' lang='grc' dir='ltr'>λώὅην</span> <span class='ocrx_word' id='word_1_723' title='bbox 1387 4960 1662 5032; x_wconf 86' lang='grc' dir='ltr'>χωλεύων,</span> <span class='ocrx_word' id='word_1_724' title='bbox 1700 4957 1821 5011; x_wconf 79' lang='grc' dir='ltr'>ὄνον</span> <span class='ocrx_word' id='word_1_725' title='bbox 1847 4956 1903 5010; x_wconf 83' lang='grc' dir='ltr'><strong>ού</strong></span> 
     </span>
    </p>
   </div>
   <div class='ocr_carea' id='block_1_99' title="bbox 2003 4956 3596 5038">
    <p class='ocr_par' dir='ltr' id='par_1_99' title="bbox 2019 4960 3596 5032">
     <span class='ocr_line' id='line_1_99' title="bbox 2019 4960 3596 5032; baseline 0 -18"><span class='ocrx_word' id='word_1_726' title='bbox 2019 4960 2186 5026; x_wconf 89' lang='lat' dir='ltr'><strong>laute,</strong></span> <span class='ocrx_word' id='word_1_727' title='bbox 2212 4971 2548 5030; x_wconf 72' lang='lat' dir='ltr'><strong>cauet-asque</strong></span> <span class='ocrx_word' id='word_1_728' title='bbox 2573 4963 2797 5018; x_wconf 83' lang='lat' dir='ltr'><strong>delicias</strong></span> <span class='ocrx_word' id='word_1_729' title='bbox 2823 4964 2889 5016; x_wconf 94' lang='lat' dir='ltr'><strong>ad</strong></span> <span class='ocrx_word' id='word_1_730' title='bbox 2944 4964 3253 5020; x_wconf 86' lang='lat' dir='ltr'><strong>satietatem</strong></span> <span class='ocrx_word' id='word_1_731' title='bbox 3280 4974 3596 5032; x_wconf 84' lang='lat' dir='ltr'><strong>usurpante,</strong></span> 
     </span>
    </p>
   </div>
   <div class='ocr_carea' id='block_1_100' title="bbox 310 5048 1903 5132">
    <p class='ocr_par' dir='ltr' id='par_1_100' title="bbox 310 5048 1903 5132">
     <span class='ocr_line' id='line_1_100' title="bbox 310 5048 1903 5132; baseline -0.011 -14"><span class='ocrx_word' id='word_1_732' title='bbox 310 5064 610 5132; x_wconf 68' lang='grc' dir='ltr'>κέκτηται,</span> <span class='ocrx_word' id='word_1_733' title='bbox 645 5061 944 5129; x_wconf 80' lang='grc' dir='ltr'>ἀναγκαῖον</span> <span class='ocrx_word' id='word_1_734' title='bbox 983 5057 1083 5129; x_wconf 81' lang='grc' dir='ltr'><strong>τῆς</strong></span> <span class='ocrx_word' id='word_1_735' title='bbox 1115 5055 1307 5128; x_wconf 82' lang='grc' dir='ltr'>χρείας</span> <span class='ocrx_word' id='word_1_736' title='bbox 1351 5053 1554 5125; x_wconf 71' lang='grc' dir='ltr'>ὅχημον</span> <span class='ocrx_word' id='word_1_737' title='bbox 1596 5052 1690 5105; x_wconf 76' lang='grc' dir='ltr'>καὶ</span> <span class='ocrx_word' id='word_1_738' title='bbox 1725 5048 1903 5121; x_wconf 73' lang='grc' dir='ltr'>ἕτερος</span> 
     </span>
    </p>
   </div>
   <div class='ocr_carea' id='block_1_101' title="bbox 2010 5048 3603 5132">
    <p class='ocr_par' dir='ltr' id='par_1_101' title="bbox 2021 5053 3603 5123">
     <span class='ocr_line' id='line_1_101' title="bbox 2021 5053 3603 5123; baseline -0.001 -16"><span class='ocrx_word' id='word_1_739' title='bbox 2021 5067 2234 5109; x_wconf 67' lang='lat' dir='ltr'><strong>mensa:-</strong></span> <span class='ocrx_word' id='word_1_740' title='bbox 2271 5053 2501 5123; x_wconf 87' lang='lat' dir='ltr'><strong>pretimn</strong></span> <span class='ocrx_word' id='word_1_741' title='bbox 2570 5055 2624 5108; x_wconf 92' lang='lat' dir='ltr'><strong>in</strong></span> <span class='ocrx_word' id='word_1_742' title='bbox 2683 5056 2904 5111; x_wconf 79' lang='lat' dir='ltr'><strong>delicias</strong></span> <span class='ocrx_word' id='word_1_743' title='bbox 2957 5056 3201 5111; x_wconf 88' lang='lat' dir='ltr'><strong>converti</strong></span> <span class='ocrx_word' id='word_1_744' title='bbox 3270 5054 3603 5123; x_wconf 78' lang='lat' dir='ltr'><strong>pauperum!</strong></span> 
     </span>
    </p>
   </div>
   <div class='ocr_carea' id='block_1_102' title="bbox 309 5140 1902 5224">
    <p class='ocr_par' dir='ltr' id='par_1_102' title="bbox 309 5140 1902 5224">
     <span class='ocr_line' id='line_1_102' title="bbox 309 5140 1902 5224; baseline -0.01 -14"><span class='ocrx_word' id='word_1_745' title='bbox 309 5155 409 5211; x_wconf 72' lang='grc' dir='ltr'>διὰ</span> <span class='ocrx_word' id='word_1_746' title='bbox 453 5152 657 5224; x_wconf 81' lang='grc' dir='ltr'>πλῆθος</span> <span class='ocrx_word' id='word_1_747' title='bbox 699 5152 798 5216; x_wconf 73' lang='grc' dir='ltr'>τὰς</span> <span class='ocrx_word' id='word_1_748' title='bbox 827 5151 1030 5221; x_wconf 82' lang='grc' dir='ltr'>ἀγέλας</span> <span class='ocrx_word' id='word_1_749' title='bbox 1056 5150 1120 5203; x_wconf 82' lang='grc' dir='ltr'><strong>οὑ</strong></span> <span class='ocrx_word' id='word_1_750' title='bbox 1152 5146 1407 5219; x_wconf 76' lang='grc' dir='ltr'>γνωρίζει</span> <span class='ocrx_word' id='word_1_751' title='bbox 1437 5145 1548 5199; x_wconf 89' lang='grc' dir='ltr'><strong>τῶν</strong></span> <span class='ocrx_word' id='word_1_752' title='bbox 1583 5145 1786 5198; x_wconf 78' lang='grc' dir='ltr'>ἵππων.</span> <span class='ocrx_word' id='word_1_753' title='bbox 1822 5140 1902 5211; x_wconf 70' lang='grc' dir='ltr'><strong>Τῷ</strong></span> 
     </span>
    </p>
   </div>
   <div class='ocr_carea' id='block_1_103' title="bbox 2010 5140 3603 5224">
    <p class='ocr_par' dir='ltr' id='par_1_103' title="bbox 2021 5144 3603 5219">
     <span class='ocr_line' id='line_1_103' title="bbox 2021 5144 3603 5219; baseline 0.001 -21"><span class='ocrx_word' id='word_1_754' title='bbox 2021 5144 2175 5199; x_wconf 82' lang='lat' dir='ltr'><strong>Alius</strong></span> <span class='ocrx_word' id='word_1_755' title='bbox 2199 5156 2362 5201; x_wconf 65' lang='lat' dir='ltr'><strong>astate</strong></span> <span class='ocrx_word' id='word_1_756' title='bbox 2413 5146 2609 5208; x_wconf 74' lang='lat' dir='ltr'><strong>lessus,</strong></span> <span class='ocrx_word' id='word_1_757' title='bbox 2662 5162 2725 5201; x_wconf 89' lang='lat' dir='ltr'><strong>ac</strong></span> <span class='ocrx_word' id='word_1_758' title='bbox 2770 5147 2988 5202; x_wconf 86' lang='lat' dir='ltr'><strong>inﬁrmo</strong></span> <span class='ocrx_word' id='word_1_759' title='bbox 3035 5161 3245 5219; x_wconf 87' lang='lat' dir='ltr'><strong>gressu,</strong></span> <span class='ocrx_word' id='word_1_760' title='bbox 3281 5145 3363 5200; x_wconf 88' lang='lat' dir='ltr'><strong>vel</strong></span> <span class='ocrx_word' id='word_1_761' title='bbox 3421 5145 3603 5214; x_wconf 85' lang='lat' dir='ltr'><strong>aliquo</strong></span> 
     </span>
    </p>
   </div>
   <div class='ocr_carea' id='block_1_104' title="bbox 316 5230 1909 5318">
    <p class='ocr_par' dir='ltr' id='par_1_104' title="bbox 316 5230 1909 5318">
     <span class='ocr_line' id='line_1_104' title="bbox 316 5230 1909 5318; baseline -0.01 -18"><span class='ocrx_word' id='word_1_762' title='bbox 316 5246 427 5318; x_wconf 72' lang='grc' dir='ltr'>μὶν</span> <span class='ocrx_word' id='word_1_763' title='bbox 473 5244 654 5297; x_wconf 72' lang='grc' dir='ltr'>ἔλαιον</span> <span class='ocrx_word' id='word_1_764' title='bbox 693 5243 838 5296; x_wconf 79' lang='grc' dir='ltr'>ἐνδεῖ</span> <span class='ocrx_word' id='word_1_765' title='bbox 882 5240 1018 5313; x_wconf 77' lang='grc' dir='ltr'>πρὸς</span> <span class='ocrx_word' id='word_1_766' title='bbox 1053 5241 1117 5292; x_wconf 72' lang='grc' dir='ltr'>τὸ</span> <span class='ocrx_word' id='word_1_767' title='bbox 1140 5239 1337 5309; x_wconf 85' lang='grc' dir='ltr'>λύχνον</span> <span class='ocrx_word' id='word_1_768' title='bbox 1362 5235 1587 5307; x_wconf 75' lang='grc' dir='ltr'>ἀνάψαι·</span> <span class='ocrx_word' id='word_1_769' title='bbox 1635 5234 1727 5287; x_wconf 78' lang='grc' dir='ltr'>καὶ</span> <span class='ocrx_word' id='word_1_770' title='bbox 1754 5230 1909 5296; x_wconf 70' lang='grc' dir='ltr'>ἄλλος</span> 
     </span>
    </p>
   </div>
   <div class='ocr_carea' id='block_1_105' title="bbox 2006 5230 3599 5318">
    <p class='ocr_par' dir='ltr' id='par_1_105' title="bbox 2022 5236 3599 5309">
     <span class='ocr_line' id='line_1_105' title="bbox 2022 5236 3599 5309; baseline -0.002 -17"><span class='ocrx_word' id='word_1_771' title='bbox 2022 5236 2248 5293; x_wconf 87' lang='lat' dir='ltr'><strong>claudus</strong></span> <span class='ocrx_word' id='word_1_772' title='bbox 2277 5237 2428 5302; x_wconf 90' lang='lat' dir='ltr'><strong>vitio,</strong></span> <span class='ocrx_word' id='word_1_773' title='bbox 2468 5253 2535 5294; x_wconf 90' lang='lat' dir='ltr'><strong>ne</strong></span> <span class='ocrx_word' id='word_1_774' title='bbox 2585 5240 2797 5294; x_wconf 86' lang='lat' dir='ltr'><strong>asinum</strong></span> <span class='ocrx_word' id='word_1_775' title='bbox 2860 5239 3087 5309; x_wconf 82' lang='lat' dir='ltr'><strong>quidem</strong></span> <span class='ocrx_word' id='word_1_776' title='bbox 3114 5238 3478 5293; x_wconf 80' lang='lat' dir='ltr'><strong>necessarium</strong></span> <span class='ocrx_word' id='word_1_777' title='bbox 3508 5254 3599 5291; x_wconf 79' lang='lat' dir='ltr'><strong>ve-</strong></span> 
     </span>
    </p>
   </div>
   <div class='ocr_carea' id='block_1_106' title="bbox 316 5324 1909 5410">
    <p class='ocr_par' dir='ltr' id='par_1_106' title="bbox 316 5324 1909 5410">
     <span class='ocr_line' id='line_1_106' title="bbox 316 5324 1909 5410; baseline -0.008 -18"><span class='ocrx_word' id='word_1_778' title='bbox 316 5340 521 5410; x_wconf 77' lang='grc' dir='ltr'>μόναις</span> <span class='ocrx_word' id='word_1_779' title='bbox 554 5340 675 5400; x_wconf 79' lang='grc' dir='ltr'>ταῖς</span> <span class='ocrx_word' id='word_1_780' title='bbox 711 5333 957 5405; x_wconf 88' lang='grc' dir='ltr'>λυχνίαις</span> <span class='ocrx_word' id='word_1_781' title='bbox 1001 5332 1240 5386; x_wconf 88' lang='grc' dir='ltr'>πλουτεῖ.</span> <span class='ocrx_word' id='word_1_782' title='bbox 1285 5330 1344 5385; x_wconf 84' lang='grc'><strong>’0</strong></span> <span class='ocrx_word' id='word_1_783' title='bbox 1387 5328 1488 5400; x_wconf 85' lang='grc' dir='ltr'><strong>μὲν</strong></span> <span class='ocrx_word' id='word_1_784' title='bbox 1535 5326 1629 5381; x_wconf 76' lang='grc' dir='ltr'><strong>ἐπὶ</strong></span> <span class='ocrx_word' id='word_1_785' title='bbox 1672 5324 1768 5379; x_wconf 78' lang='grc' dir='ltr'>τοῦ</span> <span class='ocrx_word' id='word_1_786' title='bbox 1791 5324 1909 5380; x_wconf 77' lang='grc' dir='ltr'>ἐδά-</span> 
     </span>
    </p>
   </div>
   <div class='ocr_carea' id='block_1_107' title="bbox 2010 5324 3603 5410">
    <p class='ocr_par' dir='ltr' id='par_1_107' title="bbox 2025 5330 3603 5401">
     <span class='ocr_line' id='line_1_107' title="bbox 2025 5330 3603 5401; baseline 0.001 -16"><span class='ocrx_word' id='word_1_787' title='bbox 2025 5339 2232 5385; x_wconf 89' lang='lat' dir='ltr'><strong>ctorem</strong></span> <span class='ocrx_word' id='word_1_788' title='bbox 2278 5331 2557 5399; x_wconf 84' lang='lat' dir='ltr'><strong>possidet;</strong></span> <span class='ocrx_word' id='word_1_789' title='bbox 2610 5330 2746 5386; x_wconf 83' lang='lat' dir='ltr'><strong>alius</strong></span> <span class='ocrx_word' id='word_1_790' title='bbox 2794 5331 2939 5400; x_wconf 84' lang='lat' dir='ltr'><strong>ipsos</strong></span> <span class='ocrx_word' id='word_1_791' title='bbox 2980 5345 3247 5400; x_wconf 82' lang='lat' dir='ltr'><strong>equorum</strong></span> <span class='ocrx_word' id='word_1_792' title='bbox 3306 5344 3497 5401; x_wconf 82' lang='lat' dir='ltr'><strong>greges</strong></span> <span class='ocrx_word' id='word_1_793' title='bbox 3534 5332 3603 5386; x_wconf 49' lang='lat' dir='ltr'><strong>ob</strong></span> 
     </span>
    </p>
   </div>
   <div class='ocr_carea' id='block_1_108' title="bbox 312 5415 1905 5503">
    <p class='ocr_par' dir='ltr' id='par_1_108' title="bbox 312 5415 1905 5503">
     <span class='ocr_line' id='line_1_108' title="bbox 312 5415 1905 5503; baseline -0.011 -18"><span class='ocrx_word' id='word_1_794' title='bbox 312 5449 460 5502; x_wconf 65' lang='grc' dir='ltr'>φους</span> <span class='ocrx_word' id='word_1_795' title='bbox 493 5430 768 5503; x_wconf 68' lang='grc' dir='ltr'>ἔρριπταιο</span> <span class='ocrx_word' id='word_1_796' title='bbox 801 5427 897 5481; x_wconf 77' lang='grc' dir='ltr'>καὶ</span> <span class='ocrx_word' id='word_1_797' title='bbox 925 5427 956 5480; x_wconf 89' lang='grc' dir='ltr'><em>ὀ</em></span> <span class='ocrx_word' id='word_1_798' title='bbox 986 5425 1164 5498; x_wconf 85' lang='grc' dir='ltr'>μάτην</span> <span class='ocrx_word' id='word_1_799' title='bbox 1194 5419 1460 5484; x_wconf 80' lang='grc' dir='ltr'>πλουτῶν,</span> <span class='ocrx_word' id='word_1_800' title='bbox 1494 5417 1573 5490; x_wconf 77' lang='grc' dir='ltr'><strong>τῷ</strong></span> <span class='ocrx_word' id='word_1_801' title='bbox 1603 5416 1793 5488; x_wconf 86' lang='grc' dir='ltr'>κόσμῳ</span> <span class='ocrx_word' id='word_1_802' title='bbox 1817 5415 1905 5487; x_wconf 74' lang='grc' dir='ltr'>τῆς</span> 
     </span>
    </p>
   </div>
   <div class='ocr_carea' id='block_1_109' title="bbox 2012 5415 3605 5503">
    <p class='ocr_par' dir='ltr' id='par_1_109' title="bbox 2028 5417 3605 5491">
     <span class='ocr_line' id='line_1_109' title="bbox 2028 5417 3605 5491; baseline -0.003 -17"><span class='ocrx_word' id='word_1_803' title='bbox 2028 5419 2429 5474; x_wconf 89' lang='lat' dir='ltr'><strong>multitudinem</strong></span> <span class='ocrx_word' id='word_1_804' title='bbox 2472 5420 2701 5489; x_wconf 87' lang='lat' dir='ltr'><strong>ignorat.</strong></span> <span class='ocrx_word' id='word_1_805' title='bbox 2765 5418 2900 5472; x_wconf 87' lang='lat' dir='ltr'><strong>lluie</strong></span> <span class='ocrx_word' id='word_1_806' title='bbox 2926 5417 3109 5472; x_wconf 79' lang='lat' dir='ltr'><strong>oleum</strong></span> <span class='ocrx_word' id='word_1_807' title='bbox 3127 5418 3194 5472; x_wconf 85' lang='lat' dir='ltr'><strong>ad</strong></span> <span class='ocrx_word' id='word_1_808' title='bbox 3224 5418 3480 5491; x_wconf 85' lang='lat' dir='ltr'><strong>lychnum</strong></span> <span class='ocrx_word' id='word_1_809' title='bbox 3513 5418 3605 5470; x_wconf 69' lang='lat' dir='ltr'><strong>de~</strong></span> 
     </span>
    </p>
   </div>
   <div class='ocr_carea' id='block_1_110' title="bbox 308 5508 1901 5592">
    <p class='ocr_par' dir='ltr' id='par_1_110' title="bbox 308 5508 1901 5592">
     <span class='ocr_line' id='line_1_110' title="bbox 308 5508 1901 5592; baseline -0.012 -12"><span class='ocrx_word' id='word_1_810' title='bbox 308 5524 516 5592; x_wconf 69' lang='grc' dir='ltr'>κλίνης</span> <span class='ocrx_word' id='word_1_811' title='bbox 548 5519 1076 5592; x_wconf 78' lang='grc' dir='ltr'>περιαστράπτεται,</span> <span class='ocrx_word' id='word_1_812' title='bbox 1118 5515 1366 5588; x_wconf 78' lang='grc' dir='ltr'>ἀργυρᾶς</span> <span class='ocrx_word' id='word_1_813' title='bbox 1415 5511 1652 5583; x_wconf 87' lang='grc' dir='ltr'>σφαίρας</span> <span class='ocrx_word' id='word_1_814' title='bbox 1688 5508 1901 5580; x_wconf 68' lang='grc' dir='ltr'>ἐχούσης</span> 
     </span>
    </p>
   </div>
   <div class='ocr_carea' id='block_1_111' title="bbox 2012 5508 3605 5592">
    <p class='ocr_par' dir='ltr' id='par_1_111' title="bbox 2026 5508 3605 5578">
     <span class='ocr_line' id='line_1_111' title="bbox 2026 5508 3605 5578; baseline -0.002 -13"><span class='ocrx_word' id='word_1_815' title='bbox 2026 5519 2138 5565; x_wconf 89' lang='lat' dir='ltr'><strong>est:</strong></span> <span class='ocrx_word' id='word_1_816' title='bbox 2182 5509 2272 5563; x_wconf 89' lang='lat' dir='ltr'><strong>ille</strong></span> <span class='ocrx_word' id='word_1_817' title='bbox 2324 5509 2393 5562; x_wconf 90' lang='lat' dir='ltr'><strong>ah</strong></span> <span class='ocrx_word' id='word_1_818' title='bbox 2425 5509 2559 5578; x_wconf 78' lang='lat' dir='ltr'><strong>ipsis</strong></span> <span class='ocrx_word' id='word_1_819' title='bbox 2605 5509 2902 5563; x_wconf 91' lang='lat' dir='ltr'><strong>luminibus</strong></span> <span class='ocrx_word' id='word_1_820' title='bbox 2955 5524 3016 5565; x_wconf 84' lang='lat' dir='ltr'><strong>ac</strong></span> <span class='ocrx_word' id='word_1_821' title='bbox 3060 5509 3406 5565; x_wconf 87' lang='lat' dir='ltr'><strong>eandelabris</strong></span> <span class='ocrx_word' id='word_1_822' title='bbox 3452 5508 3605 5563; x_wconf 82' lang='lat' dir='ltr'><strong>dives</strong></span> 
     </span>
    </p>
   </div>
   <div class='ocr_carea' id='block_1_112' title="bbox 310 5600 1903 5683">
    <p class='ocr_par' dir='ltr' id='par_1_112' title="bbox 310 5601 1903 5682">
     <span class='ocr_line' id='line_1_112' title="bbox 310 5601 1903 5682; baseline -0.009 -13"><span class='ocrx_word' id='word_1_823' title='bbox 310 5612 659 5677; x_wconf 63' lang='grc' dir='ltr'>κιὶάλύσεις</span> <span class='ocrx_word' id='word_1_824' title='bbox 671 5612 792 5666; x_wconf 65' lang='grc' dir='ltr'>ἀντὶ</span> <span class='ocrx_word' id='word_1_825' title='bbox 811 5611 919 5665; x_wconf 87' lang='grc' dir='ltr'><strong>τῶν</strong></span> <span class='ocrx_word' id='word_1_826' title='bbox 942 5610 1058 5682; x_wconf 72' lang='grc' dir='ltr'>σχοί</span> <span class='ocrx_word' id='word_1_827' title='bbox 1073 5626 1186 5663; x_wconf 60' lang='grc' dir='ltr'>λων.</span> <span class='ocrx_word' id='word_1_828' title='bbox 1207 5606 1393 5661; x_wconf 75' lang='grc' dir='ltr'>Ταῦτα</span> <span class='ocrx_word' id='word_1_829' title='bbox 1416 5604 1483 5657; x_wconf 79' lang='grc' dir='ltr'>τὰ</span> <span class='ocrx_word' id='word_1_830' title='bbox 1501 5604 1598 5675; x_wconf 79' lang='grc' dir='ltr'>τῆς</span> <span class='ocrx_word' id='word_1_831' title='bbox 1624 5601 1903 5674; x_wconf 70' lang='grc' dir='ltr'>ἀκορέστοι</span> 
     </span>
    </p>
   </div>
   <div class='ocr_carea' id='block_1_113' title="bbox 2011 5600 3604 5683">
    <p class='ocr_par' dir='ltr' id='par_1_113' title="bbox 2028 5600 3604 5683">
     <span class='ocr_line' id='line_1_113' title="bbox 2028 5600 3604 5683; baseline -0.003 -26"><span class='ocrx_word' id='word_1_832' title='bbox 2028 5601 2241 5657; x_wconf 79' lang='lat' dir='ltr'><strong>censeri</strong></span> <span class='ocrx_word' id='word_1_833' title='bbox 2277 5610 2475 5672; x_wconf 83' lang='lat' dir='ltr'><strong>potest.</strong></span> <span class='ocrx_word' id='word_1_834' title='bbox 2504 5600 2599 5656; x_wconf 90' lang='lat' dir='ltr'><strong>llic</strong></span> <span class='ocrx_word' id='word_1_835' title='bbox 2628 5601 2678 5656; x_wconf 92' lang='lat' dir='ltr'><strong>in</strong></span> <span class='ocrx_word' id='word_1_836' title='bbox 2707 5601 2849 5657; x_wconf 90' lang='lat' dir='ltr'><strong>nudo</strong></span> <span class='ocrx_word' id='word_1_837' title='bbox 2903 5603 3019 5659; x_wconf 85' lang='lat' dir='ltr'><strong>solo</strong></span> <span class='ocrx_word' id='word_1_838' title='bbox 3059 5602 3332 5676; x_wconf 69' lang='lat' dir='ltr'><strong>proiectus</strong></span> <span class='ocrx_word' id='word_1_839' title='bbox 3361 5610 3478 5683; x_wconf 79' lang='lat' dir='ltr'><strong>est;</strong></span> <span class='ocrx_word' id='word_1_840' title='bbox 3517 5600 3604 5654; x_wconf 67' lang='lat' dir='ltr'><strong>ilic</strong></span> 
     </span>
    </p>
   </div>
   <div class='ocr_carea' id='block_1_114' title="bbox 390 5797 827 5873">
    <p class='ocr_par' dir='ltr' id='par_1_114' title="bbox 390 5797 827 5873">
     <span class='ocr_line' id='line_1_114' title="bbox 390 5797 827 5873; baseline -0.009 -19"><span class='ocrx_word' id='word_1_841' title='bbox 390 5797 447 5832; x_wconf 73' lang='lat'><strong>”</strong></span> <span class='ocrx_word' id='word_1_842' title='bbox 481 5801 569 5858; x_wconf 73' lang='grc' dir='ltr'><strong>ἴθ’.</strong></span> <span class='ocrx_word' id='word_1_843' title='bbox 602 5801 827 5873; x_wconf 71' lang='grc' dir='ltr'>τροφήν.</span> 
     </span>
    </p>
   </div>
  </div>
