4048 6194
464 335 557 390 ΞΗ

1763 335 1818 389 S.
1861 336 2132 392 ASTERII
2172 340 2473 397 AMASENI

3603 334 3714 388 ‘Ili

467 466 655 506 inanes
680 453 898 506 divitias
925 452 1206 520 jactitans,
1259 452 1378 506 lecti
1433 451 1734 519 fulgoribus
1759 456 2036 523 undequa-

2151 457 2451 522 πλεονεξίας
2484 456 2916 527 ἀποτελέσματα.
2958 457 3019 508 Εἰ
3059 456 3165 526 γὰρ
3203 453 3279 524 μὴ
3314 452 3606 521 εἰσήγαγεν
3639 449 3718 511 είς

467 557 572 612 que
597 553 870 605 coruscat,
922 543 1078 610 cujus
1128 545 1236 597 sint
1276 555 1544 614 argentea?
1585 545 1832 612 sphzeraa,
1858 561 2033 613 exque

466 633 654 686 eodem
685 643 889 687 catena:
925 633 1139 685 metallo
1167 635 1284 688 vice
1338 635 1569 710 funium.
1597 636 1754 692 Tales
1781 638 2033 691 nimirum

466 725 800 792 inexplebilis
830 726 1072 780 avaritiae
1103 724 1345 782 cn'ectus.
1374 727 1485 782 Nisi
1511 729 1651 782 enim
1704 744 1766 782 ea
1795 730 2034 799 ina‘qua-

467 815 671 869 litatem
700 817 898 870 mundo
934 818 1244 882 invexisset,
1273 819 1684 888 haudquaquam
1726 820 1829 874 illa:
1858 830 2040 876 essent

2139 549 2230 601 τὸν
2261 550 2374 619 βίον
2399 550 2501 620 τὴν
2530 549 2842 619 ἀνισότητα,
2877 549 2975 601 οὐκ
3000 548 3064 602 ἂν
3091 541 3254 600 αῦται
3283 541 3422 616 ἦσαν
3447 543 3546 613 τῆς
3578 543 3719 595 ἀνω-

2145 639 2344 708 μαλίας
2374 642 2430 692 αἱ
2461 639 2642 710 ὲξοχαὶ
2685 639 2778 692 καὶ
2804 638 3132 708 κοιλότητες,
3161 635 3273 689 οὐδ’
3296 635 3362 688 ἂν
3391 635 3449 687 αἱ
3481 630 3721 686 ποικίλαι

2144 731 2426 802 συμφοραὶ
2455 732 2592 803 ἀηδῆ
2637 730 2730 785 καὶ
2769 730 3109 801 πολύδακρυν
3132 728 3230 800 τὴν
3257 726 3402 798 ζωὴν
3429 725 3589 796 ημῶν
3616 723 3722 776 ἀπ-

2145 839 2169 873 ε
2179 821 2478 890 ιργάζοντο.

464 922 588 962 cum
620 907 1036 973 exsuperantim,
1079 916 1189 959 tum
1232 905 1478 962 defectus
1532 924 1596 961 ac
1633 910 1944 972 inanitates,
2013 925 2112 964 nec
2151 911 2314 964 variis
2355 913 2489 964 adeo
2545 909 2787 964 cladibus
2824 921 2888 962 ac
2944 903 3361 968 calamitatibus,
3427 901 3721 971 injucunda

468 997 626 1051 nobis
650 997 758 1048 vita
793 1012 855 1048 ac
886 995 1248 1066 lacrymabilis
1274 998 1611 1052 redderetur.

539 1085 674 1141 Ilinc
709 1087 954 1142 homines
1015 1089 1250 1142 naturali
1295 1097 1475 1142 mutua
1522 1089 1732 1158 alijecu
1771 1092 2035 1156 amicitia,

467 1173 670 1235 ferrum
720 1185 945 1240 acuunt,
1003 1178 1150 1231 acies
1203 1177 1497 1238 instruunt.
1550 1196 1616 1234 ac
1667 1196 1876 1235 summa
1914 1190 2035 1233 cunt

466 1265 808 1318 iminanitate
854 1273 1105 1330 languam
1159 1265 1343 1320 beSti:e
1401 1268 1540 1320 inter
1566 1283 1624 1322 se
1670 1271 2035 1324 committunt.

465 1355 668 1409 Cauera
703 1355 957 1424 deinceps
1003 1356 1125 1425 quis
1168 1359 1544 1413 enarraverit?
1589 1359 1726 1414 Muri
1784 1361 1944 1414 validi
1977 1377 2040 1414 ac

465 1445 665 1500 eutclsi
722 1447 990 1500 machinis
1037 1459 1493 1518 conquassautar,
1530 1451 1693 1504 urbes
1721 1467 2037 1522 expugnan-

469 1549 589 1602 tur,
626 1552 822 1591 uxores
853 1537 1220 1605 abducuntur,
1273 1539 1423 1592 liberi
1454 1538 1506 1592 in
1539 1539 1854 1594 servitutem
1898 1539 2041 1592 redi-

468 1638 691 1694 guntur,
745 1628 858 1696 agri
902 1639 1190 1681 vastantur
1243 1644 1308 1684 ac
1378 1630 1706 1694 desolautur,
1756 1630 2043 1685 arboribus

469 1718 624 1785 ipsis,
651 1727 905 1786 tanquam
935 1719 1244 1772 hominibus
1287 1721 1448 1774 illata:
1480 1721 1586 1776 reis
1617 1721 1848 1788 injuria),
1891 1722 2034 1775 haud

471 1821 838 1877 tclttperalur;
873 1812 1023 1864 umlti
1059 1813 1283 1865 ﬂorente
1333 1822 1492 1867 aetate
1529 1813 1868 1882 jugulantur,
1907 1814 2040 1868 rivi-

469 1915 575 1966 que
601 1901 880 1970 sanguinis
912 1916 938 1953 a
977 1911 1159 1968 strage
1193 1901 1516 1957 cadaverum
1545 1904 1841 1959 miserabili
1871 1903 2044 1957 ﬂuunt

468 1998 632 2056 atque
679 1989 1015 2056 volvuntur;
1055 1990 1340 2045 facultates
1397 1993 1628 2062 denique
1694 2011 1758 2050 ac
1815 1995 2044 2048 fortuna:

467 2083 797 2148 eorum,qui
853 2081 978 2134 victi
1039 2082 1263 2146 fuerint,
1315 2084 1613 2139 victoribus
1653 2087 1874 2139 cedunt.
1905 2084 2044 2151 Quid

470 2171 706 2226 deinde?
730 2172 1022 2225 Viduarum
1060 2170 1321 2236 lamenta,
1353 2173 1677 2242 pupillorum
1707 2174 1885 2237 ﬂetits,
1919 2191 2042 2228 cum

478 2275 728 2333 parentes
759 2280 906 2328 suos,
947 2275 1058 2318 tum
1089 2265 1342 2319 amissam
1385 2267 1676 2335 lugentium
1719 2268 2043 2321 libertatem.

475 2357 575 2422 Qui
613 2356 1029 2421 nudiustertius,
1093 2357 1384 2410 multarum
1453 2372 1874 2428 magnarumque
1905 2356 2012 2410 divi

473 2447 668 2502 tiaram
710 2449 1054 2516 possessione
1119 2449 1375 2518 pollebat,
1433 2462 1544 2502 tum
1612 2449 1842 2503 frustum
1893 2449 2047 2518 panis

472 2543 700 2595 dextera
751 2552 1070 2610 exporrecta
1127 2542 1416 2595 mendicat.
1455 2539 1557 2608 Qui
1615 2542 1798 2611 plures
1860 2555 2048 2594 servos

470 2632 717 2686 textrina:
770 2632 1037 2692 addictos,
1093 2631 1345 2702 aedesque
1400 2631 1637 2685 vestibus
1680 2631 1904 2685 n-fertas
1959 2631 2026 2684 ba

471 2724 682 2786 litterat,
711 2722 889 2776 lacero
932 2721 1235 2791 detritoque
1282 2731 1452 2776 tectus
1479 2721 1787 2789 panniculo,
1817 2722 2050 2776 servitu-

470 2825 578 2869 tem
605 2815 720 2881 ipse
752 2813 940 2878 servit,
975 2826 1171 2879 aquam
1202 2813 1522 2866 necessariis
1552 2812 1740 2865 usibus
1765 2795 2045 2876 convehit,

473 2907 546 2960 ab
576 2905 746 2972 equili
788 2915 1032 2958 stercora
1101 2903 1357 2967 abradit,
1405 2902 1668 2970 rutilisque
1709 2904 2048 2971 mancipatur

471 2995 734 3063 ejusmodi
770 2992 1105 3048 ministeriis.
1137 2993 1255 3045 Alia
1293 2999 1548 3046 sexcenta
1583 2991 1721 3046 mala
1754 3002 1902 3057 sunt,
1928 3007 2048 3062 qua:

475 3106 578 3143 non
619 3088 742 3143 licet
769 3087 1079 3142 summatim
1111 3085 1360 3141 oratione
1382 3085 1685 3154 complecti.
1721 3084 1923 3140 ﬂorum
1947 3101 2046 3139 au-

476 3193 582 3235 tem
611 3182 850 3235 omnium
901 3181 1072 3249 origo,
1119 3193 1410 3248 causaque,
1451 3193 1515 3233 ac
1572 3179 1745 3242 radix,
1807 3179 1924 3248 plus
1954 3179 2048 3232 ha-

475 3273 630 3326 bendi
690 3269 976 3339 eupiditas,
1028 3283 1091 3321 ac
1149 3267 1366 3338 iniquus
1423 3268 1690 3322 honorum
1752 3268 2048 3322 alienarunt

477 3378 654 3415 amor.
691 3360 838 3414 lianc
873 3359 1214 3412 affectionem
1245 3368 1302 3410 ut
1329 3357 1452 3428 quis
1491 3359 1770 3412 hominum
1803 3359 2052 3426 exegerit

472 3453 690 3513 animis.
726 3451 859 3506 nihil
898 3450 1166 3519 eritquod
1195 3459 1337 3504 vetet
1389 3449 1516 3519 quin
1570 3450 1620 3503 in
1665 3449 1772 3504 alta
1821 3465 1952 3518 pace
1989 3466 2054 3505 ac

479 3543 766 3613 tranquille
796 3545 1062 3604 vivamus,
1104 3556 1372 3609 omneque
1423 3541 1490 3594 ab
1537 3541 1773 3595 humana
1803 3541 1910 3595 vita
1943 3540 2054 3595 hel—

479 3637 614 3700 lum,
645 3651 707 3689 ac
741 3635 975 3688 turbatio
1002 3633 1235 3688 exsulet.
1265 3633 1602 3702 Quapropter
1619 3634 1779 3687 etiam
1797 3633 2053 3688 Dominus

483 3727 620 3782 banc
643 3724 830 3779 sedulo
865 3722 1236 3794 mgritudiuem
1287 3722 1658 3785 suismonitis
1720 3734 1893 3790 curat,
1924 3723 2052 3778 dum

481 3818 616 3873 alias
649 3817 866 3886 quidem
895 3815 1145 3878 afﬁrmat,
1176 3828 1280 3867 non
1318 3829 1475 3882 posse
1503 3829 1600 3868 nos
1641 3814 1748 3868 Deo
1778 3817 1980 3869 servire
2001 3826 2054 3870 et

485 3929 804 3967 mammona:
833 3913 912 3976 ⁸³;
945 3913 1079 3966 alias
1111 3923 1314 3977 autem,
1358 3914 1574 3967 divitem
1611 3913 1758 3968 illum
1797 3915 2051 3968 miserum

481 3995 814 4071 pronuntiat.
840 4005 931 4074 qui
980 4005 1032 4058 in
1087 4005 1387 4060 crastinum
1448 4006 1764 4070 moriturus,
1813 4007 2050 4061 diuturni

481 4096 739 4163 temporis
764 4095 981 4148 sibimet
1012 4096 1332 4161 designabat
1361 4097 1582 4150 delicias
1613 4098 1694 4162 ⁵⁶;
1723 4112 1786 4152 ac
1818 4114 1939 4152 cum
1965 4100 2054 4152 de—

481 4188 642 4256 nique
670 4204 791 4241 eum
820 4187 975 4240 docet
1004 4188 1328 4254 perfectum,
1367 4188 1455 4256 qui
1502 4204 1598 4242 sua
1646 4188 1825 4242 omnia
1854 4204 2055 4258 paupe-

479 4280 630 4332 ribus
664 4293 893 4346 crogans
945 4279 1028 4341 ⁵⁷,
1063 4277 1203 4331 ultro
1246 4279 1311 4330 ad
1372 4279 1581 4345 inopem
1635 4278 2050 4348 pbiIOSOphiam,

481 4377 707 4420 matrem
743 4367 892 4421 illam
925 4367 1142 4421 virtutis
1178 4383 1240 4422 ac
1273 4367 1737 4432 contubernalem,
1767 4371 1979 4423 transit.

550 4565 748 4618 Verum
781 4563 868 4615 hic.
896 4562 1023 4614 ιιιὶὴὶ
1048 4563 1134 4616 vcl-
1166 4562 1436 4616 silentium
1470 4575 1760 4618 consuetas
1782 4582 1876 4621 eas
1895 4583 2055 4623 voces

479 4657 667 4710 audire
698 4653 906 4718 videor,
937 4655 1132 4722 quibus
1168 4653 1480 4724 plerumque
1505 4654 1815 4710 doctoribus
1846 4660 2055 4714 obstre-

484 4762 656 4818 punt:
697 4748 759 4802 Et
787 4748 1074 4818 quomodo.
1107 4735 1376 4818 inquiunt,
1411 4748 1575 4801 vitam
1611 4753 2056 4819 sustentabimus,

483 4848 528 4902 si
561 4843 702 4898 nulla
738 4844 808 4897 sit
838 4843 911 4894 rei
943 4840 1226 4894 familiaris
1262 4856 1386 4894 cura
1410 4840 1734 4906 ?Quoniodo
1752 4846 2053 4898 necessaria

481 4951 798 5006 i-mnparare
825 4933 1161 4988 valebimus?
1181 4932 1451 5000 quomodo
1478 4933 1558 4985 vel
1591 4948 1668 4986 ars
1689 4932 1923 4986 alienmn
1948 4935 2058 4989 dis-

481 5031 740 5092 solvetur,
775 5025 857 5080 vel
899 5034 1140 5079 tnutuum
1199 5025 1398 5093 petenti
1441 5025 1678 5088 dabitur,
1737 5025 1780 5078 si
1826 5035 1914 5078 tuo
1945 5041 2058 5078 om-

487 5138 582 5176 nes
621 5119 865 5175 obsecuti
895 5117 1142 5180 consilio,
1201 5125 1574 5185 paupertatem
1623 5116 1853 5185 amplexi
1889 5115 2052 5169 fueri-

485 5213 641 5266 mus?
671 5211 904 5266 lulidelis
963 5209 1186 5262 verbum
1253 5209 1401 5263 hoc:
1472 5207 1773 5275 insipientis
1824 5221 1948 5270 vox,
1993 5221 2057 5260 ac

483 5303 599 5370 ejus
615 5301 706 5370 qui
742 5301 970 5362 nesciat,
1002 5299 1202 5353 habere
1241 5313 1337 5352 nos
1363 5297 1666 5356 Dominum,
1714 5293 1902 5356 Deum,
1940 5293 2061 5346 vita:

487 5392 902 5460 gubernatorem
930 5403 994 5444 ac
1047 5387 1496 5456 dispensatorem,
1539 5383 1627 5452 qui
1660 5381 1858 5435 creatis
1888 5381 1980 5434 abs
2002 5397 2060 5436 se

488 5481 851 5535 animantibus
899 5481 1227 5543 necessaria,
1278 5494 1399 5531 cunt
1453 5475 1703 5528 alimenta
1732 5474 2055 5542 suppeditet,

491 5583 602 5628 tum
635 5581 964 5641 tegumenta.
1004 5572 1188 5626 Divina
1231 5571 1374 5624 cnitn
1428 5566 1759 5637 providentia
1820 5566 1963 5619 fovet
1995 5583 2057 5620 ac

558 5752 753 5810 "Luc.
786 5769 895 5816 am,
927 5752 1002 5804 l5.
1084 5751 1126 5782 ⁵⁸
1151 5749 1278 5804 Luc.
1319 5767 1412 5826 x_ll,
1450 5750 1536 5802 ‘20.

2229 1087 2508 1142 Ἐντεῦθεν
2535 1087 2631 1158 τὴν
2661 1086 2899 1156 φυσικὴν
2943 1083 3075 1155 πρὸς
3107 1078 3367 1150 ἀλλήλους
3399 1078 3584 1147 φιλίαν
3617 1078 3722 1131 ἀπ-

2140 1183 2346 1236 ώλεσαν
2374 1182 2668 1253 ἂνθρωποι,
2706 1180 2798 1232 καὶ
2825 1179 3042 1248 σίδηρον
3076 1174 3333 1235 ἀκονῶσι,
3363 1171 3457 1224 καὶ
3489 1186 3722 1239 συγκρο-

2139 1275 2293 1328 τοῦσι
2334 1273 2687 1344 παρατάξεις,
2719 1273 2812 1324 καὶ
2846 1269 3036 1340 ὥσπερ
3059 1266 3179 1320 τινὰ
3207 1265 3368 1336 θηρία
3411 1263 3547 1333 μετά
3592 1263 3721 1316 πολιν

2141 1364 2238 1434 λῆς
2270 1363 2369 1433 τῆς
2392 1362 2714 1434 ἀγριότητος
2740 1361 2989 1431 ἀλλήλοις
3018 1357 3366 1411 συνάπτουσι.
3401 1353 3484 1405 Τὰ
3507 1353 3563 1406 δὲ
3593 1354 3725 1405 ἀκό-

2145 1452 2310 1506 λουθα
2346 1451 2555 1514 τούτοις
2610 1450 2724 1514 πῶς
2773 1451 2836 1503 ἄν
2879 1465 2963 1510 τις
3006 1447 3101 1499 καὶ
3152 1444 3510 1515 ἐξηγήσαιτο;
3555 1443 3720 1514 Τείχη

2147 1539 2391 1610 καρτερά
2426 1541 2539 1601 τοῖς
2580 1539 2934 1608 μηχανήμασι
2979 1535 3350 1598 κατασείεται,
3400 1533 3494 1586 καὶ
3540 1533 3725 1596 πόλεις

2146 1631 2478 1694 ἁλίσκονται,
2515 1632 2615 1686 καὶ
2643 1633 2895 1698 γυναῖκες
2921 1627 3162 1694 ἄγονται,
3199 1627 3291 1679 καὶ
3320 1626 3507 1690 παῖδες
3530 1625 3729 1696 ἀνδραο

2145 1720 2469 1782 ποδίζονταιο
2497 1718 2754 1789 τέμνεται
2783 1718 2852 1786 γῆ
2884 1719 2975 1770 καὶ
3005 1717 3270 1786 κείρεται,
3315 1717 3408 1769 καὶ
3433 1717 3500 1769 τά
3533 1716 3728 1784 δένδρα

2146 1810 2505 1881 πολεμοῦνται
2530 1810 2606 1872 ὡς
2629 1810 2982 1879 ἀδικήσαντες
3015 1807 3312 1880 ἄνθρωποι
3351 1807 3507 1875 φόνος
3534 1807 3587 1859 δὲ
3616 1806 3727 1860 τῶν

2145 1899 2203 1951 ἐν
2231 1899 2382 1968 ἀκμῇ
2421 1898 2608 1960 πολὺς,
2663 1897 2757 1950 καὶ
2815 1897 2863 1948 οἱ
2905 1895 2999 1948 τοῦ
3031 1895 3262 1964 αἵματος
3304 1895 3504 1966 ῥύακες
3551 1896 3727 1964 ἀπορ-

2147 1991 2329 2063 ρέουσι
2361 1989 2467 2042 τῶν
2493 1989 2693 2042 ἀθλίων
2726 1989 3013 2058 σωμάτων
3040 1990 3067 2041 6
3096 1988 3150 2040 δὲ
3175 1985 3402 2048 πλοῦτος
3426 1985 3534 2038 τῶν
3561 1988 3732 2056 ἡττη-

2147 2083 2367 2146 θέντων,
2400 2078 2558 2135 ἆθλον
2584 2081 2692 2134 τῶν
2723 2078 3136 2151 κρατησάντων.
3183 2078 3305 2130 Ἐπὶ
3331 2077 3539 2140 τούτοις
3569 2078 3732 2148 όδυρ-

2150 2177 2241 2247 μοὶ
2265 2177 2512 2247 χηρείας,
2541 2174 2793 2246 ὀρφανῶν
2825 2173 3056 2244 δάκρυα,
3087 2174 3180 2226 καὶ
3208 2173 3445 2244 πατέρας
3473 2171 3606 2242 ὁμοῦ
3634 2173 3732 2225 καὶ

2146 2270 2243 2339 τὴν
2302 2269 2614 2338 ἐλευθερίαν
2671 2265 3030 2337 θρηνούντων·
3095 2267 3122 2318 6
3159 2265 3215 2318 δὲ
3285 2263 3476 2335 πρώην
3540 2264 3732 2334 κύριος

2149 2359 2380 2412 πλούτου
2409 2359 2626 2419 πολλοῦ,
2665 2357 2829 2427 ἄρτου
2863 2359 3105 2426 μεταιτεῖ
3137 2356 3394 2426 τέμαχος,
3430 2356 3734 2426 προτείνων

2146 2451 2246 2522 τὴν
2291 2449 2492 2515 δεξιάνο
2537 2449 2629 2502 καὶ
2682 2450 2709 2500 6
2757 2445 2980 2509 πολλοὺς
3027 2446 3166 2515 ἔχων
3202 2446 3418 2509 δούλους
3467 2446 3731 2514 ὑφάντας,

2149 2545 2243 2598 καὶ
2265 2545 2442 2607 οἰκίας
2473 2542 2746 2614 γεμούσας
2769 2545 3031 2615 ἐσθήτων,
3069 2542 3234 2612 ῥάκια
3259 2539 3734 2612 περιόεᾷλημένος

2147 2635 2407 2698 δουλεύει,
2443 2634 2586 2704 ὕδωρ
2613 2635 2748 2706 πρὸς
2782 2635 3025 2705 ἀνάγκην
3058 2634 3319 2705 κομίξων,
3363 2634 3458 2686 καὶ
3501 2633 3592 2685 τοῦ
3642 2637 3734 2686 ἱπ-

2149 2726 2332 2788 πῶνος
2393 2724 2647 2789 ἀποξύων
2715 2727 2814 2795 τὴν
2873 2726 3098 2796 κόπρον,
3157 2725 3251 2776 καὶ
3300 2726 3421 2785 ταῖς
3478 2724 3733 2794 αἰσχραῖς

2149 2814 2476 2886 ὑπηρεσίαις
2515 2814 2948 2885 διακονούμενος·
2984 2815 3119 2868 ἄλλα
3155 2815 3320 2886 μυρία
3351 2815 3515 2881 κακὰ,
3557 2815 3593 2869 ἃ
3630 2833 3734 2870 πε-

2151 2903 2392 2974 ριλαϐεῖν
2421 2901 2630 2971 ἀθρόως
2657 2902 2930 2958 ἀδύνατον.
2967 2903 3185 2957 Τούτων
3211 2904 3268 2957 δὲ
3303 2905 3519 2958 πάντων
3559 2905 3736 2977 ἀρχὴ,

2149 2992 2245 3046 καὶ
2273 2993 2437 3052 αἰτία,
2479 2993 2572 3046 καὶ
2607 2994 2751 3066 ῥίζα,
2789 2997 2820 3067 ἠ
2864 2995 2958 3048 τοῦ
2994 2997 3237 3060 πλείονος
3270 2997 3552 3067 ἐπιθυμία.
3589 2997 3739 3068 ἔρως

2152 3083 2334 3148 ἄδικος
2362 3084 2468 3138 τῶν
2501 3085 2795 3160 ἀλλοτρίων
2824 3089 3139 3158 κτημάτων.
3178 3089 3240 3141 El
3279 3089 3336 3142 δέ
3371 3105 3456 3152 τις
3480 3089 3634 3143 τοῦτο
3665 3090 3740 3143 τὺ

2151 3177 2324 3240 πάθος
2351 3177 2458 3229 τῶν
2489 3175 2788 3248 ἀνθρώπων
2811 3179 3087 3248 ἐξέκοψεν,
3116 3179 3268 3232 οὐδὲν
3294 3180 3563 3233 ἐκώλυσεν
3585 3181 3737 3251 εερήο

2151 3287 2248 3338 νην
2284 3269 2381 3338 μὲν
2422 3269 2500 3339 τῷ
2534 3269 2634 3340 βίῳ
2678 3269 2899 3338 βαθεῖαν
2943 3271 3415 3342 ἐμπολιτεύεσθαι,
3461 3271 3737 3342 πολέμους

2152 3361 2209 3414 δὲ
2243 3361 2336 3413 καὶ
2369 3361 2608 3430 ταραχὰς
2635 3361 2693 3425 ἐξ
2721 3361 3024 3430 ἀνθρώπων
3053 3363 3475 3433 φυγαδευθῆναι.
3502 3363 3734 3416 ἐπανελ-

2155 3451 2264 3504 θεῖν
2295 3452 2352 3505 δὲ
2385 3453 2594 3515 πάντας
2626 3454 2718 3505 ἐπὶ
2751 3453 2846 3523 τὴν
2877 3452 3018 3506 κατά
3045 3453 3206 3522 φύσιν
3237 3456 3473 3525 στοργὴν
3508 3455 3602 3508 καὶ
3641 3473 3736 3523 φι-

2152 3543 2290 3595 λίαν.
2323 3543 2420 3594 Διά
2451 3542 2608 3595 τοῦτο
2644 3543 2738 3596 καὶ
2781 3545 2810 3596 ὁ
2849 3543 3049 3614 Κύριος
3097 3543 3256 3614 ἡμῶν
3305 3546 3580 3614 ἐπιμελῶς
3620 3549 3738 3610 τοῖς

2155 3634 2578 3705 παραγγέλμασι
2628 3633 2831 3703 ταύτην
2867 3633 3076 3698 ἐξιᾶται
3124 3633 3220 3705 τὴν
3261 3635 3432 3697 νόσον,
3470 3637 3601 3689 ποτὲ
3637 3639 3740 3707 μὲν

2154 3725 2606 3795 ἀποφαινόμενος·
2653 3725 2727 3777 Οὐ
2760 3725 2985 3779 δύνασθε
3033 3725 3150 3797 Θεῷ
3184 3725 3474 3789 δουλεύειν,
3525 3728 3619 3781 καὶ
3657 3730 3739 3801 τῷ

2159 3817 2410 3886 μαμωνᾷ·
2458 3815 2585 3868 ποτὲ
2617 3815 2673 3868 δὲ
2698 3816 2790 3869 τὸν
2820 3817 3072 3871 πλούσιον
3105 3821 3310 3872 ἐκεῖνον
3377 3819 3560 3872 ἀθλιον
3601 3822 3727 3874 ἀπο-

2156 3907 2382 3975 φαίνων,
2407 3905 2498 3960 τὸν
2527 3910 2593 3977 τῇ
2626 3907 2751 3976 ἑξῆς
2785 3909 3041 3981 τελευτᾷν
3073 3909 3356 3980 μέλλοντα,
3386 3912 3480 3964 καὶ
3508 3911 3605 3982 τὴν
3638 3930 3736 3982 μαι

2157 4000 2472 4070 κροχρόνιον
2541 4000 2835 4053 ἀπόλαυσιν
2910 4002 3008 4071 τὴν
3075 4003 3294 4074 ’τρυφῆς
3358 4004 3538 4073 ἑαυτῷ
3603 4021 3732 4074 προι

2153 4091 2449 4144 τυποῦντα·
2512 4093 2602 4146 καὶ
2669 4093 2900 4163 ἀλλαχοῦ
2965 4095 3056 4148 τὸν
3125 4095 3326 4149 τέλειον
3390 4099 3594 4150 ἐκεῖνον
3657 4093 3737 4150 εἷ-

2156 4200 2244 4235 ναι
2297 4183 2582 4246 διδάσκων,
2633 4184 2693 4247 ὃς
2747 4183 2812 4237 ἂν
2866 4187 3102 4250 πάντων,
3147 4180 3220 4239 ὧν
3273 4187 3404 4257 ἔχει,
3456 4190 3568 4250 τοῖς
3616 4187 3738 4241 δεο-

2160 4273 2341 4344 μένοις
2400 4275 2826 4344 παραχωρήσας,
2898 4275 3032 4345 πρὸς
3087 4275 3186 4346 τὴν
3245 4277 3530 4347 ἀκτήμονά
3589 4277 3739 4345 φιλο-

2161 4363 2353 4432 σοφίαν
2378 4364 2758 4434 αύτομολὴσει,
2789 4365 2887 4436 τὴν
2923 4367 3136 4438 μητέρα
3158 4368 3255 4438 τῆς
3283 4369 3480 4440 ἀρετῆς
3500 4371 3592 4422 καὶ
3606 4370 3738 4438 ὁμου

2091 4475 2136 4534 D
2165 4470 2372 4506 σκευον.

2247 4567 2408 4620 Ἀλλά
2456 4583 2546 4636 μοι
2588 4566 2730 4620 δοκῶ
2777 4568 2870 4620 καὶ
2905 4567 3236 4623 σιωπώντων
3278 4569 3496 4624 ἀκούειν
3527 4571 3636 4623 τῶν
3675 4572 3744 4624 ἐκ

2163 4659 2448 4730 συνηθείας
2479 4658 2547 4712 τά
2583 4657 2804 4712 τοιαῦτα
2850 4659 3234 4730 φθεγγομένων
3265 4661 3400 4732 πρὸς
3432 4663 3556 4724 τοὺς
3590 4663 3745 4716 διδά-

2163 4765 2426 4813 σκοντας·
2465 4750 2575 4803 Καὶ
2622 4748 2737 4811 πῶς
2783 4750 2920 4820 πρὸς
2952 4750 3044 4802 τὸν
3085 4750 3198 4818 βίον
3245 4751 3646 4822 διατελέσομεν,
3694 4757 3750 4806 εἰ

2163 4847 2196 4914 ἠ
2224 4842 2416 4911 κτῆσις
2465 4841 2573 4894 τῶν
2610 4841 2908 4911 χρημάτων
2960 4839 3299 4910 ἀμεληθείη;
3349 4841 3464 4905 πῶς
3512 4842 3569 4894 δὲ
3618 4845 3740 4907 ταῖς

2164 4933 2377 5003 χρείαις
2433 4931 2847 5000 ὲπαρκέσομενς
2912 4931 3030 4994 πῶς
3088 4931 3382 5003 λυθήσεται
3436 4933 3741 5004 δάνεισμα;

2162 5025 2278 5087 πῶς
2313 5023 2369 5075 δὲ
2401 5023 2494 5074 καὶ
2521 5021 2806 5092 δοθήσεται
2836 5023 2993 5086 δάνος
3022 5023 3098 5094 τῷ
3131 5025 3402 5096 ζητοῦντι,
3437 5026 3504 5078 ἂν
3537 5028 3741 5092 πάντες

2162 5107 2311 5183 ὦμεν
2339 5112 2424 5165 διά
2467 5114 2565 5182 τὴν
2602 5115 2701 5183 σὴν
2747 5114 3068 5186 παραίνεσιν
3109 5116 3337 5188 ἄποροις
3392 5117 3645 5170 Ἀπίστου
3680 5121 3744 5171 τὸ

2165 5205 2336 5276 ῥῆμα,
2383 5203 2636 5268 ἀσύνετος
2700 5207 2729 5273 ἡ
2779 5205 2950 5277 φωνὴ,
3003 5207 3103 5259 οὐκ
3152 5207 3371 5272 εἰδότος,
3413 5207 3495 5260 δτι
3534 5208 3735 5262 Δεσπό-

2155 5315 2254 5367 την
2298 5297 2492 5368 ἔχομεν
2522 5298 2612 5349 τὸν
2641 5297 2791 5360 Θεὸν,
2837 5299 3120 5369 οἰκονόμον
3165 5299 3257 5351 τοῦ
3304 5298 3440 5367 βίου,
3474 5299 3554 5369 τῷ
3586 5316 3742 5367 γενο-

2159 5389 2305 5460 μένῳ
2338 5388 2462 5459 ζὼῳ
2501 5392 2626 5461 παρ’
2662 5390 2853 5444 ἑαυτοῦ
2879 5390 3216 5462 χορηγοῦντα
3244 5389 3313 5442 τά
3343 5393 3608 5463 χρήσιμα,
3645 5392 3752 5445 καὶ

2156 5480 2280 5543 τοὺς
2327 5481 2659 5549 ἀναγκαίους
2717 5483 3017 5553 πορισμοὺς
3058 5481 3157 5550 τῆς
3200 5483 3426 5553 τροφῆς,
3483 5484 3576 5536 καὶ
3630 5483 3744 5535 τῶν

2158 5575 2562 5643 σκεπασμάτων
2586 5573 2683 5646 τὴν
2719 5575 2925 5644 χρείαν.
2964 5573 3026 5625 Ἡ
3058 5572 3165 5644 γάρ
3196 5574 3421 5643 πρόνοια
3455 5573 3549 5628 τοῦ
3597 5571 3739 5630 Θεοῦ

1630 5749 1673 5779 ⁸⁷
1703 5749 1890 5805 Matth.
1925 5766 2035 5818 xix,
2069 5753 2155 5806 2|.
