4034 6204
280 305 389 363 2i3

1305 318 1588 377 ROMILIA
1628 323 1716 381 ΙΙΙ.
1755 327 2129 391 ADVERSUS
2161 332 2564 391 AVARITIAM.

3444 340 3571 397 2M.

277 425 391 525 τῶν
423 426 647 525 ninia”
689 430 1010 525 ποιημάτοη
1055 435 1208 489 ἐστὶν
1258 442 1615 512 περιεκτικήο
1650 445 1745 497 καὶ
1790 446 1864 498 τοι

1985 459 2166 504 tuetnr
2187 465 2285 507 sua
2312 465 2515 521 opera;
2562 464 2659 506 nec
2703 447 2936 521 unquam
2984 471 3036 509 ιη
3066 456 3168 511 nde
3196 455 3415 511 divitem
3449 470 3545 525 op-

280 518 473 571 πιστει
524 518 884 585 πλουτοῦντα,
963 524 1155 590 πενίας
1205 528 1551 585 οὐδεπώποτε
1603 535 1864 605 κατέσχεν

615 609 709 662 Ἐν
734 609 790 664 δὲ
838 612 950 666 τῶν
992 612 1155 669 θείων
1209 620 1551 691 προκομίσας
1596 623 1768 695 λόγων
1793 629 1874 690 είς

279 695 569 765 ἀπόδειξιν
584 697 675 751 τοῦ
702 703 1087 773 προκειμένου,
1111 706 1324 779 ἱκανὴν,
1352 709 1431 774 ὡς
1459 706 1631 782 οἶμαι,
1667 732 1873 786 μαρτυ-

287 786 423 857 ρίαν
455 788 689 859 παρέξωέ
955 822 962 829 -

373 879 465 931 Ἑν
488 883 551 951 τῇ
582 882 692 935 τῶν
732 883 1029 941 Βααλειῶν
1077 890 1288 962 ἱστορίᾳ
1332 895 1469 965 γυνή
1520 913 1603 961 τις
1671 899 1871 968 ἀναγέο

280 986 527 1065 γραπται
575 974 741 1044 χήρα,
796 977 1141 1054 βαρυνομένη
1186 983 1306 1038 λίαν
1350 990 1417 1059 τῇ
1469 994 1725 1065 συμφορᾷ
1773 994 1872 1065 τῆς

281 1060 596 1156 μονώσεως.
641 1066 983 1142 Ἐπολιόρκει
1026 1072 1083 1126 δὲ
1130 1075 1303 1148 αὐτὴν
1341 1060 1626 1153 δανειστὴς
1654 1060 1870 1156 ⁷(ριλάρ·

278 1169 448 1244 γυρος
477 1154 575 1208 καὶ
615 1158 1023 1230 μισάνθρωπος,
1070 1164 1326 1238 ἐνέχυρον
1357 1170 1485 1235 τοὺς
1527 1174 1675 1238 υίοὺς
1700 1154 1866 1244 ἀφανι-

603 1246 699 1310 ob;
742 1249 938 1319 μόνους
982 1249 1129 1324 εἶχεν
1178 1257 1299 1310 ἀντὶ
1346 1260 1562 1315 πάντων
1595 1265 1629 1334 ἡ
1663 1242 1867 1337 μήτηρ.

294 1332 446 1427 Ἐπεὶ
550 1337 633 1401 είς
658 1338 973 1411 ἀμηχανίαν
991 1344 1127 1416 αὐτῇ
1148 1352 1520 1423 περιειστήκει
1535 1354 1596 1407 τὸ

280 1425 373 1522 καὶ
416 1426 597 1522 οὐδεὶς
639 1428 787 1502 ἠλέει
833 1433 943 1487 τῶν
992 1436 1224 1506 ἑχόντων
1264 1443 1508 1512 χρυσίον,
1539 1425 1702 1517 ἦλθεν

277 1519 366 1571 τὸν
404 1520 604 1592 ἔχοντα
647 1524 1060 1598 φιλανθρωπίαν
1091 1530 1187 1584 καὶ
1218 1532 1421 1588 πίστιν.
1479 1519 1792 1604 Ἐλισσαῖος-
1812 1541 1870 1595 δὲ

274 1604 433 1679 οὗτος
479 1609 554 1685 ἦν
595 1616 627 1669 δ
676 1618 983 1690 προφήτης,
1028 1621 1166 1693 ἀνὴρ
1205 1624 1474 1697 ἀκτήμων
1518 1629 1627 1686 τῶν
1666 1632 1874 1701 γηίνων

273 1703 444 1771 ὑλῶν,
479 1707 579 1761 καὶ
604 1710 1060 1782 περισσευόμενος
1083 1713 1185 1785 τῆς
1206 1717 1501 1789 ἀσωμάτου
1530 1724 1862 1792 περιουσίας

1980 541 2176 609 pressit
2202 541 2541 610 paupertatis
2571 554 2831 595 mrumna.
2873 540 2975 598 Ubi
3037 555 3215 599 autem
3246 546 3547 616 exemplum

1979 643 2143 682 unum
2168 641 2234 682 ex
2261 628 2539 698 Scriptura
2565 629 2631 683 ad
2655 629 2731 684 rei
2785 634 3130 686 astruendam
3170 634 3326 690 iidem
3360 644 3547 704 protu-

1977 717 2112 783 lero,
2137 718 2290 783 satis,
2330 733 2475 785 reor,
2498 726 2748 775 testatam
2779 720 2922 775 illam
2960 723 3262 779 reddidero.

2048 898 2105 952 In
2140 897 2451 968 Regnorum
2478 900 2701 957 historia
2753 901 2946 955 mulier
2972 901 3215 972 quaedam
3264 904 3419 956 vidua
3451 905 3546 958 de-

1975 991 2176 1059 scripta
2232 1001 2339 1056 est,
2393 990 2596 1048 amicta
2642 993 2795 1049 valde
2855 1007 2954 1063 pro
2981 993 3274 1049 solitudine
3300 994 3368 1050 ⁸⁸.
3396 993 3546 1050 lianc

1974 1098 2174 1138 avarus
2204 1098 2267 1138 ac
2302 1084 2625 1139 inhumanus
2653 1083 2874 1155 urgebat
2908 1084 3198 1150 fernerator,
3233 1087 3376 1155 ipsas
3405 1102 3543 1157 quo-

1972 1189 2079 1244 que
2114 1174 2351 1244 pignoris
2406 1175 2525 1229 loco
2577 1176 2859 1231 ablaturus
2906 1175 3104 1246 proles,
3164 1192 3301 1245 quas
3348 1188 3542 1247 praeter

1972 1266 2106 1322 nihil
2134 1267 2343 1322 misera:
2362 1266 2623 1336 reliquum
2659 1276 2799 1323 erat.
2826 1267 3012 1338 Itaque
3035 1283 3156 1322 cum
3190 1268 3247 1321 in
3270 1278 3559 1323 extremas-

1971 1366 2114 1414 esset
2144 1359 2359 1413 redacta
2386 1359 2684 1428 angustias,
2715 1372 2776 1414 ac
2794 1372 2952 1413 nemo
2976 1359 3259 1429 quisquam
3287 1359 3540 1415 ditiorum

1972 1448 2318 1507 miseratione
2350 1457 2685 1519 tangerctur,
2720 1450 2786 1503 ad
2840 1449 3112 1505 hominem
3141 1449 3273 1504 adiit
3297 1448 3544 1503 humani-

1973 1547 2085 1596 tate
2131 1554 2196 1595 ac
2239 1539 2343 1595 iide
2387 1550 2673 1596 ornatum.
2713 1540 2918 1596 Eliseus
2955 1541 3043 1597 hic
3083 1548 3202 1595 erat
3258 1542 3540 1610 propheta,

1972 1632 2201 1687 terrenis
2222 1631 2439 1701 quidem
2466 1631 2622 1688 bonis
2659 1645 2873 1696 carens,
2903 1631 3237 1701 incorporeis
3260 1642 3438 1686 autem
3477 1647 3542 1686 ac

1970 1722 2282 1778 cmlestibns
2311 1723 2528 1793 copiose
2551 1721 2854 1781 instructus
2876 1741 2909 1791 ;.
2945 1723 3305 1794 philosophus
3328 1724 3395 1780 ab
3415 1739 3541 1780 ara-

271 1796 572 1888 φιλόσοφος
598 1798 662 1866 ἐξ
687 1801 993 1874 ἀροτήρων,
1014 1783 1216 1873 ἀοικος,
1242 1783 1509 1878 ἀνέστιος,
1537 1783 1860 1888 μοΙνοείμων·

1971 1824 2073 1880 tro,
2094 1813 2213 1868 sine
2229 1814 2388 1868 domo
2418 1828 2484 1869 ac
2515 1813 2658 1879 lare;
2691 1822 2842 1869 veste
2869 1828 2972 1867 una
2997 1827 3061 1867 ac
3081 1812 3313 1882 simplici
3342 1820 3536 1877 utens;

271 1887 473 1941 νεωστὶ
497 1888 601 1961 μὲν
631 1891 1067 1968 κληρονομήσας.
1088 1898 1188 1970 τὴν
1209 1899 1267 1954 δὲ
1294 1901 1657 1975 κληρονομίαν
1685 1887 1866 1963 λαόὼν

275 1980 541 2071 μηλωτὴν
565 1982 791 2047 εὔωνον,
830 1989 924 2043 καὶ
952 1989 1203 2060 εὐλογίαν
1233 1992 1485 2065 ἀόρατον,
1517 1996 1615 2052 τοῦ
1640 1998 1864 2071 πυρίνου

272 2070 534 2166 ἀρματος
577 2076 940 2136 ἐκπεσοῦσαν.
985 2083 1059 2137 Ού
1100 2084 1205 2156 μὴν
1236 2086 1518 2159 ἄπρακτον
1548 2090 1646 2163 τὴν
1678 2093 1863 2166 ἱκέτην

274 2160 639 2256 ἀπέπεμψεν,
668 2167 790 2222 οὐδὲ
825 2169 1048 2240 ἀπέγνω
1090 2174 1190 2244 τῆς
1235 2175 1508 2247 βοηθείας.
1559 2160 1747 2254 ἐπειδὴ
1788 2160 1863 2256 μὴ

276 2253 569 2325 παρῆντδ
620 2253 987 2330 ζητούμενον·
1029 2262 1148 2316 οὐδὲ
1198 2261 1351 2319 εἶπεν
1383 2268 1585 2340 ἀγεννῆ
1621 2288 1744 2327 τινα
1771 2253 1865 2327 καί

272 2344 481 2399 ἄπιστα
509 2348 755 2419 ῥήματα,
791 2352 867 2416 ὠς
892 2347 973 2418 εἷς
1004 2353 1112 2409 τῶν
1144 2355 1378 2412 πολλῶν
1408 2361 1517 2415 Καὶ
1554 2361 1715 2417 πόθεν
1744 2364 1866 2435 ἐμοὶ⁸

271 2436 564 2509 ἀργύριον,
613 2438 755 2494 ὥστε
806 2441 1054 2497 διαλῦσαι
1103 2444 1165 2499 τὸ
1226 2446 1484 2520 δφλημα;
1542 2451 1752 2527 Ὥσπερ
1804 2454 1863 2508 δὲ

272 2530 502 2598 ἀριστος
554 2532 757 2603 ἰατρὸς,
806 2537 903 2589 καὶ
957 2538 1266 2609 φαρμάκων
1315 2541 1391 2613 μὴ
1449 2542 1749 2616 παρόντων,
1803 2547 1863 2614 ἐξ

274 2619 537 2673 ἐπινοιῶν
575 2623 892 2695 παραδόξων
940 2621 1068 2700 εὗρε
1112 2631 1178 2701 τῇ
1230 2630 1370 2701 νόσῳ
1399 2632 1502 2703 τὴν
1546 2632 1710 2698 iactv,
1746 2636 1860 2701 καὶ,

280 2710 350 2762 Τι’
377 2724 502 2777 σοι,
542 2714 722 2784 φησὶν,
770 2715 868 2770 ἐπὶ
908 2716 1020 2787 τῆς
1058 2721 1272 2788 οἰκίας,
1310 2716 1358 2775 ὦ
1386 2723 1601 2793 yth-at;
1634 2727 1861 2799 Μνημόσ-

272 2809 491 2867 νευσον,
535 2804 589 2857 ετ
609 2820 665 2857 τι
706 2806 802 2859 καὶ
842 2806 1022 2876 ὀλίγον
1053 2808 1200 2864 ἔνδον
1231 2812 1505 2883 τυγχάνει.
1537 2814 1726 2880 Οὐδεὶς
1755 2816 1862 2890 γὰρ

272 2892 453 2959 οὕτως
478 2895 670 2968 πένης,
702 2897 782 2962 ὡς
810 2897 1066 2966 καθάπαξ
1106 2902 1332 2976 μηδενὸς
1358 2905 1548 2976 κύριος
1576 2901 1735 2963 εἶναι.
1773 2910 1863 2974 Ὠς

270 2984 331 3038 δὲ
369 2981 549 3052 εἶπεν,
599 2988 681 3041 ὅτι
716 2989 982 3063 κεράμιόν
1014 2994 1181 3058 ἐστιν,
1217 2996 1311 3049 καὶ
1340 2995 1591 3066 λείψανον
1623 2998 1682 3054 ἐν
1713 2999 1862 3071 αὐτῷ

274 3076 453 3188 ξραχξδ
505 3078 687 3134 ἐλαίου
710 3098 725 3114 ·
780 3082 1209 3156 Παρασκεύασόν
1260 3104 1372 3158 μοι,
1422 3083 1598 3153 εἶπεν,
1652 3091 1859 3163 πλῆθος
1886 3131 1929 3188 c

271 3169 536 3238 ἀγγείων.
562 3173 673 3227 Καὶ
702 3175 735 3245 ἡ
767 3174 865 3245 μὲν
888 3177 1218 3250 ηὐτρέπισεν
1235 3199 1247 3210 ·
1277 3181 1305 3232 ὁ
1326 3178 1383 3234 δὲ
1411 3180 1478 3234 δι’
1504 3181 1673 3255 αὐτῆς
1693 3184 1859 3258 ἐπλή-

273 3277 475 3330 ρωσεν,
528 3262 623 3316 καὶ
664 3263 743 3336 τῷ
780 3265 1030 3340 δανειστῇ
1079 3268 1294 3343 διελύθη
1335 3270 1398 3325 τὸ
1447 3272 1703 3347 ὄφλημα·
1738 3275 1858 3347 ἠδὲ

270 3353 413 3424 γυνὴ
442 3354 707 3427 ἀπῆλθεν,
730 3357 791 3423 ἐξ
814 3359 1034 3430 ἀπόρων
1059 3358 1296 3435 εὑροῦσα
1327 3364 1417 3418 τὸν
1446 3366 1630 3439 πόρον.
1656 3367 1729 3422 Τὸ
1750 3368 1858 3442 γὰρ

268 3445 548 3515 ὀλίγιστον
579 3447 778 3513 ἔλαιον,
829 3451 859 3505 ὃ
901 3446 1039 3505 εἶναι
1083 3454 1215 3526 παρ’
1243 3455 1380 3527 αὐτῇ
1421 3452 1573 3511 εἶπεν
1602 3459 1738 3533 πρὸς
1769 3460 1858 3516 τὸν

269 3540 588 3611 προςήτην,
629 3542 907 3613 ὲπήγασεν
937 3545 1003 3598 ὲκ
1031 3545 1124 3598 τοῦ
1165 3548 1492 3618 παραδόξου,
1523 3550 1618 3603 καὶ
1652 3551 1860 3615 πάντας

269 3631 402 3695 τοὺς
433 3629 894 3704 εὐτρεπισθέντας
933 3636 1311 3710 ἀμφορίσκους
1341 3640 1658 3713 ἐπλήρωσεν
1678 3660 1693 3676 ο
1727 3642 1857 3714 ἔστη

267 3721 328 3774 δὲ
356 3722 484 3775 τότε
519 3724 620 3795 τῆς
649 3724 879 3795 ῥύσεως,
911 3728 999 3782 ὅτε
1029 3728 1250 3797 ἀγγεῖον
1287 3730 1389 3784 οὐκ
1418 3729 1501 3784 ἔτι
1527 3726 1596 3803 ἧν
1623 3731 1684 3786 τὸ
1706 3732 1858 3805 δεχό-

272 3829 443 3883 μενον
461 3830 476 3846 ·
508 3816 603 3868 καὶ
629 3818 695 3888 τῇ
724 3817 885 3889 χρείᾳ
910 3819 1291 3892 συνεμετρήθη
1330 3822 1369 3892 ἡ
1394 3822 1575 3893 χάρις.
1618 3823 1857 3896 Ἀληθῶς

270 3909 458 3963 ἔλαιον
490 3911 686 3975 ἐκεῖνο,
723 3911 757 3965 ὃ
790 3912 956 3981 φυτὸν
999 3914 1102 3968 οὐκ
1146 3914 1622 3987 ἐκαρποφόρησεν,
1661 3916 1776 3971 ἀλλ’
1809 3918 1857 3971 οἱ

269 3999 370 4054 τοῦ
414 4001 554 4056 Θεοῦ
594 4004 872 4078 οἰκτιρμοί
913 4003 1285 4077 ἐγεώργησαν.
1328 4005 1547 4078 Ταύτην
1576 4005 1857 4081 ὠνήσασθε

270 4091 375 4163 τὴν
402 4093 734 4166 ἐπιστήμην,
768 4097 819 4149 εἰ
845 4094 1097 4160 δύνασθε,
1124 4099 1177 4151 oi
1203 4097 1313 4152 ἀπὸ
1340 4094 1493 4168 ἡλίου
1524 4099 1855 4171 ἀνίσχοντος,

274 4185 445 4257 μέχρι
487 4175 584 4239 καὶ
631 4184 913 4258 δυομένου,
964 4187 1223 4258 βασιλεῖς,
1263 4188 1543 4255 δυνάσται,
1589 4191 1855 4249 πλούσιοι,

269 4278 339 4330 Οἱ
382 4279 541 4346 σοφοὶ
585 4274 687 4347 τῆς
723 4279 1019 4350 ἐγκοσμίου
1060 4280 1272 4350 σοφίας,
1323 4282 1595 4354 κτήσασθε
1626 4284 1719 4337 τοῦ
1752 4284 1859 4338 ἀπὸ

269 4371 563 4442 ἀροτήρων
604 4372 885 4442 προφήτου
922 4372 987 4425 τὸ
1029 4373 1297 4446 χάρισμα,
1322 4374 1352 4428 δ
1378 4376 1743 4448 ἀναφαίρετον
1782 4377 1859 4449 τῷ

270 4461 497 4515 λαϐόντι
535 4464 721 4534 συνῆν.
758 4464 844 4518 Τὰ
872 4464 984 4538 γὰρ
1016 4465 1117 4538 τῆς
1152 4467 1424 4540 ὑμετέρας
1465 4469 1701 4540 σπουδῆς
1726 4472 1858 4542 κτή·
1887 4487 1935 4546 D

274 4569 428 4624 ματα
490 4554 720 4626 μυρίους
764 4554 878 4626 ἔχει
941 4556 1383 4629 παρακειμένους
1434 4558 1535 4630 τῆς
1585 4557 1858 4625 ἀπωλείας

266 4640 586 4710 κινδύνουςο
619 4646 825 4719 λῃστὶς
865 4648 1354 4720 τοιχωρυχοῦντας,
1422 4652 1720 4722 τυράννους
1758 4655 1859 4725 ἀρ-

271 4734 570 4800 τιάζοντας,
612 4738 708 4791 καὶ
754 4739 1099 4808 συκοφάντας
1143 4739 1624 4806 ἐπιϐουλεύοντας·
1653 4741 1858 4797 θάλασ-

272 4842 381 4881 σαν
408 4828 924 4896 καταποντίζουσαν,
957 4830 1055 4885 καὶ
1086 4833 1189 4903 γῆν
1225 4831 1719 4906 ὑπρῤηγνυμένην
1746 4834 1858 4899 τοῖς

267 4915 569 4991 χάσμασιν.
612 4921 796 4976 Ἔστω
832 4921 1013 4977 τοίνυν
1060 4923 1216 4988 ὲλπὶς
1248 4922 1343 4977 καὶ
1368 4926 1614 4996 ταμιεῖον
1646 4924 1862 4999 ἀνθρώ-

263 5028 398 5075 ποις
431 5012 464 5083 ἡ
506 5012 602 5066 τοῦ
643 5012 779 5068 Θεοῦ
813 5014 985 5082 δεξιὰ,
1015 5015 1050 5087 ἡ
1078 5014 1171 5070 τὸν
1196 5014 1324 5070 λαὸν
1353 5016 1633 5084 Αἰγύπτου
1671 5017 1866 5087 ἐξαγα-

262 5102 465 5172 γοῦσα,
493 5104 590 5157 καὶ
616 5104 676 5157 ἑν
704 5104 898 5176 ἐρήμῳ
918 5104 1075 5177 χώρᾳ
1104 5105 1204 5177 τὴν
1228 5104 1482 5176 εὐθηνίαν
1508 5104 1618 5160 τῶν
1640 5108 1862 5177 ἀγαθῶν

269 5196 663 5267 ιορητήσασα·
702 5197 739 5268 ἡ
786 5195 867 5269 τῷ
917 5194 1118 5270 Δανιὴλ
1177 5197 1463 5267 ἀγαγοῦσα
1500 5200 1594 5253 τὸν
1652 5201 1861 5274 Ἀμϐα-

1967 1915 2137 1974 nuper
2170 1903 2388 1974 quidem
2449 1915 2641 1961 auctus
2693 1902 3044 1969 haereditate,
3092 1919 3155 1958 ea
3207 1913 3385 1959 tamen
3419 1904 3541 1957 vilis

1965 1994 2230 2051 duntaxat
2250 1995 2409 2065 pretii
2437 1995 2667 2060 meiotae,
2714 1996 3109 2066 invisibilisqne
3147 1995 3539 2053 benedictionis

1965 2087 2120 2157 igneo
2148 2102 2308 2144 curru
2331 2087 2562 2157 delapsa:
2595 2087 2661 2141 ⁵⁹.
2719 2086 2869 2142 iiaud
2917 2090 3195 2144 enimvero
3220 2087 3536 2157 supplicem,

1976 2194 2034 2233 re
2076 2178 2298 2246 infecta,
2326 2180 2556 2244 remisit,
2582 2194 2680 2235 nec
2703 2180 2768 2235 de
2790 2175 2988 2235 auxilio
3004 2180 3259 2236 continuo
3285 2179 3540 2248 despera-

1973 2271 2070 2334 vit.
2107 2272 2248 2342 quod
2281 2287 2385 2327 non
2412 2281 2557 2328 esset
2604 2272 2659 2328 itt
2709 2281 2958 2343 promptu
2986 2272 3128 2342 quod
3158 2271 3550 2341 quaerebatur;

1965 2372 2063 2414 nec
2092 2358 2252 2413 verba
2285 2360 2529 2429 quaedam
2564 2359 2848 2432 degeneris
2901 2375 2966 2417 ac
3021 2361 3311 2417 dillidentis
3372 2362 3536 2416 animi

1962 2448 2206 2518 protulit,
2256 2464 2319 2506 ac
2368 2451 2546 2521 qualia
2595 2466 2732 2507 unus
2783 2451 3049 2522 quispiam
3090 2468 3121 2507 e
3153 2451 3344 2521 vulgo:
3380 2449 3535 2506 Unde

1962 2555 2092 2596 vero
2117 2540 2246 2595 mihi
2277 2541 2501 2612 pecunia
2531 2550 2588 2596 nt
2640 2542 2899 2600 solvendo
2941 2541 3087 2597 sim?
3114 2542 3183 2598 Ut
3211 2551 3392 2597 autem
3433 2556 3530 2610 pe-

1963 2632 2254 2689 ritissimus
2282 2633 2543 2698 medicus.
2566 2634 2778 2692 tametsi
2812 2634 3205 2691 medicamenta
3227 2633 3294 2689 ad
3314 2648 3535 2689 manum

1963 2740 2068 2781 non
2097 2732 2278 2795 erant,
2318 2725 2500 2781 subtili
2570 2726 2813 2793 invento,
2871 2727 3043 2782 Illnl‘bi
3106 2727 3403 2783 remedium
3438 2741 3534 2781 no-

1962 2832 2087 2872 vum
2115 2817 2474 2888 excogitavit;
2513 2826 2612 2875 et:
2668 2816 2812 2884 Quid
2852 2818 3035 2882 habes,
3068 2817 3267 2887 inquit,
3324 2818 3530 2883 mulier,

1943 2910 2017 2965 eiu
2045 2910 2201 2965 domo
2223 2908 2433 2964 New?
2458 2909 2573 2975 Dic,
2605 2910 2787 2974 sodes,
2821 2910 2866 2965 si
2895 2910 3020 2981 quid
3070 2911 3164 2965 tibi
3201 2910 3256 2965 in
3290 2924 3353 2965 ea
3406 2909 3529 2964 reli-

1962 3016 2127 3071 quum
2160 3010 2266 3056 est.
2290 2999 2399 3057 Nec
2419 3001 2562 3057 enim
2601 3001 2888 3072 quisquam
2917 3003 3053 3057 adeo
3074 3016 3300 3072 pauper,
3335 3011 3394 3055 ut
3419 3000 3538 3056 nni-

1961 3091 2068 3148 lius
2095 3092 2253 3162 plane
2292 3094 2368 3148 rei
2396 3092 2653 3148 dominus
2672 3093 2766 3149 sit.
2813 3093 2908 3149 Ubi
2945 3108 3073 3149 vero
3114 3093 3414 3163 respondit,
3443 3109 3537 3148 vas

1959 3197 2082 3239 esse
2117 3182 2277 3240 fictile
2302 3197 2426 3239 cum
2453 3184 2573 3240 oleo
2609 3183 2889 3254 pauxillo:
2924 3181 3054 3249 Far,
3088 3182 3178 3246 ait,
3212 3183 3381 3239 multa
3405 3184 3535 3239 mihi

1961 3291 2091 3333 vasa
2126 3292 2305 3349 pares.
2340 3276 2407 3332 Et
2431 3277 2547 3348 ipsa
2581 3276 2797 3347 quidem
2824 3276 3035 3346 paravit
3058 3292 3073 3343 ;
3093 3275 3183 3333 ille
3211 3285 3392 3331 autem
3416 3275 3535 3345 ejus

1962 3363 2266 3419 ministerio
2292 3364 2576 3433 implevit:
2615 3378 2681 3419 ac
2731 3363 2969 3421 debitum
2992 3365 3208 3436 quidem
3247 3364 3535 3421 ieneratori

1962 3454 2290 3526 persolutum
2315 3464 2438 3523 est;
2474 3455 2673 3511 mulier
2729 3470 2858 3511 vero
2920 3471 2984 3511 ex
3049 3456 3344 3527 deploratis
3377 3459 3538 3513 rebus

1961 3547 2065 3602 iter
2088 3547 2341 3603 secundis
2396 3547 2702 3613 inveniens,
2745 3548 3028 3619 discessit:
3079 3564 3202 3605 nam
3243 3550 3534 3621 pauxillum

1962 3634 2090 3691 illud
2122 3634 2246 3700 olet.
2290 3636 2433 3705 quod
2461 3648 2524 3692 se
2548 3650 2712 3707 penes
2736 3650 2858 3693 esse
2897 3637 3177 3707 prophetae
3218 3638 3446 3705 dixerat,
3483 3642 3535 3696 in

1962 3727 2176 3782 modum
2208 3725 2371 3783 fontis
2400 3728 2675 3796 inopinato
2699 3727 3000 3793 scaturivit,
3059 3742 3356 3799 onmesqne
3380 3741 3536 3800 quot-

1961 3826 2095 3888 quot
2123 3816 2209 3871 illa
2240 3826 2525 3888 paraverat
2549 3818 2859 3888 amphoras,
2900 3816 3168 3886 replevit;
3213 3833 3278 3873 ac
3301 3828 3411 3872 tum
3437 3820 3535 3875 de-

1962 3925 2109 3965 mum
2144 3907 2274 3966 ﬂere
2295 3909 2480 3977 desiit,
2512 3924 2638 3965 cum
2664 3924 2794 3966 vasa
2828 3908 3125 3964 defuissent
3169 3909 3237 3963 ad
3265 3908 3533 3979 recipien-

1959 4002 2342 4073 dutn;Deique
2363 4001 2491 4057 illud
2518 4000 2833 4056 beneﬁcium
2901 4001 3209 4072 indigentia:
3261 4012 3531 4073 aequatum

1961 4103 2063 4150 est.
2092 4093 2231 4148 Vere
2256 4092 2431 4148 oleum
2466 4092 2595 4147 illud
2631 4090 2767 4163 (26),
2788 4091 2933 4162 quod
2980 4108 3091 4147 non
3137 4091 3302 4149 arbor
3329 4109 3391 4149 ac
3414 4094 3534 4149 olea

1962 4186 2237 4259 produxit,
2267 4186 2359 4240 sed
2397 4183 2491 4239 Dei
2519 4184 2885 4240 misericordia
2939 4184 3148 4240 ediditl'
3179 4183 3328 4239 Hunc
3357 4185 3531 4250 vobis,

1961 4279 2002 4332 si
2028 4276 2175 4342 Lcet,
2206 4286 2516 4347 comparate
2540 4276 2843 4344 scientiam,
2875 4277 3205 4347 quicunque,
3234 4290 3395 4347 quam
3424 4276 3534 4334 late

1960 4378 2110 4440 patet
2153 4369 2347 4428 Oriens
2372 4379 2429 4426 et
2453 4368 2742 4434 Occidens,
2768 4367 2977 4438 uspiam
3011 4368 3176 4436 estis;
3227 4383 3405 4440 reges,
3437 4368 3535 4441 dy-

1962 4470 2151 4526 nastze,
2187 4460 2400 4516 divites.
2450 4459 2559 4517 Vos
2610 4461 2895 4516 mundana:
2947 4460 3225 4529 sapientiae
3278 4460 3532 4524 consulti,

1964 4552 2240 4624 propheta:
2274 4549 2403 4607 illud
2453 4553 2522 4607 ab
2574 4560 2757 4606 aratro
2813 4551 3009 4607 donum
3063 4551 3347 4622 acquirite,
3393 4552 3535 4621 quod

1964 4647 2136 4701 abeo
2197 4645 2288 4716 qui
2342 4643 2640 4716 accepisset
2701 4660 2805 4701 non
2863 4655 3075 4716 poterat
3125 4644 3536 4716 anierri,eique

1965 4753 2181 4810 semper
2210 4754 2394 4795 comes
2416 4746 2555 4794 erat.
2583 4738 2715 4804 Quae
2739 4738 2883 4793 enim
2913 4738 3051 4793 bona
3076 4750 3393 4808 comparare
3413 4747 3535 4793 stu-

1966 4828 2127 4895 detis,
2151 4826 2638 4885 innumerabilibus
2681 4827 2941 4897 periculis
2985 4829 3227 4896 exposita
3265 4835 3424 4894 sntit;
3458 4827 3537 4880 lau

1963 4920 2206 4977 tronibus
2256 4922 2523 4991 parietum
2575 4920 3003 4991 perfossoribus;
3066 4920 3309 4993 tyrannis
3347 4926 3536 4988 raptor

1959 5014 2144 5079 ribus;
2180 5012 2531 5082 sycophantis
2585 5011 3032 5081 insidiatoribus;
3084 5011 3217 5068 mari
3261 5010 3532 5066 haurienti

1963 5100 2243 5173 ﬂuctibus;
2287 5114 2444 5161 terrae
2476 5104 2715 5161 hiatibus
2744 5104 3067 5161 dehiscenti.
3107 5104 3242 5173 Spes
3273 5116 3403 5171 ergo
3436 5118 3535 5159 no-

1960 5208 2073 5252 stra
2106 5213 2169 5253 ac
2202 5210 2376 5269 penu,
2410 5195 2502 5254 Dei
2558 5198 2631 5254 sit
2684 5200 2933 5256 dextera:
2980 5211 3099 5267 (pta:
3129 5195 3412 5252 Judaicum
3439 5211 3537 5265 po-

342 5329 391 5360 ³³
425 5327 487 5381 ιν
549 5326 678 5400 Reg.
715 5330 839 5396 tv,i
877 5346 999 5402 sqq.
1072 5334 1118 5366 "
1148 5333 1212 5388 IV
1242 5333 1369 5407 Reg.
1397 5351 1456 5398 ll.
1493 5335 1574 5390 ii.
1654 5336 1721 5369 ⁸⁹⁶
1752 5337 1818 5392 IV
1857 5337 1864 5390 |

1964 5355 1985 5401 ς.
2021 5354 2092 5399 tv,
2125 5338 2179 5393 2.

342 5442 459 5513 (£6)
513 5440 641 5499 Vere
693 5444 865 5499 oleum
924 5445 1081 5500 illud.
1132 5446 1336 5504 Allusio
1409 5457 1494 5505 est
1546 5450 1611 5503 ad
1664 5462 1850 5505 vocem

261 5513 441 5587 ἔλεος,
486 5516 643 5587 quod
682 5524 768 5571 est
827 5517 1211 5583 misericordia,
1274 5534 1304 5571 a
1357 5534 1460 5587 qua
1522 5519 1584 5572 τὸ
1644 5519 1849 5585 ἔλαιον,

262 5585 510 5652 quadam
562 5584 710 5639 velut
755 5589 1136 5653 paranomasia
1189 5584 1391 5643 dictum
1448 5590 1564 5644 sit:
1599 5599 1659 5643 ut
1707 5584 1847 5644 istml

260 5664 417 5726 esset
444 5656 645 5709 eximie
673 5653 884 5709 ἔλαιονο
935 5657 1064 5726 quia
1104 5672 1134 5710 tt
1184 5658 1273 5713 Dei
1316 5658 1427 5725 ipsa
1475 5659 1850 5714 misericordia

264 5724 420 5781 velut
468 5736 771 5791 manasset,
809 5742 919 5782 non
953 5724 1025 5783 ab
1071 5728 1197 5783 olea.
1231 5724 1374 5784 esset
1403 5738 1601 5785 ortum.
1641 5729 1850 5800 Ubique

1964 5452 2206 5510 Asterius
2230 5454 2476 5509 divinum
2502 5451 2631 5523 quid
2671 5467 2733 5504 ac
2763 5449 3207 5523 sntnmegouitunt
3232 5447 3452 5523 praete"
3478 5449 3529 5502 itt

1957 5524 2410 5592 descriptionibus
2457 5517 2592 5578 suis.
2650 5523 2954 5592 lnterpres_
2983 5520 3055 5592 ita
3117 5517 3311 5583 reddit,
3356 5527 3412 5572 ut
3465 5534 3532 5572 ne

1957 5590 2241 5664 vestigium
2287 5594 2579 5664 exprimat
2605 5592 2749 5646 illius
2782 5590 3047 5664 acuminis
3076 5609 3089 5646 :
3117 5605 3181 5646 ac
3223 5604 3291 5646 ne
3337 5602 3535 5645 sensus

1955 5661 2170 5733 quidetn
2197 5666 2249 5720 in
2285 5661 2586 5720 counctori
2622 5669 2837 5717 constat
2871 5661 3039 5716 ullus.
