4048 6194
505 309 611 366 (ὶίό

1817 312 1875 367 S.
1917 313 2193 370 ASTERII
2229 313 2535 371 AMASENI

3569 283 3581 295 ’
3672 306 3784 364 sto

506 429 688 495 pulrrru
723 444 787 484 ex
811 428 1045 502 {Egypto
1099 432 1374 495 eduxit”,
1407 441 1570 500 alque
1621 433 1673 485 in
1710 431 1927 486 deserto
1962 429 2093 484 aifa-

2210 432 2362 503 ιοὺμ.
2399 432 2495 485 καὶ
2523 431 2617 484 τὸν
2651 429 2876 501 Ἰσμαὴλ
2900 430 3145 495 σώσασα,
3177 429 3275 498 τῆς
3308 428 3577 501 μητρικῆς
3613 426 3787 496 ἀγκά-

509 521 603 574 tirtr
661 526 798 576 bona
834 524 901 579 ‘ei
949 525 1351 593 suppeditavit;
1411 542 1532 595 qua:
1592 523 1795 578 Danieli
1841 522 2090 576 llabacue

506 615 646 669 stitit
669 615 735 679 “,
761 615 1163 685 abiectumque.
1189 632 1254 671 se
1281 618 1542 673 maternis
1580 618 1888 670 alriiratnnr
1926 613 2089 677 ulnis,
2116 642 2121 645 λ

508 704 786 759 lsmaelem
832 706 1070 761 servavit
1107 709 1152 739 ”
1184 726 1199 762 :
1254 723 1373 778 qtue
1410 708 1587 762 omnis
1626 706 1802 759 artatis
1856 702 2093 757 homini-

510 798 610 852 bus
637 797 751 869 (27)
779 812 1049 853 annonam
1079 800 1542 865 subministravit,
1577 815 1640 854 ac
1682 801 1895 853 demum
1928 794 2092 864 quin-

506 905 611 953 que
643 890 979 947 lrordeaceos
1010 908 1174 963 panes
1202 894 1372 949 instar
1402 895 1597 949 messis
1628 893 1908 947 immensa:
1950 887 2016 949 ⁸³,
2037 894 2097 942 ιιι

508 984 702 1051 singuli
734 984 1077 1039 rnillenorrrnr
1103 986 1383 1041 hominum
1430 987 1629 1042 famem
1677 986 1952 1049 satiarint,
1977 982 2092 1036 sin-

2191 530 2295 597 λης
2349 522 2756 596 ἀπορριφέντω
2808 523 2902 575 καὶ
2960 526 3072 586 τοῖς
3123 522 3246 576 καθ’
3300 522 3538 592 ἑκάστην
3592 520 3789 590 γενεὰν

2195 612 2554 681 ὲπαρκέσασα
2572 630 2586 643 ·
2618 613 2713 666 καὶ
2740 612 3048 666 τελευταῖον
3077 614 3237 666 πέντε
3260 612 3540 684 κριθίνους
3562 613 3787 682 ἄρτους,

2197 704 2273 768 ὡς
2318 705 2546 776 ἄπειρον
2579 705 2858 777 γεωργίαν
2907 704 3247 777 πληθύνασα,
3280 706 3366 759 ἵνα
3406 706 3435 757 ό
3481 700 3565 767 εἷς
3626 704 3788 775 ἄρτος

2197 794 2383 866 χιλίων
2429 793 2640 866 ἀνδρῶν
2701 793 3015 850 πεινώντων
3058 795 3323 870 πληρώσῃ
3377 795 3644 866 γαστέρα.
3694 795 3787 847 καὶ

2201 884 2338 956 πρός
2379 904 2442 955 γε
2495 886 2714 956 κόφινον
2737 886 2847 939 τῶν
2892 887 3183 958 λειψάνων.
3210 889 3300 961 Τῷ
3320 889 3377 942 δὲ
3406 888 3526 960 Θεῷ
3570 888 3730 960 ἡμῶν
3754 891 3779 942 i

2197 978 2347 1043 δόξα,
2375 982 2456 1042 εἰς
2482 982 2611 1044 τοὺς
2638 978 2840 1045 αίῶνας
2872 980 2980 1034 τῶν
3003 981 3234 1036 αἰώνων.
3260 984 3297 1036 Α
3308 983 3435 1052 μήν.
3777 988 3784 1045 ι

508 1077 766 1147 pulosqne
794 1088 1052 1147 prmterea
1085 1079 1350 1148 caplrinos
1377 1080 1621 1150 reliquiis
1646 1073 2085 1149 adirnpleverint,
2125 1070 2365 1128 adauxit.
2406 1072 2514 1128 Deo
2540 1082 2721 1129 autem
2752 1084 2941 1129 nostro
3000 1076 3069 1128 sit
3128 1075 3244 1130 laus
3311 1088 3364 1129 et
3403 1073 3569 1145 gloria
3605 1073 3659 1127 in
3691 1090 3768 1126 sar

508 1170 627 1223 rttla
652 1170 998 1224 sarculorum.
1020 1169 1215 1226 Amen.

1251 1264 1340 1320 IV.

668 1352 856 1407 Sermo
890 1355 1143 1409 adrersus
1177 1355 1541 1411 Kalendarum
1578 1359 1768 1427 festum
1795 1355 1932 1427 (28).

586 1447 698 1499 Duo
726 1444 953 1515 pariter,
1004 1445 1292 1503 lresternns
1346 1449 1751 1520 bodicrnnsque
1776 1449 1914 1513 dies,
1956 1448 2094 1503 festa

510 1539 845 1607 ronjnngunt
894 1538 1027 1591 nihil
1076 1539 1218 1596 inter
1256 1556 1316 1596 se
1344 1552 1573 1612 cognata
1602 1557 1668 1598 ac
1699 1542 2093 1614 congruentia;

2956 1254 3028 1310 A'.

2238 1350 2431 1418 Λόγος
2459 1350 2850 1418 κατηγορικύς
2889 1349 3000 1419 τῆς
3020 1349 3234 1419 ἑορτῆς
3262 1347 3383 1403 τῶν
3407 1346 3759 1406 Καλανδῶν.

2275 1441 2382 1494 Δύο
2408 1441 2551 1496 κατὰ
2571 1442 2770 1497 ταυτὸν
2786 1443 2971 1513 ἑορταὶ
3003 1442 3340 1514 συνέδραμον
3365 1443 3459 1495 ἐπὶ
3479 1441 3579 1512 τῆς
3600 1441 3799 1512 χθιῇς

2202 1532 2299 1587 καὶ
2348 1533 2449 1603 τῆς
2503 1531 2815 1604 ἐνεστώσης
2864 1532 3101 1605 ἡμέρας,
3155 1533 3218 1586 οὐ
3264 1530 3549 1603 σύμφωνοί
3585 1549 3647 1584 τε
3697 1533 3799 1585 καὶ

509 1646 777 1700 set'usque
808 1630 1055 1694 omnino,
1089 1634 1302 1690 diversa
1337 1636 1519 1705 plane,
1582 1645 1747 1706 atque
1798 1634 2093 1691 contraria.

2210 1623 2445 1694 ἀδελφοὶ,
2490 1626 2600 1678 πᾶν
2626 1624 2685 1678 δὲ
2721 1624 3036 1679 τούναντίον
3073 1622 3284 1695 ἐχθρῶς
3311 1639 3371 1675 τε
3406 1622 3501 1676 καὶ
3533 1622 3797 1686 ἐναντίως

509 1725 751 1783 Alterum
817 1730 962 1784 enim
1016 1739 1367 1786 externarum
1418 1727 1660 1783 sordium
1712 1737 1816 1795 est,
1872 1726 2096 1781 multam

510 1834 832 1875 mammona:
864 1821 1149 1891 pecuniam
1181 1817 1476 1888 colligens,
1527 1817 1915 1887 sordidamque
1938 1815 2098 1870 aliam

511 1925 575 1963 ac
603 1910 919 1967 illiberalem
975 1912 1422 1969 nundinationem
1453 1911 1803 1975 convelrens;
1838 1911 2094 1977 alterum,

512 2018 685 2059 sacrte
714 2019 778 2059 ac
807 2019 948 2059 vera:
979 2004 1275 2074 religionis,
1314 2004 1753 2072 conjrrrrctionern
1799 2017 1924 2058 cum
1962 2001 2096 2068 Deo,

512 2108 576 2148 ac
606 2095 729 2148 vitm
758 2094 1067 2165 depurgauc
1092 2095 1346 2150 virtutem
1367 2096 1593 2151 docens.
1623 2094 1761 2161 Quia
1798 2109 1929 2149 vero
1948 2110 2099 2150 corn-

512 2184 719 2253 plures,
764 2186 941 2241 inanis
996 2187 1360 2241 observantia:
1413 2186 1637 2241 delicias
1660 2202 1724 2242 ac
1754 2188 1928 2242 studia
1958 2204 2099 2258 pra-.-

521 2277 806 2340 habentes,
835 2292 995 2332 sacro
1018 2278 1071 2333 in
1114 2278 1344 2334 ecclesia
1400 2280 1689 2334 conventni
1747 2293 1811 2333 ac
1848 2281 2095 2335 concioni

515 2384 619 2422 non
650 2368 980 2425 interfuere:
1012 2384 1112 2440 age
1143 2384 1309 2434 nunc,
1365 2370 1572 2425 fatuam
1615 2371 1761 2426 illam
1789 2387 1853 2428 ac
1880 2372 2096 2427 noxiam

512 2460 957 2527 delectationem,
991 2462 1315 2529 phrenitidis
1342 2461 1515 2518 instar
1552 2462 1695 2518 inter
1730 2464 1893 2518 risrrrn
1926 2478 1990 2518 ac
2012 2462 2099 2531 jo-

514 2568 638 2606 r-nrn
674 2563 981 2619 necantem,
1008 2554 1278 2609 sermonis
1308 2554 1359 2609 vi
1415 2568 1483 2610 es
1523 2555 1723 2611 animis
1776 2555 1978 2625 ejicere
2008 2570 2098 2610 co-

516 2659 730 2699 nentur.
756 2643 814 2699 In
843 2659 950 2714 quo
994 2643 1304 2700 Salomonis
1355 2645 1574 2715 quidem
1632 2646 1848 2703 dicendi
1878 2646 2094 2701 modum

513 2743 570 2790 r-t
601 2736 903 2790 institutum
932 2746 1239 2805 opportune
1266 2736 1397 2790 mibi
1437 2736 1624 2793 videor
1646 2752 1806 2808 posse
1845 2752 1931 2793 me
1974 2738 2098 2793 imi-

516 2830 649 2885 tari:
689 2845 812 2883 nam
838 2838 893 2883 et
924 2828 1014 2882 ille
1041 2843 1272 2885 monens
1300 2831 1548 2898 juvenes,
1582 2838 1642 2882 ut
1693 2829 1985 2898 diligenter
2029 2829 2097 2884 ab

514 2916 952 2985 intemperantiae
979 2914 1081 2971 sibi
1108 2916 1318 2985 laqueis
1350 2929 1599 2982 caveant,
1649 2932 1758 2983 quo
1786 2916 1905 2986 plus
1933 2918 2094 2972 robo-

2199 1716 2422 1788 ἔχουσαι
2454 1717 2592 1789 πρὸς
2619 1717 2875 1788 ἀλλήλας.
2927 1719 2991 1771 Ἡ
3020 1716 3120 1789 μὲν
3145 1717 3256 1788 γάρ
3287 1716 3436 1769 ἐστιν
3462 1714 3557 1768 τοῦ
3591 1714 3798 1779 ἔξωθεν

2201 1805 2500 1879 suggested,
2535 1807 2674 1861 πολὺ
2702 1807 3016 1877 συνάγουσα
3036 1806 3133 1860 τοῦ
3166 1807 3405 1877 μαμωνᾶ
3422 1805 3485 1858 τὸ
3506 1805 3797 1877 ἀργύριον,

2200 1899 2299 1953 καὶ
2321 1899 2422 1970 τὴν
2457 1898 2627 1968 ἀλλην
2665 1896 2974 1970 καπηλείαν
3008 1898 3372 1970 ἐφελκομένη,
3409 1897 3510 1969 τὴν
3539 1898 3799 1969 ἀγοραῖόν

2198 2007 2258 2044 τε
2289 1990 2384 2045 καὶ
2413 1990 2767 2064 ἀνελεύθερον
2786 2008 2799 2022 ο
2834 1993 2865 2063 ἠ
2893 1991 2949 2044 δὲ
2973 1991 3072 2061 τῆς
3093 1991 3257 2059 ἁγίας
3284 1990 3379 2044 καὶ
3398 1989 3636 2062 ἀληθοῦς
3664 1989 3801 2061 θρη-

2199 2082 2410 2147 σκείας.
2452 2084 2731 2137 οἱκείωσιν
2765 2082 2866 2155 τὴν
2903 2084 3041 2155 πρὸς
3069 2082 3225 2146 Θεὸν,
3258 2082 3357 2136 καὶ
3384 2081 3478 2135 τοῦ
3523 2082 3800 2154 κεκαθαρ-

2201 2176 2366 2246 μένου
2390 2176 2508 2247 βίου
2533 2176 2633 2249 τὴν
2659 2177 2867 2249 ἀρετὴν
2888 2175 3313 2231 ἐκπαιδεύουσα.
3344 2174 3564 2245 Ἐπειδὴ
3583 2173 3641 2228 δὲ
3669 2173 3803 2227 πολ-

2197 2269 2281 2322 λοὶ
2314 2268 2696 2340 προτιμῶντες
2728 2268 2828 2340 τὴν
2860 2270 2925 2322 ἐκ
2953 2268 3055 2338 τῆς
3079 2266 3445 2339 ματαιότητος
3466 2266 3678 2337 τρυφὴν
3705 2266 3803 2319 καὶ

2197 2363 2476 2433 ἀσχολίαν,
2538 2360 2953 2433 ἀπελείφθησαν
3007 2359 3104 2413 τοῦ
3151 2358 3295 2413 κατὰ
3351 2358 3451 2430 τὴν
3493 2358 3798 2430 ἐκκλησίαν

2200 2454 2460 2525 συλλόγου
2482 2493 2497 2517 ,
2531 2455 2687 2526 φέρε,
2714 2453 2814 2525 τὴν
2862 2451 3055 2524 μωράν
3084 2453 3181 2506 καλ⁵
3228 2450 3577 2523 βλάπτουσαν
3602 2450 3803 2522 τέρψιν

2197 2547 2343 2619 λόγῳ
2361 2547 2471 2602 τῶν
2493 2546 2683 2618 ψυχῶν
2710 2545 3097 2615 ἀπελάσωμεν,
3114 2544 3303 2617 ὥσπερ
3320 2543 3443 2598 τινὰ
3472 2545 3714 2615 φρενῖτιν
3740 2544 3803 2598 ὲν

2194 2641 2274 2713 τῷ
2315 2639 2481 2710 γελᾷν
2537 2639 2634 2692 καὶ
2675 2634 2895 2701 παίζειν
2948 2636 3042 2690 τὸν
3093 2636 3329 2691 Θάνατον
3379 2635 3641 2704 ἄγουσαν.
3705 2634 3802 2690 Ἐν

2196 2730 2376 2802 καιρῷ
2399 2730 2446 2783 δ’
2476 2730 2544 2784 ἂν
2571 2729 2661 2783 τὸν
2691 2729 3018 2800 Σολομῶντα
3046 2727 3363 2801 ζηλώσαιμι
3390 2730 3491 2800 τῆς
3512 2727 3609 2782 τοῦ
3638 2726 3803 2797 λόγου

2200 2824 2667 2901 μεταχειρήσεως.
2708 2822 2821 2877 Καὶ
2856 2823 2967 2895 γάρ
3015 2824 3226 2886 ἐκεῖνος
3271 2820 3656 2893 συμϐουλεύων
3683 2824 3807 2888 τοῖς

2201 2914 2348 2979 νέοις
2375 2912 2636 2983 ἀσφαλῶς
2669 2915 2896 2978 ἑαυτοὺς
2923 2913 3034 2968 ἀπὸ
3057 2914 3168 2968 τῶν
3199 2914 3443 2983 παγίδων
3469 2914 3570 2986 τῆς
3593 2913 3807 2969 ἀκολα-

519 3009 593 3063 ris
622 3023 687 3062 ac
710 3021 1000 3062 nervorum
1058 3008 1295 3062 orationi
1342 3008 1493 3071 insit,
1523 3007 1954 3077 intemperantiae
1981 3023 2100 3078 per-

2210 3007 2331 3070 σίας
2363 3008 2580 3079 τηρεῖν,
2610 3006 2701 3060 ἵνα
2731 3005 3064 3083 δραστήριον
3097 3007 3191 3061 καὶ
3224 3007 3423 3080 ὲνεργῆ
3458 3007 3652 3063 ἑαυτοῦ
3676 3026 3811 3063 νου-

516 3113 705 3154 sonam
736 3100 961 3169 perdita:
992 3114 1057 3154 ac
1108 3101 1381 3156 damnata:
1431 3100 1555 3154 vita:
1605 3099 1819 3155 mulieri
1875 3100 2096 3169 tribuit;

514 3204 841 3259 onrnernque
888 3189 1005 3258 ejus
1051 3190 1459 3261 improbitatem
1513 3183 1822 3257 traducens,
1859 3204 1923 3246 ac
1955 3191 2101 3246 velut

518 3283 775 3337 rnsrnrori
810 3281 1143 3350 insculpens,
1178 3280 1262 3336 his
1289 3282 1380 3351 qui
1404 3279 1520 3348 ejus
1548 3280 1819 3337 illecebris
1846 3282 2096 3338 inescan-

516 3383 625 3438 tur,
653 3372 870 3441 dignam
907 3389 1070 3442 qnarn
1105 3373 1231 3428 odio
1271 3383 1711 3444 prosequantur,
1764 3377 2005 3432 ostendit
2029 3376 2098 3431 “.

518 3467 700 3531 Quare
728 3475 785 3520 et
844 3480 945 3535 ego
992 3465 1112 3520 festi
1159 3464 1321 3534 lrujus
1375 3465 1598 3519 humani
1658 3466 2001 3537 profanique,
2031 3470 2102 3526 ob

517 3556 703 3611 oculos
733 3558 1029 3612 vanitatem
1061 3557 1292 3613 dicendo
1316 3572 1545 3626 ponens,
1595 3556 1712 3626 ejus
1741 3561 2016 3617 studiosos
2039 3577 2103 3618 ac

519 3657 813 3716 ειιικιιοτθε,
838 3648 905 3704 ab
930 3663 1166 3705 erronco
1196 3647 1300 3704 hoc
1334 3649 1516 3705 studio
1541 3650 1819 3706 deterrere
1851 3666 1915 3706 ac
1945 3667 2099 3708 revo-

519 3756 646 3795 care
685 3741 949 3798 conabor.

592 3880 638 3914 “
668 3880 837 3936 Exod.
866 3897 977 3948 xrv,
1009 3890 1115 3937 etc.
1194 3884 1236 3917 “
1278 3881 1413 3936 Dan.
1450 3898 1560 3949 xrv,
1596 3883 1685 3938 55.

593 4025 707 4094 (27)
732 4024 1491 4101 _OMrris_a.'lalisﬂaminibus,
1518 4036 1624 4082 etc.
1652 4027 1829 4101 Ipsum
1852 4039 1935 4101 est
1963 4031 2105 4101 quod

522 4096 856 4165 Augustinus
891 4097 957 4148 ad
986 4112 1108 4149 eum
1143 4096 1371 4152 Joannis
1424 4098 1597 4152 locum
1639 4096 1994 4154 universalis'
2017 4101 2108 4155 Dei

521 4166 876 4247 providentiae
923 4166 1254 4247 miraculum
1291 4167 1521 4247 extollit.
1573 4171 1746 4247 majus
1781 4169 2105 4247 illnd_quarn

526 4236 613 4290 illa
659 4251 857 4305 panum
913 4236 1311 4305 multiplicatio,
1375 4236 1597 4305 tametsi
1646 4254 1804 4292 nemo
1856 4236 2103 4305 miretur,

524 4303 1020 4374 quia—consuetum.
1058 4303 1195 4361 Male
1237 4320 1460 4372 prorsus
1489 4303 1759 4375 interpres
1796 4309 1859 4359 ad
1890 4303 2106 4363 .ludazos

526 4377 824 4447 restringit,
853 4393 974 4431 cum
1002 4377 1073 4447 ita
1110 4376 1323 4447 reddit:
1353 4375 1486 4442 Qua:
1516 4376 1720 4429 Judm’s
1746 4394 1838 4444 per
1868 4380 2105 4447 singulas

524 4456 704 4502 aetates
731 4444 998 4518 opitulata
1037 4446 1161 4518 fuit.
1207 4444 1306 4500 Ubi
1334 4448 1499 4518 etiam
1527 4461 1634 4518 non
1668 4447 1804 4500 bene
1840 4444 2101 4518 expressa

525 4533 628 4573 vos
657 4503 1062 4587 ἐπαρκέσασαν,
1094 4516 1418 4587 jnxta_quod
1447 4517 1549 4571 loci
1585 4518 1723 4573 ratio
1751 4503 1940 4587 exigit'.
1974 4519 2113 4575 Fue—
2142 4503 2189 4559 Ῑ)

530 4597 611 4641 rat
645 4587 696 4642 in
724 4584 843 4641 istis
876 4587 1215 4642 exercendus
1246 4584 1421 4641 Ducari
1453 4587 1716 4649 calamus.
1753 4602 1809 4643 ut
1846 4584 2114 4646 voluisset

528 4659 715 4713 audire
745 4657 893 4711 omni
928 4668 1085 4726 parte
1114 4658 1419 4726 recognitor
1446 4669 1755 4714 accuratus.

601 4729 715 4799 (28)
758 4727 975 4783 Festum
1010 4730 1112 4799 hoc
1139 4727 1360 4799 eamdi
1386 4726 1644 4799 Trullano
1685 4729 1952 4792 aboletur.
1987 4746 2111 4787 cum

530 4796 617 4855 ita
651 4799 843 4855 Patres
890 4798 1182 4854 sanciunt:
1212 4796 1325 4861 Τάς
1369 4797 1512 4852 οὕτω
1550 4798 1849 4867 λεγομένας
1896 4800 2115 4856 Καλάν-

527 4872 645 4944 δας.
669 4871 765 4925 καὶ
796 4868 866 4944 τά
892 4867 1162 4944 λεγόμενα
1194 4868 1354 4944 βοτὰ.
1381 4869 1485 4944 ’καὶ
1508 4869 1577 4923 τὰ
1593 4867 1917 4944 -καλούμενα
1948 4873 2118 4944 Βρου-

531 4941 719 5015 μάλιαν
771 4941 866 5015 καὶ
907 4938 1119 5015 me
1158 4942 1226 5010 τῇ
1281 4939 1475 5015 πρώτῃ
1526 4939 1621 4993 τοῦ
1668 4938 1911 5015 Maesia»
1948 4938 2117 5015 μὴνδς

528 5010 714 5095 ἡμέρᾳ.
766 5010 1191 5095 ἐπιτελουμένην
1243 5010 1895 5095 πανήγίᾰριειλ.καοάᾶξαξ.
1922 5010 1986 5095 ἐκ
2011 5010 2117 5095 τῆς

689 5080 903 5137 artari-av
971 5080 1243 5155 ⁴ιτολιαιτείας
1302 5080 1761 5155 περιαιρεθῆναιη
1782 5080 2115 5155 βουλόμεθα·

534 5152 806 5224 Kalendas
823 5170 941 5224 (μίαν
953 5152 1283 5214 dicuntur,et
1310 5152 1426 5219 qua:
1443 5152 1692 5208 dicuntur
1712 5152 1877 5224 νόω,
1906 5152 1953 5208 οἱ
1975 5154 2119 5208 Bm-

533 5223 695 5278 malia
720 5222 845 5293 quas
869 5233 1144 5284 vorantur,
1184 5231 1231 5277 et
1271 5225 1361 5293 qui
1406 5226 1461 5278 in
1494 5224 1666 5291 primo
1701 5222 1886 5277 Martii
1927 5225 2117 5277 mensis

534 5296 619 5347 die
651 5294 735 5359 lit,
767 5305 1097 5355 conventum.
1143 5310 1206 5347 ea;
1253 5295 1486 5361 ﬁdelium
1523 5295 1860 5347 universitate
1903 5294 2117 5347 cumino

537 5363 649 5417 tolli
679 5364 937 5419 volumus.
965 5365 1017 5418 ld
1051 5379 1186 5419 sane
1214 5365 1427 5429 merito,
1465 5374 1522 5416 trt
1562 5361 1783 5430 profana
1832 5364 2117 5428 festivitas,

540 5434 705 5487 multa
730 5436 866 5488 adeo
889 5436 1032 5490 (teda
1061 5451 1127 5490 ac
1153 5434 1326 5490 aliena
1346 5450 1374 5487 a
1407 5434 1612 5487 ratione
1646 5433 1890 5497 habet-et,
1915 5445 2118 5494 quanta

538 5504 785 5557 Asterius
816 5517 1129 5574 exaggerat.
1165 5504 1311 5559 Nihil
1342 5514 1493 5558 certe
1534 5504 1844 5574 Christiana
1898 5505 2119 5574 diguurrr

538 5575 773 5642 pietate;
803 5573 956 5643 plena
986 5577 1166 5629 omnia
1192 5574 1396 5639 furore,
1424 5576 1673 5634 avaritia.
1704 5573 1933 5642 aliisque
1963 5573 2121 5628 malis

546 5646 798 5699 habebat.
832 5643 1102 5701 Balsarno.
1152 5663 1275 5700 curn
1325 5648 1390 5698 ad
1418 5661 1538 5700 eam
1577 5660 1696 5698 ran.
1740 5644 1891 5707 dicit,
1919 5645 2121 5700 rnalrrm

549 5720 651 5770 lrnc
676 5715 776 5769 οὐκ
798 5715 1333 5786 ἀρχαιοπαράδοτον,
1379 5732 1480 5769 non
1515 5715 1746 5784 antiqua:
1795 5730 1908 5768 ene
1956 5716 2124 5768 tradi-

548 5787 732 5849 tionis,
764 5788 857 5843 sed
893 5785 1223 5850 indulgentia
1259 5785 1642 5852 'l'treupbylacti
1676 5786 1996 5855 patriarcha:
2028 5786 2122 5840 lilii

1765 3883 1811 3915 “
1851 3885 1985 3941 Gen.
2018 3904 2129 3953 ut,
2168 3889 2255 3944 19.

2207 3099 2397 3154 θτσίαν
2430 3099 2757 3172 ἐργάσηται,
2799 3101 3213 3172 προσωποποιεῖ
3240 3099 3340 3172 τὴν
3379 3099 3676 3154 ἀκολασίαν
3720 3101 3811 3165 είς

2206 3195 2445 3263 γυναῖκα
2465 3192 2927 3263 κατεγνωσμένην
2942 3209 2956 3223 υ
2992 3193 3175 3247 πᾶσαν
3201 3191 3258 3246 δὲ
3287 3192 3387 3264 τὴν
3406 3191 3605 3247 κακίαν
3628 3192 3812 3263 αὐτῆς

2210 3285 2575 3358 στηλιτεὺων,
2610 3283 2785 3349 οὕτως
2827 3284 3019 3356 μίσους
3054 3285 3214 3351 ἀξίαν
3243 3285 3537 3356 ἀποφαίνει
3567 3287 3683 3349 τοῖς
3714 3284 3813 3338 δε-

2207 3377 2576 3449 λεαζομένοις.
2608 3376 2700 3429 Διὸ
2726 3374 2883 3445 κάγὼ
2904 3379 3003 3448 τὴν
3036 3377 3376 3448 ματαιότητα
3405 3377 3505 3447 τῆς
3523 3376 3816 3449 ἀνθρωπι-

2209 3472 2314 3543 κῆς
2366 3444 2562 3544 ἑορτῆς
2604 3444 2894 3535 ὑποδείξας
3074 3469 3239 3538 λόγῳ,
3286 3444 3650 3541 ξηιράσοίμαί
3675 3470 3815 3536 τοὺς

2210 3563 2448 3635 ἐραστὰς
2478 3561 2693 3633 ἐκείνης
2715 3560 3029 3632 ἀποστῆσαι
3053 3562 3152 3631 τῆς
3178 3560 3609 3636 πεπλανημένης
3637 3581 3812 3619 σπου-

2211 3653 2332 3723 δῆς.

2333 3886 2379 3919 ⁸³
2406 3885 2565 3941 Joan.
2595 3901 2668 3948 vr,
2699 3886 2751 3940 9.
2831 3885 2878 3917 “
2918 3884 3075 3940 Prov.
3110 3902 3163 3950 ν,
3192 3886 3245 3951 6,
3272 3884 3330 3941 7.

2215 4029 2444 4086 Romani
2472 4027 2735 4097 Lecapeni
2773 4026 3116 4093 imperatoris
3151 4027 3459 4092 invectum;
3489 4039 3593 4097 nou
3624 4025 3813 4095 potest

2217 4104 2284 4154 de
2322 4101 2493 4165 prima
2532 4096 2701 4166 accipi
2736 4098 3095 4162 institutione,
3139 4099 3233 4153 sed
3271 4098 3338 4151 de
3370 4097 3555 4151 abuliti
3586 4096 3807 4152 instau-

2218 4171 2431 4226 ratione
2456 4212 2471 4235 ,
2522 4185 2643 4225 curn
2681 4168 2769 4221 ille
2802 4171 2995 4221 rreduur
3037 4169 3276 4230 Asteria,
3311 4167 3407 4222 sed
3450 4174 3503 4225 et
3543 4166 3812 4222 Trullano

2213 4252 2484 4296 corrverrtn
2526 4240 2693 4293 multo
2734 4237 2919 4304 jnnior
2947 4239 3038 4291 sit.
3071 4237 3335 4292 Fabulosa
3366 4247 3513 4298 sunt.
3539 4253 3660 4304 qn:e
3695 4251 3812 4292 tra-

2214 4312 2297 4366 dit
2337 4311 2447 4365 illic
2483 4310 2621 4363 idem
2658 4306 2922 4365 Italsamo.
2967 4310 3032 4360 de
3062 4309 3235 4362 tribus
3271 4307 3402 4362 viris
3428 4310 3565 4376 apud
3598 4308 3806 4362 [torna-

2214 4396 2313 4435 trus
2359 4379 2639 4449 sapientize
2668 4376 2826 4449 laude
2858 4377 3093 4449 inclytis,
3128 4394 3358 4448 quorum
3412 4378 3446 4431 ii
3478 4378 3709 4433 consilio
3740 4396 3811 4433 ac

2214 4447 2496 4520 prudentia
2558 4447 2770 4502 liberati
2814 4462 2853 4520 Aa
2906 4447 3071 4520 lagae,
3125 4447 3177 4502 in
3211 4463 3397 4520 eorum
3459 4450 3806 4520 meritoriam,

2215 4516 2394 4590 exque.
2423 4533 2615 4590 eorum
2681 4518 2919 4590 nomine,
2962 4516 3253 4590 Kalendas,
3308 4517 3429 4590 ldus
3482 4533 3545 4572 ac
3598 4517 3807 4583 Nonas,

2214 4585 2682 4646 consecraverint.
2713 4585 2927 4641 Nullam
2969 4603 3070 4657 ego
3131 4588 3290 4642 alianr
3327 4588 3592 4641 rationem
3625 4589 3810 4656 primo

2217 4660 2612 4718 celebrantium
2634 4658 2833 4712 animis
2866 4658 3133 4714 insedisse
3162 4659 3419 4721 arbitror,
3450 4668 3645 4726 pnntcr
3672 4660 3811 4714 insi-

2218 4741 2436 4786 rrtratarrr
2474 4732 2543 4784 ab
2570 4729 2819 4792 Asterio;
2856 4744 3048 4797 nempe
3072 4740 3130 4784 ut
3164 4729 3301 4783 velut
3337 4732 3573 4784 enczenia
3607 4729 3810 4784 ineun-

2218 4803 2288 4857 tis
2323 4802 2449 4856 anni
2499 4800 2859 4863 celebrarent,
2915 4798 3128 4867 sibique
3173 4811 3360 4854 nrntuo
3396 4799 3567 4854 fausta
3602 4799 3810 4868 impre-

2216 4882 2496 4937 carerrtur,
2523 4878 2689 4938 atque
2719 4869 2871 4939 adeo
2892 4869 3068 4923 xeniis
3114 4883 3178 4923 ac
3213 4870 3547 4924 munusculis
3572 4870 3808 4939 quibus-

2218 4944 2343 4995 dam
2393 4940 2630 4995 vicissim
2667 4954 2726 4991 se
2755 4938 3117 5009 devincirent,
3176 4939 3350 5009 iisqrre
3397 4938 3690 4995 humanam
3744 4956 3809 4995 ac

2217 5013 2431 5066 civilem
2500 5010 2815 5080 societatem
2883 5008 3193 5080 foverent:
3243 5026 3364 5080 quae
3428 5012 3609 5065 omnia
3664 5011 3809 5066 bona

2218 5091 2395 5143 erant,
2426 5088 2499 5150 _nt
2530 5079 2794 5150 castigato
2838 5095 2936 5150 usu
2970 5079 3344 5135 constitissent
3374 5096 3389 5135 :
3419 5096 3517 5135 nec
3550 5080 3812 5136 Hebraeo-

2219 5165 2340 5205 rnnr
2365 5168 2395 5205 a
2425 5147 2536 5204 Deo
2559 5147 2822 5204 institutis
2848 5147 3158 5205 Neorneniis
3187 5153 3475 5205 admodum
3495 5152 3807 5217 dissimilia,

2221 5221 2364 5291 unde
2402 5235 2501 5276 nec
2530 5221 2724 5274 desunt
2770 5222 2857 5291 pia
2913 5232 3259 5276 monumenta
3302 5222 3520 5276 Patrum
3571 5222 3622 5275 in
3660 5223 3808 5276 diem

2220 5290 2559 5361 indirtinrris,
2593 5306 2700 5361 qua
2748 5290 2944 5345 novum
2978 5307 3181 5346 annum
3232 5293 3592 5361 arrtiquoritn
3626 5292 3804 5347 Graeci

2222 5376 2286 5415 ac
2314 5361 2427 5417 fere
2453 5360 2759 5416 Orientales
2790 5362 3204 5432 anspicareutur
3235 5360 3420 5418 mense
3452 5360 3759 5431 Septembri
3790 5380 3806 5416 :

2220 5434 2338 5504 sive
2368 5442 2496 5486 tunc
2521 5431 2692 5504 abnsn
2729 5431 2944 5487 insolito
2962 5443 3428 5504 perpetrarentur,
3474 5450 3596 5504 «jure
3638 5433 3808 5487 Aste-

2224 5503 2338 5557 rius
2389 5504 2477 5556 hie
2527 5503 2785 5571 exagitat,
2832 5501 2973 5559 sive'
3003 5504 3182 5569 potius
3226 5501 3504 5557 Kalendis
3538 5503 3808 5567 Januarii,

2222 5583 2312 5660 aut
2344 5574 2508 5660 etiam
2534 5571 3176 5660 binrtii,Aluas‘utrg‘riulrln
3206 5572 3595 5660 ueiﬁlrerrimss
3624 5576 3799 5660 genti-

2226 5642 2343 5697 litio
2374 5642 2486 5697 fere
2514 5645 2616 5713 ritu
2654 5642 2706 5694 in
2742 5640 2961 5696 Oriente
3000 5640 3241 5713 'l'rullani
3291 5641 3482 5713 Patres
3522 5640 3807 5713 speciatim

2224 5713 2505 5767 damnant.
2548 5712 2622 5766 De
2652 5713 2946 5768 indictione
2969 5728 3035 5767 ac
3065 5711 3320 5767 Kalendis
3351 5711 3596 5770 Ceramei
3625 5716 3802 5770 inter-

2225 5798 2351 5853 pres
2384 5798 2448 5839 ac
2478 5783 2797 5849 illustratur,
2829 5784 2894 5837 ad
2936 5782 3053 5855 ejus
3082 5799 3150 5839 eo
3175 5784 3330 5840 titulo
3357 5784 3655 5840 lrorniliarn.
