4048 6194
287 298 375 354 117

1119 298 1404 354 llOilIL'A
1439 301 1529 357 lV.‘
1558 260 1941 360 ⁸ι’ίίᾺΊιῖῐὶὸυῗό
1979 302 2462 361 KALENDAHUM
2502 307 2801 364 FESTUM.

3449 310 3557 370 2l8

351 419 586 491 Ἐορτῆς
619 420 799 475 τοίνυν
826 422 998 491 πανοὴ
1006 440 1110 493 μου
1138 416 1295 488 οὗτος
1321 426 1349 478 ὁ
1377 424 1578 495 θεσμὸς
1608 428 1702 479 καὶ
1729 428 1758 479 ὁ
1777 426 1862 478 νό-

2040 426 2162 479 Ilaec.
2198 428 2379 497 i'aque
2405 428 2602 498 publici
2651 429 2769 483 festi
2802 428 2884 482 lex
2916 440 3034 484 est:
3066 430 3323 499 primum,
3355 441 3414 485 ut
3434 449 3555 488 eer-

286 531 375 582 μος
397 529 410 542 ·
438 512 664 583 πρῶτον
691 512 788 583 μὲν
812 512 1047 581 φανερὸν
1080 514 1284 568 σκοπὸν
1306 508 1448 568 εἶναι
1469 514 1830 586 πανηγύρεως
1850 534 1864 548 -

290 605 478 659 ἔπειτα
511 604 697 675 κοινὴν
723 600 858 657 εἶναι
892 604 1113 657 πάντων
1140 605 1508 676 εὐφροσύνην,
1540 606 1634 659 καὶ
1665 604 1740 677 μὴ
1769 605 1871 676 μὲ-

292 713 375 766 ρος
407 698 507 766 μὲν
532 696 768 767 ἥδεσθαι,
792 696 855 748 τὸ
875 696 932 750 δὲ
957 695 1285 768 λειπόμενον
1312 699 1370 750 ὲν
1396 697 1550 771 λύπῃ
1583 698 1682 752 καὶ
1743 716 1868 751 κατ-

294 793 457 864 ηφείᾳ
496 791 713 860 διάγειν.
737 789 909 845 Τοῦτο
949 789 1060 862 γὰρ
1090 790 1327 862 πολέμου
1372 790 1636 864 μᾶλλονῆ
1674 792 1870 863 ἑορτῆς

294 888 589 958 ἐξαίρετον·
616 884 918 955 ἐπειδήπερ
938 885 1251 953 ἐπάναγκες
1278 886 1404 948 τοὺς
1432 884 1531 955 μὲν
1560 887 1870 958 κρατήσαν-

299 998 388 1041 τας
403 975 772 1048 ἐμπομπεύειν
793 979 862 1048 τῇ
884 977 1032 1048 νίκη,
1050 976 1176 1040 τοὺς
1194 976 1239 1030 δ’
1260 975 1492 1048 ἡττηθὲν
1503 995 1593 1041 τας
1610 977 1869 1049 δακρύειν

300 1075 390 1142 τὴν
422 1070 715 1142 συμφοράν.
780 1070 1002 1141 Ἐπειδή
1038 1071 1084 1103 ⁸⁸
1124 1085 1187 1139 γε
1220 1069 1426 1124 τούτων
1460 1069 1572 1123 τῶν
1605 1070 1829 1142 ἡμερῶν
1851 1109 1867 1134 ,

300 1170 502 1237 πρῶτον
531 1164 628 1235 μὲν
660 1163 725 1216 τὸ
770 1164 865 1217 ἐπὶ
893 1163 1010 1216 τίσι
1039 1162 1280 1216 τελεῖται
1321 1164 1354 1233 ἡ
1385 1164 1714 1235 πανήγυρις»
1741 1163 1872 1234 ἄδη-

294 1258 397 1309 λον.
423 1256 590 1310 Μῦθοι
615 1256 726 1329 γὰρ
751 1254 1006 1324 λέγονται
1033 1255 1241 1321 πολλοὶ,
1271 1254 1518 1326 ἀλλήλων
1539 1256 1870 1326 ἀνατρεπτι-

287 1351 371 1404 κοί
388 1368 399 1379 ·
428 1349 628 1419 ἀληθὲς
647 1348 707 1401 δὲ
759 1347 936 1402 οὐδέν.
963 1343 1119 1413 Εἶτα,
1148 1347 1364 1417 ὀλίγους
1391 1348 1489 1419 μὲν
1510 1347 1873 1419 εὐφραινομέ-

282 1459 399 1506 νους
430 1441 657 1511 βλέπω·
688 1441 1032 1513 ἀνιωμένους
1067 1441 1126 1496 δὲ
1164 1442 1291 1503 τοὺς
1323 1441 1578 1505 πολλοὺς,
1627 1441 1734 1496 κᾶν
1779 1441 1872 1494 εὑ-

279 1538 481 1605 πρεπεί
525 1534 817 1607 ἑτερότητι
844 1535 946 1605 τὴν
984 1532 1165 1605 λύπην
1205 1533 1639 1598 ὲπισκιὰζωσιψ
1696 1532 1874 1588 πάντα

277 1630 334 1682 δὲ
359 1629 594 1701 θορύϐου
620 1630 867 1699 γέμοντα
888 1630 984 1684 καὶ
1009 1630 1277 1701 ταραχῆς,
1303 1628 1401 1683 καὶ
1427 1628 1491 1683 τὸ
1510 1627 1715 1700 πλῆθος
1735 1628 1874 1701 πρὸς

277 1724 459 1795 ἑαυτῷ
488 1726 618 1794 είκῆ
650 1725 1009 1797 ὠθιζόμενον.

360 1906 699 1978 ’Ᾱνάμνησίς
733 1909 885 1960 ἐστιν
926 1907 1021 1960 καὶ
1060 1906 1370 1978 εὐφροσύνη
1413 1900 1684 1962 ἐνιαυτοῦ.
1736 1907 1872 1962 Ποία

277 2000 617 2073 εἰνφροσύνη,
657 1999 948 2073 ἄνθρωπες
994 2000 1241 2072 Πρῶτον,
1272 2002 1400 2055 ὅταν
1426 2001 1664 2073 ὲννοήσω
1697 2001 1743 2033 ⁸⁸
1774 2002 1874 2071 τῆς

284 2094 581 2165 συντυχίας
613 2093 677 2148 τὸ
715 2094 930 2165 σχῆμα,
961 2087 1075 2147 οἷόν
1105 2095 1276 2158 ἐστιν,
1308 2094 1404 2148 καὶ
1430 2095 1580 2157 ὅπως
1607 2094 1871 2161 ὖποτπον,

280 2188 375 2240 καὶ
403 2188 466 2240 οὑ
497 2186 715 2256 φιλικόν
734 2188 748 2241 !
768 2187 1019 2259 Ἀδρανεῑ
1033 2189 1098 2258 τῇ
1129 2188 1283 2259 φωνῇ
1315 2186 1410 2241 καὶ
1439 2186 1610 2258 λεπτῇ
1640 2188 1674 2258 ἡ
1705 2203 1878 2257 προσ-

283 2280 479 2352 ηγορξα
504 2281 725 2352 πρόεισι
745 2279 856 2334 τῶν
886 2280 1116 2350 χειλέων
1138 2299 1148 2312 υ
1191 2277 1310 2334 εἶτα
1334 2279 1620 2335 ἀκολουθεί
1642 2280 1874 2352 φίλημα,

284 2373 380 2427 τοῦ
407 2373 700 2444 λήμματος
727 2372 1051 2444 προοίμιον·
1081 2372 1179 2426 καὶ
1201 2372 1438 2442 φιλεῖται
1469 2372 1567 2443 μὲν
1589 2370 1651 2425 τὸ
1677 2371 1875 2442 στόμα,

285 2467 574 2534 ἀγαπᾶται
602 2465 662 2518 δὲ
694 2465 758 2518 τὸ
788 2465 1067 2535 νόμισμα·
1103 2464 1166 2518 τὸ
1201 2467 1391 2536 σχῆμα
1430 2465 1751 2530 διαθέσεως,
1782 2467 1878 2520 καὶ

284 2559 345 2612 τδ
370 2559 538 2630 ἔργον
567 2554 906 2623 πλεονεξίας.
935 2557 1107 2611 Ἔνθα
1133 2558 1192 2612 δὲ
1219 2559 1436 2630 καθαρὰ
1466 2558 1623 2629 φιλία
1650 2560 1745 2613 καὶ
1766 2559 1879 2614 ἄδο-

285 2651 398 2715 λος,
438 2650 665 2721 ἄμισθοι
713 2651 811 2704 καὶ
850 2650 1106 2722 ἀκερδεῖς
1149 2652 1288 2705 εἰσιν
1333 2651 1391 2704 αἱ
1435 2651 1875 2723 φιλοφρονήσεις.

288 2745 660 2815 Περιφέρεται
706 2742 842 2813 γοῦν
895 2743 1034 2799 πολὺ
1087 2743 1391 2814 πανταχοῦ,
1439 2745 1534 2798 καὶ
1581 2745 1781 2798 δίδοται
1818 2745 1881 2799 τδ

284 2837 513 2907 χρυσίον
532 2854 548 2868 ο
576 2836 855 2908 πρόφασις
880 2835 940 2889 δὲ
969 2836 1153 2890 δικαία
1179 2838 1273 2890 καὶ
1305 2835 1589 2909 εὐπρεπὴς
1617 2837 1713 2890 τοῦ
1742 2835 1883 2907 λήμ-

289 2942 480 2995 ματος,
524 2924 652 2978 οὔτε
686 2924 856 2989 ἐστιν,
892 2924 1017 2979 οὔτε
1050 2925 1292 2995 λέγεται.
1345 2926 1530 2997 Γάμος
1569 2927 1670 2981 οὐκ
1708 2925 1878 2990 ἔστιν,

287 3015 376 3069 ἵνα
406 3016 652 3086 νυμφίου
683 3031 771 3079 τις
813 3014 1023 3089 ταύρου
1068 3015 1273 3089 καλέσῃ
1309 3015 1642 3087 φιλοτιμίαν.
1692 3016 1882 3089 Ἐλεη-

290 3107 537 3180 μοσύνην
561 3107 666 3161 οὒκ
699 3106 809 3179 εχω
849 3107 1038 3161 καλεῖν
1061 3107 1163 3180 τὴν
1211 3108 1493 3179 δαπάνην
1544 3108 1722 3174 οὐδεὶς
1764 3110 1876 3183 γὰρ

1976 536 2060 577 tus
2092 525 2165 578 sit
2192 542 2255 578 ac
2285 526 2607 581 ιιιοιιίΐιυειυε
2628 524 2745 593 ejus
2780 540 3005 593 scapus;
3040 535 3177 589 ttuu,
3232 536 3290 580 ut
3332 528 3405 581 sit
3437 543 3558 581 om-

1974 616 2121 669 nium
2170 618 2475 671 (ommuuis
2521 619 2706 672 la-titia
2734 659 2750 683 ,
2797 635 2901 672 uou
2956 628 3016 672 ut
3070 619 3236 689 aliqui
3273 620 3325 673 iu
3359 622 3558 687 gaudio

1970 708 2076 762 sint
2097 748 2112 771 ,
2148 709 2328 762 caeteri
2358 710 2408 762 in
2442 724 2676 763 mmmre
2708 725 2773 764 ac
2800 710 2965 765 luctu.
3019 709 3073 764 Itl
3097 712 3239 765 enim
3266 712 3411 767 bello
3444 727 3558 768 ma-

1972 801 2075 871 gis,
2107 816 2270 868 quam
2304 803 2444 857 festo
2465 803 2754 871 congruit;
2784 802 2837 855 in
2879 816 2986 870 quo
3025 817 3251 856 necesse
3273 814 3359 857 est
3395 805 3560 857 victo-

1977 908 2060 944 res
2088 891 2380 956 exsultare,
2420 906 2587 961 seque
2605 907 2670 947 cx
2705 892 2932 946 victoria
2981 893 3268 961 magnilice
3326 893 3555 962 etl'crre;

1972 985 2148 1037 victos
2187 1000 2315 1039 vero
2340 986 2549 1039 cladem
2581 1001 2735 1040 suam
2772 1002 2836 1040 ac
2862 985 3227 1040 calamitatem
3255 986 3554 1056 deplorare.

1974 1077 2287 1144 Enimvero,
2325 1079 2466 1148 quod
2496 1079 2563 1132 ad
2597 1078 2731 1133 istos
2757 1079 2873 1135 dies
2893 1087 3123 1147 spectat,
3148 1080 3441 1135 obscurum
3471 1090 3557 1136 est

1972 1183 2039 1223 ae
2067 1169 2355 1232 incertum,
2384 1184 2490 1239 qua
2537 1185 2601 1223 ex
2642 1185 2804 1224 causa
2859 1171 3146 1226 celebritas
3185 1171 3429 1225 instituta
3460 1172 3553 1226 sit.

1972 1258 2105 1314 Nam
2136 1261 2353 1325 fabulre,
2404 1276 2525 1331 qum
2569 1263 2750 1318 multm
2799 1273 3111 1328 narrantur,
3168 1278 3288 1319 sese
3325 1264 3555 1319 invicem

1974 1358 2131 1413 facile
2148 1360 2493 1423 subvertunt,
2519 1376 2619 1415 nec
2640 1360 2935 1429 quidquam
2960 1361 3069 1415 reri
3093 1359 3314 1415 habent.
3336 1360 3558 1426 Deinde,

1972 1466 2094 1506 cum
2125 1466 2325 1519 paucos
2356 1452 2646 1506 admodum
2676 1453 2859 1522 gaudii
2894 1449 3197 1522 compotes,
3233 1460 3345 1505 tum
3377 1449 3560 1519 plures

1973 1543 2132 1615 longe
2167 1544 2349 1600 tristes
2376 1544 2653 1615 animique
2682 1559 2855 1614 aegros
2895 1545 3074 1611 video,
3108 1559 3415 1613 quanquam
3442 1543 3557 1598 laeta

1977 1650 2286 1706 serenaque
2315 1635 2498 1690 fronte
2519 1636 2764 1691 dolorem
2800 1645 2989 1706 tegunt
3019 1645 3183 1703 atque
3212 1635 3557 1689 obumbrant:

1975 1727 2160 1780 omnia
2190 1726 2425 1797 denique
2448 1727 2675 1796 strepitu
2707 1726 2864 1795 pleua
2916 1743 2979 1781 ac
3035 1726 3289 1790 tumultu,
3321 1724 3563 1780 turbaru-

1976 1833 2080 1887 que
2105 1831 2293 1873 mutuo
2323 1833 2383 1871 se
2425 1827 2630 1873 temere
2655 1818 3044 1888 impellentem.

2043 1911 2114 1964 At
2135 1919 2218 1964 est
2239 1910 2614 1966 anuiiueuntis
2639 1910 2752 1963 laeta
2777 1910 3022 1980 qumdam
3050 1907 3371 1964 recordatio.
3390 1907 3560 1976 Quam

1974 2004 2117 2065 beta,
2153 2019 2358 2074 quaeso,
2381 2005 2519 2059 bone
2551 2003 2670 2058 vir?
2696 2002 2938 2056 Primum
2971 2011 3030 2056 ut
3077 2016 3401 2072 congressus
3427 1999 3565 2054 ima-

1974 2096 2154 2167 ginem
2183 2095 2623 2166 cogitaverimus,
2647 2095 2824 2164 qualis
2875 2093 2965 2148 illa
3001 2109 3161 2164 rogo;
3211 2103 3376 2162 utque
3408 2091 3562 2162 plena

1978 2189 2324 2259 suspicionis,
2352 2205 2416 2246 ac
2446 2190 2668 2245 minime
2712 2189 2925 2244 amica!
2983 2187 3254 2243 Salutatio
3296 2185 3440 2241 tenui
3484 2185 3568 2239 iu-

1978 2281 2294 2352 cliuataque
2323 2298 2456 2339 voce
2490 2282 2649 2337 labiis
2676 2283 2951 2351 profertur
2976 2297 2991 2348 ;
3034 2280 3383 2351 succeditque
3404 2274 3567 2335 oscu-Q

1979 2376 2087 2430 lum
2114 2376 2355 2431 muneris
2384 2375 2627 2442 Initium;
2653 2389 2717 2429 ac
2748 2373 2994 2429 suavium
3029 2372 3245 2442 quidem
3287 2371 3564 2443 pangitur;

1981 2467 2210 2537 pecunia
2263 2475 2446 2520 autem
2499 2466 2816 2535 expetitur:
2866 2464 3203 2530 obtentuque
3260 2461 3564 2526 ebaritatis,

1981 2559 2224 2615 avaritia:
2249 2558 2458 2612 litatur.
2498 2556 2630 2611 Nam
2663 2569 2798 2626 pura
2833 2569 2897 2608 ac
2926 2554 3143 2608 sincera
3180 2552 3443 2616 amicitia,
3467 2550 3570 2604 hu-

1982 2650 2262 2707 manitatis
2293 2647 2468 2705 oﬂicia
2505 2662 2609 2703 non
2643 2644 2866 2712 vendit;
2918 2643 3087 2714 gratis
3111 2650 3409 2713 przcstatac
3432 2641 3567 2695 citra

1984 2744 2314 2802 mercedem.
2342 2740 2743 2796 Circumfertur
2782 2737 2964 2806 itaque
3008 2735 3209 2806 passim
3243 2748 3306 2788 ac
3338 2733 3570 2787 donatur

1982 2836 2101 2891 auri
2141 2848 2334 2905 magna
2369 2832 2558 2903 copia;
2620 2828 2766 2885 nullo
2822 2837 3002 2882 tamen
3054 2824 3204 2896 justo
3256 2824 3435 2893 aliquo
3485 2822 3568 2877 vel

1983 2928 2233 3002 specioso
2264 2924 2573 2983 donationis
2605 2921 2763 2977 titulo
2791 2935 2856 2976 ac
2905 2928 3191 2991 praetextu.
3226 2916 3435 2986 Nuptias
3461 2931 3568 2972 non

1985 3033 2137 3087 sunt,
2172 3037 2274 3077 nec
2332 3018 2696 3090 superbientis
2744 3014 3098 3070 ambitionem
3148 3011 3333 3081 sponsi
3376 3023 3572 3063 vocare

1984 3126 2162 3187 potes.
2201 3112 2313 3169 Nec
2337 3121 2420 3168 est
2466 3112 2608 3166 idem
2644 3107 2788 3179 quod
2844 3106 3246 3175 eleemosyuam
3297 3112 3570 3172 sumptum

287 3201 458 3273 πένης
512 3201 742 3271 ἀφίεται
788 3201 1096 3272 συμφορᾶς.
1143 3200 1509 3273 Συνάλλαγμα
1548 3203 1648 3257 οὐκ
1689 3202 1756 3258 ἄν
1801 3222 1880 3269 τις

1994 3208 2143 3263 illum
2179 3203 2532 3275 appellemus,
2563 3202 2705 3255 unde
2737 3197 2943 3253 nullum
2977 3194 3302 3268 pauperibus
3330 3207 3574 3247 commo-

288 3292 573 3347 καλέσειεν
602 3291 670 3344 τὸ
694 3290 1015 3363 γινόμενον·
1047 3291 1203 3345 οὐδὲν
1234 3290 1346 3363 γὰρ
1370 3291 1713 3362 διαμείδουσι
1740 3292 1880 3364 πρὸς

288 3383 551 3454 ἀλλήλους
581 3383 647 3437 το
678 3382 902 3453 πλῆθος.
944 3381 1167 3454 Δωρεάν
1202 3381 1260 3435 δὲ
1305 3383 1500 3447 εἰπεῖν,
1545 3383 1667 3436 οὐδὲ
1716 3383 1880 3456 μέχρι

286 3478 408 3531 ὅτου
436 3476 673 3537 δίκαιον,
708 3474 838 3529 ἔνθα
870 3474 1225 3541 συνέζευκται
1259 3473 1474 3547 ἀνάγκη
1514 3477 1580 3547 τῇ
1609 3474 1773 3530 δόσει.
1815 3473 1883 3528 Τί

290 3572 497 3631 τοίνυν.
533 3570 569 3642 ἢ
595 3571 699 3642 τὴν
734 3571 931 3641 ἑορτὴν
961 3568 1308 3640 καλέσωμεν,
1337 3568 1371 3640 ἢ
1405 3569 1476 3623 τὰ
1505 3571 1563 3623 έν
1588 3569 1765 3643 ταύτῃ
1789 3568 1875 3623 δα-

295 3664 634 3734 τιανὼμενας
684 3661 830 3733 Ἐγὼ
874 3663 973 3734 μὲν
1012 3663 1111 3733 οὐχ
1146 3662 1410 3735 εὑρίσκω.
1446 3661 1651 3716 Εἴπατε
1693 3662 1784 3728 δὲ,
1834 3661 1885 3716 oi

291 3756 422 3827 περὶ
448 3756 625 3828 αὐτὴν
647 3754 1042 3817 ἐσπουδακότες
1060 3771 1074 3785 ο
1104 3753 1223 3808 δότε
1249 3753 1433 3824 λόγον,
1453 3753 1531 3817 ὠς
1560 3755 1744 3825 ἡμεῖς,
1774 3752 1887 3807 τῶν

287 3841 563 3914 ἀληθινῶν
623 3844 721 3896 καὶ
783 3843 928 3897 κατὰ
979 3842 1114 3896 Θεὸν
1175 3841 1561 3915 πανηγύρεων.
1603 3843 1885 3897 Γενέθλιον

289 3936 648 4007 ἑορτάζομεν,
670 3935 860 4008 ἐπειδὴ
886 3936 954 3990 τὰ
973 3936 1034 3988 έν
1051 3938 1217 4007 σαρκὶ
1239 3937 1512 4007 Θεοφάνια
1536 3935 1679 3990 κατὰ
1693 3934 1886 3991 τοῦτον

290 4029 383 4083 τὸν
418 4030 614 4101 χρόνον
666 4028 871 4096 ἔδειξεν
919 4030 1054 4101 ἡμῖν
1091 4030 1122 4082 ὁ
1163 4028 1316 4093 Θεός.
1367 4030 1527 4083 Φῶτα
1578 4030 1887 4102 πανήγυριν

288 4121 516 4194 ἄγομεν,
549 4123 740 4194 ἐπειδὴ
766 4126 833 4195 τῇ
858 4122 967 4176 τῶν
994 4123 1410 4194 ἁμαρτημάτων
1433 4122 1649 4192 ἀφέσει,
1678 4119 1790 4177 οἷον
1824 4125 1890 4178 ὲκ

290 4216 578 4270 σκοτεινοῦ
607 4233 756 4281 τινος
777 4215 1156 4288 δεσμωτηρίου
1182 4214 1277 4269 τοῦ
1305 4216 1571 4289 προτέρου
1590 4215 1727 4287 βίου,
1752 4217 1890 4289 πρὸς

287 4311 383 4365 τὸν
410 4311 680 4383 φωτεινδν
712 4311 810 4365 καὶ
837 4311 1135 4365 ἀνεύθυνον
1162 4310 1498 4383 ἀναγόμεθα.
1535 4310 1892 4379 Καλ).ωπιζό-τ

293 4405 436 4459 μεθα
469 4405 658 4472 πάλιν,
688 4404 784 4458 κα)⁸
822 4404 1109 4477 χαίροντες
1149 4404 1582 4477 έμπομπεύομεν
1608 4407 1674 4476 τῇ
1705 4405 1893 4477 ἡμέρᾳ

291 4496 391 4568 τῆς
419 4495 803 4560 ’Λναστάσεως
823 4513 837 4527 ο
868 4496 970 4568 τὴν
1002 4495 1111 4568 γὰρ
1138 4495 1450 4569 ἀφθαρσίαν
1472 4498 1628 4569 ἡμῖν,
1664 4498 1760 4551 καὶ
1791 4496 1890 4569 τὴν

293 4606 337 4642 π
345 4593 435 4659 po;
463 4587 525 4643 es
554 4591 807 4661 κρεῖττον
831 4589 983 4661 δηλοῖ
1005 4588 1439 4661 μετακόσμησιν.
1471 4589 1661 4655 οὕτως
1686 4590 1890 4655 ταύτας

294 4682 653 4754 ἑορτάζομεν,
691 4680 868 4747 οὕτως
912 4681 1012 4745 τὰς
1045 4680 1280 4753 ἐφεξῆς·
1313 4682 1411 4736 καὶ
1439 4682 1643 4747 παντὸς
1672 4682 1889 4754 ἀνορω-

302 4773 463 4826 πικοῦ
502 4774 838 4846 πράγματος
884 4772 1045 4843 λόγος
1090 4774 1305 4845 ἡγεῖται
1326 4789 1341 4804 ⁸
1395 4766 1458 4828 οὗ
1496 4774 1555 4829 δὲ
1592 4774 1744 4829 αἰτία
1797 4775 1891 4830 καὶ

299 4866 500 4928 σκοπὸς
528 4868 782 4931 ἄπεστιν,
814 4866 981 4939 λῆρος
1008 4865 1171 4920 τοῦτο
1202 4865 1297 4921 καὶ
1320 4865 1621 4939 φλήναφος.

1985 3302 2113 3356 dum
2145 3308 2242 3354 aut
2275 3298 2639 3351 levamentum
2672 3310 2689 3360 ;
2731 3308 2835 3347 nou
2873 3291 3038 3346 etiam
3092 3295 3454 3350 contractum,
3481 3284 3571 3339 ubi

1986 3399 2233 3445 mutuum
2267 3401 2372 3442 non
2400 3385 2493 3449 sit,
2521 3392 2612 3438 aut
2642 3381 2751 3437 ulla
2799 3380 3171 3453 permutatio:
3223 3376 3569 3431 donationem

1986 3482 2156 3538 multo
2197 3484 2398 3544 minus,
2450 3476 2536 3533 cui
2566 3476 2864 3532 necessitas
2906 3473 3171 3527 adliceret.
3216 3468 3576 3537 Quemadmo-

1987 3575 2114 3631 dum
2156 3574 2341 3644 igitur,
2364 3588 2486 3628 cum
2531 3569 2753 3633 festum,
2814 3577 2926 3622 tum
2963 3563 3055 3636 qui
3088 3563 3221 3617 liunt
3244 3561 3296 3616 iu
3325 3575 3392 3616 eo
3425 3574 3574 3615 sum—

1987 3681 2134 3739 ptus,
2160 3667 2513 3737 indigilemus
2534 3704 2548 3729 ,
2573 3663 2823 3733 equidem
2857 3673 2963 3714 non
3009 3656 3242 3725 repet-io.
3280 3654 3384 3709 Vos
3407 3668 3571 3725 agen-

1988 3765 2115 3819 dum
2138 3762 2395 3822 indicate,
2424 3757 2515 3828 qui
2543 3756 2725 3812 colitis
2749 3764 2799 3808 et
2824 3751 3144 3816 celebratis;
3181 3747 3387 3803 reddite
3411 3745 3577 3801 ratio-

1989 3868 2137 3918 nem,
2174 3851 2254 3906 uti
2312 3864 2411 3905 nos
2437 3862 2625 3902 carum
2652 3844 2928 3900 reddimus
2976 3840 3260 3902 feriarum,
3284 3852 3403 3906 qua:
3436 3850 3577 3890 verae

1992 3953 2144 4008 sunt,
2180 3942 2400 4010 Deoque
2428 3950 2668 4007 congrua
2727 3932 2989 3986 instituta:
3016 3927 3300 3995 religione.
3333 3924 3576 3979 Natalem

1990 4037 2134 4095 enim
2166 4033 2525 4094 celebramus,
2553 4026 2694 4097 quod
2727 4038 2823 4095 per
2853 4023 2954 4078 ltoc
2983 4031 3194 4091 tempus
3217 4033 3337 4074 sese
3361 4016 3502 4072 Deus
3523 4017 3575 4069 iu

1998 4144 2164 4185 carne
2195 4122 2518 4180 mortalibus
2547 4114 2867 4175 ostenderit.
2908 4113 3198 4170 Luminutn
3236 4111 3434 4167 festum
3464 4108 3577 4179 agi-

1996 4229 2198 4284 tamus,
2231 4216 2374 4287 quod
2428 4219 2776 4283 peccatorum
2828 4204 3149 4262 remissione
3204 4200 3412 4266 donati,
3458 4207 3578 4252 tau-

1994 4329 2157 4385 quam
2189 4327 2255 4366 εχ
2284 4309 2518 4365 obscuro
2551 4305 2749 4377 prioris
2767 4304 2891 4358 vita:
2915 4296 3215 4371 ergastulo,
3245 4296 3311 4349 ad
3342 4292 3577 4348 lucidam

1996 4423 2061 4463 ac
2088 4421 2118 4461 a
2149 4404 2379 4460 crimine
2409 4400 2640 4457 liberam
2672 4397 2841 4451 vitam
2864 4393 3252 4451 subvebamur.
3290 4385 3411 4442 Jam
3450 4400 3580 4440 vero

1999 4496 2086 4551 die
2109 4490 2550 4550 Resurrcctionis
2573 4487 2910 4544 ornatiorem
2969 4481 3175 4538 cultum
3227 4476 3578 4537 assumimus,

2001 4600 2368 4658 magnamque
2415 4583 2660 4640 laetitiam
2723 4576 3065 4651 praeferimus
3113 4593 3128 4630 :
3185 4572 3330 4643 quod
3356 4584 3419 4624 ea
3442 4567 3578 4632 dies,

1998 4681 2413 4739 immortalitate
2439 4674 2743 4737 donandus,
2777 4674 2942 4742 inque
2987 4668 3179 4724 melius
3214 4670 3581 4719 transmutan-

1998 4776 2118 4840 dos,
2155 4772 2441 4845 perspicue
2493 4767 2697 4824 iudicio
2744 4764 2838 4819 sit.
2869 4762 3023 4817 Hunc
3067 4760 3121 4815 in
3194 4756 3411 4812 modum
3445 4751 3579 4845 festa

1998 4873 2116 4928 bam
2136 4844 2404 4931 colimus;
2436 4863 2601 4932 inque
2634 4857 2883 4914 eumdem
2945 4852 3196 4921 deinceps
3229 4858 3443 4903 czetera.
3499 4844 3584 4898 Ad

294 4937 1036 5024 smumam,humano-nimii
1077 4958 1291 5030 negotio
1315 4937 1470 5028 praeit
1513 4937 1708 5027 ratio;
1758 4977 1821 5016 ac
1848 4962 1895 5018 si
1933 4962 2063 5034 quid
2098 4962 2238 5018 forte
2270 4955 2536 5028 ejusmodi
2599 4959 2708 5018 εει,
2775 4957 2835 5005 ιιι
2884 4946 3095 5002 ratione
3139 4951 3319 4999 eam“
3350 4954 3416 4996 ac
3453 4937 3580 5002 “ne.

296 5055 314 5109 i
341 5068 351 5103 t
382 5070 510 5109 vero
547 5068 712 5108 merzc
741 5066 895 5118 nugae
928 5061 1013 5105 est
1042 5065 1107 5106 ac
1136 5051 1372 5120 ineptiae.

373 5149 440 5201 Ὠ
466 5147 569 5219 τῆς
610 5144 876 5209 ἀτοπίαςι
915 5144 1125 5209 Πάντες
1159 5144 1451 5216 κεχηνότες
1489 5145 1894 5218 περινοστοῦσι,

300 5241 370 5295 τὰ
413 5240 547 5313 παρ’
577 5239 829 5312 ἀλλήλων
871 5238 1204 5304 ἐλπίζοντες.
1243 5238 1308 5291 Οἱ
1340 5236 1524 5296 δόντες
1559 5236 1891 5292 λυποῦνται·

297 5332 350 5385 oi
377 5332 638 5397 λαϐόντες
697 5331 760 5386 οὐ
786 5330 1098 5403 κατέχουσι.
1127 5329 1461 5386 Μεταϐαίνει
1486 5328 1596 5402 γὰρ
1625 5333 1707 5394 εἰς
1727 5329 1896 5403 ἀλλη-

298 5423 427 5490 λους
457 5427 518 5481 τὸ
542 5426 742 5499 λῆμμα
762 5443 776 5458 °
813 5425 913 5480 καὶ
941 5426 970 5479 ὁ
997 5423 1150 5498 παρὰ
1184 5423 1280 5478 τοῦ
1321 5421 1626 5477 ὑπευθύνου
1660 5420 1893 5493 δεξάμε-

300 5534 413 5583 νος,
437 5519 619 5574 δίδωσι
637 5519 717 5592 τῷ
744 5517 979 5592 μείζονι.
1009 5519 1277 5573 ’Δστατον
1301 5516 1357 5569 δέ
1380 5518 1528 5570 ἐστιν
1551 5516 1612 5569 τὸ
1633 5518 1731 5587 τῆς
1760 5515 1896 5586 ἡμέ-

307 5626 410 5680 ρας
438 5612 642 5684 ταύτης
661 5613 911 5686 χρυσίον,
934 5610 1125 5683 ὥσπερ
1144 5611 1178 5681 ἡ
1201 5608 1310 5664 τῶν
1333 5608 1635 5673 παιζόντων
1663 5609 1893 5679 σφαῖρα,

374 5819 425 5851 ⁸⁸
456 5819 585 5890 ch.
616 5818 708 5872 ἰπὶ
897 5816 942 5850 ⁸⁸
974 5814 1047 5869 ῑσ.
1078 5813 1445 5885 ιννοήσωμεν.

2076 5138 2122 5198 0
2152 5153 2264 5195 rem
2292 5134 2529 5205 ineptam
2560 5138 2616 5185 et
2637 5127 2964 5186 absurdam!
3009 5122 3211 5180 Omnes
3245 5118 3423 5173 aliena
3455 5129 3583 5187 spe-

2005 5243 2188 5292 rantes
2215 5246 2279 5286 ac
2308 5229 2375 5285 iis
2397 5227 2693 5289 inhiantes,
2723 5223 3033 5277 discurrunt
3076 5224 3239 5285 atque
3283 5219 3584 5281 vagantur;

2001 5329 2100 5400 qui
2133 5337 2330 5381 munus
2354 5319 2642 5380 dederunt,
2667 5315 2882 5379 dolent;
2932 5311 3024 5380 qui
3077 5313 3430 5377 acceperunt,
3480 5300 3587 5400 sibi

2005 5395 2110 5478 non
2147 5419 2407 5485 retinent,
2438 5423 2534 5469 aut
2592 5417 2831 5467 servant.
2875 5402 3290 5461 Transmittitur
3326 5401 3472 5457 enim
3513 5395 3582 5452 ad

2004 5511 2172 5576 alios;
2230 5520 2286 5566 et
2334 5507 2478 5580 quod
2510 5504 2633 5576 quis
2689 5519 2720 5557 ιι
2755 5501 2955 5559 cliente
2984 5500 3184 5556 donum
3238 5494 3487 5565 accepit,
3517 5505 3584 5545 eo

2006 5620 2165 5659 suutu
2192 5604 2306 5674 ipse
2336 5609 2621 5673 patronum
2651 5595 2883 5667 aliquem
2912 5598 3249 5648 muneratur.
3279 5585 3505 5642 Fluxum
3528 5588 3583 5634 et
