4048 6194
397 261 502 317 2|!)
1695 256 1751 310 S.

1797 255 2072 311 ASTERII
2115 254 2411 312 AMASENI

3549 251 3659 310 εεο

401 379 717 432 inconstans
751 375 908 444 hujus
939 374 1073 429 lucis
1097 387 1289 426 aurum
1341 381 1444 438 est,
1494 383 1549 426 ct
1574 373 1725 439 quasi
1761 373 1971 440 spba-ra

2100 373 2247 438 ιξέως
2291 373 2419 443 παρ’
2447 369 2582 441 ἐμοῦ
2612 370 2962 441 πεμπόμενον
2993 368 3130 441 πρὸς
3170 367 3262 422 τὸν
3301 367 3505 438 ἕτερον.
3549 368 3660 421 Καὶ

404 466 602 521 lusoria
633 467 701 521 ab
725 468 832 520 alio
863 465 1044 519 statim
1072 465 1138 518 ad
1171 463 1336 516 alium
1392 464 1603 517 transit.
1661 461 1838 516 Novus
1894 463 1982 517 hic

403 557 722 611 umnerandi
761 559 980 618 modus;
1029 570 1231 608 novum
1288 554 1465 608 cultus
1500 554 1855 622 obscquiique
1887 569 1981 624 ge-

405 665 524 711 nus,
563 664 684 703 cum
733 647 1114 716 iudepreCabili
1181 647 1559 715 pensitatiouis
1620 647 1737 699 sive
1795 647 1980 701 tributi

406 741 726 794 necessitate
782 741 1150 808 conjuuctum.
1217 738 1348 792 Nam
1414 738 1594 816 m'ajor
1625 748 1679 790 et
1724 739 1985 808 dignitate

411 841 674 900 praestans
701 831 814 901 ipsa
869 832 1046 886 vultus
1104 831 1184 883 sui
1225 830 1523 884 reverentia
1563 839 1774 897 movet;
1807 831 1986 885 minor

405 925 568 991 petit;
596 933 760 992 atque
806 938 996 978 Omnes
1047 923 1182 978 velut
1225 923 1480 994 gradibus
1525 922 1577 975 in
1621 924 1983 992 potentiorum

402 1016 554 1068 sinus
584 1015 997 1069 exhauriuntur.
1031 1015 1290 1084 Quodque
1323 1015 1374 1067 in
1414 1030 1673 1083 aquarum
1702 1015 1986 1068 conﬂuen-

406 1107 548 1160 tibus
569 1106 977 1174 accidit,ipsum
1003 1110 1102 1160 hoc
1142 1106 1607 1175 iuprmseutiarum
1633 1105 1841 1158 videas.
1877 1107 1987 1160 Illic

402 1196 549 1249 cnim
569 1197 1044 1266 tenuisminorque
1078 1197 1222 1250 rivus
1245 1197 1474 1250 inalium
1504 1196 1760 1266 majorem
1788 1196 1984 1262 inﬂuit,

405 1287 601 1356 bicque
634 1287 738 1340 aiio
791 1303 976 1342 rursus
1038 1287 1311 1358 grandiori
1365 1302 1430 1342 ac
1481 1289 1653 1357 magis
1699 1288 1990 1343 exundanti

409 1378 760 1432 absconditur
787 1398 800 1432 :
831 1389 994 1449 atque
1051 1385 1185 1434 adeo
1239 1380 1477 1433 minores
1510 1379 1664 1433 multi
1721 1379 1822 1433 rivi
1858 1394 1992 1433 cou-

404 1467 574 1533 juncti
617 1471 777 1524 vicini
843 1469 1079 1527 ﬂuminis
1143 1473 1389 1526 accessio
1421 1471 1558 1524 ﬁunt
1600 1471 1785 1540 :quod
1819 1482 1872 1524 ct
1909 1474 1992 1541 ip-

407 1575 526 1613 sum
581 1560 703 1614 dein
772 1563 1003 1616 alterius
1054 1577 1207 1629 mage
1257 1562 1500 1631 majoris,
1541 1572 1704 1632 atque
1737 1564 1811 1616 ita
1841 1563 1995 1616 deiu-

408 1667 574 1719 ιτα-νε,
644 1652 768 1704 dum
851 1664 1156 1708 extremum
1234 1654 1340 1706 lato
1397 1652 1771 1724 profundoque
1854 1654 1987 1708 mari

2088 464 2272 527 καινὸς
2307 462 2643 536 δωροφορίας
2675 463 2769 516 xui
2804 460 3148 532 λειτουργίας
3174 460 3394 532 τρόπος,
3425 458 3662 528 ἀπαραί-

2085 574 2248 627 τητον
2276 555 2415 626 ἔχων
2435 556 2533 626 τῆς
2550 555 2798 625 ἀνάγκης
2816 554 2914 625 τὴν
2939 555 3217 624 εἰσφοράν.
3252 553 3309 604 ’0
3331 551 3440 621 γὰρ
3461 548 3662 622 μείζων

2090 648 2188 701 xui
2223 646 2434 711 ἔνδοξος
2463 647 2731 700 δυσωπεϊο
2791 648 2819 699 ὁ
2869 645 3107 699 ἐλάττων
3141 645 3310 698 αἰτεῖ’
3342 643 3435 696 xui
3465 641 3664 702 πάντες

2090 737 2320 810 βαθμοῖς
2365 739 2460 790 ἐπὶ
2487 738 2613 802 τὸὑς
2641 738 2876 801 κόλπους
2911 737 3017 791 τῶν
3053 735 3427 807 ὑπερεχόντων
3458 733 3666 786 κινοῦν-

2087 852 2196 888 ται.
2234 832 2345 887 Kui
2373 834 2512 903 ὅπερ
2542 831 2633 884 ἐπὶ
2658 831 2754 901 τῆς
2786 827 3047 901 ωρῤοίας
3068 827 3174 880 τῶν
3200 827 3408 880 ὑδάτων
3431 825 3664 893 γίνεται,

2089 927 2246 981 τοῦτο
2296 925 2588 980 νῦνεέστιν
2637 925 2784 976 ἰδεῖν.
2833 922 2944 976 Kui
2989 921 3098 992 γὰρ
3127 919 3244 973 ἐκεῖ
3292 917 3488 981 λεπτὸς
3531 916 3669 988 ρὑξ

2090 1017 2438 1089 ἀπορρεύσας
2485 1018 2612 1078 τοὺς
2648 1015 2794 1088 ῥοῦς,
2843 1014 2922 1085 τῷ
2966 1014 3083 1084 μετ’
3126 1010 3290 1064 αὑτὸν
3329 1010 3423 1062 xui
3463 1008 3670 1079 μείζονι

2094 1108 2383 1177 μίγνυται·
2417 1108 2665 1170 κάκεῖνος
2690 1105 3026 1159 καλύπτεται
3051 1102 3210 1156 πάλιν
3239 1100 3385 1172 παρά
3411 1099 3506 1153 τοῦ
3537 1099 3673 1170 μᾶλ-

2091 1197 2181 1249 λον
2227 1197 2716 1268 πλημμυροῦντος·
2758 1196 2853 1250 xui
2890 1194 3062 1250 πολλά
3100 1193 3399 1264 λεπτότερα
3426 1190 3674 1263 ῥεύματα

2092 1287 2466 1358 ἀθροισθέντα,
2502 1288 2749 1358 ποταμοῦ
2789 1286 3028 1355 γείτονος
3072 1285 3358 1357 προσθήκη
3400 1284 3670 1352 γίνονται⁶

2092 1374 2246 1442 οὗτος
2275 1378 2437 1432 πάλιν
2486 1377 2675 1450 ἐτέρου
2705 1377 2800 1432 τοῦ
2838 1376 3108 1450 μείζονος,
3153 1377 3250 1430 xui
3297 1376 3454 1438 ἄλλος
3487 1374 3673 1437 άλλου,

2098 1471 2290 1541 μέχρις
2321 1470 2387 1524 ἂν
2431 1472 2458 1524 ὀ
2488 1468 2798 1533 τελευταῖος
2831 1468 2908 1539 τῷ
2939 1467 3090 1538 βάθει
3133 1468 3227 1520 xui
3253 1465 3328 1538 τῷ
3360 1465 3548 1519 πλάτει
3576 1466 3679 1536 τῆς

2096 1561 2372 1632 θαλάσσης
2395 1560 2773 1633 ἐγκαθορμίσῃ
2795 1560 2855 1614 τὸ
2881 1560 3045 1631 ὕδωρ.
3087 1559 3281 1629 Ἑορτὴ
3304 1556 3442 1628 αῦτη
3469 1555 3680 1627 ψευδώ-

2095 1670 2282 1722 νυμος,
2317 1653 2612 1722 ὲπαχθείας
2647 1653 2893 1724 γέμουσα
2913 1669 2927 1682 ’
2957 1651 3052 1706 xui
3080 1651 3190 1723 γάρ
3218 1652 3250 1721 ἡ
3286 1648 3510 1722 πρόοδος
3563 1649 3677 1700 £1:—

409 1743 715 1799 misccatur.
787 1743 1002 1798 Festum
1073 1746 1174 1800 hoc
1257 1761 1362 1800 nou
1423 1745 1642 1810 festum,
1719 1755 1774 1800 et
1842 1762 1988 1800 men,

2100 1727 2290 1812 αχθὴς,
2333 1744 2428 1796 καὶ
2471 1744 2504 1814 ἡ
2548 1743 2695 1796 ἔνδον
2724 1723 2866 1815 μονὴ
2888 1743 2987 1796 οὑκ
3024 1741 3394 1812 ἀνενόχλητος.
3437 1740 3681 1810 Δημόται

410 1835 529 1889 daci
563 1851 785 1904 prorsus
820 1840 1058 1902 nomine,
1105 1837 1316 1906 plenum
1375 1836 1692 1892 acerbitatis
1731 1851 1793 1890 ac
1825 1836 1991 1890 mule-

408 1927 556 1992 stize;
588 1943 752 1995 grave
787 1929 1174 1997 prodeuntibus
1225 1928 1275 1982 iu
1339 1928 1649 1997 publicum,
1714 1944 1880 1994 grave
1935 1943 1993 1982 se

409 2016 552 2069 domi
583 2018 1007 2072 continentibus.
1039 2017 1182 2074 Viles
1236 2020 1379 2074 enim
1429 2020 1497 2073 de
1528 2021 1679 2089 plebe
1721 2019 1987 2082 homines.

409 2105 764 2164 c‘rculatores
819 2125 882 2165 ac
931 2111 1132 2166 scenici
1182 2111 1604 2181 prazstigiatores
1669 2112 1721 2166 in
1782 2121 1989 2164 turmas

413 2197 664 2264 discreti,
699 2200 894 2270 cuique
953 2202 1134 2262 domui
1209 2203 1540 2258 clamoribus
1587 2218 1650 2258 ac
1691 2203 1994 2272 plausibus,

412 2289 558 2341 velut
590 2288 764 2344 fausta
793 2303 1100 2360 precantes,
1132 2293 1434 2348 molestiam
1453 2294 1733 2348 exhibent.
1759 2295 1830 2346 Ac
1848 2293 1994 2346 circa

411 2389 737 2448 quaestorum
766 2385 981 2452 quidem
1028 2384 1225 2452 ianuas
1284 2386 1614 2453 pertinacius
1637 2386 1865 2449 haerent,
1894 2383 1990 2437 do-

413 2487 512 2526 nec
537 2475 750 2528 tandem
802 2477 894 2544 qui
927 2476 1071 2530 intus
1101 2476 1406 2542 obsidetur,
1469 2477 1629 2531 ttcdio
1657 2493 1719 2531 ac
1749 2477 1996 2529 molestia

410 2575 766 2635 expugnatus,
788 2568 1069 2636 pecuniam
1093 2569 1532 2640 projiciat,quam
1559 2571 1741 2628 habet.
1760 2580 1813 2621 et
1831 2584 1995 2637 quam

415 2673 520 2711 non
576 2659 1122 2728 babet.Vicissimque
1179 2662 1267 2714 alii
1321 2661 1455 2716 alias
1503 2661 1744 2730 aliasque
1798 2663 1997 2713 adeunt

416 2745 584 2811 fores,
644 2763 742 2802 nee
778 2750 882 2802 ulla
915 2759 1040 2803 aute
1077 2765 1255 2802 seram
1323 2764 1603 2818 vesperam
1649 2749 1771 2802 mali
1811 2749 2000 2802 remis-

2097 1835 2207 1904 γάρ
2232 1833 2488 1906 ἀγύρται,
2513 1835 2607 1888 xui
2637 1837 2686 1888 οί
2709 1835 2807 1905 τῆς
2827 1834 3137 1906 ὀρχήστρας
3165 1833 3576 1903 θαυματοποιοὶ,
3599 1834 3681 1895 εἰς

2098 1927 2283 1992 τάξεις
2339 1927 2435 1980 καὶ
2499 1928 2820 1998 συστήματα
2873 1927 3104 1990 ἑαυτοὺς
3171 1925 3679 1996 καταμερίσαντες,

2100 2018 2340 2089 ἑκάστην
2371 2020 2550 2072 οἰκίαν
2573 2019 2874 2090 διοχλοῦσιν
2895 2035 2910 2050 ο
2936 2021 3030 2073 xui
3057 2018 3216 2090 δῆθεν
3249 2018 3346 2088 μὲν
3373 2016 3684 2087 εὐφημοῦσι

2095 2111 2189 2164 xui
2230 2110 2639 2182 ὲπικροτοῦσιν,
2677 2111 2896 2182 μένουσι
2935 2112 2992 2166 δὲ
3027 2111 3163 2184 πρὸς
3197 2114 3316 2173 ταῖς
3345 2108 3541 2173 πύλαις
3570 2108 3682 2161 τῶν

2097 2205 2430 2274 πρακτήρων
2476 2202 2872 2274 εὐτονώτερον,
2910 2202 3103 2273 μέχρις
3134 2201 3202 2256 ἂν
3232 2201 3619 2264 ἀποκναισθεὶς
3650 2202 3684 2252 ὁ

2094 2297 2239 2352 ἔνδον
2287 2297 2782 2370 πολιορκούμενος,
2837 2297 3072 2369 προῆται
3125 2295 3186 2348 τὸ
3230 2294 3495 2368 ἀργύριον
3541 2295 3686 2364 ὅπερ

2104 2390 2240 2460 ἔχει,
2276 2392 2367 2444 xui
2408 2391 2437 2443 ὂ
2470 2391 2532 2444 οὑ
2585 2391 2869 2460 κέκτηται.
2911 2387 3233 2459 Ἀμοιδαδδν
3274 2388 3331 2441 δὲ
3367 2386 3686 2458 προσιόντες

2103 2485 2222 2544 ταῖς
2245 2481 2464 2552 θύραις,
2486 2481 2748 2552 ἀλλήλους
2775 2483 3132 2552 διαδέχονται,
3157 2481 3252 2534 xui
3282 2479 3474 2551 μέχρις
3500 2477 3685 2548 δείλης

2103 2572 2263 2642 ὀψίας
2294 2573 2481 2635 ἄνεσις
2511 2572 2610 2626 οὑκ
2640 2574 2786 2626 ἔστιν
2810 2573 2905 2626 τοῦ
2936 2572 3137 2626 κακοῦ·
3178 2571 3316 2626 ἀλλὰ
3349 2570 3551 2644 φατρία
3581 2587 3686 2638 φα-

2104 2663 2263 2732 τρίαν
2305 2663 2738 2732 καταλαμϐάνει.
2787 2663 2884 2717 xui
2921 2663 3018 2733 βοὴ
3053 2661 3204 2734 βοὴν,
3239 2661 3335 2716 καὶ
3373 2660 3548 2732 ζημία
3584 2659 3677 2732 ξη-

2109 2750 2261 2820 μίαν.

412 2837 496 2894 sio
543 2839 634 2892 iit:
671 2840 799 2907 quin
842 2850 1012 2893 turma
1049 2847 1280 2893 turmam
1312 2841 1508 2911 excipit
1533 2881 1550 2906 ,
1603 2841 1806 2895 clamor
1843 2840 2160 2906 clamorem,
2196 2841 2404 2910 jactura
2438 2842 2726 2914 iacturam.

486 3015 773 3088 Egregium
800 3015 903 3072 hoc
927 3015 1146 3082 festum,
1194 3018 1318 3072 aeris
1371 3017 1530 3071 alieni
1562 3032 1724 3072 causa
1753 3032 1815 3070 ac.
1849 3015 1994 3070 feno-

2175 3019 2325 3090 Λῦτη
2369 3021 2404 3089 ἡ
2437 3018 2688 3090 βελτίστη
2735 3018 2935 3091 ἑορτὴ,
2983 3019 3080 3072 xui
3116 3019 3493 3089 δανεισμάτων
3534 3018 3725 3085 αἰτία,

417 3111 533 3166 ris:
565 3111 896 3179 paupertatis
951 3112 1188 3174 occasio,
1227 3111 1567 3165 miseriarum
1632 3111 1871 3164 initium.
1937 3107 1994 3163 Si

414 3199 543 3272 quis
567 3203 636 3254 ob
668 3201 1002 3254 fortunarum
1064 3204 1381 3257 tenuitatem
1450 3201 1606 3255 Iidem
1647 3219 1750 3256 non
1782 3203 1996 3264 habeat,

415 3292 618 3362 quique
657 3301 905 3345 mutuum
941 3293 1052 3356 det,
1082 3293 1320 3346 inveniat
1352 3295 1648 3360 neminem,
1683 3295 1914 3347 trahitur
1938 3309 2000 3348 ac

419 3393 668 3450 vexatur,
699 3392 758 3436 ut
790 3383 876 3438 ille
907 3385 996 3451 qui
1035 3384 1152 3438 foro
1181 3387 1401 3450 cedens,
1447 3385 1637 3440 [iscum
1670 3401 1733 3440 ac
1757 3386 1992 3454 vectiga-

421 3474 489 3529 lia
515 3476 661 3544 regia
687 3476 961 3530 deseruit:
998 3478 1198 3542 plorat,
1260 3475 1412 3544 quasi
1455 3476 1720 3530 bonorum
1771 3475 2003 3544 proscri-

419 3566 604 3636 ptione
631 3566 889 3621 multetur
941 3584 954 3621 :
989 3567 1335 3632 lamentatur,
1367 3583 1432 3622 ac
1463 3567 1507 3621 si
1541 3567 1592 3621 iu
1613 3567 1876 3622 latronum
1895 3581 2004 3620 ma-

419 3673 522 3712 nus
552 3657 808 3714 inciderit
843 3675 858 3724 ;
891 3659 1210 3723 custoditur,
1237 3661 1578 3714 verberatur.
1616 3660 1670 3714 Si
1705 3658 2000 3729 pauxillum

421 3749 624 3818 aliquid
698 3751 749 3805 in
785 3753 1041 3806 alimenta
1072 3752 1319 3822 conjugis
1349 3767 1413 3808 ac
1452 3755 1775 3807 miserormu
1805 3752 2002 3808 libero-

423 3859 540 3897 rum
580 3844 726 3898 domi
750 3845 1024 3898 comlitmn
1083 3845 1174 3908 sit,
1228 3846 1496 3913 promitur
1528 3845 1580 3900 id
1607 3855 1657 3900 et
1691 3843 2000 3916 projicitur;

420 3948 485 3987 ac
523 3933 674 3987 sedet
712 3932 800 3986 ille
827 3948 949 3988 cum
981 3934 1140 3988 domo
1183 3942 1314 3996 tota,
1365 3946 1460 4000 per
1490 3932 1688 3986 festum
1734 3932 1835 3986 hoc
1868 3948 2003 4002 prac-

420 4022 625 4076 clarum
659 4023 905 4077 esuriens
958 4039 1022 4076 ac
1078 4023 1320 4076 omnium
1383 4021 1614 4094 indigus.
1651 4023 1798 4078 Nova
1826 4037 2004 4091 pravas

422 4115 830 4170 consuetudinis
871 4114 976 4179 lex,
1015 4114 1290 4171 molestias
1343 4123 1397 4168 et
1425 4115 1653 4169 allauias
1686 4116 2000 4178 celebrare,

419 4204 844 4275 pauperiemque
869 4219 934 4260 ac
963 4204 1308 4276 indigentiam
1343 4203 1539 4258 festum
1565 4204 1856 4274 appellare.

495 4357 620 4413 Dies
650 4359 766 4412 haec
816 4356 1020 4411 teneris
1074 4369 1140 4410 ac
1195 4353 1622 4425 simplicioribus
1665 4355 1847 4425 pueris
1908 4370 1999 4409 ar-

2103 3112 2311 3181 γίνεται
2332 3113 2446 3175 τοῖς
2468 3109 2797 3183 ἀνθρώποις,
2825 3112 2918 3166 xui
2938 3111 3146 3165 τούτων
3169 3113 3404 3166 ἑντόκων
3419 3129 3431 3142 ·
3452 3113 3688 3184 ἀφορμὴ

2104 3201 2314 3264 πενίας,
2355 3200 2785 3271 δυστυχημάτων
2824 3201 2989 3272 ἀρχή.
3033 3203 3130 3253 Ἂν
3161 3201 3218 3253 δέ
3252 3218 3336 3263 τις
3379 3199 3467 3252 διὰ
3492 3200 3554 3252 τὸ
3586 3200 3690 3269 τῆς

2103 3293 2260 3358 ἀξίας
2287 3291 2670 3359 ἀναξιόπιστον
2700 3292 2836 3364 μηδὲ
2874 3292 2970 3345 τοῦ
3003 3293 3343 3356 δανείζοντος
3378 3292 3688 3362 εὐπορήσῃ,

2103 3383 2346 3448 ἕλκεται,
2387 3383 2463 3447 ὡς
2490 3385 2618 3448 τοὺς
2658 3383 2858 3455 φόρους
2899 3384 3025 3448 τοὺς
3071 3383 3384 3453 βασιλικοὺς
3432 3382 3692 3444 ἐλλιπὼν,

2106 3477 2332 3545 δακρύει
2358 3477 2433 3540 ὡς
2459 3479 2487 3530 ὁ
2515 3477 2578 3546 δη
2588 3477 2909 3546 μευόμενος,
2949 3474 3269 3546 ὀλοφύρεται
3296 3474 3371 3537 ὡς
3402 3478 3430 3528 ό
3462 3475 3694 3545 λῃσταῖς

2105 3567 2446 3640 περιπεσὼν,
2477 3571 2815 3639 φρουρεῖται,
2842 3567 3184 3639 μαστίζεται.
3214 3569 3311 3621 Ἂν
3333 3567 3388 3620 δέ
3411 3584 3463 3619 τι
3490 3567 3695 3639 μικρὸν

2105 3662 2329 3733 ὑπάρχῃ
2372 3660 2515 3714 κατά
2546 3659 2643 3730 τὴν
2677 3659 2852 3713 οἰκίαν
2880 3662 2958 3724 εἰς
2985 3659 3280 3732 διατροφὴν
3309 3661 3559 3730 γαμετῆς
3593 3662 3694 3714 xui

2108 3752 2314 3805 παίδων
2333 3750 2552 3816 ἀθλίων,
2568 3751 2726 3804 τοῦτο
2750 3753 2999 3823 προΐεται
3021 3769 3035 3781 ³
3061 3752 3297 3823 κάθηται
3320 3751 3377 3804 δὲ
3400 3751 3689 3822 λιμώττων

2108 3844 2375 3912 παγγενεὶ
2397 3843 2488 3896 ἐπὶ
2506 3844 2604 3915 τῆς
2625 3843 2858 3913 φαιδρᾶς
2884 3845 3096 3916 ἑορτῆς.
3126 3843 3327 3907 Καινὸς
3353 3843 3532 3913 κακῆς
3557 3859 3688 3895 συν-

2106 3935 2297 4008 ηθείας
2350 3937 2544 4008 νόμος,
2624 3936 2816 4008 ἀηδίαν
2869 3937 3252 4008 ὲορτάζεσθαι,
3309 3937 3404 3990 xui
3445 3933 3685 4006 ἀπορίαν

2107 4025 2414 4100 ἀνθρώπων
2449 4029 2758 4101 πανήγυριν
2790 4028 3067 4098 λέγεσθαι.

2175 4364 2325 4436 Αὕτη
2356 4365 2390 4434 ὴ
2436 4363 2619 4436 ἡμέρα
2659 4364 2754 4417 xui
2789 4351 2916 4426 τοῦς
2945 4365 3175 4435 μικροὺς
3206 4363 3403 4427 παῖδας
3431 4363 3524 4417 xui
3554 4363 3690 4434 ἀφε-

423 4449 570 4521 genti
620 4447 969 4517 cupiditatem
1029 4462 1094 4501 ac
1153 4447 1394 4501 avaritiae
1445 4445 1682 4501 studium
1737 4445 1994 4514 instillat;

2102 4457 2216 4520 λεῖς
2247 4457 2341 4510 xui
2365 4455 2658 4518 άπλοῖκοὺς
2717 4453 3089 4526 φιλαργύρους
3123 4450 3264 4508 εἶναι
3291 4452 3553 4518 διδάσκει,
3587 4455 3687 4508 xui

421 4545 688 4610 docetque
709 4540 777 4594 ab
809 4551 913 4591 uua
941 4539 1008 4592 ad
1035 4537 1196 4592 aliam
1227 4538 1458 4594 transire
1505 4538 1744 4601 domum,
1778 4552 1840 4590 ac.
1863 4551 2001 4593 novo

424 4648 646 4689 munere
677 4646 833 4702 poma
862 4630 1137 4702 argenteis
1179 4639 1460 4700 compacta
1491 4628 1709 4684 olferre.
1743 4628 1847 4684 Pro
1879 4632 2000 4700 qui-

418 4723 770 4794 busuluplum
801 4724 976 4792 ipsum
1030 4722 1294 4786 redditur,
1358 4720 1589 4789 indeque
1620 4728 1820 4777 tenerae
1845 4738 1998 4777 men-

421 4823 504 4871 tes
532 4817 598 4869 ad
631 4813 1052 4869 nuudiuatioues
1082 4823 1137 4867 et
1185 4822 1454 4882 quaestum
1482 4811 1798 4870 illiberalem
1832 4813 2001 4868 inror-

424 4907 559 4962 mari
588 4907 872 4977 incipiunt.
905 4904 1104 4960 Sacros
1132 4913 1312 4960 autem
1342 4906 1685 4974 optimosque
1734 4907 2003 4978 agricolas

420 5001 638 5070 quantis
667 5000 781 5056 dies
809 4998 967 5054 malis
997 4997 1192 5053 allicit!
1243 4998 1529 5053 Abstinere
1557 4998 1792 5068 publico,
1825 4999 2002 5053 vicos-

421 5108 528 5165 que
555 5101 610 5148 et
658 5095 864 5164 plateas
923 5093 1075 5147 urbis
1107 5090 1295 5160 fugere
1322 5101 1612 5161 coguntur,
1650 5090 1821 5160 magis
1841 5103 2000 5157 quam

421 5189 792 5259 retlalcpores
845 5207 860 5246 :
913 5205 1038 5245 nam
1071 5190 1114 5244 si
1175 5189 1264 5260 qui
1307 5189 1677 5255 inveniuntur,
1711 5189 2002 5242 verberan-

424 5291 532 5348 tur,
559 5281 951 5336 contumeliose
974 5281 1280 5346 habentur;
1307 5280 1472 5351 siqua
1499 5279 1550 5334 in
1584 5279 1832 5332 manibus
1851 5287 1999 5340 sunt,

427 5371 704 5439 amittunt;
738 5371 790 5426 iu
822 5387 977 5441 pace,
1012 5372 1246 5429 bostium
1278 5387 1427 5428 more
1472 5373 1840 5436 incessunt-tr,
1875 5372 2001 5424 sub-

423 5472 723 5521 sannautur
763 5477 884 5517 cum
921 5465 1120 5531 verbis,
1153 5474 1268 5518 tum
1293 5465 1451 5518 factis
1486 5463 1823 5523 illuduutur;
1859 5462 1998 5529 inju-

426 5557 508 5614 ria
541 5555 688 5612 omni
720 5552 1024 5608 alliciuutur
1048 5556 1236 5623 optimi
1274 5555 1444 5610 nostri
1481 5553 1788 5623 prophetae,
1845 5553 1998 5607 mali-

429 5651 518 5706 tia:
545 5646 723 5706 onmis
748 5653 999 5716 expertes
1056 5647 1388 5712 animantes,
1426 5645 1698 5715 simplices
1723 5644 1812 5700 Dei
1858 5645 1985 5699 ima-

2107 4546 2519 4622 παρασκευάζει
2566 4549 2746 4603 οἰκίαν
2783 4547 3034 4621 ἀμείϐειν
3077 4547 3137 4614 ἐξ
3178 4547 3379 4612 οἰκίας,
3411 4547 3506 4602 xui
3535 4547 3689 4618 δῶρα

2108 4640 2437 4714 προσφέρειν
2477 4640 2658 4704 καινὰ,
2706 4638 2927 4712 ὀπώρας
2969 4641 3218 4713 ἀργυρίῳ
3264 4640 3687 4713 καθηλωμένας.

2109 4735 2298 4786 Ἔστιν
2334 4733 2391 4786 δὲ
2421 4734 2453 4802 ἡ
2491 4731 2640 4795 δόσις
2673 4730 2770 4784 τοῦ
2812 4730 2999 4784 διπλοῦ
3034 4731 3326 4795 ἀντίδοσις,
3359 4730 3454 4784 xui
3487 4731 3548 4784 τὺ
3587 4750 3690 4785 κα-

2109 4825 2338 4896 πηλικδν
2374 4823 2468 4876 xui
2505 4821 2857 4894 ἀνελεύθερον
2899 4823 3146 4877 ἐντεῦθεν
3187 4823 3412 4894 ἄρχεται
3457 4823 3687 4890 ἁπαλοῖς

2106 4919 2220 4980 τοῖς
2259 4916 2601 4985 φρονήμασιν
2641 4911 3005 4968 ὲντυποῦσθαι
3031 4913 3138 4968 τῶν
3164 4914 3320 4970 νέων.
3349 4913 3488 4978 Τοὺς
3511 4915 3569 4968 δὲ
3613 4915 3692 4968 ίε-

2109 5007 2235 5078 ροὺς
2274 5006 2369 5058 xui
2404 5005 2712 5074 βελτίστους
2745 5006 3043 5077 γεωργοὺς,
3087 4999 3174 5060 οἷα
3203 5005 3502 5077 διατίθησιν
3543 5005 3687 5079 αὕτη

2105 5100 2138 5168 ή
2166 5097 2274 5168 ήμέ
2286 5097 2380 5169 ραί
2405 5097 2650 5166 Φευκτὴν
2668 5098 2850 5160 αὑτοῖς
2875 5097 2968 5150 xui
2988 5096 3190 5151 ἄϐατον
3213 5096 3308 5169 τὴν
3338 5097 3490 5150 πόλιν
3519 5097 3688 5170 ἐργά-

2107 5183 2293 5254 ζεται’⁶
2324 5187 2417 5243 xui
2449 5188 2648 5261 μᾶλλον
2690 5188 2862 5260 αὑτὴν
2902 5188 3408 5261 ἀποδιδράσκουσιν,
3443 5189 3475 5260 ἢ
3507 5191 3558 5242 οί
3585 5190 3683 5243 λαο

2105 5283 2239 5352 γωοὶ
2265 5281 2335 5335 τά
2366 5281 2575 5335 δίκτυα.
2606 5284 2667 5335 Οί
2706 5281 2814 5354 γάρ
2847 5281 3224 5353 εὑρισκόμενοι
3306 5281 3685 5349 μαστίςονται,

2111 5373 2516 5446 παροινοῦνται,
2552 5374 2914 5428 ἀπολλύουσιν
2955 5372 3023 5426 τά
3056 5375 3114 5424 ὲν
3156 5367 3366 5442 χερσὶν,
3400 5372 3458 5424 ὲν
3490 5373 3688 5445 εἰρήνῃ

2112 5465 2511 5536 πολεμοῦνται,
2552 5464 3028 5535 ἐπιχλευάζονται,
3076 5460 3464 5532 κωμῳδοῦνται
3507 5462 3689 5532 λόγοις

2111 5557 2204 5612 xui
2261 5557 2476 5628 ἔργοις·
2527 5556 2860 5628 πληροῦνται
2908 5555 3007 5626 τῆς
3053 5554 3264 5626 ὕϐρεως
3311 5551 3362 5605 οἱ
3418 5551 3686 5622 βέλτιστοι

2110 5650 2262 5723 ἡμῶν
2301 5650 2599 5723 προφῆται,
2644 5649 2712 5702 τὰ
2750 5649 2998 5720 ἁπόνηρα
3038 5647 3172 5713 ζῶα,
3210 5646 3265 5699 αἱ
3296 5643 3552 5701 ἀπλοῖκαὶ
3585 5648 3683 5700 τοῦ
