4034 6204
267 235 370 291 ‘22I

1136 242 1413 299 HOMILIA
1447 244 1535 300 IV.
1574 245 1949 303 ADVERSUS
1990 247 2467 308 KALENDARUM
2502 252 2806 310 FESTUM.

3452 264 3558 313 22‘!

266 349 416 402 9.06
441 349 678 417 εἰκόνες,
703 354 752 405 οἱ
783 354 836 405 ἐν
869 352 1157 426 ἐλευθερίᾳ
1191 360 1374 412 πιστοὶ
1402 359 1578 414 δοῦλοι
1613 364 1711 433 τῆς
1734 363 1869 432 ἡμε-

1974 365 2153 435 gines.
2187 367 2272 421 iidi
2311 369 2361 422 in
2397 369 2644 423 libertate
2674 369 2800 423 vitm
2849 378 3046 424 nostra:
3085 371 3226 425 servi
3255 386 3317 426 ac
3349 371 3553 430 fatttttli.

266 442 443 514 τέρα-ς
471 440 647 512 ζωῆς.
678 442 860 506 Οὕτως
884 444 988 512 μὲν
1017 440 1112 498 οὖν
1139 447 1187 498 οἱ
1222 449 1280 499 ἐν
1309 448 1470 515 τέλει,
1497 449 1671 514 οὓτως
1697 450 1866 521 πένη-

262 551 387 598 τες,
420 534 603 598 οὕτως
639 536 835 600 παιδία,
877 535 1050 600 οὕτως
1083 537 1354 610 ἄγροικοι.
1391 543 1454 594 Οἱ
1495 542 1593 610 μὲν
1628 545 1736 614 γὰρ
1773 561 1867 614 μο-

262 625 526 694 χθοῦσιν,
558 627 608 678 oi
645 626 700 680 δὲ
735 627 1121 696 γογγύζουσιν,
1149 632 1196 683 οἱ
1240 631 1296 684 δὲ
1332 633 1695 704 μανθάνουσιν
1723 634 1759 688 ἀ
1789 635 1863 706 μὴ

263 717 484 770 εἰδέναι
511 717 688 770 καλόν.

346 807 686 878 Σκεψώμεθα
731 808 791 862 δὲ
830 809 984 874 ὅπως
1033 813 1130 866 καὶ
1172 814 1220 866 oi
1263 812 1478 868 ἔνοπλοι
1530 815 1862 888 στρατιῶται

260 903 426 969 παρὰ
455 900 656 971 ταύτης
691 900 1031 970 ὠφελοῦνται
1064 905 1162 974 τῆς
1194 906 1415 978 ἑορτῆς.
1481 908 1575 972 Εἰς
1605 909 1862 980 χρήματα

258 991 620 1063 ζημιοῦνται,
648 994 743 1046 καὶ
766 995 888 1058 ἑνὸς
913 994 1273 1066 ἑκπτώματος
1305 999 1497 1068 μισθὸν
1520 1001 1862 1071 προσφέρου-

259 1101 348 1136 σιν
392 1082 486 1136 τόν
539 1086 892 1156 ἐπισιτισμὸν
922 1087 1016 1140 τοῦ
1065 1088 1322 1158 πολέμου.
1371 1091 1462 1153 Εἰς
1502 1092 1738 1162 τρόπους
1767 1093 1862 1144 καὶ

257 1176 369 1246 ἤθη
403 1176 759 1245 βλάπτονται.
789 1180 1138 1234 Μανθάνουσι
1171 1181 1279 1252 γὰρ
1309 1182 1712 1256 ἀνελευθερίαν,
1740 1186 1861 1238 ἐπι-

255 1268 584 1339 τηδεύματα
624 1271 939 1340 σκηνικῶν,
975 1271 1194 1326 ἔκλυσιν
1231 1273 1328 1326 καὶ
1373 1274 1646 1344 μαλακίαν
1686 1275 1855 1344 ἡθῶν,

258 1361 491 1414 παιδιὰν
518 1362 665 1416 κατά
685 1362 797 1417 τῶν
821 1364 1026 1434 νόμων,
1056 1365 1149 1418 καὶ
1175 1365 1273 1436 τῆς
1299 1366 1496 1437 ἀρχῆς,
1519 1362 1587 1438 ἧς
1623 1366 1856 1439 ἐτάχθη-

254 1469 358 1504 σαν
391 1452 668 1520 φύλακες.
698 1453 809 1524 Τὴν
842 1453 953 1527 γὰρ
993 1455 1258 1527 μεγίστην
1296 1457 1472 1528 ἀρχὴν
1505 1456 1858 1527 κωμῳδοῦσιν

251 1542 350 1594 καὶ
382 1541 763 1614 διασύρουσιν,
801 1543 956 1615 ἅρμα
991 1543 1066 1609 ὡς
1095 1545 1188 1598 ἐπὶ
1217 1545 1426 1615 σκηνῆς
1453 1545 1854 1610 ἀναϐαίνοντες,

252 1633 351 1685 καὶ
397 1632 741 1704 δορυφόρους
783 1634 1202 1705 πεπλασμένους
1246 1635 1713 1707 χειροτονοῦντες.
1762 1637 1856 1690 καὶ

1978 456 2072 512 Sic
2105 458 2272 528 igitur
2301 461 2550 515 homines
2571 461 2832 528 dignitate
2865 471 3210 528 prmstantes,
3246 464 3326 518 sic
3358 479 3558 533 paupe-

1978 563 2084 610 res.
2120 550 2200 604 sic
2227 551 2378 619 pueri
2407 591 2422 613 .
2451 552 2528 619 sic
2570 552 2790 606 rustici:
2847 551 2935 606 alii
2973 563 3264 621 vexantur,
3287 554 3376 608 alii
3408 573 3560 610 111111·-

1974 651 2214 706 tnurant,
2254 641 2473 696 discunt
2499 641 2588 696 alii
2622 657 2743 711 qum
2770 642 2980 696 nescire
3010 651 3310 712 praestaret.

2047 816 2340 872 Videamus
2368 816 2481 886 jam
2520 818 2650 888 quid
2691 820 2918 873 merenti
2960 818 3012 872 in
3072 819 3238 873 armis
3262 819 3413 873 militi
3451 821 3551 874 hoc

1973 907 2168 962 festum
2202 909 2390 978 prosit.
2432 908 2724 964 Pecuniam
2757 912 3034 988 amittunt,
3089 912 3355 981 uniusque
3396 912 3550 966 luxa-

1909 1033 1916 1038 -
1973 998 2134 1052 tionis
2198 998 2502 1054 mercedem
2526 1038 2542 1064 ,
2587 997 2838 1053 militaria
2872 1013 2966 1053 sua
2991 998 3254 1066 stipendia
3281 999 3547 1054 trilmunt.

1976 1088 2272 1142 Laeduntur
2309 1104 2486 1144 mores
2535 1105 2600 1145 ac
2655 1089 2961 1159 disciplina.
3015 1091 3348 1145 Coadiscunt
3403 1093 3548 1145 enim

1967 1180 2180 1243 sordes,
2248 1180 2565 1236 inhonestas
2628 1185 2970 1237 scenicornm
3032 1191 3180 1236 artes
3221 1199 3286 1236 ac
3347 1183 3544 1245 studia,

1969 1271 2241 1324 mollitiem
2265 1285 2327 1324 ac
2354 1286 2562 1324 tnorunt
2586 1271 3021 1338 dissolutionem,
3048 1272 3203 1326 ludos
3224 1274 3452 1340 denique
3472 1272 3548 1325 le—

1966 1360 2121 1429 gibus
2149 1361 2524 1425 adversantes,
2557 1376 2619 1417 ac
2641 1361 2889 1432 imperio,
2918 1363 3072 1433 cujus
3109 1373 3236 1419 Sunt.
3268 1362 3546 1418 constituti

1968 1453 2241 1505 custodes.
2278 1452 2434 1506 Velut
2463 1452 2609 1506 enim
2659 1454 2710 1506 in
2747 1468 2907 1508 scena
2941 1468 3241 1508 conscenso
3268 1468 3452 1520 curru,
3483 1470 3550 1507 ac

1965 1545 2170 1600 iictitiis
2226 1547 2426 1600 creatis
2481 1545 2822 1607 satellitibus,
2886 1543 3157 1614 maiestati
3216 1545 3444 1600 illttdunt
3483 1561 3548 1598 ac

1967 1639 2282 1703 detrahunt,
2336 1652 2511 1707 caque
2573 1638 2750 1706 palam
2806 1653 2869 1692 ac
2927 1637 3139 1707 publice
3171 1638 3396 1707 agitant,
3428 1653 3548 1706 quae

249 1723 503 1795 δημοσίᾳ
537 1725 822 1790 ποιοῦντες
872 1727 941 1779 τά
973 1728 1082 1780 τῶν
1122 1727 1475 1799 ἐξυρημένων
1505 1728 1640 1800 πρὸς
1675 1728 1861 1782 κόνδυ-

1966 1731 2182 1801 propria
2210 1730 2320 1785 sint
2354 1730 2654 1784 mimorum
2684 1743 2748 1784 ac
2781 1731 3104 1785 histrionum
3155 1730 3291 1800 (29).
3327 1730 3434 1786 Sed
3457 1729 3544 1784 illa

252 1816 367 1870 λον.
397 1817 513 1870 Καὶ
536 1815 694 1870 ταῦτ’
720 1817 867 1872 ἔστιν
896 1819 994 1888 τῆς
1023 1821 1302 1890 πομπείας
1325 1820 1394 1873 τά
1421 1820 1743 1892 σεμνότερα.
1777 1820 1860 1874 Τά

251 1907 306 1960 δὲ
333 1907 480 1960 ἄλλα
515 1908 637 1971 πῶς
679 1906 744 1961 ἄν
777 1924 863 1970 τις
901 1909 1076 1974 εἴποις
1118 1909 1210 1978 Μὴ
1261 1910 1356 1962 καὶ
1407 1907 1860 1982 ἑκκαλυψάμενος

253 2000 644 2068 γυναικίζεται
687 2003 716 2054 ό
748 2001 1025 2072 ἀριστεὺς,
1067 2003 1096 2056 ό
1123 2002 1216 2055 τὸν
1257 2002 1426 2073 θυμὸν
1471 2003 1791 2074 λεοντώδης,
1829 2005 1860 2057 ό

259 2094 404 2163 μετά
461 2093 568 2164 τὴν
606 2093 824 2147 ὅπλισιν
870 2093 1153 2164 θαυματὸς
1193 2095 1425 2166 ὀφθῆναι
1461 2099 1576 2160 τοῖς
1615 2096 1857 2159 οἰκείοις,

257 2187 354 2240 καὶ
401 2186 640 2256 φοϐερὸς
699 2188 813 2250 τοῖς
855 2186 1146 2250 ὶναντίοις·
1183 2188 1277 2240 καὶ
1330 2189 1423 2242 τὸν
1459 2189 1662 2260 χιτῶνα
1697 2189 1859 2261 μέχρι

253 2281 370 2333 τῶν
402 2281 626 2352 σφυρῶν
648 2280 866 2352 ἀφίησι,
890 2282 986 2335 καὶ
1008 2283 1120 2344 τοῖς
1145 2282 1387 2352 στέρνοις
1410 2299 1474 2334 πε
1486 2282 1740 2354 ριελίττει
1759 2282 1858 2352 την

259 2373 466 2446 ζώνην,
510 2374 606 2427 καὶ
645 2373 952 2445 ὑποδήματι
984 2373 1255 2445 κέχρηται
1283 2375 1600 2446 γυναικείῳ,
1631 2376 1728 2428 καὶ
1764 2375 1857 2429 τὸν

257 2467 547 2539 κρὼδυλον
594 2466 900 2522 ἐπιτίθεται
946 2468 1014 2537 τῇ
1065 2461 1360 2538 κεφαλῇ,ᾕ
1405 2466 1622 2532 γυναιξὶ
1662 2466 1854 2536 νόμος·

258 2560 358 2611 καὶ
384 2559 545 2629 φέρει
565 2558 664 2631 τὴν
683 2558 964 2630 ἠλακάτην
991 2558 1142 2629 ἐρίου
1172 2557 1471 2628 γέμουσαν,
1501 2559 1596 2611 καὶ
1616 2561 1682 2629 τῇ
1707 2557 1860 2631 δεξιᾷ

257 2648 418 2719 νῆμα
449 2649 696 2716 κατάγει,
725 2651 792 2720 τῇ
818 2665 948 2701 ποτε
976 2646 1219 2719 φερούσῃ
1239 2647 1301 2701 τὸ
1324 2648 1586 2718 τρόπαιον
1605 2661 1620 2677 ⁶
1651 2648 1858 2702 καὶτὸν

258 2742 412 2794 τόνον
440 2743 542 2813 τῆς
567 2742 750 2813 ψυχῆς
779 2741 1144 2805 ἐναλλάττων,
1178 2741 1240 2794 τὸ
1265 2738 1522 2812 ὀξύτερον
1550 2741 1644 2795 καὶ
1667 2758 1857 2809 γυναι-

263 2833 430 2897 κῶδες
450 2834 754 2903 ςιθὲγγεται
774 2851 788 2898 ;
806 2833 993 2886 Ταῦτα
1016 2832 1118 2903 τῆς
1134 2831 1495 2903 πανηγύρεως
1512 2833 1582 2886 τὰ
1601 2833 1817 2905 χρηστά
1834 2849 1850 2862 ·

263 2927 432 2982 ταῦτα
455 2927 560 2997 τῆς
585 2927 869 2999 πανδήμου
895 2928 1089 3000 ἑορτῆς
1110 2927 1181 2980 τὰ
1210 2926 1560 2999 συμφέροντα
1583 2927 1850 2998 σήμερον.

1965 1833 2139 1877 tamen
2201 1837 2406 1892 pompa:
2471 1822 2808 1893 augustiora.
2864 1821 3067 1876 Caetera
3127 1823 3250 1891 quis
3299 1821 3548 1876 enarret?

1963 1913 2152 1968 Nonne
2189 1914 2445 1978 nudatus,
2473 1914 2523 1967 iu
2585 1915 2933 1968 meretricum
2988 1929 3053 1967 ac
3083 1912 3408 1968 feminarum
3441 1933 3468 1964 ιι
3493 1927 3545 1966 o-

1964 2021 2075 2059 rent
2101 2005 2304 2058 vultum
2326 2004 2676 2072 habitumque
2693 2004 2990 2074 componit,
3011 2003 3101 2058 ille
3123 2013 3399 2067 strenttus,
3431 2003 3546 2057 leo-

1962 2095 2076 2150 nioi
2135 2095 2223 2150 ille
2257 2095 2492 2165 pectoris
2555 2109 2618 2147 ac
2650 2094 2885 2160 roboris,
2945 2093 3033 2148 ille
3089 2093 3142 2147 in
3198 2092 3388 2158 armis,
3422 2108 3544 2148 cum

1961 2187 2074 2241 suis
2096 2196 2318 2257 aspectu
2348 2187 2632 2250 mirabilis,
2663 2196 2774 2240 tum
2798 2185 3158 2242 formidabilis
3185 2187 3546 2249 Irostibus;ae

1963 2278 2032 2332 ad
2075 2278 2213 2332 talos
2242 2293 2417 2348 usque
2481 2279 2719 2332 tunicam
2774 2278 3034 2344 demittit,
3081 2292 3275 2332 zonam
3338 2277 3542 2347 pectori

1961 2366 2368 2432 circumvolvit,
2389 2367 2758 2421 calceamenta
2785 2366 3066 2421 muliebria
3092 2366 3279 2431 sumit,
3312 2376 3367 2420 et
3396 2382 3545 2419 more

1961 2461 2311 2524 feminarum,
2381 2459 2542 2528 capiti
2587 2458 2866 2530 crobylum
2900 2472 2965 2512 ac
3018 2458 3236 2528 plexurn
3275 2460 3541 2522 inqmnit;

1959 2556 2090 2625 quin
2133 2556 2298 2610 etiam
2339 2554 2460 2608 lana
2535 2551 2749 2621 plenam
2775 2552 2952 2607 colum
2982 2561 3180 2623 gestat,
3225 2566 3290 2606 ac
3320 2553 3540 2606 dextera

1961 2647 2106 2700 tilum
2156 2647 2326 2711 ducit,
2373 2663 2478 2717 qua
2510 2657 2766 2718 tropaeum
2801 2654 2927 2701 ante
2958 2646 3112 2712 tttlit;
3150 2645 3423 2712 animique
3460 2652 3542 2698 te-

1963 2753 2149 2794 norem
2185 2741 2506 2804 immutans,
2550 2740 2600 2793 in
2651 2740 2948 2794 acutiorem
2976 2754 3040 2794 ae
3082 2738 3394 2794 muiiebrem
3455 2754 3544 2792 so-

1959 2847 2088 2886 num
2119 2847 2304 2886 vocem
2341 2832 2638 2886 extenuat?
2699 2833 2791 2887 the
2816 2832 3149 2888 celebritatis
3184 2833 3347 2897 hujus
3385 2831 3536 2883 utili-

1964 2935 2132 2992 tates,
2164 2925 2278 2980 hwc
2306 2925 2556 2980 hodierni
2591 2925 2806 2994 publico
2831 2936 3100 2981 conventu
3130 2925 3273 2990 festi,
3301 2937 3541 2979 commo-

1961 3023 2026 3075 da
2056 3037 2119 3074 ac
2139 3020 2370 3074 fructus.

326 3107 437 3160 Καὶ
474 3107 527 3161 οἱ
567 3107 670 3178 τῆς
694 3108 938 3179 κορυφῆς
967 3108 1074 3162 τῶν
1106 3108 1434 3179 ἀξιωμάτων
1478 3106 1851 3180 ἀνθρωπικῶν

2029 3111 2168 3178 Quin
2199 3122 2253 3166 et
2284 3112 2558 3176 consules,
2620 3110 2804 3183 inclyti
2846 3110 2945 3170 illi.
2972 3124 3037 3163 ac
3066 3110 3132 3163 ad
3178 3111 3538 3164 humanarum

259 3198 572 3263 ἐπιϐάντες,
609 3200 660 3251 οἱ
691 3199 1116 3272 πολυθρύλλητοι
1166 3201 1384 3263 ὕπατοι,
1417 3203 1484 3272 τῇ
1524 3199 1847 3271 ματαίοτητι

255 3289 538 3343 δαπανῶσι
579 3290 673 3343 τὸν
705 3291 968 3353 πλοῦτον,
1024 3282 1234 3361 σωροὺς
1285 3290 1588 3361 χρημάτων
1624 3289 1853 3361 σκορπί-

258 3382 463 3445 ἕξοντες.
494 3381 576 3443 είς
607 3381 888 3452 ἀκαρπίαν
910 3381 1280 3452 δικαιοσύνης,
1312 3383 1406 3434 καὶ
1442 3380 1650 3453 καρπὸν
1673 3382 1853 3453 ἀμαρ-

255 3471 406 3534 τίας·
429 3464 508 3524 ὧν
529 3472 784 3525 τοσοῦτον
816 3474 1122 3544 περιφανὴς
1148 3477 1179 3544 ἡ
1215 3468 1494 3545 ἀφροσύνη
1521 3514 1534 3536 ,
1565 3475 1688 3527 ὅσον
1722 3474 1855 3544 ὑψη-

256 3561 346 3626 λὸς
379 3563 410 3614 ό
443 3561 654 3632 θρόνος.
697 3561 922 3626 Πολλοῖς
958 3563 1068 3634 γάρ
1091 3563 1460 3633 ἀνθρωπικοῖς
1487 3563 1854 3634 ἑμδατεύσαν-

256 3671 348 3716 τες
395 3653 632 3724 θρόνοις.
666 3654 764 3707 καὶ
806 3653 907 3716 τάς
942 3653 1202 3724 μεγίστας
1233 3655 1332 3726 τῆς
1359 3655 1635 3725 βασιλείας
1676 3654 1852 3726 ἀρχάς

255 3748 655 3817 διοικήσαντες,
708 3746 1077 3818 λαμϐάνωσιν
1111 3747 1348 3815 ἀφειδίῖς
1386 3749 1496 3802 ἀπὸ
1550 3749 1733 3819 πάσης
1783 3749 1853 3803 τά

257 3841 519 3895 πλεῖστα·
555 3843 606 3895 οἱ
643 3841 744 3912 μὲν
772 3843 1018 3912 πενήτων
1050 3840 1406 3910 στρατιωτῶν
1437 3841 1500 3893 τὸ
1545 3840 1852 3911 σιτηρέσιον

258 3933 742 4004 σφετερισάμενοι,
779 3932 928 3987 ἄλλοι
968 3932 1030 3988 τὸ
1072 3933 1281 3986 δίκαιον
1317 3932 1414 3986 καὶ
1452 3931 1551 4003 τὴν
1593 3931 1854 4003 ἀλήθειαν

257 4023 527 4087 πολλάκις
557 4023 936 4094 πωλήσαντες,
983 4023 1079 4076 καὶ
1117 4023 1225 4076 τῶν
1264 4022 1560 4092 βασιλικῶν
1587 4024 1853 4094 ταμιείων

254 4116 435 4186 ἕτεροι
473 4117 682 4185 ἄφατον
721 4115 1146 4186 ὲξαντλήσαντες
1186 4115 1436 4179 πλοῦτον,
1474 4116 1570 4169 καὶ
1601 4114 1671 4168 τά
1710 4134 1852 4170 παν-

253 4207 486 4279 ταχόθεν
521 4207 827 4273 σπουδαίως
873 4207 1230 4280 ἀθροίσαντες
1251 4223 1266 4238 ’
1313 4208 1635 4278 φεισάμενοι
1667 4207 1725 4261 δὲ
1762 4209 1854 4261 ού-

252 4301 404 4366 δενδς
462 4301 772 4372 λήμματος,
821 4301 924 4355 οὐκ
981 4299 1285 4372 ἀπρεποῦς,
1337 4299 1438 4353 οὐκ
1488 4300 1712 4354 ἀδίκου·
1758 4301 1854 4355 καὶ

253 4393 388 4446 Θεδν
421 4392 820 4464 παροξύνοντες
845 4392 1225 4464 προκάθηνται
1253 4391 1370 4457 νῦν,
1398 4393 1493 4446 καλ¹
1523 4392 1641 4464 μετ’
1667 4393 1849 4462 ὀλίγον

253 4487 495 4556 ἡνιόχοις
520 4485 838 4557 μερίζοντες
863 4485 955 4538 τὸν
984 4484 1218 4556 χρυσὸν,
1251 4485 1347 4538 καὶ
1380 4485 1647 4556 αὐληταῖς
1681 4502 1846 4539 κακο-
1881 4471 1924 4526 Ῑ)

251 4578 495 4649 δαίμοσι,
526 4578 622 4633 καὶ
650 4579 860 4650 μίμοις,
887 4579 980 4632 καὶ
1009 4578 1326 4648 ὀρχησταῖς,
1353 4578 1448 4632 καὶ
1475 4577 1844 4648 ἀνδρογύνοις,

253 4673 352 4724 καὶ
375 4673 590 4739 γυναιξὶ
615 4673 861 4745 πόρναις,
887 4671 1045 4726 ὢνιον
1074 4670 1444 4742 παρεχούσαις
1473 4669 1550 4740 τῷ
1579 4670 1760 4741 δημίῳ
1786 4669 1848 4722 τὸ

255 4765 461 4834 σῶμα·
492 4766 584 4819 καὶ
626 4761 782 4829 αὖθις
821 4763 1181 4836 θηριομάχοις
1223 4764 1442 4834 μιαροῖς
1485 4761 1581 4816 καὶ
1633 4760 1851 4814 ἀνελπί-

251 4871 429 4918 στοις,
458 4858 548 4909 mi.
578 4857 764 4920 αὐτοῖς
787 4859 899 4921 τοῖς
921 4855 1150 4926 θηρίοις.
1184 4853 1458 4926 Πρόδηλον
1481 4852 1614 4924 γάρ,
1651 4853 1727 4916 ὠς
1753 4851 1850 4906 καὶ

246 4948 318 4999 τά
366 4947 530 5018 θηρία
573 4946 772 5020 τρέφει
798 4947 999 5020 χρυσός
1021 4964 1035 4977 ’
1063 4949 1176 5009 τοῖς
1221 4947 1317 5018 μὲν
1350 4947 1417 5002 τά
1449 4945 1610 5018 κρέα,
1646 4947 1759 5009 τοῖς
1788 4945 1847 4998 δὲ

247 5038 351 5110 τὴν
398 5039 583 5108 μάζαν
641 5038 969 5104 ὠνούμενος.
1024 5037 1212 5094 Ταῦτα
1253 5039 1309 5092 δὲ
1347 5040 1528 5095 πάντα
1562 5041 1844 5111 προΐενται

321 5219 437 5284 (29)
466 5217 599 5283 Quae
641 5219 856 5284 proprio
911 5221 1012 5275 siut
1071 5221 1349 5274 mimarum
1394 5239 1456 5275 ac
1502 5221 1838 5276 histrionum.

245 5287 378 5341 Τῶν
409 5289 781 5360 ἐξυρημένων
825 5289 965 5360 πρὸς
1000 5288 1282 5344 κόνδυλονο
1314 5291 1418 5359 Qui
1454 5293 1561 5345 ι’αεὶ
1605 5302 1728 5345 sunt
1769 5293 1838 5344 ad

246 5359 416 5429 pugni
459 5357 640 5413 triarii.
675 5357 901 5415 Videtur
931 5376 1026 5416 eos
1072 5361 1333 5426 indicare,
1364 5357 1452 5430 qui
1506 5362 1557 5414 in
1605 5375 1836 5430 gratiam

248 5430 485 5484 aliorum
531 5430 745 5483 abrasis
797 5430 921 5498 pilis
976 5446 1097 5486 sese
1150 5431 1344 5487 ictibus
1393 5432 1740 5500 ohjiciehant,
1775 5433 1840 5486 de

246 5500 452 5568 quibus
481 5500 648 5571 etiam
684 5512 879 5555 auctor
923 5501 1156 5556 homilite
1188 5501 1328 5571 Περὶ
1366 5502 1703 5566 πολιτείας,
1742 5517 1839 5554 utt-

247 5585 348 5636 per
381 5585 412 5622 a
441 5569 598 5642 nobis
632 5572 853 5642 nomine
886 5569 1276 5642 Chrysostomi
1296 5573 1474 5627 editae.
1531 5573 1682 5638 Quod
1720 5582 1834 5642 sta-

247 5642 347 5713 tim
384 5641 668 5713 sequitur;
705 5641 780 5710 μὴ
818 5642 910 5693 καὶ
941 5641 1425 5713 ἐκκαλυψάμενος·
1460 5645 1727 5711 interpres
1759 5641 1836 5713 le-

245 5711 352 5782 git,
381 5709 866 5783 ἐγκαλυψάμενος·
908 5715 1002 5768 sed
1037 5730 1140 5770 non
1167 5709 1346 5769 ausim
1381 5709 1640 5769 mutate:
1667 5711 1836 5783 possit

1956 3205 2280 3272 dignitatum
2307 3202 2581 3273 fastigium
2607 3203 2802 3268 evecti,
2834 3201 2978 3256 inani
3001 3201 3310 3270 profusione
3333 3201 3542 3269 sparsis

1953 3311 2298 3352 nummorum
2360 3297 2633 3361 cumulis,
2691 3311 2823 3364 opes
2895 3295 3270 3360 exhauriunt,
3315 3294 3512 3349 nedum

1957 3387 2101 3441 nullo
2131 3387 2355 3455 iustitia:
2417 3387 2618 3450 fructu,
2656 3402 2840 3442 verum
2879 3387 3044 3441 etiam
3114 3402 3236 3440 cttm
3273 3396 3537 3454 peccato:

1954 3494 2183 3549 quorum
2215 3495 2376 3549 quam
2406 3478 2653 3534 sublimis
2687 3480 2937 3542 thronus,
2966 3489 3073 3531 tam
3093 3477 3356 3548 insignem
3389 3478 3542 3531 diras

1955 3572 2302 3627 dementiam.
2331 3570 2528 3626 Multos
2579 3571 2722 3626 enim
2766 3570 3117 3638 magistratus
3162 3581 3538 3638 capessentes,

1955 3677 2020 3717 ac
2078 3661 2445 3732 amplissimas
2536 3661 2748 3731 imperii
2799 3660 3108 3715 obtinentes
3159 3660 3542 3731 praefecturas,

1953 3769 2114 3822 quam
2146 3753 2404 3823 plurimas
2455 3769 2586 3823 opes
2635 3768 2703 3808 ex
2748 3769 2806 3808 re
2861 3754 3102 3823 qualibet
3127 3762 3540 3807 exstruerestu-

1956 3847 2086 3900 dent
2121 3845 2250 3900 :alii
2283 3846 2501 3915 quidem
2551 3859 2844 3914 pavpernm
2894 3845 3123 3898 militum
3179 3844 3446 3913 stipemlia
3485 3846 3539 3899 in

1959 3951 2112 3991 suam
2136 3951 2246 3990 rem
2273 3945 2578 3999 vertentes;
2616 3935 2708 3990 alii
2739 3935 2829 4006 jus
2861 3950 3158 4004 verumque
3211 3935 3355 3988 baud
3393 3949 3539 4000 raro,

1955 4029 2132 4098 pretio
2161 4029 2509 4094 addicentes;
2537 4027 2628 4081 alii
2658 4028 2946 4082 thesauros
2981 4043 3280 4098 gazamqne
3335 4028 3543 4094 regiam

1957 4121 2224 4175 immenso
2259 4134 2368 4175 tere
2402 4119 2806 4190 depecuiantes,
2836 4133 2900 4174 ac
2944 4119 3128 4173 onmia
3154 4119 3393 4187 nudique
3423 4131 3543 4172 stu.

1956 4215 2047 4268 dio
2077 4222 2506 4276 coacervantes,
2531 4211 2702 4275 nullo,
2733 4211 2816 4266 ττι
2850 4209 3062 4277 infami,
3105 4211 3188 4263 vel
3222 4211 3408 4280 iniquo
3441 4225 3542 4264 ne-.

1955 4305 2132 4376 glecto
2189 4307 2378 4369 lucro,
2453 4305 2807 4374 divinumque
2866 4301 3259 4358 exacerbautes
3310 4314 3546 4364 numen,

1957 4419 2102 4457 nunc
2134 4402 2449 4473 praesident,
2481 4416 2545 4457 ac
2579 4401 2729 4456 brevi
2766 4409 2890 4470 post
2921 4400 2973 4454 in
3008 4399 3250 4469 aurigas.
3275 4397 3538 4452 miseros-

1953 4508 2060 4564 que
2118 4495 2407 4558 tibicines,
2463 4494 2682 4556 mimos,
2732 4493 3051 4556 saltatores,
3103 4490 3398 4561 spadones,
3429 4489 3548 4541 vim

1956 4587 2072 4639 auri
2107 4583 2799 4656 congestam.distribmmt
2825 4601 2838 4638 :
2893 4597 2994 4638 nec
3025 4579 3133 4638 neu
3165 4582 3218 4636 in
3249 4580 3543 4636 muliercua

1955 4677 2130 4732 larum
2168 4677 2454 4747 propudia,
2492 4675 2583 4731 vili
2616 4675 2814 4745 cuique
2848 4690 2912 4730 ac
2942 4674 3153 4746 plebeio
3185 4673 3240 4727 in
3280 4687 3393 4726 rem
3424 4679 3537 4724 tur-

1954 4782 2078 4838 pem
2106 4767 2315 4820 vcnalia
2355 4784 2369 4818 :
2430 4779 2757 4835 rursumque
2803 4765 2859 4819 in
2903 4761 3321 4818 scelestissimos
3354 4757 3539 4828 proﬂi-

1954 4857 2373 4927 gatissimosqtte
2405 4856 2767 4925 gladiatores,
2834 4855 3093 4924 ipsasque
3137 4851 3275 4905 adeo
3309 4849 3536 4905 belluas.

1956 4946 2148 5017 Liquet
2178 4947 2323 5000 enim
2353 4943 2516 5000 etiam
2541 4946 2608 4999 iis
2643 4945 2852 5000 alendis
2878 4959 3015 5013 opus
3033 4957 3193 5006 auro,
3213 4952 3536 5010 sumptuqne

1953 5039 2005 5094 in
2047 5054 2238 5094 carnes
2293 5047 2384 5092 ant
2410 5035 2668 5092 'tnazam.
2709 5039 2781 5092 Ea
2817 5051 2981 5107 porro
3047 5034 3248 5100 omnia,
3299 5047 3364 5088 ea
3400 5033 3535 5086 dun-

1949 5224 2094 5277 enim
2132 5223 2357 5293 intelligi
2403 5221 2558 5277 miles
2593 5218 2854 5293 ejusmodi
2895 5213 3368 5278 ἐκκαλύπτεσθαι,
3408 5217 3532 5293 quia

1948 5294 2288 5365 chlamydem
2309 5287 2391 5346 Vae
2432 5287 2685 5365 militaria
2720 5290 3183 5365 alia_ornamenta_
3213 5293 3376 5365 exuat
3405 5304 3417 5339 :
3453 5287 3535 5343 vel

1947 5366 2111 5434 etiam
2133 5357 2275 5434 'quia
2312 5363 2620 5434 meretricia
2655 5361 2801 5434 velut
2832 5357 3009 5434 fronte
3062 5373 3124 5434 ac
3169 5357 3534 5434 impudenter,

1948 5426 2204 5487 feminam
2235 5433 2527 5495 induendo,
2560 5443 2705 5501 agat.
2740 5430 2940 5501 Aenea
2972 5426 3186 5501 femina
3217 5426 3359 5501 domi
3391 5427 3533 5481 laui-

1949 5504 2070 5557 ticio
2106 5504 2326 5558 intenta:
2352 5520 2413 5557 os
2443 5497 2646 5568 velant,
2683 5499 2822 5569 quod
2866 5497 3144 5554 Rubenius
3179 5499 3352 5554 reddit
3409 5508 3535 5569 can.

1948 5588 2154 5637 vocem,
2188 5589 2326 5643 quas
2359 5567 2880 5643 Asterius’agcntes
2930 5570 3128 5626 milites
3167 5585 3290 5626 cum
3341 5567 3531 5640 primis

1945 5644 2201 5716 exagitat.
