4048 6194
226 265 335 323 225

1324 273 1609 332 llOMllJA
1649 279 1710 333 V.
1748 277 1812 332 IN
1848 278 2111 336 ΜΑΤΤΙΙ.
2159 279 2301 346 XIX,
2336 283 2390 339 3.

3352 294 3473 360 226

228 401 324 456 οης
351 383 458 459 ἥδη
486 385 569 457 τῷ
595 387 843 459 στόματι,
867 387 1251 459 φιλανθρωπία
1277 391 1527 465 βασιλική
1548 394 1809 450 ἐκώλυσεν

1922 400 2208 454 damnatus
2241 410 2346 465 est,
2375 400 2678 469 laqueoque
2704 400 2816 468 jam
2841 402 2981 473 gula:
2997 403 3239 467 admoto,
3259 408 3490 460 clctneu-

223 480 533 551 ἐνεργῆσαι
558 481 655 535 τδν
681 481 888 552 δήμιον.
932 484 1114 554 Ζήσας
1153 484 1212 537 δὲ
1251 485 1430 555 ὀλίγον
1471 488 1686 553 ὀδύναις
1719 490 1814 543 καὶ

224 573 553 642 συμφοραῖς
574 574 603 625 ὁ
622 571 946 644 πρεσϐύτης,
990 575 1086 627 καὶ
1110 578 1176 646 τῇ
1207 576 1457 649 αἰσθήσει
1489 579 1600 633 τῶν
1629 581 1814 635 κακῶν

225 664 614 735 ὲπιχρονίσας,
642 666 698 718 ἐν
724 666 918 737 ἀτιμίᾳ
939 667 1185 737 ἀπῆλθεν
1223 669 1316 722 τοῦ
1346 670 1486 741 βίου,
1528 671 1686 727 τοῦτο
1716 673 1815 744 τῆς

230 755 492 826 μεγάλης
540 756 790 822 ὑπατείας
842 759 904 812 τὸ
947 759 1101 823 τέλος
1137 762 1460 833 εὑράμενος.
1508 763 1566 818 Ὀ
1604 763 1683 830 δὲ,
1718 765 1814 818 τοῦ

232 847 604 919 παρελθόντος
638 849 886 902 ἐνιαυτοῦ
931 850 1049 914 πῶς
1096 852 1415 922 ἐφρόντισεν
1445 853 1670 925 μείζονα
1702 854 1811 910 τῶν

233 940 533 1008 γιγάντων,
571 941 817 1008 γυναιξὶν
845 942 923 996 ὢν
962 945 1058 998 καὶ
1096 944 1352 1017 ἀνδράσιν
1393 947 1813 1019 ἀμφισϐητήσι-

239 1048 382 1101 μοςς
422 1031 660 1096 Ῥάϐδους
699 1036 910 1106 κυρίων
957 1036 1194 1106 φεύγων,
1262 1038 1475 1109 ῥάϐδων
1529 1040 1814 1094 ὑπατικῶν

239 1122 608 1192 ἐπεθύμησεν·
648 1125 922 1198 ἐκτήσατο
961 1127 1088 1198 γῆν,
1127 1130 1259 1201 ὅσην
1302 1130 1423 1184 οὐδὲ
1452 1133 1625 1185 εἰπεῖν
1651 1131 1810 1187 εὔκο-

240 1212 333 1267 λον
352 1231 368 1244 ·
396 1215 559 1283 ἑτάρη
589 1214 646 1269 δὲ
676 1218 738 1269 ὲν
765 1217 1030 1289 τοσαύτῃ,
1070 1221 1203 1289 ὅσης
1232 1223 1261 1275 ὁ
1295 1221 1525 1294 ἐλεήσας
1570 1225 1811 1295 μετέδωα

232 1322 352 1358 κεν.
396 1301 534 1378 Ἆρα
576 1303 671 1361 οὖν
711 1309 859 1363 κατά
901 1311 995 1364 τὸν
1031 1313 1193 1382 σοφὸν
1238 1315 1696 1388 Ἐκκλησιαστὴν,
1748 1320 1809 1372 οὐ

224 1400 428 1463 πάντα,
456 1401 559 1454 ὅσα
607 1401 860 1466 τοιαῦτα,
884 1406 1221 1474 Ματαιότης
1236 1410 1669 1476 ματαιοτήτων,
1714 1412 1810 1465 καὶ

221 1492 490 1563 φάσματά
517 1496 668 1551 ἐστιν
702 1494 772 1548 τὰ
797 1494 1087 1567 ἀξιώματα
1121 1498 1510 1555 ἀνυποστάτων
1542 1502 1767 1573 ὀνείρων
1795 1542 1811 1567 ,

215 1585 503 1656 τέρψαντα
547 1586 686 1659 πρὸς
735 1587 938 1655 ὀλίγον,
990 1585 1108 1642 εἶτα
1152 1590 1598 1662 παραδραμόντα,
1646 1593 1812 1665 ἀνθή-

218 1694 394 1731 σαντα
442 1679 543 1733 καὶ
587 1679 972 1752 μαρανθέντας
1012 1681 1200 1752 Ἡμεῖς
1238 1684 1417 1737 τοίνυν
1463 1684 1568 1748 ἕως
1616 1686 1807 1739 τούτου

1921 487 1991 541 tia
2027 488 2288 558 principis
2319 490 2572 544 manibus
2642 491 2919 546 carnilicis
2971 502 3255 563 exemptus
3298 505 3402 561 est,
3437 504 3493 549 ιιι

1916 579 2235 647 quantulum
2271 581 2416 635 aetati
2450 590 2754 652 supererat,
2776 598 2940 638 senex
2976 584 3027 638 in
3055 585 3241 641 dolore
3266 594 3319 641 et
3347 586 3493 640 calao

1918 671 2108 726 mitate
2144 687 2411 742 sensuque
2446 674 2709 728 malorum
2741 676 2986 746 exigens,
3014 692 3079 731 ac
3106 677 3295 746 plenus
3330 678 3491 733 dede-

1915 764 2060 818 coris
2109 777 2174 817 ac
2229 763 2560 833 ignominiaa
2603 766 2694 819 tali
2752 767 2928 835 magni
2990 768 3303 822 consulatus
3342 768 3489 822 exitu

1916 855 2024 909 vita
2054 854 2354 910 decederet.
2414 855 2502 910 Ille
2534 871 2714 911 autem
2762 860 3023 928 superiori
3056 876 3216 923 anno,
3243 855 3492 930 gigantea'

1916 962 2140 1015 prorsus
2173 946 2438 1015 facinora,
2469 959 2632 1020 atque
2656 951 2820 1005 etiam
2845 951 3045 1020 majora
3079 954 3312 1016 molitus,
3335 952 3491 1021 cujus

1915 1053 2078 1095 sexus
2102 1040 2154 1093 in
2186 1041 2402 1095 dubium
2441 1042 2753 1107 vocabatur,
2785 1044 2984 1113 quique
3015 1045 3209 1099 heriles
3231 1044 3492 1114 eﬂ‘ugiens

1915 1126 2111 1193 virgas,
2141 1127 2448 1183 consulares
2473 1130 2765 1197 all'eetavit,
2791 1146 2855 1185 ac
2881 1143 3086 1186 tantum
3128 1134 3335 1188 telluris
3363 1148 3490 1203 pos-

1913 1218 2074 1282 sedit,
2112 1230 2374 1285 quantmn
2400 1236 2498 1275 nec
2533 1220 2693 1275 facile
2740 1224 3048 1289 nominare;
3090 1226 3178 1292 qui
3210 1241 3350 1277 nunc
3372 1224 3490 1279 exi-

1913 1320 2015 1375 gua
2044 1309 2506 1374 conditurliumo,
2543 1321 2598 1365 et
2634 1314 2949 1382 quantulam
2973 1316 3021 1368 ei
3064 1330 3166 1368 non
3200 1329 3357 1367 nemo
3384 1314 3486 1366 mi-

1913 1398 2185 1453 seratione
2221 1411 2398 1455 motus
2425 1402 2715 1471 impertiit?
2740 1403 2927 1458 Nonne
2957 1406 3119 1474 igitur
3146 1419 3293 1468 vere,
3325 1405 3477 1473 juxta

1914 1487 2210 1555 sapientem
2241 1490 2388 1544 illum
2415 1491 2821 1560 Ecclesiastem,
2850 1495 2893 1550 si
2928 1511 3034 1565 qua
3064 1496 3217 1558 talia,
3263 1494 3489 1548 Vanilas

1912 1580 2199 1634 vanitatem
2232 1582 2315 1636 ‘3?
2347 1598 2411 1637 ac
2444 1584 2526 1637 vel
2556 1585 2905 1653 amplissimae
2955 1589 3270 1656 dignitates,
3306 1586 3485 1639 inania

1914 1668 2156 1735 qnazdam
2196 1670 2311 1724 visa
2346 1680 2400 1725 et
2434 1679 2645 1727 ostenta
2694 1676 3068 1729 somniorum?
3095 1691 3214 1744 qua:
3261 1690 3381 1729 cum
3418 1675 3486 1728 ad

216 1770 531 1840 στήσαντες
580 1771 671 1825 τὸν
726 1771 906 1841 λόγον,
945 1773 1102 1839 δόξαν
1133 1775 1545 1846 ἀναπέμψωμεν
1584 1777 1664 1847 τῷ
1697 1777 1809 1831 Σω-

1916 1760 2076 1814 breve
2108 1760 2437 1816 oblectariut
2496 1773 2734 1833 tempus,
2792 1768 3130 1834 postmodum
3169 1766 3482 1835 diffugiant;

217 1861 373 1931 τῖρι.

971 2132 1047 2186 Ε¹.

234 2204 489 2295 Ἕκιτοῦ
520 2220 675 2295 κατὰ
711 2222 1013 2295 θιατθαῖον
1038 2225 1413 2295 Εὑαγγενιιόυ
1434 2229 1523 2294 εἰς
1558 2226 1649 2291 τὸ,
1682 2247 1700 2279 ι
1740 2230 1809 2283 El

293 2290 848 2365 ἔξεστιν-ἀνθρώπῳ
861 2290 1317 2365 ἀπολῦσαίτὴν
1337 2290 1592 2365 γυναῖκα
1617 2290 1808 2354 αὐτοῦ

297 2364 450 2415 κατὰ
481 2361 695 2415 πᾶσαν
725 2364 940 2416 αἰτίαν.
978 2383 997 2415 ι

295 2451 456 2522 Καλὴ
490 2453 725 2523 συνωρὶς
755 2453 865 2505 τῶν
893 2452 985 2506 δύο
1019 2454 1223 2509 τούτων
1252 2458 1283 2527 ή
1294 2457 1476 2530 μερῶν
1517 2460 1629 2522 τοῖς
1672 2460 1808 2531 Χρι-

220 2544 468 2604 στιανοῖς
488 2542 585 2594 καὶ
607 2540 916 2609 φιλοπόνοις
945 2543 1224 2614 τυγχάνει,
1276 2546 1371 2599 τοῦ
1406 2547 1682 2600 Σαϐϐἀτου
1709 2548 1806 2600 καὶ

217 2634 321 2705 τῆς
354 2635 647 2705 Κυριακῆς
678 2634 841 2703 λέγω,
894 2635 963 2706 ἣν
1013 2637 1132 2690 καθ’
1181 2639 1421 2711 ἑκάστην
1467 2639 1736 2711 ἑϐδομάδα
1777 2642 1807 2694 ὀ

216 2728 418 2797 χρόνος
450 2726 776 2780 ἀνακυκλῶν
821 2728 1130 2801 περιφέρει.
1184 2731 1273 2794 Ὠς
1316 2731 1425 2803 γὰρ
1476 2732 1714 2804 μητέρες
1775 2733 1808 2804 ἢ

215 2819 417 2889 τροφοὶ
454 2819 557 2890 τῆς
596 2818 945 2890 Ἐκκλησίας,
979 2824 1073 2875 καὶ
1095 2822 1185 2876 τὸν
1208 2822 1336 2877 λαὸν
1360 2823 1693 2896 ἀθροίζουσι,
1718 2827 1811 2879 καὶ

217 2915 346 2977 τοὺς
383 2913 571 2985 ίερὲας
600 2912 895 2977 παιδευτὰς
922 2913 1374 2991 προκαθίζουσιν·
1418 2916 1810 2986 δημαγωγοῦσι

218 3006 277 3059 δὲ
312 3008 410 3060 καὶ
434 3008 565 3069 τοὺς
599 3006 851 3077 μαθητὰς
883 3008 977 3060 καὶ
1027 3008 1155 3071 τοὺς
1203 3007 1556 3072 διδασκάλους
1589 3011 1670 3075 εἰς
1710 3011 1810 3082 τήν

1913 1867 2145 1921 cumque
2174 1854 2511 1923 aliquantum
2568 1855 2873 1921 floruerint,
2901 1858 3081 1911 subito
3109 1856 3488 1911 marcescant?

1915 1943 2019 1998 Nos
2056 1946 2240 2014 itaque
2273 1947 2485 2001 dicemli
2520 1948 2608 2003 hic
2639 1948 2799 2004 finem
2857 1948 3139 2015 facientes,
3187 1950 3488 2005 tribuamus

1913 2036 2178 2091 Salvatori
2210 2037 2459 2108 gloriam.

2665 2126 2731 2185 ν.

1915 2214 2148 2270 llomilia
2180 2218 2234 2272 in
2273 2218 2444 2273 locum
2500 2218 2773 2289 Evangelii
2823 2224 3108 2276 sectmdum
3150 2221 3486 2284 Multhwnm,

1987 2307 2005 2337 ι
2037 2288 2119 2340 An
2143 2289 2293 2342 liceat
2314 2291 2524 2364 homini
2539 2288 2798 2345 dimittere
2820 2308 3033 2346 uxorem
3053 2310 3201 2346 suam
3228 2293 3338 2364 (51)
3362 2309 3489 2363 qna-

1985 2374 2188 2426 cnnqne
2209 2374 2274 2412 ea:
2302 2377 2463 2413 causa
2488 2361 2553 2413 ".
2585 2379 2603 2411 ι

1983 2447 2252 2503 Praeclara
2290 2449 2618 2505 Christianis
2667 2465 2728 2505 ac
2780 2451 3038 2506 studiosis
3093 2451 3321 2505 duarum
3383 2452 3483 2505 ha-

1911 2555 2101 2595 rumce
2129 2540 2339 2594 dierum
2372 2540 2560 2609 copula
2614 2556 2678 2595 ac
2731 2556 3027 2596 concursus
3051 2580 3067 2607 ,
3110 2540 3359 2606 Sabbati,
3399 2542 3485 2595 in-

1912 2648 2094 2704 quam,
2128 2647 2191 2687 ac
2226 2633 2539 2698 Dominicte,
2574 2648 2709 2703 quas
2738 2643 2948 2703 tempus
2979 2634 3032 2688 in
3062 2635 3249 2688 orbem
3303 2649 3488 2689 recur-

1914 2740 2061 2789 rens,
2095 2725 2445 2780 hebdomadis
2478 2725 2706 2793 siugulis
2741 2727 2970 2782 reducit.
3017 2725 3148 2780 Nam
3183 2727 3334 2796 quasi
3375 2743 3486 2781 ma-

1915 2826 2027 2872 tres
2062 2827 2155 2871 aut
2184 2802 2426 2871 nutrices
2455 2814 2737 2884 Ecclesia‘,
2791 2832 2910 2872 cum
2962 2818 3213 2887 populant
3263 2834 3488 2888 congre-

1914 2919 2063 2976 gant,
2091 2919 2202 2962 tum
2254 2909 2570 2963 Sacerdotes
2623 2912 2688 2962 ad
2735 2911 3036 2963 docendum
3090 2912 3385 2965 consedere
3415 2909 3491 2963 fa-

1915 3003 2100 3068 ciunt;
2136 3013 2298 3071 atque
2323 3002 2479 3067 adeo,
2504 3000 2799 3071 discipulos
2829 3005 3033 3072 pariter
3057 3018 3120 3058 ac
3152 3005 3397 3058 doctores
3422 3004 3489 3059 ad

217 3100 330 3153 τῶν
353 3099 554 3171 ψυχῶν
582 3099 925 3170 ἐπιμέλειαν.
966 3099 1119 3170 Ἐμοὶ
1152 3100 1332 3153 τοίνυν
1366 3100 1447 3154 ἔτι
1490 3102 1588 3173 τῆς
1617 3101 1808 3173 χθιζῆς

1918 3093 2222 3146 animorum
2255 3093 2534 3163 pelliciunt
2575 3107 2787 3157 curam,
2832 3108 2897 3147 ac
2940 3093 3133 3148 blande
3186 3096 3487 3165 impellunt.

216 3195 437 3264 ἡμέρας
465 3196 497 3247 ὁ
524 3194 683 3262 λόγος
717 3195 921 3266 ὲνηχεῖ,
960 3197 1054 3248 καὶ
1084 3195 1387 3268 ὲγκάθηται
1430 3199 1496 3269 τῇ
1527 3198 1719 3269 μνήμῃ
1744 3198 1813 3252 τά

217 3285 555 3355 παιηθέντα.
593 3284 786 3338 Βλέπω
816 3286 907 3339 τὸν
940 3286 1173 3358 σταυρδν
1206 3287 1295 3341 διὰ
1331 3288 1429 3358 τῆς
1471 3290 1813 3361 προφητείας

219 3376 381 3448 παρὰ
417 3375 648 3429 Ἠσαίου
685 3375 1053 3446 πηγνύμενον,
1090 3379 1185 3430 καὶ
1226 3378 1296 3431 τὰ
1349 3380 1539 3449 ἱμάτια
1571 3380 1664 3432 τοῦ
1698 3382 1811 3433 Κυ-

221 3466 366 3534 ρίου,
401 3464 481 3528 ὡς
512 3466 584 3517 τὰ
613 3464 706 3518 τοῦ
740 3465 1059 3536 ληνοϐἀτου.
1085 3470 1447 3540 κεχρωσμένα
1480 3470 1557 3541 τῷ
1581 3470 1774 3541 αἵματι
1795 3485 1810 3501 ’

220 3556 320 3609 καὶ
341 3556 439 3609 τὸν
470 3556 706 3628 Σωτῆρα
727 3558 820 3610 τὸν
855 3558 1044 3628 μισθὸν
1078 3560 1365 3631 πρόχειρον
1387 3562 1479 3613 ἐπὶ⁸
1509 3561 1609 3632 τῆς
1634 3562 1815 3629 δεξιᾶς

222 3646 491 3717 φέροντα.
535 3648 645 3700 Καὶ
686 3648 776 3701 τὸν
819 3649 1139 3719 Σολομῶντα
1172 3649 1362 3721 θεωρῶ
1398 3650 1465 3703 τὰ
1502 3650 1643 3719 ζυγὰ
1684 3653 1815 3722 ήμῖν

222 3739 320 3790 καὶ
349 3739 481 3800 τοὺς
514 3737 786 3808 σταθμοὺς
813 3740 1145 3809 ἀκριϐοῦντα
1177 3742 1256 3804 είς
1289 3740 1538 3811 δύναμιν.
1585 3740 1688 3795 Καὶ
1716 3739 1812 3795 τοῦ

225 3828 570 3897 Εὑαγγελίου
599 3829 692 3882 τὸν
732 3832 1134 3904 χρεωφειλέτην
1188 3833 1465 3905 οἰκτείρω,
1520 3834 1596 3905 μὴ
1648 3850 1814 3903 μετα-

221 3920 425 3974 ὢῦντα
447 3921 528 3992 τῷ
554 3923 829 3994 ὁμοδούλῳ
850 3925 949 3995 τῆς
982 3925 1415 3996 φιλανθρωπίας,
1441 3921 1509 3998 ἦς
1530 3926 1683 3997 παρά
1718 3926 1814 3979 τοῦ

222 4013 508 4067 Aemo»
550 4015 875 4084 μετέλαϐεν·
920 4017 1035 4070 ἀλλ’
1073 4019 1136 4071 ὲκ
1161 4019 1260 4089 τῆς
1293 4018 1550 4081 ἀϐουλίας
1580 4020 1673 4072 καὶ
1715 4019 1814 4090 τῆς

224 4102 631 4172 σκληρότητος,
676 4104 773 4176 τὴν
828 4105 963 4159 ίδίαν
1010 4109 1297 4179 συμφορὰν
1341 4108 1810 4180 ἀνανεωσάμενος».

226 4193 462 4257 Τούτοις
489 4195 601 4266 γάρ
627 4199 739 4259 τοῖς
789 4198 1109 4266 κεφαλαίοις
1138 4201 1280 4254 κατὰ
1312 4202 1411 4273 τὴν
1437 4200 1817 4274 παρελθοῦσαν

228 4286 542 4356 ἑκάμομεν,
569 4287 647 4351 ὡς
693 4289 807 4342 ἴστε
845 4291 1065 4358 πάντες,
1105 4294 1156 4346 οἱ
1195 4294 1295 4347 οὐκ
1321 4296 1379 4347 ὲν
1405 4294 1670 4367 παρέργῳ
1718 4295 1816 4367 τὴν

228 4376 501 4443 ὰρὸασιν
528 4378 766 4449 θέμενοι.

304 4555 555 4628 Σήμερον
573 4557 631 4610 δὲ
661 4558 821 4612 πάλιν
845 4560 879 4631 ή
886 4562 977 4629 μίν
1001 4560 1170 4614 πολλά
1200 4563 1317 4632 μὲν,
1338 4564 1431 4618 καὶ
1454 4563 1596 4618 καλὰ
1611 4564 1809 4629 πάντα,

230 4648 335 4701 ὅσα
366 4652 457 4701 ἐπὶ
480 4650 582 4720 τῆς
600 4651 877 4722 τραπέζης
906 4652 1003 4723 τῆς
1023 4654 1325 4725 ὁρωμένης,
1349 4656 1411 4709 τὸ
1436 4656 1661 4728 Πνεῦμα
1680 4674 1815 4711 κατ-

235 4739 408 4792 έθετο.
447 4742 755 4812 ἐπεστησα
817 4744 874 4796 δὲ
907 4745 997 4798 τὸν
1020 4745 1145 4798 νοῦν
1175 4749 1289 4811 τοῖς
1325 4747 1643 4819 ἀδολέσχαις
1668 4748 1806 4820 ὁμοῦ

234 4832 336 4885 καὶ
381 4837 697 4904 πειρασταίς
729 4825 1070 4906 Φαρῖσαίοιςο
1120 4839 1216 4889 καὶ
1260 4838 1465 4909 σφόδρα
1495 4855 1559 4906 γε
1611 4838 1812 4901 αὐτοὺς

232 4924 335 4994 τῆς
364 4924 663 4997 μοχθηρίας
685 4922 794 4980 τῶν
822 4929 1037 5000 τρόπων
1063 4929 1299 5000 ἠλέησα,
1340 4931 1427 4999 ἐφ’
1452 4923 1533 4992 οἷς
1580 4929 1674 4983 καὶ
1706 4929 1806 4999 τήν

233 5016 422 5086 πηγὴν
449 5018 544 5089 τῆς
576 5020 767 5087 σοφίας
814 5024 932 5084 ταῖς
964 5020 1173 5074 ἑαυτῶν
1207 5022 1540 5092 ἐρωτήσεσιν
1585 5020 1808 5091 ἐπεχεί-

236 5123 368 5176 ρουν
412 5109 895 5179 κατασοφίζεσθαι,
930 5112 1025 5164 καὶ
1046 5110 1147 5182 τῆς
1184 5112 1553 5183 ἐγχειρήσεως
1574 5110 1815 5180 ἀπετύγ-

1916 3185 2042 3241 ΜίΙιί
2073 3186 2293 3254 quidem
2328 3186 2507 3240 adhuc
2537 3186 2761 3240 auribus
2808 3188 3027 3241 insonat
3068 3188 3171 3241 diei
3219 3189 3491 3244 hesterna:

1914 3291 2139 3340 sermo,
2203 3277 2545 3347 insidentque
2618 3279 2891 3331 memorite
2943 3279 3191 3350 praelecta
3248 3290 3375 3337 tunc
3427 3299 3492 3338 ac

1914 3367 2350 3423 consideratione
2407 3369 2671 3423 discussa.
2723 3368 2891 3425 Video
2958 3385 3173 3426 crucem
3228 3373 3296 3428 ab
3349 3372 3488 3428 Isaia

1914 3458 2195 3527 prophetia
2223 3457 2409 3526 ﬁxam,
2455 3471 2519 3512 ac
2566 3457 2775 3513 Domini
2828 3461 3185 3523 vestimenta,
3235 3470 3491 3531 tanquam

1914 3549 2177 3605 calcantis
2227 3550 2279 3604 in
2335 3550 2613 3618 torculari,
2651 3565 2843 3606 cruore
2900 3552 3069 3606 tincta
3124 3552 3209 3619 ⁷⁶;
3261 3555 3493 3625 denique

1917 3639 2278 3706 Salvatorem,
2310 3651 2621 3714 promptum
2654 3642 2875 3698 dextera
2900 3644 3323 3715 espeditumqne
3358 3663 3494 3717 prze-

1918 3734 2085 3788 mium
2120 3736 2520 3803 pmferentem.
2556 3734 2734 3788 Animi
2768 3734 2942 3789 oculis
2974 3735 3315 3791 Salomonem
3342 3753 3496 3806 aspe-
3544 3756 3550 3763 ο

1916 3835 2026 3889 cto,
2057 3825 2478 3895 atquamjudicii
2528 3826 2817 3880 librantem
2864 3828 3121 3879 tutriuam
3156 3829 3221 3879 ⁷¹.
3277 3826 3494 3882 Miseret

1922 3932 2007 3971 me
2041 3917 2303 3971 debitoris
2330 3916 2652 3985 evangelici,
2690 3916 2780 3984 qui
2807 3916 3015 3969 Domini
3060 3917 3112 3969 iu
3151 3916 3323 3986 ipsmu
3362 3917 3495 3971 leni-

1920 4016 2084 4061 tatem
2142 4021 2205 4061 ac
2257 4006 2603 4061 clementiam
2663 4020 2928 4059 conservo
2985 4020 3088 4059 non
3137 4008 3397 4062 adhibens
3423 4009 3492 4071 η,

1918 4114 2015 4168 pro
2044 4098 2272 4153 szaltitia
2306 4113 2369 4151 ac
2396 4097 2597 4151 duritie
2627 4112 2746 4162 sua,
2783 4096 2884 4151 sibi
2920 4098 3035 4168 ipse
3065 4099 3380 4156 instaurata:
3405 4117 3494 4156 ca-

1919 4187 2184 4242 lamitatis
2215 4202 2280 4242 ac
2307 4187 2543 4241 miserize
2592 4198 2785 4242 auctor
2815 4186 2934 4241 fuit.
2969 4190 3027 4242 lu
3069 4178 3322 4244 his-enim
3350 4195 3497 4259 capi-

1920 4281 2064 4335 tibus
2095 4281 2181 4334 die
2207 4279 2485 4348 superiore
2515 4280 2761 4350 proximo
2816 4282 3189 4345 versabamur,
3242 4292 3298 4334 nt
3323 4285 3495 4337 nostis

1919 4387 2130 4436 clunes,
2161 4373 2327 4442 siqui
2375 4387 2478 4425 non
2532 4370 2832 4440 indiligeuti
2885 4372 3069 4426 auditu
3117 4374 3356 4427 animum
3399 4375 3493 4427 ad-

1848 4473 1896 4531 D
1922 4464 2177 4518 vertistis.

1993 4554 2163 4610 llodie
2189 4556 2351 4609 etiam
2379 4554 2539 4608 nmlta
2561 4556 2737 4619 nobis,
2755 4570 2925 4625 eaque
2950 4556 3292 4621 pneclara,in
3314 4570 3494 4610 mensa

1921 4662 2082 4717 quam
2115 4648 2328 4712 videtis,
2361 4649 2642 4716 prapnsuit
2669 4649 2927 4717 Spiritus.
2965 4648 3149 4718 Adjeci
3179 4660 3356 4702 autem
3388 4649 3497 4701 ani-

1932 4754 2075 4792 mum
2107 4742 2174 4792 ad
2205 4739 2451 4809 garrulus
2482 4740 2613 4794 istos
2662 4738 2985 4803 P-hariszeos,
3034 4755 3096 4793 ac
3165 4750 3493 4803 tentatores;

1924 4831 2322 4901 plurimumque
2375 4844 2562 4885 eorum
2620 4832 2885 4885 misereor
2938 4832 3321 4901 improbitatis,
3354 4832 3493 4895 quod

1925 4927 2099 4996 ipsmn
2128 4925 2410 4994 sapientia:
2439 4924 2643 4978 fontem
2680 4925 2793 4979 suis
2830 4923 3360 5001 interrogatiunculis
3389 4922 3497 4978 cir-

1923 5016 2242 5073 cumvenire
2278 5018 2517 5086 aggressi
2552 5028 2710 5081 sunt;
2749 5032 3051 5085 quanquam
3079 5013 3349 5085 Unigeniti
3389 5015 3497 5069 dei-

1926 5119 2036 5163 tale
2068 5123 2254 5162 eorum
2308 5107 2358 5160 itt
2396 5109 2734 5161 contrarium
2781 5109 3343 5176 semperqturstinncs
3376 5122 3499 5164 ver.

308 5247 357 5279 ⁸⁸
387 5247 557 5303 Εεισιε.
592 5264 629 5309 ι.
678 5250 734 5304 2.
812 5249 855 5281 “
877 5249 1063 5305 Matth.
1108 5266 1220 5315 xix,
1252 5249 1288 5304 5
1323 5264 1445 5319 sqq.
1517 5248 1565 5279 ’θ
1595 5246 1694 5302 lsa.
1729 5263 1883 5311 unt,
1915 5247 1970 5303 5.
2046 5246 2089 5278 ⁷¹
2132 5244 2192 5300 lll
2236 5244 2369 5316 Reg.
2413 5260 2495 5310 ιιι,
2549 5244 2641 5299 25.
2717 5244 2763 5275 "
2789 5244 2975 5297 Matth.
2999 5257 3148 5304 xvnt,
3180 5241 3277 5296 28.

309 5360 419 5430 (51)
440 5359 572 5416 Tota
601 5363 823 5417 moralis
847 5373 952 5428 est,
982 5378 1086 5432 qua
1105 5364 1367 5424 Asterius,
1398 5373 1623 5429 excepto
1651 5362 1806 5416 adul-

238 5439 394 5492 terio,
427 5434 586 5486 alium
626 5449 842 5486 omnem
884 5446 1200 5501 prtetestum
1232 5434 1533 5486 dimittendi
1585 5448 1800 5494 uxores,

238 5516 307 5553 ac
332 5502 486 5554 dandi
517 5503 759 5557 libellum
782 5506 1009 5571 repudii,
1040 5505 1275 5557 b‘l‘llltlll
1302 5521 1315 5556 :
1348 5502 1477 5555 nihil
1505 5503 1798 5570 explicans,

240 5585 309 5622 an
362 5574 436 5623 sic
480 5574 702 5627 dimissa
757 5584 850 5625 aut
897 5576 1193 5635 dimittens,
1230 5592 1256 5625 ιι
1311 5574 1506 5640 prioris
1564 5574 1795 5641 conjugii

242 5641 469 5703 τιυειιιιι,
498 5644 653 5697 liberi
688 5646 949 5697 exsistant
982 5662 995 5696 :
1027 5642 1166 5711 quod
1197 5645 1428 5711 amplius
1461 5643 1793 5695 declaratum

240 5722 323 5765 cat
361 5713 424 5767 ab
458 5715 741 5785 Apostnio,
770 5716 1072 5783 excipiente
1111 5714 1278 5768 solum
1313 5722 1564 5777 mortem,
1596 5725 1650 5765 ιιι
1685 5730 1789 5764 non

1913 5361 1985 5415 sit
2016 5359 2257 5415 adultera
2286 5359 2479 5414 mulier
2506 5359 2550 5412 si
2591 5358 2754 5413 fuerit
2780 5373 2899 5411 cum
2930 5358 3033 5409 alio
3066 5356 3214 5419 viro;
3240 5355 3326 5410 cui
3346 5371 3493 5412 sana:

1912 5433 2177 5488 doctrina:
2233 5431 2397 5484 etiam
2446 5429 2658 5483 concilii
2698 5426 2970 5496 generalis
3017 5427 3236 5480 decreto
3269 5430 3485 5483 tandem

1908 5501 2150 5564 saucitze,
2182 5502 2342 5553 audio
2383 5498 2604 5553 Gnccia:
2653 5497 2814 5551 fzccc-s
2866 5511 3237 5552 consuescere.
3283 5498 3488 5551 ludit-at

1905 5570 2149 5625 Asterius
2178 5567 2345 5623 fuisse
2380 5571 2527 5623 viros
2559 5584 2653 5621 sua
2678 5576 2836 5621 :etate
2870 5569 3157 5620 admodum
3184 5568 3372 5623 faciles
3401 5586 3489 5620 re.

1906 5642 2187 5709 pudiandts
2258 5640 2546 5701 uxoribus,
2580 5655 2643 5711 ac
2686 5655 2712 5690 ιι
2766 5654 2825 5692 se
2868 5639 3221 5711 alnlicandis;
3257 5652 3494 5711 euntque

1906 5714 2097 5767 merito
2121 5714 2350 5769 abus'tm
2379 5713 2499 5782 pius
2534 5710 2879 5767 ecclesiastes
2907 5710 3167 5775 exagitat.
