4034 6204
560 295 666 353 ἳῖἹ

1839 281 1896 335 8.
1941 278 2215 336 ASTElili
2255 278 2347 334 AM
2359 277 2556 335 ASENl

3713 273 3823 330 328

564 426 735 481 lente,
761 413 1048 469 conatibus
1072 419 1127 464 et
1147 407 1295 461 ausis
1325 405 1440 461 suis
1470 402 1807 458 exciderunt.
1840 402 1914 456 De
1945 402 2140 471 quibus

2260 417 2427 471 (ανον,
2462 400 2561 472 τῆς
2597 396 2693 452 τοῦ
2734 393 3075 465 Μονογενοῦς
3116 394 3370 466 θεότητος
3400 393 3481 458 είς
3511 392 3823 450 τούναντίον

562 519 617 562 et
655 508 822 564 Isaias
858 507 912 560 in
942 504 1055 559 hac
1112 500 1275 554 verba
1318 496 1633 568 prophetari
1682 494 1897 549 videtur
1932 510 1947 547 :
1982 496 2143 547 Aver-

564 612 676 654 tens
702 599 980 657 prudentes
1004 601 1313 654 retrorsum,
1368 599 1417 643 et
1465 588 1745 642 consilium
1795 602 1976 639 eorum
2008 586 2141 639 stul-

566 699 676 742 tum
707 688 998 749 faciens,”
1043 692 1279 736 statuens
1330 683 1481 734 verba
1521 682 1673 749 pueri
1699 678 1782 732 sui
1812 677 1860 708 "
1885 695 1900 743 ;
1931 692 1994 730 ac
2024 691 2145 730 rur-

564 795 658 834 sus
688 778 853 833 David
876 794 892 830 :
918 774 1138 845 Linguis
1157 774 1271 827 suis
1298 771 1479 826 dolose
1499 771 1759 841 agebant;
1776 769 1962 838 judico
1991 767 2134 832 illos,

564 869 742 935 Deus;
793 868 1033 922 decidant
1093 884 1129 921 α
1191 863 1601 934 cogitationibus
1627 861 1739 916 suis
1764 860 1831 916 ⁷⁸.
1862 861 2144 914 Verumta-

566 977 689 1014 men
719 960 922 1031 gratias
977 958 1103 1024 illis,
1157 957 1282 1012 licet
1329 955 1679 1020 adversariis,
1731 955 1877 1031 quod
1919 954 2146 1024 Sapien-

566 1053 697 1105 tiant
733 1051 799 1104 ad
838 1048 1272 1118 respondendum
1304 1047 1738 1116 provocaverint,
1764 1061 1873 1118 quo
1901 1056 2145 1102 uestrum

567 1144 620 1198 in
650 1159 827 1207 usum,
861 1143 953 1211 qtti
980 1142 1101 1212 ejus
1134 1139 1273 1195 servi
1301 1153 1522 1205 sumus,
1559 1140 1674 1194 hac
1710 1139 1908 1194 litteris
1944 1153 2007 1194 ac
2034 1152 2147 1192 nte-

568 1233 759 1286 tnoria:
820 1232 1198 1301 proderentur.
1256 1228 1398 1283 Ecce
1428 1228 1572 1284 enim
1628 1228 2060 1297 matrimonium,
2092 1230 2145 1283 id

564 1334 669 1391 est,
692 1339 780 1379 res
802 1324 1053 1378 humanae
1083 1322 1215 1377 vita:
1238 1322 1497 1384 maxima,
1530 1320 1676 1375 velut
1698 1322 1765 1375 ad
1790 1336 2033 1377 normam
2059 1324 2148 1380 hic

567 1414 837 1483 dirigitur,
886 1414 1113 1483 ejusque
1172 1411 1257 1467 vel
1308 1410 1666 1467 contrahendi
1700 1413 1784 1466 vel
1817 1413 2145 1471 dissolvendi

568 1516 736 1560 certa:
784 1506 927 1571 leges
972 1505 1279 1559 traduntur.
1341 1503 1550 1571 Quibus
1606 1504 1893 1573 diligenter
1922 1517 2149 1575 uterque

569 1610 744 1655 cattus
778 1613 842 1652 ac
887 1612 1051 1652 sexus
1107 1596 1372 1659 attendat,
1446 1611 1553 1666 quo
1605 1607 1718 1651 tum
1761 1596 1994 1666 feminae,
2037 1608 2147 1655 tum

569 1689 696 1754 viri,
721 1703 841 1758 qua:
871 1686 1090 1758 propria
1112 1686 1374 1756 cujusque
1403 1687 1533 1753 sint,
1572 1688 1909 1744 condiscant.

642 1966 724 2020 An
754 1967 909 2020 liceat
936 1966 1138 2021 homini
1192 1967 1454 2023 dimittere
1491 1984 1706 2023 uxorem
1739 1985 1890 2025 suam
1918 1987 2152 2040 quacun-

569 2072 670 2126 que
697 2073 762 2110 ea:
785 2073 967 2112 causa.
998 2058 1072 2111 Ita
1090 2058 1307 2129 quidem
1332 2059 1496 2115 habet
1519 2057 1827 2115 Iudaeorum
1856 2061 2150 2130 problema.

572 2149 685 2219 Ego
718 2158 897 2203 autem
930 2148 1146 2203 aliunde
1180 2150 1384 2206 moveri
1446 2153 1510 2208 ad
1552 2152 2032 2220 interrogationem
2074 2154 2155 2206 vi-

575 2239 698 2292 deo.
727 2238 864 2303 Quia
897 2239 1043 2291 enim
1075 2237 1401 2295 feminarum
1451 2255 1614 2296 sexus
1668 2242 1733 2295 ad
1761 2240 1918 2295 iidem
1946 2240 2155 2297 facilior

573 2335 679 2390 est,
710 2339 772 2379 ac
801 2326 1126 2395 propensior
1162 2327 1448 2383 videbatur
1494 2329 1548 2384 itt
1608 2331 1894 2399 magniﬁca
1951 2331 2152 2389 Christi

575 2417 857 2482 miracula,
890 2428 1054 2488 utque
1083 2418 1200 2489 ejus
1249 2414 1493 2476 crederet
1520 2437 1585 2477 ac
1640 2423 1951 2478 admitteret
1979 2424 2153 2479 deita-

577 2518 684 2561 tem
718 2509 821 2580 (sic
856 2524 1090 2578 namque
1137 2510 1301 2564 etiam
1355 2522 1631 2580 postremo
1680 2529 1804 2569 cum
1867 2516 2155 2572 homicida:

576 2601 851 2670 preposito
876 2601 945 2657 ad
995 2600 1243 2672 supplicii
1289 2603 1465 2658 locmn
1517 2604 1803 2660 Dominum
1856 2609 2153 2674 traherent,

576 2693 834 2748 mulieres
863 2694 1048 2748 multa:
1083 2695 1392 2763 passionem
1427 2697 1891 2766 lamentabantur,
1917 2702 2157 2774 ﬂetuque

575 2782 875 2838 miserabili
929 2782 1268 2840 Salvatorcm
1325 2789 1694 2857 sequebantur
1741 2792 1811 2859 ⁷⁸)
1846 2810 1860 2846 :
1896 2804 1954 2847 ut
1978 2795 2153 2851 eidem

576 2875 719 2945 apud
749 2876 925 2945 ipsum
958 2874 1222 2930 oﬂ'ens'am
1259 2893 1325 2932 ac
1385 2880 1567 2936 odium
1607 2881 1985 2952 importarent,
2011 2886 2159 2941 dolo-

576 2981 696 3022 sam
733 2967 896 3021 istam
951 2968 1461 3039 interrogationem,
1519 2981 1680 3042 atque
1724 2973 1840 3030 haec
1869 2973 2157 3032 verborum

577 3055 728 3111 velut
785 3056 922 3112 retia
958 3056 1205 3115 fabricati
1266 3068 1409 3114 sunt.
1465 3058 1667 3116 Verum
1724 3064 1818 3120 ille
1843 3064 2023 3121 dolum
2053 3067 2155 3122 sibi

579 3148 908 3203 instructum
967 3148 1270 3202 divinitatis
1300 3149 1499 3205 virtute
1545 3152 2007 3220 animadvertens,
2042 3164 2156 3210 tum

577 3237 785 3294 icuiora
842 3239 1266 3311 benignioraque
1305 3244 1504 3299 mundo
1533 3245 1803 3310 sanciens,
1837 3259 1946 3302 tum
1971 3264 2158 3305 eorum

579 3331 804 3386 eludens
862 3331 1113 3398 insidias,
1172 3335 1470 3388 secundum
1501 3335 1818 3392 mulieribus
1840 3353 2161 3410 responsum

462 3421 465 3423 “
581 3420 750 3491 dedit,
795 3433 1048 3493 tanquam
1087 3425 1274 3480 inanes
1303 3425 1459 3496 lupos
1477 3442 1542 3481 ac
1567 3439 1821 3498 expertes
1848 3432 2163 3501 μεταδεδω-

581 3528 796 3568 cassum
830 3512 1113 3582 quaestioni
1137 3506 1377 3569 intentos
1419 3515 1818 3587 inhiantesque,
1859 3519 2164 3579 Pharisaeos

584 3607 860 3678 ablegans.
934 3603 1075 3677 ipsa,
1128 3607 1320 3677 inquit,
1375 3610 1579 3664 creatio
1606 3612 2025 3681 coniunctionis,
2056 3630 2163 3670 nun

583 3699 801 3755 divortii
870 3714 1094 3769 scopum
1176 3703 1449 3756 ostendit:
1483 3702 1798 3773 primusque
1851 3709 2162 3776 nuptiarum

583 3806 787 3858 auspex
841 3807 904 3846 ac
955 3791 1270 3846 conciliator
1304 3793 1420 3863 ipse
1471 3804 1556 3849 est
1615 3811 1794 3850 rerum
1845 3799 2044 3867 apilex,
2073 3800 2164 3868 qui

584 3884 811 3952 primos,
851 3898 987 3953 quos
1010 3882 1261 3950 tinxerat,
1314 3884 1564 3944 homines
1612 3886 1879 3959 conjugali
1939 3890 2167 3944 interse

588 3975 803 4030 vinculo
827 3976 1119 4046 copulatis,
1159 3978 1530 4033 necessarium
1573 3980 1811 4049 posteris
1849 3982 2165 4037 convivendi

590 4082 653 4119 ac
680 4066 1029 4122 coltahitandi
1088 4068 1308 4122 tradidit
1358 4070 1627 4137 ordinem,
1690 4085 1850 4140 quem
1884 4084 1942 4127 ut
1969 4073 2058 4129 Dei
2091 4074 2169 4129 le-

591 4172 736 4227 gent,
765 4168 1014 4214 sanctum
1056 4175 1121 4213 ac
1174 4159 1537 4216 inviolabilem
1573 4161 1806 4217 habituri
1837 4175 2039 4219 essent.
2065 4163 2167 4232 Qui

588 4259 771 4302 autem
822 4265 963 4304 nexu
1015 4260 1122 4303 tant
1169 4260 1321 4304 arcto
1362 4250 1535 4319 juncti
1574 4262 1720 4316 sunt,
1758 4254 1873 4322 jam
1916 4271 2018 4308 non
2047 4265 2168 4310 sunt

586 4346 715 4407 duo,
732 4341 822 4395 sed
854 4358 962 4396 una
990 4359 1112 4396 caro
1143 4343 1315 4414 ειμιοά
1337 4360 1459 4414 ergo
1495 4343 1641 4423 Deus
1671 4345 1977 4414 conjunxit,
2014 4349 2170 4402 homo

589 4451 692 4487 non
713 4445 934 4500 separet.

2242 492 2428 555 αὐτοῖς
2462 492 2549 546 ἀεὶ
2579 487 3021 561 περιτρεπούσης
3056 487 3125 541 τά
3160 487 3513 558 ἐρωτήματα.
3560 485 3698 558 Περὶ
3723 478 3821 547 ὧν.

2247 581 2344 653 μοὶ
2374 582 2540 645 δοκεῖ,
2583 582 2677 635 καὶ
2714 580 2940 642 Ἡσαΐας
2976 564 3334 650 προφητεύων
3384 576 3598 645 ἔλεγεν·
3662 578 3827 632 Ἀκυ-

2243 672 2522 742 στρέφων
2549 671 2883 742 φρονίμους
2897 669 2984 734 εις
2998 672 3072 722 τὰ
3091 668 3306 731 ὀπίσω,
3329 667 3429 720 καί
3454 665 3570 734 τὴν
3582 665 3827 734 ,ϐουλὴν

2244 762 2444 818 αὐτῶν
2472 764 2810 832 μωραίνων,
2841 758 2941 814 καὶ
2983 756 3171 813 ιστῶν
3200 757 3443 828 ῥήματα
3479 756 3698 823 παιδὸς
3718 757 3830 810 αὺ-

2246 855 2354 911 τοῦ
2374 873 2387 886 ο
2424 854 2518 919 καὶ
2546 853 2708 909 πάλιν
2732 851 2896 907 Δαόίδ
2917 867 2932 881 ·
2963 849 3100 916 Ταῖς
3133 851 3446 919 γλώσσαις
3466 848 3672 904 αὐτῶν
3695 848 3832 904 ἐδο-

2246 945 2538 1001 λιυῦσανο
2563 944 2772 1013 κρῖνον
2789 940 3033 1008 αὐτοὺς,
3065 944 3099 996 ό
3128 941 3273 1008 Θεός
3295 958 3312 975 ·
3346 940 3837 996 ἀπσπεσάτωσαν

2246 1037 2363 1092 ἀπὸ
2402 1035 2523 1089 τῶν
2575 1030 2935 1089 διαϐουλιῶν
2974 1030 3195 1086 αὐτῶν.
3226 1032 3373 1105 Πλὴν
3411 1032 3572 1105 χάρις
3609 1034 3837 1098 αὐτοῖς,

2248 1129 2342 1182 καὶ
2362 1127 2643 1199 πολεμίοις
2679 1125 3038 1196 τυγχάνουσιν
3056 1163 3072 1189 ,
3101 1122 3185 1176 ὅτι
3213 1122 3312 1195 τὴν
3345 1124 3540 1196 σοφίαν
3574 1125 3840 1198 ἐκίνησαν

2248 1221 2385 1293 πρὸς
2413 1221 2737 1293 ἀπόκρισιν,
2767 1220 2856 1273 ἵνα
2884 1217 3021 1289 ἡμῖν
3064 1220 3178 1283 τοῖς
3222 1217 3430 1280 δούλοις
3477 1219 3841 1291 ἀνάγραπτον

2249 1313 2524 1387 καταλίπῃ
2556 1313 2666 1367 τῶν
2696 1314 3084 1388 συμφερόντων
3124 1310 3223 1383 τὴν
3255 1310 3511 1383 μάθησιν.
3551 1311 3686 1365 Ἰδοὺ
3724 1309 3844 1382 γάρ

2248 1405 2277 1456 ό
2305 1405 2484 1475 γάμος
2523 1405 2889 1471 κανονίζεται,
2924 1407 3175 1478 πρᾶγμα,
3201 1402 3296 1456 τοῦ
3328 1401 3683 1471 ἀνθρωπικοῦ
3716 1402 3843 1473 βίου

2249 1497 2570 1568 κεφάλαιον,
2607 1498 2702 1551 καὶ
2725 1498 2825 1570 τῆς
2846 1501 3161 1561 συστάσεως
3184 1494 3377 1561 αὐτοῦ,
3404 1496 3501 1549 καὶ
3525 1496 3627 1567 τῆς
3650 1495 3846 1550 διαλύ-

2251 1605 2392 1655 σεως
2419 1587 2671 1660 ἀκριϐεῖς
2693 1587 3109 1659 νομαθετοῦνται
3129 1588 3178 1641 oi
3203 1587 3338 1660 ὅροι.
3363 1581 3467 1639 Ὃν
3486 1585 3609 1641 λίαν
3636 1587 3849 1641 ἐσπου-

2253 1678 2538 1750 δασμένως
2586 1678 2877 1737 ἀκουσάτω
2917 1678 2988 1732 τὰ
3030 1677 3128 1732 δύο
3160 1677 3453 1749 τάγματα·
3514 1677 3602 1731 ἵνα
3658 1678 3767 1732 καὶ
3813 1678 3853 1752 ἡ

2179 1763 2223 1818 Β
2251 1772 2635 1840 γυναικωνῖτις
2692 1770 2957 1842 παιδευθῇ
3002 1769 3070 1824 τὰ
3120 1770 3249 1836 ἴδια,
3312 1769 3407 1822 καὶ
3454 1771 3489 1841 ἠ
3532 1769 3851 1841 ἀνδρονῖτις

2251 1861 2506 1934 ὼςρεληθῇ
2538 1863 2606 1917 τά
2635 1861 2907 1934 ἐξαίρετα.

2321 1956 2393 2008 EI
2439 1953 2685 2019 ἔξεστιν
2734 1951 3023 2023 ἀνθρώπῳ
3069 1951 3378 2007 ἀπολῦσαι
3436 1951 3552 2022 τὴν
3584 1952 3853 2024 γυναῖκα

2253 2046 2445 2100 αὑτοῦ
2498 2044 2650 2100 κατὰ
2700 2043 2911 2100 πᾶσαν
2964 2046 3183 2100 αἰτίαν.
3242 2044 3415 2100 Τοῦτο
3454 2046 3554 2117 μὲν
3599 2041 3693 2100 οὖν
3729 2046 3855 2100 τῶν

2266 2137 2537 2210 Ἐϐραίων
2579 2138 2641 2190 τὸ
2674 2136 2989 2210 πρόϐλημα.
3036 2137 3177 2207 Ἐγὼ
3222 2138 3361 2211 πρὸς
3400 2138 3509 2191 τῶν
3536 2138 3711 2194 ἄλλων
3752 2138 3856 2193 τὸν

2258 2230 2462 2284 σκοπὸν
2486 2229 2668 2301 βλέπω
2698 2230 2801 2300 τῆς
2838 2230 3181 2302 ἐρωτήσεως.
3229 2230 3449 2303 Ἐπειδὴ
3485 2230 3594 2304 γάρ
3636 2230 3698 2285 τὸ
3733 2231 3856 2288 τῶν

2256 2321 2532 2392 γυναικῶν
2566 2321 2724 2390 γένος
2749 2318 3113 2392 εὐκολώτερόν
3139 2320 3256 2375 ἐστι
3286 2322 3424 2394 πρὸς
3446 2320 3508 2375 τὺ
3533 2321 3853 2386 πείῖεσθαι.

2258 2415 2354 2468 καὶ
2404 2412 2604 2485 μᾶλλον
2658 2413 2978 2468 ὲπεκλίνετο
3009 2413 3146 2485 πρός
3190 2430 3251 2467 τε
3301 2414 3402 2485 τὴν
3451 2413 3559 2468 τῶν
3595 2413 3858 2485 τεράτων

2263 2504 2688 2577 μεγαλουργίαν,
2726 2504 2980 2575 καὶπρὸς
3010 2503 3108 2575 τὴν
3131 2504 3527 2573 συγκατάθεσιν
3546 2506 3641 2560 καὶ
3661 2506 3859 2561 πίστιν

2258 2597 2358 2667 τῆς
2399 2596 2652 2667 θεότητος
2686 2594 2780 2650 τοῦ
2821 2595 3056 2668 Χριστοῦ
3098 2596 3260 2668 (οὕτω
3288 2615 3372 2651 τοι
3406 2598 3501 2652 καὶ
3533 2598 3855 2656 τελευταῖον

2257 2688 2368 2742 τῶν
2411 2689 2751 2762 ἀνδροφόνων
2786 2689 2896 2743 τῶν
2946 2692 3009 2762 τῇ
3058 2688 3255 2764 γνώμῃ
3300 2690 3434 2762 πρὸς
3477 2691 3567 2745 τὸν
3605 2694 3854 2764 σταυρὸν

2260 2780 2529 2835 ἑλκόντων
2562 2780 2653 2834 τὸν
2692 2780 2921 2852 Κύριον,
2954 2781 3017 2835 τὸ
3052 2780 3257 2854 πλῆθος
3287 2781 3397 2836 τῶν
3423 2783 3721 2852 γυναικῶν,
3757 2786 3858 2839 καὶ

2260 2870 2322 2926 τὸ
2374 2871 2548 2937 πάθος
2609 2872 2948 2945 ἀπεθρήνει,
2996 2874 3092 2928 καὶ
3142 2873 3469 2929 ἀκολουθοῦν
3504 2875 3582 2947 τῷ
3627 2875 3860 2948 Σωτῆρι

2262 2962 2513 3029 ἐλεεινῶς
2564 2964 2962 3037 ἀπεδάκρυεν)·
3003 2964 3090 3021 ἴνα
3118 2965 3241 3020 τινὰ
3287 2968 3706 3040 προσκρουσμὺν
3757 2969 3861 3022 καὶ

2260 3055 2583 3128 δυσμένειαν
2627 3056 2798 3128 αὐτῷ,
2846 3056 2986 3129 πρὸς
3023 3056 3085 3110 τὸ
3116 3056 3367 3128 σύστημα
3412 3056 3519 3111 τῶν
3568 3058 3863 3127 γυναικῶν

2265 3149 2688 3220 μηχανήσωνται
2719 3147 2807 3201 διά
2836 3148 2934 3220 τῆς
2955 3147 3178 3219 δολερᾶς
3200 3149 3544 3220 ἐρωτήσεως,
3570 3149 3729 3204 αὐτοὶ
3756 3150 3862 3222 μὲν

2260 3240 2330 3294 τά
2351 3239 2618 3312 θήρατρα,
2650 3240 2727 3304 ὡς
2765 3239 3036 3312 ἐνόμιζον,
3065 3242 3160 3294 καὶ
3186 3242 3313 3305 τοὺς
3343 3240 3573 3313 βρόχους
3604 3243 3736 3305 τοὺς
3766 3240 3864 3296 διά

2262 3332 2370 3385 τῶν
2421 3331 2596 3402 λόγων
2629 3332 2928 3404 ἐπήξαντο*
2972 3332 3001 3386 ό
3047 3332 3104 3386 δὲ
3134 3333 3339 3404 Κύριος
3382 3336 3449 3405 τῇ
3496 3332 3729 3403 δυνάμει
3755 3333 3862 3405 τῆς

2264 3423 2515 3497 θεότητος
2539 3424 2753 3496 βλέπων
2779 3425 2872 3480 τοῦ
2901 3425 3454 3498 κατασκευαζομένου
3483 3425 3580 3497 τὴν
3611 3443 3864 3498 κακουρο

2263 3516 2412 3585 γίαν,
2440 3516 2574 3586 ὁμοῦ
2598 3516 2654 3569 δὲ
2684 3517 2779 3571 καὶ
2799 3517 2866 3571 τὰ
2888 3516 3246 3589 φιλάνθρωπα
3265 3516 3606 3589 δογματίζων
3627 3517 3708 3589 τῷ
3731 3516 3862 3588 βίῳ,

2265 3604 2539 3670 κάκείνοις
2567 3605 2665 3677 τὴν
2688 3606 2907 3677 ἕνεδραν
2945 3607 3180 3679 ματαίαν
3218 3605 3688 3681 ἀπεργαζόμενος,
3724 3626 3863 3662 συν-

2265 3696 2572 3772 ηγοροῦσαν
2597 3700 2719 3761 ταῖς
2765 3699 2984 3767 γυναιξὶ
3012 3700 3381 3772 προϐάλλεται
3407 3699 3507 3773 τὴν
3534 3699 3859 3772 ἀπόκρισιν·

2265 3791 2461 3854 λύκους
2480 3790 2670 3855 κενοὺς
2696 3791 3029 3862 ἀποπέμψας
3058 3793 3185 3855 τοὺς
3210 3792 3561 3864 Φαρισαίους,
3598 3790 3863 3863 διακενῆς

2265 3885 2344 3957 τῷ
2362 3885 2675 3958 ἐρωτήματι
2709 3887 3136 3957 περιχήναντας.
3192 3886 3364 3959 Αὐτὴ,
3399 3888 3559 3959 φησὶ.
3583 3888 3618 3959 ἠ
3651 3887 3859 3952 κτίσις,

2270 3979 2589 4049 συναφείας,
2614 3979 2712 4033 καὶ¹
2739 3980 2801 4032 ού
2833 3977 3149 4043 διαλύσεως.
3196 3980 3566 4035 ἐπιδείκνυται
3595 3980 3689 4035 τὸν
3727 3996 3860 4034 σκο-

2269 4073 2404 4127 πόν·
2455 4075 2555 4127 καὶ
2607 4072 2700 4126 τοῦ
2758 4072 2936 4144 γάμου
2966 4070 3181 4145 πρῶτος
3224 4072 3596 4144 νυμφοστόλος
3642 4072 3800 4125 ἐστὶν
3833 4073 3864 4125 ό

2268 4164 2633 4236 Δημιουργδς,
2695 4164 2823 4228 τοὺς
2883 4163 3346 4235 πρωτοπλάστους
3399 4163 3728 4236 ἀνθρώπους
3783 4163 3865 4235 τῷ

2270 4252 2494 4324 γαμικῷ
2519 4251 2785 4321 συζεύξας
2809 4251 2995 4324 δεσμῷ
3015 4268 3029 4282 ·
3069 4252 3194 4318 δοὺς
3223 4254 3335 4317 τοῖς
3365 4253 3756 4325 γενησομένοις
3780 4256 3867 4318 εἰς

2273 4345 2463 4398 ἔπειτα
2492 4345 2589 4416 τὴν
2613 4343 2936 4399 ἀκολουθίαν
2948 4346 3047 4417 τῆς
3069 4345 3434 4418 συνοικήσεως
3456 4345 3867 4416 ἀπαραίτητον,

2275 4439 2344 4508 ἣν
2376 4456 2423 4491 τι
2436 4439 2541 4508 μᾷν
2571 4437 2846 4508 προσῆκον
2888 4436 2964 4500 ὡς
3011 4435 3175 4508 νόμον
3220 4436 3380 4492 Θεοῦ.
3420 4438 3481 4490 Oi
3509 4436 3567 4490 δὲ
3605 4436 3870 4509 ἀλλήλοις

590 4524 975 4595 συναφθέντες,
999 4524 1111 4580 οὐκ
1149 4526 1239 4579 ἔτι
1279 4524 1398 4579 εἱσι
1447 4524 1580 4592 δύο,
1622 4526 1784 4581 ἀλλὰ
1829 4526 1987 4595 σὰρξ
2026 4528 2164 4598 μία·
2205 4528 2388 4594 ὥστε,
2432 4528 2463 4582 ὃ
2499 4524 2865 4592 συνέζευξεν
2924 4531 2958 4582 ό
2990 4526 3156 4593 Θεὸς,
3215 4525 3529 4595 ἅνθρωπος
3558 4525 3649 4597 μὴ
3683 4546 3871 4598 χωρι-

588 4618 746 4680 (ita).

663 4714 807 4770 Sane
844 4713 1057 4784 quidem
1101 4713 1215 4769 bare
1252 4713 1542 4771 Pharisatis
1617 4725 1744 4769 tunc
1789 4717 1931 4771 dicta
1976 4717 2168 4775 fuere:
2203 4732 2248 4787 ι)

590 4820 784 4859 verunt
819 4820 964 4859 nunc
990 4818 1228 4873 quoque.
1261 4818 1356 4858 vos
1397 4806 1590 4867 horum
1621 4805 1919 4870 inStitores,
1965 4810 2167 4876 audite,

591 4900 683 4968 ῳιί
707 4912 803 4951 ceu
830 4906 1033 4957 vestes.
1059 4895 1287 4951 subimle
1312 4911 1509 4951 uxores
1534 4899 1879 4968 ntntatis;qni
1906 4900 2172 4959 thalamos

595 4999 705 5041 tant
746 5001 889 5057 saepe
916 5000 981 5041 ac
1035 4985 1197 5039 facile
1246 4992 1409 5053 atque
1452 4985 1815 5041 nundinarum
1862 4988 2170 5043 tabernulas

594 5080 835 5147 stt-uitis;
884 5078 975 5148 qui
1026 5078 1204 5132 dotem
1250 5092 1314 5132 ac
1347 5078 1484 5132 bona
1531 5076 1753 5143 ducitis,
1809 5080 2172 5152 conjugesque

594 5173 663 5223 ad
709 5181 976 5241 quaestum
1025 5184 1090 5224 ac
1139 5170 1562 5240 negotiationem
1613 5168 1863 5236 habetis:
1937 5173 2022 5241 qui
2068 5172 2171 5227 levi

597 5265 778 5318 Slnlittt
810 5264 1127 5328 oliensione,
1162 5262 1366 5332 repudii
1404 5262 1639 5317 libellum
1669 5263 2051 5328 conscriltitis;
2082 5266 2172 5332 qui

600 5352 653 5407 in
681 5352 818 5406 vivis
852 5353 1115 5407 hactenus
1143 5360 1385 5423 agentes,
1414 5352 1601 5405 viduas
1628 5350 1812 5420 plures
1846 5350 2172 5421 relinquitis.

602 5443 716 5497 lloc
746 5458 874 5498 vero
909 5454 1081 5498 ratmn
1116 5459 1180 5499 ac
1208 5445 1433 5499 omnino
1471 5457 1788 5513 persuasum
1832 5442 2025 5498 habete
2051 5462 2064 5498 :
2091 5457 2180 5496 ex-

600 5531 775 5604 ceptis
809 5542 983 5588 morte
1008 5549 1071 5588 ac
1096 5533 1384 5599 adulterio,
1423 5533 1565 5586 nulla
1598 5547 1663 5586 ex
1697 5546 1862 5587 causa
1897 5532 2178 5585 matrimo-

674 5712 721 5747 "
756 5713 859 5769 lsa.
894 5729 1036 5779 )LIV,

1233 5715 1277 5746 “
1314 5706 1459 5768 Psal.
1488 5729 1541 5779 ν,
1574 5713 1661 5767 Η.
1738 5714 1781 5755 ⁷³
1806 5712 1935 5767 Luc.
1967 5727 2122 5779 xxttt,
2154 5714 2244 5770 27.

2358 4711 2584 4785 Ἐλέχθη
2619 4713 2716 4784 μὲν
2748 4710 2918 4766 ταῦτα
2940 4714 3052 4775 τοίς
3077 4711 3391 4785 Φαρισαίοις
3418 4711 3560 4766 τότεο
3582 4710 3869 4767 ἀκούσατε

2269 4807 2328 4861 δὲ
2348 4805 2468 4869 νῦν,
2495 4807 2544 4858 οἱ
2569 4804 2773 4860 τούτων
2804 4804 3061 4876 κάπηλοι,
3081 4806 3176 4858 καὶ
3199 4805 3299 4869 τάς
3325 4806 3609 4873 γυναῖκας.
3633 4803 3712 4868 ὡς
3732 4805 3872 4876 ἱμά-

2270 4917 2383 4962 τια,
2414 4896 2650 4959 εὐκόλως
2679 4896 3121 4967 μετενδυόμενοι·
3154 4898 3203 4950 οἱ
3229 4897 3330 4961 τάς
3356 4896 3635 4959 παστάδας
3656 4896 3870 4951 πολλάο

2272 5007 2361 5054 κις
2387 4989 2481 5042 καὶ
2503 4987 2701 5060 ῥᾳδίως
2732 4988 3058 5059 πηγνύντες,
3085 4989 3162 5053 ὡς
3194 4988 3557 5061 πανηγύρεως
3585 4989 3868 5060 ἔργαστή-

2278 5097 2404 5153 ρια*
2443 5081 2493 5133 οἱ
2536 5080 2633 5144 τὰς
2664 5081 2925 5153 εὐπορίας
2966 5081 3302 5153 γαμοῦντες,
3336 5083 3431 5136 καὶ
3461 5082 3561 5145 τάς
3592 5082 3869 5150 γυναῖκας

2277 5171 2710 5243 ἐμπορευόμενοι
2731 5189 2745 5202 ο
2775 5174 2823 5225 οἱ
2856 5173 3051 5245 μικρὸν
3086 5172 3534 5245 παροξυνόμενοι,
3576 5174 3668 5226 καὶ
3694 5171 3869 5234 εὐθὺς

2271 5263 2332 5317 τὸ
2366 5262 2569 5334 βιϐλίον
2602 5264 2703 5335 τῆς
2735 5265 3054 5337 διαιρέσεως
3080 5267 3414 5337 γράφοντες·
3449 5266 3500 5320 oi
3524 5264 3728 5329 πολλὰς
3758 5266 3873 5336 χή·

2277 5373 2377 5426 ρας
2405 5357 2464 5410 ἐν
2495 5355 2573 5427 τῷ
2618 5356 2718 5428 ζῇν
2755 5357 2836 5410 ἔτι
2871 5357 3400 5429 καταλιμπάνοντες.
3454 5357 3746 5431 Πείσθητε,
3778 5360 3873 5412 ὅτι

2274 5447 2455 5519 γάμος
2507 5449 2723 5521 θανάτῳ
2778 5451 2925 5521 μόνῳ
2965 5451 3058 5504 καὶ
3112 5449 3328 5522 μοιχείᾳ.
3367 5449 3742 5512 διακόπτεται.
3783 5450 3872 5506 Οὐ

2278 5539 2410 5611 γάρ,
2442 5537 2631 5611 ὥσπερ
2657 5542 2748 5595 ἐπὶ
2776 5542 2884 5595 τῶν
2919 5544 3222 5615 ἑταιρίδων,
3265 5544 3446 5614 ὀλίγος
3472 5545 3698 5618 ἡμερῶν
3733 5547 3874 5621 ἀριο
