4048 6194
476 282 577 339 9ῧὶ

1762 266 1821 323 S.
1861 263 2139 320 ASTERII
2179 262 2489 320 AMASENI

3655 249 3768 304 ’ΣΞέ

480 413 612 466 riter
635 424 699 464 ae
729 400 979 461 miserias
1020 395 1251 466 fugiunt.
1281 388 1409 444 Sola
1437 384 1679 440 adhazret
1716 396 1872 443 uxor,
1916 395 2073 448 aegra:

2202 380 2271 433 τοῦ
2297 377 2581 440 νοσοῦντος
2606 375 2807 447 μέρους
2835 373 2896 426 τὸ
2922 369 3104 442 μέλος,
3125 369 3219 423 καὶ
3244 384 3350 422 των
3374 364 3560 419 κακῶν
3579 362 3767 435 δούλη.

477 501 647 573 partis
695 495 1019 556 membrum,
1072 499 1125 542 et
1155 487 1209 540 in
1245 480 1403 537 malis
1463 490 1622 531 serva
1678 487 1744 527 ac
1791 471 2066 533 ministra,

478 562 774 664 maritique
804 589 1018 644 addicta
1044 578 1329 649 obsequio,
1351 574 1621 643 lacrymas
1646 565 1939 632 abstergit;
1965 562 2073 634 pla-

478 701 574 759 gas
605 700 668 739 ac
683 651 945 747 .verbeta,
977 677 1022 732 si
1049 689 1171 745 qua:
1210 669 1287 725 illi
1334 661 1587 735 imposita
1619 659 1750 719 sint,
1778 664 1935 710 curat
1965 670 1980 718 ;
2023 651 2070 705 si

480 780 549 834 ad
598 789 879 831 carcerem
928 768 1166 832 ducitur,
1208 763 1451 818 adhaeret
1489 769 1707 819 comes;
1756 765 1820 805 ac
1871 750 1917 804 si
1951 747 2074 817 quis

481 876 787 942 ingressum
837 865 1068 921 liberum
1116 858 1338 923 fecerit,
1389 853 1624 908 libenter
1674 859 1782 901 una
1834 858 1957 898 cum
2009 854 2075 894 eo

484 933 987 1025 coincluditur:sin
1039 956 1091 1011 id
1148 952 1507 1024 prohibetur,
1571 942 1717 998 sicut
1786 933 2075 991 familiaris

488 1062 620 1115 hero
651 1052 900 1117 catellus,
924 1048 989 1102 ad
1020 1042 1261 1100 carceris
1289 1039 1515 1109 januam
1549 1030 1775 1088 assidet.

554 1147 689 1205 Novi
740 1160 839 1214 ego
866 1142 1178 1198 mulierem,
1226 1147 1369 1202 quae,
1409 1137 1622 1181 attonsa
1660 1134 1838 1181 coma,
1871 1122 2077 1169 vestem

489 1243 729 1304 virilem,
770 1247 1000 1304 eamque
1027 1228 1300 1292 ﬂoridam,
1340 1220 1536 1284 induit,
1578 1227 1637 1271 ut
1678 1227 1745 1269 ne
1774 1213 1952 1266 virum
1996 1207 2078 1259 fu-

492 1338 733 1406 gientem
780 1303 1146 1392 latentemqne
1185 1321 1439 1374 deserere
1490 1317 1797 1381 cogeretur.
1835 1303 1909 1358 lta
1955 1314 2079 1356 cum

492 1426 819 1483 servitutem
874 1416 1081 1475 servire
1127 1413 1395 1474 videatur,
1450 1401 1663 1459 aﬂ‘ectui
1712 1411 1840 1452 vere
1872 1392 2077 1449 servit:

494 1523 658 1589 inque
686 1532 752 1571 eo
791 1512 915 1566 vita:
958 1521 1157 1579 genere
1189 1504 1387 1559 multos
1431 1495 1609 1566 exegit
1661 1505 1856 1553 annos,
1905 1486 2081 1541 locum

493 1577 709 1667 ein-loco
733 1577 1062 1670 mutans,_ac
1088 1595 1434 1653 solitudinem
1465 1605 1530 1643 ex
1554 1585 1866 1643 solitudine.
1893 1577 2082 1634 Talem

495 1708 662 1764 etiam
705 1696 1087 1773 patientissimi
1114 1692 1235 1749 Jobi
1270 1688 1574 1760 reperimus
1599 1679 1908 1750 coniugem.
1948 1673 2083 1728 Nam

2171 473 2265 525 καὶ
2294 471 2392 541 τῆς
2424 468 2519 522 τοῦ
2553 467 2746 537 ἀνδρὸς
2773 464 3073 537 θεραπείας
3093 481 3105 496 ο
3127 460 3189 515 τὺ
3213 460 3450 531 δάκρυον
3477 456 3765 527 amoti/630w

2173 563 2271 636 τὴν
2318 560 2570 632 πληγὴν,
2617 559 2683 613 ἂν
2726 556 3033 629 μαστιχθῇ,
3074 550 3491 626 θεραπεύουσα’
3543 549 3772 603 ἀκολου-

2175 655 2346 709 θοῦσα
2383 654 2521 725 πρὸς
2550 650 2926 722 δεσμωτήριον
2971 645 3257 717 ἀγομένῳ⁶
3284 642 3386 698 κᾶν
3414 641 3516 715 μέν
3542 659 3627 705 τις
3654 642 3770 711 ἀφῇ

2176 745 2563 810 συνεισελθεῖν,
2600 743 2771 815 ἡδέως
2802 741 2901 813 τῆς
2934 736 3271 810 καθείρξεως
3303 736 3581 790 κοινωνεῖ·
3615 734 3683 787 ἂν
3715 732 3774 786 δὲ

2177 838 2394 912 κωλυθῇ
2422 839 2517 893 καὶ
2537 837 2717 899 τοῦτο.
2747 838 2871 898 ταῖς
2906 833 3100 905 θύραις
3137 830 3232 885 τοῦ
3260 828 3661 901 δεσμωτηρίου,
3696 826 3776 891 ὡς

2179 934 2416 988 κυνίδιον
2446 931 2526 1004 τῷ
2556 929 2796 1002 δεσπότῃ
2826 927 3079 999 σύνηθες,
3115 923 3445 996 παραμένει.

2254 1108 2468 1177 Ἕγνων
2497 1105 2608 1178 ἐγὼ
2636 1107 2895 1176 γυναῖκα,
2927 1104 3023 1158 καὶ
3043 1104 3142 1177 τὴν
3166 1104 3346 1175 κόμην
3370 1102 3657 1175 κείρασαν,
3679 1098 3780 1153 καὶ

2181 1201 2441 1273 ἀνδρικὴν
2474 1199 2843 1272 περιθεμένην
2872 1198 3077 1268 ἐσθῆτα
3097 1237 3112 1261 ,
3140 1198 3235 1250 καὶ
3262 1198 3470 1268 ταύτην
3496 1193 3776 1267 ἁνθεινὴν,

2182 1294 2270 1348 ἵνα
2292 1294 2487 1366 ἀνδρὸς
2516 1292 2810 1364 φεύγοντος
2841 1294 2937 1345 xui.
2969 1291 3359 1362 κρυπτομένου
3395 1288 3469 1361 μὴ
3506 1289 3776 1362 χωρισθῇ.

2184 1386 2381 1451 Δοῦλος
2412 1386 2470 1441 δὲ
2498 1383 2637 1440 εἶναι
2661 1383 2912 1447 δοκοῦσα,
2949 1383 3166 1455 ἀληθῶς
3201 1382 3443 1436 δουλεύει
3481 1380 3558 1453 τῷ
3590 1381 3744 1452 πόθῳ
3764 1397 3779 1412 ·

2184 1481 2279 1534 καὶ
2312 1478 2498 1533 τοῦτον
2519 1479 2610 1532 τὸν
2644 1478 2757 1549 βίον
2792 1480 2850 1532 ὲν
2881 1477 3096 1540 πολλοῖς
3127 1475 3306 1529 ἔτεσιν
3334 1474 3656 1539 διετέλεσεν,
3688 1475 3782 1528 τό·

2162 1572 2288 1626 ’πον
2319 1573 2384 1625 ἐκ
2412 1570 2579 1625 τόπου
2602 1609 2616 1633 ,
2663 1569 2759 1623 καὶ
2793 1567 3029 1641 ἐρημίαν
3076 1564 3137 1632 ἐξ
3181 1565 3417 1638 ἐρημίας
3450 1564 3780 1636 ἀμείϐουσα.

2189 1665 2463 1735 Τοιαύτην
2495 1663 2551 1717 δὲ
2585 1662 2681 1716 καὶ
2706 1661 2801 1715 τοῦ
2831 1660 3254 1733 καρτερωτάτου
3303 1658 3424 1712 Ἰὼϐ
3452 1658 3786 1729 εὑρίσκομεν

500 1750 662 1764 ...η-..-
706 1750 1003 1773 ,.---.---_.__,
1332 1750 1345 1760 _

500 1809 556 1854 et
600 1797 750 1851 illum
799 1789 1041 1848 universi
1077 1789 1460 1848 deseruerunt,
1494 1789 1709 1845 unaque
1742 1786 1865 1826 cum
1894 1767 2088 1838 opibus

2202 1756 2288 1827 τὴν
2314 1758 2574 1824 γυναῖκα.
2600 1753 2915 1808 Κατέλιπον
2942 1753 3052 1825 γὰρ
3081 1753 3332 1806 κάκεῖνον
3355 1753 3402 1804 οἱ
3437 1751 3659 1814 πάντες,
3689 1750 3787 1802 καὶ

495 1889 807 1944 adulatores
854 1882 1222 1940 defluxerunt,
1273 1889 1337 1928 ac
1408 1868 1569 1925 amici
1624 1864 1786 1919 rebus
1835 1855 2090 1915 secundis

500 1986 800 2042 amicitiam
831 1980 1192 2036 aestimarunt.
1224 1968 1377 2038 Quod
1411 1966 1458 2021 si
1498 1961 1714 2035 quando
1748 1958 1911 2014 etiam
1942 1952 2092 2008 adie-

501 2087 666 2144 runt,
727 2088 917 2133 eorum
975 2065 1265 2140 przesentia
1323 2055 1663 2115 contumeliae
1710 2064 1873 2121 quam
1915 2042 2091 2100 oﬂicio

505 2170 767 2242 propior,
832 2160 1093 2233 augenda:
1147 2155 1320 2226 magis
1377 2162 1635 2205 a-rutnna:
1682 2157 1844 2214 quam
1898 2135 2093 2194 solatio

505 2234 699 2316 fuit‘".
737 2255 893 2314 Unde
928 2254 1094 2310 etiam
1143 2249 1234 2320 qui
1286 2242 1547 2300 malorum
1598 2234 1966 2293 consolatores
2002 2242 2107 2283 ac-

503 2363 804 2418 cesserant,
853 2347 951 2406 toti
997 2347 1050 2401 in
1096 2358 1219 2399 eum
1249 2335 1511 2408 indignati
1531 2338 1662 2388 sunt‘
1681 2329 1818 2400 (3‘2),
1857 2340 1922 2380 ac
1965 2336 2096 2394 que-

505 2449 610 2504 ruli
660 2446 1090 2503 conclamarunt.
1111 2435 1235 2491 Sola
1275 2440 1453 2486 autem
1493 2427 1607 2481 hinc
1638 2421 1795 2494 paulo
1820 2426 1947 2473 ante
1976 2415 2097 2470 illu-

508 2542 641 2596 stris
666 2553 728 2592 ac
757 2538 927 2595 clara,
957 2534 1008 2587 in
1042 2525 1388 2598 sterquilinio
1421 2520 1618 2576 marito
1657 2513 1955 2576 assidebat,
2004 2525 2095 2565 sa-

510 2633 764 2697 niemque
803 2640 868 2679 ac
895 2625 1074 2676 tabem
1121 2620 1465 2687 abstergens,
1503 2625 1534 2666 e
1568 2605 1745 2679 plagis
1773 2616 1988 2659 vermes
2010 2615 2099 2655 cx-

512 2693 801 2787 trahebat;
838 2729 967 2770 vere
1008 2712 1099 2766 illa
1127 2708 1346 2781 quidem
1377 2705 1503 2759 vita:
1528 2700 1699 2769 socia,
1731 2714 1839 2753 non
1870 2693 2097 2750 felicita-

514 2816 584 2870 tis
614 2806 1059 2869 contubernalis;
1108 2799 1399 2856 individua:
1435 2795 1635 2850 cultrix
1673 2787 1948 2850 amicitiar,
1988 2798 2094 2838 non

510 2900 839 2961 assentatrix
877 2894 1293 2962 aﬂ'ectatrixque
1320 2888 1693 2958 voluptatum;
1746 2895 1913 2936 unum
1951 2876 2100 2932 deni-

512 3010 623 3067 que
661 2993 729 3048 de
780 2998 930 3044 tanta
982 2984 1235 3046 fortuna,
1277 2994 1342 3055 ac
1393 2987 1507 3032 tota
1551 2969 1991 3030 charissimorum
2033 2977 2099 3017 ac

512 3056 870 3157 cognatorum
921 3078 1151 3135 cohorte
1182 3072 1452 3141 reliquum
1481 3067 1675 3121 marito
1706 3064 1929 3118 bonum.
1960 3056 2098 3125 Quo-
2126 3097 2169 3152 ο

511 3148 659 3234 circa
687 3192 754 3232 ex
786 3172 955 3227 nimio
981 3166 1227 3238 coniugis
1252 3176 1438 3218 amore
1466 3160 1519 3215 in
1545 3154 1893 3225 blasphemiae
1919 3148 2099 3207 scelus

515 3270 768 3339 prolapsa
807 3274 915 3328 est,
938 3272 997 3316 ut
1035 3261 1319 3321 nimirum,
1354 3270 1423 3309 ne
1457 3252 1660 3307 diutius
1705 3247 1795 3303 ille
1825 3242 2105 3300 conﬂicta-

516 3336 690 3422 retur,
725 3358 952 3427 ipsaque
985 3354 1039 3407 in
1072 3348 1345 3414 continuis
1384 3360 1507 3400 eum
1550 3340 1830 3396 doloribus
1872 3336 2103 3400 videret,

517 3450 871 3523 blasphemia:
916 3446 1144 3500 verbum
1201 3437 1416 3510 aliquod
1473 3434 1524 3490 in
1582 3432 1751 3486 Deum
1806 3428 1984 3499 loqui,
2039 3440 2104 3479 ac

518 3522 745 3613 mortem
787 3537 1117 3600 accelerare,
1171 3530 1423 3587 suaderet
1446 3527 1517 3582 ⁸⁸.
1556 3522 1680 3579 Sua:
1720 3533 1955 3589 namque
2005 3532 2097 3573 se-

516 3650 646 3692 cura
702 3629 979 3688 viduitatis
1022 3643 1085 3682 ac
1140 3622 1469 3685 solitudinis,
1504 3635 1667 3673 unum
1711 3615 1763 3670 id
1809 3614 2102 3684 cogitabat,

517 3728 970 3802 quemadmodum
999 3740 1031 3778 e
1055 3722 1164 3776 vita
1188 3735 1293 3775 non
1322 3716 1469 3772 vitali
1502 3714 1733 3770 maritus
1757 3712 1953 3766 exiret.
1980 3707 2106 3763 Ha’c

521 3823 647 3877 talia
691 3836 814 3875 cum
862 3824 1082 3873 recente
1128 3810 1489 3882 experientia,
1531 3807 1792 3863 memoria
1826 3813 1978 3859 vetus
2012 3803 2106 3858 ad-

529 3928 719 3968 versus
741 3924 838 3964 eos
867 3907 1046 3973 affert,
1074 3906 1166 3977 qui
1198 3918 1326 3974 erga
1356 3901 1613 3972 conjuges
1651 3896 1837 3967 injurii
1880 3904 2007 3951 sunt
2043 3908 2109 3950 ac

521 4003 715 4073 iniqui.

594 4094 734 4161 Quid
783 4107 947 4164 porro
997 4090 1157 4160 hujus
1199 4089 1449 4146 criminis
1502 4104 1627 4144 reus
1670 4087 1722 4143 in
1773 4080 2107 4141 contrarium

523 4184 891 4256 respondeat?
937 4181 1110 4249 Quam
1152 4182 1346 4236 saltem
1402 4181 1707 4250 speciosam
1737 4178 1972 4232 levitatis
1998 4189 2109 4229 sua

523 4280 896 4335 defensionem
920 4274 1201 4347 proferet?
1232 4273 1454 4336 Malum,
1483 4272 1580 4336 ait,
1612 4270 1969 4338 odiosumque
1992 4282 2110 4320 mu-

526 4372 677 4427 lieris
726 4370 1024 4439 ingenium,
1063 4366 1242 4434 lingua
1276 4362 1563 4418 temeraria
1596 4376 1661 4416 ec
1689 4372 1961 4430 praeceps;
1996 4372 2110 4411 rno-

2192 1852 2241 1904 οί
2275 1849 2505 1912 κόλακες
2532 1848 2611 1921 τῷ
2651 1847 2866 1920 πλούτῳ
2915 1847 3401 1918 συναπερρύησαν·
3436 1845 3531 1899 καὶ
3560 1846 3608 1897 οἱ
3640 1843 3784 1912 utitor

2192 1940 2271 2011 τῷ
2296 1939 2486 2012 ίκαιρῷ
2512 1939 2610 2010 τῆς
2645 1939 2952 2011 εὐπραγίας
2992 1940 3091 2010 τὴν
3131 1937 3312 2008 φιλίαν
3343 1936 3676 2008 ἐμέτρησαν.
3723 1935 3785 1989 Εἰ

2193 2032 2252 2087 δέ
2281 2049 2384 2085 που
2419 2031 2516 2085 καὶ
2550 2031 2936 2104 παρεγένοντο,
2966 2030 3167 2095 ὄνειδος
3195 2025 3264 2101 ἦν
3294 2031 3327 2101 ἡ
3361 2028 3657 2100 παρουσία,
3690 2026 3788 2093 καὶ

2194 2125 2297 2179 οὐκ
2337 2124 2656 2194 ἐπίσκεψις·
2689 2123 2930 2196 ἐπιθήκη
2961 2124 3059 2193 τῆς
3090 2123 3399 2194 συμφορᾶς,
3429 2121 3490 2174 οὐ
3528 2138 3791 2193 παραμυ-

2197 2216 2308 2271 θία.
2361 2215 2454 2270 Διὸ
2510 2217 2574 2288 δὴ
2624 2215 2718 2270 καὶ
2767 2217 2816 2269 οἱ
2857 2215 3279 2287 παρακλήτορες
3329 2213 3516 2268 κακῶν
3585 2213 3792 2277 πάντες

2198 2308 2333 2380 πρὸς
2371 2307 2582 2361 ἐκείνου
2619 2307 3086 2377 ἀπεσχετλίασαν·
3128 2307 3262 2379 μόνη
3295 2307 3352 2361 δὲ
3390 2308 3423 2376 ή
3453 2305 3585 2358 ποτὲ
3626 2322 3791 2377 περι-

2200 2400 2373 2472 φανὴς
2430 2400 2524 2453 ἐπὶ
2556 2398 2657 2469 τῆς
2694 2399 2927 2472 κοπρίας
2967 2399 3045 2472 τῷ
3072 2399 3227 2471 ἀνδρὶ
3254 2396 3612 2469 συνεκάόητο,
3653 2397 3794 2450 ἀποο

2200 2492 2397 2559 ξέουσα
2434 2493 2525 2546 τὸν
2562 2491 2755 2563 ἰχῶρα,
2792 2491 2886 2544 καὶ
2906 2491 3033 2555 τοὺς
3074 2488 3367 2557 σκώληκας
3393 2489 3503 2543 τῶν
3532 2486 3788 2560 τραυμά-

2199 2605 2307 2641 των
2338 2584 2652 2650 ἐξέλκουσα.
2677 2582 2865 2647 Οὕτως
2894 2583 2989 2636 τοῦ
3026 2582 3140 2654 βίου
3171 2583 3447 2646 κοινωνὸς,
3481 2583 3543 2636 οὐ
3570 2583 3672 2653 τῆς
3695 2581 3790 2635 εὐ-

2201 2677 2443 2748 πραγίας
2492 2676 2774 2739 σύνοικοςο
2811 2675 3114 2748 ἀχώριστος
3147 2675 3333 2746 φίλος,
3368 2676 3429 2727 οὐ
3472 2673 3638 2738 κόλαξ
3678 2672 3789 2726 τῶν

2200 2768 2434 2839 ἡδονῶν·
2466 2770 2649 2838 πάσης
2687 2769 2986 2841 εὐκληρίας
3017 2769 3110 2823 καὶ
3138 2770 3356 2823 πάντων
3388 2767 3661 2839 φιλτάτων
3693 2765 3792 2819 καὶ

2203 2859 2483 2929 συγγενῶν
2535 2861 2695 2931 μόνον
2746 2862 2950 2929 ἀγαθὸν
3005 2862 3276 2932 λείψανον.
3323 2861 3522 2933 Διόπερ
3570 2862 3634 2914 ὲκ
3688 2859 3791 2930 τῆς

2201 2952 2377 3025 ἄκρας
2406 2953 2500 3005 καὶ
2529 2952 2653 3005 καθ’
2681 2953 2990 3032 ὑπερϐολξν
3029 2955 3368 3027 φιλανδρίας,
3403 2955 3498 3007 καὶ
3529 2953 3666 3025 πρὸς
3692 2953 3795 3023 τὴν

2202 3044 2479 3116 ἁμαρτίαν
2513 3042 2610 3113 τῆς
2655 3042 3005 3116 βλασφημίας
3036 3047 3314 3113 ἐξέπεσεν,
3365 3048 3451 3100 ἵνα
3481 3046 3556 3118 μὴ
3601 3044 3796 3117 μακρά

2206 3132 2501 3206 κολάζηται
2525 3140 2552 3191 ό
2575 3138 2677 3210 ἁνὴ
2686 3156 2734 3211 ρ,
2768 3140 2901 3212 μηδὲ
2927 3139 3100 3213 βλέπῃ
3124 3140 3284 3193 αὐτὸν
3308 3141 3364 3192 ὲν
3386 3142 3506 3201 ταῖς
3534 3138 3793 3209 ἀλήκτοις

2206 3228 2442 3293 ὀδύναις,
2467 3231 2642 3283 εἰπεῖν
2665 3248 2719 3284 τι
2751 3232 2904 3303 ρῆμα
2928 3231 3248 3302 βλάσφημον
3280 3234 3358 3295 εἰς
3388 3231 3520 3284 Θεὸν
3553 3231 3797 3302 συμῦου-

2205 3322 2461 3386 λεύουσα,
2487 3325 2580 3377 καὶ
2608 3327 2831 3396 ταχεῖαν
2851 3324 2949 3396 την
2967 3324 3226 3392 τελευτὴν
3250 3325 3503 3378 ὑπελθεῖν
3548 3325 3659 3396 Τὴν
3682 3325 3796 3394 γὰρ

2210 3412 2346 3467 ίὸίαν
2383 3413 2567 3468 λοιπὸν
2603 3415 2890 3487 συμφορὰν
2934 3414 3033 3486 τὴν
3080 3416 3176 3486 τῆς
3215 3415 3443 3487 χηρείας
3480 3414 3579 3467 οὐκ
3617 3412 3798 3482 ὲλόγι-

2209 3503 2360 3569 ζετο·
2394 3504 2451 3558 ἓν
2476 3505 2531 3559 δὲ
2566 3506 2724 3576 μόνον
2752 3506 3044 3578 ἐμερίμνα,
3075 3507 3221 3570 ὅπως
3252 3505 3350 3577 τὴν
3378 3504 3610 3559 ἀϐίωτον
3647 3503 3795 3573 ζωὴ-ι

2206 3598 2234 3650 ό
2262 3597 2402 3669 ἀνὴρ
2429 3597 2704 3668 διαφύγοι.
2740 3598 2928 3653 Ταῦτα
2959 3597 3099 3670 μετά
3126 3598 3226 3667 τῆς
3258 3598 3381 3660 νέας
3413 3597 3605 3667 π-ίρας
3636 3596 3732 3648 καὶ
3761 3596 3797 3664 ἡ

2211 3690 2398 3761 μνήμη
2422 3688 2531 3743 τῶν
2572 3688 2820 3743 παλαιῶν
2852 3688 3098 3743 παιδεύει
3132 3690 3222 3743 τὸν
3259 3686 3368 3741 τῶν
3412 3687 3606 3757 γάμων
3640 3683 3805 3756 ὐ6ρ.-

2210 3786 2362 3857 στήν.

2283 4071 2349 4124 Τί
2405 4071 2450 4125 δ’
2505 4072 2571 4127 ἂν
2617 4074 2760 4126 εἴποι
2818 4072 2955 4143 πρὸς
3006 4071 3181 4125 ταῦτα
3237 4072 3267 4124 ό
3317 4068 3416 4141 τῆς
3462 4066 3804 4139 κατηγορίας

2211 4163 2547 4229 ὑπεύθυνοςς
2573 4165 2742 4219 Ποίαν
2764 4165 2821 4217 δὲ
2847 4165 3204 4237 εὐπρόσωπον
3232 4163 3531 4233 ἀπολογίαν
3557 4162 3657 4231 τῆς
3684 4162 3808 4219 ἑαυ-

2209 4255 2303 4309 τοῦ
2349 4256 2601 4320 εὐκολίας
2647 4256 3038 4328 προϐάλλοιτο;
3072 4254 3296 4318 Φαῦλον⁹
3340 4254 3538 4324 φησὶν,
3576 4252 3672 4305 καὶ
3715 4252 3810 4322 μί-

2215 4363 2341 4411 σους
2362 4346 2509 4413 ἄξιον
2543 4347 2603 4400 τὸ
2630 4342 2761 4417 ἦθος
2787 4348 2882 4418 τῆς
2910 4346 3168 4418 γυναικὸς
3187 4387 3201 4412 ,
3234 4346 3330 4399 καὶ
3355 4347 3388 4417 ἡ
3417 4344 3639 4415 γλῶσσα
3670 4362 3808 4414 προε

524 4477 615 4518 res
645 4476 676 4514 a
719 4461 879 4514 domo
928 4457 1201 4524 rebusque
1246 4452 1561 4508 domesticis
1605 4448 1792 4509 alieni.
1839 4461 1940 4500 nec
1988 4445 2098 4514 ipsa

2213 4441 2405 4512 πετὴς,
2432 4441 2524 4494 καὶ
2552 4443 2580 4493 ὁ
2602 4441 2803 4513 τρόπος
2829 4442 2930 4495 οὐκ
2961 4441 3229 4514 οἰκουρὸς,
3259 4441 3353 4494 καὶ
3379 4439 3809 4510 ἀνοικονόμητος

529 4555 667 4607 bona
706 4561 798 4603 aut
835 4547 977 4615 frugi
1028 4546 1104 4600 rei
1149 4543 1438 4599 familiaris
1489 4539 1940 4596 administratrix.
1991 4537 2113 4591 Sint

530 4645 646 4699 haec
693 4643 765 4695 ita
799 4654 954 4703 sane,
995 4634 1307 4707 persuaderi
1347 4636 1521 4687 adhuc
1553 4632 1682 4685 mihi
1721 4629 1917 4700 patior,
1950 4628 2115 4681 dicta-

526 4754 633 4810 que
671 4733 901 4804 accipio,
933 4733 1075 4787 sicut
1116 4745 1256 4783 unus
1297 4743 1485 4783 eorum
1523 4724 1766 4794 judicum
1800 4722 1890 4791 qui
1922 4735 2110 4790 parum

527 4829 864 4901 exploratam
922 4840 1107 4879 aurem
1160 4821 1382 4885 habent,
1431 4835 1496 4875 ac
1546 4816 1701 4871 facile
1731 4824 2110 4870 accusatorum

532 4917 990 4978 insectationibus
1036 4912 1333 4969 transversi
1373 4910 1680 4979 rapiuntur.
1715 4907 1797 4962 Tu
1842 4922 1970 4960 vero
1994 4905 2103 4970 dic,

528 5013 756 5070 obsecro
784 5028 798 5066 :
824 5008 958 5065 Cum
981 5021 1100 5062 eam
1133 5004 1285 5059 initio
1309 5005 1558 5067 duceres,
1587 5017 1655 5057 au
1699 5000 1983 5055 nesciebas
2006 4997 2108 5051 ho-

532 5107 663 5162 tnini
697 5116 750 5160 te
786 5100 1080 5171 conjungi?
1120 5097 1402 5152 Hominem
1448 5107 1628 5150 autem
1672 5109 1795 5150 cuin
1850 5093 1974 5161 qttis
2014 5105 2115 5142 auo

530 5202 632 5267 dit,
686 5214 790 5252 non
837 5194 1024 5250 Statim
1076 5199 1358 5262 peccatum
1416 5190 1695 5242 adhaerere
1743 5200 1807 5238 ac
1853 5182 2114 5252 consequi

601 5351 648 5383 "’
678 5348 778 5405 Job
808 5363 916 5408 xvr,
941 5346 997 5401 2.
1073 5345 1119 5377 ⁸ο
1160 5341 1258 5398 Job
1280 5358 1341 5404 ll,
1364 5341 1418 5398 9.

609 5478 722 5559 (3‘2)
751 5486 865 5559 Tot:
894 5482 950 5540 in
987 5502 1107 5559 eum
1138 5483 1398 5559 indignati
1420 5490 1563 5545 sunt,
1588 5487 1718 5539 εις..
1746 5475 1950 5559 παντες
1973 5475 2111 5559 πρὸς

534 5548 745 5615 ἐκείνου
785 5548 1469 5627 ἀπεσχετλίασαν.’Μηκέτι
1516 5568 1580 5605 ex
1636 5558 1746 5627 toto
1791 5550 1929 5601 libro
1972 5548 2108 5612 Job,

539 5647 647 5701 quo
679 5630 837 5682 amici
898 5620 1155 5701 tanquam
1200 5620 1465 5701 scelertnn
1513 5620 1882 5701 exsolveutet‘n
1924 5633 2113 5697 poenas

544 5687 779 5757 amicum
836 5687 1116 5765 exagitant
1173 5696 1354 5763 specie
1425 5689 1764 5765 consolandi.
1821 5687 2116 5755 Scripserit

542 5774 681 5829 forte
711 5759 968 5825 Asterius
977 5765 1114 5839 πρὸς
1148 5759 1384 5818 ἐκεῖνον·
1420 5773 1478 5817 ut
1513 5763 1702 5816 vicina:
1734 5760 1926 5815 litterae
1958 5759 2116 5813 facile

2208 4535 2241 4606 ἡ
2277 4532 2567 4604 διοίκησις.
2626 4535 2841 4588 Ἔστω·
2878 4535 3126 4590 διδόσθω.
3172 4534 3439 4606 Πείθομαι
3480 4532 3615 4596 τέως
3639 4573 3653 4597 ,
3707 4532 3811 4584 καὶ

2208 4626 2458 4698 δέχομαι,
2493 4628 2569 4691 ὠς
2606 4630 2656 4681 οἱ
2704 4628 2779 4700 μὴ
2835 4628 3039 4700 σφόδρα
3091 4628 3187 4699 τὴν
3222 4627 3394 4698 ἀκοὴν
3444 4624 3695 4697 ἀκριϐεῖς
3727 4623 3813 4677 δι-

2211 4720 2444 4778 κασταὶ,
2479 4719 2717 4783 εὐκόλως
2765 4720 2823 4772 δὲ
2859 4722 2979 4783 ταῖς
3009 4718 3383 4790 καταδρομαῖς
3428 4716 3536 4769 τῶν
3569 4714 3816 4784 κατηγό-

2221 4828 2328 4883 ρων
2356 4813 2822 4885 παρασυρόμενοι.
2854 4813 2926 4865 Σὺ
2961 4811 3017 4864 δὲ
3049 4813 3170 4865 εἰπέ
3192 4829 3205 4840 ·
3240 4811 3353 4883 Τὴν
3396 4808 3570 4881 ἀρχὴν
3600 4807 3814 4878 ἀγόμε-

2214 4922 2305 4968 νος
2369 4906 2469 4958 ούκ
2500 4907 2795 4973 ἐγίνωσκες
2832 4905 2907 4969 ὡς
2933 4905 3208 4977 ἀνθρώπῳ
3239 4904 3521 4974 cavdam;
3568 4898 3815 4971 Ἀνθρὼ·

2218 5013 2320 5049 που
2342 4997 2397 5050 δέ
2423 5014 2505 5060 τις
2524 4997 2786 5058 ἀκούσας,
2812 4999 2911 5052 οὐκ
2942 4998 3102 5059 εὐθὺς
3125 5000 3225 5062 ὁρᾷ
3256 4998 3355 5061 τὴν
3378 4995 3505 5062 γοῦν
3531 4993 3816 5063 ἁμαρτίαν

2220 5090 2656 5156 ἁκολουθοῦσανς
2682 5091 2817 5144 Θεοῦ
2850 5091 2960 5163 γὰρ
2994 5091 3157 5163 μόνου
3184 5091 3245 5145 τὸ
3277 5091 3665 5159 ἀνεπίληπτον.
3700 5088 3816 5139 Αύ-

2222 5182 2314 5246 τὸς
2342 5183 2397 5237 δὲ
2428 5179 2538 5255 ἆρα
2569 5186 2672 5256 οὐχ
2698 5186 3076 5258 ἀμαρτόινεις;
3125 5187 3198 5239 Οὐ
3236 5184 3497 5257 παρέχεις
3532 5182 3589 5236 δὲ
3632 5180 3819 5245 λύπας

2220 5487 2624 5547 permutantur.
2662 5478 2838 5533 Minus
2893 5480 3021 5533 dicit
3077 5478 3369 5546 interpres,
3406 5491 3604 5547 coram,
3639 5492 3701 5529 eo
3728 5476 3819 5530 la-

2192 5546 2441 5605 Διηιεηιηιὶ
2476 5561 2622 5604 sunt.
2664 5550 2760 5604 Sic
2795 5552 2963 5612 enim,
2994 5564 3059 5602 ac
3086 5548 3207 5615 ejus
3248 5547 3497 5601 deflendo
3525 5546 3820 5599 calamita-

2225 5628 2333 5703 tem
2373 5624 2540 5689 probe
2554 5621 3072 5703 .COIlﬁolall'f1%S(‘lll,
3098 5622 3265 5703 juxta
3283 5620 3424 5687 quod
3458 5615 3658 5672 Paulus
3693 5618 3773 5671 ait
3799 5633 3821 5673 ς

2225 5680 2387 5745 Flere.
2408 5706 2525 5743 cum
2541 5690 2783 5760 ﬂentibus
2839 5680 3019 5761 (liam.
3052 5680 3150 5753 in,
3178 5680 3342 5761 l5):
