4034 6204
273 318 366 376 933

1366 313 1645 371 HOMILIA
1689 315 1752 374 ν.
1785 315 1856 372 IN

1960 315 2162 373 ATTll.
2208 313 2353 379 XIX,
2392 313 2447 368 3.
3403 327 3511 382 ρει

273 441 327 495 ἐκ
348 437 442 492 τοῦ
466 434 669 509 τρόπου
691 436 752 504 τῇ
776 431 1002 501 γυναικί
1014 449 1030 499 ;
1073 432 1272 497 Ἀθῶσς
1299 433 1356 486 δέ
1377 429 1428 488 εἷ
1450 434 1632 505 πάσης
1661 435 1838 507 πλημ-

1960 437 2177 508 εοείιειξ
2219 434 2430 506 Quippe
2473 431 2566 488 Dei
2617 432 2784 487 solius
2819 443 2920 500 est,
2971 445 3027 490 ut
3077 439 3203 493 nulli
3252 439 3420 512 culpae
3451 461 3516 501 ac

277 533 520 608 μελείας,
554 530 646 584 καὶ
675 531 738 599 τῇ
786 528 1097 597 συνοικήσει
1145 526 1233 580 τὸν
1267 526 1468 598 θεσμὸν
1499 530 1685 598 τηρεῐς
1719 527 1836 582 ἀδι-

272 626 538 697 άφθορονς
575 618 644 675 Ὠ
679 621 843 682 πόσας
877 635 973 671 σου
1007 618 1171 689 τυχὸν
1209 618 1492 691 παροινίας
1531 620 1761 690 ἤνεγκεν
1802 621 1837 692 ἡ

275 718 441 788 γυνήί
475 715 654 768 Πόσων
681 711 737 765 δὲ
768 710 1076 781 προχείρων
1114 709 1328 780 ὕϐρεων
1375 709 1470 763 καὶ
1506 709 1681 780 λόγων
1710 711 1840 765 ἀσέ·

277 824 418 880 μνων
457 802 735 874 ἠνέσχετοί
773 802 916 853 Ὅσα
959 799 1018 853 δέ
1060 816 1152 852 σου
1203 798 1558 871 ἐλαττώματα
1597 803 1836 870 σιγᾶται,

275 897 448 968 ἐπειδὴ
470 897 565 949 οὐκ
592 891 983 964 ἐδημοσίωσεν
1013 892 1048 962 ἠ
1075 891 1210 962 γυνή
1235 892 1247 944 !
1297 892 1585 962 Ἦνέσχετό
1618 909 1711 946 σου
1747 893 1842 946 καὶ

273 989 440 1059 μάτην
475 983 857 1059 ὀργιζομένου,
895 982 993 1036 καὶ
1024 981 1103 1053 τῷ
1142 980 1300 1052 θυμῷ
1325 983 1710 1055 ὑπερζέοντοςο
1746 985 1842 1036 καὶ

269 1085 299 1153 ἠ
329 1079 589 1150 ἐλευθέρα
631 1078 727 1131 καὶ
762 1075 1023 1147 ὁμότιμος
1063 1073 1370 1144 ἐσιώπησεν
1403 1075 1478 1138 ὠς
1514 1073 1677 1146 δούλη
1731 1073 1843 1128 τῶν

269 1177 326 1226 ἐκ
362 1169 742 1242 πωλητηρίον.
791 1167 903 1221 Καὶ
955 1166 1024 1220 τὰ
1079 1167 1354 1234 ἀναγκαῖα
1407 1166 1481 1236 μὴ
1517 1165 1843 1238 χορηγοῦντι

270 1264 393 1336 πρὸς
425 1263 526 1330 τὴν
554 1258 652 1313 τοῦ
685 1257 803 1329 βίου
833 1258 1162 1328 μεταγωγὴν
1197 1257 1287 1311 διὰ
1327 1258 1552 1321 πενίαν,
1579 1257 1611 1328 ἢ
1649 1258 1841 1326 φειδω-

271 1357 412 1419 λίαν,
466 1353 569 1406 οὺκ
630 1350 906 1404 ὠνείδισεν
958 1349 1303 1420 λυπουμένη’
1346 1349 1408 1402 ού
1459 1349 1566 1420 μὴν
1621 1349 1743 1402 οὐδὲ
1779 1349 1845 1401 ἐκ

269 1446 567 1518 συμποσίου
615 1441 836 1497 ἐλθόντα
868 1441 999 1495 ποτὲ
1034 1442 1127 1495 κα)⁵
1164 1440 1457 1511 οἰνωμένον
1485 1440 1578 1494 καὶ
1607 1439 1846 1510 ἔκφρονα

265 1536 569 1609 ἀπέρριψε,
616 1535 714 1605 τῆς
764 1533 938 1604 μέθης
997 1533 1310 1603 μισήσασαο
1372 1531 1508 1585 ἀλλὰ
1551 1529 1847 1595 ὑπεδέξατο

265 1630 397 1698 μετὰ
433 1625 772 1697 συγγνώμης
809 1625 1187 1697 ἀνθρωπικῆς,
1213 1625 1308 1677 καὶ
1342 1623 1754 1697 ἐχειραγώγησέ
1786 1641 1844 1677 σε

262 1724 347 1777 τὸν
376 1720 717 1783 κολάζοντα,
753 1721 846 1771 καὶ
878 1716 976 1788 τὴν
1016 1715 1260 1788 κεφαλὴν
1298 1715 1698 1786 ἐθεράπευσεν,
1733 1721 1847 1782 τοῖς

1943 529 2350 598 reprehensioni
2402 526 2670 582 obnoxius
2707 525 2798 581 sit.
2833 528 2914 582 Tu
2952 530 3065 597 ipse
3110 546 3176 586 ne
3220 533 3514 605 quidquam

1943 621 2172 692 peccas?
2227 620 2341 675 Non
2402 620 2642 679 morilms
2687 640 2751 679 ac
2795 624 3013 693 ingenio
3072 631 3162 677 tuo
3212 625 3514 681 molestiam

1943 714 2098 769 uxori
2147 713 2392 784 praebes?
2441 715 2522 768 Au
2566 715 2748 770 omnis
2786 715 3006 770 omnino
3044 730 3209 784 purus
3237 726 3292 770 et
3319 731 3516 787 expers

1941 804 2133 874 culpat,
2171 806 2500 859 matrimonii
2527 805 2698 877 legem
2725 805 3108 862 inviolabiliter
3135 808 3362 862 servas?
3383 808 3522 876 Quo-

1945 902 2050 954 ties
2080 899 2196 968 ipsa
2233 899 2371 953 forte
2410 914 2439 953 a
2475 901 2769 956 temulento
2803 900 3128 956 contumelia
3171 900 3361 956 alTecta
3398 904 3517 958 est!

1944 983 2118 1050 Quam
2169 985 2368 1039 multas
2420 1001 2486 1042 ac
2531 1003 2758 1057 magnas
2801 988 3060 1056 injurias;
3108 1006 3269 1060 quam
3303 991 3519 1063 indigna

1946 1075 2109 1129 verba
2142 1076 2430 1132 sustinuit!
2465 1079 2606 1144 Quot
2631 1089 2681 1134 et
2707 1091 2907 1151 quanta
2938 1090 3026 1135 tua
3053 1084 3182 1137 vitia
3211 1084 3263 1137 in
3288 1085 3522 1141 obscuro

1947 1173 2092 1229 sunt,
2149 1166 2405 1234 quoniam
2453 1184 2590 1223 uxor
2631 1185 2736 1225 non
2779 1171 2832 1225 in
2875 1171 3064 1243 vulgus
3109 1177 3335 1243 sparsit!
3373 1176 3525 1232 Tole-

1949 1254 2090 1306 ravit
2133 1253 2222 1308 illa
2269 1265 2474 1311 temere
2514 1266 2569 1312 et
2614 1259 2733 1314 sine
2777 1275 2940 1316 causa
2993 1261 3316 1319 irascentem
3362 1276 3524 1335 atque

1947 1349 2410 1418 debacchantem;
2459 1363 2514 1406 et
2567 1356 2816 1424 quamvis
2873 1355 3041 1412 libera
3095 1373 3161 1414 ac
3211 1359 3524 1427 dignatione

1948 1455 2070 1510 par,
2103 1443 2364 1496 conticuit
2395 1444 2532 1498 sicut
2561 1445 2755 1501 ancilla
2790 1448 2856 1501 de
2883 1447 3002 1502 l'oro
3027 1460 3228 1519 empta.
3265 1450 3524 1507 Necessa-

1947 1531 2027 1584 ria
2060 1532 2126 1586 ad
2161 1531 2324 1586 vitam
2350 1542 2406 1588 et
2436 1535 2635 1590 victum
2668 1537 2751 1592 vel
2785 1537 2985 1608 inopia,
3017 1540 3099 1594 vcl
3146 1543 3370 1597 avaritia
3417 1561 3522 1598 non

1948 1622 2335 1691 suppeditanti,
2386 1639 2695 1695 quanquam
2743 1643 2882 1698 a-gra
2930 1633 3147 1701 animo,
3202 1651 3307 1689 non
3353 1640 3524 1694 malc-

1948 1711 2120 1782 dixit:
2177 1724 2278 1767 nec
2331 1714 2643 1780 redeuntem
2677 1721 3024 1788 asymposio,
3072 1723 3198 1778 vino
3238 1736 3520 1781 oneratmn

262 1814 450 1882 ἀτμοῖς
478 1806 940 1880 περιδονουμένην
979 1807 1072 1860 τοῦ
1111 1806 1288 1859 οἴνου·
1324 1805 1605 1877 ὡδήγησεν
1645 1807 1702 1860 δὲ
1752 1808 1846 1860 ἐπὶ

1960 1818 2013 1858 ac
2059 1805 2444 1872 insanientem,
2504 1806 2786 1864 ebrietatis
2828 1812 2954 1866 odio
3007 1830 3111 1867 non
3165 1818 3381 1873 admisit
3430 1832 3524 1872 aut

263 1904 357 1976 τὴν
387 1903 578 1973 κοίτην
605 1899 706 1970 τὴν
739 1899 1008 1968 γαμικὴν,
1047 1897 1185 1970 μόνη
1217 1897 1599 1970 συμπαθοῦσα,
1635 1897 1742 1951 τῶν
1774 1901 1844 1953 οἱ·

265 1996 432 2049 κετῶν
456 1991 745 2064 γελώντων
776 1992 870 2044 καὶ
897 1981 1361 2060 ἐπιχλευαζόντων
1399 1990 1496 2060 τὴν
1521 1991 1586 2043 ἐκ
1615 1991 1716 2061 τῆς
1745 1992 1845 2062 μέ-

268 2087 361 2158 θης
402 2082 753 2156 παραφορὰν.
793 2083 867 2134 Σὺ
899 2081 955 2133 δὲ
1003 2081 1070 2134 τὰ
1099 2080 1314 2152 ἄμφοδα
1353 2085 1714 2152 περινοστεῖς,
1751 2082 1846 2135 ἐπὶ

267 2178 490 2249 ψυχραῖς
523 2175 730 2237 αἰτίαις
761 2171 1122 2243 ἐκτραγῳδῶν
1150 2171 1247 2242 τὴν
1267 2175 1522 2241 γυναῖκα,
1551 2171 1639 2226 ἵνα
1665 2171 1847 2243 σαυτῷ

272 2273 364 2342 τὴν
386 2267 714 2338 συγγνώμην
741 2262 1167 2335 παρασκευάσῃς
1186 2262 1286 2332 τῆς
1319 2263 1610 2335 προχείρου
1644 2262 1848 2335 διαιρέ.

276 2379 426 2425 σεως.
471 2357 696 2430 Σκληρὰ
739 2355 850 2408 τῶν
898 2352 1152 2406 τοιούτων
1184 2353 1391 2424 ἀνδρῶν
1420 2356 1454 2425 ἡ
1494 2353 1688 2425 γνώμη
1709 2394 1723 2416 ,
1755 2354 1849 2422 θη..

273 2455 465 2526 ριὼδης
491 2453 585 2506 καὶ
625 2448 964 2521 ἀμείλικτος,
999 2445 1063 2497 ἐκ
1096 2444 1256 2515 δρυὸς
1291 2445 1324 2517 ἢ
1363 2446 1586 2518 πέτρας,
1622 2447 1764 2501 κατὰ
1787 2449 1851 2502 τὺ

273 2547 585 2619 λεγόμενον,
629 2545 730 2616 τὴν
759 2545 1014 2616 γέννησιν
1055 2541 1272 2612 ἔχουσα.
1307 2539 1533 2592 Πάντων
1574 2538 1682 2610 γὰρ
1713 2539 1852 2611 ὁμοῦ
1887 2590 1895 2602 ,

271 2639 368 2711 τὴν
399 2641 616 2710 μνήμην
638 2637 1044 2706 ἐξαλείψαντες,
1076 2631 1302 2694 ἀπαθῶς
1329 2631 1726 2702 διατέμνονται.
1756 2634 1850 2696 Τίς
1892 2633 1897 2638 ’

272 2732 327 2784 δὲ
356 2731 510 2800 μέλος
545 2730 782 2800 νοσῆσαν
815 2729 936 2781 ἀντὶ
971 2725 1066 2780 τοῦ
1092 2723 1418 2797 θεραπεύειν
1453 2724 1732 2788 ἐκκόπτει,
1757 2727 1852 2778 καὶ

273 2823 438 2876 ταῦτα
486 2824 587 2876 ούκ
638 2820 980 2874 ἐπικινδύνου
1033 2817 1238 2880 πάθους
1275 2814 1666 2886 ἐνσκήψαντος,
1717 2816 1854 2870 ἀλλὰ

275 2916 469 2988 πολλὴν
497 2915 718 2986 ἔχοντος
751 2912 847 2965 καὶ
882 2910 1070 2982 ῥᾳδίαν
1114 2909 1214 2979 τῆς
1247 2910 1442 2970 ἰάσεως
1474 2907 1572 2978 τὴν
1625 2905 1850 2970 ἐλπίδα;

285 3009 599 3077 Ἐπεγένετο
631 3005 934 3076 φλύκταινα
966 3005 1031 3073 τῇ
1059 3001 1221 3072 χειρὶ,
1255 2999 1531 3070 ἐπιμελῶς
1569 2998 1739 3069 αὐτὴν
1764 2998 1852 3050 θε-

277 3101 660 3170 ραπεύσωμεν·
710 3092 988 3164 φλεγμονὴ
1023 3092 1112 3145 τὸν
1156 3091 1290 3144 πόδα
1318 3087 1691 3159 διενόχλησεν,
1722 3104 1857 3158 φαρ-

1950 1895 2173 1964 rejecit;
2224 1897 2318 1952 sed
2359 1898 2515 1952 venia
2551 1915 2615 1954 ac
2660 1900 2902 1965 lenitate,
2954 1919 3073 1974 qua:
3119 1908 3388 1965 hominem
3429 1913 3523 1967 de-

1947 1997 2089 2054 ceat,
2128 1997 2180 2042 te
2219 1991 2480 2060 suscepit,
2523 2001 2580 2046 et
2625 1994 3011 2063 reprimentem
3052 2014 3114 2053 ac
3147 2003 3523 2059 verberantcm

1948 2078 2237 2146 demulsit;
2287 2092 2555 2152 caputque
2593 2099 2796 2150 (egrum
2827 2102 2892 2141 ac
2929 2088 3060 2142 meri
3093 2093 3380 2159 vaporibus
3413 2097 3526 2166 agi-

1953 2179 2142 2236 tatum,
2179 2173 2363 2227 sedqu
2386 2175 2638 2242 curavit,
2667 2191 2731 2231 ac
2761 2178 2976 2233 demum
3028 2180 3081 2234 in
3129 2192 3302 2237 torum
3339 2174 3526 2253 conju4

1949 2262 2122 2331 galem
2158 2262 2352 2318 duxit:
2385 2265 2498 2320 sola
2540 2268 2795 2322 nimirum
2846 2271 2922 2323 tui
2973 2271 3219 2339 miserta,
3269 2290 3390 2330 cum
3448 2277 3526 2330 l'a-

1953 2354 2082 2407 muli
2111 2356 2181 2409 ob
2203 2369 2448 2410 errorem
2484 2359 2683 2413 mentis
2714 2374 2780 2414 ac
2811 2361 3186 2430 agitationem,
3223 2366 3410 2421 herum
3443 2370 3528 2422 dn-

1952 2445 2192 2500 riderent
2239 2456 2404 2515 atquc
2442 2449 2864 2505 subsannarent.
2897 2453 2965 2506 At
2993 2464 3047 2506 tu
3075 2458 3274 2524 passim
3305 2458 3356 2512 in
3379 2474 3528 2513 com-

1952 2529 2080 2599 pilis
2103 2541 2158 2585 et
2189 2531 2384 2600 plateis
2407 2533 2693 2598 oberrans,
2742 2536 2955 2608 frigidis
2986 2540 3052 2595 de
3084 2544 3262 2599 causis
3297 2561 3524 2604 uxorem

1954 2623 2158 2692 tragice
2188 2624 2530 2694 turpiterque
2567 2626 2831 2694 traducis,
2862 2639 2922 2682 ut
2953 2632 3020 2684 ad
3050 2632 3346 2690 faciliorem
3376 2639 3524 2707 cogi-

1955 2714 2052 2766 tati
2081 2715 2289 2785 repudii
2330 2717 2542 2770 veniam
2589 2733 2655 2773 ac
2694 2721 3129 2789 excusationem,
3161 2727 3300 2780 viam
3331 2728 3425 2782 tibi
3463 2745 3530 2784 ac

1954 2805 2158 2860 aditum
2193 2806 2426 2862 munias.
2474 2806 2626 2873 Duri,
2657 2809 2892 2867 immites
2929 2826 2995 2867 ac
3039 2814 3257 2870 belluini
3286 2816 3336 2870 id
3362 2832 3531 2888 genus

1957 2897 2227 2962 homines,
2275 2913 2510 2970 vereque
2550 2900 2739 2970 geniti,
2770 2904 3224 2971 quemadmodum
3274 2906 3476 2972 ferunt,
3501 2924 3533 2961 e.

1960 2989 2155 3044 robore
2184 2990 2266 3044 vel
2299 3006 2432 3046 saxo
2455 2992 2591 3063 (35).
2622 2991 2832 3064 Quippe
2863 2996 2953 3065 qui
2985 2997 3238 3053 omnibus
3273 3000 3530 3055 oblivioni

1963 3080 2203 3146 traditis,
2229 3096 2386 3151 aequo
2419 3083 2605 3136 animo
2639 3083 2891 3153 nulloque
2913 3084 3119 3140 doloris
3153 3101 3317 3142 sensu
3353 3104 3536 3158 segre-

273 3156 432 3262 μάκῳ
477 3156 578 3261 τὴν
609 3156 878 3257 ἐξοίδησιν
911 3156 1370 3253 καταστείλωμεν.
1400 3156 1563 3233 Eii—8s
1585 3156 1852 3250 παρέντες

1960 3181 2174 3241 gentur.
2216 3172 2349 3238 Quis
2379 3183 2557 3228 autem
2605 3189 2808 3243 aegrum
2856 3176 2958 3230 sibi
2999 3180 3326 3246 membrum,
3371 3196 3535 3236 cura-

270 3281 368 3351 τὴν
399 3281 504 3333 τῶν
535 3279 740 3350 ἰατρῶν
775 3273 1067 3342 ἐπίσκεψιν
1086 3313 1102 3337 ,
1139 3273 1268 3343 περὶ
1290 3275 1390 3342 τὴν
1418 3271 1591 3341 τομὴν
1632 3271 1726 3322 καὶ
1758 3269 1853 3322 τὸν

271 3374 490 3444 σίδηρον
508 3369 840 3442 ἀσχοληθείη
848 3384 970 3438 μεν,
998 3365 1119 3418 καθ’
1142 3365 1371 3418 ἕκαστον
1390 3362 1498 3416 τῶν
1517 3361 1850 3424 λυπούντων,

268 3461 390 3514 οὐδὲ
416 3461 612 3533 μικρὸν
637 3459 738 3528 τῆς
768 3457 914 3526 ζωῆς
939 3455 1308 3525 διαγενόμενοι
1337 3453 1546 3524 χρόνον,
1580 3453 1715 3504 πᾶσι
1740 3455 1854 3514 τοῖς

272 3555 489 3624 μέλεσιν
523 3550 752 3613 ἑαυτοὺς
783 3546 1297 3618 ἁκροτηριάσωμεν.
1352 3543 1493 3598 Ἀλλ’
1521 3546 1620 3615 οὐχ
1658 3543 1853 3608 οὕτως,

266 3639 559 3715 ὦᾰνδρεςο
609 3640 751 3693 ἔστω
793 3655 879 3700 τις
925 3638 1112 3707 μνήμη
1155 3636 1251 3688 καὶ
1307 3632 1412 3686 τῶν
1469 3632 1686 3686 κώλων·
1739 3632 1860 3685 δυσ·-

269 3737 594 3790 ωπείτωσαν
626 3733 770 3802 ὑμᾶς
817 3731 870 3782 αἱ
902 3729 1191 3800 θεραπεῖαι
1228 3726 1336 3780 τῶν
1369 3725 1663 3795 γυναικῶν.
1694 3725 1858 3780 Ὀσον

269 3828 317 3880 δ’
345 3827 412 3881 ἂν
444 3824 842 3897 παροξυνθῆτε,
895 3819 1012 3883 ἐνδς
1045 3820 1203 3872 τόκου
1230 3817 1328 3889 τὴν
1359 3817 1520 3870 ὠδῖνα
1551 3814 1860 3878 ἀντιθέντες

273 3923 395 3982 ταῖς
422 3918 722 3989 μέμψεσιν,
749 3915 1014 3986 εὑρήσετε
1042 3911 1348 3982 νικωμένην
1376 3909 1474 3980 τὴν
1494 3908 1602 3961 τῶν
1631 3906 1859 3960 λυπούν-

273 4030 384 4066 των
416 4013 763 4083 περίστασιν.

1962 3264 2124 3320 tionis
2172 3264 2290 3320 vice
2333 3267 2652 3334 abscindat;
2703 3282 2826 3322 cum
2855 3279 2909 3323 et
2945 3269 3147 3324 nullum
3179 3270 3295 3327 fere
3331 3275 3539 3342 pericu-

1962 3355 2097 3421 lum,
2130 3366 2184 3411 et
2219 3358 2438 3413 medela:
2467 3374 2659 3430 magna
2696 3349 2822 3426 spes
2853 3377 2916 3417 ac
2947 3377 3084 3430 pene
3129 3363 3407 3433 explorata
3441 3381 3540 3421 ex-

1962 3449 2159 3503 sistat?
2191 3450 2391 3504 Exorta
2423 3461 2506 3505 est
2539 3451 2592 3505 in
2623 3468 2787 3507 manu
2819 3455 3056 3522 pustula,
3093 3469 3213 3510 eam
3246 3457 3541 3527 diligenter

1965 3555 2251 3600 curemus;
2286 3541 2640 3597 inﬂammatio
2672 3545 2792 3613 pedi
2833 3545 3025 3601 infesta
3054 3547 3348 3614 incruduit,
3376 3552 3542 3618 phar-

1965 3645 2121 3684 maco
2175 3641 2442 3686 tumorem
2491 3633 2864 3691 cohibeamus.
2915 3636 3070 3702 Quod
3099 3639 3144 3692 si
3177 3643 3540 3708 praetermissa

1965 3721 2298 3774 medicorum
2357 3722 2691 3790 inspectione
2741 3733 2796 3778 et
2842 3740 3011 3793 cura,
3065 3729 3277 3796 quoties
3338 3729 3542 3800 aliquid

1966 3809 2222 3877 doluerit,
2263 3813 2329 3865 ad
2360 3812 2566 3867 ferrum
2597 3829 2660 3868 ac
2688 3816 2984 3870 sectionem
3027 3818 3305 3883 iverimus,
3342 3821 3542 3889 exiguo

1965 3916 2097 3956 sane
2123 3915 2364 3972 tempore
2395 3905 2779 3980 membris‘nos
2801 3905 3055 3963 omnibus
3085 3910 3541 3966 mutilaverimus.

1971 3994 2166 4050 Verum
2207 4011 2313 4048 non
2349 3995 2447 4060 ita,
2487 4011 2521 4050 o
2551 3996 2688 4063 viri;
2725 4011 3046 4053 concessum
3077 3999 3277 4072 aliquid
3309 4013 3428 4059 esto
3459 4005 3542 4059 vel

279 4108 556 4163 memoria:
612 4100 1002 4157 membrorum.
1038 4096 1286 4152 Flectant
1341 4111 1438 4148 vos
1485 4109 1547 4147 ac
1611 4092 1856 4158 iniiciant
1894 4091 2154 4160 pudorem
2205 4089 2466 4157 obsequia
2519 4104 2583 4143 ac
2640 4091 2941 4145 ministeria
2999 4108 3252 4149 uxorum.
3303 4095 3546 4162 Quanta-

275 4205 359 4256 vis
382 4203 458 4256 ira
491 4195 940 4257 succensueritis,
971 4204 1160 4262 partus
1194 4191 1354 4244 unius
1397 4188 1612 4244 dolores
1649 4201 1769 4241 cum
1806 4186 1872 4241 iis
1909 4183 2235 4247 contendite,
2267 4197 2386 4253 quae
2413 4183 2830 4254 reprehenditis,
2890 4185 3182 4255 multisque
3227 4188 3340 4242 haec
3373 4189 3548 4258 ‘parti-

276 4294 378 4348 bus
408 4292 552 4346 vinci
582 4285 954 4357 comperietis.

360 4381 718 4453 'Avazpspé‘tw
745 4380 772 4432 ὁ
799 4373 1163 4446 ἀναλογισμδς
1195 4376 1274 4438 εἰς
1308 4374 1474 4445 μέσον
1515 4373 1608 4425 καί
1652 4372 1750 4441 τῆς
1779 4371 1857 4422 εύ·

2047 4367 2494 4432 Considereutur,
2541 4363 2704 4434 inque
2740 4365 2972 4419 medium
3010 4365 3359 4432 proferantur
3384 4369 3548 4424 bene-

276 4479 425 4540 νοίας
459 4477 530 4529 τὰ
559 4470 776 4541 ἀγαθά·
812 4469 983 4522 νόσων
1019 4465 1337 4537 θεραπείας,
1365 4461 1657 4536 συμφορῶν
1682 4479 1867 4514 κοινω-

276 4571 419 4634 νίαν,
446 4569 666 4639 δάκρυα
695 4563 766 4616 τὰ
795 4562 936 4632 ὑπὲρ
978 4558 1170 4631 ἀνδρὸς
1204 4555 1578 4628 προσαχθέντα
1607 4555 1776 4607 τισίν·
1808 4552 1868 4605 τὸ

277 4661 607 4716 καταλιπεῖν
632 4656 758 4718 τοὺς
796 4651 1256 4723 γεννησαμένους,
1285 4649 1378 4702 καὶ
1405 4646 1590 4700 ἑστίαν
1619 4644 1864 4713 γονικὴν,

279 4755 381 4808 καὶ
415 4749 791 4818 ἀκολουθῆσαι
825 4745 903 4814 τῷ
942 4743 1079 4813 ξένῳ
1102 4759 1115 4772 ⁸
1161 4741 1222 4795 τὸ
1271 4738 1519 4810 πωλῆσαί
1554 4755 1607 4790 τι
1645 4736 1753 4789 τῶν
1791 4737 1870 4788 oi-

274 4844 458 4900 κείων
479 4883 493 4905 ,
529 4842 616 4894 ἶνα
649 4838 812 4909 ὓϐριν
845 4837 940 4889 καὶ
980 4834 1202 4904 ὄχλησιν
1239 4830 1331 4884 τοῦ
1367 4829 1558 4902 ἀνδρὸς
1598 4827 1871 4896 ἐξωνήση-

263 4954 400 4994 ται.
439 4933 619 4986 Ταῦτα
647 4931 828 4984 πάντα
849 4925 1265 4995 παιδαγωγείτω
1294 4922 1430 4996 πρὸς
1469 4923 1569 4991 τὴν
1610 4919 1870 4981 διάθεσιν,

266 5028 377 5084 καὶ
406 5022 642 5094 γινέσθω
666 5020 968 5089 σύνδεσμος
997 5017 1094 5087 τῆς
1127 5013 1383 5086 στοργῆς,
1413 5008 1523 5066 οἷον
1550 5014 1730 5066 οἰκίαν
1755 5010 1878 5065 τινὰ

270 5118 648 5189 σαθροτέραν,
662 5113 766 5184 τὴν
787 5108 1062 5164 εύόλισθον
1082 5107 1258 5178 ψυχὴν
1273 5105 1610 5174 διεγείροντα
1638 5103 1732 5156 καὶ
1755 5120 1880 5156 συνο

270 5216 506 5283 έχοντα.
547 5206 738 5268 Ἔλεος
783 5204 840 5256 δέ
872 5199 1165 5274 κρατείτω,
1200 5197 1294 5252 καὶ
1339 5195 1626 5268 συνήθεια,
1655 5195 1750 5247 καὶ
1783 5210 1882 5263 μα.-

272 5299 424 5370 κροῦ
476 5297 670 5369 χρόνου
715 5292 1019 5365 συμϐίωσις
1065 5289 1140 5362 μὴ
1183 5287 1454 5353 πατείτω,
1499 5287 1621 5358 ἥτις
1667 5287 1764 5338 καὶ
1813 5284 1880 5338 τὰ

361 5411 483 5478 (33)
517 5409 562 5464 Ε
613 5409 798 5462 robura
848 5417 952 5478 aut
995 5401 1619 5478 quercu.__Homeri_cum
1660 5413 1876 5452 versum

277 5469 503 5538 indicat
528 5479 694 5533 Iliad.
732 5493 772 5540 ι,
805 5475 897 5545 qui
944 5469 1568 5545 in'proverbiumahiit.
1603 5469 1878 5545 ιιιιιςείυιιι

277 5537 500 5623 profert
526 5537 774 5623 Clemens
806 5537 1207 5602 Alexandrinus
1231 5542 1284 5597 in
1314 5541 1589 5596 Admonit.
1642 5541 1708 5592 ad
1745 5537 1885 5592 Gen-

280 5621 654 5781 31:91:15
674 5710 830 5782 δρυός
853 5711 974 5762 ἐσσι
1002 5704 1364 5782 παλαιφάτου,
1388 5704 1493 5759 οὐδ’
1527 5701 1636 5757 ἀπὸ
1661 5699 1887 5770 πέτρης.

363 5779 590 5838 Απιιοεα
616 5779 1024 5850 haudquaquam
1046 5779 1252 5844 genitus
1273 5791 1526 5844 φηςι-την(
1548 5782 1781 5841 patrare.

580 5873 854 5935 Pnaoa.
891 5873 1008 5934 Gn.
1042 5872 1174 5932 XL.

1974 4459 2222 4514 volentia
2270 4457 2433 4520 dona,
2480 4456 2791 4510 morborum
2832 4455 3171 4520 curationes,
3220 4471 3443 4512 casuum
3486 4473 3552 4512 ac

1975 4553 2343 4609 calamitatum
2390 4549 2652 4613 societas,
2701 4549 2955 4619 lacrymae
3003 4550 3182 4604 mariti
3223 4565 3386 4606 causa
3417 4567 3554 4605 non-
3619 4561 3625 4568 '

1976 4644 2139 4699 nullis
2196 4643 2409 4700 oblatze.
2463 4641 2653 4695 Veniat
2698 4641 2750 4694 in
2797 4649 3073 4705 mentem,
3109 4641 3254 4710 quod
3302 4654 3572 4712 parentes__

1976 4751 2130 4802 suos,
2185 4735 2324 4804 quod
2369 4733 2589 4787 domum
2634 4746 2738 4801 qua
2790 4731 2966 4784 fuerat
3014 4731 3182 4796 edita,
3231 4744 3548 4787 extraneum

1978 4839 2253 4892 secutura,
2289 4825 2607 4895 reliquerit:
2639 4824 2780 4892 quod
2815 4822 2954 4877 forte
2979 4823 3183 4894 aliquid
3224 4840 3402 4878 rerum
3435 4840 3554 4878 sua-

1979 4933 2124 4983 rum,
2171 4925 2228 4970 ut
2256 4916 2353 4970 viri
2388 4914 2638 4981 injuriam
2676 4913 3088 4982 molestiamque
3123 4915 3435 4980 redimeret,
3458 4916 3552 4968 ab-

1979 5009 2318 5066 alienaverit.
2367 5005 2494 5060 Haec
2529 5005 2710 5060 omnia
2757 5003 3014 5058 allectum
3053 5005 3367 5070 concilient,
3403 5023 3556 5059 amu-

1981 5103 2166 5171 risqne
2218 5097 2488 5152 vinculum
2542 5103 2783 5163 nectant;
2844 5111 2909 5150 ac
2971 5095 3237 5150 lubricum
3287 5098 3554 5163 aniinum,

1980 5193 2130 5248 velut
2163 5189 2456 5245 marcidum
2487 5188 2736 5253 domum,
2773 5189 3093 5241 contineant
3126 5194 3290 5257 atque
3325 5189 3556 5259 erigant.

1986 5284 2179 5339 Vincat
2208 5281 2610 5347 misericordia,
2650 5295 2750 5334 nec
2779 5279 3119 5334 consuetudo
3147 5295 3212 5333 ac
3239 5279 3388 5350 longi
3432 5291 3562 5336 tem-

1979 5397 2352 5453 Theodoretus
2413 5393 2450 5447 l.
2498 5407 2574 5445 xu
2623 5390 2700 5444 De
2744 5389 3013 5443 curatione
3059 5388 3365 5444 Grrrcarum
3415 5392 3554 5459 ηπε-

1979 5469 2211 5521 ctionum
2235 5481 2253 5518 :
2280 5465 2422 5518 Ἴστε
2444 5461 2540 5532 καί
2559 5462 2717 5532 ὑμεῖς
2733 5475 2749 5491 ο
2767 5460 2839 5532 οὐ
2869 5459 2979 5529 γὰρ
2994 5462 3062 5532 ἐκ
3083 5461 3262 5532 δρυὸς,
3294 5463 3437 5517 κατὰ
3468 5464 3562 5515 τὸν

1983 5536 2264 5608 ποιητικὸν
2295 5534 2471 5601 λόγον,
2505 5531 2538 5602 ἢ
2572 5531 2680 5584 ἀπὸ
2709 5531 2916 5603 πέτρης
2941 5549 2953 5560 ·
2978 5530 3092 5608 Ipsi
3117 5530 3225 5586 non
3258 5533 3512 5602 ignoratis
3538 5548 3558 5584 :

1985 5601 2147 5676 neque
2172 5608 2310 5660 enim
2341 5620 2368 5656 ε
2399 5601 2616 5676 quercu,
2651 5614 2703 5654 ut
2735 5601 2901 5672 poeta:
2935 5601 3096 5655 rerbis
3129 5601 3384 5669 utinam
3427 5618 3559 5674 ειιαο

1987 5675 2144 5747 geniti
2171 5675 2460 5746 prodiislis.
