4034 6204
347 331 446 388 ἐίὶ

1277 327 1565 386 HOMILIA
1604 329 1689 387 Vl.
1721 329 1789 387 IN
1819 327 2169 388 DANI’ELEM
2211 331 2299 389 ET
2326 332 2726 392 SUSANNAM.

3494 337 3601 394 NB

352 450 432 502 Οὑ
459 448 574 518 γὰρ
600 446 870 501 ἐπιλείπει
903 445 966 499 τδ
995 446 1210 518 ῥεῖθρον
1233 446 1394 518 αὐτῇ,
1423 449 1674 522 καθάπερ
1706 449 1934 512 ἐκείνοις

2047 449 2160 516 illa,
2189 464 2309 506 eam
2337 449 2604 521 proﬂuens
2636 465 2775 521 aqua
2797 450 2998 520 deficit,
3027 468 3201 523 neque
3235 453 3449 509 illorum
3487 471 3606 510 mo-

357 534 567 588 ἐνιότε⁹
606 534 710 587 οὐδ’
736 533 1030 599 ἀναϐάσεις
1062 535 1156 589 καὶ
1187 535 1504 601 ὑποσάσεις,
1539 537 1727 610 ῶσπερ
1757 539 1934 605 αὑτοὶ,

361 625 702 695 ἐπιδέχεται·
732 624 852 677 οὑδὲ
885 623 948 676 τὸ
973 626 1068 679 καὶ
1090 626 1151 679 τὸ
1177 627 1366 699 μέρος,
1393 628 1535 682 κατά
1561 629 1804 696 τούτους,
1834 647 1936 684 πε-

364 716 713 788 ριλαμϐάνειο
743 714 879 768 ἀλλὰ
919 715 1016 769 καὶ
1039 716 1229 789 πλήθει
1256 719 1363 784 ἀεὶ,
1413 720 1509 773 καὶ
1545 722 1711 774 πᾶσιν
1740 722 1935 794 ἀρκεῖο

365 808 464 861 καὶ
493 809 572 870 είς
593 807 714 870 τοὺς
751 808 1013 878 μετόχους
1051 809 1396 881 ὑπορρέουσα
1428 811 1520 866 τοῦ
1548 812 1934 885 πληρώματος,

364 897 516 950 οὐδὲν
554 892 716 968 ἦττον
769 897 920 968 μένει
967 899 1411 972 πεπληρωμένη,
1469 903 1608 957 ἀλλά
1652 906 1748 958 καὶ
1794 905 1937 960 οὕτω

363 990 456 1060 τὴν
494 990 654 1061 χάριν
701 990 898 1060 ἔχουσα
942 991 1177 1063 δαψιλῆ,
1220 994 1341 1049 οὐδὲ
1383 996 1520 1066 πρὸς
1569 997 1785 1069 ἡλικίας
1828 997 1937 1054 οἶδε

356 1080 687 1134 διαδίδοσθαι
717 1083 808 1135 καὶ
833 1082 1173 1154 μερίζεσθαι.
1204 1085 1280 1138 Οὑ
1310 1085 1419 1156 γάρ
1460 1087 1613 1159 δγκῳ
1668 1089 1938 1160 σωμάτων

355 1171 424 1224 τά
454 1173 746 1243 ἀμέτρητα
773 1168 883 1226 οἶδε
919 1175 1270 1246 μετρεῖσθαι,
1315 1178 1452 1232 ἀλλά
1483 1178 1661 1251 ψυχῆς
1688 1180 1938 1253 εὐγενείᾳ

358 1263 450 1314 καὶ
485 1262 820 1334 καθαρότητι
865 1265 1222 1337 συνέρχεσθαι
1261 1270 1355 1323 καὶ
1395 1271 1798 1340 ἐπιφαίνεσθαι.
1828 1277 1938 1330 Καὶ

356 1353 445 1406 διά
469 1353 632 1407 τοῦτο
669 1353 763 1407 νῦν
799 1355 896 1425 μὲν
939 1359 1408 1431 συμπεριφέρεται
1448 1363 1938 1438 ἀρτιγαλακτοτρο-

359 1444 619 1514 φουμένῳ
669 1444 748 1515 τῷ
780 1445 1071 1517 Σαμουὴλ,
1119 1447 1218 1502 νῦν
1261 1449 1321 1503 δὲ
1364 1451 1457 1505 τὸν
1502 1453 1666 1508 Δαὸὶδ
1713 1456 1778 1508 ἐκ
1823 1455 1931 1511 τῶν

360 1535 631 1606 ποιμνίων
659 1535 840 1589 αὑτῶν
869 1537 1159 1608 προϐάτων
1204 1540 1604 1612 ἀναλαμϐάνειο
1646 1545 1755 1598 τῶν
1787 1545 1940 1600 ἀδελ-

359 1624 499 1691 φῶν,
528 1619 613 1688 οἷς
636 1625 809 1679 ἐδόκει
840 1627 1231 1698 παρεωρᾶωθαι
1257 1629 1348 1683 διά
1377 1630 1438 1684 τὸ
1468 1630 1657 1697 ἀτελὲς
1692 1635 1794 1706 τῆς
1818 1636 1938 1707 ἠλι-

360 1715 508 1780 κίας,
544 1717 892 1787 ἐκκρίνουσα.
934 1718 1126 1772 Ἀλλον
1169 1720 1232 1784 ἐξ
1275 1722 1546 1796 ἀροτῆρος
1569 1723 1648 1796 τῷ
1676 1727 1938 1799 χρίσματι

2039 555 2119 604 re,
2154 539 2484 595 incrementa
2516 539 2597 594 vel
2627 543 2968 594 decrementa
3010 542 3279 609 admittit;
3311 557 3477 598 uecve
3511 560 3609 615 pro

1985 705 1990 710 ι
2036 644 2224 686 eorum
2281 630 2513 696 ratione,
2567 630 2708 684 hanc
2749 644 2813 685 ac
2867 629 3013 685 illam
3060 641 3268 702 partem
3320 633 3605 690 allamhit:

2037 723 2169 791 quin
2223 721 2389 776 etiam
2423 720 2664 776 abundat
2707 734 2943 791 semper,
3003 737 3067 777 ac
3114 723 3368 778 omnibus
3404 723 3606 779 suﬁicit

2040 812 2199 882 inque
2243 827 2338 868 eos
2371 811 2597 867 eﬂluens
2627 812 2716 880 qui
2742 811 3092 880 plenitudinis
3125 825 3254 868 sunt
3295 815 3609 885 participes.

2039 901 2390 957 nihilominus
2433 901 2589 970 plena
2631 900 2914 970 consistit;
2943 902 3036 957 sed
3073 910 3129 958 et
3158 905 3230 958 ita
3256 905 3474 959 uberem
3513 906 3612 960 ha-

2037 992 2173 1048 bens
2192 993 2448 1062 gratiam,
2477 1007 2573 1061 pro
2627 992 2791 1046 etiam
2816 1001 3038 1047 aetatum
3073 994 3231 1048 modo
3257 993 3513 1050 distribui
3542 1009 3609 1050 ac

2039 1083 2206 1138 dividi
2233 1083 2424 1139 nescit.
2462 1081 2648 1154 Neque
2712 1083 2853 1136 enim
2895 1098 3015 1153 quze
3043 1084 3477 1152 sunt‘immensa,
3513 1099 3612 1154 pro

2038 1188 2326 1245 corporum
2379 1174 2536 1228 molis
2585 1173 2792 1229 ratione
2850 1173 3148 1230 meusurari
3205 1185 3453 1244 possunt,
3517 1176 3612 1231 sed

2039 1265 2206 1320 animi
2263 1264 2613 1335 ingenuitatis
2645 1252 2708 1320 ac
2755 1265 3009 1333 puritatis
3040 1264 3210 1333 socia,
3263 1266 3466 1334 pariter
3499 1265 3614 1322 elu—

2039 1363 2164 1410 cent
2201 1369 2266 1409 ac
2312 1354 2636 1425 produntur.
2691 1352 2974 1420 Quocirca,
3027 1368 3169 1408 nunc
3219 1353 3437 1423 quidem
3489 1370 3612 1408 cunt
3723 1377 3740 1388 ι

2039 1441 2289 1499 Samuele
2323 1459 2494 1512 nuper
2521 1443 2754 1499 lactente
2779 1453 3026 1499 versatur
3045 1443 3091 1476 ⁸⁹
3181 1459 3324 1500 nunc
3349 1459 3476 1499 vero
3513 1443 3616 1498 Da-

2040 1534 2214 1589 videm
2261 1534 2330 1589 ab
2357 1534 2491 1604 ipsis
2523 1535 2750 1588 assumit
2789 1535 3046 1605 gregibus
3073 1534 3292 1600 ovium;
3327 1550 3392 1590 ac
3424 1534 3616 1589 fratri-

2042 1625 2140 1681 bus
2189 1624 2443 1693 praefert,
2493 1625 2692 1693 quibus
2750 1624 2837 1679 ille
2883 1638 2986 1680 ceu
3045 1625 3403 1681 immaturiori
3451 1633 3614 1681 aetate

2039 1725 2380 1786 contemptus
2409 1718 2709 1772 videbatur.
2738 1717 2916 1772 Alium
2964 1717 3034 1770 ab
3061 1727 3241 1772 aratro
3287 1731 3570 1773 assumens
3596 1758 3613 1782 ,

361 1807 578 1872 τελειοῖ,
606 1810 700 1862 καὶ
731 1809 848 1880 μετ’
873 1810 1138 1876 ἐκείνους,
1165 1812 1258 1868 τὸν
1290 1792 1386 1869 νύν
1417 1792 1771 1888 κείμενον-είς
1808 1792 1942 1875 ὑπό⁸

2047 1807 2298 1862 unctione
2345 1808 2522 1864 initiat
2573 1809 2660 1876 ὀς
2721 1819 2950 1879 postque
3028 1809 3173 1873 illos,
3259 1810 3416 1866 nobis
3473 1824 3618 1865 nunc

361 1901 533 1965 θεσιν,
571 1901 838 1975 μακάριον
884 1905 980 1958 καὶ
1005 1904 1085 1976 τῷ
1105 1905 1221 1960 δντι
1272 1907 1434 1976 σοφὸν
1467 1909 1694 1983 Δανιὴλ,
1734 1913 1941 1967 ἁπαλὸν

364 1993 442 2046 ἔτι
469 1993 568 2046 καὶ
593 1994 792 2066 κομιδῇ
826 1995 966 2061 νέον,
1003 1996 1139 2068 ὁμοῦ
1185 1999 1281 2052 καὶ
1309 2000 1699 2073 πρεσϐυτέρων
1727 2004 1939 2076 κριτὴν,

367 2083 458 2136 καὶ
505 2085 794 2156 προφήτην
839 2085 1206 2158 καθίστησιν*
1242 2088 1302 2154 ὃς
1342 2091 1392 2142 εί
1431 2093 1526 2145 καὶ
1572 2093 1674 2164 τῆς
1718 2093 1943 2166 βαρείας

367 2173 580 2245 ἐκείνης
607 2173 768 2246 ἔργον
787 2176 1029 2244 ἐγεγόνει
1046 2178 1447 2249 αἰχμαλωσίας,
1472 2181 1518 2214 ⁸⁷
1533 2184 1628 2236 καὶ
1659 2185 1762 2257 τῆς
1786 2189 1942 2258 ἐνεγ-

371 2265 566 2338 κούσης
597 2263 710 2337 εἶχε
747 2265 846 2338 τὴν
885 2268 1178 2324 Βαϐυλῶνα
1201 2311 1217 2334 ,
1276 2271 1372 2326 καὶ
1421 2275 1478 2327 ἐν
1519 2274 1727 2343 ἀδόξοις
1763 2279 1941 2335 ἐδόκει

369 2357 454 2410 διὰ
473 2358 573 2429 τῆς
611 2357 761 2428 ὧρας
786 2359 851 2412 τὸ
879 2360 1094 2428 ἀτελὲς,
1129 2362 1224 2416 καὶ
1267 2362 1718 2438 ἀπαρρησίαστος
1744 2369 1834 2424 διὰ
1878 2371 1940 2426 τὺ

372 2447 774 2533 ἐναπειλῆφθαι
810 2449 1085 2533 τοσούτοις
1135 2455 1327 2517 κακοῖς
1348 2470 1363 2484 ·
1405 2454 1526 2509 ἀλλ’
1569 2457 1636 2510 ἐκ
1688 2458 1783 2513 τοῦ
1843 2461 1943 2533 τὴν

373 2531 562 2602 ἀρετὴν
615 2530 991 2604 ἐπιφέρεσθαι,
1043 2536 1138 2592 καὶ
1190 2536 1478 2611 φιλοσοφίᾳ
1531 2530 1944 2616 στοιχειωθῆναι

372 2624 464 2692 τὴν
490 2621 720 2694 πρώτην
765 2622 1014 2695 αὔξησιν,
1060 2627 1156 2681 καὶ
1204 2631 1471 2701 καρτερὸς
1499 2629 1640 2687 εἶναι
1673 2634 1772 2706 τὴν
1805 2636 1944 2705 γνώ-

378 2732 476 2786 μην
513 2716 608 2768 καὶ
648 2715 948 2789 ἐμϐριθὴς,
977 2718 1036 2772 ἐν
1071 2719 1222 2791 αύτῷ
1255 2720 1335 2792 τῷ
1362 2722 1514 2777 ἄνθει
1544 2725 1646 2796 τῆς
1690 2727 1940 2798 ἡλικίας,

373 2807 474 2860 τῶν
525 2807 774 2880 γηραιῶν
821 2809 1044 2865 ἐκείνων
1104 2813 1200 2866 καὶ
1255 2813 1670 2888 καθεστηκότων
1723 2818 1945 2892 ἔλεγχος

369 2898 641 2953 ἐδείκνυτο
685 2899 780 2952 καὶ
822 2902 1034 2974 κριτής.
1079 2901 1240 2956 Ἀλλά
1276 2903 1495 2975 μικρὸν,
1523 2906 1572 2959 εί
1599 2905 1770 2973 δοκεῖ,
1805 2907 1945 2979 πρὸς

371 2991 540 3064 ἀρχὴν
584 2991 952 3062 ἀναγαγόντες
989 2993 1084 3048 τὸν
1113 2993 1292 3063 λόγον,
1324 2995 1523 3068 ἴδωμεν
1562 2997 1711 3062 ὃπως
1739 2997 1944 3070 ὑψηλὸν

374 3085 460 3136 καὶ
501 3084 794 3155 μακάριον,
828 3084 888 3138 τὸ
916 3084 1068 3154 φίλον
1097 3085 1362 3158 ὑπάρχειν
1389 3086 1529 3158 Θεῷ.

437 3174 550 3243 Τῆς
594 3175 804 3239 πόλεως
850 3175 951 3245 τῆς
994 3174 1350 3250 Ἰερουσαλὴμ
1402 3177 1687 3250 κατάκραν
1732 3177 1813 3251 τῷ
1844 3197 1943 3234 που

371 3265 517 3335 λὲμῳ
557 3265 710 3337 παρά
735 3266 846 3320 τῶν
898 3267 1197 3340 ’Δσσυρίων
1227 3267 1549 3342 ληφθείσης,
1581 3271 1636 3324 οἵ
1661 3288 1722 3324 τε
1749 3271 1800 3304 ⁸⁸
1827 3271 1946 3325 λαοὶ

371 3354 475 3406 τῶν
514 3355 784 3427 Ἐὁραίων
814 3356 907 3412 ἐπὶ
936 3357 1232 3412 Βαϐυλῶνα
1256 3358 1576 3432 διήχθησαν.
1602 3355 1731 3433 Εἶχε
1771 3360 1828 3414 δὲ
1853 3359 1946 3414 καὶ

370 3447 461 3499 τὸν
489 3449 758 3520 μακάριον
799 3449 996 3522 Δανιὴλ
1023 3449 1130 3504 τῶν
1161 3450 1515 3523 δορυαλώτων
1560 3453 1862 3526 μειρακίων
1883 3452 1946 3506 τὸ

371 3539 605 3610 πλῆθος,
647 3543 742 3594 καὶ
774 3541 991 3614 διήγετο
1025 3542 1117 3596 ἐπὶ
1151 3543 1251 3615 τῆς
1296 3544 1562 3617 πολεμίας
1606 3547 1736 3609 παῖς
1785 3545 1948 3598 εὐκα-

371 3631 726 3702 ταφρόνητος,
771 3635 1159 3706 κεκακωμένου
1187 3637 1360 3709 δήμου
1395 3636 1589 3709 μικρὸν
1622 3638 1718 3691 καὶ
1759 3637 1948 3693 πολλο-

372 3724 498 3776 στὸν
531 3723 802 3792 ἐφόλκιον,
849 3723 973 3780 οὒτε
1016 3728 1170 3799 παρά
1201 3731 1314 3793 τοῖς
1356 3729 1650 3801 ὁμοφύλοις
1692 3731 1948 3804 ἀφορμὴν

370 3812 512 3883 ἔχων
558 3813 651 3868 τοῦ
693 3815 980 3883 φαίνεσθαι
1003 3855 1019 3882 ,
1059 3816 1181 3870 οὔτε
1213 3819 1364 3892 παρά
1402 3822 1517 3884 τοῖς
1557 3821 1773 3893 ἐχθροῖς
1811 3822 1951 3888 ἀξιόο

370 3903 524 3973 λογον
580 3906 674 3958 τοῦ
728 3907 963 3977 πολέμου
1003 3909 1356 3982 νομιζόμενος
1410 3912 1641 3985 κέρδος·
1692 3914 1906 3988 ἀφανὴς
1933 3956 1948 3982 ,

373 3996 576 4062 ἄδοξος,
611 3996 703 4050 διὰ
733 3997 834 4069 τὴν
882 4000 1100 4070 ἡλικίαν
1119 4041 1137 4067 ,
1168 4001 1256 4057 διὰ
1288 4003 1386 4076 τὴν
1421 4005 1712 4078 συμφοράν
1737 4023 1751 4038 ο
1804 4008 1950 4081 μόνῳ

373 4089 447 4156 τῷ
483 4088 666 4154 καλῶς
709 4090 954 4160 βλέποντι
995 4093 1396 4166 καθορώμενος.

439 4181 572 4245 Θεὸς
594 4182 706 4254 γὰρ
729 4181 888 4254 μόνος
913 4183 1108 4238 ἐϐλεπε
1128 4184 1226 4258 τὴν
1259 4186 1508 4261 καθαράν
1537 4189 1634 4243 τοῦ
1661 4191 1949 4247 νεανίσκου

369 4273 568 4344 ψυχὴν,
591 4272 782 4345 ὥσπερ
813 4275 934 4329 τινὰ
965 4278 1312 4352 μαργαρίτην
1337 4281 1394 4334 ἐν
1421 4280 1724 4348 θαλαττίοις
1753 4285 1952 4357 όστράυ

370 4383 485 4429 κοις
511 4364 876 4436 ἐνδεδεμένον,
912 4367 945 4440 ἢ
979 4369 1180 4440 χρυσὸν
1236 4372 1296 4424 ἐν
1335 4374 1448 4437 τοῖς
1496 4373 1717 4440 κόλποις
1761 4376 1951 4430 ἐνόντα

2043 1897 2096 1953 in
2129 1899 2432 1968 argumenti
2460 1908 2664 1970 partem
2709 1902 3067 1970 propositum,
3104 1901 3322 1956 beatum
3357 1915 3422 1956 ac
3456 1901 3617 1971 plane

2042 1989 2338 2059 sapientem
2377 1989 2676 2055 Danieletu,
2708 1999 2950 2046 tenerum
2996 1991 3193 2057 adhuc,
3251 2006 3316 2046 ac
3342 1991 3496 2047 valde
3522 1992 3616 2062 ju-

2042 2094 2256 2144 venem,
2305 2081 2580 2136 seniorum
2624 2081 2886 2152 judicent,
2940 2097 3006 2138 ac
3061 2082 3378 2154 prophetam
3445 2092 3615 2137 creat.

2043 2171 2368 2241 Quanquam
2392 2173 2536 2227 enim
2584 2173 2672 2227 ille
2719 2189 2808 2228 res
2844 2182 2964 2228 erat
3014 2176 3194 2245 gravis
3225 2174 3367 2230 illius
3399 2174 3622 2244 captivi-

2046 2265 2192 2328 tatis,
2223 2278 2287 2319 ac
2329 2265 2519 2334 patria:
2550 2265 2670 2321 loco
2721 2264 3046 2337 Babylonem
3098 2266 3354 2333 habebat,
3396 2265 3618 2320 videba—

2045 2363 2239 2424 terque
2267 2354 2336 2410 ab
2381 2357 2669 2412 immatura
2714 2367 2874 2413 aetate
2906 2358 3233 2428 despectior,
3279 2368 3442 2428 atque
3484 2373 3514 2411 a
3546 2366 3624 2412 tot

2044 2445 2200 2501 malis
2235 2446 2430 2502 fiducia
2465 2462 2701 2504 carens:
2730 2452 2875 2520 quod
2923 2457 3103 2504 tamen
3129 2450 3331 2504 virtute
3365 2449 3623 2519 praditus

2044 2551 2211 2610 esset,
2272 2541 2573 2614 fuissetque
2623 2543 2796 2614 prima
2833 2543 3015 2599 statim
3070 2541 3412 2597 adolescente
3461 2546 3622 2594 aetate

2044 2633 2382 2706 philosophia
2431 2635 2695 2701 eruditus,
2743 2651 2807 2693 ac
2855 2636 3036 2690 animo
3069 2633 3197 2689 forti
3249 2648 3313 2689 ac
3355 2629 3621 2687 constanti

2043 2726 2288 2796 polleret,
2316 2726 2371 2782 in
2407 2726 2523 2797 ipso
2551 2725 2729 2780 aetatis
2749 2723 2903 2792 ﬂore,
2934 2739 3124 2780 senum
3164 2721 3376 2779 illorum
3410 2736 3472 2777 ac
3500 2735 3623 2791 per-

2046 2818 2330 2884 lectorum,
2390 2818 2697 2888 redargutio
2743 2833 2806 2873 ac
2853 2816 3015 2888 judex
3074 2812 3296 2871 eﬁeetus
3349 2821 3454 2868 est.
3501 2810 3624 2867 Cte-

2049 2917 2223 2965 terum
2256 2909 2531 2965 modicum
2557 2907 2707 2978 quid,
2745 2906 2790 2963 si
2833 2905 3000 2971 lubet,
3043 2916 3352 2960 sermonem
3380 2901 3447 2956 ad
3475 2899 3627 2970 prin-

2045 3001 2246 3072 cipium
2285 3001 2622 3064 reducentes,
2656 3001 2933 3054 videamus
2961 3005 3019 3051 ut
3066 2997 3175 3051 Deo
3206 2993 3439 3050 amicum
3479 3006 3625 3058 esse,

2045 3091 2326 3146 sublimem
2353 3105 2416 3146 ac
2436 3092 2652 3145 beatum
2683 3097 2919 3159 praestet.

2115 3179 2286 3250 Capta
2328 3180 2544 3251 penitus
2568 3193 2633 3233 ac
2667 3177 2808 3233 bello
2832 3184 3139 3246 expugnata
3171 3174 3238 3231 ab
3271 3170 3513 3244 Assyriis
3539 3169 3626 3226 ci-

2045 3273 2211 3327 vitate
2247 3270 2567 3338 Jerusalem,
2606 3268 2958 3326 Hebraeorum
2993 3284 3089 3338 per
3115 3267 3170 3323 id
3208 3277 3420 3337 tempus
3447 3263 3625 3335 populi

2047 3362 2373 3434 Babylonem
2421 3361 2665 3416 translati
2725 3370 2869 3416 sunt.
2920 3359 3088 3415 Porro
3115 3398 3130 3424 ,
3177 3359 3318 3413 inter
3363 3357 3622 3427 iuvenum

2049 3453 2382 3522 captivorum
2444 3460 2669 3513 turmas.
2729 3451 2919 3506 beatus
2980 3461 3199 3519 quoque
3251 3444 3439 3500 Daniel
3489 3459 3628 3500 unus

2050 3545 2169 3611 fuit,
2223 3545 2520 3617 agebatque
2575 3545 2628 3600 in
2689 3552 2834 3599 terra
2891 3543 3125 3598 hostium
3196 3536 3623 3609 contemptibilis

2051 3652 2204 3707 puer,
2240 3635 2425 3691 alllicti
2467 3635 2646 3707 populi
2696 3633 2889 3706 exigua-
2927 3633 3169 3704 qutedam
3207 3646 3272 3687 ac
3319 3629 3624 3684 multesima

2052 3728 2343 3798 appendix,
2377 3725 2469 3798 qui
2501 3741 2676 3798 neque
2714 3728 2945 3782 haberet
2972 3739 3081 3794 quo
3113 3723 3254 3792 apud
3291 3721 3375 3776 sui
3415 3721 3628 3790 generis

2052 3819 2298 3874 homines
2361 3818 2539 3874 clarus
2590 3826 2756 3882 esset,
2819 3829 2918 3871 nec
2972 3814 3112 3885 apud
3168 3815 3352 3868 hostes
3420 3809 3626 3880 justum

2052 3909 2178 3964 belli
2224 3909 2452 3978 spolium
2491 3907 2794 3972 videretur;
2829 3907 3129 3970 obscurus,
3161 3901 3418 3972 inglorius
3493 3910 3628 3956 atta-

2057 4004 2212 4080 tisac
2239 4001 2562 4058 calamitatis
2594 3982 2940 4072 praeiudicio;
2974 4011 3135 4069 quem
3164 3996 3311 4055 solas
3347 3997 3512 4069 probe
3545 3994 3627 4050 vi-

2053 4095 2188 4150 dens
2220 4093 2408 4148 oculus
2433 4091 2521 4148 ille
2554 4091 2914 4160 perspiceret.

2125 4186 2286 4243 Solus
2328 4185 2526 4257 quippe
2565 4185 2704 4240 Deus
2742 4198 2933 4254 purum
2984 4180 3340 4237 adolescentis
3374 4180 3632 4236 cernebat

2054 4280 2314 4344 animum,
2346 4275 2623 4348 margaritj
2649 4275 2819 4330 instar
2839 4273 3060 4328 marinis
3085 4272 3282 4328 ostreis
3305 4270 3626 4342 implexum,

2056 4380 2150 4426 aut
2177 4371 2316 4427 sicut
2349 4383 2540 4424 aurum
2571 4368 2624 4422 in
2656 4375 2812 4422 terra:
2851 4366 2969 4421 sinu
3013 4365 3342 4435 repositum;
3390 4371 3448 4417 ut
3473 4360 3631 4419 deui-

369 4459 467 4528 τῆς
491 4459 597 4529 γῆς
619 4475 632 4489 ·
667 4459 744 4522 ὡς
781 4457 999 4532 νύμφην
1023 4461 1295 4534 εὐπρεπῆ,
1343 4465 1456 4529 τοῖς
1485 4466 1945 4538 παραπετάσμασι

2059 4481 2165 4537 que
2204 4471 2448 4520 ornatam
2500 4475 2750 4530 sponsam
2785 4457 3086 4514 arcanioris
3121 4457 3343 4513 thalami
3395 4453 3630 4511 abditam

369 4552 468 4620 τῆς
493 4550 770 4616 παστάδος
791 4551 1227 4624 καλυπτομένην.
1255 4555 1474 4628 Ἐπειδὴ
1502 4555 1558 4609 δέ
1578 4551 1742 4628 ἦλθεν
1767 4557 1795 4609 ό
1822 4557 1960 4611 καθ-

370 4653 523 4714 ηκων
563 4642 780 4716 καιρὸς,
828 4644 923 4698 καὶ
963 4643 1072 4698 ἔδει
1127 4645 1219 4699 τὸν
1267 4647 1644 4719 κρυπτόμενον
1701 4650 1957 4720 φανῆναι,

370 4733 651 4806 γνώριμον
677 4735 929 4803 γενέσθαι
961 4735 1054 4789 τὸν
1085 4736 1289 4808 ἀφανῆ,
1324 4737 1686 4809 περίϐλεπτον
1722 4739 1814 4792 τὸν
1858 4756 1960 4794 κα-

373 4827 830 4898 ταφρονούμενον,
858 4826 1070 4898 λάμψαι
1102 4828 1192 4884 τὸν
1227 4827 1304 4898 τῷ
1334 4829 1510 4901 σκότῳ
1533 4831 1633 4902 τῆς
1676 4832 1961 4903 συμφορᾶς

375 4921 783 4991 κεκρυμμένον,
815 4919 968 4991 ὀλίγη
1008 4919 1102 4974 τοῦ
1130 4921 1444 4993 Πνεύματος
1472 4921 1838 4992 ἐπιφοίτησις,
1865 4925 1961 4977 καὶ

372 5015 595 5066 πάντων
630 5015 662 5064 ὁ
694 5010 948 5075 ταπεινὸς
976 5010 1305 5084 ὑψηλότερος
1329 5028 1342 5041 °
1373 5013 1553 5082 σοφὸς,
1583 5013 1616 5065 ό
1643 5013 1719 5084 μὴ
1737 5013 1960 5086 διαίρων

368 5105 437 5159 τὸ
465 5103 639 5174 στόμα
658 5120 672 5134 ·
701 5104 921 5176 ἐλεγχος
973 5103 1396 5176 κρυπτομένων
1435 5105 1629 5177 κριτὴς
1665 5106 1958 5172 δικαστῶν,

367 5199 400 5250 ὁ
430 5195 792 5259 ἀπαίδευτοςο
834 5197 926 5250 ἐπὶ
964 5195 1154 5268 θρόνου
1183 5194 1494 5268 καθήμενος
1515 5196 1750 5270 ὑψηλοῦ,
1796 5201 1825 5252 ὁ
1853 5215 1959 5271 μηο

369 5288 522 5341 δέπω
550 5287 687 5359 μηδὲ
707 5287 985 5359 ὑπηρέτης
1009 5287 1372 5360 δικαστηρίων
1395 5288 1712 5361 γενόμενος·
1739 5307 1952 5364 σωφροο

375 5379 544 5451 σύνην
571 5381 1083 5452 συκοφαντουμένην
1107 5381 1339 5435 ἐκδικῶν
1371 5383 1399 5435 ό
1430 5382 1569 5448 νέος,
1617 5383 1788 5455 δῆμον
1817 5386 1955 5440 πλα-

374 5471 620 5542 νώμενον
652 5472 1017 5546 ἐπιστρέφων,
1040 5472 1218 5542 ψῆφον
1248 5471 1452 5536 πόλεως
1476 5474 1605 5546 ὅλης
1631 5476 1815 5540 κακῶς
1841 5478 1955 5529 ἐνε-

373 5563 598 5632 χθεῖσαν
647 5563 1103 5635 ἀνακαλούμενος.
1155 5563 1448 5622 Ἠκούσατε
1481 5565 1590 5638 γὰρ
1627 5566 1827 5637 ἀρτίως
1859 5567 1954 5621 τοῦ

483 5748 528 5776 ³⁷
561 5745 648 5803 lc.
683 5747 856 5814 κάντὶ.
956 5751 1000 5779 ’τ’
1032 5750 1112 5804 ῖσ.
1157 5750 1203 5803 οἱ
1233 5749 1368 5805 τότε.

1477 5749 1520 5781 θ’
1563 5750 1732 5823 “leg.
1779 5765 1814 5817 I,
1853 5750 2053 5821 liisqq.

2060 4555 2197 4612 velo.
2230 4553 2329 4610 Ubi
2356 4561 2535 4609 autem
2571 4559 2935 4622 opportunum
2961 4549 3189 4620 appetiit
3213 4558 3447 4618 tempus,
3464 4561 3628 4617 opor-

2060 4649 2266 4718 tuitque
2294 4657 2352 4700 ut
2397 4645 2489 4716 qui
2536 4643 2885 4700 delitescebat
2934 4641 2988 4696 in
3042 4641 3220 4712 palam
3263 4639 3628 4711 proferretur,

2057 4749 2119 4794 ut
2162 4740 2426 4795 obscurus
2478 4737 2568 4792 ille
2616 4745 2774 4792 notus
2830 4735 3118 4800 evaderet,
3181 4743 3242 4787 ut
3289 4739 3632 4800 contemptus

2057 4830 2379 4900 conspicuus
2435 4827 2620 4893 ﬁeret,
2675 4835 2734 4882 ut
2779 4824 3009 4896 denique
3057 4822 3149 4894 qui
3195 4823 3248 4876 in
3309 4819 3634 4877 calamitatis

2060 4922 2298 4978 tenebris
2349 4920 2697 4976 absconditus
2740 4918 2917 4973 fuerat
2973 4915 3287 4973 claritatem
3323 4911 3630 4982 acciperet;

2057 5013 2268 5069 modico
2305 5010 2470 5066 divini
2509 5009 2742 5081 Spiritus
2768 5009 2947 5064 afﬂatu
2970 5016 3135 5078 atque
3155 5004 3369 5074 illapsu,
3399 5001 3622 5058 humilis

2056 5104 2148 5161 ille
2202 5103 2470 5160 universis
2493 5103 2773 5159 sublimior
2797 5100 3014 5168 evadit;
3045 5097 3286 5169 sapiens,
3313 5096 3404 5166 qui
3435 5108 3536 5150 nec
3571 5109 3634 5152 os

2057 5198 2270 5270 aperire
2300 5207 2511 5269 posset;
2545 5195 2880 5253 occultorum
2917 5191 3250 5263 redargutie,
3278 5189 3520 5262 judicum
3541 5187 3634 5260 ju-

2061 5287 2188 5354 dcx,
2220 5286 2382 5343 homo
2413 5285 2595 5350 rudis;
2645 5282 2861 5340 sublimi
2889 5281 3027 5338 solio
3081 5280 3300 5348 sedens,
3333 5279 3423 5350 qui
3458 5291 3635 5349 neque

2065 5379 2412 5434 tribunalium
2441 5391 2675 5451 unquam
2699 5374 2955 5430 minister
2977 5373 3198 5439 fuisset;
3227 5372 3444 5444 juvenis
3465 5370 3632 5429 casti-

2065 5476 2230 5523 tatem
2280 5467 2552 5524 calumnia
2609 5465 2903 5536 appetitam
2953 5463 3259 5532 ulciscens,
3311 5469 3636 5521 convertens

2063 5569 2337 5616 errantem
2375 5559 2662 5630 populum,
2716 5557 2854 5616 male
2890 5557 3055 5616 latam
3109 5557 3343 5617 civitatis
3371 5555 3635 5613 universae

2131 5751 2174 5779 "
2211 5748 2227 5804 l
2273 5747 2401 5819 Reg.
2447 5761 2563 5814 xvt,
2616 5743 2673 5801 Η
2707 5760 2823 5817 sqq.
