4048 6194
349 163 459 218 243

1248 170 1536 231 HOMILIA
1571 178 1661 235 Vl.
1704 180 1771 236 IN
1802 182 2151 263 DAMELEM
2184 188 2273 243 ET
2296 187 2700 249 SUSANNAM.
3499 197 3602 247 E246

348 279 481 377 λου·
542 283 806 358 Σωσάννῃ
835 284 913 350 δὲ,
971 288 1099 352 τοὺς
1130 289 1359 361 ἀτίμους
1397 294 1677 367 γέροντας.
1737 299 1934 371 Τίθημι

2045 312 2254 362 tutores
2285 308 2586 373 constituo;
2625 308 2764 361 hanc
2808 306 3048 377 quidem,
3112 308 3420 372 muliebris;
3452 309 3599 364 illum

350 371 588 438 τούτους
641 378 1015 446 παιδαγωγοὺς
1057 384 1413 463 σωφροσύνης
1434 402 1450 417 °
1505 390 1606 461 τὴν
1662 392 1781 462 μὲν,
1840 396 1941 464 τῆς

354 465 721 531 γυναικείαςο
754 468 837 521 τὸν
858 470 936 533 δὲ,
972 471 1076 543 τῆς
1104 472 1212 529 τῶν
1241 475 1451 547 ἀνδρῶν
1481 480 1732 552 νεότητος
1755 496 1768 513 ·
1802 482 1941 553 λαμ·

362 556 592 628 πτῆρας
610 559 706 630 τῆς
740 561 1078 633 οίκουμὲνης,
1108 564 1243 637 ἄνθη
1271 566 1372 636 τῆς
1404 568 1771 637 ἀναστάσεως,
1818 590 1941 644 μοιο

366 646 488 716 χῶν
514 649 717 719 κριτάς,
746 652 939 721 γάμων
968 653 1248 726 ὲνθέσμων
1267 657 1532 726 φύλακας.
1557 661 1707 725 Τέως
1730 662 1788 717 δὲ
1810 665 1940 734 περὶ

375 737 549 809 μόνην
582 739 960 812 ἀσχαλήσωμῑν
1003 745 1104 816 τὴν
1155 745 1306 818 ἱεράν
1354 753 1586 817 γυναῖκα
1617 751 1709 806 τὸν
1740 753 1900 823 λόγον
1921 776 1936 789 ·

374 826 475 881 νῦν
498 828 598 898 γάρ
638 830 668 882 ὁ
720 832 919 903 Ἰωσὴφ
970 836 1264 894 ἐπεισόδιόν
1301 840 1416 892 ἐστι
1475 843 1569 899 καὶ
1621 843 1939 918 παρενθήκη

379 922 735 993 mamma
765 923 799 975 ὁ
817 923 1072 998 σώφρων-

447 1014 652 1085 Ἐπειδὴ
680 1014 793 1085 γάρ
820 1018 869 1069 ei
899 1018 1176 1089 γέροντες,
1208 1022 1284 1086 ὡς
1318 1023 1563 1094 ἐνόμιζον
1583 1066 1598 1090 ,
1649 1023 1795 1099 εἶχον
1838 1028 1938 1099 τήν

375 1104 538 1176 θήραν
566 1104 695 1158 εἴσω
724 1105 981 1173 δικτύων,
1004 1112 1367 1184 εἰσεπήδησαν
1397 1115 1454 1169 δὲ
1480 1118 1545 1171 ὲκ
1561 1117 1661 1188 τῆς
1692 1118 1935 1191 ἐνέδρας,

368 1195 440 1258 ὡς
463 1197 658 1251 αὐτίκα
685 1198 1004 1280 ληψόμενοι,
1022 1204 1120 1274 οὐχ
1146 1199 1305 1277 εὗρον
1330 1206 1508 1279 δειλὴν
1529 1209 1626 1280 τὴν
1656 1210 1937 1282 βελτίστην

360 1286 575 1354 ἔλαφον,
606 1288 725 1341 ἀλλ’
758 1291 1158 1365 ἀνθισταμένην
1195 1296 1288 1350 καὶ
1337 1298 1537 1363 αὐτοῖς,
1588 1301 1679 1353 καὶ
1703 1302 1780 1372 τῷ
1808 1301 1938 1373 δρά-

358 1394 507 1431 κοντι
541 1378 621 1449 τῷ
663 1382 777 1434 τῶν
807 1385 1109 1454 γινομένων
1139 1388 1296 1459 αἰτίῳ
1332 1389 1661 1459 (ὀφιοκτόνον
1704 1392 1761 1445 δὲ
1798 1391 1935 1455 ζῶον

355 1472 389 1539 ἡ
419 1470 622 1541 ἔλαφος
644 1486 661 1501 °
713 1475 807 1528 καὶ
838 1476 1021 1541 καλῶς
1067 1472 1225 1551 εὗρεν
1254 1481 1284 1532 ὁ
1312 1480 1470 1549 λόγος
1500 1481 1598 1552 τὴν
1634 1483 1818 1537 εἰκόνα
1840 1484 1934 1537 τοῦ

354 1559 556 1633 ζὼου)’
587 1565 995 1635 παρεκάλεσαν,
1046 1569 1553 1642 ούκηκούσθησαΨ
1594 1557 1931 1646 ἠπείλησαν,

2028 398 2246 462 'autem,
2280 399 2523 453 virorum
2564 400 2860 469 juventutis
2891 416 2904 453 :
2939 400 3089 454 orbis
3137 408 3401 456 tertarum
3444 400 3602 454 Iumi-

2046 489 2229 555 naria,
2277 491 2689 545 resurrectionis
2715 489 2908 557 ﬂores;
2958 490 3320 547 adulterorum
3352 491 3603 562 judiees,

2043 578 2406 649 legitimarum
2454 580 2761 649 nuptiarum
2808 581 3077 639 custodes.
3117 582 3335 638 Interim
3372 596 3522 649 vero,
3551 583 3602 636 in

2042 680 2196 722 sacra
2225 669 2485 723 duntaxat
2506 667 2726 734 femina,
2762 677 2946 723 nostra
2975 680 3219 725 versetur
3237 670 3433 725 oratio.
3451 668 3604 726 Nunc

2043 759 2186 815 enim
2216 765 2401 815 castus
2424 758 2513 813 ille
2547 757 2748 828 Joseph
2768 768 2921 814 extra
2948 769 3321 831 argumentum
3349 775 3415 817 ac
3442 760 3606 816 casti-

2045 846 2169 903 tatis
2196 847 2539 918 parenthesis
2567 857 2671 903 est.

2111 1021 2212 1078 Ubi
2245 1022 2388 1077 enim
2419 1037 2602 1088 senes.
2633 1025 2773 1094 quod
2807 1024 3024 1095 quidem
3059 1024 3481 1090 arbitrabantur,
3518 1025 3604 1079 in-

2043 1125 2125 1170 tra
2161 1114 2299 1171 retia
2334 1116 2670 1170 venationem
2703 1126 2974 1177 tenentes,
3011 1130 3188 1186 exque
3218 1115 3431 1170 insidiis
3459 1159 3473 1182 ,
3508 1131 3623 1169 cen-

2044 1220 2168 1269 mox
2200 1207 2430 1276 capturi,
2460 1206 2750 1272 irruentes,
2783 1207 2913 1271 nihil
2947 1206 3360 1275 pulcherrimam
3388 1220 3603 1261 cervam

2038 1296 2287 1367 pavidam
2304 1297 2622 1358 invenerunt
2644 1299 2712 1362 “,
2738 1297 2830 1353 sed
2852 1297 2953 1352 illis
2985 1297 3188 1366 pariter
3207 1312 3270 1351 ae
3290 1296 3484 1351 fabulae
3508 1311 3604 1349 au-

2036 1387 2169 1442 ctori
2194 1387 2414 1443 draconi
2462 1388 2795 1444 resistentem
2822 1389 3215 1460 (porro-ferunt
3250 1403 3464 1443 cervam
3492 1389 3606 1442 ani—

2040 1480 2151 1541 mal
2174 1494 2298 1535 esse
2337 1480 2675 1548 serpentibus
2704 1480 2961 1547 noxium;
2998 1480 3220 1550 pulchre
3249 1495 3385 1535 vero
3403 1480 3609 1534 invenit

2040 1588 2219 1629 sermo
2254 1574 2508 1628 animalis
2536 1572 2850 1644 imaginem)
2894 1592 2907 1628 :
2939 1574 3051 1640 ubi,
3082 1574 3322 1642 inquam,
3348 1573 3608 1627 obsecra.-

352 1653 416 1706 ού
449 1654 819 1726 κατέπτηξαν.
871 1659 1234 1730 ’Ᾱμηχανοῦσι
1286 1661 1469 1718 λοιπὸν
1525 1666 1573 1718 οἱ
1614 1665 1933 1739 δυσέρωτες,

2039 1675 2185 1731 runt,
2215 1680 2316 1721 nec
2343 1665 2561 1720 fuerunt
2593 1664 2798 1730 auditi;
2835 1663 3147 1718 comminati
3177 1672 3325 1724 sunt,
3359 1675 3458 1717 nec
3488 1676 3608 1729 per-

355 1746 451 1799 καὶ
481 1745 578 1799 δύο
602 1749 717 1810 τοίς
748 1750 1027 1819 μεγίστοις
1054 1752 1388 1823 συνέχονται,
1410 1756 1679 1829 άποτυχίᾳ
1702 1762 1804 1831 τῆς
1823 1761 1940 1814 ὲπι-

353 1837 579 1907 θυμίας,
615 1840 709 1892 καὶ
739 1841 887 1912 φόϐῳ
909 1842 1005 1896 τοῦ
1039 1843 1281 1913 ἐλέγχου.
1343 1846 1634 1903 Ῥάπτουσι
1688 1850 1746 1904 δὲ
1780 1868 1938 1906 συκο-

356 1929 611 1995 φαντίαν,
656 1932 849 2002 μιαραὶ
872 1934 1124 2002 κεφαλαὶ,
1158 1938 1250 1989 καὶ
1276 1937 1432 1993 λύσιν
1466 1938 1562 1992 τοῦ
1595 1940 1766 1996 κακοῦ
1810 1941 1937 1996 ἄλλο

354 2020 527 2074 κακον
552 2019 946 2092 ἐξευρίσκουσι,
992 2025 1084 2078 καὶ
1125 2027 1371 2098 μοιχείας
1415 2028 1680 2101 κάλυμμα
1736 2033 1936 2087 σκευά-

358 2111 540 2173 ζονται
567 2111 748 2179 φόνον.
799 2113 1146 2185 Ἀμαρτωλὸς
1170 2117 1301 2188 γὰρ,
1323 2118 1452 2173 ὅταν
1496 2121 1577 2184 είς
1628 2120 1805 2193 ἀρχὰς
1835 2125 1936 2194 ἑμ-

361 2200 501 2273 πέσῃ
532 2201 1042 2275 πλημμελημάτων,
1067 2204 1257 2278 ὥσπερ
1290 2208 1485 2282 σχοίνῳ
1510 2213 1575 2282 τῇ
1622 2213 1787 2285 ἀρχῇ,
1841 2217 1938 2270 καὶ

362 2293 458 2355 τὶς
496 2293 826 2358 ἀκολούθους
885 2296 1110 2376 ἀνομίας
1165 2299 1470 2369 ἐφέλκεται.
1510 2303 1621 2356 Καὶ
1643 2306 1939 2377 γεννητικὰ

363 2385 618 2460 τυγχάνει
643 2388 753 2442 τῶν
790 2390 970 2442 καλῶν
993 2390 1064 2445 τά
1099 2392 1272 2446 καλά’
1301 2392 1409 2446 τῶν
1458 2394 1516 2447 δὲ
1566 2395 1806 2465 φαύλων,
1868 2399 1939 2453 τά

362 2479 540 2548 ὃμοια.
566 2479 660 2537 Διὸ
691 2481 787 2534 καὶ
809 2481 904 2535 νῦν
944 2483 1103 2552 φόνος
1128 2486 1156 2538 ὁ
1177 2486 1388 2557 καρπὸς
1410 2488 1511 2559 τῆς
1539 2490 1781 2561 μοιχείας
1809 2491 1938 2546 ὐπο-

363 2568 670 2638 6λαστάνει,
697 2573 794 2629 καὶ
819 2574 1091 2647 συνέδριον
1117 2576 1259 2632 κατὰ
1303 2577 1538 2651 σπουδὴν
1568 2580 1825 2652 κάθηται,
1859 2583 1936 2648 ὡς

366 2664 459 2715 ἐπὶ
484 2665 704 2735 μεγάλῳ
731 2666 832 2737 τῆς
853 2668 1111 2735 γυναικὸς
1163 2670 1481 2743 ἀδικήματι,
1532 2674 1626 2726 καὶ
1678 2673 1936 2746 δημαγω-

363 2755 536 2820 γεῖται
573 2755 798 2827 πλῆθος,
818 2757 948 2810 θέαν
970 2757 1091 2829 ἔχον
1123 2760 1222 2831 τὴν
1243 2763 1591 2835 κρινομένην.
1625 2765 1936 2838 Κατήγοροι

358 2844 418 2899 δὲ
439 2846 535 2900 καὶ
561 2845 815 2904 δικασταὶ
846 2852 898 2903 ei
944 2852 1130 2906 αὐτοί·
1167 2855 1262 2908 καὶ
1303 2855 1463 2909 πολιὰ
1529 2858 1936 2927 συκοφαντοῦσα

359 2934 669 3002 ἀξιόπιστος
699 2934 768 3012 ἦν
789 2957 804 2972 ο
832 2941 925 2994 καὶ
975 2942 1162 3013 νεότης
1210 2946 1683 3018 συκοφαντουμένη
1733 2948 1799 3002 ἐκ
1839 2948 1939 3019 τῆς

360 3029 669 3102 κρατούσης
687 3032 932 3096 ἐπινοίας
956 3034 1357 3099 κατεδικάζετο.
1390 3038 1572 3109 Δῆμος
1608 3038 1665 3092 δὲ
1706 3040 1936 3113 ἀναρρι-

362 3120 595 3187 πισθεὶς,
617 3124 709 3179 καὶ
738 3123 950 3189 παθὼν,
981 3125 1011 3181 ὅ
1032 3125 1098 3198 δὴ
1137 3128 1366 3197 πάσχειν
1389 3128 1498 3183 ἀπὸ
1519 3130 1696 3201 ὁρμῆς
1721 3130 1933 3202 ἐμπλή-

363 3230 490 3267 κτου
517 3214 676 3268 εἴωθε
710 3216 905 3287 δῆμος,
942 3218 1241 3288 ἠγανάκτει
1265 3220 1676 3293 πεπλανημένος
1698 3266 1712 3289 ,
1743 3224 1839 3278 καὶ
1866 3226 1933 3297 τῇ

360 3307 500 3375 ὁρμῇ
525 3305 637 3358 τῶν
668 3307 938 3378 γερόντων
966 3309 1379 3381 συνεξεφέρετοσ
1412 3314 1589 3380 γονεῖς
1624 3312 1720 3383 τῆς
1757 3330 1935 3385 κρινο-

365 3395 531 3467 μένης
565 3395 856 3467 ἐθρήνουν⁸
885 3399 1026 3471 ἀνὴρ
1046 3401 1146 3471 τὴν
1175 3402 1457 3472 συμφορὰν
1499 3401 1762 3474 ὠδύρετο’
1809 3407 1936 3457 παῖ-

363 3486 448 3550 δες
471 3487 740 3554 ὠλόλυζον
762 3489 915 3545 ἔνθεν
947 3492 1042 3547 καὶ
1067 3492 1244 3556 ἐνθεν,
1280 3495 1379 3564 τῆς
1408 3496 1613 3567 μητρὸς
1664 3494 1935 3550 κινδυνευ-

363 3578 526 3651 ούσης
545 3581 954 3653 ἀπηρτημένοι.⁸
978 3583 1042 3640 τὸ
1068 3584 1225 3654 γένος
1250 3588 1317 3657 τῇ
1342 3586 1571 3659 αἰσχύνῃ
1605 3586 1930 3649 κεκάλυπτο.

365 3670 430 3723 Οἱ
462 3671 519 3724 δὲ
541 3672 698 3726 καλοὶ
717 3673 989 3741 δικασταὶ,
1026 3675 1076 3731 ei
1101 3676 1204 3748 τῆς
1247 3678 1599 3748 σωφροσύνης
1634 3678 1932 3750 σύμμαχοι,

369 3763 577 3835 σεμνῶς
602 3765 1028 3839 κεκαλυμμένην
1083 3768 1285 3840 ίματίῳ
1339 3768 1495 3839 (οὐδὲ
1545 3770 1649 3842 γὰρ
1699 3771 1792 3823 ἐπὶ
1837 3772 1936 3842 τῆς

370 3855 679 3925 συγχύσεως
705 3857 818 3912 τῶν
858 3858 1043 3912 κακῶν
1098 3859 1299 3929 ἑαυτῆς
1350 3858 1662 3925 ἐπελάθετο,
1696 3859 1808 3925 ἕξιν
1834 3860 1935 3930 τῆς

367 3948 721 4019 κοσμιότητος
779 3949 1041 4022 Exortum)
1101 3952 1438 4025 γυμνοῦσθαι
1482 3953 1583 4022 τῆς
1631 3952 1934 4025 εὐπρεποῦς

369 4040 574 4112 σκέπης
599 4041 918 4108 ἐκέλευσαν,
939 4044 1027 4103 ἵνα
1047 4044 1106 4098 ὲν
1125 4044 1204 4116 τῷ
1234 4042 1569 4115 δικαστηρίῳ
1600 4043 1668 4097 τά
1691 4044 1789 4115 τῆς
1820 4061 1935 4115 μοι·

366 4133 511 4203 χιίας
560 4134 984 4205 ἑνεργάσωνται,
1038 4140 1105 4208 τῇ
1148 4136 1250 4208 θέᾳ
1284 4137 1386 4207 τῆς
1444 4136 1769 4208 κρινομένης
1834 4135 1933 4208 τὴν

366 4225 595 4297 αἰσχρὰν
634 4225 930 4298 ἐπιθυμίαν
974 4228 1562 4299 προσαναπαύσαντεςο
1613 4226 1933 4282 ἐπετίθεσαν

2039 1765 2376 1822 terruerunt;
2400 1756 2654 1825 deinceps
2681 1754 2817 1823 jam,
2848 1755 2985 1809 malo
3014 1764 3185 1810 castra
3212 1751 3404 1824 perciti
3432 1752 3606 1807 homi-

2036 1866 2157 1917 nes,
2185 1849 2394 1905 consilii
2424 1848 2612 1918 inopes
2638 1847 2791 1911 ﬁunt,
2823 1860 2889 1900 ac
2911 1846 3170 1916 utrinque
3200 1845 3408 1903 duobus
3437 1844 3605 1899 maxi-

2039 1941 2142 1997 mis
2168 1949 2458 2011 anguntur,
2495 1939 2639 2013 quod
2681 1939 2791 1994 sint
2826 1938 3055 1993 fraudati
3104 1937 3391 2004 desiderio,
3438 1936 3607 2006 quod-

2037 2046 2145 2102 que
2180 2031 2403 2096 sceleris
2424 2030 2576 2101 argui
2601 2030 2830 2102 possint.
2853 2028 3029 2083 Suunt
3048 2037 3228 2083 autem
3261 2027 3604 2089 calunmiam,

2036 2123 2269 2179 scelesta
2288 2122 2491 2193 capita,
2519 2138 2585 2178 ac
2634 2122 2760 2176 ntali
2785 2121 3109 2178 solutionem
3134 2119 3279 2179 aliud
3300 2120 3609 2190 excogitant

2038 2214 2281 2280 malum,
2326 2213 2680 2285 velamenque
2738 2214 2985 2279 mmehiaa
3063 2226 3249 2269 necem
3313 2212 3605 2267 instruunt.

2037 2304 2299 2361 Peccator
2323 2307 2490 2369 enim,
2518 2308 2802 2377 postquam
2831 2307 2885 2360 in
2918 2305 3089 2376 prima
3121 2304 3314 2361 delicta
3338 2303 3604 2365 inciderit,

2038 2409 2136 2449 ceu
2180 2393 2329 2460 fune,
2392 2396 2570 2464 primo
2607 2404 2865 2465 peccato,
2926 2394 3162 2465 reliquas
3215 2404 3608 2463 consequenter

2038 2483 2352 2555 iniquitates
2403 2485 2656 2552 attrahit;
2687 2501 2753 2541 ac
2806 2501 2935 2545 vero
2970 2487 3107 2541 bona
3139 2485 3296 2541 benis
3335 2486 3603 2550 oriuntur,

2037 2577 2193 2636 malis
2241 2584 2422 2632 autem
2477 2586 2836 2646 procreantur
2889 2577 3108 2645 similia.
3141 2575 3410 2644 Quocirca
3462 2592 3605 2631 nunc

2038 2684 2251 2740 quoque
2288 2668 2538 2724 adulterii
2588 2668 2799 2725 fructus
2830 2669 3003 2723 caedes
3037 2665 3406 2738 subgerminat
3428 2705 3445 2730 ,
3470 2666 3605 2721 cito-

2038 2778 2142 2834 que
2175 2777 2274 2821 ceu
2309 2777 2406 2833 pro
2442 2776 2636 2832 magno
2664 2759 2880 2821 femina:
2918 2759 3159 2826 scelere,
3202 2760 3487 2816 concilium
3519 2775 3606 2814 se.

2039 2855 2160 2918 det,
2197 2867 2261 2907 ac
2291 2852 2577 2907 multitudo
2605 2850 2867 2920 judicium
2914 2858 3249 2920 spectatura,
3304 2850 3357 2905 in
3386 2850 3604 2905 concio-

2040 2960 2163 3001 nem
2213 2955 2459 3001 vocatur.
2506 2943 2706 3009 Porro,
2767 2943 2930 3002 iidem
2980 2943 3083 3013 ipsi
3138 2950 3488 2999 accusatores
3541 2959 3604 2997 ac

2031 3037 2244 3108 judiees
2275 3046 2466 3101 erant;
2499 3026 2766 3105 fidemque
2792 3034 3118 3089 calumniam
3141 3044 3357 3091 struens
3381 3034 3606 3089 canities

2038 3127 2302 3192 habebat;
2333 3126 2583 3197 juventus
2614 3135 2792 3184 autem
2826 3124 3149 3179 calumniam
3174 3124 3383 3194 patiens
3409 3124 3477 3178 ab
3507 3124 3605 3179 ob-

2039 3220 2242 3275 tinente
2281 3217 2532 3288 opinione
2561 3216 2928 3287 praeiudicium
2979 3216 3210 3272 ferebat.
3248 3216 3330 3271 Ad
3365 3216 3482 3271 lucc
3511 3230 3605 3271 ex-

2036 3314 2232 3368 citatus
2264 3308 2514 3382 populus,
2536 3309 2696 3380 idque
2725 3308 2969 3378 patiens,
3009 3307 3150 3378 quod
3182 3308 3250 3364 ab
3275 3308 3473 3364 stolido
3500 3308 3604 3362 im-

2035 3412 2161 3474 petu
2214 3400 2437 3472 populus
2492 3400 2605 3470 pati
2637 3400 2800 3466 solet,
2847 3415 3033 3457 errore
3068 3400 3469 3471 indignabatur,
3518 3414 3607 3456 se-

2038 3510 2276 3564 numque
2296 3494 2556 3563 impetum
2590 3507 2693 3546 una
2718 3491 3071 3562 sequebatur.
3094 3491 3223 3549 {ica
3243 3501 3375 3547 acta:
3393 3491 3606 3549 feminae

2038 3596 2289 3657 parentes
2338 3584 2796 3651 lamentabantur,
2854 3583 3072 3654 lugebat
3116 3584 3342 3637 maritus
3399 3582 3603 3636 tristem

2036 3693 2219 3732 casum
2248 3676 2379 3744 ,tilii
2434 3676 2560 3729 hinc
2607 3674 2732 3729 inde
2782 3675 2943 3727 matri
2974 3673 3029 3727 in
3084 3673 3325 3743 periculo
3369 3673 3605 3727 versanti

2038 3769 2331 3832 haerentes,
2367 3766 2594 3836 lugubre
2624 3765 2752 3835 quid
2778 3764 3241 3830 vociferabantur;
3276 3779 3446 3831 genus
3483 3764 3606 3816 uni—

2034 3874 2250 3915 versum
2280 3872 2391 3927 prae
2418 3856 2622 3926 pudore
2663 3854 3113 3910 abscondebatur.
3143 3852 3395 3906 Praeclari
3421 3863 3603 3905 autem

2036 3949 2110 4004 illi
2148 3948 2356 4018 iudices
2408 3960 2474 4001 ac
2529 3945 2799 4000 castitatis
2845 3943 3118 4010 vindices,
3174 3942 3401 3998 honeste
3444 3944 3605 4014 pallio

2032 4042 2300 4098 obtectam
2334 4038 2549 4113 (neque
2587 4036 2730 4092 enim
2763 4035 2847 4091 vel
2880 4038 2936 4092 in
2992 4035 3256 4091 malorum
3287 4035 3607 4091 confusione

2033 4131 2117 4188 sui
2146 4132 2263 4201 ipsa
2296 4127 2742 4192 obliviscebatur,
2760 4129 3064 4189 honestatis
3080 4127 3323 4182 habitum
3355 4127 3604 4198 habens.)

2035 4223 2264 4279 honesto
2311 4220 2572 4290 ejusmodi
2624 4228 2934 4292 legumento
2976 4218 3168 4273 nudari
3208 4216 3460 4286 iussere,
3496 4234 3605 4287 quo

366 4315 422 4369 δὲ
476 4318 573 4372 καὶ
595 4317 699 4382 τὰς
732 4322 921 4392 χεῖρας
968 4323 1035 4392 τῇ
1073 4319 1282 4390 κεφαλῇ
1317 4319 1372 4392 (δ
1415 4319 1482 4391 δὴ
1532 4318 1798 4391 σύμϐολον
1833 4320 1933 4390 τῆς

2037 4327 2134 4382 pro
2163 4310 2407 4367 mtechiac
2441 4309 2726 4372 tribunali,
2770 4306 3057 4363 mtechiam
3103 4314 3429 4375 upcrantes,
3455 4305 3602 4375 judi-

368 4410 741 4481 κατακρίσεως
779 4406 849 4482 ἦν
871 4412 913 4481 ),
973 4411 1285 4482 χραίνοντες
1338 4410 1495 4482 σῶμα
1551 4410 1832 4482 καθαρὸν,
1878 4413 1926 4464 oi

368 4500 671 4567 ἀκόλαστοι,
704 4506 773 4575 τῇ
798 4504 934 4574 ἀφῇ,
966 4502 1060 4556 καὶ
1090 4503 1212 4557 κατ’
1244 4502 1411 4571 αὐτῆς
1459 4501 1831 4573 ἐδημηγόρουν
1867 4500 1928 4557 τὸ

369 4590 573 4660 ψεῦδος,
600 4595 651 4646 ei
680 4593 834 4647 καλοὶ
860 4594 958 4666 τῆς
985 4593 1246 4665 ἀληθείας
1281 4590 1600 4664 προστάται.

445 4865 530 4928 ἀς
551 4866 612 4919 δὲ
635 4868 665 4920 ὁ
693 4865 821 4930 λαὸς
848 4865 1087 4937 ὑπήχθη.
1111 4867 1206 4920 καὶ
1234 4868 1269 4938 ἠ
1305 4866 1486 4936 ψῆφος
1515 4862 1735 4936 ἠνέχθην
1769 4862 1863 4916 καὶ
1894 4864 1927 4933 ἡ

370 4957 599 5030 τιμωρία
618 4957 844 5028 πλησίον
879 4953 971 5029 ἦν,
1004 4957 1299 5029 ἀνέϐλεψεν
1326 4959 1448 5012 τότε
1485 4959 1519 5028 ή
1566 4971 1931 5025 συκοφαντου-

374 5047 500 5118 μένη
522 5048 659 5118 πρὸς
678 5048 771 5101 τὸν
800 5048 1065 5121 δικαστὴν
1090 5047 1199 5102 τῶν
1221 5048 1424 5119 κριτῶν
1447 5064 1462 5078 ·
1520 5048 1783 5118 ἐφέσιμον
1829 5044 1931 5115 τὴν

365 5139 516 5211 δίκην
545 5140 605 5205 ἐξ
622 5139 924 5213 ἀνθρώπων
960 5141 1136 5212 ἤγαγε
1167 5140 1303 5211 πρὸς
1342 5140 1434 5193 τὸν
1463 5139 1600 5193 Θεόν
1618 5154 1635 5168 ·
1667 5136 1933 5192 ἐπεκαλέ-

373 5247 494 5285 σατο
526 5233 587 5286 τὸ
615 5233 1049 5305 ἀπαραλόγιστον
1077 5222 1445 5303 δικαστήριον,
1501 5230 1595 5285 καὶ
1637 5231 1737 5284 οὐκ
1766 5229 1929 5301 ἑδρά-

367 5323 570 5397 δυνενή
607 5325 854 5396 ἀλήθεια.
900 5324 1182 5395 ’Λνάστηθί
1228 5342 1316 5396 μοι
1348 5323 1552 5385 λοιπὸν,
1590 5315 1635 5375 ὦ
1691 5322 1926 5394 μακάριε

367 5414 575 5485 Δανιὴλ,
609 5416 707 5487 καὶ
752 5414 850 5468 νῦν
883 5415 975 5468 ἐπὶ
1004 5413 1095 5468 τοῦ
1147 5413 1303 5483 λόγου
1333 5454 1344 5480 ,
1380 5412 1456 5477 ὡς
1497 5411 1787 5485 διηγέρθης
1834 5414 1926 5466 καὶ

432 5586 476 5622 ε²
505 5590 658 5647 Prov.
693 5610 746 5661 ν,
786 5593 869 5648 19.

2034 4403 2220 4459 eaad-.9
2264 4401 2504 4459 mulieris
2559 4407 2780 4470 aspectu
2823 4409 3033 4467 turpem
3060 4396 3406 4469 cupiditatem
3446 4396 3602 4453 seda-

2035 4503 2191 4559 rent;
2235 4492 2329 4551 sed
2374 4501 2432 4547 et
2480 4506 2672 4548 manus
2724 4490 2886 4561 capiti
2932 4490 3271 4560 impatientes
3317 4490 3437 4561 (pro
3479 4488 3602 4543 Ialm

2030 4586 2276 4658 symbolo
2304 4582 2706 4653 damnationis).
2736 4582 2992 4641 mundum
3018 4581 3147 4636 illud
3176 4595 3395 4650 corpus,
3422 4580 3598 4650 impu-

2028 4678 2133 4735 diei
2166 4676 2410 4733 homines
2445 4683 2696 4731 contactu
2719 4672 3062 4743 polluebant;
3102 4686 3165 4727 ac
3197 4678 3385 4745 contra
3437 4684 3555 4724 eam
3583 4709 3599 4734 ,

2031 4767 2154 4825 belli
2178 4765 2420 4829 veritatis
2440 4764 2712 4834 praesides,
2732 4762 2922 4821 talsum
2941 4777 3036 4831 pro
3064 4760 3325 4817 concione
3350 4761 3598 4816 orabant.

2110 4857 2211 4915 L'bi
2260 4868 2716 4927 porro,persuaso
2764 4852 3127 4924 populo,jam
3175 4852 3441 4915 sententia
3490 4853 3599 4909 lata

2033 4960 2178 5007 esset
2206 4987 2223 5011 ,
2270 4962 2335 5003 ac
2385 4960 2544 5015 pmna
2591 4945 2854 5009 instaret,
2890 4953 3019 5001 tunc
3066 4942 3390 5000 calumniam
3442 4959 3600 5015 passa

2037 5042 2231 5097 nnilier
2262 5039 2330 5095 ad
2367 5038 2611 5108 judicum
2643 5039 2791 5092 illum
2832 5035 3073 5107 judicetn
3121 5036 3377 5107 aspexit:
3421 5052 3601 5093 causa:

2040 5133 2411 5191 remissionem
2443 5132 2509 5184 ab
2548 5130 2859 5187 hominibus
2898 5129 2952 5189 in
2988 5130 3152 5184 Deum
3185 5130 3480 5186 transtulit.
3511 5131 3599 5185 ln-

2036 5227 2248 5283 vocavit
2288 5222 2525 5279 tribunal
2553 5222 2679 5279 illud
2707 5222 2847 5291 quod
2880 5220 2990 5275 falli
3030 5221 3248 5289 nequit;
3275 5235 3374 5277 nec
3400 5221 3599 5277 veritas

2034 5319 2329 5390 quidquam
2370 5314 2624 5368 tardavit.
2656 5310 2733 5365 Tu
2774 5310 2902 5365 mihi
2938 5310 3052 5379 jam
3107 5325 3355 5381 quoque,
3382 5327 3418 5367 ο
3447 5314 3599 5366 beate

2036 5407 2242 5472 Daniel,
2280 5422 2382 5475 qua
2416 5414 2541 5459 tunc
2577 5402 2785 5457 ratione
2830 5416 2858 5455 a
2894 5401 3097 5472 Spiritu
3129 5402 3397 5459 excitatus
3419 5417 3480 5458 es
3501 5440 3514 5467 ,
3546 5403 3595 5455 in
