4048 6194
421 164 525 219 ΞΠ
1691 162 1750 218 S.
1789 160 2013 217 ASTER

2119 162 2410 220 \MASENI
3563 163 3673 220 258

420 293 673 336 sermone
702 295 949 352 exsurge.
977 281 1072 337 Die
1097 293 1152 336 tu
1181 280 1343 336 etiam
1375 299 1388 336 :
1427 280 1686 336 Innocens
1709 297 1803 351 ego
1829 298 1860 334 α
1883 296 2002 334 san-

2119 279 2224 332 ιότε
2285 281 2432 351 παρὰ
2473 281 2566 334 τοῦ
2602 281 2954 352 Πνεύματοςο
3010 281 3134 336 είπὲ
3170 280 3265 334 καὶ
3323 280 3407 344 σὺ,
3465 279 3676 348 Ἀθῶός

421 376 578 443 gnine
609 374 788 444 hujus,
818 373 1086 445 quomodo
1127 383 1314 444 postea
1362 371 1568 428 Pilatus
1608 374 1870 428 adversus
1911 376 1995 428 l'u-

2119 375 2215 441 ιὶμι
2251 373 2368 426 ἀπὸ
2395 372 2502 426 τοῦ
2525 375 2772 442 αἳματος
2791 375 3033 441 ταύτης,
3059 374 3134 438 ὡς
3159 375 3252 428 καὶ
3273 373 3502 438 Πιλᾶτος
3527 373 3676 427 ὔστε-

425 475 608 520 rentes
639 465 891 520 llebrteos
914 465 982 518 ".
1024 463 1162 518 Voca
1195 465 1388 518 iterum
1423 465 1489 518 ad
1531 463 1790 531 judicium
1825 479 1996 534 popu-

2119 481 2193 516 ιον
2231 463 2372 518 κατὰ
2404 465 2514 518 τῶν
2537 464 2875 536 μαινόμενων
2921 464 3207 537 Ἐϐραίων.
3269 463 3554 518 Ἀνάλυσον
3582 463 3678 518 τὸν

2099 553 2226 608 λαὸν
2251 555 2344 608 ἐπὶ
2365 553 2426 607 τὸ
2453 555 2770 625 κριτήριον
2805 553 2894 617 δὺς
2948 553 3121 625 ἀρχὴν
3172 555 3238 624 τῇ
3288 552 3434 622 δίκῃ,
3490 550 3677 616 κακῶς

2099 639 2444 714 τελεσθείσῃ·
2508 641 2706 711 στῆσον
2744 641 3095 712 κρινομένους
3131 640 3514 710 ψευδωνύμους
3552 658 3677 712 κριο

2098 734 2229 796 τὰς’
2260 733 2604 803 ἐναλλαγήτω
2634 732 2744 785 τῶν
2784 733 3103 804 προστατῶν
3135 735 3167 803 ἡ
3195 731 3372 800 τάξις,
3413 733 3508 785 καὶ
3545 731 3681 784 θεω-

2104 825 2331 896 ρείτωή
2380 824 2516 894 γυνὴ
2567 825 2693 888 τοὺς
2743 824 3026 896 γέροντας,
3070 824 3146 887 ὡς
3171 823 3308 893 αὐτὴ
3337 823 3444 895 πρὸ
3495 823 3680 891 ὀλίγου

2101 916 2278 987 θέαμα
2297 917 2396 987 τῆς
2419 916 2626 980 πόλεως
2645 913 2732 988 ἦν.
2760 919 2982 988 Κρῖνον,
3002 918 3030 970 ὁ
3051 915 3416 987 αἰχμάλωτος,
3435 917 3562 979 τοὺς
3582 933 3684 969 πο-

2100 1007 2286 1070 λίτας·
2321 1009 2350 1060 ὁ
2377 1006 2544 1073 ξένος,
2579 1007 2704 1070 τοὺς
2756 1007 3055 1078 ἐγχωρίους
3076 1022 3090 1036 ο
3149 1007 3178 1059 ὁ
3207 1006 3325 1070 νέος
3349 1045 3365 1070 ,
3407 1008 3533 1070 τοὺς
3568 1023 3680 1061 πα·-

2101 1097 2300 1161 λαιούς.
2334 1097 2552 1169 Χρῆσον
2585 1097 2738 1166 ἅγιον
2768 1097 2941 1168 στόμα
2985 1097 3063 1167 τῷ
3100 1098 3374 1168 Πνεύματι
3400 1117 3412 1130 ·
3461 1099 3523 1151 οὐ
3574 1100 3682 1171 γὰρ

2101 1190 2386 1261 ἀκάθαρτα
2436 1190 2588 1262 χείλη
2645 1189 2817 1260 ἔχεις,
2848 1190 2925 1254 ὡς
2969 1191 3196 1255 Ἡσαΐας
3223 1191 3383 1244 αὐτὸν
3415 1192 3684 1260 ἐξευτελί-

2101 1275 2208 1339 ζων
2234 1278 2425 1348 φησίν⁹
2461 1261 2583 1330 ούδέ
2609 1278 2727 1342 ἐνὸς
2757 1278 2867 1332 τῶν
2889 1261 3160 1350 σεραφεὶμ
3183 1319 3198 1345 ,
3228 1281 3320 1334 καὶ
3350 1281 3444 1334 τοῦ
3477 1282 3686 1354 καθαρο

2103 1368 2220 1420 σίου
2248 1367 2520 1438 ἄνθρακος
2549 1369 2790 1440 χρῄζεις.
2827 1369 3092 1442 Χὼρησον
3120 1371 3299 1440 σοφῶς
3319 1375 3445 1436 τοὺς
3469 1372 3683 1443 ψευδω-

430 1467 696 1522 insiliant.
727 1467 860 1523 Nam
891 1477 947 1524 et
976 1470 1106 1526 illud
1154 1472 1447 1539 prudenter
1474 1470 1870 1538 intelligamus,
1895 1484 2001 1539 quo

2119 1457 2304 1528 ρύμους
2335 1458 2546 1529 κριτὰς,
2581 1459 2668 1511 ἵνα
2703 1459 2778 1530 μὴ
2803 1459 2894 1512 καὶ
2919 1463 3038 1523 ταῖς
3065 1464 3184 1524 σαῖς
3213 1463 3513 1534 ἐρωτήσεσι
3543 1480 3685 1534 συμ-

433 1570 513 1615 ter
551 1561 741 1616 beatus
781 1578 915 1632 puer
954 1562 1240 1617 verborum
1277 1572 1463 1617 tenore
1501 1563 1571 1616 sit
1604 1577 1760 1617 orsus
1793 1575 2001 1617 sermo-

2119 1549 2294 1619 ρώνως
2357 1550 2764 1622 ἐπιπηδήσωσιν
2797 1591 2812 1615 ,
2873 1551 2950 1615 ὼς
3002 1553 3059 1606 ἐν
3119 1552 3196 1624 τῷ
3245 1554 3556 1627 παραδείσῳ
3609 1558 3683 1626 τῇ

434 1667 553 1706 nem
589 1671 602 1706 :
650 1654 942 1708 lnveterate
985 1655 1188 1708 dierum
1236 1654 1540 1708 malorum:
1576 1670 1714 1708 num:
1754 1663 1999 1708 venerunt

2119 1642 2340 1710 γυναικί.
2379 1643 2479 1696 Οἴα
2511 1621 2620 1713 γὰρ
2645 1644 2737 1697 καὶ
2762 1644 2794 1714 ἡ
2822 1643 2965 1715 ἀρχὴ
2991 1644 3099 1698 τῶν
3133 1621 3307 1715 λόγων
3325 1621 3420 1700 τοῦ
3447 1621 3684 1719 τρίσμ.α;

432 1753 641 1812 peccata
669 1753 761 1797 tua
783 1761 900 1813 quae
930 1745 1160 1814 faciebas
1188 1747 1368 1812 prius,
1408 1745 1759 1798 condemnans
1792 1743 2000 1813 quidem

2119 1732 2296 1803 ιαρίου
2335 1732 2542 1797 παιδὸς,
2576 1735 2813 1798 συνετῶς
2844 1736 3251 1806 καταμάθωμεν
3271 1754 3284 1768 ·
3335 1740 3684 1792 [lemurum-

432 1835 680 1898 imonles,
703 1835 966 1888 absolvens
988 1851 1104 1889 vero
1127 1852 1261 1889 reos.
1289 1836 1333 1889 0
1359 1835 1703 1900 miraculum,
1729 1849 2002 1904 magnaru-

2119 1821 2244 1876 xére
2271 1822 2507 1892 ἡμερῶν
2523 1823 2724 1878 κακῶν
2742 1841 2754 1853 ·
2784 1825 2903 1880 νῦν
2932 1827 3121 1895 ἥκασί
3144 1844 3260 1882 σου
3305 1832 3361 1884 αἱ
3381 1829 3680 1898 ἁμαρτίαι,

432 1940 536 1991 que
579 1925 814 1994 Spiritus
861 1925 1201 1980 libertatem!
1249 1924 1352 1980 Ubi
1402 1926 1537 1979 enim
1581 1923 1808 1996 Spiritus
1854 1935 1998 1988 erat,

2119 1911 2176 1978 ἲς
2207 1913 2431 1980 ἐποίεις
2469 1913 2534 1966 τὸ
2563 1914 2870 1984 πρότερον,
2908 1917 3050 1983 τοὺς
3079 1918 3200 1986 μὲν
3231 1917 3463 1982 ἀθώους
3503 1935 3682 1972 κατα-

433 2018 542 2070 illic
567 2017 778 2072 libertas
802 2018 869 2071 ⁸⁸.
907 2017 1110 2072 Videtis
1136 2017 1304 2083 enim,
1327 2028 1384 2072 ut
1412 2032 1586 2087 neque
1617 2019 1669 2072 in
1699 2018 1815 2086 ipso
1840 2031 2003 2071 exor-

2119 2005 2342 2072 ιιρίνων,
2377 2005 2665 2059 ἀπολύων
2685 2005 2754 2060 δὲ
2783 2007 2926 2074 τοὺς
2949 2010 3200 2075 αίτίους.
3237 2011 3303 2062 Ὢ
3342 2009 3436 2062 τοῦ
3463 2009 3680 2080 θαύμα-

433 2108 521 2160 dio
547 2107 765 2172 timeat;
788 2108 880 2162 sed
895 2116 951 2160 ut
975 2108 1026 2162 in
1055 2108 1160 2162 ima
1186 2108 1298 2177 ipsa
1321 2108 1668 2162 conscientia:
1692 2107 2001 2171 intendens,

2119 2113 2214 2159 τος,
2246 2095 2459 2165 καὶτῆς
2491 2097 2734 2169 μεγάλης
2757 2098 3070 2170 ἐλευθερίας
3097 2099 3192 2153 τοῦ
3220 2100 3566 2171 Πνεύματοςι
3591 2093 3684 2153 Οὗ

433 2212 498 2251 ac
550 2198 763 2252 animos
811 2213 998 2252 senum
1052 2209 1395 2269 peccatorum
1439 2199 1732 2269 apothecas
1775 2199 2001 2264 videns,

2119 2186 2214 2257 Γὰρ
2244 2188 2310 2241 τὸ
2332 2188 2568 2259 πνεῦμα
2593 2186 2691 2259 ἧν,
2722 2191 3047 2259 ἐλευθερία.
3092 2193 3287 2264 Ὁρᾶτε
3309 2193 3439 2265 γὰρ,
3461 2193 3535 2257 ὡς
3556 2193 3682 2247 οὐδὲ

439 2298 608 2344 testes
656 2290 874 2359 quidem
906 2305 970 2345 ac
1015 2291 1363 2360 probationes
1399 2305 1504 2344 non
1543 2299 1784 2359 quaerat;
1817 2290 2006 2345 durius

2119 2285 2164 2335 iv
2201 2281 2504 2352 προοιμίοις
2543 2281 2959 2364 ὑποστέλλεταιέ
2988 2284 3102 2337 ἀλλ’
3143 2288 3222 2350 είς
3260 2285 3320 2338 τὸ
3365 2285 3524 2356 βάθος
3583 2285 3679 2338 τοῦ

435 2389 611 2435 autem
636 2395 732 2451 per
765 2380 1147 2436 contumeliam
1189 2381 1457 2451 appellet,
1491 2390 1551 2436 ut
1589 2383 1680 2451 qui
1710 2381 2004 2450 propheta,

2119 2373 2410 2438 συνειδότος
2446 2374 2779 2440 ἐνατενίσας,
2813 2377 2901 2429 καὶ
2969 2376 3180 2447 βλέπων
3225 2377 3325 2442 τὰς
3360 2377 3537 2448 ψυχὰς
3569 2377 3682 2433 τῶν

435 2474 757 2528 sententiam
782 2474 1038 2544 scriptam
1070 2473 1125 2528 in
1152 2483 1371 2543 pectore
1406 2474 1652 2530 haberet.
1685 2475 1763 2529 Ac
1787 2475 2004 2544 quidem

2119 2467 2380 2539 γερόντων
2442 2467 2725 2539 ἀποθήκας
2769 2470 3052 2541 ἁμαρτιῶν
3080 2512 3095 2538 ,
3133 2471 3415 2543 μάρτυρας
3454 2473 3552 2543 μὲν
3584 2472 3683 2525 καὶ

435 2567 578 2635 quod
603 2573 814 2635 spectat
848 2567 915 2620 ad
941 2567 1138 2634 ipsum,
1171 2580 1269 2620 nec
1292 2565 1584 2636 quidquam
1621 2568 1877 2633 dixisset;
1913 2566 2005 2622 sed

2119 2558 2413 2623 ἀποδείξεις
2444 2560 2504 2612 ού
2539 2562 2724 2630 ζητεῖ·
2762 2560 2994 2631 ὑδρίζων
3049 2561 3106 2615 δέ
3137 2562 3390 2633 ἐπαχθῶς
3439 2579 3684 2634 προσκα-

436 2654 583 2708 nulla
621 2669 773 2709 mora
806 2654 1299 2724 abducijussisset;
1334 2657 1457 2724 quia
1485 2667 1664 2711 tamen
1703 2657 2009 2712 suadendus

2119 2651 2302 2711 λεῐται,
2337 2651 2523 2721 ἐπειδὴ
2543 2653 2641 2723 τὴν
2677 2654 2949 2736 ἀπόφασιν
2984 2655 3096 2725 ἔχει
3147 2655 3535 2727 γεγραμμένην
3587 2655 3686 2709 ἐπὶ

438 2758 558 2802 erat
615 2748 876 2818 insipiens
935 2747 1198 2817 populus,
1251 2747 1504 2817 levesque
1541 2748 1782 2817 judices,
1822 2751 1912 2818 qni
1941 2765 2009 2805 cx

2119 2742 2204 2794 τοῦ
2267 2742 2496 2812 στήθους
2547 2743 2576 2794 ὁ
2626 2746 2930 2815 προφήτης.
2982 2745 3088 2800 Καὶ
3136 2749 3259 2801 ὅσον
3309 2765 3374 2816 γε
3415 2750 3494 2812 εἰς
3520 2748 3686 2802 αὐτὸν

441 2849 683 2894 actorum
716 2837 894 2908 potius
925 2839 1097 2905 canis,
1126 2853 1288 2907 quam
1314 2853 1379 2891 ex
1416 2841 1645 2893 veritate
1679 2840 2011 2906 sanxissent,

2119 2822 2265 2900 ἧκεν,
2304 2833 2404 2886 οὐκ
2433 2832 2498 2885 ἂν
2523 2833 2643 2886 οὐδὲ
2693 2831 2812 2888 εἶπέ
2839 2855 2912 2903 τι,
2955 2837 3069 2890 ἀλλ’
3095 2839 3479 2910 ἁνυπερθέτιος
3511 2842 3577 2910 τῇ
3609 2857 3689 2892 τι·

440 2931 603 2985 ctiam
634 2929 860 2985 seorsim
895 2929 1107 2999 positis,
1147 2928 1590 2999 interrogationis
1628 2930 1850 2985 adhibet
1889 2946 2013 3000 pro-

2119 2921 2297 2993 μωρία
2330 2923 2721 2994 παρέπεμψενο
2751 2926 2840 2979 ἵνα
2869 2926 2926 2980 δὲ
2954 2928 3120 3002 πείσῃ
3161 2928 3288 2983 λαὸν
3330 2931 3560 3001 ἄφρονα,
3592 2930 3690 2983 καὶ

443 3022 751 3084 hationem,
799 3036 973 3091 exque
1007 3021 1222 3076 dissona
1272 3021 1622 3090 responsione
1670 3022 2012 3076 mendacium

2119 3013 2311 3084 κριτὰς
2344 3014 2578 3084 κούφους
2597 3019 2664 3087 τῇ
2696 3018 2858 3089 πολιᾷ
2884 3019 2993 3072 τῶν
3015 3021 3357 3092 κατηγόρων,
3379 3021 3440 3074 ού
3463 3024 3529 3093 τῇ
3558 3021 3693 3090 ἀλη-

443 3115 664 3184 arguit:
707 3129 772 3169 ac
820 3113 927 3168 lata
961 3112 1265 3179 sententia,
1308 3127 1413 3168 non
1444 3113 1796 3169 carniﬁcibus
1851 3115 2018 3170 tradit

2119 3104 2236 3176 θείᾳ
2289 3104 2638 3173 δικάσαντας,
2675 3107 2769 3162 καὶ
2801 3109 2899 3180 τὴν
2958 3113 3153 3181 πεῖραν
3219 3111 3321 3182 τῆς
3371 3113 3692 3182 ἐρωτήσεως

444 3222 603 3272 rens,
650 3206 743 3261 sed
779 3207 980 3261 ultores
1012 3205 1236 3277 angelos
1281 3206 1546 3260 adversus
1592 3221 1688 3261 eos
1735 3208 2012 3262 accersit:

2119 3197 2545 3268 κεχωρισμένοις
2569 3200 2859 3269 προσάγει,
2901 3202 2995 3254 καὶ
3021 3201 3081 3254 τὸ
3105 3201 3301 3272 ψεῦδος
3349 3204 3415 3256 ἐκ
3444 3203 3544 3273 τῆς
3574 3201 3695 3256 δια·-

445 3298 527 3349 sic
559 3296 834 3360 nimirum,
859 3309 1034 3365 eoque
1061 3293 1278 3348 cumulo
1309 3303 1620 3350 sanctorum
1658 3297 1901 3365 provexit
1931 3298 2014 3352 di-

2119 3289 2403 3362 φωνούσης
2456 3292 2802 3363 ἀποκρίσεως
2852 3293 3154 3365 διελέγχειο
3207 3295 3304 3348 καὶ
3369 3296 3467 3366 τὴν
3511 3295 3696 3366 κρίσιν

445 3387 660 3456 gnitas,
703 3396 763 3440 ut
803 3395 858 3442 et
895 3386 1122 3442 virtutes
1161 3385 1460 3442 invisibiles
1503 3384 1608 3441 illis
1649 3386 1910 3457 obsequio
1955 3405 2018 3445 ac

2119 3382 2439 3452 ἐξενεγκὼν,
2460 3385 2521 3439 οὐ
2560 3385 2774 3457 δημίοις
2803 3386 3016 3441 δίδωσιν
3053 3387 3406 3451 ὑπευθύνους,
3453 3388 3568 3441 ἀλλ’
3596 3388 3699 3456 ἀγ-

448 3479 712 3536 ministra:
745 3480 946 3535 adsint.

2119 3473 2312 3541 τέλους
2346 3476 2467 3529 κατ’
2507 3477 2685 3530 αύτῶν
2708 3478 3098 3550 κολαστηρίους
3125 3480 3301 3534 καλεῖ.
3325 3480 3418 3543 Ei;
3441 3478 3699 3532 τοσοῦτον

2119 3566 2230 3638 γὰρ
2256 3567 2468 3638 ηὐξήθη
2496 3569 2558 3622 τὸ
2591 3568 2700 3622 τῶν
2733 3570 2905 3639 ἁγίων
2933 3570 3170 3642 ἀξίωμα,
3216 3570 3292 3634 ὡς
3325 3570 3583 3641 δυνάμεις
3608 3571 3702 3623 ἀο-

2123 3659 2321 3730 ράτους
2345 3659 2490 3731 ἐχειν
2517 3660 2616 3724 τὰς
2640 3662 3084 3734 ύπηρετουμένας
3107 3663 3310 3726 αὐτοῖς.

429 554 562 620 lum,
596 555 772 624 incipe
802 554 948 608 litem
976 553 1116 608 male
1144 553 1472 620 absolutam,
1502 567 1718 608 reorum
1740 553 1859 608 loco
1886 563 1998 608 sta-

423 654 513 699 tue
568 644 684 698 falsi
719 644 955 698 nominis
1002 643 1253 712 judices,
1304 653 1664 699 commutetur
1708 644 1996 712 praesidum
2049 636 2051 639 ’

423 740 574 804 ordo,
604 739 894 806 videatque
935 737 1128 792 mulier
1159 739 1304 794 viros
1329 753 1486 794 senes
1505 778 1520 803 ,
1545 753 1650 808 qua
1691 738 1808 807 ipsa
1839 737 1999 808 paulo

423 839 547 882 ante
578 830 785 884 ratione
817 829 934 883 urbi
962 832 1271 898 spectaculo
1299 830 1420 886 fuit.
1443 830 1521 884 Tu
1549 831 1820 900 captivus,
1852 829 2000 885 cives

419 920 638 988 jndica;
673 920 892 988 boslies,
943 921 1089 975 viros
1131 922 1446 994 indigenas;
1474 921 1691 992 juvenis
1717 961 1732 987 ,
1763 932 1995 975 veteres.

425 1011 716 1066 Commoda
746 1026 959 1066 sacrum
985 1027 1046 1067 os
1072 1013 1334 1083 Spiritui;
1364 1030 1469 1069 non
1493 1016 1636 1070 enim
1672 1015 1836 1069 babes
1859 1013 1998 1068 labia

427 1104 736 1169 immunda,
783 1102 856 1155 uti
897 1119 956 1157 se
1000 1102 1166 1158 Isaias
1201 1104 1538 1173 despiciens,
1581 1104 1657 1158 ait
1696 1105 1774 1170 ⁹⁸;
1823 1119 2000 1173 neque

428 1207 536 1245 nno
579 1194 644 1246 de
675 1193 948 1262 seraphim
1004 1205 1094 1249 aut
1138 1196 1449 1266 purgatorio
1480 1197 1718 1251 carbone
1761 1195 1996 1266 indiges.

428 1283 729 1337 Prudenter
760 1299 949 1354 separa
982 1285 1146 1340 falsos
1173 1287 1386 1357 judices
1406 1327 1424 1349 ,
1454 1295 1510 1340 ut
1557 1303 1626 1342 ne
1660 1287 1766 1341 tuis
1787 1301 2000 1356 quoque

429 1375 971 1445 interrogationibus,
996 1379 1074 1432 uti
1105 1380 1315 1434 mulieri
1347 1381 1397 1433 in
1422 1380 1612 1442 horto,
1641 1379 2000 1434 consensione

518 3743 773 3809 Quaenam
817 3757 947 3797 vero
977 3743 1230 3814 deinceps
1274 3744 1416 3801 facta
1457 3756 1583 3800 sunt
1610 3748 1854 3804 scelestis
1876 3749 2022 3804 seni-

449 3839 585 3891 bus?
638 3836 842 3890 Mutato
881 3836 1123 3904 judicio,
1177 3854 1300 3894 cum
1350 3851 1592 3895 veterum
1639 3842 2010 3912 iniquitatnm,

452 3941 563 3982 tum
598 3931 834 3985 recentis
866 3931 1070 4000 peccati
1099 3946 1288 3999 poenas
1314 3946 1486 3991 morte
1515 3936 1724 4003 daturi;
1765 3946 1871 3990 tota
1897 3953 2024 3993 vero

452 4019 689 4090 Babylon
725 4031 999 4092 gestarum
1049 4040 1230 4080 rerum
1282 4029 1639 4092 miraculum.
1683 4046 1747 4086 ac
1785 4047 1897 4087 rem
1946 4031 2026 4086 sic

453 4127 645 4165 novam
685 4112 736 4166 in
766 4128 862 4168 ore
896 4113 1135 4182 habens,
1161 4116 1330 4172 Deum
1379 4121 1608 4176 canticis
1632 4122 2022 4189 celebrabant,

451 4203 541 4269 qui
575 4201 856 4258 latentium
909 4205 1210 4261 fabularum
1241 4208 1489 4264 notitiam
1531 4211 1585 4265 in
1624 4214 1895 4282 pttblicum
1945 4215 2025 4271 fe-

2193 3751 2328 3806 Τίνα
2349 3752 2419 3806 τὰ
2449 3753 2577 3823 ἑξῆς
2610 3757 2723 3818 τοῖς
2763 3759 2980 3826 μιαροῖς
3005 3755 3265 3826 γέρουσι;
3301 3755 3632 3827 Προετράπη
3667 3756 3702 3826 ἡ

2125 3842 2306 3913 κρίσις
2332 3862 2346 3876 ·
2373 3843 2612 3915 ἀπῆλθον
2644 3843 2724 3908 δὲ,
2758 3844 2853 3898 καὶ
2878 3845 2986 3898 τῶν
3009 3845 3254 3898 παλαιῶν
3282 3843 3571 3915 άνομοιῶν,
3607 3844 3706 3897 καὶ

2123 3934 2222 4004 τῆς
2250 3933 2375 3996 νέας
2401 3933 2695 4006 ἁμαρτίας,
2730 3933 2967 3998 διδόντες
2989 3935 3076 3988 διὰ
3102 3934 3332 3990 θανάτου
3353 3934 3451 4006 τὴν
3503 3934 3663 4004 δίκην
3685 3950 3703 3965 ·

2125 4024 2383 4080 Βαϐυλὼν
2413 4025 2471 4078 δὲ
2497 4027 2642 4079 πᾶσα
2669 4026 2728 4078 τὸ
2776 4026 3079 4098 παράδοξον
3123 4025 3233 4079 τῶν
3279 4026 3582 4098 γενομένων
3614 4025 3712 4081 διὰ

2129 4115 2397 4186 στόματος
2429 4111 2597 4186 εἶχον,
2632 4115 2728 4169 καὶ
2763 4115 2951 4186 ὕμνοις
3001 4117 3092 4170 τὸν
3143 4116 3276 4170 Θεὸν
3333 4119 3706 4189 ἀνευφήμουν,

2127 4208 2219 4262 τὸν
2245 4208 2354 4262 τῶν
2383 4207 2756 4262 λανθανόντων
2781 4207 3075 4281 δραμάτων
3131 4209 3230 4281 τὴν
3285 4208 3484 4278 γνῶσιν
3535 4209 3710 4280 δημο-

451 4294 635 4348 cisset.
669 4294 836 4350 Porro
879 4297 1091 4354 Helcias
1123 4310 1337 4370 recepta
1378 4301 1507 4365 ﬁlia.
1539 4313 1683 4359 totus
1719 4305 1901 4362 animo
1938 4323 2021 4362 re-

2130 4299 2435 4355 σιεύσαντα.
2474 4300 2583 4354 Καὶ
2627 4299 2841 4364 Ἐλκίας
2867 4301 3006 4373 ὑπὲρ
3036 4301 3136 4373 τῆς
3166 4301 3355 4365 παιδὸς
3400 4300 3706 4370 ἀνενεώθηο

453 4398 678 4442 novatus
747 4399 859 4456 est;
936 4388 1217 4457 Joachim,
1286 4394 1483 4450 festum
1560 4397 1798 4453 victoria:
1879 4400 2021 4457 diem

452 4481 646 4534 cecinit
710 4495 808 4549 pro
857 4497 1057 4548 uxore;
1120 4483 1247 4550 ﬁlii,
1301 4501 1441 4542 verte
1524 4487 1667 4545 illius
1734 4505 1798 4545 ac
1861 4502 2024 4549 castae

455 4575 708 4641 pignora,
766 4573 1003 4631 vultibus
1056 4576 1253 4634 blande
1317 4579 1382 4633 ad
1435 4579 1601 4634 risum
1669 4585 2016 4653 compositis,

453 4663 591 4717 circa
653 4673 876 4718 matrem
943 4667 1278 4736 gestiebant,
1349 4669 1648 4740 llebilisque
1704 4673 1792 4728 ille
1856 4673 2031 4736 luctus

457 4765 598 4809 totus
653 4755 704 4809 in
761 4755 1000 4811 lretitiam
1046 4760 1231 4814 cessit.
1277 4761 1382 4816 Vos
1437 4771 1658 4827 autem,
1710 4763 2032 4838 Christipo-

463 4845 655 4915 pulns,
734 4847 980 4917 piissima
1047 4864 1113 4905 ac
1173 4851 1375 4906 salubri
1444 4854 1625 4908 audita
1674 4858 2026 4926 narratione,

459 4951 525 4989 ne
610 4935 944 5007 negligenter
1020 4942 1257 4995 auditam
1302 4946 1692 5012 pnetereatis:
1751 4949 1879 5019 quin
1922 4951 2032 5007 imo

457 5027 717 5085 doctrina:
741 5045 804 5085 ac
827 5031 1232 5090 exercitationis
1256 5037 1377 5091 vitae
1401 5047 1799 5107 argumentum.
1821 5056 2032 5096 sermo-

461 5135 580 5174 nem
607 5123 915 5178 assumatis.
942 5124 1047 5179 Vos
1074 5123 1307 5192 feminze,
1332 5129 1656 5183 :nnmlamini
1688 5129 1991 5185 Susannam
2012 5172 2030 5197 ,

459 5209 540 5261 sic
573 5212 705 5265 viris
735 5215 1040 5268 castitatem
1073 5227 1289 5272 servate
1314 5258 1330 5282 ,
1357 5217 1435 5271 nti
1487 5233 1584 5272 suo
1635 5217 1723 5271 illa
1755 5221 2028 5285 servavit;

464 5296 758 5368 maluitque
804 5293 913 5369 pati
965 5319 1030 5358 ac
1079 5305 1231 5360 adire
1281 5305 1743 5373 perirula,qnam
1800 5309 2031 5362 mtechia

465 5387 632 5442 Deum
662 5405 987 5461 provocare,
1018 5397 1132 5451 viro
1173 5399 1424 5466 probrum
1479 5399 1687 5461 facere,
1747 5399 1935 5453 domos
1969 5416 2035 5456 ac

535 5566 581 5600 "
621 5566 1004 5632 Mitllll.1.\‘\’ll,
1031 5570 1120 5625 24.
1195 5575 1240 5604 ’θ
1275 5574 1376 5630 lsa.
1409 5589 1481 5641 \‘l,
1638 5576 1680 5606 ”
1712 5574 1750 5628 ll
1776 5575 1898 5630 Cor.
1933 5592 2010 5642 ιιι,
2043 5577 2119 5632 l7.

2146 4393 2405 4463 Ἰωακεὶμ
2447 4394 2548 4466 τὴν
2570 4392 2836 4448 ἐπινίκιον
2857 4390 2989 4467 ᾖσεν
3017 4393 3158 4465 ὑπὲρ
3179 4392 3280 4460 τῆς
3304 4393 3562 4462 γυναικὸς
3586 4393 3716 4464 ἐορ-

2131 4487 2232 4558 τήν
2252 4501 2265 4513 ‘
2303 4486 2490 4550 παῖδες
2513 4486 2590 4552 δέ,
2619 4485 2847 4557 γνησίας
2886 4487 2981 4540 καὶ
3009 4487 3107 4556 τῆς
3161 4483 3436 4556 σώφρονος
3482 4484 3709 4553 ἔκγονα,

2135 4595 2200 4647 με
2210 4577 2382 4632 ιδιῶσι
2410 4577 2720 4649 προσώποις
2740 4577 2837 4649 τὴν
2859 4577 3068 4650 μητέρα
3088 4577 3501 4648 περιεσκίρτων,
3528 4577 3621 4630 καὶ
3647 4578 3714 4630 τὸ

2131 4671 2442 4742 πολύδακρυ
2499 4669 2694 4732 πένθος
2740 4669 3149 4740 μετεσκευάσθη
3201 4670 3281 4732 είς
3340 4668 3709 4739 εὐφροσύνην.

2142 4761 2331 4832 Ὑμεῖς
2381 4761 2458 4822 δὲ,
2513 4754 2558 4812 ὧ
2588 4760 2681 4814 τοῦ
2714 4760 2951 4832 Χριστοῦ
2984 4759 3131 4826 λαὸς,
3181 4759 3574 4832 εύσεσεστάτης
3612 4761 3712 4814 καὶ

2127 4848 2464 4921 ψυχοφελοῦς
2494 4849 2734 4920 ἱστορίας
2762 4848 3113 4913 ἀκούσαντες,
3143 4850 3218 4920 μὴ
3259 4851 3568 4923 ἀδιαφόρως
3607 4850 3713 4922 τὴν

2131 4941 2302 5012 ἀκοὴν
2326 4939 2722 5012 παραδράμητε
2745 4957 2759 4971 ο
2797 4939 2934 4996 ἀλλὰ
2961 4941 3212 4996 παιδείαν
3237 4943 3331 4996 καὶ
3350 4943 3581 5014 ἄσκησιν
3610 4942 3712 4997 τοῦ

2131 5033 2399 5104 ὑμετέρου
2423 5031 2538 5102 βίου
2562 5033 2654 5086 τὸν
2677 5031 2834 5102 λόγον
2865 5033 3181 5104 ποιήσασθε.
3211 5036 3277 5087 Δί
3306 5038 3581 5103 γυναῖκες,
3609 5035 3713 5106 ζη-

2129 5122 2336 5175 λώσατε
2366 5122 2464 5193 τὴν
2494 5121 2808 5176 Σωσάνναν·
2843 5123 2984 5176 οὕτω
3010 5123 3280 5192 φυλάξατε
3330 5128 3444 5188 τοῖς
3482 5125 3713 5196 ἀνδράσι

2131 5213 2229 5284 τὴν
2260 5215 2635 5286 σωφροσύνην,
2676 5216 2753 5280 ὡς
2786 5218 2970 5288 ἐκείνη
3019 5217 3098 5288 τῷ
3154 5217 3353 5288 ἑαυτῆς
3373 5233 3386 5248 ⁸
3420 5216 3614 5271 παθεῖν
3648 5235 3710 5271 τε

2133 5307 2225 5360 καὶ
2250 5307 2577 5362 κινδυνεύειν
2606 5309 2965 5375 καταδέξασθε
2997 5310 3215 5379 μᾶλλον,
3241 5309 3273 5378 ἧ
3327 5309 3539 5380 μοιχείᾳ
3575 5309 3712 5365 Θεὸν

2137 5399 2510 5471 παροργίζειν,
2542 5401 2708 5473 ἄνδρα
2741 5401 3140 5472 καταισχύνειν,
3169 5401 3349 5463 οἴκους
3381 5402 3475 5456 καὶ
3523 5403 3714 5466 ἑστίας
