4048 6194
246 277 352 335 τις)

1176 282 1463 344 Βυηιιιλ
1499 288 1613 349 γη.
1640 292 1710 348 IN
1746 292 2071 354 CECUMA
2108 296 2548 356 NATIVITATE.

3391 310 3498 367 250

247 400 627 497 ξξαφανίζειν,
654 399 841 465 παῖδας
854 400 1191 472 ἀμφιϐόλους
1207 406 1554 478 ἐργάζεσθαι.
1577 412 1641 465 Οί
1662 428 1833 485 πρεσ-

1945 417 2164 473 lamilias
2199 418 2455 488 perdere,
2493 417 2686 477 dubias
2728 419 2906 487 proles
2939 421 3138 480 facere.
3172 421 3278 480 Vos
3309 440 3501 497 senes,

249 493 437 559 ϐύται,
477 494 611 558 τοὺς
642 494 905 557 τοιούτους
930 497 1200 566 μισήσατε
1233 499 1529 570 γέροντας·
1583 504 1633 557 οἱ
1672 503 1831 559 δυνά-

249 602 401 651 σται,
436 585 714 656 φοϐήθητε
759 585 863 639 τῶν
918 587 1123 659 κριτῶν
1178 592 1512 663 παρανόμων
1543 595 1606 648 τὸ
1642 594 1828 662 τέλος·

249 679 299 731 οἱ
328 677 472 742 νέοι,
506 676 804 748 μιμήσασθε
822 676 914 730 τὸν
944 678 1241 753 ἡλικιώτην
1269 682 1359 736 τὸν
1387 683 1526 751 νέον,
1563 686 1628 739 ἶν’
1656 686 1833 753 οῦτως

255 768 505 839 ἑκάστης
525 767 733 839 ήλικίας
762 770 844 832 είς
861 769 955 823 τὸν
985 769 1156 825 τύπον
1184 772 1293 826 τῶν
1320 773 1502 828 καλῶν
1529 777 1833 848 μορφωθεί-

260 875 389 928 σης,
448 859 506 911 τὸ
551 861 652 913 πᾶν
682 859 960 932 πλήρωμα
1010 861 1111 932 τῆς
1161 863 1489 934 Ἐκκλησίας
1542 867 1694 936 ἆγιον
1738 869 1833 921 καὶ

262 950 546 1020 εὐδόκιμον
564 950 807 1021 γένηται,
842 953 903 1005 ὲν
952 952 1173 1024 Χριστῷ
1199 954 1277 1024 τῷ
1308 956 1523 1028 Σωτῆρι
1544 956 1738 1029 ἡμῶν·
1786 950 1833 1027 ᾧ

266 1042 465 1112 πρέπει
488 1039 627 1106 δόξα,
656 1040 880 1111 κράτος,
911 1043 1066 1114 τιμὴ,
1111 1045 1209 1097 σὺν
1237 1044 1315 1115 τῷ
1356 1047 1678 1121 ωνανὰρχῳ
1720 1050 1835 1103 Πα-

267 1134 380 1203 cpi,
409 1132 501 1185 καὶ
524 1128 599 1200 τῷ
630 1132 888 1203 παναγίῳ
942 1134 1037 1186 καὶ
1065 1133 1314 1208 ξωοποιῷ
1362 1136 1641 1209 Πνεύματι
1660 1180 1676 1203 ,
1736 1140 1834 1194 νῦν

268 1225 363 1279 καὶ
387 1225 492 1288 ἀεὶ,
511 1224 600 1277 καὶ
625 1224 708 1286 είς
734 1222 867 1287 τοὺς
894 1223 1098 1289 αἰῶνας
1120 1224 1230 1281 τῶν
1266 1226 1496 1283 αἰώνων.
1546 1230 1738 1303 Ἀμήν.

1016 1360 1090 1413 Z'.

589 1449 698 1514 Εἰς
737 1449 845 1503 τόν
873 1449 945 1504 ἐκ
976 1450 1212 1519 κοιλίας
1239 1456 1495 1524 τυφλόν.

328 1560 681 1633 Ἦκούσαμεν
712 1562 917 1632 ἀρτίως
952 1563 1047 1617 τοῦ
1082 1564 1199 1619 υἱοῦ
1241 1566 1341 1638 τῆς
1376 1569 1606 1643 βροντῆς
1650 1570 1835 1626 Ἰωάν-

247 1669 361 1714 νου,
400 1651 608 1722 μᾶλλον
637 1652 698 1706 δὲ
741 1653 834 1707 τοῦ
866 1654 1025 1723 ἁγίου
1056 1656 1396 1728 Πνεύματος,
1422 1660 1519 1714 τοῦ
1552 1661 1644 1715 τὸν
1681 1661 1838 1717 ἁλιέα

1928 524 2089 565 senes
2128 509 2220 580 qui
2265 509 2401 565 tales
2453 509 2563 564 sint
2634 510 2760 566 odio
2829 510 3060 580 habete;
3119 514 3499 587 magistratus,

1933 599 2239 669 iniquorum
2262 599 2503 670 iudicum
2534 600 2692 656 linem
2724 600 2945 655 timete:
2965 601 3214 672 juvenes,
3241 605 3498 675 aequalem

1931 690 2083 746 vobis
2110 689 2360 759 juvenem
2391 690 2700 756 imitamini,
2729 705 2836 760 quo
2860 692 2941 748 sic
2966 694 3112 748 omni
3139 702 3298 751 aetate
3326 697 3380 752 in
3404 697 3504 753 bo-

1930 796 2123 838 norum
2167 782 2396 836 formata
2430 792 2650 852 typum,
2681 781 2935 840 Ecclesia;
2960 794 3134 841 ctetus
3159 787 3341 842 omnis
3373 803 3500 844 san-

1931 881 2050 929 ctus
2070 887 2136 928 ac
2159 874 2418 942 probatus
2444 872 2730 940 clIiciatur,
2766 877 2818 931 in
2849 875 3064 932 Christo
3099 875 3379 934 Salvatore
3406 894 3504 934 no-

1932 971 2072 1028 stro;
2130 978 2289 1033 quem
2347 969 2500 1019 decet
2551 965 2757 1032 gloria,
2800 975 3040 1035 potestas
3066 1007 3083 1032 ,
3130 967 3323 1035 honor,
3377 983 3499 1024 cum

1935 1052 2098 1111 Patre
2124 1066 2397 1112 coaeteruo
2414 1097 2429 1122 ,
2455 1056 2907 1129 sanctissimoqne
2931 1073 2997 1114 ac
3022 1058 3233 1114 vivillco
3262 1058 3500 1129 Spiritu,

1934 1161 2078 1202 nunc
2110 1156 2164 1201 ct
2186 1161 2420 1218 semper,
2450 1158 2504 1204 et
2536 1148 2588 1203 in
2621 1151 2816 1204 saecula
2848 1148 3194 1205 smculorum.
3234 1149 3428 1206 Amen.

2668 1364 2777 1421 VII.

2299 1456 2368 1512 1η
2391 1474 2582 1513 crucum
2604 1476 2635 1513 α
2662 1460 2928 1515 nativitate
2951 1460 2997 1493 ⁸⁸
3019 1459 3151 1532 (57).

2004 1570 2319 1627 Audivimus
2359 1572 2516 1627 modo
2556 1573 2734 1627 divina
2784 1573 2944 1643 plane
2973 1589 3038 1629 ac
3060 1572 3310 1629 sublimia
3345 1587 3507 1642 argu.

1939 1672 2121 1717 menta
2179 1663 2400 1718 tonitrui
2447 1663 2543 1718 lilii
2601 1663 2866 1730 Joannis,
2910 1679 3003 1719 seu
3057 1662 3237 1733 potius
3271 1663 3505 1732 Spiritus

248 1743 343 1796 καὶ
380 1744 757 1817 χειροτέχνην,
799 1746 1120 1818 συγγραφέα
1163 1748 1257 1801 καὶ
1306 1748 1645 1822 λογογράφον
1673 1755 1839 1826 ἐργα-

1945 1756 2150 1821 sancti,
2178 1757 2269 1825 qui
2314 1757 2561 1811 eumdem
2594 1771 2661 1811 ex
2691 1757 2964 1827 piscatore
2997 1771 3062 1812 ac
3102 1754 3339 1810 manuali
3374 1755 3510 1809 arti-

251 1833 491 1904 σαμένου
546 1833 710 1888 θείων
749 1835 919 1899 δντως
954 1836 1047 1889 καὶ
1082 1836 1303 1908 ὑψηλῶν
1341 1840 1671 1896 ὑποθέσεων.
1713 1842 1832 1908 Ἐξ-

248 1927 531 1996 ηγήσαντυ
566 1925 679 1997 γὰρ
719 1928 850 1998 ἡμῖν
879 1928 1082 2001 πολλὴν
1120 1930 1216 1983 καὶ
1251 1931 1467 2004 μακρὰν
1493 1932 1589 1986 τοῦ
1630 1933 1837 2007 Κυρίου

248 2017 507 2082 διάλεξιν,
541 2017 613 2070 δι’
650 2012 721 2091 ἧς
762 2018 853 2073 τὸν
885 2021 1084 2093 ἀπειθῆ
1127 2021 1255 2076 λαὸν
1292 2023 1386 2076 καὶ
1430 2023 1713 2097 δυσήκοον,
1739 2023 1839 2096 τήν

250 2109 341 2162 τοῦ
372 2109 595 2181 [ἰατρὸς
644 2110 738 2163 καὶ
779 2109 908 2164 Υίοῦ
945 2111 1277 2180 θεογνωσίαν
1305 2113 1580 2179 ἐπαίδευε,
1615 2114 1715 2186 τῆς
1745 2132 1841 2186 μου

252 2202 532 2273 ναρχικῆςΔ
554 2201 765 2266 ἑννοίας
814 2202 926 2257 τῶν
969 2204 1235 2276 Ἑϐραίων
1271 2206 1503 2276 ἀπάγων
1528 2206 1655 2272 τοὺς
1692 2206 1841 2278 λογισ-

255 2294 449 2363 σμοὺς,
482 2291 725 2360 ἀνοίγων
754 2292 812 2346 δὲ
848 2293 1034 2358 αὐτοῖς
1076 2294 1173 2365 τὴν
1195 2294 1366 2368 θύραν
1392 2294 1497 2367 τῆς
1527 2295 1748 2367 χαρίτος
1774 2296 1840 2348 ὲκ

253 2382 356 2451 τῆς
385 2382 619 2453 νομικῆς
648 2382 1022 2453 παραδόσεως,
1054 2384 1150 2438 καὶ
1178 2385 1316 2457 πρὸς
1344 2385 1445 2456 τὴν
1474 2385 1683 2458 Καινὴν
1708 2387 1837 2440 Δια-

254 2474 431 2545 θήκην
460 2476 531 2528 ὲκ
552 2475 653 2545 τῆς
677 2475 923 2539 Παλαιᾶς
951 2476 1232 2548 ήρεμαίως
1267 2477 1437 2547 ἄγων,
1478 2478 1554 2543 ὡς
1588 2479 1687 2551 τῆς
1715 2480 1842 2551 ἐρή-

257 2583 362 2635 μου
390 2566 661 2638 πρότερον
685 2567 779 2621 ἐπὶ
801 2567 902 2640 τήν
935 2568 1039 2639 γῆν
1074 2566 1221 2641 [τὴν]
1244 2569 1508 2624 πλουσίαν
1532 2570 1627 2623 καὶ
1649 2569 1844 2642 εῦκαρ-

208 2675 382 2711 ηπον.
424 2657 567 2710 Ἀλλ’
604 2658 755 2730 ὅμως
793 2658 1102 2725 δεικνύντος
1131 2659 1296 2714 αὑτοῦ
1332 2660 1592 2724 ποικίλως
1623 2662 1717 2715 καὶ
1741 2661 1841 2730 τὴν

259 2748 403 2801 ἰδίαν
440 2748 696 2821 ὓπαρξιν,
737 2749 815 2814 ὡς
861 2750 1185 2825 προαιώνιος
1212 2750 1469 2824 ὑπάρχει,
1502 2752 1598 2805 καὶ
1637 2753 1725 2806 ἀεὶ
1762 2751 1842 2823 τῷ

258 2842 434 2912 lla-:91
474 2841 824 2913 συνημμένη,
864 2844 962 2896 καὶ
997 2842 1293 2915 διαρρήδην
1341 2845 1458 2907 τοῖς
1502 2846 1706 2914 κωφοῖς
1749 2847 1844 2917 ὲμ-

258 2935 527 2997 ϐοῶντος·
580 2934 720 3006 Πρὶν
782 2934 1035 3008 Ἀϐραὰμ
1079 2936 1332 3005 γενέσθαι
1382 2935 1493 3007 ἐγώ
1529 2938 1673 3008 εἰμι·
1718 2936 1842 2991 οὔτε

257 3024 349 3077 τοῦ
402 3024 566 3093 λόγου
622 3025 883 3096 μαθόντες
926 3027 1026 3099 τὴν
1077 3028 1339 3101 δύναμιν,
1389 3027 1513 3082 οὔτε
1561 3028 1652 3083 διά
1695 3046 1841 3094 τινος

258 3118 630 3189 ἐπιστήμονος
663 3096 1035 3190 ἀντιῤῥήσεως
1061 3120 1123 3173 τὸ
1153 3096 1230 3191 μή
1272 3120 1609 3192 παραδεχθὲν
1636 3119 1842 3190 διελέγ-
1866 3096 1911 3153 c

260 3209 470 3274 ξαντες,
505 3211 603 3263 ἐπὶ
649 3211 776 3274 τοὺς
814 3210 1000 3274 λίθους
1023 3212 1159 3266 ἀντὶ
1202 3211 1312 3265 τῶν
1356 3211 1532 3280 λόγων
1569 3211 1842 3285 ἐχώρουνο

256 3301 355 3355 καὶ
413 3299 702 3373 πόρρωθεν
758 3300 854 3355 τοῦ
915 3302 1149 3375 σταυροῦ
1199 3303 1301 3368 τὰς
1374 3303 1604 3373 φονικὰς
1656 3306 1846 3375 χεῖρας

253 3392 399 3463 πρὸς
438 3393 542 3463 τὴν
588 3394 901 3462 μιαιφονίαν
934 3392 1257 3465 ἐγύμναζον.
1303 3395 1361 3448 ’0
1404 3394 1463 3447 δὲ
1501 3394 1689 3468 κρίνας
1718 3412 1850 3449 παν-

251 3483 429 3554 ταχοῦ
469 3485 837 3557 μακροθύμως
878 3484 1023 3556 ἔχειν
1063 3487 1199 3557 πρὸς
1247 3486 1337 3540 τὸν
1385 3486 1648 3559 ὑϐριστὴν
1677 3487 1848 3558 δῆμον

256 3578 355 3631 καὶ
391 3577 739 3648 βλάσφημον,
781 3577 1051 3643 ἐξέκλινεν
1083 3577 1263 3633 αὐτῶν
1296 3578 1395 3651 τὴν
1422 3577 1592 3651 ὀργὴν
1627 3577 1722 3632 καὶ
1755 3578 1848 3631 τὸν

259 3666 518 3736 θόρυϐονο
562 3667 627 3719 οὐ
661 3667 932 3732 ταπεινῶς
964 3666 1400 3739 ἀποδιδράσκων,
1430 3667 1567 3721 ἀλλά
1606 3666 1804 3731 θεῖκῶς
1828 3684 1844 3698 ο

257 3759 319 3823 ὃς
347 3761 409 3813 ἐν
437 3760 590 3830 μέσῳ
643 3775 704 3812 τε
736 3760 1000 3831 εἱστήκει,
1026 3759 1121 3813 καὶ
1149 3758 1548 3831 ψηλαφώμενος
1569 3758 1670 3813 οὐκ
1702 3752 1852 3812 ἐϐλέ-

260 3868 422 3915 πετο,
471 3851 567 3904 καὶ
616 3853 728 3914 τοῖς
769 3850 1159 3923 φλεγμαίνουσι
1232 3849 1697 3923 προστριϐόμενος
1752 3849 1851 3920 οὐχ

263 3945 511 4013 ἑωρᾶτο·
561 3942 681 3996 ἀλλ’
723 3943 1050 4014 εἱστήκεσαν
1084 3942 1248 4008 ὲνεοὶ,
1288 3945 1356 4025 τῇ
1392 3942 1493 4015 μὲν
1535 3939 1853 4014 προαιρέσει

265 4034 594 4103 φωνοῦντες,
627 4034 859 4090 καθότου
899 4034 958 4089 δὲ
980 4034 1079 4107 τήν
1122 4033 1292 4107 ὀργὴν
1323 4031 1772 4106 ἐκπληρώσωσιν
1793 4033 1845 4065 ⁸⁸

265 4126 372 4195 οὐχ
432 4125 813 4197 εὑρίσκοντες*
864 4125 1041 4196 ὅμοιοι
1093 4125 1384 4196 θηρευταῖς
1433 4123 1701 4195 ἀπείροις,
1757 4122 1808 4175 οἳ
1834 4161 1851 4189 ,

267 4219 494 4273 ἐπειδὰν
515 4218 626 4290 πρὸ
649 4216 844 4290 καιροῦ
867 4216 966 4290 τὴν
992 4216 1166 4288 θήραν
1185 4215 1618 4287 ἀποσοϐήσουσιν
1639 4214 1708 4282 ⁸⁷,
1722 4216 1853 4268 ὑπο-

266 4309 588 4382 δραμούσης
636 4310 738 4382 τῆς
782 4308 987 4379 ἐλάφου
1032 4307 1243 4380 λόχμην
1284 4306 1444 4373 τινὰ,
1490 4307 1608 4386 καὶ.
1631 4306 1854 4377 ἀφανῶς

1939 1845 2070 1909 fice,
2123 1844 2440 1914 scriptorem
2484 1859 2550 1900 ac
2593 1853 2864 1900 oratorem
2899 1843 3094 1900 effecit.
3138 1842 3343 1913 Quippe
3369 1840 3511 1897 mul-

1941 1942 2048 1988 tant
2078 1933 2235 1989 nobis
2266 1949 2330 1989 ac
2355 1934 2621 2003 prolixam
2651 1944 2978 1991 enarrarunt
3016 1933 3227 1988 Domini
3262 1933 3506 2004 disputa-

1938 2024 2168 2090 tionem,
2202 2040 2305 2095 qua
2341 2025 2407 2091 is,
2442 2026 2511 2082 ab
2545 2024 2896 2082 Hebraeorum
2936 2024 3169 2096 cogitata
3197 2023 3515 2080 mouarchia

1939 2112 2148 2168 animos
2171 2112 2464 2180 abducens,
2493 2124 2868 2171 contumacem
2898 2129 2963 2171 ac
2990 2113 3323 2170 incredulum
3347 2127 3516 2183 popu-

1939 2202 2048 2257 lum
2097 2202 2277 2257 divina
2318 2203 2495 2259 Patris
2539 2219 2604 2260 ac
2639 2203 2762 2259 Filii
2806 2204 3032 2261 scientia
3075 2203 3349 2269 erudiret;
3388 2219 3518 2274 por-

1942 2303 2047 2350 tam
2075 2296 2155 2350 eis
2187 2295 2376 2364 gratiae
2409 2312 2440 2351 a
2463 2295 2623 2365 legali
2654 2295 2944 2352 traditione
2976 2296 3248 2367 aperiens,
3283 2297 3517 2352 sensim-

1938 2401 2045 2456 que
2103 2401 2133 2439 a
2164 2384 2343 2442 Veteri
2382 2387 2450 2441 ad
2493 2385 2705 2442 Novum
2739 2388 3168 2453 Testamentum,
3208 2387 3355 2443 velut
3385 2387 3512 2443 olim

1940 2493 1970 2532 a
2000 2478 2215 2533 deserto
2241 2478 2307 2531 ad
2334 2477 2557 2532 divitem
2588 2477 2733 2532 illam
2774 2493 2838 2533 ac
2868 2477 3114 2546 frugibus
3153 2478 3374 2532 uberem
3405 2486 3513 2533 ter-

1940 2586 2086 2637 ram,
2115 2571 2341 2626 ducens.
2383 2570 2651 2626 Caeterum
2701 2571 2827 2626 dum
2859 2572 2904 2626 is
2948 2572 3099 2627 varie
3140 2579 3513 2642 praemternant

1940 2677 2090 2718 suam
2138 2662 2546 2732 exsistentiam,
2591 2676 2655 2718 ac
2706 2660 2856 2717 Patri
2903 2676 3119 2733 semper
3170 2660 3514 2731 coniunctam

1941 2752 2170 2823 probat,
2219 2768 2286 2809 ac
2327 2755 2528 2808 diserte
2570 2752 2730 2808 caecis
2776 2750 3030 2808 inclamat
3085 2766 3209 2808 esse
3260 2767 3322 2807 se
3387 2759 3518 2806 ante

1942 2843 2215 2898 Abraham
2253 2845 2332 2912 ”;
2364 2843 2498 2898 nihil
2528 2842 2603 2898 illi
2648 2843 2918 2898 sermonis
2963 2851 3245 2911 perspecta
3280 2842 3516 2906 virtute,

1943 2936 2196 3007 nullaque
2224 2935 2358 2992 scita
2396 2935 2825 2992 contradictione
2877 2935 3021 3006 quod
3076 2934 3279 2990 dictum
3318 2934 3520 3004 impro-

1943 3028 2147 3084 babant
2190 3037 2589 3097 coarguentes,
2650 3027 2937 3081 verborum
2993 3025 3113 3080 loco
3190 3025 3257 3079 ad
3312 3024 3521 3094 lapides

1946 3119 2348 3189 confugiebant,
2405 3135 2470 3174 ac
2495 3119 2584 3172 diu
2614 3126 2741 3172 ante
2763 3131 2977 3172 crucem
3006 3131 3200 3171 manus
3222 3115 3519 3171 homicidas

1948 3214 2014 3265 ad
2053 3211 2252 3265 caedem
2280 3210 2626 3265 exercebant.
2654 3207 2749 3263 Cui
2779 3222 2908 3263 vero
2942 3206 3141 3277 ubique
3165 3206 3517 3263 constitutum

1901 3312 1905 3321 '
1948 3309 2088 3357 esset
2138 3310 2196 3356 ut
2247 3301 2314 3355 ad
2341 3298 2794 3355 contumeliosum
2834 3312 2900 3353 ac
2934 3297 3309 3368 blasphemum
3358 3312 3524 3367 popu-

1949 3392 2057 3447 lum
2085 3390 2466 3463 longanimiter
2510 3391 2774 3455 haberet,
2823 3403 3007 3444 eorum
3047 3387 3338 3443 declinavit
3386 3388 3519 3446 iram

1950 3496 2112 3556 atque
2142 3485 2426 3540 tumultum
2455 3524 2471 3550 ,
2539 3498 2643 3538 non
2687 3483 2908 3550 humili,
2946 3481 3043 3538 sed
3075 3481 3252 3537 divina
3286 3480 3522 3551 quadam

1951 3578 2161 3647 fugiens
2204 3577 2414 3632 ratione
2443 3594 2456 3633 :
2487 3576 2579 3647 qui
2626 3576 2837 3631 medius
2870 3584 3025 3631 stans
3046 3615 3061 3641 ,
3096 3589 3160 3630 ac
3182 3589 3303 3629 cum
3340 3572 3523 3644 palpa-

1952 3677 2122 3733 retur,
2155 3683 2257 3722 non
2284 3676 2638 3734 cerneretur;
2675 3680 3006 3736 versansque
3051 3680 3174 3721 cum
3205 3664 3280 3718 ira
3311 3672 3518 3718 tumen-

1955 3760 2096 3815 tibus
2120 3799 2136 3825 ,
2178 3774 2285 3814 non
2316 3758 2613 3813 videretur.
2650 3756 2938 3813 Steterunt
2969 3770 3099 3811 vero
3146 3754 3223 3809 illi
3266 3753 3477 3809 attoniti
3506 3789 3524 3818 ,

1951 3853 2116 3909 animi
2162 3851 2376 3924 quidem
2412 3851 2691 3923 proposito
2744 3850 2799 3905 in
2832 3851 3033 3904 caedem
3089 3847 3321 3911 intenti,
3378 3846 3522 3900 haud

1955 3957 2135 4002 tamen
2203 3945 2535 4000 invenientes
2590 3957 2693 4012 qua
2747 3941 2957 3995 ratione
3007 3939 3146 3994 iram
3205 3937 3516 4008 explerent;

1952 4036 2085 4092 nihil
2118 4035 2463 4091 venatoribus
2510 4031 2774 4106 imperitis
2820 4029 3130 4097 absimiles,
3166 4030 3256 4101 qui
3299 4044 3527 4100 praema-

1956 4128 2131 4185 turius
2177 4126 2439 4182 suscitata
2502 4140 2567 4180 ac
2616 4124 2866 4181 submota
2923 4122 3146 4194 praeda,
3201 4119 3527 4190 suli'ugiente

1954 4232 2118 4275 cervo
2149 4217 2202 4274 iu
2228 4219 2408 4273 lucum
2434 4215 2691 4287 aliquem,
2725 4229 2789 4270 ac
2812 4211 3114 4270 clanculum
3142 4223 3361 4280 egresso
3384 4248 3403 4275 ,
3445 4216 3527 4263 te-

1955 4324 2107 4366 mere
2137 4323 2233 4381 per
2276 4306 2470 4362 saltum
2516 4312 2740 4372 errant,
2780 4301 3066 4359 molestum
3104 4314 3241 4356 onus
3286 4298 3421 4354 retia
3451 4298 3529 4355 fe-

270 4400 617 4472 ἰξελθούσης,
647 4400 772 4471 εἰκῆ
813 4400 1121 4454 πλανῶνται
1166 4398 1308 4454 κατά
1334 4397 1434 4471 τὴν
1464 4398 1663 4468 νάπην,
1690 4396 1846 4468 ἄχθος

1961 4409 2163 4465 rentes,
2195 4397 2513 4468 frustraque
2542 4410 2725 4452 secum
2756 4392 2963 4451 catulos
2995 4391 3293 4447 trahentes.

273 4493 568 4566 περίεργον
598 4491 672 4547 τά
712 4492 906 4548 δίκτυα
933 4491 1211 4565 φέροντες,
1234 4489 1329 4544 καὶ
1355 4489 1533 4561 μάτην
1559 4488 1686 4553 τοὺς
1719 4486 1852 4541 σκύ-

273 4586 447 4650 λακας
473 4584 852 4656 ἐφελκόμενοι.

360 4677 505 4746 Ἐγὼ
528 4676 613 4741 δὲ,
654 4677 707 4729 εί
741 4675 837 4731 καὶ
871 4674 942 4729 τὰ
984 4673 1121 4729 ἄλλα
1154 4671 1358 4744 φαῦλος
1389 4672 1629 4745 οἰκέτης,
1662 4670 1850 4725 τούτου

278 4768 410 4836 γοῦν
436 4769 538 4822 οὐκ
576 4766 937 4839 ἐξελαθόμην,
961 4766 1045 4821 δτι
1075 4764 1262 4829 δοῦλός
1295 4767 1432 4837 εἰμι,
1459 4764 1554 4819 καί
1588 4780 1657 4836 με
1700 4780 1857 4836 προσ·

2032 4662 2295 4733 Equidem
2355 4675 2510 4728 vero,
2561 4673 2875 4733 quanquam
2925 4658 3125 4730 alioqui
3179 4672 3298 4714 sum
3353 4655 3530 4712 malus

1961 4770 2179 4822 servus,
2213 4754 2265 4811 id
2293 4765 2473 4812 tamen
2503 4754 2733 4812 necdum
2763 4751 2965 4809 oblitus
2981 4766 3126 4819 sum,
3153 4763 3277 4807 esse
3300 4763 3388 4807 me
3413 4762 3529 4806 ser-

352 4928 400 4960 "
430 4926 674 5001 Segnior.
707 4924 1154 4997 ἐκπληρώσωσιν.
1227 4925 1272 4958 ’⁷
1309 4924 1556 4997 Seguier.
1585 4922 1846 4995 ἀνασοϐήε

1949 4939 2017 4977 ιν.
2090 4920 2138 4955 ⁸⁸
2160 4917 2319 4977 Joan.
2347 4933 2426 4985 ιι,
2450 4918 2479 4974 1
2508 4931 2630 4989 sqq.
2706 4914 2754 4950 ’θ
2780 4911 2937 4972 Joan.
2963 4926 3085 4981 vut,
3118 4911 3210 4968 58.

354 5062 470 5133 (37)
503 5062 581 5119 Ex
606 5061 676 5118 ﬂ.
704 5060 767 5118 Ρ.
797 5060 913 5133 Jac.
943 5059 1217 5133 Sirmundi
1240 5056 1570 5133 s_ociet..le_su
1607 5066 1860 5133 autogra-

281 5127 393 5203 pha
420 5127 606 5189 multis
631 5132 919 5203 emendato
942 5128 1376 5203 ex_Seguieriauo
1399 5128 1692 5203 eodin
1706 5127 1860 5183 Hunc

286 5197 616 5265 sermonem,
661 5201 821 5271 plane
878 5197 1547 5271 luculettt'um_suggessit,
1575 5197 1683 5271 _v_iri
1732 5212 1856 5271 cum

286 5273 608 5338 doctissimi,
662 5265 775 5326 tum
811 5270 1180 5326 humanissimi
1213 5268 1281 5327 Β.
1320 5265 1386 5323 ΡΣ
1421 5266 1539 5338 Jac.
1572 5265 1851 5322 Sirmundi

289 5337 712 5412 autographum;
746 5341 826 5397 sic
862 5353 1134 5412 nunquam
1170 5337 1444 5412 communi
1470 5338 1858 5412 _bono__cou_s_u-

290 5410 403 5482 lere
418 5406 635 5468 'desinit
654 5452 671 5476 ,
698 5406 912 5482 quibus
944 5406 1027 5482 vel
1068 5410 1183 5482 ipse
1229 5408 1376 5472 edit,
1401 5406 1498 5482 vel
1527 5406 1707 5464 studio
1730 5407 1857 5463 olim

296 5481 539 5549 collecta,
568 5484 692 5536 aliis
724 5479 928 5536 edenda
957 5479 1225 5549 impertit;
1264 5494 1326 5549 ea
1358 5479 1591 5549 maxime
1620 5492 1861 5531 commu-

296 5544 557 5608 nicatione
577 5552 643 5606 τὸ
672 5550 818 5604 θεῖον
842 5544 1101 5612 imitatus,
1151 5564 1215 5602 ac
1245 5544 1637 5617 dignus,cujus
1661 5561 1863 5617 memo-

304 5619 378 5672 ria
426 5621 616 5677 futuris
664 5621 917 5677 oumibus
961 5615 1634 5686 temporihus'doctiorutn
1669 5615 1865 5686 animis

306 5692 441 5748 clara
470 5694 645 5763 vigeat
690 5707 754 5747 ac
797 5691 980 5745 chara.
1021 5685 1263 5744 Accessit
1298 5701 1444 5742 vero.
1476 5700 1537 5742 ac
1571 5685 1858 5756 plurimum

1963 5053 2189 5113 contulit
2217 5054 2599 5124 Seguierianus
2619 5054 2788 5112 codex
2814 5055 2953 5113 bene
2974 5053 3245 5124 antiquus,
3272 5049 3340 5124 ad
3366 5063 3525 5124 quem

1920 5166 1923 5169 ι
1963 5124 2146 5182 multis
2174 5119 2319 5181 locis'
2322 5124 2639 5181 emendatus
2669 5135 2753 5181 est
2775 5125 2913 5180 alter
2934 5125 3025 5181 ille
3048 5119 3326 5180 Si'rmundi
3358 5119 3530 5177 codex

1964 5212 2027 5252 ac
2079 5194 2493 5263 autographum.
2526 5193 2765 5263 ,Photius
2806 5194 2945 5251 oculi
3004 5203 3172 5250 totam
3210 5190 3532 5263 descriptio-

1964 5212 2027 5252 ac
2079 5210 2172 5251 aut
2247 5210 2493 5263 rapuum.
2542 5210 2765 5251 ruottus
2806 5210 2945 5251 ocutt
3004 5210 3172 5250 totam
3210 5210 3531 5262 descriptio-

1964 5210 2316 5322 nemexoﬁoc
2338 5272 2497 5319 tract.
2523 5262 2577 5320 in
2607 5280 2760 5320 suam
2793 5264 3064 5320 transtulit
3089 5259 3442 5333 myrobiblou,
3473 5260 3531 5317 in

1961 5350 2065 5404 qua
2088 5343 2272 5403 aperte
2300 5333 2544 5389 εὐσεϐεῖν
2581 5334 2850 5390 Asterium
2890 5329 3216 5404 advertit,'i_.
3243 5345 3404 5403 agere
3436 5346 3531 5387 ca-

1965 5401 2222 5461 tholicum
2250 5420 2315 5459 ac
2345 5406 2630 5472 adversum
2653 5404 2854 5459 Ariano
2883 5401 3119 5473 dogmati
3146 5417 3161 5457 :
3189 5402 3243 5473 in
3276 5401 3531 5473 quod,_ac

1966 5474 2211 5529 Eunomii
2235 5474 2422 5543 dogma
2452 5473 2725 5543 invehitur
2742 5473 2804 5543 _in
2829 5471 2981 5543 Petri
3000 5481 3055 5528 et
3078 5471 3227 5543 Pauli
3253 5471 3529 5543 apostolo-

1966 5560 2082 5600 rum
2119 5541 2400 5598 Enconiio.
2445 5541 2658 5598 Utinam
2704 5541 2840 5598 alios
2865 5542 3038 5599 eidem
3075 5541 3266 5598 Photio
3305 5541 3532 5604 relectos

1964 5612 2159 5669 Astcrii
2196 5621 2461 5683 tractatus
2501 5611 2738 5683 nancisci
2756 5611 3025 5683 licuisset,
3053 5612 3250 5683 quibus
3282 5610 3526 5679 integris,

1966 5700 2061 5740 sua
2090 5682 2165 5740 illi
2187 5681 2386 5750 iustior
2408 5681 2575 5741 moles
2600 5682 2798 5739 nostris
2840 5683 2924 5740 his
2980 5681 3204 5751 adjectis
3231 5686 3525 5736 constaret.
