4048 6194
546 278 646 330 251

1825 275 1887 335 S.
1925 275 2196 335 ASTEIUI
2231 275 2533 334 AMASENI

3713 282 3824 337 ἳεέ

556 403 699 451 νιιιιι,
732 387 932 458 quique
949 405 1045 458 pro
1063 390 1289 447 Domino
1308 392 1571 449 adversus
1590 393 1880 466 injuriosos
1905 396 2133 451 habeam

2252 393 2370 464 "pter
2419 394 2559 467 ὑπὲρ
2607 394 2701 448 τοῦ
2750 397 3023 451 Δεσπότου
3078 396 3220 450 κατά
3264 396 3371 449 τῶν
3417 394 3689 467 ὑϐριστῶν
3737 398 3830 463 ἐξ-

556 486 852 550 uisurgere.
887 479 1247 546 Quamobrem
1272 483 1438 539 etiam
1465 484 1716 542 clamabo
1748 486 1801 541 in
1837 486 2132 555 llebraros,

556 579 811 640 tanquam
843 570 1002 627 hodie
1031 583 1359 645 praesentes,
1395 590 1462 632 ac
1480 575 1667 633 furore
1683 588 1835 636 actos
1863 579 2133 653 :Ergone,

556 656 787 724 scelesti,
825 657 1093 729 lapidibus
1143 662 1466 720 beneﬁcium
1507 665 1805 737 appetitis?
1833 665 1966 735 Quis
1991 668 2135 725 enim

556 764 650 805 vos
693 765 725 805 e
758 759 910 822 petra
937 753 1181 824 potavit?
1212 757 1480 829 Appetitis
1520 773 1642 815 eum
1672 757 1942 831 lapidibus
1963 800 1981 828 ,
2013 759 2131 831 qui.

556 838 779 909 lapideis
821 842 1021 900 tabulis
1056 844 1323 917 insculpta
1353 848 1472 920 lege
1493 888 1511 917 ,
1555 851 1722 907 vitam
1751 860 1989 909 vestram
2026 851 2138 910 for-

556 933 1070 1006 mavit?Appetitis,
1099 939 1346 1013 inquam,
1373 942 1607 1011 lapidem
1644 944 1897 1012 electum,
1931 947 2136 1016 pretio-

557 1040 698 1093 sum,
751 1042 910 1097 quem
952 1029 1119 1087 lsaias
1161 1034 1492 1104 praedixi“?
1530 1037 1798 1109 Appetitis
1839 1042 2136 1112 spiritalem

558 1117 789 1187 lapidem
810 1160 827 1187 ,
856 1121 1004 1179 nulla
1037 1124 1272 1183 hominis
1321 1144 1486 1185 manu
1506 1170 1523 1197 ,
1568 1146 1602 1187 e
1646 1142 1916 1202 praerupta
1948 1145 2098 1205 petra
2118 1176 2134 1203 ,

558 1210 707 1278 iuxta
745 1212 886 1281 quod
921 1215 1105 1272 docuit
1138 1217 1475 1278 admirabilis
1510 1222 1696 1279 Daniel
1718 1226 1761 1290 ³,
1798 1225 2138 1282 abscissum?

560 1302 825 1372 Appetitis
867 1305 1136 1375 lapidibus
1163 1326 1433 1367 summum
1471 1315 1787 1385 angularem
1822 1319 2055 1390 lapidem
2093 1320 2136 1386 ³,

559 1396 650 1463 qui
679 1398 914 1465 parietes
948 1400 1080 1457 duos
1114 1401 1249 1459 Novi
1281 1419 1346 1460 ac
1376 1402 1591 1463 Veteris
1617 1407 1949 1466 Testamenti
1983 1426 2135 1467 com-

560 1486 763 1542 mittit?
797 1487 1037 1548 Tametsi
1063 1494 1206 1549 enlm
1234 1512 1341 1551 non
1375 1498 1616 1564 creditis,
1649 1513 1842 1571 potens
1885 1511 1965 1559 est
1999 1504 2141 1560 Deus

559 1578 625 1633 de
655 1578 921 1648 lapidibus
952 1584 1075 1641 istis
1100 1588 1371 1645 suscitare
1401 1590 1542 1648 lilios
1570 1592 1805 1651 Abrahae
1823 1602 1879 1662 ’ς
1908 1596 2011 1652 hoc
2033 1606 2139 1664 est,

559 1675 947 1741 acceptabilem
970 1676 1193 1737 Christo
1224 1683 1504 1753 populum,
1533 1701 1600 1741 ex
1634 1688 1886 1757 gentibus
1911 1704 1975 1746 ac
1996 1705 2140 1761 pra:—

559 1768 711 1834 putio
735 1784 1071 1842 congregare
1098 1791 1111 1830 :
1155 1774 1210 1830 in
1246 1791 1355 1845 quo
1387 1779 1550 1833 etiam
1583 1781 1999 1851 promissionem
2026 1799 2141 1841 sus-
2174 1763 2217 1819 Β

560 1856 707 1925 cepit
762 1860 1061 1931 Abraham,
1094 1865 1308 1922 dicente
1336 1869 1386 1923 ei
1428 1868 1557 1939 Deo,
1591 1870 1708 1928 fore
1746 1872 1801 1928 in
1832 1888 1899 1930 eo
1920 1874 2145 1932 benedi-

2241 485 2582 543 ανίστασθαι.
2613 488 2705 541 Διὸ
2731 488 2826 542 καὶ
2860 488 3194 560 κεκράξομαι
3220 488 3356 559 πρὸς
3388 487 3514 550 sub;
3539 485 3827 559 Ἑϐραίους

2240 578 2319 642 ὡς
2359 579 2634 647 παρόντας
2669 581 2930 652 σήμερον,
2981 582 3076 635 καὶ
3121 580 3277 652 παρά
3301 580 3402 651 τῆς
3434 578 3635 651 μανίας
3675 579 3829 652 ἐνερ-

2244 670 2576 740 γουμένυυς·
2618 671 2873 739 Βάλλετε,
2910 674 3116 745 μιαροὶ,
3155 671 3329 736 λίθοις
3358 670 3451 725 τὸν
3488 670 3824 743 εὐεργέτηνς

2248 761 2357 835 [τίς
2378 763 2489 835 γὰρ
2519 765 2664 834 ὑμᾶς
2684 765 2751 818 ἐκ
2780 764 2986 836 πέτρας
3020 764 3267 831 ἐπότισε;
3298 762 3519 834 βάλλετε
3544 763 3636 817 τὸν
3664 763 3825 841 πλαξὶ

2243 855 2470 921 λιθίναις
2497 855 2589 912 τὸν
2633 857 2747 928 βίον
2773 857 2929 929 ὑμῶν
2962 857 3322 912 κανονίσαντα
3346 857 3367 888 ⁷
3386 855 3427 929 ;]
3472 855 3697 926 βάλλετε
3734 857 3825 910 τὸν

2244 946 2499 1002 ἐκλεκτὸν
2524 946 2673 1003 λίθον
2691 947 2787 1002 καὶ
2810 947 3047 1020 ἔντιμον,
3079 947 3140 1002 ὃν
3174 946 3400 1012 Ἡσαῐας
3430 947 3559 1019 ὑμῖν
3586 946 3828 1017 προεφή-

2243 1054 2435 1107 cauae;
2478 1038 2698 1110 βάλλετε
2736 1040 2831 1094 τὸν
2862 1041 3053 1113 νοητὸν
3080 1039 3231 1094 λίθον
3262 1040 3354 1094 τὸν
3381 1039 3482 1111 τῆς
3520 1039 3826 1111 ἀκροτόμου

2245 1131 2452 1203 πέτρας
2481 1132 2871 1204 ἀπορραγέντα
2907 1134 3037 1188 ἄνευ
3069 1132 3254 1205 χειρός
3281 1132 3653 1204 ἀνθρωπίνης,
3685 1131 3760 1196 ὡς
3797 1133 3829 1186 ό

2246 1222 2535 1290 θεσπέσιος
2572 1225 2770 1298 Δανιὴλ
2802 1226 2948 1298 ὑμᾶς
2983 1224 3227 1292 ἐδίδαξε;
3271 1223 3491 1295 βάλλετε
3522 1224 3693 1288 λίθοις
3737 1221 3830 1279 τὸν

2245 1316 2665 1387 ἀκρογωνιαῖον,
2691 1315 2783 1370 τὸν
2818 1317 2947 1382 τοὺς
2973 1315 3066 1371 δύο
3105 1316 3317 1387 τοίχους
3351 1315 3450 1386 τῆς
3489 1314 3701 1384 Καινῆς
3733 1314 3831 1367 καὶ

2244 1406 2629 1479 τῆς-Παλαῖας
2659 1407 2935 1481 Διαθήκης
2978 1409 3318 1478 συνάγοντα;
3360 1407 3478 1463 Κᾶν
3522 1405 3630 1477 γὰρ
3672 1406 3837 1475 ὑμεῖς

2252 1499 2327 1572 μὴ
2357 1499 2707 1573 πιστεύσητε,
2736 1500 2962 1566 δυνατὸς
2983 1503 3011 1557 ό
3034 1500 3166 1564 Θεὸς
3188 1501 3252 1554 ἐκ
3270 1498 3437 1553 λίθων
3463 1498 3669 1552 τούτων
3694 1501 3833 1567 ἐγεῖο

2250 1610 2342 1664 ραι
2357 1593 2522 1648 τέκνα
2537 1592 2616 1664 τῷ
2641 1592 2892 1667 Ἀϐραάμ
2908 1607 2922 1621 ⁸
2939 1593 3237 1658 τουτέστιν,
3254 1592 3504 1664 ἀθροῖσαι
3519 1590 3596 1661 τῷ
3613 1591 3837 1661 Χριστῷ

2248 1686 2376 1742 λαδν
2409 1685 2740 1760 περιούσιον,
2780 1686 2875 1740 τὸν
2907 1685 2969 1753 ἐξ
3012 1684 3181 1739 ἐθνῶν
3217 1685 3311 1739 καὶ
3345 1682 3714 1756 ἀκρόϐυστον·
3748 1683 3834 1751 ἐφ’

2244 1769 2290 1848 ᾧ
2317 1780 2414 1833 καὶ
2445 1778 2546 1852 τὴν
2578 1776 2908 1848 ἐπαγγελίαν
2940 1779 2968 1830 ὁ
3013 1772 3268 1849 Ἀϐραὰμ
3300 1775 3539 1842 ἐδέξατο,
3588 1773 3835 1837 εἰπόντος

2246 1868 2395 1941 αύτῷ
2431 1868 2525 1926 τοῦ
2560 1868 2719 1934 Θεοῦ,
2759 1870 2843 1924 ὅτι
2886 1868 3391 1939 Εύλογισθήσονται
3423 1868 3479 1921 ἐν
3528 1867 3614 1919 σοὶ
3658 1867 3836 1921 πάντα

561 1951 760 2006 condas
792 1968 981 2010 omnes
1018 1968 1210 2026 gentes
1236 1960 1284 2015 ⁸.
1322 1960 1536 2020 Arcana
1560 1966 1702 2021 enim
1744 1965 1888 2025 Deus
1914 1969 2145 2027 scientia

2252 1963 2315 2017 τά
2348 1962 2500 2036 ἔθνη.
2533 1964 2613 2036 Τῇ
2647 1962 2756 2035 γάρ
2792 1962 3093 2035 ἀπορρήτῳ
3121 1961 3358 2031 γνώσει³
3391 1960 3607 2028 βλέπων
3649 1961 3679 2013 ό
3705 1959 3839 2022 Θεὸς

563 2040 803 2098 futurum
833 2047 1159 2115 praevidens,
1190 2066 1380 2111 omnes
1414 2056 1467 2112 in
1503 2068 1780 2129 posterum
1839 2062 2145 2120 credituros

563 2132 687 2188 lidei
733 2134 859 2191 duci
906 2151 970 2193 ac
1015 2139 1247 2214 principi
1290 2145 1342 2202 in
1376 2146 1610 2207 liliorum
1639 2160 1844 2208 sortem
1870 2154 2142 2211 attribuit.

558 2224 775 2283 thunc
839 2231 985 2290 enim
1031 2240 1394 2295 contuebatur
1449 2241 1801 2300 Bebra'orum
1838 2245 2020 2317 populi
2060 2261 2148 2303 se-

558 2317 843 2392 ditionem,
904 2339 967 2382 ac
1029 2327 1245 2384 videbat
1310 2329 1543 2401 lapides,
1608 2331 1840 2404 falsique
1911 2335 2148 2391 nominis

561 2410 701 2469 lilios
738 2415 1002 2474 abdicatis
1047 2423 1388 2478 accensebat.
1450 2422 1587 2479 Cum
1649 2436 1831 2483 autem
1896 2441 2147 2485 sermone

560 2502 845 2561 veritatem
907 2511 1256 2579 annuntians,
1325 2513 1742 2588 haudquaquam
1794 2519 2149 2588 persuaderet

560 2596 855 2665 pietatem,
906 2604 1121 2660 tametsi
1179 2606 1369 2663 aderat
1413 2609 1880 2680 abscondebatur;
1942 2629 2008 2669 ac
2048 2630 2148 2687 ap-

560 2702 761 2758 parens
824 2708 929 2748 non
975 2695 1282 2765 videbatur,
1328 2714 1438 2770 quo
1496 2702 1588 2756 tali
1633 2703 1894 2760 miraculo
1946 2706 2148 2762 admit-

567 2789 685 2835 tere
729 2794 969 2852 cogeret,
1014 2799 1137 2842 esse
1186 2789 1363 2859 ipsum
1408 2790 1708 2860 Christum,
1755 2810 1821 2851 ac
1849 2794 2021 2852 Deum
2052 2812 2148 2867 pa-

562 2874 1035 2931 rente'Abraham
1082 2880 1375 2937 seniorem.
1419 2885 1641 2953 Audite,
1686 2902 1837 2959 ergo,
1884 2890 2079 2961 inquit,
2106 2904 2143 2947 o

562 2978 693 3021 vere
730 2967 856 3023 eieci
898 2983 961 3025 ac
1000 2971 1152 3027 stulti
1182 2994 1195 3028 :
1228 2974 1489 3041 Quisnam
1530 2977 1655 3046 iste,
1687 2980 1859 3051 quiet
1896 2993 2147 3041 versatur

562 3054 864 3125 vobiscum,
895 3074 994 3115 nec
1023 3071 1202 3119 tamen
1230 3066 1461 3136 videtur,
1489 3085 1618 3125 num
1651 3070 1793 3129 forte
1818 3072 1910 3130 ille
1943 3084 2025 3131 est
2050 3076 2142 3147 qui
2174 3104 2221 3167 ο

562 3146 629 3200 ad
658 3146 875 3220 Moysen
918 3151 1165 3224 loquens,
1209 3156 1432 3216 minime
1460 3163 1920 3235 conspiciebatur,
1963 3183 2028 3223 ac
2058 3146 2143 3224 ta-

566 3254 687 3294 men
718 3245 1014 3311 apparebat
1042 3247 1091 3302 ‘1’
1119 3247 1253 3304 Nam
1284 3260 1410 3308 tunc
1435 3268 1651 3327 quoque
1695 3256 1980 3319 videbatur
2006 3261 2148 3329 ignis

564 3346 631 3387 ac
667 3335 854 3400 rubus,
898 3339 1058 3393 ambo
1108 3350 1290 3408 muta;
1330 3343 1792 3417 nihilominusque
1826 3350 2149 3408 audiebatur

563 3436 667 3478 vox
695 3462 712 3489 ,
762 3440 827 3481 ac
887 3442 1068 3483 sermo
1120 3432 1442 3499 erudiebat,
1487 3445 1770 3508 certoque,
1819 3441 1963 3508 quod
2002 3442 2152 3499 futu-

568 3526 689 3565 rum
716 3522 834 3568 erat
867 3517 1340 3583 praenuntiabatur
1368 3540 1381 3576 :
1410 3534 1603 3596 estque
1629 3526 1872 3583 virorum
1912 3532 2151 3601 pruden—

569 3603 741 3670 tium,
784 3614 844 3660 ut
897 3621 1186 3677 personam
1232 3626 1296 3667 ex
1348 3628 1530 3671 rerum
1578 3619 1900 3690 cognatione
1948 3622 2151 3681 intelli-

566 3706 716 3763 gere.

638 3783 775 3841 Cum
808 3786 890 3844 sic
916 3797 1096 3846 autem
1133 3792 1308 3854 aliene
1341 3811 1372 3852 a
1404 3799 1611 3857 ratione
1635 3816 1702 3857 ac
1734 3804 1900 3862 stulte
1936 3804 2151 3865 Hebraei

566 3874 857 3943 haberent,
904 3877 1165 3939 Dominus
1196 3895 1381 3944 noster
1412 3905 1477 3945 ac
1508 3890 1784 3962 Salvator,
1812 3896 1962 3953 velut
1988 3898 2153 3956 sedu-

569 3965 653 4020 lus
681 3969 903 4038 quidam
927 3986 994 4028 ac
1021 3975 1237 4046 sapiens
1266 3980 1530 4052 medicus,
1556 3999 1665 4041 non
1696 3987 1925 4047 cedente
1954 3992 2151 4051 morbo

566 4056 639 4112 ad
662 4061 899 4127 primum
935 4067 1392 4139 experimentum,
1443 4076 1661 4134 modum
1710 4079 1876 4138 alium
1906 4083 2151 4141 curatio-

569 4148 657 4205 nis
687 4155 1021 4223 aggr‘editur.
1066 4157 1267 4217 Statuit
1307 4179 1440 4220 vero
1473 4177 1531 4222 ut
1561 4179 1745 4226 mente
1773 4188 1947 4231 caecos
2002 4190 2152 4235 czeco

568 4252 743 4309 curet,
770 4244 863 4316 qui
895 4246 1087 4306 obvius
1126 4251 1378 4310 inventus
1410 4266 1575 4322 esset,
1610 4273 1717 4314 non
1749 4262 2017 4318 accidenti
2047 4264 2151 4323 ali-

566 4350 675 4405 qua
707 4335 925 4395 laesione
948 4342 1246 4399 ctecitatem
1274 4359 1484 4416 passus,
1520 4351 1614 4404 sed
1640 4359 1853 4410 natura:
1884 4353 2040 4428 vitio,
2067 4356 2149 4416 sic

570 4426 829 4483 nimirum
854 4443 923 4485 ex
952 4440 1106 4489 utero
1132 4435 1187 4489 in
1215 4434 1389 4492 lucem
1422 4441 1737 4509 productus.

640 4626 924 4684 llominem
976 4644 1140 4701 porro
1178 4636 1563 4706 conspicatus,
1604 4648 1789 4706 stetit,
1836 4653 2151 4716 praestoque

568 4718 638 4773 ad
686 4720 1019 4778 curationem
1068 4724 1219 4781 luit:
1263 4729 1598 4787 curationem
1670 4733 1856 4804 utique
1914 4735 2152 4797 humana

2245 2054 2309 2107 τδ
2340 2053 2553 2126 μέλλον,
2582 2053 2661 2126 τῷ
2684 2051 2917 2126 ἀρχηγῷ
2940 2053 3039 2125 τῆς
3072 2052 3333 2116 πίστεως,
3365 2053 3576 2115 πάντας
3602 2052 3731 2115 τοὺς
3759 2053 3839 2115 εἰς

2249 2145 2476 2221 ὕστερον
2505 2143 2781 2201 πιστεύειν
2814 2143 3130 2218 μέλλοντας,
3166 2145 3248 2208 είς
3284 2142 3437 2209 τάξιν
3470 2142 3840 2215 ἀπεκλήρωσε

2248 2237 2474 2294 τέκνων.
2544 2235 2799 2310 Ἑθεὼρει
2852 2236 2962 2310 γὰρ
3019 2235 3207 2291 ἔκτοτε
3260 2234 3370 2289 τῶν
3427 2234 3695 2305 Ἐϐραίων
3739 2233 3840 2304 τὴν

2249 2329 2460 2395 στάσιν,
2496 2328 2591 2383 καὶ
2635 2329 2762 2393 τοὺς
2789 2327 2971 2394 λίθους
2999 2326 3217 2392 ἑϐλεπε,
3253 2326 3350 2382 καὶ
3396 2326 3524 2390 τοὺς
3564 2323 3840 2396 ψευδωνύ-

2252 2438 2388 2494 μους
2418 2420 2571 2485 υἱοὺς
2614 2422 2674 2475 ἐν
2715 2423 2829 2489 τοῖς
2873 2420 3277 2493 ἀποκηρύκτοις
3323 2418 3567 2492 ἠρίθμει.
3621 2418 3838 2489 Ἐπειδὴ

2249 2514 2330 2585 δὲ,
2352 2513 2497 2587 λόγῳ
2519 2511 2907 2584 καταγγέλλων
2932 2512 3116 2577 αὐτοῖς
3136 2512 3234 2583 τὴν
3254 2511 3530 2584 ἀλήθειαν,
3562 2510 3663 2567 οὐκ
3688 2510 3840 2563 ἐπει-

2251 2604 2343 2660 θεν
2388 2605 2654 2672 εὐσεϐεῖν,
2690 2603 2981 2680 παρεστὼς
3028 2603 3341 2676 ἀπεκρύϐη,
3378 2595 3475 2656 καὶ
3512 2602 3841 2681 φαινόμενος

2249 2696 2350 2751 οὐκ
2387 2697 2669 2764 ἐϐλέπετο,
2718 2697 2785 2751 ἶν’
2818 2698 2886 2751 ἐκ
2923 2698 3023 2769 τῆς
3052 2694 3309 2767 τοιαύτης
3351 2693 3587 2757 αύτοὺς’
3622 2692 3841 2764 θαυμα-

2249 2789 2509 2861 τουργίας
2559 2788 2764 2863 ἐλκύσῃ
2812 2788 2949 2861 πρὸς
2999 2785 3396 2858 συγκατάθεσιν
3445 2785 3565 2851 τοῦ,
3613 2785 3696 2838 ὅτι
3748 2786 3845 2838 καὶ

2248 2878 2484 2954 Χριστὸς
2504 2879 2547 2912 ¹⁶
2564 2878 2881 2952 ἐτύγχανεν,
2926 2879 3020 2933 καὶ
3056 2878 3189 2943 Θεὸς
3234 2876 3488 2951 Ἀϐραὰμ
3532 2875 3845 2949 πρεσϐύτε-

2253 2989 2366 3045 ρος.
2424 2970 2717 3027 ’Δκούσατε
2760 2966 2875 3040 οὖν,
2919 2972 3106 3046 φησὶν,
3149 2966 3195 3026 ὦ
3255 2969 3473 3041 ἀληθῶς
3520 2968 3713 3040 τυφλοὶ
3748 2970 3847 3025 καὶ

2252 3063 2500 3135 ἀνόητοι*
2536 3063 2634 3135 Τίς
2680 3055 2857 3130 οὗτος,
2900 3064 2929 3116 ό
2956 3062 3062 3116 ’καὶ
3110 3059 3419 3133 συμπαρὼν
3463 3059 3591 3131 ὑμῖν
3637 3059 3731 3115 καὶ
3766 3058 3846 3130 μὴ

2253 3132 2584 3238 βλεπόμενος
2608 3132 2740 3227 ἐξῆ
2791 3152 2935 3225 τάχα
2968 3132 3242 3221 ἐκεῖνοςό
3285 3132 3381 3206 καὶ
3435 3151 3574 3222 πρὸς
3598 3151 3849 3221 Μωῦσῆν

2251 3248 2447 3314 λαλῶν,
2478 3248 2572 3302 καὶ
2616 3246 2693 3320 μὴ
2722 3246 3046 3318 φαινόμενος
3073 3246 3151 3313 ¹²;
3191 3245 3433 3317 Ἐωρᾶτο
3472 3243 3581 3315 γὰρ
3603 3243 3698 3297 καὶ
3716 3243 3851 3296 τότε

2252 3339 2365 3411 πῦρ
2411 3339 2506 3393 καὶ
2551 3337 2734 3409 βάτος,
2782 3337 3069 3410 ἀμφότερα
3111 3337 3305 3409 ἄφωνα
3329 3353 3342 3366 °
3391 3334 3506 3390 ἀλλ’
3543 3336 3691 3406 ὅμως
3747 3336 3853 3390 καὶ

2254 3432 2405 3505 φωνὴ
2437 3432 2691 3505 ἠκούετο,
2720 3431 2816 3485 καὶ
2847 3430 3007 3501 λόγος
3036 3430 3313 3494 ἐπαίδευε,
3351 3428 3446 3487 καὶ
3489 3426 3749 3497 ἀσφαλῶς
3781 3429 3851 3482 τὸ

2256 3523 2449 3596 μέλλον
2493 3520 2919 3597 προηγορεύετο.
2964 3521 3076 3575 Καὶ
3116 3521 3223 3593 χρὴ
3277 3520 3405 3580 τοὺς
3448 3519 3573 3573 νοῦν
3616 3518 3852 3590 ἔχοντας

2252 3617 2319 3669 ἐκ
2339 3615 2439 3686 τῆς
2469 3613 2787 3687 συγγενείας
2807 3611 2916 3669 τῶν
2934 3612 3275 3686 πραγμάτων
3294 3609 3561 3683 γνωρίσαι
3582 3610 3644 3665 τὸ
3672 3609 3855 3682 πρόσ-

2251 3722 2421 3761 ωπον.

2326 3795 2513 3864 Οὕτως
2532 3796 2590 3851 δέ
2617 3795 2831 3867 ἀλόγως
2856 3796 2951 3851 καὶ
2970 3795 3216 3868 ἀνοήτως
3243 3793 3361 3848 τῶν.
3395 3791 3662 3866 Ἐϐραίων
3689 3792 3859 3863 ἐχόν-

2251 3909 2382 3959 των,
2408 3891 2438 3945 ό
2462 3889 2666 3963 Κύριος
2703 3887 2861 3961 ἡμῶν
2900 3888 2996 3942 καὶ
3035 3888 3250 3960 Σωτὴρ,
3302 3885 3492 3960 ὥσπερ
3526 3903 3612 3950 τις
3658 3883 3862 3957 ἰατρὸς

2250 3983 2518 4058 ἐπιμελής
2553 4000 2617 4037 τε
2644 3979 2885 4057 [ὁμοῢ¹³]
2917 3981 3012 4035 καὶ
3053 3982 3237 4053 σοφὸς,
3290 3980 3429 4054 πρὸς
3467 3978 3568 4051 τὴν
3616 3975 3859 4051 πρώτην

2250 4078 2449 4149 πεῖραν
2476 4075 2578 4129 οὐκ
2613 4074 2861 4139 ἐκδόντος
2898 4073 2993 4129 τοῦ
3032 4074 3262 4138 πάθους,
3306 4072 3464 4128 ἄλλον
3501 4072 3708 4144 τρόπον
3747 4072 3861 4142 τῆς

2255 4163 2551 4237 θεραπείας
2578 4163 3035 4238 μεταχειρίζεται.
3079 4161 3281 4234 Τυφλῷ
3313 4160 3371 4214 δέ
3402 4158 3654 4232 βούλεται
3685 4157 3865 4230 θερα-

2253 4255 2451 4311 πεῦσαι
2473 4254 2708 4325 τυφλοὺς
2736 4254 2833 4326 τὴν
2857 4254 3118 4324 διάνοιαν,
3147 4254 3206 4318 ὃς
3233 4256 3300 4307 ἐκ
3326 4250 3422 4307 τοῦ
3447 4249 3863 4325 προστυχόντος

2253 4347 2474 4421 εύρέθη,
2497 4347 2557 4402 οὐ
2579 4345 2731 4421 λώϐῃ
2749 4346 2856 4401 τινὶ
2872 4346 3141 4418 συμϐάσει
3162 4345 3351 4404 παθὼν
3378 4347 3480 4419 τὴν
3507 4343 3862 4416 τυφλότητα,

2180 4461 2226 4518 ι)
2250 4438 2392 4494 ἀλλά
2413 4439 2715 4510 πταίσματι
2742 4437 2979 4510 φύσεως,
3001 4437 3176 4506 οὕτως
3194 4438 3261 4497 ἐκ
3282 4438 3519 4511 γαστρὸς
3539 4436 3865 4509 παραχθεὶς

2250 4533 2329 4596 είς
2355 4530 2447 4585 τὸν
2475 4530 2607 4602 βίον.

2321 4645 2672 4718 Θεασάμενός
2699 4644 2757 4700 δέ
2781 4644 2873 4701 τὸν
2911 4644 3221 4718 ἄνθρωπον,
3250 4644 3407 4718 ἔστη,
3437 4646 3535 4701 καὶ
3571 4646 3717 4717 πρὸς
3749 4648 3864 4718 τὴν

2256 4738 2556 4813 θεραπείαν
2582 4738 2803 4809 ἕτοιμος
2844 4733 2915 4808 ἦν
2935 4756 2950 4771 ·
2988 4738 3289 4812 θεραπείαν
3343 4736 3705 4809 ἀνθρωπικοῦ
3762 4737 3867 4791 λό-

570 4809 830 4879 majorem
863 4812 1070 4869 ratione
1096 4824 1149 4870 et
1172 4826 1311 4872 arte.
1340 4817 1549 4890 Quippe
1579 4836 1671 4878 ars
1702 4826 1908 4883 medica
1937 4843 2003 4886 ac
2033 4830 2147 4902 ejus

2252 4809 2351 4902 γου
2370 4833 2415 4864 ¹⁴
2432 4831 2527 4885 καὶ
2550 4830 2747 4901 τέχνης
2766 4809 3073 4899 κρείττονα.
3092 4831 3331 4904 ’ἰατρικὴ
3353 4830 3481 4904 [μὲν
3498 4829 3568 4905 ⁸⁸]
3591 4829 3730 4902 γὰρ,
3758 4832 3867 4884 καὶ

570 4903 709 4959 ratio
735 4918 924 4961 eorum
950 4906 1263 4964 morborum
1293 4912 1807 4985 contemplationem
1838 4920 2024 4985 tradit,
2048 4923 2146 4993 qui

2253 4927 2284 4978 ὁ
2321 4925 2444 4978 κατ’
2470 4922 2642 4994 αὐτὴν
2679 4921 2858 4991 λόγος,
2892 4922 3119 4977 ἐκείνων
3136 4922 3181 4956 ⁸⁸
3216 4903 3327 4976 τῶν
3362 4903 3695 4993 νοσημάτων
3728 4923 3869 4975 ἐπι-

565 4996 677 5067 iam
708 5012 739 5053 a
769 5007 962 5055 natura
1005 5001 1244 5072 perfecto
1284 5002 1506 5060 animali
1559 5020 1623 5063 ac
1664 5008 1720 5065 in
1765 5009 1941 5070 lucem
2002 5014 2148 5071 edito

568 5104 700 5147 casu
730 5091 1075 5163 postmodum
1103 5094 1288 5169 aliquo
1320 5097 1616 5158 accidunt:
1648 5105 1921 5174 congeniti
1960 5119 2145 5165 autem

566 5185 790 5254 corpori
824 5186 943 5244 vitii
976 5188 1198 5247 minime
1244 5194 1579 5249 curationem
1608 5197 1873 5266 promittit
1900 5212 1918 5252 :
1953 5208 2010 5255 at
2042 5217 2141 5257 ne-

567 5290 677 5343 que
703 5280 999 5337 nniversim
1045 5283 1380 5351 morborum,
1413 5286 1460 5343 si
1502 5287 1595 5358 qui
1644 5287 1893 5359 deinceps
1928 5293 2142 5351 accide-

572 5376 699 5424 runt
725 5388 740 5425 :
766 5372 919 5443 cujus
945 5374 1022 5431 rei
1061 5376 1274 5435 abunde
1319 5386 1484 5436 testes
1527 5390 1656 5437 sunt
1696 5380 1929 5440 ntutilali
1966 5383 2145 5443 homi-

645 5530 674 5610 ξ
707 5526 811 5610 iss.
847 5545 1043 5610 xxviii,
1102 5535 1187 5589 l6.
1264 5540 1284 5569 ³
1317 5537 1452 5610 Dan.
1478 5552 1541 5606 tt,
1577 5538 1668 5594 45.
1752 5540 1776 5573 ⁸
1807 5540 1823 5596 l
1860 5540 1976 5597 Pet.
2019 5560 2059 5610 ι,
2088 5544 2141 5599 6.

572 5669 793 5755 φριςιόμ.
832 5686 894 5755 ιρι
939 5669 1192 5755 ἰιιινὶδῖμιο
1214 5669 1307 5732 καὶ
1330 5679 1417 5750 μὴ
1446 5680 1603 5753 βλεπ.
1641 5681 1730 5735 καὶ
1767 5685 1985 5755 φαινόμ.

583 5743 628 5775 ¹⁶
650 5740 805 5798 Ιίιοι.
837 5740 1081 5806 ἐκείνοις.

2246 5546 2268 5579 ⁸
2297 5545 2484 5597 Matth.
2523 5560 2605 5597 ιιι.
2637 5545 2691 5597 9.

647 5545 661 5559 -
707 5545 811 5582 tsa.
847 5545 1043 5595 xxvnt,
1102 5545 1187 5589 ui.
1264 5545 1284 5569 ³
1317 5545 1452 5593 Dan.
1478 5552 1541 5606 tt,
1577 5545 1668 5594 65.
1752 5545 1776 5573 ³
1807 5545 1823 5596 l
1860 5545 1976 5597 Pet.
2019 5560 2059 5610 ι,
2088 5545 2141 5599 6.

568 5598 593 5631 ⁷
636 5597 711 5653 Ex
743 5598 869 5669 Seg.
946 5600 967 5632 ⁸
1002 5604 1128 5673 ch.
1168 5607 1494 5677 προγνώσει.
1570 5611 1589 5642 ⁸
1614 5610 1769 5665 Pltot.
1800 5612 1985 5669 αὐτοῦ.
2068 5617 2109 5648 ¹⁰
2144 5618 2147 5671 Ι

572 5669 793 5743 φαινόμ.
832 5686 894 5743 ιιι
940 5673 1192 5743 utrisque
1214 5681 1307 5732 καὶ
1330 5679 1417 5743 μὴ
1446 5680 1603 5743 βλεπ.
1641 5681 1730 5735 καὶ
1767 5685 1985 5743 φαινόμ.
2099 5688 2139 5719 ⁸³

2252 5546 2268 5579 ⁸
2297 5545 2484 5601 Matth.
2523 5560 2605 5606 ιιι,
2637 5545 2691 5597 9.
2794 5545 2815 5573 '
2847 5545 2980 5596 Gen.
3016 5556 3172 5601 ιιι-ιιι.
3230 5545 3312 5593 l8.

2252 5626 2298 5671 νί.
2328 5632 2341 5681 ;
2379 5616 2503 5687 ch.
2555 5614 2708 5677 Θεὸς.
2786 5612 2825 5644 ⁸⁸
2856 5612 2980 5679 Seg.
3009 5609 3357 5697 βλεπόμενος.

2290 5689 2415 5743 Sea.
2531 5686 2751 5741 “l‘ltot.
2804 5679 3149 5743 ἀνθρωπίνης
3202 5698 3357 5743 σοφια

2123 5702 2139 5715 ³
2170 5702 2248 5743 tax
2290 5702 2415 5759 cog.

2257 5016 2442 5072 σάλλει
2483 5014 2583 5089 τὴν
2629 5013 2885 5087 θεωρίαν,
2918 5014 3021 5071 ὅσα
3064 5015 3165 5087 τῆς
3207 5014 3425 5086 φύσεως
3446 5014 3863 5086 ἀπαρτισάσης

2254 5110 2319 5164 τὸ
2353 5108 2514 5176 ζῶον,
2554 5107 2652 5163 καὶ
2684 5106 3034 5181 προαγούσης
3058 5109 3140 5173 είς
3172 5108 3311 5178 φῶς,
3351 5108 3567 5181 χρόνοις
3610 5106 3866 5179 ὕστερον

2255 5200 2398 5255 κατά
2440 5216 2594 5263 τινας
2637 5198 2986 5267 περιστάσεις
3024 5196 3442 5269 ἐπισυμϐαίνει·
3473 5196 3578 5266 τῆς
3620 5194 3681 5248 δέ
3721 5211 3871 5249 συν-

2254 5292 2539 5366 τεχθείσης
2569 5290 2647 5364 τῷ
2680 5291 2892 5363 σώματι
2935 5289 3136 5362 λώϐης,
3185 5290 3287 5344 οὐκ
3324 5287 3728 5389 ἐπαγγέλλεται
3771 5286 3874 5389 0-s-

2259 5387 2511 5457 ραπείαν.
2542 5385 2617 5439 0')
2650 5384 2833 5456 μέντοι
2861 5399 2926 5452 γε
2948 5381 3069 5436 οὐδὲ
3103 5379 3213 5435 τῶν
3257 5378 3447 5437 παθῶν
3479 5377 3702 5434 πάντων
3736 5377 3873 5431 τῶν

2794 5542 2815 5573 ⁸
2847 5541 2980 5596 Gen.
3016 5556 3172 5601 ιιι-ιιι.
3230 5538 3312 5593 l8.
3422 5540 3443 5572 ⁸
3473 5538 3640 5592 Exod.
3669 5552 3760 5602 ιιι,
3801 5539 3870 5594 4.

3468 5610 3511 5641 ⁸⁸
3543 5608 3705 5662 Pltnt.
3756 5609 3877 5663 καὶ

3529 5681 3571 5712 ⁸⁵
3601 5678 3677 5733 Ex
3716 5677 3874 5751 Seg.

2531 5686 2573 5717 ”
2597 5686 2751 5741 l‘ltot.
2804 5679 3149 5752 ἀνθρωπίνης
3182 5679 3412 5751 σοφίας.
