4048 6194
585 282 691 338 255

1857 277 1916 332 S.
1954 275 2230 333 ASTERII
2266 274 2567 334 AMASENI

3720 275 3824 333 256

586 408 840 464 duritiem
890 397 1112 469 habens,
1157 404 1320 474 inque
1347 401 1493 458 molli
1536 401 1936 460 contentionem
1963 417 2155 473 quam-

2270 401 2332 466 ὓς
2352 402 2420 456 ἀν
2443 402 2572 474 εἴπῃ
2596 417 2701 471 τις,
2733 399 2792 454 ὲν
2812 397 2889 470 τῷ
2912 394 3166 471 τρυφερῷ
3200 395 3262 450 τὸ
3296 392 3516 466 στερεὸν
3541 392 3697 465 ἔχων,
3732 395 3824 448 καὶ

520 495 531 504 ’
587 499 735 562 dam,
772 512 837 552 ac
857 497 1023 550 variis
1054 494 1326 566 coloribus
1362 493 1622 550 illustrius
1667 492 1985 548 interﬂorct.
2028 492 2157 563 Ejus

588 589 771 658 itaque
802 585 1156 640 meditullium
1183 585 1320 654 nigri
1349 583 1762 640 delineationcm
1793 583 1974 648 habet,
2017 597 2159 639 eam-

587 693 696 747 que
736 691 846 730 non
876 675 1116 744 ejusdem
1144 689 1242 744 per
1267 683 1433 730 totum
1465 675 1714 743 rationis,
1736 675 1831 731 sed
1859 675 2024 731 variis
2047 675 2160 746 qni-

590 768 812 822 bnsdam
874 765 1092 822 circulis
1151 766 1537 830 commissam;
1587 775 1774 822 centro
1825 766 2040 836 quidem
2095 778 2158 820 ac

589 857 887 912 meditullio
951 858 1216 928 nigriori;
1276 857 1536 913 exteriori
1584 868 1763 913 autem
1813 855 2156 913 circumﬂexu

587 946 842 1014 paulatim
895 947 947 1001 in
998 947 1271 1002 ﬂaviorem
1319 947 1597 1003 desinente
1662 949 1970 1003 tincturam.
2023 948 2155 1003 Eam

589 1036 722 1092 foris
758 1038 928 1092 munit
950 1039 1154 1104 album,
1181 1039 1516 1109 splendidum
1549 1039 1679 1094 illud
1707 1055 1771 1095 ac
1793 1039 2154 1110 pellucidum;

588 1131 731 1186 haud
787 1142 962 1187 tamen
1017 1147 1226 1187 summe
1263 1148 1329 1188 ac
1370 1133 1513 1188 nulla
1557 1133 1942 1203 temperatione
1969 1134 2157 1189 candi-

587 1222 735 1287 dum,
792 1224 886 1278 sed
934 1223 1106 1279 vitrea
1154 1225 1387 1294 quadam
1423 1241 1488 1280 ac
1533 1225 1794 1294 pellucida
1831 1225 2010 1295 specie
2043 1223 2157 1279 for-

586 1321 813 1366 rnatum.
844 1312 1063 1369 [iubens
1089 1314 1239 1370 color
1262 1316 1404 1370 circa
1439 1315 1695 1385 pupillam
1729 1313 1932 1370 ati‘usus
1960 1322 2065 1379 est,
2098 1323 2158 1369 ut

587 1402 710 1456 albo
743 1418 806 1457 ac
835 1404 986 1474 nigro
1004 1417 1374 1477 contemperet
1417 1409 1666 1478 gratiam.
1718 1407 1798 1462 Ad
1827 1407 1942 1462 haec
1977 1415 2157 1462 autem

585 1493 666 1547 sic
708 1493 760 1548 in
807 1495 973 1550 denso
1023 1497 1320 1566 pellucidus
1349 1509 1434 1554 est
1465 1509 1627 1569 atque
1659 1498 1818 1565 levis,
1860 1507 1918 1552 ut
1938 1508 1995 1553 et
2033 1511 2158 1568 pro-

589 1585 709 1653 pius
767 1590 1136 1643 accedentium
1177 1589 1380 1646 formas
1413 1591 1701 1658 exprimat,
1733 1605 1798 1644 ac
1821 1589 1969 1645 velut
1995 1603 2159 1659 egre-

585 1676 730 1744 gium
771 1678 1069 1745 speculum,
1111 1695 1297 1734 eorum
1346 1680 1664 1748 quibuscum
1699 1693 2018 1734 .sermonem
2057 1676 2160 1731 mi-

583 1741 840 1831 suemus,
895 1741 1095 1837 ﬁguras
1149 1741 1496 1839 repraesentet
1536 1787 1551 1823 :
1592 1767 1938 1838 quamobrem
1986 1766 2152 1821 etiam
2184 1741 2228 1797 Β

585 1855 704 1924 ejus
739 1857 923 1912 circuli
970 1873 1183 1914 summe
1235 1860 1471 1915 medium
1519 1867 1762 1915 centrum
1798 1855 1996 1926 pupilla
2052 1869 2152 1924 ap-

587 1946 842 2015 pellatum
873 1948 996 2016 fuit,
1031 1953 1320 2005 humanam
1355 1965 1573 2021 semper
1597 1950 1859 2006 exhibens
1891 1948 2152 2020 speciem,

587 2048 645 2094 ut
687 2040 809 2110 quis
854 2056 886 2096 e
930 2043 1150 2113 regione
1188 2043 1479 2113 aspexerit.
1517 2041 1588 2098 Ut
1629 2042 1775 2098 enim
1812 2042 2002 2111 nequit
2034 2039 2151 2096 ﬁeri

587 2143 645 2186 nt
704 2134 824 2202 quis
859 2145 1145 2204 aspectans
1193 2137 1245 2190 in
1291 2136 1564 2204 speculum
1610 2150 1715 2190 non
1771 2133 1954 2191 statim
1999 2147 2153 2188 suam

587 2225 641 2278 in
707 2227 929 2282 materia
1001 2227 1226 2296 ﬁguram
1294 2228 1628 2293 adutnbret;
1718 2227 1801 2282 sic
1861 2240 2034 2296 neque
2096 2232 2149 2280 ut

584 2315 707 2385 quis
769 2318 994 2372 adverso
1041 2316 1186 2372 vultu
1237 2317 1392 2372 alteri
1447 2317 1774 2382 consistens,
1830 2332 1937 2372 non
1997 2331 2153 2371 suam

589 2408 813 2461 formam
861 2409 1019 2464 oculo
1059 2409 1336 2478 appingat.
1388 2409 1520 2466 Sese
1565 2425 1695 2479 ergo
1759 2409 2006 2464 homines
2065 2409 2151 2462 in-

590 2498 756 2553 vicem
795 2499 1118 2568 aspicientes
1151 2499 1255 2556 sibi
1312 2509 1498 2556 mutuo
1541 2498 1757 2571 specula
1785 2497 2114 2555 etiiciuntur.

661 2675 862 2744 Dignus
904 2677 1084 2746 itaque
1117 2678 1170 2731 in
1206 2681 1404 2734 creatis
1452 2677 1813 2734 admiratione
1848 2679 2058 2734 oculus.
2110 2677 2161 2733 Is

589 2766 732 2819 enim
765 2767 928 2820 Deum
965 2782 1181 2837 quoque
1224 2769 1355 2826 mihi
1395 2770 1636 2838 exponit,
1669 2770 1759 2838 qui
1800 2778 1968 2823 totam
1997 2783 2161 2824 accu-

591 2869 706 2910 rate
743 2866 1049 2912 creaturam
1085 2859 1375 2927 perdiscat,
1419 2874 1596 2929 exque
1627 2861 1946 2929 operatione
1987 2859 2161 2914 artiii-

594 2963 711 3002 cem
755 2949 1029 3006 ostendat.
1064 2949 1183 3015 llic,
1215 2966 1282 3006 ex
1322 2951 1388 3007 iis
1426 2966 1547 3021 qua:
1575 2951 1802 3006 visibilia
1835 2960 1982 3015 sunt,
2017 2950 2161 3006 invi-

593 3041 770 3095 sibilia
810 3042 1003 3097 animae
1035 3042 1292 3112 explicat.
1337 3042 1442 3100 Per
1471 3059 1595 3098 eum
1649 3043 1781 3099 solis
1814 3043 1988 3099 habeo
2018 3042 2154 3098 noti-

595 3133 759 3200 tiam,
796 3148 860 3189 ac
905 3133 1031 3189 caali
1067 3143 1314 3189 ornatum
1363 3134 1522 3202 novi,
1559 3134 1836 3202 lustroque
1884 3132 2162 3188 stellarum

594 3225 1074 3294 pulchritudinem,
1107 3236 1162 3281 et
1194 3237 1352 3282 teme
1385 3227 1582 3294 basim,
1608 3243 1672 3282 ac
1699 3227 1865 3282 maris
1892 3237 2164 3291 naturam,

601 3315 818 3370 diversa
847 3318 1051 3371 semina
1083 3317 1446 3388 arborumque
1474 3320 1814 3385 varietatem,
1837 3334 1902 3373 ac
1924 3317 2168 3374 colorum

600 3405 807 3459 variam
855 3407 1170 3474 tincturam,
1217 3407 1562 3463 tenebrarum
1605 3409 1818 3464 tristem
1851 3407 2072 3474 faciem,
2104 3424 2169 3464 ac

596 3499 734 3554 lucis
782 3498 1122 3568 splendorem
1151 3541 1167 3567 ,
1198 3501 1380 3556 omnia
1428 3501 1663 3572 denique
1700 3503 1746 3557 si
1795 3517 1900 3572 qua
1935 3501 2172 3556 laudavit

601 3590 744 3645 Deus
793 3591 1042 3646 conditor
1086 3592 1156 3648 ⁸⁸.
1194 3593 1372 3662 Atque
1429 3595 1598 3660 adeo,
1629 3594 1735 3649 nisi
1784 3602 1930 3649 esset
1958 3593 2169 3660 oculus,

601 3689 911 3737 creatorunt
963 3682 1289 3740 universitas
1337 3685 1454 3740 sine
1510 3694 1646 3741 teste
1693 3688 1994 3752 senuisset,
2048 3702 2172 3741 cum

603 3773 780 3828 nullus
806 3775 896 3830 Dei
923 3778 1241 3846 sapientiam
1268 3791 1332 3832 ac
1353 3778 1631 3843 virtutem,
1660 3794 1780 3850 qua:
1807 3778 1860 3834 in
1883 3793 1946 3834 ea
1972 3779 2170 3844 elucet,

602 3876 918 3936 aspecturus
948 3876 1110 3924 esset.

673 3957 756 4012 0b
786 3974 905 4013 eam
945 3975 1072 4032 ergo
1104 3962 1406 4017 mirabilem
1449 3963 1598 4019 visus
1631 3973 1987 4028 structuram,
2032 3978 2176 4020 nunc

601 4063 822 4118 quoque
869 4051 1010 4106 oculi
1055 4067 1152 4107 ceu
1189 4063 1612 4124 extemporanea
1658 4057 1941 4112 molitione
1974 4055 2176 4112 conditi

605 4146 750 4202 sunt,
793 4153 900 4207 quo
933 4139 1252 4210 abiectiores
1284 4142 1351 4197 de
1383 4143 1680 4215 Unigenito
1724 4147 2081 4216 cogitationes
2109 4159 2176 4200 ex

605 4229 789 4286 carnis
811 4230 963 4286 nobis
986 4233 1292 4288 humilitate
1318 4236 1698 4303 accendentes,
1723 4237 2173 4294 submoveamus:

606 4337 677 4376 ex
725 4333 1000 4393 gestorum
1054 4325 1455 4396 magnificentia
1503 4337 1785 4398 angustam
1828 4342 2042 4382 omnem
2082 4329 2179 4383 ab-

2261 495 2320 547 έν
2341 492 2422 564 τῷ
2453 492 2680 564 μαλακῷ
2705 491 2768 544 τὸ
2814 489 3199 562 διατεταμένον
3218 505 3231 520 ·
3280 488 3373 542 καὶ
3401 486 3670 551 ποικίλαις
3688 487 3827 558 διήν-

2259 584 2440 639 θισται
2465 588 2584 650 ταῖς
2613 584 2819 656 χρόαις.
2863 583 2938 637 Τὸ
2967 582 3096 650 γοῦν
3125 580 3288 652 μέσον
3326 577 3493 631 αὑτοῦ
3554 578 3652 648 τὴν
3681 595 3824 648 περι·

2259 675 2476 748 γραφὴν
2522 675 2634 747 ἔχει
2678 677 2772 730 τοῦ
2823 676 3046 748 μέλανος
3069 693 3084 708 ο
3119 675 3214 728 καὶ
3250 673 3473 743 ταύτην,
3511 672 3572 724 οὑ
3612 671 3678 725 δι’
3703 671 3822 725 ὅλου

2263 765 2531 836 μονοειδῆ,
2565 765 2704 820 ἀλλά
2742 767 3009 830 ποικίλοις
3036 766 3145 820 τισὶ
3165 763 3384 827 κύκλοις
3405 762 3820 833 συνδεδεμένην·

2258 857 2352 912 τοῦ
2372 857 2597 931 κέντρου
2625 860 2720 928 μὲν
2747 859 2912 913 αὑτοῦ
2948 859 3042 912 καὶ
3092 857 3256 928 μέσου
3297 855 3356 909 τὸ
3392 853 3683 926 βαθύτερον
3711 853 3824 926 [καὶ

2264 952 2590 1025 μελάντερον
2606 953 2676 1026 ¹⁸]
2711 952 2959 1024 ἔχοντος·
2991 955 3090 1024 τῆς
3123 951 3182 1005 δὲ
3208 950 3456 1022 ἐξωτέρω
3478 949 3824 1021 περιφερείας

2257 1043 2396 1113 πρὸς
2435 1041 2535 1114 τὴν
2575 1041 2900 1114 ξανθοτέραν
2935 1042 3077 1095 κατά
3111 1041 3273 1113 μέρος
3317 1039 3694 1109 ἀποληγούσης
3733 1039 3826 1108 βα-

2259 1133 2386 1202 φήν.
2401 1132 2616 1204 Ταύτης
2630 1131 2828 1197 ἔξωθεν
2847 1133 2908 1186 τὸ
2928 1131 3118 1186 λευκὸν
3145 1130 3554 1203 περιϐέϐληται,
3581 1128 3826 1184 στιλπνὸν

2258 1222 2354 1276 καὶ
2393 1223 2633 1293 διαυγὲς,
2657 1224 2758 1278 οὐκ
2802 1224 3098 1294 ἀκρότατον
3114 1222 3160 1254 ¹⁹
3188 1222 3310 1292 ἔχον
3353 1221 3450 1292 τὴν
3484 1220 3783 1291 λευκότητα
3807 1237 3824 1253 ο

2257 1313 2375 1367 ἀλλ’
2405 1314 2464 1367 έν
2487 1314 2926 1384 κρυσταλλοειδεῖ
2949 1333 3054 1369 τινι
3095 1316 3191 1369 καὶ
3218 1313 3580 1386 διαυγαζούση
3606 1331 3826 1382 πεποιη⁸

2260 1404 2420 1476 μένον
2465 1407 2530 1476 τῇ
2575 1408 2778 1478 μορφῇ.
2813 1406 2887 1459 Τὸ
2918 1405 3146 1478 ἐρυθρὸν
3181 1409 3358 1460 κεῖται
3401 1404 3529 1478 περὶ
3563 1405 3661 1476 τὴν
3697 1403 3827 1475 κρή-

2258 1511 2355 1567 νην
2370 1495 2438 1561 ³⁰,
2465 1495 2551 1549 ἴνα
2568 1495 2648 1567 τῷ
2665 1477 2843 1566 λευκῷ
2863 1477 2961 1549 καῖ
2977 1494 3055 1567 τῷ
3083 1495 3270 1566 μέλανι
3293 1495 3500 1568 κεράσῃ
3521 1477 3620 1564 τήν
3646 1493 3822 1566 χάριν.

2273 1588 2398 1642 Ἐπὶ
2434 1586 2664 1653 τούτοις,
2704 1587 2878 1651 οὑτως
2925 1588 3042 1640 ἐστὶ
3075 1586 3303 1658 διαυγὴς
3342 1586 3434 1640 καὶ
3479 1584 3620 1648 λεῖος
3668 1586 3725 1637 ὲν
3759 1587 3826 1656 τῇ

2261 1676 2580 1749 πυκνότητι,
2632 1676 2772 1730 ὥστε
2813 1677 2908 1731 καὶ
2955 1676 3056 1740 τὰς
3099 1675 3207 1729 τῶν
3256 1675 3581 1744 ἐγγιζόντων
3624 1673 3832 1727 εἰδωλοο

2259 1769 2434 1821 ποιεῖν
2490 1768 2724 1840 μορφάς,
2773 1769 2867 1821 καὶ
2911 1767 3077 1821 οἱονεὶ
3124 1767 3432 1838 κάτοπτρον
3461 1763 3686 1837 ἀκριϐὲς
3721 1764 3828 1818 τῶν

2258 1858 2797 1930 προσδιαλεγομένων
2860 1858 3220 1913 έντυποῦσθαι
3274 1858 3404 1921 τοὺς
3458 1856 3827 1928 χαρακτῆρας,

2258 1947 2477 2022 διὸ
2527 1951 2624 2004 καὶ
2661 1949 2722 2004 τὸ
2773 1952 3098 2022 μεσαίτατον
3141 1951 3304 2004 αὑτοῦ
3352 1949 3553 2004 κύκλου
3584 1949 3827 2020 κέντρον,

2259 2040 2698 2111 προσηγόρευται
2745 2042 2902 2113 κόρη.
2936 2042 3026 2096 ἀεὶ
3071 2042 3174 2112 τὴν
3218 2040 3430 2114 μορφὴν
3465 2041 3544 2112 τῷ
3585 2057 3830 2095 καταντιο

2261 2133 2367 2205 κρυ
2391 2133 2638 2203 βλέποντι
2663 2133 2903 2188 δεικνύον
2931 2134 3304 2205 ἀνθρωπικήν.
3336 2135 3425 2198 Ὠς
3444 2133 3554 2205 γάρ
3585 2135 3686 2188 οὑκ
3717 2132 3830 2186 ἐστι

2260 2223 2352 2276 τὸν
2386 2222 2597 2295 ὁρῶντα
2633 2225 2713 2288 είς
2757 2225 3060 2298 κάτοπτρον
3113 2224 3191 2296 μὴ
3217 2225 3380 2288 εὐθὺς
3430 2224 3828 2295 ένίσκασηται³¹

2261 2317 2328 2385 τῇ
2361 2313 2460 2387 ὕλῃ
2488 2315 2580 2368 τὸν
2618 2315 2748 2370 ἴδιον
2801 2317 3143 2388 χαρακτῆρα·
3201 2314 3346 2369 οὑτω
3413 2317 3506 2368 τὸν
3549 2315 3837 2386 ἀντιπρόσ·

2263 2425 2416 2462 ωπον
2461 2407 2671 2462 ἑστῶτα
2729 2409 2824 2463 τοῦ
2879 2408 3166 2482 ἀνθρώπου
3193 2448 3210 2473 ,
3279 2408 3354 2479 μὴ
3432 2406 3708 2479 ἐγγράψαι
3758 2406 3836 2478 τῷ

2263 2498 2524 2572 ὀφθαλμῷ
2548 2500 2646 2572 τὴν
2676 2501 2882 2555 οἰκείαν
2919 2503 3154 2572 μορφήν.
3192 2501 3286 2564 Εἰς
3311 2500 3574 2571 ἀλλήλους
3600 2497 3730 2567 γοῦν
3753 2497 3840 2552 άν-

2265 2590 2472 2661 θρωποι
2507 2588 2794 2660 βλέποντες
2817 2591 3062 2662 ἀλλήλων
3089 2592 3329 2660 γίνονται
3365 2591 3665 2662 κάτοπτρα.

2336 2680 2448 2735 Θαύ
2456 2698 2624 2752 ματος
2649 2682 2827 2738 τοίνυν
2842 2683 2991 2748 ἄξιος
3009 2684 3066 2735 ὲν
3080 2686 3192 2746 τοῖς
3220 2682 3510 2753 κτίσμασιν
3534 2680 3838 2752 ὀφθαλμός.

2267 2765 2436 2835 Οὗτος
2467 2772 2575 2842 γάρ
2611 2790 2700 2843 μοι
2737 2774 2834 2826 καὶ
2862 2775 2996 2828 Θεὸν
3031 2773 3345 2844 έρμηνεύει,
3382 2775 3562 2826 πᾶσαν
3599 2771 3844 2845 ἀκριϐῶς

2267 2867 2700 2937 καταμανθάνων
2738 2866 2836 2937 τὴν
2877 2866 3074 2930 κτίσιν,
3119 2866 3229 2918 κάκ
3263 2865 3361 2936 τῆς
3399 2865 3674 2934 ἐνεργείας
3702 2863 3844 2916 ὑπο-

2268 2955 2482 3022 δεικνὺς
2506 2958 2596 3012 τὸν
2621 2957 2888 3029 τεχνίτην·
2910 2953 3064 3022 οὗτος
3083 2960 3148 3011 ὲκ
3171 2957 3278 3012 τῶν
3309 2956 3522 3029 ὁρατῶν
3543 2954 3842 3028 έρμηνεύει

2273 3048 2374 3120 [τῇ
2403 3047 2549 3120 ψυχῇ
2597 3049 2683 3121 ³²]
2717 3047 2788 3101 τά
2829 3047 3072 3120 ἀόραταο
3122 3047 3212 3101 διὰ
3258 3045 3447 3101 τούτου
3504 3046 3610 3118 ἔχω
3640 3045 3849 3114 γνῶσιν

2267 3139 2442 3210 ἡλίου,
2474 3139 2568 3192 καὶ
2596 3138 2824 3210 ούρανοῦ
2853 3139 3056 3210 κόσμον
3088 3137 3310 3210 ἔμαθον,
3338 3139 3432 3193 καὶ
3467 3137 3664 3200 κάλλος
3681 3136 3851 3191 ἀστέ-

2271 3246 2380 3302 ρων
2414 3228 2696 3301 ἱστόρησα,
2727 3230 2822 3283 καὶ
2853 3229 2958 3299 γῆς
2985 3230 3304 3295 ὑπόστασιν,
3335 3230 3429 3283 καὶ
3459 3229 3617 3298 φύσιν
3644 3227 3855 3281 θαλάσ⁴

2271 3335 2401 3391 σης·
2434 3320 2765 3389 σπερμάτων
2794 3319 3076 3391 διαφορὰν,
3107 3321 3202 3374 καὶ
3229 3319 3411 3390 φυτῶν
3438 3318 3736 3384 ποικιλίαν,
3753 3319 3857 3372 καὶ

2249 3404 2577 3482 ’χρωμάτων
2617 3409 2868 3481 ποικίλην
2901 3410 3076 3481 βαφήν
3099 3427 3115 3441 ο
3161 3411 3386 3476 σκότους
3417 3428 3476 3464 τε
3517 3410 3856 3480 κατήφειαν,

2271 3503 2367 3557 καὶ
2391 3503 2567 3572 φωτὸς
2599 3503 2942 3575 λαμπηδόνα,
2983 3503 3078 3558 καὶ
3104 3503 3284 3558 πάντα
3313 3503 3500 3567 ἁπλῶς
3527 3503 3629 3556 ὅσα
3659 3504 3687 3556 ό
3713 3501 3857 3566 Θεὸς

2275 3593 2470 3657 κτίσας
2513 3592 2798 3665 ἐπῄνεσεν.
2838 3593 2946 3659 Ὦς,
2991 3595 3044 3647 εῐ
3071 3609 3136 3662 γε
3165 3593 3442 3665 ὀφθαλμὸς
3471 3592 3546 3664 μὴ
3578 3591 3856 3663 ὑπῆρχεν,

2251 3683 2590 3756 ,ἀμάρτυρος
2642 3683 2708 3738 ἂν
2749 3686 2784 3755 η
2836 3683 3015 3748 κτίσις
3060 3685 3363 3756 ἐγήρασεν·
3419 3681 3633 3747 οὐδενὸς
3708 3682 3862 3736 καθ-

2273 3776 2510 3847 ορῶντος
2546 3776 2647 3846 τὴν
2687 3774 2886 3848 ἑαυτὴν
2923 3775 2970 3808 ³³
3000 3775 3312 3848 σωζομένην
3348 3775 3443 3830 τοῦ
3477 3775 3610 3830 Θεοῦ
3657 3775 3864 3846 σοφίαν

2275 3869 2371 3923 καὶ
2403 3868 2654 3939 δύναμιν.

2349 3961 2449 4013 Διά
2473 3959 2676 4030 ταύτην
2701 3958 2881 4014 τοίνυν
2902 3960 3002 4032 τὴν
3028 3959 3348 4033 θαυμαστὴν
3370 3959 3470 4032 τὴν
3487 3960 3665 4030 δψεων
3693 3977 3871 4014 κατα-

2280 4050 2482 4121 σκευὴν
2509 4049 2779 4120 ὀφθαλμοὶ
2827 4049 2925 4102 καὶ
2956 4049 3052 4104 νῦν
3109 4048 3440 4120 ἐκτίσθησαν
3483 4049 3866 4120 αὐτοσχέδιοι.

2279 4140 2366 4194 ἵνα
2403 4140 2502 4204 τάς
2546 4143 2944 4212 μικροπρεπεϊς
2986 4141 3230 4205 ἑννοίας,
3271 4140 3372 4204 τὰς
3455 4157 3490 4194 κ
3520 4140 3620 4210 τῆς
3651 4139 3873 4210 σαρκὸς

2278 4231 2633 4300 ἐγγινομένας
2653 4232 2808 4302 ἡμῖν,
2835 4231 2963 4301 περὶ
2987 4229 3082 4283 τοῦ
3102 4229 3458 4300 Μονογενοῦς,
3494 4229 3870 4302 ἀποθώμεθα,

2278 4325 2345 4394 τῇ
2381 4321 2752 4394 μεγαλουργίᾳ
2775 4320 2884 4375 τῶν
2916 4320 3220 4393 γινομένων
3248 4321 3602 4384 ἐκϐάλλοντες
3625 4321 3728 4393 τὴν
3767 4322 3880 4393 ψυ-

605 4412 920 4483 jectamque
943 4415 1248 4484 opinionem
1277 4416 1348 4472 ab
1371 4417 1554 4474 animo
1578 4418 1893 4489 ejicientes;
1920 4421 2167 4477 sciamus-

2281 4415 2382 4486 χῆς
2398 4415 2578 4468 πᾶσαν
2598 4412 2862 4484 ὑπόληψιν
2881 4412 3235 4485 μικροπρεπῆ
3252 4414 3348 4466 καὶ
3377 4413 3722 4485 χαμαίζηλον
3770 4415 3824 4447 ιδ
3857 4433 3876 4448 .

611 4517 718 4572 que
771 4501 986 4556 beatum
1015 4503 1236 4560 deitatis
1265 4505 1445 4561 lumen
1476 4519 1540 4562 ac
1571 4507 2023 4575 pulchritudinem
2079 4525 2176 4568 vas

612 4602 838 4650 testeum
884 4597 1280 4667 assumpsisse,
1315 4599 1457 4668 quod
1515 4598 1671 4654 nobis
1716 4597 1951 4656 lucerna:
2004 4601 2178 4658 instar

612 4687 952 4757 splendorem
998 4688 1390 4746 subministret.
1430 4688 1660 4746 Omnino
1693 4699 1874 4747 autem
1912 4694 2026 4764 ipse
2081 4709 2180 4764 per

615 4796 670 4834 se.
703 4779 962 4836 Dominus
982 4790 1167 4848 curat;
1197 4796 1296 4838 nec
1325 4782 1441 4838 solo
1464 4797 1714 4840 sermone
1737 4783 1804 4838 ad
1829 4799 1964 4856 opus
1986 4788 2173 4854 utitur,

615 4871 702 4942 qni
733 4887 918 4928 rerum
946 4882 1198 4929 ornatum
1237 4874 1547 4930 universum
1588 4866 1863 4948 praecepto
1895 4878 2180 4947 produxis-

611 4972 696 5020 set
720 4963 787 5028 “,
845 4963 938 5035 qui
975 4964 1186 5021 duobus
1236 4966 1480 5022 verbulis
1518 4968 1777 5023 membris
1810 4967 2040 5024 solutum
2084 4968 2181 5023 ho-

612 5057 812 5112 minem
839 5066 1078 5113 curasset
1107 5057 1193 5124 ";
1224 5058 1352 5128 quin
1379 5068 1435 5114 et
1457 5073 1573 5127 ore,
1605 5068 1660 5116 et
1691 5060 1961 5126 manibus,
1995 5059 2178 5116 omni-

611 5164 717 5219 que
753 5149 859 5204 alia
894 5149 1229 5221 providentia
1267 5151 1567 5207 caecitatem
1613 5160 1787 5218 curat,
1818 5166 1926 5222 quo
1973 5161 2178 5207 certam

611 5256 675 5294 cx
721 5241 881 5297 rebus
933 5241 1091 5298 tidem
1138 5242 1429 5300 incredulis
1465 5242 1650 5300 faciat.
1682 5241 1838 5310 Spuit
1869 5243 1923 5298 in
1957 5251 2180 5307 terram,

613 5345 788 5400 exque
811 5343 969 5402 sputo
992 5334 1162 5389 lutum
1187 5333 1336 5390 facit.
1366 5332 1628 5390 Nimirum
1655 5333 1856 5390 idcirco
1878 5333 1946 5389 ad
1985 5349 2182 5389 curan-

614 5419 742 5486 dum
781 5432 978 5480 terram
1021 5426 1303 5493 adhibens,
1341 5441 1448 5496 quo
1480 5424 1847 5489 nstendat,cx
1892 5425 2080 5480 eodem
2124 5439 2185 5481 se

689 5536 736 5566 "
774 5533 904 5590 Gen.
951 5555 988 5597 ι.
1017 5539 1106 5593 ⁸51.

1183 5544 1228 5574 ’⁸
1270 5541 1408 5597 Psal.
1442 5555 1661 5604 chvm,
1695 5539 1749 5595 5.
1826 5541 1870 5572 "’
1909 5539 2064 5595 Joan.
2096 5556 2145 5605 v,
2179 5543 2234 5602 8.

617 5616 679 5658 ος
722 5605 876 5660 Ριιοι.

951 5608 997 5639 ³⁸
1041 5608 1165 5681 Leg.
1220 5612 1495 5666 ἐνσκιάσοι
1539 5627 1601 5666 cx
1631 5612 1754 5681 Seg.
1855 5611 1900 5642 ”
1940 5612 2218 5681 Exnl’hot.

619 5676 770 5730 ἑπόλ.
824 5675 917 5730 καὶ
960 5680 1186 5749 χαμαίζ.
1286 5682 1331 5713 ³⁸
1371 5683 1495 5752 ch.
1540 5675 1898 5752 παράλυτον..
1945 5681 1990 5714 ³⁸
2029 5679 2105 5737 Ex
2135 5681 2257 5754 St‘g.

2283 4504 2638 4578 γνωρίσωμεν
2659 4503 2741 4571 δὲ,
2763 4504 2846 4558 ὅτι
2870 4503 2931 4558 τὸ
2967 4503 3234 4575 μακάριον
3260 4501 3376 4572 φῶς
3407 4503 3504 4556 καὶ
3533 4503 3734 4568 κάλλος
3765 4504 3884 4576 τῆς

2283 4596 2536 4668 θεότητος
2567 4597 2884 4669 όστράκινον
2911 4593 3105 4659 σκεῦος
3147 4593 3385 4660 ἐδέξατο,
3413 4594 3696 4648 διακονοῦν
3729 4597 3885 4666 ἡμῖν

2285 4687 2426 4742 κατά
2463 4688 2590 4752 τοὺς
2641 4687 2868 4759 λύχνους
2919 4685 3020 4758 τὴν
3062 4685 3403 4757 λαμπηδόνα.
3445 4685 3758 4757 Αὐτουργεί
3816 4687 3887 4740 δὲ

2284 4781 2459 4837 διόλου
2495 4782 2591 4853 τὴν
2631 4779 2927 4852 θεραπείαν
2967 4781 2997 4833 ὁ
3042 4778 3269 4850 Κύριος,
3303 4779 3399 4832 καὶ
3437 4779 3498 4832 οὑ
3533 4777 3679 4850 λόγῳ
3716 4779 3888 4850 μόνῳ

2284 4873 2480 4946 Χρῆται
2508 4872 2646 4944 πρὸς
2680 4871 2776 4943 τὴν
2813 4871 3094 4943 ἐνέργειαν
3131 4871 3160 4923 ὁ
3216 4870 3597 4942 προστάγματι
3627 4869 3732 4942 τὴν
3761 4872 3890 4924 rei-

2286 4981 2386 5019 σαν
2412 4962 2857 5036 ὑποστησάμενος
2871 4962 3252 5035 διακόσμησιν,
3276 4963 3306 5016 ό
3324 4961 3418 5017 δύο
3433 4962 3612 5031 λόγοις
3633 4961 3888 5033 βραχέσι

2284 5059 2378 5114 τὸν
2407 5057 2775 5130 παραλυτικὸν
2809 5057 2855 5089 ³⁸
2895 5055 3239 5128 θεραπεύσας
3258 5073 3273 5088 ο
3318 5055 3453 5111 ἀλλά
3479 5054 3575 5108 καὶ
3606 5055 3888 5125 στόματι,

2285 5151 2380 5205 καὶ
2404 5151 2579 5223 χερσὶ,
2594 5151 2688 5204 καὶ
2712 5147 2846 5221 ἄλλῃ
2877 5146 3045 5220 πολλῇ
3075 5147 3302 5220 προνοίᾳ
3323 5144 3616 5219 θεραπεύει
3642 5144 3788 5217 [νέω
3805 5143 3892 5219 ³⁸]

2284 5241 2386 5312 τὴν
2409 5239 2736 5310 τυφλότητα,
2778 5240 2865 5293 ἵνα
2900 5237 3120 5310 βεϐαίαν
3141 5236 3231 5292 διὰ
3256 5235 3365 5291 τῶν
3393 5234 3742 5307 πραγμάτων
3772 5235 3894 5306 ἐμ-

2296 5334 2498 5404 ποιήσῃ
2549 5332 2662 5396 τοῖς
2719 5330 2968 5394 ἀπίστοις
3015 5329 3117 5401 τὴν
3174 5328 3376 5381 πίστιν.
3416 5325 3582 5381 Πτύει
3629 5325 3730 5378 ἐπὶ.
3777 5325 3895 5378 τοῦ

2294 5423 2542 5493 ἐδάφους,
2569 5422 2663 5475 καὶ
2696 5420 2773 5493 τῷ
2803 5420 2972 5492 σιάλῳ
3001 5418 3171 5491 πηλὸν
3197 5417 3512 5489 ἐργάζεται,
3556 5418 3623 5488 τῇ
3658 5415 3770 5487 μὲν
3807 5419 3897 5489 γῇ

2312 5541 2358 5574 ’⁸
2389 5540 2458 5594 Ex
2503 5540 2626 5612 ch.

2714 5541 2758 5572 ιι
2786 5539 2938 5594 ριιοι.
2974 5537 3098 5608 Seg.
3125 5537 3439 5609 ἄκρατον-μ
3461 5534 3507 5567 ⁸⁸
3533 5533 3659 5601 U’K-
3696 5535 3901 5609 κόρην

2314 5613 2358 5643 ³³
2397 5612 2482 5664 Ἐν
2513 5609 2648 5680 αὐτῇ
2683 5625 2747 5666 cx
2777 5609 2932 5666 Pltoi.
2980 5619 3032 5665 et
3057 5611 3182 5676 δεε-

3287 5608 3333 5640 ³⁵
3383 5605 3540 5664 Phot.
3603 5605 3813 5658 ταπειν
3823 5605 3902 5676 ὴν
