4034 6204
217 197 327 258 257
1142 196 1426 256 liOMIlJA
1465 199 1575 257 Vll.
1625 200 1694 256 IN
1736 201 1996 257 Cll-XCII.“
2040 202 2082 257 Δ
2119 203 2561 264 NATIVITATE.
3369 217 3477 275 958

216 319 305 373 διὰ
350 317 513 371 τοῦτο
559 316 699 390 πρὸς
748 316 854 388 τὴν
903 317 1196 389 θεραπείαν
1244 319 1629 392 συγχρώμενος
1653 361 1670 385 ,
1718 322 1788 374 ἵνα

1909 323 2039 391 luto,
2072 339 2139 380 ex
2170 341 2278 396 quo
2309 327 2562 396 primitus
2597 337 2765 386 totum
2788 331 2987 388 animal
3021 331 3309 390 formatum
3343 335 3477 390 luis-

212 410 385 480 δείξῃ,
421 409 500 473 ὡς
526 409 586 475 ἐξ
611 408 824 462 ἐκείνου
844 409 939 474 τοῦ
963 407 1082 480 χοῦ,
1117 409 1238 464 ὅθεν
1259 411 1318 464 ὲν
1337 411 1478 483 ἀρχῇ
1508 411 1788 485 ὀλόκληρον

1909 424 2014 480 set,
2045 431 2188 472 nunc
2221 431 2437 488 quoque
2467 420 2730 492 reliquum
2760 423 3061 478 membrum
3088 426 3344 480 condere.
3376 425 3478 480 Sa-

211 501 470 572 ὶπλάσθη
513 501 574 555 τὸ
621 501 776 566 ζῶον,
808 501 904 554 καὶ
943 501 1006 554 τὸ
1039 501 1225 555 λοιπὸν
1258 501 1460 574 ἀρτίως
1497 501 1662 574 μέρος
1698 503 1788 574 δη-

1904 505 2008 561 liva
2047 517 2229 563 autem
2281 508 2412 564 illud
2461 512 2667 576 sarcit,
2701 527 2765 567 ac
2809 513 3125 584 dissipatum
3174 530 3479 586 expersque

212 597 591 666 μιουργεῖται.
636 592 804 663 Σιάλῳ
827 592 886 645 δὲ
921 591 1080 647 τοῦτο
1127 593 1519 665 ἀναλαμϐάνει,
1551 594 1646 648 καὶ
1678 611 1788 648 συν-

1903 597 2129 670 glutinis
2177 601 2421 656 continet
2465 604 2780 674 pulverem,
2828 620 2937 675 quo
2987 607 3144 661 nobis
3191 608 3474 677 perspicue

208 686 331 758 ἔχει
379 685 478 739 τὸν
521 683 913 754 ἐσκεδασμένον
951 683 1044 738 καὶ
1078 683 1394 756 ἀκόλλητον,
1435 684 1522 739 ἴνα
1547 683 1788 755 φανερῶς

1902 689 2155 745 ostendat
2178 693 2357 747 omnia
2393 691 2625 748 Verbum
2669 696 2872 751 virtute
2896 695 3010 752 oris
3047 697 3128 752 sui
3161 698 3436 768 peregisse
3457 715 3474 750 :

204 781 348 850 ἡμῖν
381 777 565 848 δείξῃ,
613 777 691 829 ὅτι
733 778 799 847 τῇ
839 776 1070 846 δυνάμει
1109 774 1204 828 τοῦ
1245 775 1511 846 στόματος
1552 773 1717 830 αὑτοῦ
1766 777 1788 828 ὁ

1904 773 2036 828 Nam
2054 815 2069 840 ,
2119 774 2286 829 Verbo
2316 775 2524 831 Domini
2546 779 2660 833 caeli
2676 779 2875 848 ﬁrmati
2901 789 3045 846 sunt,
3070 790 3120 836 et
3142 781 3338 851 spiritu
3365 781 3474 835 oris

202 867 389 934 Λόγος
430 866 499 919 τά
533 865 708 920 πάντα
747 865 1100 936 κατώρθωσε.
1164 865 1248 931 Τῷ
1287 866 1446 934 λόγῳ
1494 865 1602 937 γὰρ
1655 865 1788 936 [Κυ·

1900 866 2016 935 ejus
2044 869 2211 920 omnis
2245 869 2411 922 uirtus
2440 885 2619 923 eorum
2649 869 2714 923 “.
3000 901 3002 904 ν

200 958 344 1027 ρίου
379 955 450 1028 ³⁷]
482 959 539 1010 οἱ
593 958 838 1026 adparat
892 955 1368 1027 ἐστερεώθησαν,
1423 959 1521 1013 καὶ
1561 957 1642 1024 τῷ
1698 957 1988 1028 πνεύματι
2037 960 2146 1014 τοῦ
2199 963 2496 1032 στόματος
2538 964 2723 1019 αὐτοῦ
2765 963 2935 1019 πᾶσα
2987 967 3024 1034 ἡ
3067 965 3321 1036 δύναμις
3375 969 3475 1022 αὐ·

201 1073 339 1110 των.

267 1144 428 1213 Τάχα
468 1143 529 1196 δὲ
565 1143 663 1198 καὶ
706 1142 795 1196 διά
826 1142 985 1197 τοῦτο
1016 1143 1199 1198 πτύων
1237 1143 1548 1216 θεραπεύει,
1585 1145 1671 1198 ἵνα
1705 1163 1788 1199 κα-

1973 1141 2138 1198 Forte
2163 1151 2339 1196 autem
2367 1141 2571 1197 idcirco
2593 1143 2758 1196 etiam
2789 1143 3030 1211 spuendo
3054 1154 3228 1210 curat,
3251 1161 3361 1216 quo
3379 1162 3474 1200 eos

201 1233 408 1306 τανύξῃ
456 1233 604 1304 πρὸς
638 1233 804 1303 φόϐον
856 1235 983 1298 τοὺς
1030 1235 1225 1306 μικρὸν
1274 1235 1499 1308 ὕστερον
1552 1235 1788 1309 ὑϐρίζειν

1907 1236 1976 1291 ad
2024 1243 2228 1290 metum
2283 1243 2630 1303 compungat,
2677 1234 2766 1302 qui
2819 1235 2968 1290 brevi
3017 1245 3139 1306 post
3163 1239 3474 1305 exspnendo

200 1327 314 1386 τοῖς
334 1322 699 1394 ὲμπτύσμασι
725 1323 1016 1394 μέλλοντας
1032 1341 1047 1356 ·
1067 1327 1160 1379 καὶ
1179 1328 1327 1398 ὅμως
1344 1328 1444 1381 οὑκ
1475 1327 1788 1398 ὲδυσώπησε

1903 1326 2156 1394 injuriam
2194 1324 2391 1380 [acturi
2445 1336 2620 1380 erant.
2668 1321 2777 1380 Nec
2829 1327 2907 1382 sic
2949 1336 3129 1382 tamen
3177 1328 3471 1383 furentium

203 1417 306 1469 τῶν
331 1416 690 1486 μαινομένων
715 1416 776 1469 τὸ
799 1415 1021 1487 θράσος,
1047 1417 1164 1471 ἀλλ’
1195 1418 1498 1492 ἑνεπτύσθη
1531 1398 1724 1485 πολλὰ,
1763 1421 1788 1472 ό

1902 1417 2110 1472 inﬂexit
2157 1415 2476 1482 audaciam;
2505 1417 2634 1485 quin
2669 1416 2766 1470 fuit
2816 1415 3000 1473 multis
3030 1418 3232 1473 oblitus
3277 1420 3472 1490 sputis,

200 1505 426 1560 τοιαῦτα
461 1505 749 1577 κατορθῶν
791 1506 881 1560 διὰ
910 1507 1006 1561 τοῦ
1037 1508 1372 1581 πτύσματος.
1410 1511 1522 1582 Τῆς
1567 1509 1788 1582 πρώτης

1899 1509 1990 1579 qui
2037 1517 2196 1577 sputo
2248 1523 2360 1562 rem
2410 1505 2675 1575 ejusmodi
2728 1509 3004 1579 gessisset.
3055 1509 3219 1564 Primi
3265 1511 3473 1566 ordinis

199 1596 404 1666 ταύτης
436 1597 653 1660 τάξεως
683 1595 780 1666 τὴν
822 1597 1216 1671 δημιουργικὴν
1244 1601 1529 1671 ὑποφαίνει
1566 1602 1788 1674 δύναμιν

1897 1598 2221 1654 creatricem
2261 1598 2517 1652 virtutem
2559 1598 2610 1652 in
2650 1614 2770 1654 eum
2824 1600 3042 1654 modum
3091 1602 3342 1656 ostendit.
3393 1604 3472 1657 Ac

202 1688 292 1741 καὶ
313 1688 408 1741 διὰ
447 1688 550 1756 μὲν
579 1687 673 1740 τοῦ
715 1689 1018 1760 προστάξαι
1043 1693 1123 1753 είς
1146 1690 1244 1762 τὴν
1274 1691 1661 1765 κολυμϐήθραν
1693 1691 1788 1747 τοῦ

1897 1688 2116 1759 quidem
2142 1686 2380 1756 jubendo
2411 1688 2581 1743 lavari
2610 1690 2661 1743 iu
2693 1690 2901 1758 piscina
2932 1689 3098 1754 Siloe,
3120 1691 3354 1747 futuram
3377 1709 3471 1748 no-

203 1777 736 1848 Σιλωάμνίῲασθαι,
768 1781 870 1849 τὴν
897 1780 964 1833 δι’
999 1781 1188 1847 ὓδατος
1231 1785 1504 1856 σωτηρίαν
1537 1788 1670 1856 ἡμῖν
1708 1788 1788 1840 ὲν-

1893 1778 1978 1834 bis
2011 1779 2242 1832 salutem
2275 1794 2370 1848 per
2393 1794 2594 1850 aquam
2645 1782 2846 1845 innuit,
2879 1797 3038 1851 quam
3082 1782 3279 1840 Missus
3325 1785 3472 1842 Siloe

208 1870 506 1934 δείκνυται,
543 1871 614 1942 ἢν
648 1873 814 1924 πᾶσιν
847 1873 876 1925 ό
918 1873 1327 1946 ἀπεσταλμένος
1364 1876 1582 1948 Σιλωὰμ
1613 1877 1788 1948 ἐχαρί-

1897 1869 2173 1924 universis
2197 1871 2490 1925 concessit.
2521 1870 2676 1926 Tunc
2702 1873 2848 1926 enim
2877 1873 3014 1928 bene
3043 1876 3308 1941 videmus,
3344 1893 3468 1932 cum

210 1978 352 2015 σατο.
379 1961 519 2013 Τότε
553 1961 666 2033 γὰρ
698 1961 878 2025 καλῶς
909 1961 954 1994 ³⁸
991 1962 1280 2034 βλέπομεν,
1310 1965 1386 2018 ὅτ’
1409 1965 1475 2020 ἂν
1501 1965 1578 2036 τῷ
1609 1984 1792 2038 μυστι⁸

209 2051 285 2121 κῷ
323 2052 698 2123 καταρθῶμεν
731 2052 914 2106 ὓδατιο
952 2054 1074 2107 τότε
1113 2054 1228 2126 φῶς
1260 2057 1408 2127 ἡμᾶς
1454 2057 1789 2128 περιλάμπει

207 2144 300 2212 τῆς
328 2144 580 2215 χάριτος,
621 2145 698 2197 ὅτ’
727 2143 794 2197 ἂν
824 2145 856 2214 ὴ
906 2143 1133 2216 δύναμις
1181 2147 1274 2200 τοῦ
1300 2147 1674 2219 βαπτίσματος
1700 2149 1790 2202 τὸν

211 2231 378 2303 ῥύπον
424 2232 536 2285 τῶν
580 2233 998 2305 ἁμαρτημάτων
1032 2235 1126 2288 καὶ
1170 2237 1270 2301 τὰς
1314 2237 1536 2308 κηλῖδας
1572 2239 1786 2311 ὲκνὶψῃ.

206 2323 318 2376 Καὶ
346 2323 543 2384 πάντες
572 2323 689 2376 ὅσοι
719 2326 782 2394 τῇ
807 2323 990 2395 ἐντολῇ
1022 2324 1116 2377 τοῦ
1146 2325 1366 2397 Σιλωάμ
1389 2327 1784 2399 ἀπολουόμεθα,

203 2415 264 2467 τὸ
307 2416 677 2486 πνευματικὸν
712 2416 928 2488 ὁρῶμεν
970 2417 1105 2486 φῶς,
1148 2419 1176 2471 ὃ
1212 2419 1434 2488 φωτίζει
1479 2419 1657 2474 πάντα
1695 2423 1788 2476 ἄν·

206 2505 427 2576 θρωπον
459 2508 754 2578 ἐρχόμενον
785 2512 864 2574 εἰς
893 2510 986 2563 τὸν
1023 2510 1245 2582 κόσμον.
1285 2512 1347 2563 Ὠ
1373 2511 1468 2565 τοῦ
1511 2511 1790 2582 θαύματος

203 2598 299 2649 καὶ
342 2600 445 2667 τῆς
494 2600 731 2670 μεγάλης
776 2601 1084 2672 ὲνεργείαςῑ
1133 2600 1398 2671 Ἀπῆλθεν
1442 2602 1507 2654 ὲκ
1548 2601 1648 2672 τῆς
1699 2618 1792 2654 κο-

203 2681 530 2753 λυμϐήθρας
558 2688 585 2738 ὁ
608 2686 712 2757 πρὸ
745 2687 924 2756 ὀλίγου
957 2688 1174 2758 τυφλὸς,
1213 2688 1509 2760 κοσμηθεὶς
1534 2688 1595 2742 τὸ
1623 2690 1791 2760 πρόσο

204 2789 354 2824 ωπον
393 2776 458 2844 τῇ
496 2774 604 2827 τῶν
629 2775 926 2848 ὀφθαλμῶν
960 2779 1266 2852 προσθήκῃ,
1310 2780 1522 2850 βλέπων
1547 2777 1790 2852 ἀκριϐῶς

209 2862 339 2934 πρὶς
367 2865 462 2918 τὸν
485 2865 717 2940 ἡλιακὴν
748 2871 961 2924 ἀκτῖνα.
1007 2870 1330 2941 Ἐξέπληττε
1379 2872 1504 2936 τοὺς
1539 2871 1788 2941 γείτονας

1892 1975 2031 2030 aqua
2079 1961 2306 2031 mystica
2345 1962 2584 2017 mundati
2637 1963 2921 2020 fuerimus.
2960 1965 3110 2021 Tunc
3157 1983 3252 2023 nos
3281 1971 3470 2038 gratia:

1893 2048 2074 2104 lumen
2108 2051 2509 2122 circumfulget,
2545 2068 2666 2108 cum
2725 2053 2979 2124 baptismi
3015 2058 3187 2112 virtus
3222 2070 3474 2126 peccato-

1894 2157 2014 2196 rum
2048 2141 2239 2196 sordes
2271 2143 2625 2213 maculasque
2675 2144 2889 2200 eluerit.
2921 2145 3197 2217 Quotquot
3227 2163 3356 2202 vero
3380 2147 3472 2216 ju-

1893 2231 2054 2288 bente
2083 2233 2230 2289 Siloe
2255 2234 2522 2299 lavamur,
2555 2236 2799 2306 spiritale
2822 2238 3066 2292 videmus
3089 2238 3292 2303 lumen,
3323 2241 3470 2308 quod

1895 2322 2161 2378 illuminat
2182 2341 2396 2380 omnem
2417 2326 2689 2381 hominem
2720 2328 3021 2383 venientem
3047 2329 3099 2382 in
3123 2331 3378 2384 tnundum
3398 2330 3468 2382 δ’.

1897 2415 1942 2470 0
1976 2415 2320 2482 miraculum,
2351 2431 2415 2472 ac
2449 2419 2554 2470 vim
2601 2420 2885 2490 magnam!
2922 2418 3179 2474 Discessit
3209 2436 3240 2474 e
3264 2421 3470 2489 piscina

1893 2505 1986 2576 qui
2035 2506 2192 2576 paulo
2246 2515 2370 2561 ante
2422 2522 2596 2562 etecus
2641 2518 2793 2572 erat,
2847 2518 3037 2563 ornata
3096 2509 3234 2564 facie
3287 2511 3470 2565 oculo-

1896 2612 2015 2650 rum
2066 2599 2336 2662 auctario,
2373 2597 2503 2652 solis
2541 2598 2706 2668 probe
2753 2599 2956 2652 radimn
2997 2600 3204 2654 videns.
3249 2599 3470 2655 Vicinos

1900 2704 1965 2745 ac
2001 2699 2158 2746 notos
2187 2704 2276 2744 res
2309 2697 2456 2744 tanta
2504 2691 2556 2744 in
2587 2699 2862 2759 stuporem
2892 2692 3158 2746 vertebat.
3192 2690 3467 2747 Turbabat

1896 2793 2029 2834 sane
2076 2794 2213 2833 nova
2253 2779 2552 2834 curationis
2591 2781 2750 2836 ratio.
2781 2778 3058 2834 Circuiliat
3089 2779 3274 2834 urbem
3303 2779 3464 2834 homo

1903 2869 2112 2935 videns,
2141 2883 2247 2940 quo
2279 2884 2476 2925 novum
2504 2886 2568 2924 ac
2597 2869 2843 2924 mirabile
2882 2869 3082 2924 factum
3113 2885 3246 2940 opus
3275 2884 3466 2924 omnes

206 2955 296 3007 καὶ
336 2957 469 3020 τοὸς
500 2959 814 3030 γνωρίμους
848 2961 910 3014 τὸ
963 2963 1216 3034 πρᾶγμα.
1262 2961 1542 3034 Ἐθορύϐει
1571 2959 1663 3017 οὖν
1688 2965 1732 2998 ³⁸
1761 2966 1788 3017 ό

1896 2961 2161 3030 viderent,
2205 2979 2236 3017 a
2279 2961 2405 3018 Jesu
2449 2973 2576 3018 nato
2605 2963 2658 3016 in
2688 2961 3035 3028 Bellileliem;
3067 2977 3097 3016 a
3140 2962 3331 3032 pusillo
3380 2963 3470 3017 illo

205 3048 388 3112 καινὸς
418 3048 521 3119 τῆς
551 3049 847 3123 θεραπείας
869 3054 1070 3126 τρόπος
1089 3072 1103 3086 ο
1136 3056 1474 3126 περιενόστει
1507 3055 1607 3125 τὴν
1637 3055 1788 3110 πόλιν

1891 3052 2120 3122 infante,
2148 3054 2342 3125 pannis
2374 3055 2612 3109 lnvoluto
2646 3055 2697 3108 iu
2733 3054 3013 3124 praesepio.
3052 3054 3174 3109 llzec
3209 3053 3350 3109 enim
3372 3052 3468 3108 Ju-

203 3138 232 3190 6
278 3139 571 3212 ἄνθρωπος
632 3140 869 3211 βλέπων,
924 3144 1014 3197 ἵνα
1051 3143 1315 3215 βλέπηται
1369 3144 1521 3215 παρά
1573 3143 1788 3198 πάντων

1891 3145 2034 3199 αωοβ
2073 3149 2440 3210 morabantur,
2473 3155 2532 3200 ut
2568 3160 2634 3200 uc
2667 3144 2849 3200 deitati
2879 3144 3183 3200 crederent.

205 3227 361 3298 ἔργον
410 3229 710 3301 γενόμενον
766 3231 953 3284 καινὸν
1007 3232 1102 3285 καὶ
1165 3231 1468 3304 παράδοξον
1523 3230 1628 3284 ὑπὸ
1685 3229 1780 3284 τοῦ
1824 3229 2035 3304 [Ἰησοῦ
2072 3232 2167 3286 τοῦ
2203 3232 2273 3306 ⁸⁸]
2316 3237 2374 3288 ἐν
2426 3233 2672 3306 Βηθλεὲμ
2715 3233 3086 3304 γεννηθέντος,
3135 3233 3230 3288 τοῦ
3267 3233 3470 3306 μικροῦ

202 3317 440 3390 βρέφους
474 3321 714 3385 ἐκείνου,
754 3322 850 3376 τοῦ
891 3323 950 3376 ἐν
990 3326 1056 3395 τῇ
1099 3323 1275 3396 φάτνῃ
1326 3325 1439 3387 τοῖς
1493 3323 1829 3395 σπαργάνοις
1883 3324 2264 3397 ὲνειληθέντος.
2315 3326 2503 3382 Ταῦτα
2551 3329 2660 3401 γάρ
2707 3327 2876 3396 ἐστιν,
2924 3327 2963 3382 ἀ
3024 3327 3150 3392 τοὺς
3185 3326 3469 3390 Ἰουδαίους

201 3415 452 3468 ἀπιστεῖν
484 3415 658 3470 ὲτωίει
675 3419 739 3489 τῇ
765 3417 999 3491 θεότητι.

271 3510 506 3576 Οὐκοῦν,
557 3505 605 3567 ὦ
647 3514 862 3585 ἀνόητοι
904 3516 1001 3570 καὶ
1033 3515 1417 3588 παχυκάρδιοι,
1471 3517 1790 3572 ὲπιϐάλλετε

199 3602 278 3672 τῷ
305 3603 556 3676 λογισμῷ
586 3607 712 3670 τοὺς
741 3607 800 3674 ἐξ
841 3607 1041 3673 αἰῶνος
1072 3605 1392 3682 ἀνθρώπους
1420 3610 1488 3665 “.
1526 3612 1660 3666 Ἀπὸ
1696 3611 1792 3666 τοῦ

213 3695 390 3767 ’Δδάμ
428 3697 752 3769 ἀρξάμενοι,
784 3701 913 3764 τοὺς
958 3699 1086 3770 ἑξῆς
1136 3701 1346 3766 πάντας
1384 3701 1790 3774 διερευνήσατε,

201 3786 296 3843 ιάν
327 3788 533 3860 εὖρητε
562 3789 622 3843 τὸ
646 3789 741 3844 νῦν
782 3791 1072 3863 γενόμενον
1099 3792 1193 3848 καὶ
1219 3794 1306 3848 ἐπ’
1325 3794 1501 3850 ἄλλων
1529 3795 1788 3868 πραχθέν·

201 3880 297 3932 ἰὰν
330 3880 529 3950 ἔχοντα
559 3881 650 3936 τὸν
686 3882 801 3954 βίον
829 3883 1084 3956 τοιαύτης
1115 3885 1416 3960 θεραπείας
1447 3889 1754 3960 ὑπόδειγμα
1772 3906 1788 3922 ο

205 3972 304 4024 καὶ
329 3971 512 4039 πάλιν,
542 3973 636 4027 ἐπὶ
659 3975 947 4048 διασυρμῷ
972 3978 1016 4009 ⁸³
1040 3978 1134 4032 τοῦ
1159 3980 1366 4052 Κυρίου
1402 3998 1527 4051 μου,
1569 3981 1661 4035 τὸν
1693 3981 1788 4035 τοῦ

203 4064 454 4129 τέκτονος
486 4066 796 4138 προφέρετε
826 4069 1019 4136 Παῖδα,
1049 4065 1110 4126 οὗ
1143 4072 1269 4136 τοὺς
1297 4072 1560 4142 ἀδελφοὺς
1584 4075 1788 4147 γνωρί-

205 4155 351 4221 ζετε,
385 4151 449 4212 οὗ
485 4159 588 4230 τὴν
627 4159 808 4215 οἰκίαν
858 4159 993 4215 ῐστε.
1039 4163 1464 4236 Ἀπαριθμεῖσθε
1501 4165 1678 4219 πάντα
1719 4165 1789 4219 τὰ

202 4248 454 4314 ταπεινά,
489 4249 928 4320 φιλονεικήσατε,
953 4252 1155 4325 πολλὴν
1176 4252 1332 4325 ὑμῶν
1356 4253 1662 4325 καταχέατε
1689 4254 1789 4326 τὴν

1965 3519 2105 3589 ΕΙ·εο
2151 3520 2297 3577 stulti
2349 3534 2415 3575 ac
2464 3519 2603 3574 tardi
2651 3519 2836 3585 corde,
2883 3518 3225 3574 considerate
3285 3518 3466 3572 animo

1891 3621 2157 3682 quotquot
2187 3629 2216 3665 a
2245 3611 2445 3666 smculo
2478 3609 2693 3666 fuerunt
2724 3609 2970 3664 homines
3002 3623 3017 3663 :
3055 3608 3372 3678 incipientes
3397 3608 3467 3662 ab

1889 3703 2084 3766 Adam,
2107 3717 2296 3758 omnes
2325 3700 2577 3770 deinceps
2601 3699 2941 3770 investigate,
2972 3714 3100 3752 num
3127 3699 3274 3767 quod
3302 3698 3464 3752 modo

1891 3793 2094 3848 factum
2117 3801 2222 3858 est,
2251 3792 2352 3848 sub
2373 3792 2494 3847 aliis
2518 3805 2732 3862 quoque
2758 3790 2962 3845 factum
2994 3788 3313 3858 reperietis;
3339 3804 3465 3842 num

1891 3884 2146 3942 saxulum
2191 3883 2491 3940 curationis
2546 3880 2812 3952 ejusmodi
2853 3879 3100 3948 exemplo
3134 3878 3342 3931 illustre
3369 3891 3466 3931 oc-

1893 3981 2113 4040 currat;
2143 3987 2467 4041 rursumque
2497 3975 2563 4024 ad
2590 3969 2894 4024 irrisionem
2926 3967 3138 4024 Domini
3177 3967 3303 4032 mei,
3338 3981 3464 4036 pru-

1891 4065 2028 4120 ferte
2074 4064 2216 4118 fabri
2272 4063 2464 4118 Filium
2497 4062 2578 4128 “,
2623 4061 2777 4132 cujus
2819 4061 3007 4117 sciatis
3041 4061 3265 4125 fratres,
3313 4059 3466 4130 cujus

1887 4159 2106 4212 domum
2151 4171 2213 4211 ac
2268 4155 2526 4210 familiam
2573 4155 2858 4212 noveritis.
2907 4155 3196 4210 Studeutes
3239 4153 3461 4208 humilia

1887 4249 2067 4303 omnia
2105 4262 2450 4318 percensere,
2489 4246 2710 4301 multam
2749 4255 2984 4300 vestram
3019 4242 3323 4313 profundite
3373 4243 3464 4296 in-

203 4331 434 4396 ἀδοξίαν.
458 4335 522 4386 Ei
555 4334 610 4388 δὲ
638 4337 806 4408 μηδὲν
827 4339 1064 4394 τοιοῦτον
1093 4342 1227 4413 μήτε
1248 4341 1531 4414 ἄνθρωπος
1559 4342 1785 4416 ἔπραξε,

1893 4340 2294 4396 credulitatem.
2329 4339 2482 4406 Quod
2516 4341 2560 4394 si
2594 4351 2704 4392 rem
2743 4336 3004 4408 ejusmodi
3039 4349 3138 4389 nec
3173 4334 3458 4403 quisquam

204 4423 337 4492 μήτε
376 4425 406 4476 ὁ
444 4424 564 4494 βίος
587 4425 710 4497 ἔσχε
735 4428 1003 4500 διήγημα,
1049 4431 1409 4500 καταγνόντες
1438 4433 1645 4488 ἑαυτῶν
1688 4434 1789 4506 τῆς

201 4513 423 4582 armis;
443 4559 458 4582 ,
508 4517 697 4573 λοιπὸν
757 4522 894 4593 πρὸς
943 4523 1042 4595 τὴν
1111 4522 1372 4596 ἀλήθειαν
1425 4525 1787 4596 ἀναδλέψατε.

201 4603 450 4674 Νίψασθε
479 4610 572 4662 καὶ
595 4611 755 4682 ὑμεῖς
782 4615 862 4678 εἰς
895 4613 985 4667 τὸν
1017 4613 1264 4686 Σιλωὰμ,
1293 4614 1380 4668 ἵνα
1410 4614 1485 4688 μὴ
1523 4615 1790 4670 ἐναποθά-

198 4714 334 4768 νητε
360 4704 431 4771 τῇ
455 4703 768 4776 τυφλότητι.
1045 4733 1050 4738 ε
1681 4713 1688 4720 ’

253 4809 260 4814 ’
290 4789 434 4842 Ἀλλ’
455 4793 599 4846 οὐδὲν
626 4796 702 4860 ῶς
734 4797 910 4852 ἔοικεν
937 4801 1024 4852 ἐπ’
1056 4798 1301 4855 ἐκείνων.
1326 4799 1401 4852 Ού
1430 4797 1587 4866 λόγος
1627 4798 1787 4851 ἐπαί-

191 4879 383 4943 δευεν,
423 4881 483 4932 ού
509 4885 700 4954 πρᾶξις
736 4886 1034 4952 ἐδίδασκεν,
1074 4891 1174 4942 οὐκ
1207 4889 1456 4962 ἐνέργεια
1491 4887 1787 4958 θαυμάτων

194 4969 244 5000 ⁸³
277 4969 582 5027 ἐδυσώπει·
621 4977 800 5032 πάντα
830 4979 886 5033 δὲ
924 4981 1231 5036 τούναντίον
1287 4980 1372 5034 διὰ
1418 4980 1518 5052 τὴν
1562 4979 1788 5049 ἐντυφον

194 5064 597 5138 ἀγνωμοσύνην
638 5071 854 5141 μυρίοις
894 5073 1116 5144 τρόποις
1157 5072 1475 5144 ἐπεχείρουν
1498 5071 1787 5142 ἀφανίζειν

195 5153 292 5205 καὶ
317 5154 598 5229 διασύρειν
617 5177 631 5190 ·
668 5165 1059 5235 περιετρέπετο
1088 5165 1146 5218 δὲ
1178 5165 1360 5229 αὐτοῖς
1393 5165 1529 5236 πρὸς
1561 5163 1783 5217 τούναν-

195 5241 314 5296 τίον
356 5248 393 5316 ἡ
438 5251 760 5323 κακουργία.
797 5255 949 5326 ὐσῳ
998 5256 1107 5326 γὰρ
1144 5254 1406 5325 ἠπίστουν
1440 5257 1642 5308 ἐκείνοι
1683 5254 1778 5307 καὶ

277 5491 318 5564 ξ’
360 5490 433 5564 Et
467 5493 594 5564 Seg.

203 5558 533 5630 ἀνθρώποις.

215 5645 332 5694 xm,
363 5633 459 5686 55.

691 5496 746 5569 "_
769 5496 925 5569 Plini.
950 5496 1026 5560 ὡς
1054 5496 1288 5569 ἀληθῷς.

641 5568 684 5598 ⁸³
716 5565 841 5638 ch.
887 5565 1244 5639 διασυρισμῷ.

1390 5497 1453 5568 ³⁹ί
1473 5497 1597 5568 Seg.
1621 5496 1713 5568 τὸν
1737 5495 1870 5568 βίον.

1355 5569 1397 5600 ⁸³
1439 5566 1568 5639 δοιεξ
1612 5566 1950 5640 θαυμασίων.

1889 4429 2128 4500 patravit
2157 4430 2341 4493 homo,
2382 4443 2556 4498 neque
2587 4437 2720 4483 aetas
2759 4427 2862 4481 ulla
2891 4427 2998 4482 tale
3027 4425 3154 4494 quid
3184 4435 3461 4480 narratum

1888 4518 2114 4584 audivit,
2148 4528 2384 4574 vestram
2416 4517 2514 4587 ipsi
2549 4517 2867 4572 damnantes
2895 4515 3189 4580 inscitiam,
3219 4515 3286 4570 ad
3315 4515 3462 4570 veri-

1889 4618 2052 4664 tatem
2100 4611 2352 4678 deinceps
2387 4608 2657 4678 respicite.
2702 4606 2806 4664 Vos
2851 4622 3067 4678 quoque
3099 4606 3355 4661 lavamini
3390 4605 3445 4660 in

1891 4702 2056 4766 Siloe,
2087 4711 2145 4756 ut
2177 4717 2244 4757 ne
2273 4703 2326 4756 in
2357 4711 2536 4756 vestra
2566 4700 2869 4755 moriamini
2891 4699 3156 4756 caecitate.

1961 4791 2252 4848 Enimvero
2280 4794 2410 4849 nihil
2439 4794 2510 4848 illi
2532 4793 2674 4864 quod
2697 4807 2876 4863 opera:
2892 4793 3123 4863 pretium
3147 4801 3311 4846 esset.
3337 4788 3457 4844 Non

1887 4899 2068 4940 sermo
2092 4884 2373 4939 erudiebat
2397 4901 2413 4951 ;
2446 4900 2552 4939 non
2579 4885 2810 4940 docebat
2837 4884 3004 4948 actio,
3037 4897 3143 4937 non
3169 4879 3460 4938 miraculo-

1887 4993 2004 5033 rum
2041 4977 2210 5032 virtus
2239 4977 2494 5032 ﬂectebat
2525 4994 2539 5031 :
2571 4987 2759 5032 contra
2799 4985 2978 5033 autem
3020 4991 3114 5046 per
3154 4975 3455 5044 improbam

1887 5069 2253 5140 arrogantiam
2307 5069 2580 5125 sexcentis
2627 5070 2804 5125 modis
2848 5069 3142 5125 obscurare
3184 5063 3366 5120 omnia
3399 5079 3458 5116 ac

1888 5161 2116 5216 irridere
2145 5160 2445 5218 tentabant.
2472 5159 2643 5216 Porro
2667 5161 2747 5216 eis
2774 5160 2827 5216 in
2859 5158 3193 5216 contrarium
3221 5157 3457 5211 versutia

1888 5253 2132 5310 cedebat.
2172 5252 2288 5327 Quo
2320 5252 2466 5308 enim
2509 5252 2684 5324 magis
2709 5259 2866 5308 erant
2905 5248 3189 5314 increduli,
3226 5246 3456 5318 aliisque

2412 5489 2455 5520 “
2499 5489 2624 5561 seg.
2677 5489 2792 5561 τὸνΔ
2812 5488 3069 5559 λογισμὸν
3125 5493 3238 5556 τοῖς
3279 5490 3338 5556 ἐξ
3376 5491 3452 5544 αἱ.

1983 5493 2028 5526 ⁸⁸
2071 5491 2145 5544 Ev
2177 5491 2302 5559 Seg.
2412 5491 2455 5520 "
2499 5491 2624 5561 Seg.
2677 5491 2769 5544 τὸν
2812 5491 3069 5559 λογισμὸν
3125 5493 3238 5556 τοῖς
3279 5491 3338 5556 ἐξ
3376 5491 3452 5544 αἱ.

2060 5563 2102 5593 ⁸⁸
2136 5560 2278 5616 Psal.
2321 5572 2494 5624 usti,
2525 5560 2580 5615 6.
2678 5559 2725 5592 “
2759 5557 2918 5616 Joau.
2951 5575 2988 5627 t,
3029 5561 3082 5616 9.
3195 5561 3452 5616 “Matth.

2060 5563 2102 5593 “
2136 5560 2278 5616 Psal.
2321 5572 2494 5624 usti,
2525 5560 2580 5615 6.
