  <div class='ocr_page' id='page_1' title='image "/cluster/home/n/w/nwhite01/storage/ocr_20150623/40/hvd.32044073501843/137.png"; bbox 0 0 4034 6204; ppageno 0'>
   <div class='ocr_carea' id='block_1_1' title="bbox 597 225 704 282">
    <p class='ocr_par' dir='ltr' id='par_1_1' title="bbox 597 225 704 282">
     <span class='ocr_line' id='line_1_1' title="bbox 597 225 704 282; baseline 0.037 -4"><span class='ocrx_word' id='word_1_1' title='bbox 597 225 704 282; x_wconf 75' lang='grc'><strong>259</strong></span> 
     </span>
    </p>
   </div>
   <div class='ocr_carea' id='block_1_2' title="bbox 1889 206 2606 269">
    <p class='ocr_par' dir='ltr' id='par_1_2' title="bbox 1889 206 2606 269">
     <span class='ocr_line' id='line_1_2' title="bbox 1889 206 2606 269; baseline -0.007 -2"><span class='ocrx_word' id='word_1_2' title='bbox 1889 213 1947 269; x_wconf 89' lang='lat' dir='ltr'><strong>S.</strong></span> <span class='ocrx_word' id='word_1_3' title='bbox 1989 209 2261 266; x_wconf 79' lang='lat' dir='ltr'><strong>ASTERII</strong></span> <span class='ocrx_word' id='word_1_4' title='bbox 2302 206 2606 264; x_wconf 71' lang='lat' dir='ltr'><strong>AMASENI</strong></span> 
     </span>
    </p>
   </div>
   <div class='ocr_carea' id='block_1_3' title="bbox 3765 203 3882 259">
    <p class='ocr_par' dir='ltr' id='par_1_3' title="bbox 3765 203 3882 259">
     <span class='ocr_line' id='line_1_3' title="bbox 3765 203 3882 259; baseline 0.009 -2"><span class='ocrx_word' id='word_1_5' title='bbox 3765 203 3882 259; x_wconf 69' lang='lat'><strong>260</strong></span> 
     </span>
    </p>
   </div>
   <div class='ocr_carea' id='block_1_4' title="bbox 607 315 2191 406">
    <p class='ocr_par' dir='ltr' id='par_1_4' title="bbox 607 328 2177 406">
     <span class='ocr_line' id='line_1_4' title="bbox 607 328 2177 406; baseline -0.01 -13"><span class='ocrx_word' id='word_1_6' title='bbox 607 355 672 396; x_wconf 89' lang='lat' dir='ltr'><strong>ac</strong></span> <span class='ocrx_word' id='word_1_7' title='bbox 699 339 822 393; x_wconf 86' lang='lat' dir='ltr'><strong>aliis</strong></span> <span class='ocrx_word' id='word_1_8' title='bbox 852 334 1380 406; x_wconf 63' lang='lat' dir='ltr'><strong>interrogationibus</strong></span> <span class='ocrx_word' id='word_1_9' title='bbox 1417 344 1531 385; x_wconf 83' lang='lat' dir='ltr'><strong>rem</strong></span> <span class='ocrx_word' id='word_1_10' title='bbox 1568 328 1816 385; x_wconf 82' lang='lat' dir='ltr'><strong>demoliri</strong></span> <span class='ocrx_word' id='word_1_11' title='bbox 1863 328 2177 388; x_wconf 79' lang='lat' dir='ltr'><strong>studebant,</strong></span> 
     </span>
    </p>
   </div>
   <div class='ocr_carea' id='block_1_5' title="bbox 2298 315 3879 406">
    <p class='ocr_par' dir='ltr' id='par_1_5' title="bbox 2298 315 3879 394">
     <span class='ocr_line' id='line_1_5' title="bbox 2298 315 3879 394; baseline -0.005 -18"><span class='ocrx_word' id='word_1_12' title='bbox 2298 321 2741 394; x_wconf 75' lang='grc' dir='ltr'>προσερωτῶντες</span> <span class='ocrx_word' id='word_1_13' title='bbox 2809 318 3139 390; x_wconf 78' lang='grc' dir='ltr'><strong>ἀνατρέπειν</strong></span> <span class='ocrx_word' id='word_1_14' title='bbox 3199 315 3531 379; x_wconf 75' lang='grc' dir='ltr'><strong>ἐσπούδαζον</strong></span> <span class='ocrx_word' id='word_1_15' title='bbox 3557 353 3572 376; x_wconf 91' lang='grc'><strong>,</strong></span> <span class='ocrx_word' id='word_1_16' title='bbox 3631 317 3879 388; x_wconf 78' lang='grc' dir='ltr'>τοσούτῳ</span> 
     </span>
    </p>
   </div>
   <div class='ocr_carea' id='block_1_6' title="bbox 600 422 2182 500">
    <p class='ocr_par' dir='ltr' id='par_1_6' title="bbox 600 422 2182 500">
     <span class='ocr_line' id='line_1_6' title="bbox 600 422 2182 500; baseline -0.008 -15"><span class='ocrx_word' id='word_1_17' title='bbox 600 448 670 488; x_wconf 85' lang='lat' dir='ltr'><strong>eo</strong></span> <span class='ocrx_word' id='word_1_18' title='bbox 698 430 932 500; x_wconf 86' lang='lat' dir='ltr'><strong>amplius</strong></span> <span class='ocrx_word' id='word_1_19' title='bbox 961 437 1163 481; x_wconf 79' lang='lat' dir='ltr'><strong>veritas</strong></span> <span class='ocrx_word' id='word_1_20' title='bbox 1194 425 1626 479; x_wconf 81' lang='lat' dir='ltr'><strong>confirmabatur</strong></span> <span class='ocrx_word' id='word_1_21' title='bbox 1658 439 1672 477; x_wconf 89' lang='lat'>:</span> <span class='ocrx_word' id='word_1_22' title='bbox 1699 422 1950 491; x_wconf 79' lang='lat' dir='ltr'><strong>idemque</strong></span> <span class='ocrx_word' id='word_1_23' title='bbox 1975 425 2076 487; x_wconf 84' lang='lat' dir='ltr'><strong>eis,</strong></span> <span class='ocrx_word' id='word_1_24' title='bbox 2105 431 2182 474; x_wconf 84' lang='lat' dir='ltr'><strong>at-</strong></span> 
     </span>
    </p>
   </div>
   <div class='ocr_carea' id='block_1_7' title="bbox 599 515 2176 594">
    <p class='ocr_par' dir='ltr' id='par_1_7' title="bbox 599 515 2176 594">
     <span class='ocr_line' id='line_1_7' title="bbox 599 515 2176 594; baseline -0.007 -16"><span class='ocrx_word' id='word_1_25' title='bbox 599 540 706 594; x_wconf 91' lang='lat' dir='ltr'><strong>que</strong></span> <span class='ocrx_word' id='word_1_26' title='bbox 732 521 920 577; x_wconf 82' lang='lat' dir='ltr'><strong>bestiis</strong></span> <span class='ocrx_word' id='word_1_27' title='bbox 954 520 1057 574; x_wconf 89' lang='lat' dir='ltr'><strong>illis</strong></span> <span class='ocrx_word' id='word_1_28' title='bbox 1083 517 1387 580; x_wconf 85' lang='lat' dir='ltr'><strong>accidebat,</strong></span> <span class='ocrx_word' id='word_1_29' title='bbox 1414 531 1534 585; x_wconf 58' lang='lat' dir='ltr'><strong>qua</strong></span> <span class='ocrx_word' id='word_1_30' title='bbox 1559 516 1626 569; x_wconf 83' lang='lat' dir='ltr'><strong>ab</strong></span> <span class='ocrx_word' id='word_1_31' title='bbox 1652 516 1834 586; x_wconf 89' lang='lat' dir='ltr'><strong>aliquo</strong></span> <span class='ocrx_word' id='word_1_32' title='bbox 1860 515 2176 578; x_wconf 71' lang='lat' dir='ltr'><strong>vulneratae,</strong></span> 
     </span>
    </p>
   </div>
   <div class='ocr_carea' id='block_1_8' title="bbox 608 605 2181 681">
    <p class='ocr_par' dir='ltr' id='par_1_8' title="bbox 608 605 2181 681">
     <span class='ocr_line' id='line_1_8' title="bbox 608 605 2181 681; baseline -0.006 -11"><span class='ocrx_word' id='word_1_33' title='bbox 608 616 948 681; x_wconf 89' lang='lat' dir='ltr'><strong>necdumque</strong></span> <span class='ocrx_word' id='word_1_34' title='bbox 979 619 1090 664; x_wconf 86' lang='lat' dir='ltr'><strong>tota</strong></span> <span class='ocrx_word' id='word_1_35' title='bbox 1122 609 1348 679; x_wconf 80' lang='lat' dir='ltr'><strong>cuspide</strong></span> <span class='ocrx_word' id='word_1_36' title='bbox 1372 608 1547 663; x_wconf 80' lang='lat' dir='ltr'><strong>ventri</strong></span> <span class='ocrx_word' id='word_1_37' title='bbox 1573 607 1764 671; x_wconf 74' lang='lat' dir='ltr'><strong>inﬁxa,</strong></span> <span class='ocrx_word' id='word_1_38' title='bbox 1789 623 1900 678; x_wconf 82' lang='lat' dir='ltr'><strong>quo</strong></span> <span class='ocrx_word' id='word_1_39' title='bbox 1923 607 1976 661; x_wconf 80' lang='lat' dir='ltr'><strong>i-u</strong></span> <span class='ocrx_word' id='word_1_40' title='bbox 2001 605 2181 661; x_wconf 76' lang='lat' dir='ltr'><strong>homi-</strong></span> 
     </span>
    </p>
   </div>
   <div class='ocr_carea' id='block_1_9' title="bbox 605 695 2179 772">
    <p class='ocr_par' dir='ltr' id='par_1_9' title="bbox 605 695 2179 772">
     <span class='ocr_line' id='line_1_9' title="bbox 605 695 2179 772; baseline -0.004 -14"><span class='ocrx_word' id='word_1_41' title='bbox 605 720 725 760; x_wconf 89' lang='lat' dir='ltr'><strong>nem</strong></span> <span class='ocrx_word' id='word_1_42' title='bbox 749 705 962 758; x_wconf 83' lang='lat' dir='ltr'><strong>irruunt</strong></span> <span class='ocrx_word' id='word_1_43' title='bbox 982 702 1217 772; x_wconf 88' lang='lat' dir='ltr'><strong>impetu,</strong></span> <span class='ocrx_word' id='word_1_44' title='bbox 1247 700 1348 755; x_wconf 83' lang='lat' dir='ltr'><strong>sibi</strong></span> <span class='ocrx_word' id='word_1_45' title='bbox 1372 699 1486 769; x_wconf 83' lang='lat' dir='ltr'><strong>ipsa</strong></span> <span class='ocrx_word' id='word_1_46' title='bbox 1512 709 1683 754; x_wconf 80' lang='lat' dir='ltr'><strong>toturn</strong></span> <span class='ocrx_word' id='word_1_47' title='bbox 1707 700 1932 770; x_wconf 76' lang='lat' dir='ltr'><strong>adigunt</strong></span> <span class='ocrx_word' id='word_1_48' title='bbox 1953 695 2179 753; x_wconf 81' lang='lat' dir='ltr'><strong>ferrum.</strong></span> 
     </span>
    </p>
   </div>
   <div class='ocr_carea' id='block_1_10' title="bbox 675 875 2185 950">
    <p class='ocr_par' dir='ltr' id='par_1_10' title="bbox 675 875 2185 950">
     <span class='ocr_line' id='line_1_10' title="bbox 675 875 2185 950; baseline -0.003 -16"><span class='ocrx_word' id='word_1_49' title='bbox 675 881 830 948; x_wconf 89' lang='lat' dir='ltr'><strong>Quod</strong></span> <span class='ocrx_word' id='word_1_50' title='bbox 868 880 1104 950; x_wconf 89' lang='lat' dir='ltr'><strong>primum</strong></span> <span class='ocrx_word' id='word_1_51' title='bbox 1151 879 1369 935; x_wconf 83' lang='lat' dir='ltr'><strong>curiose</strong></span> <span class='ocrx_word' id='word_1_52' title='bbox 1413 887 1681 948; x_wconf 64' lang='lat' dir='ltr'><strong>quaerunt,</strong></span> <span class='ocrx_word' id='word_1_53' title='bbox 1727 879 1830 934; x_wconf 91' lang='lat' dir='ltr'><strong>hoc</strong></span> <span class='ocrx_word' id='word_1_54' title='bbox 1861 887 1988 934; x_wconf 85' lang='lat' dir='ltr'><strong>est:</strong></span> <span class='ocrx_word' id='word_1_55' title='bbox 2031 875 2185 932; x_wconf 86' lang='lat' dir='ltr'><strong>Sitne</strong></span> 
     </span>
    </p>
   </div>
   <div class='ocr_carea' id='block_1_11' title="bbox 607 968 2183 1044">
    <p class='ocr_par' dir='ltr' id='par_1_11' title="bbox 607 968 2183 1044">
     <span class='ocr_line' id='line_1_11' title="bbox 607 968 2183 1044; baseline -0.003 -18"><span class='ocrx_word' id='word_1_56' title='bbox 607 973 696 1027; x_wconf 90' lang='lat' dir='ltr'><strong>hic</strong></span> <span class='ocrx_word' id='word_1_57' title='bbox 726 973 841 1044; x_wconf 88' lang='lat' dir='ltr'><strong>ipse</strong></span> <span class='ocrx_word' id='word_1_58' title='bbox 861 986 1060 1038; x_wconf 66' lang='lat' dir='ltr'><strong>aecus,</strong></span> <span class='ocrx_word' id='word_1_59' title='bbox 1087 985 1185 1025; x_wconf 88' lang='lat' dir='ltr'><strong>nec</strong></span> <span class='ocrx_word' id='word_1_60' title='bbox 1209 969 1327 1040; x_wconf 84' lang='lat' dir='ltr'><strong>ejus</strong></span> <span class='ocrx_word' id='word_1_61' title='bbox 1359 969 1479 1026; x_wconf 89' lang='lat' dir='ltr'><strong>loco</strong></span> <span class='ocrx_word' id='word_1_62' title='bbox 1503 969 1644 1024; x_wconf 80' lang='lat' dir='ltr'><strong>alius</strong></span> <span class='ocrx_word' id='word_1_63' title='bbox 1671 969 1916 1040; x_wconf 84' lang='lat' dir='ltr'><strong>proditus</strong></span> <span class='ocrx_word' id='word_1_64' title='bbox 1939 968 2034 1032; x_wconf 85' lang='lat' dir='ltr'><strong>sit,</strong></span> <span class='ocrx_word' id='word_1_65' title='bbox 2061 982 2183 1022; x_wconf 89' lang='lat' dir='ltr'><strong>cum</strong></span> 
     </span>
    </p>
   </div>
   <div class='ocr_carea' id='block_1_12' title="bbox 605 1065 2188 1135">
    <p class='ocr_par' dir='ltr' id='par_1_12' title="bbox 605 1065 2188 1135">
     <span class='ocr_line' id='line_1_12' title="bbox 605 1065 2188 1135; baseline -0.004 -14"><span class='ocrx_word' id='word_1_66' title='bbox 605 1081 663 1121; x_wconf 86' lang='lat' dir='ltr'><strong>se</strong></span> <span class='ocrx_word' id='word_1_67' title='bbox 693 1065 869 1134; x_wconf 86' lang='lat' dir='ltr'><strong>palam</strong></span> <span class='ocrx_word' id='word_1_68' title='bbox 903 1065 1066 1119; x_wconf 89' lang='lat' dir='ltr'><strong>homo</strong></span> <span class='ocrx_word' id='word_1_69' title='bbox 1091 1066 1266 1135; x_wconf 89' lang='lat' dir='ltr'><strong>ipsum</strong></span> <span class='ocrx_word' id='word_1_70' title='bbox 1297 1071 1718 1129; x_wconf 90' lang='lat' dir='ltr'><strong>contestaretur,</strong></span> <span class='ocrx_word' id='word_1_71' title='bbox 1743 1077 1806 1116; x_wconf 91' lang='lat' dir='ltr'><strong>ac</strong></span> <span class='ocrx_word' id='word_1_72' title='bbox 1835 1069 2003 1115; x_wconf 89' lang='lat' dir='ltr'><strong>totam</strong></span> <span class='ocrx_word' id='word_1_73' title='bbox 2029 1075 2188 1115; x_wconf 87' lang='lat' dir='ltr'><strong>cura-</strong></span> 
     </span>
    </p>
   </div>
   <div class='ocr_carea' id='block_1_13' title="bbox 605 1152 2186 1222">
    <p class='ocr_par' dir='ltr' id='par_1_13' title="bbox 605 1152 2186 1222">
     <span class='ocr_line' id='line_1_13' title="bbox 605 1152 2186 1222; baseline -0.004 -11"><span class='ocrx_word' id='word_1_74' title='bbox 605 1158 766 1212; x_wconf 86' lang='lat' dir='ltr'><strong>tionis</strong></span> <span class='ocrx_word' id='word_1_75' title='bbox 799 1158 994 1212; x_wconf 86' lang='lat' dir='ltr'><strong>seriem</strong></span> <span class='ocrx_word' id='word_1_76' title='bbox 1023 1165 1326 1222; x_wconf 84' lang='lat' dir='ltr'><strong>enarraret,</strong></span> <span class='ocrx_word' id='word_1_77' title='bbox 1361 1166 1419 1210; x_wconf 89' lang='lat' dir='ltr'><strong>ut</strong></span> <span class='ocrx_word' id='word_1_78' title='bbox 1447 1164 1502 1211; x_wconf 89' lang='lat' dir='ltr'><strong>et</strong></span> <span class='ocrx_word' id='word_1_79' title='bbox 1533 1155 1706 1208; x_wconf 89' lang='lat' dir='ltr'><strong>lutum</strong></span> <span class='ocrx_word' id='word_1_80' title='bbox 1731 1152 1958 1208; x_wconf 88' lang='lat' dir='ltr'><strong>oblitum</strong></span> <span class='ocrx_word' id='word_1_81' title='bbox 1985 1153 2056 1208; x_wconf 90' lang='lat' dir='ltr'><strong>sit</strong></span> <span class='ocrx_word' id='word_1_82' title='bbox 2081 1166 2186 1206; x_wconf 76' lang='lat' dir='ltr'><strong>ea:-</strong></span> 
     </span>
    </p>
   </div>
   <div class='ocr_carea' id='block_1_14' title="bbox 603 1245 2183 1318">
    <p class='ocr_par' dir='ltr' id='par_1_14' title="bbox 603 1245 2183 1318">
     <span class='ocr_line' id='line_1_14' title="bbox 603 1245 2183 1318; baseline -0.003 -14"><span class='ocrx_word' id='word_1_83' title='bbox 603 1250 786 1304; x_wconf 86' lang='lat' dir='ltr'><strong>citatis</strong></span> <span class='ocrx_word' id='word_1_84' title='bbox 833 1249 1178 1313; x_wconf 87' lang='lat' dir='ltr'><strong>remedium;</strong></span> <span class='ocrx_word' id='word_1_85' title='bbox 1239 1259 1407 1318; x_wconf 87' lang='lat' dir='ltr'><strong>utque</strong></span> <span class='ocrx_word' id='word_1_86' title='bbox 1451 1247 1658 1318; x_wconf 87' lang='lat' dir='ltr'><strong>piscina</strong></span> <span class='ocrx_word' id='word_1_87' title='bbox 1711 1245 1879 1300; x_wconf 89' lang='lat' dir='ltr'><strong>lutum</strong></span> <span class='ocrx_word' id='word_1_88' title='bbox 1927 1245 2183 1311; x_wconf 80' lang='lat' dir='ltr'><strong>abluens,</strong></span> 
     </span>
    </p>
   </div>
   <div class='ocr_carea' id='block_1_15' title="bbox 603 1337 2184 1408">
    <p class='ocr_par' dir='ltr' id='par_1_15' title="bbox 603 1337 2184 1408">
     <span class='ocr_line' id='line_1_15' title="bbox 603 1337 2184 1408; baseline -0.001 -16"><span class='ocrx_word' id='word_1_89' title='bbox 603 1341 782 1394; x_wconf 86' lang='lat' dir='ltr'><strong>visum</strong></span> <span class='ocrx_word' id='word_1_90' title='bbox 815 1339 1128 1408; x_wconf 64' lang='lat' dir='ltr'><strong>prwbuerit.</strong></span> <span class='ocrx_word' id='word_1_91' title='bbox 1177 1338 1300 1394; x_wconf 70' lang='lat' dir='ltr'><strong>Hmc</strong></span> <span class='ocrx_word' id='word_1_92' title='bbox 1332 1339 1493 1392; x_wconf 75' lang='lat' dir='ltr'><strong>vicini</strong></span> <span class='ocrx_word' id='word_1_93' title='bbox 1525 1337 1799 1393; x_wconf 76' lang='lat' dir='ltr'><strong>curiosius</strong></span> <span class='ocrx_word' id='word_1_94' title='bbox 1835 1337 2184 1408; x_wconf 82' lang='lat' dir='ltr'><strong>indagabant,</strong></span> 
     </span>
    </p>
   </div>
   <div class='ocr_carea' id='block_1_16' title="bbox 606 1428 2187 1500">
    <p class='ocr_par' dir='ltr' id='par_1_16' title="bbox 606 1428 2187 1500">
     <span class='ocr_line' id='line_1_16' title="bbox 606 1428 2187 1500; baseline 0 -16"><span class='ocrx_word' id='word_1_95' title='bbox 606 1431 996 1500; x_wconf 78' lang='lat' dir='ltr'><strong>discebantque</strong></span> <span class='ocrx_word' id='word_1_96' title='bbox 1029 1449 1043 1484; x_wconf 87' lang='lat'><strong>:</strong></span> <span class='ocrx_word' id='word_1_97' title='bbox 1085 1431 1433 1500; x_wconf 88' lang='lat' dir='ltr'><strong>requirebant</strong></span> <span class='ocrx_word' id='word_1_98' title='bbox 1471 1428 1756 1494; x_wconf 78' lang='lat' dir='ltr'><strong>Phariszei,</strong></span> <span class='ocrx_word' id='word_1_99' title='bbox 1803 1437 1966 1499; x_wconf 87' lang='lat' dir='ltr'><strong>atque</strong></span> <span class='ocrx_word' id='word_1_100' title='bbox 1998 1430 2187 1485; x_wconf 88' lang='lat' dir='ltr'><strong>crede-</strong></span> 
     </span>
    </p>
   </div>
   <div class='ocr_carea' id='block_1_17' title="bbox 607 1526 760 1578">
    <p class='ocr_par' dir='ltr' id='par_1_17' title="bbox 607 1526 760 1578">
     <span class='ocr_line' id='line_1_17' title="bbox 607 1526 760 1578; baseline -0.013 0"><span class='ocrx_word' id='word_1_101' title='bbox 607 1526 760 1578; x_wconf 80' lang='lat' dir='ltr'><strong>bant.</strong></span> 
     </span>
    </p>
   </div>
   <div class='ocr_carea' id='block_1_18' title="bbox 678 1609 2185 1681">
    <p class='ocr_par' dir='ltr' id='par_1_18' title="bbox 678 1609 2185 1681">
     <span class='ocr_line' id='line_1_18' title="bbox 678 1609 2185 1681; baseline -0.002 -15"><span class='ocrx_word' id='word_1_102' title='bbox 678 1613 870 1666; x_wconf 80' lang='lat' dir='ltr'><strong>Strues</strong></span> <span class='ocrx_word' id='word_1_103' title='bbox 897 1611 1066 1666; x_wconf 88' lang='lat' dir='ltr'><strong>altera</strong></span> <span class='ocrx_word' id='word_1_104' title='bbox 1101 1609 1486 1666; x_wconf 83' lang='lat' dir='ltr'><strong>assumebatur</strong></span> <span class='ocrx_word' id='word_1_105' title='bbox 1516 1611 1583 1663; x_wconf 83' lang='lat' dir='ltr'><strong>ad</strong></span> <span class='ocrx_word' id='word_1_106' title='bbox 1611 1609 2018 1665; x_wconf 83' lang='lat' dir='ltr'><strong>convellendum</strong></span> <span class='ocrx_word' id='word_1_107' title='bbox 2043 1611 2185 1681; x_wconf 81' lang='lat' dir='ltr'><strong>quod</strong></span> 
     </span>
    </p>
   </div>
   <div class='ocr_carea' id='block_1_19' title="bbox 2281 405 3878 481">
    <p class='ocr_par' dir='ltr' id='par_1_19' title="bbox 2281 405 3878 481">
     <span class='ocr_line' id='line_1_19' title="bbox 2281 405 3878 481; baseline -0.005 -13"><span class='ocrx_word' id='word_1_108' title='bbox 2281 412 2446 468; x_wconf 84' lang='grc' dir='ltr'>πλέον</span> <span class='ocrx_word' id='word_1_109' title='bbox 2471 409 2792 466; x_wconf 82' lang='grc' dir='ltr'>ἐϐεϐαιοῦτο</span> <span class='ocrx_word' id='word_1_110' title='bbox 2818 412 2851 480; x_wconf 75' lang='grc' dir='ltr'>ἡ</span> <span class='ocrx_word' id='word_1_111' title='bbox 2875 408 3127 481; x_wconf 72' lang='grc' dir='ltr'>ἀλήθεια·</span> <span class='ocrx_word' id='word_1_112' title='bbox 3187 408 3283 460; x_wconf 77' lang='grc' dir='ltr'><strong>καὶ</strong></span> <span class='ocrx_word' id='word_1_113' title='bbox 3305 406 3471 461; x_wconf 81' lang='grc' dir='ltr'>ταυτὺ</span> <span class='ocrx_word' id='word_1_114' title='bbox 3491 405 3732 477; x_wconf 75' lang='grc' dir='ltr'>ἔπασχον</span> <span class='ocrx_word' id='word_1_115' title='bbox 3761 409 3878 461; x_wconf 85' lang='grc' dir='ltr'><strong>τῶν</strong></span> 
     </span>
    </p>
   </div>
   <div class='ocr_carea' id='block_1_20' title="bbox 2283 499 3881 576">
    <p class='ocr_par' dir='ltr' id='par_1_20' title="bbox 2283 499 3881 576">
     <span class='ocr_line' id='line_1_20' title="bbox 2283 499 3881 576; baseline -0.004 -18"><span class='ocrx_word' id='word_1_116' title='bbox 2283 505 2486 576; x_wconf 81' lang='grc' dir='ltr'>θηρίων</span> <span class='ocrx_word' id='word_1_117' title='bbox 2515 502 2765 566; x_wconf 85' lang='grc' dir='ltr'>ἐκείνοις,</span> <span class='ocrx_word' id='word_1_118' title='bbox 2799 501 2836 554; x_wconf 77' lang='grc' dir='ltr'>ἃ</span> <span class='ocrx_word' id='word_1_119' title='bbox 2864 501 3140 572; x_wconf 82' lang='grc' dir='ltr'><strong>πληγέντα</strong></span> <span class='ocrx_word' id='word_1_120' title='bbox 3158 499 3310 570; x_wconf 80' lang='grc' dir='ltr'>παρά</span> <span class='ocrx_word' id='word_1_121' title='bbox 3337 515 3502 562; x_wconf 86' lang='grc' dir='ltr'>τινος,</span> <span class='ocrx_word' id='word_1_122' title='bbox 3530 499 3627 552; x_wconf 79' lang='grc' dir='ltr'>καὶ</span> <span class='ocrx_word' id='word_1_123' title='bbox 3649 499 3881 569; x_wconf 79' lang='grc' dir='ltr'><strong>μηδέπω</strong></span> 
     </span>
    </p>
   </div>
   <div class='ocr_carea' id='block_1_21' title="bbox 2284 589 3879 666">
    <p class='ocr_par' dir='ltr' id='par_1_21' title="bbox 2284 589 3879 666">
     <span class='ocr_line' id='line_1_21' title="bbox 2284 589 3879 666; baseline -0.006 -15"><span class='ocrx_word' id='word_1_124' title='bbox 2284 597 2466 651; x_wconf 75' lang='grc' dir='ltr'>πᾶσαν</span> <span class='ocrx_word' id='word_1_125' title='bbox 2491 594 2590 666; x_wconf 81' lang='grc' dir='ltr'>τὴν</span> <span class='ocrx_word' id='word_1_126' title='bbox 2616 593 2822 665; x_wconf 70' lang='grc' dir='ltr'>αἰχμὴν</span> <span class='ocrx_word' id='word_1_127' title='bbox 2849 595 2908 647; x_wconf 81' lang='grc' dir='ltr'><strong>ἐν</strong></span> <span class='ocrx_word' id='word_1_128' title='bbox 2945 595 3010 664; x_wconf 75' lang='grc' dir='ltr'>τῇ</span> <span class='ocrx_word' id='word_1_129' title='bbox 3047 590 3249 662; x_wconf 77' lang='grc' dir='ltr'>γαστρὶ</span> <span class='ocrx_word' id='word_1_130' title='bbox 3274 589 3568 661; x_wconf 83' lang='grc' dir='ltr'>δεξάμενα,</span> <span class='ocrx_word' id='word_1_131' title='bbox 3617 593 3684 660; x_wconf 80' lang='grc' dir='ltr'>τῇ</span> <span class='ocrx_word' id='word_1_132' title='bbox 3736 591 3879 664; x_wconf 74' lang='grc' dir='ltr'>πρὸς</span> 
     </span>
    </p>
   </div>
   <div class='ocr_carea' id='block_1_22' title="bbox 2281 683 3879 759">
    <p class='ocr_par' dir='ltr' id='par_1_22' title="bbox 2281 683 3879 759">
     <span class='ocr_line' id='line_1_22' title="bbox 2281 683 3879 759; baseline -0.004 -19"><span class='ocrx_word' id='word_1_133' title='bbox 2281 689 2374 742; x_wconf 82' lang='grc' dir='ltr'>τὸν</span> <span class='ocrx_word' id='word_1_134' title='bbox 2413 687 2700 759; x_wconf 76' lang='grc' dir='ltr'>ἄνθρωπον</span> <span class='ocrx_word' id='word_1_135' title='bbox 2725 688 2872 758; x_wconf 79' lang='grc' dir='ltr'>ὁρμῇ</span> <span class='ocrx_word' id='word_1_136' title='bbox 2921 685 3020 739; x_wconf 75' lang='grc' dir='ltr'>καὶ</span> <span class='ocrx_word' id='word_1_137' title='bbox 3067 683 3392 755; x_wconf 76' lang='grc' dir='ltr'>φιλονεικίᾳ,</span> <span class='ocrx_word' id='word_1_138' title='bbox 3427 683 3546 736; x_wconf 85' lang='grc' dir='ltr'>ὅλον</span> <span class='ocrx_word' id='word_1_139' title='bbox 3583 683 3669 752; x_wconf 81' lang='grc' dir='ltr'>ἐφ’</span> <span class='ocrx_word' id='word_1_140' title='bbox 3706 683 3879 736; x_wconf 80' lang='grc' dir='ltr'>ἐαυτά</span> 
     </span>
    </p>
   </div>
   <div class='ocr_carea' id='block_1_23' title="bbox 2286 778 2892 850">
    <p class='ocr_par' dir='ltr' id='par_1_23' title="bbox 2286 778 2892 850">
     <span class='ocr_line' id='line_1_23' title="bbox 2286 778 2892 850; baseline -0.005 -18"><span class='ocrx_word' id='word_1_141' title='bbox 2286 779 2513 834; x_wconf 73' lang='grc' dir='ltr'>συνωθεῑ</span> <span class='ocrx_word' id='word_1_142' title='bbox 2532 779 2622 833; x_wconf 79' lang='grc' dir='ltr'>τὸν</span> <span class='ocrx_word' id='word_1_143' title='bbox 2653 778 2771 850; x_wconf 86' lang='grc' dir='ltr'>σίδη</span> <span class='ocrx_word' id='word_1_144' title='bbox 2780 794 2892 848; x_wconf 87' lang='grc' dir='ltr'>ρον.</span> 
     </span>
    </p>
   </div>
   <div class='ocr_carea' id='block_1_24' title="bbox 2355 860 3881 943">
    <p class='ocr_par' dir='ltr' id='par_1_24' title="bbox 2355 860 3881 943">
     <span class='ocr_line' id='line_1_24' title="bbox 2355 860 3881 943; baseline -0.005 -18"><span class='ocrx_word' id='word_1_145' title='bbox 2355 869 2554 943; x_wconf 79' lang='grc' dir='ltr'>Πρώτη</span> <span class='ocrx_word' id='word_1_146' title='bbox 2615 865 3120 940; x_wconf 74' lang='grc' dir='ltr'>πολυπραγμοσύνη</span> <span class='ocrx_word' id='word_1_147' title='bbox 3143 882 3156 896; x_wconf 91' lang='grc'><strong>·</strong></span> <span class='ocrx_word' id='word_1_148' title='bbox 3208 867 3272 920; x_wconf 84' lang='lat' dir='ltr'><strong>El</strong></span> <span class='ocrx_word' id='word_1_149' title='bbox 3303 860 3458 930; x_wconf 77' lang='grc' dir='ltr'>οὗτος</span> <span class='ocrx_word' id='word_1_150' title='bbox 3487 866 3652 930; x_wconf 73' lang='grc' dir='ltr'>αὐτὸς</span> <span class='ocrx_word' id='word_1_151' title='bbox 3701 869 3730 920; x_wconf 87' lang='grc' dir='ltr'><strong>ό</strong></span> <span class='ocrx_word' id='word_1_152' title='bbox 3781 884 3881 919; x_wconf 83' lang='grc' dir='ltr'>τυ-</span> 
     </span>
    </p>
   </div>
   <div class='ocr_carea' id='block_1_25' title="bbox 2286 957 3882 1035">
    <p class='ocr_par' dir='ltr' id='par_1_25' title="bbox 2286 957 3882 1035">
     <span class='ocr_line' id='line_1_25' title="bbox 2286 957 3882 1035; baseline -0.004 -17"><span class='ocrx_word' id='word_1_153' title='bbox 2286 964 2440 1035; x_wconf 80' lang='grc' dir='ltr'>φλὸς,</span> <span class='ocrx_word' id='word_1_154' title='bbox 2497 964 2594 1020; x_wconf 73' lang='grc' dir='ltr'>καὶ</span> <span class='ocrx_word' id='word_1_155' title='bbox 2649 962 2723 1034; x_wconf 83' lang='grc' dir='ltr'>μὴ</span> <span class='ocrx_word' id='word_1_156' title='bbox 2778 962 2965 1033; x_wconf 69' lang='grc' dir='ltr'>ἐτερος</span> <span class='ocrx_word' id='word_1_157' title='bbox 3013 960 3131 1017; x_wconf 78' lang='grc' dir='ltr'>ἀντ’</span> <span class='ocrx_word' id='word_1_158' title='bbox 3155 959 3366 1012; x_wconf 81' lang='grc' dir='ltr'>ἐκείνου</span> <span class='ocrx_word' id='word_1_159' title='bbox 3415 957 3670 1030; x_wconf 85' lang='grc' dir='ltr'>ἐδείχθη·</span> <span class='ocrx_word' id='word_1_160' title='bbox 3715 958 3882 1014; x_wconf 80' lang='grc' dir='ltr'>τοῦτο</span> 
     </span>
    </p>
   </div>
   <div class='ocr_carea' id='block_1_26' title="bbox 2288 1052 3881 1126">
    <p class='ocr_par' dir='ltr' id='par_1_26' title="bbox 2288 1052 3881 1126">
     <span class='ocr_line' id='line_1_26' title="bbox 2288 1052 3881 1126; baseline -0.002 -17"><span class='ocrx_word' id='word_1_161' title='bbox 2288 1053 2478 1126; x_wconf 80' lang='grc' dir='ltr'>σαφῶς</span> <span class='ocrx_word' id='word_1_162' title='bbox 2524 1055 2620 1110; x_wconf 73' lang='grc' dir='ltr'>τοῦ</span> <span class='ocrx_word' id='word_1_163' title='bbox 2664 1052 2954 1126; x_wconf 84' lang='grc' dir='ltr'>ἀνθρώπου</span> <span class='ocrx_word' id='word_1_164' title='bbox 3007 1052 3517 1126; x_wconf 79' lang='grc' dir='ltr'><strong>διαμαρτυρομένου</strong></span> <span class='ocrx_word' id='word_1_165' title='bbox 3547 1092 3562 1115; x_wconf 95' lang='grc'><strong>,</strong></span> <span class='ocrx_word' id='word_1_166' title='bbox 3626 1053 3722 1106; x_wconf 72' lang='grc' dir='ltr'>καὶ</span> <span class='ocrx_word' id='word_1_167' title='bbox 3777 1054 3881 1124; x_wconf 75' lang='grc' dir='ltr'><strong>τὴν</strong></span> 
     </span>
    </p>
   </div>
   <div class='ocr_carea' id='block_1_27' title="bbox 2285 1142 3884 1217">
    <p class='ocr_par' dir='ltr' id='par_1_27' title="bbox 2285 1142 3884 1217">
     <span class='ocr_line' id='line_1_27' title="bbox 2285 1142 3884 1217; baseline -0.003 -15"><span class='ocrx_word' id='word_1_168' title='bbox 2285 1148 2609 1202; x_wconf 76' lang='grc' dir='ltr'>ἀκολουθίαν</span> <span class='ocrx_word' id='word_1_169' title='bbox 2633 1147 2732 1217; x_wconf 84' lang='grc' dir='ltr'>τῆς</span> <span class='ocrx_word' id='word_1_170' title='bbox 2785 1145 3084 1217; x_wconf 81' lang='grc' dir='ltr'>θεραπείας</span> <span class='ocrx_word' id='word_1_171' title='bbox 3112 1142 3547 1212; x_wconf 82' lang='grc' dir='ltr'>ἀπαγγέλλοντος</span> <span class='ocrx_word' id='word_1_172' title='bbox 3563 1143 3632 1206; x_wconf 82' lang='grc'><strong>⁵⁸,</strong></span> <span class='ocrx_word' id='word_1_173' title='bbox 3664 1145 3744 1198; x_wconf 79' lang='grc' dir='ltr'>ὅτι</span> <span class='ocrx_word' id='word_1_174' title='bbox 3782 1146 3884 1197; x_wconf 75' lang='grc' dir='ltr'>καὶ</span> 
     </span>
    </p>
   </div>
   <div class='ocr_carea' id='block_1_28' title="bbox 2286 1233 3948 1309">
    <p class='ocr_par' dir='ltr' id='par_1_28' title="bbox 2286 1233 3948 1309">
     <span class='ocr_line' id='line_1_28' title="bbox 2286 1233 3948 1309; baseline -0.005 -17"><span class='ocrx_word' id='word_1_175' title='bbox 2286 1238 2457 1309; x_wconf 80' lang='grc' dir='ltr'>πηλὸς</span> <span class='ocrx_word' id='word_1_176' title='bbox 2485 1234 2821 1308; x_wconf 85' lang='grc' dir='ltr'>κατεχρίσθη</span> <span class='ocrx_word' id='word_1_177' title='bbox 2845 1234 2908 1288; x_wconf 73' lang='grc' dir='ltr'><strong>τὸ</strong></span> <span class='ocrx_word' id='word_1_178' title='bbox 2933 1234 3035 1303; x_wconf 74' lang='grc' dir='ltr'>τῆς</span> <span class='ocrx_word' id='word_1_179' title='bbox 3068 1233 3404 1304; x_wconf 69' lang='grc' dir='ltr'>τυφλότητος</span> <span class='ocrx_word' id='word_1_180' title='bbox 3438 1233 3764 1304; x_wconf 82' lang='grc' dir='ltr'>φάρμακον,</span> <span class='ocrx_word' id='word_1_181' title='bbox 3797 1234 3883 1286; x_wconf 85' lang='grc' dir='ltr'>ὃτι</span> <span class='ocrx_word' id='word_1_182' title='bbox 3943 1292 3948 1297; x_wconf 26' lang='grc'><strong>,</strong></span> 
     </span>
    </p>
   </div>
   <div class='ocr_carea' id='block_1_29' title="bbox 2285 1329 3883 1404">
    <p class='ocr_par' dir='ltr' id='par_1_29' title="bbox 2285 1329 3883 1404">
     <span class='ocr_line' id='line_1_29' title="bbox 2285 1329 3883 1404; baseline -0.003 -18"><span class='ocrx_word' id='word_1_183' title='bbox 2285 1333 2382 1390; x_wconf 75' lang='grc' dir='ltr'>καὶ</span> <span class='ocrx_word' id='word_1_184' title='bbox 2415 1331 2774 1404; x_wconf 78' lang='grc' dir='ltr'>κολυμϐήθρα</span> <span class='ocrx_word' id='word_1_185' title='bbox 2800 1331 2892 1386; x_wconf 87' lang='grc' dir='ltr'>τὸν</span> <span class='ocrx_word' id='word_1_186' title='bbox 2940 1329 3112 1401; x_wconf 75' lang='grc' dir='ltr'>πηλὸν</span> <span class='ocrx_word' id='word_1_187' title='bbox 3163 1330 3496 1397; x_wconf 80' lang='grc' dir='ltr'>ἀπονίψασα,</span> <span class='ocrx_word' id='word_1_188' title='bbox 3542 1331 3606 1382; x_wconf 80' lang='grc' dir='ltr'>τὸ</span> <span class='ocrx_word' id='word_1_189' title='bbox 3657 1329 3883 1400; x_wconf 78' lang='grc' dir='ltr'>βλέπειν</span> 
     </span>
    </p>
   </div>
   <div class='ocr_carea' id='block_1_30' title="bbox 2286 1421 3887 1496">
    <p class='ocr_par' dir='ltr' id='par_1_30' title="bbox 2286 1421 3887 1496">
     <span class='ocr_line' id='line_1_30' title="bbox 2286 1421 3887 1496; baseline -0.003 -18"><span class='ocrx_word' id='word_1_190' title='bbox 2286 1423 2584 1496; x_wconf 75' lang='grc' dir='ltr'>παρέσχεν,</span> <span class='ocrx_word' id='word_1_191' title='bbox 2614 1422 2805 1478; x_wconf 80' lang='grc' dir='ltr'>Ταῦτα</span> <span class='ocrx_word' id='word_1_192' title='bbox 2835 1421 3264 1496; x_wconf 80' lang='grc' dir='ltr'>περιεργάζοντο</span> <span class='ocrx_word' id='word_1_193' title='bbox 3284 1423 3546 1491; x_wconf 83' lang='grc' dir='ltr'>γείτονες,</span> <span class='ocrx_word' id='word_1_194' title='bbox 3576 1423 3670 1476; x_wconf 80' lang='grc' dir='ltr'>καὶ</span> <span class='ocrx_word' id='word_1_195' title='bbox 3707 1421 3887 1492; x_wconf 78' lang='grc' dir='ltr'>ἐμάν-</span> 
     </span>
    </p>
   </div>
   <div class='ocr_carea' id='block_1_31' title="bbox 2287 1513 3730 1588">
    <p class='ocr_par' dir='ltr' id='par_1_31' title="bbox 2287 1513 3730 1588">
     <span class='ocr_line' id='line_1_31' title="bbox 2287 1513 3730 1588; baseline -0.001 -18"><span class='ocrx_word' id='word_1_196' title='bbox 2287 1516 2446 1570; x_wconf 85' lang='grc' dir='ltr'>θανον</span> <span class='ocrx_word' id='word_1_197' title='bbox 2467 1533 2483 1548; x_wconf 95' lang='grc'><strong>·</strong></span> <span class='ocrx_word' id='word_1_198' title='bbox 2513 1513 2812 1586; x_wconf 76' lang='grc' dir='ltr'>ἀνεζήτουν</span> <span class='ocrx_word' id='word_1_199' title='bbox 2831 1516 2883 1571; x_wconf 90' lang='grc' dir='ltr'><strong>οί</strong></span> <span class='ocrx_word' id='word_1_200' title='bbox 2903 1517 3207 1588; x_wconf 73' lang='grc' dir='ltr'>Φαρισαῖοι,</span> <span class='ocrx_word' id='word_1_201' title='bbox 3238 1517 3283 1548; x_wconf 66' lang='grc'>⁸⁸</span> <span class='ocrx_word' id='word_1_202' title='bbox 3310 1513 3405 1568; x_wconf 75' lang='grc' dir='ltr'>καὶ</span> <span class='ocrx_word' id='word_1_203' title='bbox 3435 1513 3730 1568; x_wconf 86' lang='grc' dir='ltr'>ἐπείθοντο.</span> 
     </span>
    </p>
   </div>
   <div class='ocr_carea' id='block_1_32' title="bbox 2352 1605 3887 1679">
    <p class='ocr_par' dir='ltr' id='par_1_32' title="bbox 2352 1605 3887 1679">
     <span class='ocr_line' id='line_1_32' title="bbox 2352 1605 3887 1679; baseline -0.005 -15"><span class='ocrx_word' id='word_1_204' title='bbox 2352 1607 2597 1679; x_wconf 88' lang='grc' dir='ltr'>Δευτέρα</span> <span class='ocrx_word' id='word_1_205' title='bbox 2643 1606 2808 1678; x_wconf 82' lang='grc' dir='ltr'>τέχνη</span> <span class='ocrx_word' id='word_1_206' title='bbox 2853 1608 2933 1670; x_wconf 82' lang='grc' dir='ltr'><strong>είς</strong></span> <span class='ocrx_word' id='word_1_207' title='bbox 2973 1606 3232 1677; x_wconf 77' lang='grc' dir='ltr'><strong>ἀθέτησιν</strong></span> <span class='ocrx_word' id='word_1_208' title='bbox 3259 1605 3354 1659; x_wconf 80' lang='grc' dir='ltr'>τοῦ</span> <span class='ocrx_word' id='word_1_209' title='bbox 3393 1605 3688 1676; x_wconf 80' lang='grc' dir='ltr'>γενομένου</span> <span class='ocrx_word' id='word_1_210' title='bbox 3743 1621 3887 1675; x_wconf 81' lang='grc' dir='ltr'>παρ-</span> 
     </span>
    </p>
   </div>
   <div class='ocr_carea' id='block_1_33' title="bbox 610 1693 2191 1771">
    <p class='ocr_par' dir='ltr' id='par_1_33' title="bbox 610 1701 2182 1767">
     <span class='ocr_line' id='line_1_33' title="bbox 610 1701 2182 1767; baseline -0.002 -10"><span class='ocrx_word' id='word_1_211' title='bbox 610 1705 810 1757; x_wconf 80' lang='lat' dir='ltr'><strong>factum</strong></span> <span class='ocrx_word' id='word_1_212' title='bbox 861 1713 1025 1767; x_wconf 84' lang='lat' dir='ltr'><strong>esset,</strong></span> <span class='ocrx_word' id='word_1_213' title='bbox 1075 1711 1134 1756; x_wconf 88' lang='lat' dir='ltr'><strong>ut</strong></span> <span class='ocrx_word' id='word_1_214' title='bbox 1183 1701 1472 1756; x_wconf 78' lang='lat' dir='ltr'><strong>ostendere</strong></span> <span class='ocrx_word' id='word_1_215' title='bbox 1515 1711 1848 1756; x_wconf 82' lang='lat' dir='ltr'><strong>conarentur</strong></span> <span class='ocrx_word' id='word_1_216' title='bbox 1901 1715 2007 1754; x_wconf 87' lang='lat' dir='ltr'><strong>non</strong></span> <span class='ocrx_word' id='word_1_217' title='bbox 2060 1715 2182 1755; x_wconf 87' lang='lat' dir='ltr'><strong>esse</strong></span> 
     </span>
    </p>
   </div>
   <div class='ocr_carea' id='block_1_34' title="bbox 2298 1693 3878 1771">
    <p class='ocr_par' dir='ltr' id='par_1_34' title="bbox 2298 1695 3878 1771">
     <span class='ocr_line' id='line_1_34' title="bbox 2298 1695 3878 1771; baseline -0.001 -18"><span class='ocrx_word' id='word_1_218' title='bbox 2298 1699 2652 1771; x_wconf 76' lang='grc' dir='ltr'>ελαμϐάνετο,</span> <span class='ocrx_word' id='word_1_219' title='bbox 2691 1698 2753 1752; x_wconf 79' lang='grc' dir='ltr'><strong>τὸ</strong></span> <span class='ocrx_word' id='word_1_220' title='bbox 2775 1698 3076 1770; x_wconf 81' lang='grc' dir='ltr'>πειρᾶσθαι</span> <span class='ocrx_word' id='word_1_221' title='bbox 3099 1697 3389 1761; x_wconf 83' lang='grc' dir='ltr'>δεικνύειν,</span> <span class='ocrx_word' id='word_1_222' title='bbox 3423 1697 3500 1760; x_wconf 82' lang='grc' dir='ltr'>ὼς</span> <span class='ocrx_word' id='word_1_223' title='bbox 3524 1697 3624 1750; x_wconf 78' lang='grc' dir='ltr'>οὐκ</span> <span class='ocrx_word' id='word_1_224' title='bbox 3674 1695 3828 1749; x_wconf 79' lang='grc' dir='ltr'>ἔστιν</span> <span class='ocrx_word' id='word_1_225' title='bbox 3848 1703 3878 1752; x_wconf 67' lang='grc' dir='ltr'><strong>ό</strong></span> 
     </span>
    </p>
   </div>
   <div class='ocr_carea' id='block_1_35' title="bbox 604 1790 2192 1864">
    <p class='ocr_par' dir='ltr' id='par_1_35' title="bbox 604 1790 2192 1864">
     <span class='ocr_line' id='line_1_35' title="bbox 604 1790 2192 1864; baseline -0.003 -14"><span class='ocrx_word' id='word_1_226' title='bbox 604 1795 901 1858; x_wconf 78' lang='lat' dir='ltr'><strong>Christum,</strong></span> <span class='ocrx_word' id='word_1_227' title='bbox 927 1794 1018 1864; x_wconf 87' lang='lat' dir='ltr'><strong>qui</strong></span> <span class='ocrx_word' id='word_1_228' title='bbox 1051 1802 1319 1848; x_wconf 84' lang='lat' dir='ltr'><strong>curasset.</strong></span> <span class='ocrx_word' id='word_1_229' title='bbox 1351 1791 1485 1858; x_wconf 82' lang='lat' dir='ltr'><strong>Quia</strong></span> <span class='ocrx_word' id='word_1_230' title='bbox 1530 1806 1661 1846; x_wconf 91' lang='lat' dir='ltr'><strong>vero</strong></span> <span class='ocrx_word' id='word_1_231' title='bbox 1704 1792 1865 1846; x_wconf 88' lang='lat' dir='ltr'><strong>homo</strong></span> <span class='ocrx_word' id='word_1_232' title='bbox 1899 1790 2192 1861; x_wconf 82' lang='lat' dir='ltr'><strong>sospitato-</strong></span> 
     </span>
    </p>
   </div>
   <div class='ocr_carea' id='block_1_36' title="bbox 614 1882 2187 1954">
    <p class='ocr_par' dir='ltr' id='par_1_36' title="bbox 614 1882 2187 1954">
     <span class='ocr_line' id='line_1_36' title="bbox 614 1882 2187 1954; baseline -0.003 -14"><span class='ocrx_word' id='word_1_233' title='bbox 614 1902 726 1942; x_wconf 86' lang='lat' dir='ltr'><strong>rem</strong></span> <span class='ocrx_word' id='word_1_234' title='bbox 754 1885 1052 1950; x_wconf 79' lang='lat' dir='ltr'><strong>clamabat,</strong></span> <span class='ocrx_word' id='word_1_235' title='bbox 1087 1898 1292 1954; x_wconf 86' lang='lat' dir='ltr'><strong>suaque</strong></span> <span class='ocrx_word' id='word_1_236' title='bbox 1324 1882 1667 1938; x_wconf 78' lang='lat' dir='ltr'><strong>confessione</strong></span> <span class='ocrx_word' id='word_1_237' title='bbox 1688 1896 1750 1938; x_wconf 84' lang='lat' dir='ltr'><strong>ac</strong></span> <span class='ocrx_word' id='word_1_238' title='bbox 1779 1882 2187 1951; x_wconf 65' lang='lat' dir='ltr'><strong>prtedicatione,</strong></span> 
     </span>
    </p>
   </div>
   <div class='ocr_carea' id='block_1_37' title="bbox 612 1972 2192 2046">
    <p class='ocr_par' dir='ltr' id='par_1_37' title="bbox 612 1972 2192 2046">
     <span class='ocr_line' id='line_1_37' title="bbox 612 1972 2192 2046; baseline -0.002 -16"><span class='ocrx_word' id='word_1_239' title='bbox 612 1978 820 2046; x_wconf 75' lang='lat' dir='ltr'><strong>gratias</strong></span> <span class='ocrx_word' id='word_1_240' title='bbox 862 1974 1218 2046; x_wconf 86' lang='lat' dir='ltr'><strong>rependebat,</strong></span> <span class='ocrx_word' id='word_1_241' title='bbox 1259 1989 1324 2030; x_wconf 84' lang='lat' dir='ltr'><strong>a-c</strong></span> <span class='ocrx_word' id='word_1_242' title='bbox 1366 1974 1688 2030; x_wconf 79' lang='lat' dir='ltr'><strong>beneficium</strong></span> <span class='ocrx_word' id='word_1_243' title='bbox 1719 1973 1999 2044; x_wconf 83' lang='lat' dir='ltr'><strong>prodebat,</strong></span> <span class='ocrx_word' id='word_1_244' title='bbox 2031 1972 2192 2028; x_wconf 82' lang='lat' dir='ltr'><strong>obtu-</strong></span> 
     </span>
    </p>
   </div>
   <div class='ocr_carea' id='block_1_38' title="bbox 609 2065 2190 2137">
    <p class='ocr_par' dir='ltr' id='par_1_38' title="bbox 609 2065 2190 2137">
     <span class='ocr_line' id='line_1_38' title="bbox 609 2065 2190 2137; baseline -0.001 -16"><span class='ocrx_word' id='word_1_245' title='bbox 609 2068 741 2122; x_wconf 82' lang='lat' dir='ltr'><strong>ratis</strong></span> <span class='ocrx_word' id='word_1_246' title='bbox 771 2067 1016 2133; x_wconf 82' lang='lat' dir='ltr'><strong>auribus,</strong></span> <span class='ocrx_word' id='word_1_247' title='bbox 1043 2081 1108 2122; x_wconf 87' lang='lat' dir='ltr'><strong>ac</strong></span> <span class='ocrx_word' id='word_1_248' title='bbox 1134 2067 1317 2121; x_wconf 84' lang='lat' dir='ltr'><strong>animo</strong></span> <span class='ocrx_word' id='word_1_249' title='bbox 1347 2066 1610 2137; x_wconf 78' lang='lat' dir='ltr'><strong>perplexi,</strong></span> <span class='ocrx_word' id='word_1_250' title='bbox 1645 2081 1743 2122; x_wconf 89' lang='lat' dir='ltr'><strong>nec</strong></span> <span class='ocrx_word' id='word_1_251' title='bbox 1771 2065 2035 2121; x_wconf 83' lang='lat' dir='ltr'><strong>habentes</strong></span> <span class='ocrx_word' id='word_1_252' title='bbox 2060 2066 2190 2136; x_wconf 86' lang='lat' dir='ltr'><strong>quid</strong></span> 
     </span>
    </p>
   </div>
   <div class='ocr_carea' id='block_1_39' title="bbox 613 2157 2189 2227">
    <p class='ocr_par' dir='ltr' id='par_1_39' title="bbox 613 2157 2189 2227">
     <span class='ocr_line' id='line_1_39' title="bbox 613 2157 2189 2227; baseline -0.001 -15"><span class='ocrx_word' id='word_1_253' title='bbox 613 2165 859 2226; x_wconf 74' lang='lat' dir='ltr'><strong>agerent,</strong></span> <span class='ocrx_word' id='word_1_254' title='bbox 907 2159 972 2213; x_wconf 89' lang='lat' dir='ltr'><strong>ad</strong></span> <span class='ocrx_word' id='word_1_255' title='bbox 1003 2158 1176 2213; x_wconf 88' lang='lat' dir='ltr'><strong>morbi</strong></span> <span class='ocrx_word' id='word_1_256' title='bbox 1218 2173 1408 2213; x_wconf 87' lang='lat' dir='ltr'><strong>rursus</strong></span> <span class='ocrx_word' id='word_1_257' title='bbox 1441 2157 1848 2227; x_wconf 86' lang='lat' dir='ltr'><strong>inquisitionem</strong></span> <span class='ocrx_word' id='word_1_258' title='bbox 1883 2165 2189 2224; x_wconf 87' lang='lat' dir='ltr'><strong>recurrunt,</strong></span> 
     </span>
    </p>
   </div>
   <div class='ocr_carea' id='block_1_40' title="bbox 609 2251 2187 2323">
    <p class='ocr_par' dir='ltr' id='par_1_40' title="bbox 609 2251 2187 2323">
     <span class='ocr_line' id='line_1_40' title="bbox 609 2251 2187 2323; baseline 0 -16"><span class='ocrx_word' id='word_1_259' title='bbox 609 2253 894 2323; x_wconf 81' lang='lat' dir='ltr'><strong>diligenter</strong></span> <span class='ocrx_word' id='word_1_260' title='bbox 945 2260 1278 2318; x_wconf 84' lang='lat' dir='ltr'><strong>scrutantur,</strong></span> <span class='ocrx_word' id='word_1_261' title='bbox 1312 2252 1453 2308; x_wconf 89' lang='lat' dir='ltr'><strong>sitne</strong></span> <span class='ocrx_word' id='word_1_262' title='bbox 1495 2253 1542 2308; x_wconf 88' lang='lat' dir='ltr'><strong>is</strong></span> <span class='ocrx_word' id='word_1_263' title='bbox 1586 2267 1763 2308; x_wconf 68' lang='lat' dir='ltr'><strong>caecus</strong></span> <span class='ocrx_word' id='word_1_264' title='bbox 1813 2267 1843 2306; x_wconf 88' lang='lat' dir='ltr'><strong>a</strong></span> <span class='ocrx_word' id='word_1_265' title='bbox 1883 2251 2187 2319; x_wconf 89' lang='lat' dir='ltr'><strong>nativitate,</strong></span> 
     </span>
    </p>
   </div>
   <div class='ocr_carea' id='block_1_41' title="bbox 612 2343 2182 2414">
    <p class='ocr_par' dir='ltr' id='par_1_41' title="bbox 612 2343 2182 2414">
     <span class='ocr_line' id='line_1_41' title="bbox 612 2343 2182 2414; baseline -0.002 -16"><span class='ocrx_word' id='word_1_266' title='bbox 612 2345 958 2413; x_wconf 88' lang='lat' dir='ltr'><strong>hominisque</strong></span> <span class='ocrx_word' id='word_1_267' title='bbox 992 2355 1242 2414; x_wconf 89' lang='lat' dir='ltr'><strong>parentes</strong></span> <span class='ocrx_word' id='word_1_268' title='bbox 1277 2343 1590 2409; x_wconf 88' lang='lat' dir='ltr'><strong>consulunt,</strong></span> <span class='ocrx_word' id='word_1_269' title='bbox 1626 2358 1689 2398; x_wconf 88' lang='lat' dir='ltr'><strong>ac</strong></span> <span class='ocrx_word' id='word_1_270' title='bbox 1717 2343 1924 2414; x_wconf 76' lang='lat' dir='ltr'><strong>singula</strong></span> <span class='ocrx_word' id='word_1_271' title='bbox 1955 2357 2182 2398; x_wconf 83' lang='lat' dir='ltr'><strong>accura-</strong></span> 
     </span>
    </p>
   </div>
   <div class='ocr_carea' id='block_1_42' title="bbox 611 2436 2193 2506">
    <p class='ocr_par' dir='ltr' id='par_1_42' title="bbox 611 2436 2193 2506">
     <span class='ocr_line' id='line_1_42' title="bbox 611 2436 2193 2506; baseline -0.001 -17"><span class='ocrx_word' id='word_1_272' title='bbox 611 2437 720 2491; x_wconf 88' lang='lat' dir='ltr'><strong>tius</strong></span> <span class='ocrx_word' id='word_1_273' title='bbox 750 2436 994 2506; x_wconf 68' lang='lat' dir='ltr'><strong>caigunt,</strong></span> <span class='ocrx_word' id='word_1_274' title='bbox 1030 2451 1138 2489; x_wconf 93' lang='lat' dir='ltr'><strong>non</strong></span> <span class='ocrx_word' id='word_1_275' title='bbox 1167 2444 1226 2488; x_wconf 89' lang='lat' dir='ltr'><strong>ut</strong></span> <span class='ocrx_word' id='word_1_276' title='bbox 1251 2449 1366 2489; x_wconf 90' lang='lat' dir='ltr'><strong>rem</strong></span> <span class='ocrx_word' id='word_1_277' title='bbox 1399 2443 1610 2505; x_wconf 79' lang='lat' dir='ltr'><strong>gestam</strong></span> <span class='ocrx_word' id='word_1_278' title='bbox 1638 2436 1984 2498; x_wconf 73' lang='lat' dir='ltr'><strong>conﬁrment,</strong></span> <span class='ocrx_word' id='word_1_279' title='bbox 2012 2436 2108 2488; x_wconf 89' lang='lat' dir='ltr'><strong>sed</strong></span> <span class='ocrx_word' id='word_1_280' title='bbox 2135 2442 2193 2488; x_wconf 92' lang='lat' dir='ltr'><strong>ut</strong></span> 
     </span>
    </p>
   </div>
   <div class='ocr_carea' id='block_1_43' title="bbox 613 2525 2191 2598">
    <p class='ocr_par' dir='ltr' id='par_1_43' title="bbox 613 2525 2191 2598">
     <span class='ocr_line' id='line_1_43' title="bbox 613 2525 2191 2598; baseline -0.001 -18"><span class='ocrx_word' id='word_1_281' title='bbox 613 2528 810 2598; x_wconf 78' lang='lat' dir='ltr'><strong>quovis</strong></span> <span class='ocrx_word' id='word_1_282' title='bbox 837 2527 996 2581; x_wconf 87' lang='lat' dir='ltr'><strong>modo</strong></span> <span class='ocrx_word' id='word_1_283' title='bbox 1024 2525 1386 2581; x_wconf 79' lang='lat' dir='ltr'><strong>labefactandi</strong></span> <span class='ocrx_word' id='word_1_284' title='bbox 1412 2526 1659 2580; x_wconf 89' lang='lat' dir='ltr'><strong>miraculi</strong></span> <span class='ocrx_word' id='word_1_285' title='bbox 1685 2540 1872 2580; x_wconf 90' lang='lat' dir='ltr'><strong>ansam</strong></span> <span class='ocrx_word' id='word_1_286' title='bbox 1903 2525 2191 2595; x_wconf 86' lang='lat' dir='ltr'><strong>arripiant,</strong></span> 
     </span>
    </p>
   </div>
   <div class='ocr_carea' id='block_1_44' title="bbox 613 2615 2193 2688">
    <p class='ocr_par' dir='ltr' id='par_1_44' title="bbox 613 2615 2193 2688">
     <span class='ocr_line' id='line_1_44' title="bbox 613 2615 2193 2688; baseline -0.001 -16"><span class='ocrx_word' id='word_1_287' title='bbox 613 2619 844 2688; x_wconf 83' lang='lat' dir='ltr'><strong>falsique</strong></span> <span class='ocrx_word' id='word_1_288' title='bbox 879 2616 1082 2686; x_wconf 90' lang='lat' dir='ltr'><strong>aliquid</strong></span> <span class='ocrx_word' id='word_1_289' title='bbox 1130 2617 1426 2672; x_wconf 90' lang='lat' dir='ltr'><strong>commenti</strong></span> <span class='ocrx_word' id='word_1_290' title='bbox 1476 2615 1792 2682; x_wconf 89' lang='lat' dir='ltr'><strong>moliantur,</strong></span> <span class='ocrx_word' id='word_1_291' title='bbox 1832 2631 1939 2686; x_wconf 92' lang='lat' dir='ltr'><strong>quo</strong></span> <span class='ocrx_word' id='word_1_292' title='bbox 1981 2616 2193 2672; x_wconf 82' lang='lat' dir='ltr'><strong>ﬁdelem</strong></span> 
     </span>
    </p>
   </div>
   <div class='ocr_carea' id='block_1_45' title="bbox 612 2707 2196 2781">
    <p class='ocr_par' dir='ltr' id='par_1_45' title="bbox 612 2707 2196 2781">
     <span class='ocr_line' id='line_1_45' title="bbox 612 2707 2196 2781; baseline -0.001 -17"><span class='ocrx_word' id='word_1_293' title='bbox 612 2712 824 2781; x_wconf 85' lang='lat' dir='ltr'><strong>plebem</strong></span> <span class='ocrx_word' id='word_1_294' title='bbox 855 2728 882 2764; x_wconf 88' lang='lat' dir='ltr'><strong>a</strong></span> <span class='ocrx_word' id='word_1_295' title='bbox 915 2711 1094 2765; x_wconf 90' lang='lat' dir='ltr'><strong>studio</strong></span> <span class='ocrx_word' id='word_1_296' title='bbox 1126 2717 1398 2765; x_wconf 83' lang='lat' dir='ltr'><strong>avertant.</strong></span> <span class='ocrx_word' id='word_1_297' title='bbox 1430 2707 1476 2764; x_wconf 90' lang='grc' dir='ltr'><strong>Ο</strong></span> <span class='ocrx_word' id='word_1_298' title='bbox 1505 2707 1864 2764; x_wconf 79' lang='lat' dir='ltr'><strong>excellentem</strong></span> <span class='ocrx_word' id='word_1_299' title='bbox 1901 2708 2196 2764; x_wconf 89' lang='lat' dir='ltr'><strong>malitiaml</strong></span> 
     </span>
    </p>
   </div>
   <div class='ocr_carea' id='block_1_46' title="bbox 615 2798 2193 2869">
    <p class='ocr_par' dir='ltr' id='par_1_46' title="bbox 615 2798 2193 2869">
     <span class='ocr_line' id='line_1_46' title="bbox 615 2798 2193 2869; baseline 0 -17"><span class='ocrx_word' id='word_1_300' title='bbox 615 2800 934 2869; x_wconf 80' lang='lat' dir='ltr'><strong>Depugnare</strong></span> <span class='ocrx_word' id='word_1_301' title='bbox 963 2811 1159 2854; x_wconf 88' lang='lat' dir='ltr'><strong>contra</strong></span> <span class='ocrx_word' id='word_1_302' title='bbox 1208 2799 1520 2863; x_wconf 73' lang='lat' dir='ltr'><strong>veritatem;</strong></span> <span class='ocrx_word' id='word_1_303' title='bbox 1560 2812 1662 2853; x_wconf 88' lang='lat' dir='ltr'><strong>nec</strong></span> <span class='ocrx_word' id='word_1_304' title='bbox 1695 2798 1924 2853; x_wconf 87' lang='lat' dir='ltr'><strong>adorare</strong></span> <span class='ocrx_word' id='word_1_305' title='bbox 1953 2799 2193 2853; x_wconf 89' lang='lat' dir='ltr'><strong>omnium</strong></span> 
     </span>
    </p>
   </div>
   <div class='ocr_carea' id='block_1_47' title="bbox 613 2889 2194 2959">
    <p class='ocr_par' dir='ltr' id='par_1_47' title="bbox 613 2889 2194 2959">
     <span class='ocr_line' id='line_1_47' title="bbox 613 2889 2194 2959; baseline -0.001 -14"><span class='ocrx_word' id='word_1_306' title='bbox 613 2892 989 2959; x_wconf 77' lang='lat' dir='ltr'><strong>conditorem;</strong></span> <span class='ocrx_word' id='word_1_307' title='bbox 1023 2891 1117 2945; x_wconf 91' lang='lat' dir='ltr'><strong>sed</strong></span> <span class='ocrx_word' id='word_1_308' title='bbox 1149 2889 1394 2946; x_wconf 85' lang='lat' dir='ltr'><strong>benelico</strong></span> <span class='ocrx_word' id='word_1_309' title='bbox 1429 2891 1715 2946; x_wconf 87' lang='lat' dir='ltr'><strong>detrahere</strong></span> <span class='ocrx_word' id='word_1_310' title='bbox 1753 2908 1766 2944; x_wconf 91' lang='lat'><strong>:</strong></span> <span class='ocrx_word' id='word_1_311' title='bbox 1799 2905 1905 2946; x_wconf 85' lang='lat' dir='ltr'><strong>non</strong></span> <span class='ocrx_word' id='word_1_312' title='bbox 1933 2889 2194 2945; x_wconf 86' lang='lat' dir='ltr'><strong>admirari</strong></span> 
     </span>
    </p>
   </div>
   <div class='ocr_carea' id='block_1_48' title="bbox 614 2981 2196 3055">
    <p class='ocr_par' dir='ltr' id='par_1_48' title="bbox 614 2981 2196 3055">
     <span class='ocr_line' id='line_1_48' title="bbox 614 2981 2196 3055; baseline -0.003 -15"><span class='ocrx_word' id='word_1_313' title='bbox 614 2983 930 3055; x_wconf 85' lang='lat' dir='ltr'><strong>potentiam,</strong></span> <span class='ocrx_word' id='word_1_314' title='bbox 958 2983 1055 3038; x_wconf 90' lang='lat' dir='ltr'><strong>sed</strong></span> <span class='ocrx_word' id='word_1_315' title='bbox 1082 2983 1267 3038; x_wconf 88' lang='lat' dir='ltr'><strong>conari</strong></span> <span class='ocrx_word' id='word_1_316' title='bbox 1299 2992 1449 3053; x_wconf 76' lang='lat' dir='ltr'><strong>gesta</strong></span> <span class='ocrx_word' id='word_1_317' title='bbox 1479 2982 1714 3038; x_wconf 88' lang='lat' dir='ltr'><strong>elevare.</strong></span> <span class='ocrx_word' id='word_1_318' title='bbox 1741 2981 1962 3038; x_wconf 85' lang='lat' dir='ltr'><strong>Credite</strong></span> <span class='ocrx_word' id='word_1_319' title='bbox 1992 2981 2076 3038; x_wconf 86' lang='lat' dir='ltr'><strong>vel</strong></span> <span class='ocrx_word' id='word_1_320' title='bbox 2102 2996 2196 3051; x_wconf 86' lang='lat' dir='ltr'><strong>pa-</strong></span> 
     </span>
    </p>
   </div>
   <div class='ocr_carea' id='block_1_49' title="bbox 615 3075 2192 3141">
    <p class='ocr_par' dir='ltr' id='par_1_49' title="bbox 615 3075 2192 3141">
     <span class='ocr_line' id='line_1_49' title="bbox 615 3075 2192 3141; baseline -0.001 -10"><span class='ocrx_word' id='word_1_321' title='bbox 615 3077 882 3141; x_wconf 79' lang='lat' dir='ltr'><strong>rentibus,</strong></span> <span class='ocrx_word' id='word_1_322' title='bbox 915 3092 949 3132; x_wconf 94' lang='lat' dir='ltr'><strong>o</strong></span> <span class='ocrx_word' id='word_1_323' title='bbox 972 3075 1262 3141; x_wconf 69' lang='lat' dir='ltr'><strong>Pharisaei,</strong></span> <span class='ocrx_word' id='word_1_324' title='bbox 1294 3078 1376 3131; x_wconf 82' lang='lat' dir='ltr'><strong>sic</strong></span> <span class='ocrx_word' id='word_1_325' title='bbox 1410 3085 1594 3130; x_wconf 92' lang='lat' dir='ltr'><strong>natum</strong></span> <span class='ocrx_word' id='word_1_326' title='bbox 1623 3089 1746 3132; x_wconf 89' lang='lat' dir='ltr'><strong>esse</strong></span> <span class='ocrx_word' id='word_1_327' title='bbox 1777 3091 1980 3132; x_wconf 65' lang='lat' dir='ltr'><strong>caecum</strong></span> <span class='ocrx_word' id='word_1_328' title='bbox 2013 3077 2192 3133; x_wconf 88' lang='lat' dir='ltr'><strong>homi-</strong></span> 
     </span>
    </p>
   </div>
   <div class='ocr_carea' id='block_1_50' title="bbox 613 3167 2189 3238">
    <p class='ocr_par' dir='ltr' id='par_1_50' title="bbox 613 3167 2189 3238">
     <span class='ocr_line' id='line_1_50' title="bbox 613 3167 2189 3238; baseline -0.002 -14"><span class='ocrx_word' id='word_1_329' title='bbox 613 3186 736 3224; x_wconf 71' lang='lat' dir='ltr'><strong>nem</strong></span> <span class='ocrx_word' id='word_1_330' title='bbox 764 3187 779 3235; x_wconf 92' lang='lat'><strong>;</strong></span> <span class='ocrx_word' id='word_1_331' title='bbox 817 3184 1143 3238; x_wconf 88' lang='lat' dir='ltr'><strong>rursumque</strong></span> <span class='ocrx_word' id='word_1_332' title='bbox 1168 3168 1232 3222; x_wconf 91' lang='lat' dir='ltr'><strong>ad</strong></span> <span class='ocrx_word' id='word_1_333' title='bbox 1263 3183 1470 3224; x_wconf 71' lang='lat' dir='ltr'><strong>czecum</strong></span> <span class='ocrx_word' id='word_1_334' title='bbox 1503 3167 1789 3232; x_wconf 89' lang='lat' dir='ltr'><strong>recurrite,</strong></span> <span class='ocrx_word' id='word_1_335' title='bbox 1824 3168 2189 3238; x_wconf 87' lang='lat' dir='ltr'><strong>secundoque,</strong></span> 
     </span>
    </p>
   </div>
   <div class='ocr_carea' id='block_1_51' title="bbox 619 3260 2195 3324">
    <p class='ocr_par' dir='ltr' id='par_1_51' title="bbox 619 3260 2195 3324">
     <span class='ocr_line' id='line_1_51' title="bbox 619 3260 2195 3324; baseline 0.004 -14"><span class='ocrx_word' id='word_1_336' title='bbox 619 3278 680 3314; x_wconf 73' lang='lat' dir='ltr'><strong>ne</strong></span> <span class='ocrx_word' id='word_1_337' title='bbox 723 3263 906 3324; x_wconf 83' lang='lat' dir='ltr'><strong>tertio,</strong></span> <span class='ocrx_word' id='word_1_338' title='bbox 933 3273 1088 3316; x_wconf 86' lang='lat' dir='ltr'><strong>certo</strong></span> <span class='ocrx_word' id='word_1_339' title='bbox 1117 3262 1184 3316; x_wconf 91' lang='lat' dir='ltr'><strong>ab</strong></span> <span class='ocrx_word' id='word_1_340' title='bbox 1215 3275 1280 3316; x_wconf 85' lang='lat' dir='ltr'><strong>eo</strong></span> <span class='ocrx_word' id='word_1_341' title='bbox 1311 3260 1538 3316; x_wconf 87' lang='lat' dir='ltr'><strong>docendi</strong></span> <span class='ocrx_word' id='word_1_342' title='bbox 1559 3260 1736 3316; x_wconf 87' lang='lat' dir='ltr'><strong>malos</strong></span> <span class='ocrx_word' id='word_1_343' title='bbox 1764 3270 1991 3316; x_wconf 86' lang='lat' dir='ltr'><strong>conatus</strong></span> <span class='ocrx_word' id='word_1_344' title='bbox 2019 3276 2083 3315; x_wconf 87' lang='lat' dir='ltr'><strong>ac</strong></span> <span class='ocrx_word' id='word_1_345' title='bbox 2111 3261 2195 3316; x_wconf 87' lang='lat' dir='ltr'><strong>in-</strong></span> 
     </span>
    </p>
   </div>
   <div class='ocr_carea' id='block_1_52' title="bbox 618 3352 2194 3420">
    <p class='ocr_par' dir='ltr' id='par_1_52' title="bbox 618 3352 2194 3420">
     <span class='ocr_line' id='line_1_52' title="bbox 618 3352 2194 3420; baseline 0.001 -14"><span class='ocrx_word' id='word_1_346' title='bbox 618 3353 809 3408; x_wconf 87' lang='lat' dir='ltr'><strong>sidias.</strong></span> <span class='ocrx_word' id='word_1_347' title='bbox 838 3352 938 3407; x_wconf 86' lang='lat' dir='ltr'><strong>Ubi</strong></span> <span class='ocrx_word' id='word_1_348' title='bbox 971 3366 1098 3407; x_wconf 88' lang='lat' dir='ltr'><strong>vero</strong></span> <span class='ocrx_word' id='word_1_349' title='bbox 1126 3353 1333 3420; x_wconf 84' lang='lat' dir='ltr'><strong>primus</strong></span> <span class='ocrx_word' id='word_1_350' title='bbox 1355 3360 1586 3408; x_wconf 80' lang='lat' dir='ltr'><strong>conatus</strong></span> <span class='ocrx_word' id='word_1_351' title='bbox 1610 3367 1715 3407; x_wconf 91' lang='lat' dir='ltr'><strong>non</strong></span> <span class='ocrx_word' id='word_1_352' title='bbox 1748 3354 2092 3417; x_wconf 81' lang='lat' dir='ltr'><strong>successerit,</strong></span> <span class='ocrx_word' id='word_1_353' title='bbox 2126 3354 2194 3408; x_wconf 91' lang='lat' dir='ltr'><strong>ad</strong></span> 
     </span>
    </p>
   </div>
   <div class='ocr_carea' id='block_1_53' title="bbox 614 3441 2192 3510">
    <p class='ocr_par' dir='ltr' id='par_1_53' title="bbox 614 3441 2192 3510">
     <span class='ocr_line' id='line_1_53' title="bbox 614 3441 2192 3510; baseline -0.001 -13"><span class='ocrx_word' id='word_1_354' title='bbox 614 3443 912 3498; x_wconf 79' lang='lat' dir='ltr'><strong>secundum</strong></span> <span class='ocrx_word' id='word_1_355' title='bbox 939 3442 1246 3510; x_wconf 88' lang='lat' dir='ltr'><strong>procedite;</strong></span> <span class='ocrx_word' id='word_1_356' title='bbox 1275 3442 1362 3496; x_wconf 90' lang='lat' dir='ltr'><strong>ubi</strong></span> <span class='ocrx_word' id='word_1_357' title='bbox 1389 3457 1490 3497; x_wconf 89' lang='lat' dir='ltr'><strong>nec</strong></span> <span class='ocrx_word' id='word_1_358' title='bbox 1533 3441 1827 3508; x_wconf 88' lang='lat' dir='ltr'><strong>secundus,</strong></span> <span class='ocrx_word' id='word_1_359' title='bbox 1851 3443 1914 3496; x_wconf 91' lang='lat' dir='ltr'><strong>ad</strong></span> <span class='ocrx_word' id='word_1_360' title='bbox 1939 3443 2192 3510; x_wconf 88' lang='lat' dir='ltr'><strong>tertium;</strong></span> 
     </span>
    </p>
   </div>
   <div class='ocr_carea' id='block_1_54' title="bbox 621 3533 2194 3605">
    <p class='ocr_par' dir='ltr' id='par_1_54' title="bbox 621 3533 2194 3605">
     <span class='ocr_line' id='line_1_54' title="bbox 621 3533 2194 3605; baseline 0.003 -19"><span class='ocrx_word' id='word_1_361' title='bbox 621 3534 711 3589; x_wconf 90' lang='lat' dir='ltr'><strong>ubi</strong></span> <span class='ocrx_word' id='word_1_362' title='bbox 745 3549 843 3588; x_wconf 92' lang='lat' dir='ltr'><strong>nec</strong></span> <span class='ocrx_word' id='word_1_363' title='bbox 873 3534 1089 3596; x_wconf 88' lang='lat' dir='ltr'><strong>tertius,</strong></span> <span class='ocrx_word' id='word_1_364' title='bbox 1113 3533 1368 3604; x_wconf 90' lang='lat' dir='ltr'><strong>deinceps</strong></span> <span class='ocrx_word' id='word_1_365' title='bbox 1395 3535 1458 3588; x_wconf 87' lang='lat' dir='ltr'><strong>ad</strong></span> <span class='ocrx_word' id='word_1_366' title='bbox 1481 3542 1759 3603; x_wconf 88' lang='lat' dir='ltr'><strong>quartum.</strong></span> <span class='ocrx_word' id='word_1_367' title='bbox 1787 3534 1992 3589; x_wconf 76' lang='lat' dir='ltr'><strong>Astuta:</strong></span> <span class='ocrx_word' id='word_1_368' title='bbox 2020 3535 2194 3605; x_wconf 85' lang='lat' dir='ltr'><strong>volpis</strong></span> 
     </span>
    </p>
   </div>
   <div class='ocr_carea' id='block_1_55' title="bbox 615 3624 2192 3694">
    <p class='ocr_par' dir='ltr' id='par_1_55' title="bbox 615 3624 2192 3694">
     <span class='ocr_line' id='line_1_55' title="bbox 615 3624 2192 3694; baseline -0.001 -12"><span class='ocrx_word' id='word_1_369' title='bbox 615 3641 810 3682; x_wconf 88' lang='lat' dir='ltr'><strong>cursus</strong></span> <span class='ocrx_word' id='word_1_370' title='bbox 835 3635 1054 3680; x_wconf 79' lang='lat' dir='ltr'><strong>versate</strong></span> <span class='ocrx_word' id='word_1_371' title='bbox 1083 3641 1098 3679; x_wconf 90' lang='lat'><strong>:</strong></span> <span class='ocrx_word' id='word_1_372' title='bbox 1129 3639 1194 3680; x_wconf 90' lang='lat' dir='ltr'><strong>ac</strong></span> <span class='ocrx_word' id='word_1_373' title='bbox 1223 3625 1440 3694; x_wconf 85' lang='lat' dir='ltr'><strong>quidem</strong></span> <span class='ocrx_word' id='word_1_374' title='bbox 1471 3624 1616 3678; x_wconf 91' lang='lat' dir='ltr'><strong>omni</strong></span> <span class='ocrx_word' id='word_1_375' title='bbox 1655 3637 1754 3678; x_wconf 72' lang='lat' dir='ltr'><strong>vos</strong></span> <span class='ocrx_word' id='word_1_376' title='bbox 1787 3634 1940 3691; x_wconf 90' lang='lat' dir='ltr'><strong>parte</strong></span> <span class='ocrx_word' id='word_1_377' title='bbox 1979 3638 2076 3679; x_wconf 90' lang='lat' dir='ltr'><strong>oeu</strong></span> <span class='ocrx_word' id='word_1_378' title='bbox 2110 3626 2192 3680; x_wconf 86' lang='lat' dir='ltr'><strong>in-</strong></span> 
     </span>
    </p>
   </div>
   <div class='ocr_carea' id='block_1_56' title="bbox 617 3715 2197 3790">
    <p class='ocr_par' dir='ltr' id='par_1_56' title="bbox 617 3715 2197 3790">
     <span class='ocr_line' id='line_1_56' title="bbox 617 3715 2197 3790; baseline -0.001 -16"><span class='ocrx_word' id='word_1_379' title='bbox 617 3719 819 3790; x_wconf 81' lang='lat' dir='ltr'><strong>dagine</strong></span> <span class='ocrx_word' id='word_1_380' title='bbox 846 3718 1070 3789; x_wconf 84' lang='lat' dir='ltr'><strong>cingunt</strong></span> <span class='ocrx_word' id='word_1_381' title='bbox 1095 3717 1343 3773; x_wconf 84' lang='lat' dir='ltr'><strong>veritatis</strong></span> <span class='ocrx_word' id='word_1_382' title='bbox 1373 3717 1549 3782; x_wconf 84' lang='lat' dir='ltr'><strong>retia;</strong></span> <span class='ocrx_word' id='word_1_383' title='bbox 1579 3731 1680 3770; x_wconf 89' lang='lat' dir='ltr'><strong>nec</strong></span> <span class='ocrx_word' id='word_1_384' title='bbox 1712 3715 1825 3772; x_wconf 87' lang='lat' dir='ltr'><strong>fieri</strong></span> <span class='ocrx_word' id='word_1_385' title='bbox 1853 3725 2050 3786; x_wconf 85' lang='lat' dir='ltr'><strong>potest,</strong></span> <span class='ocrx_word' id='word_1_386' title='bbox 2081 3726 2140 3771; x_wconf 94' lang='lat' dir='ltr'><strong>ut</strong></span> <span class='ocrx_word' id='word_1_387' title='bbox 2167 3733 2197 3772; x_wconf 93' lang='lat' dir='ltr'><strong>a</strong></span> 
     </span>
    </p>
   </div>
   <div class='ocr_carea' id='block_1_57' title="bbox 545 3807 2198 3865">
    <p class='ocr_par' dir='ltr' id='par_1_57' title="bbox 545 3807 2198 3865">
     <span class='ocr_line' id='line_1_57' title="bbox 545 3807 2198 3865; baseline -0.001 0"><span class='ocrx_word' id='word_1_388' title='bbox 545 3831 563 3844; x_wconf 83' lang='lat'><strong>-</strong></span> <span class='ocrx_word' id='word_1_389' title='bbox 616 3809 882 3865; x_wconf 86' lang='lat' dir='ltr'><strong>miraculo</strong></span> <span class='ocrx_word' id='word_1_390' title='bbox 909 3809 1112 3863; x_wconf 80' lang='lat' dir='ltr'><strong>exitum</strong></span> <span class='ocrx_word' id='word_1_391' title='bbox 1145 3807 1457 3863; x_wconf 82' lang='lat' dir='ltr'><strong>inveniatis.</strong></span> <span class='ocrx_word' id='word_1_392' title='bbox 1490 3807 1778 3864; x_wconf 85' lang='lat' dir='ltr'><strong>Enimvero</strong></span> <span class='ocrx_word' id='word_1_393' title='bbox 1807 3810 2010 3864; x_wconf 87' lang='lat' dir='ltr'><strong>nullam</strong></span> <span class='ocrx_word' id='word_1_394' title='bbox 2037 3811 2198 3865; x_wconf 82' lang='lat' dir='ltr'><strong>omit-</strong></span> 
     </span>
    </p>
   </div>
   <div class='ocr_carea' id='block_1_58' title="bbox 618 3900 2199 3972">
    <p class='ocr_par' dir='ltr' id='par_1_58' title="bbox 618 3900 2199 3972">
     <span class='ocr_line' id='line_1_58' title="bbox 618 3900 2199 3972; baseline 0.002 -18"><span class='ocrx_word' id='word_1_395' title='bbox 618 3903 715 3956; x_wconf 89' lang='lat' dir='ltr'><strong>tite</strong></span> <span class='ocrx_word' id='word_1_396' title='bbox 746 3901 1021 3968; x_wconf 86' lang='lat' dir='ltr'><strong>strophem</strong></span> <span class='ocrx_word' id='word_1_397' title='bbox 1061 3913 1275 3954; x_wconf 66' lang='lat' dir='ltr'><strong>aranea:</strong></span> <span class='ocrx_word' id='word_1_398' title='bbox 1309 3909 1552 3955; x_wconf 80' lang='lat' dir='ltr'><strong>texentes</strong></span> <span class='ocrx_word' id='word_1_399' title='bbox 1579 3900 1763 3966; x_wconf 88' lang='lat' dir='ltr'><strong>telam,</strong></span> <span class='ocrx_word' id='word_1_400' title='bbox 1787 3903 1934 3957; x_wconf 86' lang='lat' dir='ltr'><strong>varie</strong></span> <span class='ocrx_word' id='word_1_401' title='bbox 1958 3903 2199 3972; x_wconf 89' lang='lat' dir='ltr'><strong>quidem,</strong></span> 
     </span>
    </p>
   </div>
   <div class='ocr_carea' id='block_1_59' title="bbox 621 3991 2200 4056">
    <p class='ocr_par' dir='ltr' id='par_1_59' title="bbox 621 3991 2200 4056">
     <span class='ocr_line' id='line_1_59' title="bbox 621 3991 2200 4056; baseline 0.001 -11"><span class='ocrx_word' id='word_1_402' title='bbox 621 3992 871 4045; x_wconf 86' lang='lat' dir='ltr'><strong>imbecilli</strong></span> <span class='ocrx_word' id='word_1_403' title='bbox 904 4001 1082 4044; x_wconf 91' lang='lat' dir='ltr'><strong>tamen</strong></span> <span class='ocrx_word' id='word_1_404' title='bbox 1109 4001 1305 4045; x_wconf 89' lang='lat' dir='ltr'><strong>conatu</strong></span> <span class='ocrx_word' id='word_1_405' title='bbox 1331 4006 1394 4046; x_wconf 89' lang='lat' dir='ltr'><strong>ac</strong></span> <span class='ocrx_word' id='word_1_406' title='bbox 1418 3991 1612 4056; x_wconf 87' lang='lat' dir='ltr'><strong>inutili,</strong></span> <span class='ocrx_word' id='word_1_407' title='bbox 1655 3992 1876 4047; x_wconf 89' lang='lat' dir='ltr'><strong>insidias</strong></span> <span class='ocrx_word' id='word_1_408' title='bbox 1905 4001 2200 4048; x_wconf 89' lang='lat' dir='ltr'><strong>struentes.</strong></span> 
     </span>
    </p>
   </div>
   <div class='ocr_carea' id='block_1_60' title="bbox 2292 1788 3886 1867">
    <p class='ocr_par' dir='ltr' id='par_1_60' title="bbox 2292 1788 3886 1867">
     <span class='ocr_line' id='line_1_60' title="bbox 2292 1788 3886 1867; baseline -0.005 -18"><span class='ocrx_word' id='word_1_409' title='bbox 2292 1794 2529 1867; x_wconf 81' lang='grc' dir='ltr'>Χριστὸς</span> <span class='ocrx_word' id='word_1_410' title='bbox 2562 1796 2591 1847; x_wconf 86' lang='grc' dir='ltr'><strong>ό</strong></span> <span class='ocrx_word' id='word_1_411' title='bbox 2637 1793 2940 1865; x_wconf 79' lang='grc' dir='ltr'>ἐνεργήσας</span> <span class='ocrx_word' id='word_1_412' title='bbox 2971 1791 3070 1865; x_wconf 78' lang='grc' dir='ltr'>τὴν</span> <span class='ocrx_word' id='word_1_413' title='bbox 3097 1790 3415 1862; x_wconf 80' lang='grc' dir='ltr'>θεραπείαν.</span> <span class='ocrx_word' id='word_1_414' title='bbox 3451 1789 3668 1860; x_wconf 82' lang='grc' dir='ltr'>Ἐπειδὴ</span> <span class='ocrx_word' id='word_1_415' title='bbox 3702 1789 3760 1841; x_wconf 78' lang='grc' dir='ltr'>δὲ</span> <span class='ocrx_word' id='word_1_416' title='bbox 3789 1788 3886 1842; x_wconf 78' lang='grc' dir='ltr'>ἀν-</span> 
     </span>
    </p>
   </div>
   <div class='ocr_carea' id='block_1_61' title="bbox 2291 1880 3887 1959">
    <p class='ocr_par' dir='ltr' id='par_1_61' title="bbox 2291 1880 3887 1959">
     <span class='ocr_line' id='line_1_61' title="bbox 2291 1880 3887 1959; baseline -0.007 -19"><span class='ocrx_word' id='word_1_417' title='bbox 2291 1887 2510 1959; x_wconf 86' lang='grc' dir='ltr'>θρωπος</span> <span class='ocrx_word' id='word_1_418' title='bbox 2544 1886 2640 1940; x_wconf 84' lang='grc' dir='ltr'>τὸν</span> <span class='ocrx_word' id='word_1_419' title='bbox 2666 1885 2897 1956; x_wconf 83' lang='grc' dir='ltr'><strong>Σωτῆρα</strong></span> <span class='ocrx_word' id='word_1_420' title='bbox 2917 1883 3068 1948; x_wconf 88' lang='grc' dir='ltr'>ἐϐόα,</span> <span class='ocrx_word' id='word_1_421' title='bbox 3107 1883 3204 1936; x_wconf 75' lang='grc' dir='ltr'>καὶ</span> <span class='ocrx_word' id='word_1_422' title='bbox 3234 1885 3302 1954; x_wconf 76' lang='grc' dir='ltr'><strong>τῇ</strong></span> <span class='ocrx_word' id='word_1_423' title='bbox 3353 1881 3636 1953; x_wconf 79' lang='grc' dir='ltr'>ὁμολογίᾳ,</span> <span class='ocrx_word' id='word_1_424' title='bbox 3665 1880 3762 1936; x_wconf 75' lang='grc' dir='ltr'>καὶ</span> <span class='ocrx_word' id='word_1_425' title='bbox 3803 1880 3887 1950; x_wconf 72' lang='grc' dir='ltr'>τῷ</span> 
     </span>
    </p>
   </div>
   <div class='ocr_carea' id='block_1_62' title="bbox 2290 1966 3889 2052">
    <p class='ocr_par' dir='ltr' id='par_1_62' title="bbox 2290 1966 3889 2052">
     <span class='ocr_line' id='line_1_62' title="bbox 2290 1966 3889 2052; baseline -0.006 -18"><span class='ocrx_word' id='word_1_426' title='bbox 2290 1980 2610 2052; x_wconf 80' lang='grc' dir='ltr'>κηρύγματι</span> <span class='ocrx_word' id='word_1_427' title='bbox 2649 1966 2924 2031; x_wconf 84' lang='grc' dir='ltr'>ἀντεδίδου</span> <span class='ocrx_word' id='word_1_428' title='bbox 2962 1977 3064 2050; x_wconf 82' lang='grc' dir='ltr'>τὴν</span> <span class='ocrx_word' id='word_1_429' title='bbox 3101 1976 3285 2048; x_wconf 84' lang='grc' dir='ltr'>χάριν,</span> <span class='ocrx_word' id='word_1_430' title='bbox 3339 1975 3431 2028; x_wconf 68' lang='grc' dir='ltr'>καὶ</span> <span class='ocrx_word' id='word_1_431' title='bbox 3459 1973 3550 2028; x_wconf 70' lang='grc' dir='ltr'>τὸν</span> <span class='ocrx_word' id='word_1_432' title='bbox 3579 1973 3889 2044; x_wconf 79' lang='grc' dir='ltr'>εὐεργέτην</span> 
     </span>
    </p>
   </div>
   <div class='ocr_carea' id='block_1_63' title="bbox 2292 2065 3887 2144">
    <p class='ocr_par' dir='ltr' id='par_1_63' title="bbox 2292 2065 3887 2144">
     <span class='ocr_line' id='line_1_63' title="bbox 2292 2065 3887 2144; baseline -0.006 -18"><span class='ocrx_word' id='word_1_433' title='bbox 2292 2071 2680 2144; x_wconf 77' lang='grc' dir='ltr'>ἐδημοσίευεν·</span> <span class='ocrx_word' id='word_1_434' title='bbox 2713 2069 3190 2142; x_wconf 81' lang='grc' dir='ltr'>ἀποφραττόμενοι</span> <span class='ocrx_word' id='word_1_435' title='bbox 3229 2066 3299 2120; x_wconf 85' lang='grc' dir='ltr'><strong>τά</strong></span> <span class='ocrx_word' id='word_1_436' title='bbox 3325 2067 3592 2137; x_wconf 84' lang='grc' dir='ltr'>στόματα,</span> <span class='ocrx_word' id='word_1_437' title='bbox 3620 2065 3715 2118; x_wconf 73' lang='grc' dir='ltr'>καὶ</span> <span class='ocrx_word' id='word_1_438' title='bbox 3743 2065 3887 2134; x_wconf 69' lang='grc' dir='ltr'>ἰλιγο</span> 
     </span>
    </p>
   </div>
   <div class='ocr_carea' id='block_1_64' title="bbox 2292 2158 3886 2238">
    <p class='ocr_par' dir='ltr' id='par_1_64' title="bbox 2292 2158 3886 2238">
     <span class='ocr_line' id='line_1_64' title="bbox 2292 2158 3886 2238; baseline -0.006 -19"><span class='ocrx_word' id='word_1_439' title='bbox 2292 2166 2520 2236; x_wconf 88' lang='grc' dir='ltr'>γιῶντες</span> <span class='ocrx_word' id='word_1_440' title='bbox 2552 2164 2651 2238; x_wconf 76' lang='grc' dir='ltr'><strong>την</strong></span> <span class='ocrx_word' id='word_1_441' title='bbox 2674 2163 2923 2236; x_wconf 83' lang='grc' dir='ltr'>γνώμην,</span> <span class='ocrx_word' id='word_1_442' title='bbox 2954 2163 3054 2216; x_wconf 78' lang='grc' dir='ltr'>οὐκ</span> <span class='ocrx_word' id='word_1_443' title='bbox 3077 2161 3297 2233; x_wconf 74' lang='grc' dir='ltr'>ἔχοντες</span> <span class='ocrx_word' id='word_1_444' title='bbox 3316 2161 3344 2214; x_wconf 88' lang='grc' dir='ltr'><strong>δ</strong></span> <span class='ocrx_word' id='word_1_445' title='bbox 3372 2177 3423 2213; x_wconf 89' lang='grc' dir='ltr'><strong>τι</strong></span> <span class='ocrx_word' id='word_1_446' title='bbox 3445 2158 3540 2214; x_wconf 75' lang='grc' dir='ltr'>καὶ</span> <span class='ocrx_word' id='word_1_447' title='bbox 3570 2159 3886 2230; x_wconf 71' lang='grc' dir='ltr'>πράξωσιν,</span> 
     </span>
    </p>
   </div>
   <div class='ocr_carea' id='block_1_65' title="bbox 2292 2250 3886 2330">
    <p class='ocr_par' dir='ltr' id='par_1_65' title="bbox 2292 2250 3886 2330">
     <span class='ocr_line' id='line_1_65' title="bbox 2292 2250 3886 2330; baseline -0.007 -18"><span class='ocrx_word' id='word_1_448' title='bbox 2292 2257 2387 2312; x_wconf 76' lang='grc' dir='ltr'>ἐπὶ</span> <span class='ocrx_word' id='word_1_449' title='bbox 2413 2259 2511 2330; x_wconf 79' lang='grc' dir='ltr'>τὴν</span> <span class='ocrx_word' id='word_1_450' title='bbox 2539 2257 2636 2311; x_wconf 81' lang='grc' dir='ltr'>τοῦ</span> <span class='ocrx_word' id='word_1_451' title='bbox 2664 2256 2872 2320; x_wconf 84' lang='grc' dir='ltr'>πάθους</span> <span class='ocrx_word' id='word_1_452' title='bbox 2898 2257 3060 2311; x_wconf 88' lang='grc' dir='ltr'>πάλιν</span> <span class='ocrx_word' id='word_1_453' title='bbox 3090 2253 3449 2326; x_wconf 80' lang='grc' dir='ltr'>ἀνατρέχουσι</span> <span class='ocrx_word' id='word_1_454' title='bbox 3475 2250 3726 2325; x_wconf 80' lang='grc' dir='ltr'>[ζήτησιν</span> <span class='ocrx_word' id='word_1_455' title='bbox 3744 2268 3760 2280; x_wconf 91' lang='grc'><strong>·</strong></span> <span class='ocrx_word' id='word_1_456' title='bbox 3790 2251 3886 2304; x_wconf 74' lang='grc' dir='ltr'>καὶ</span> 
     </span>
    </p>
   </div>
   <div class='ocr_carea' id='block_1_66' title="bbox 2294 2345 3888 2421">
    <p class='ocr_par' dir='ltr' id='par_1_66' title="bbox 2294 2345 3888 2421">
     <span class='ocr_line' id='line_1_66' title="bbox 2294 2345 3888 2421; baseline -0.006 -17"><span class='ocrx_word' id='word_1_457' title='bbox 2294 2353 2343 2404; x_wconf 87' lang='grc' dir='ltr'><strong>εί</strong></span> <span class='ocrx_word' id='word_1_458' title='bbox 2385 2351 2451 2404; x_wconf 81' lang='grc' dir='ltr'><strong>ἐκ</strong></span> <span class='ocrx_word' id='word_1_459' title='bbox 2495 2349 2720 2421; x_wconf 81' lang='grc' dir='ltr'>γενετῆς</span> <span class='ocrx_word' id='word_1_460' title='bbox 2769 2348 2990 2418; x_wconf 83' lang='grc' dir='ltr'>τυφλὸς,</span> <span class='ocrx_word' id='word_1_461' title='bbox 3033 2346 3194 2400; x_wconf 79' lang='grc' dir='ltr'>τοῦτο</span> <span class='ocrx_word' id='word_1_462' title='bbox 3247 2345 3726 2418; x_wconf 82' lang='grc' dir='ltr'>περιεργάζονται,</span> <span class='ocrx_word' id='word_1_463' title='bbox 3789 2345 3888 2396; x_wconf 74' lang='grc' dir='ltr'>καὶ</span> 
     </span>
    </p>
   </div>
   <div class='ocr_carea' id='block_1_67' title="bbox 2294 2435 3889 2514">
    <p class='ocr_par' dir='ltr' id='par_1_67' title="bbox 2294 2435 3889 2514">
     <span class='ocr_line' id='line_1_67' title="bbox 2294 2435 3889 2514; baseline -0.006 -18"><span class='ocrx_word' id='word_1_464' title='bbox 2294 2443 2424 2506; x_wconf 74' lang='grc' dir='ltr'>τοὺς</span> <span class='ocrx_word' id='word_1_465' title='bbox 2443 2444 2620 2514; x_wconf 83' lang='grc' dir='ltr'>γονεῖς</span> <span class='ocrx_word' id='word_1_466' title='bbox 2645 2439 2915 2513; x_wconf 80' lang='grc' dir='ltr'>ἀναζητοῦ</span> <span class='ocrx_word' id='word_1_467' title='bbox 2924 2458 2975 2493; x_wconf 90' lang='grc' dir='ltr'><strong>σι</strong></span> <span class='ocrx_word' id='word_1_468' title='bbox 2989 2439 3082 2494; x_wconf 75' lang='grc' dir='ltr'>τοῦ</span> <span class='ocrx_word' id='word_1_469' title='bbox 3099 2437 3388 2510; x_wconf 82' lang='grc' dir='ltr'>ἀνθρώπου</span> <span class='ocrx_word' id='word_1_470' title='bbox 3403 2435 3493 2509; x_wconf 80' lang='grc'><strong>⁸³],</strong></span> <span class='ocrx_word' id='word_1_471' title='bbox 3511 2436 3606 2489; x_wconf 73' lang='grc' dir='ltr'>καὶ</span> <span class='ocrx_word' id='word_1_472' title='bbox 3630 2435 3889 2506; x_wconf 86' lang='grc' dir='ltr'>ἀκριϐεῖς</span> 
     </span>
    </p>
   </div>
   <div class='ocr_carea' id='block_1_68' title="bbox 2299 2526 3890 2602">
    <p class='ocr_par' dir='ltr' id='par_1_68' title="bbox 2299 2526 3890 2602">
     <span class='ocr_line' id='line_1_68' title="bbox 2299 2526 3890 2602; baseline -0.008 -13"><span class='ocrx_word' id='word_1_473' title='bbox 2299 2535 2586 2602; x_wconf 73' lang='grc' dir='ltr'>ἐξετασταὶ</span> <span class='ocrx_word' id='word_1_474' title='bbox 2625 2533 2864 2602; x_wconf 89' lang='grc' dir='ltr'>γίνονται</span> <span class='ocrx_word' id='word_1_475' title='bbox 2904 2533 3011 2587; x_wconf 87' lang='grc' dir='ltr'><strong>τῶν</strong></span> <span class='ocrx_word' id='word_1_476' title='bbox 3051 2531 3172 2586; x_wconf 77' lang='grc' dir='ltr'>καθ’</span> <span class='ocrx_word' id='word_1_477' title='bbox 3221 2530 3469 2591; x_wconf 75' lang='grc' dir='ltr'>ἕκαστον,</span> <span class='ocrx_word' id='word_1_478' title='bbox 3521 2529 3618 2597; x_wconf 77' lang='grc' dir='ltr'><strong>οὐχ</strong></span> <span class='ocrx_word' id='word_1_479' title='bbox 3666 2527 3757 2578; x_wconf 79' lang='grc' dir='ltr'>ἵνα</span> <span class='ocrx_word' id='word_1_480' title='bbox 3799 2526 3890 2596; x_wconf 84' lang='grc' dir='ltr'><strong>βε-</strong></span> 
     </span>
    </p>
   </div>
   <div class='ocr_carea' id='block_1_69' title="bbox 2296 2618 3887 2698">
    <p class='ocr_par' dir='ltr' id='par_1_69' title="bbox 2296 2618 3887 2698">
     <span class='ocr_line' id='line_1_69' title="bbox 2296 2618 3887 2698; baseline -0.007 -17"><span class='ocrx_word' id='word_1_481' title='bbox 2296 2625 2574 2681; x_wconf 83' lang='grc' dir='ltr'>ϐαιώσωσι</span> <span class='ocrx_word' id='word_1_482' title='bbox 2599 2627 2660 2680; x_wconf 79' lang='grc' dir='ltr'>τὸ</span> <span class='ocrx_word' id='word_1_483' title='bbox 2681 2625 2946 2698; x_wconf 81' lang='grc' dir='ltr'>πραχθὲν,</span> <span class='ocrx_word' id='word_1_484' title='bbox 2978 2625 3092 2679; x_wconf 70' lang='grc' dir='ltr'>ἀλλ’</span> <span class='ocrx_word' id='word_1_485' title='bbox 3124 2625 3211 2676; x_wconf 72' lang='grc' dir='ltr'>ἵνα</span> <span class='ocrx_word' id='word_1_486' title='bbox 3243 2622 3557 2693; x_wconf 66' lang='grc' dir='ltr'>ἀνατροπὴν</span> <span class='ocrx_word' id='word_1_487' title='bbox 3585 2619 3752 2672; x_wconf 82' lang='grc' dir='ltr'>ποθεν</span> <span class='ocrx_word' id='word_1_488' title='bbox 3788 2618 3887 2671; x_wconf 76' lang='grc' dir='ltr'>τοῦ</span> 
     </span>
    </p>
   </div>
   <div class='ocr_carea' id='block_1_70' title="bbox 2297 2711 3890 2788">
    <p class='ocr_par' dir='ltr' id='par_1_70' title="bbox 2297 2711 3890 2788">
     <span class='ocr_line' id='line_1_70' title="bbox 2297 2711 3890 2788; baseline -0.006 -18"><span class='ocrx_word' id='word_1_489' title='bbox 2297 2716 2604 2788; x_wconf 86' lang='grc' dir='ltr'>θαυμασίου</span> <span class='ocrx_word' id='word_1_490' title='bbox 2647 2717 2884 2781; x_wconf 88' lang='grc' dir='ltr'>λάϐωσι,</span> <span class='ocrx_word' id='word_1_491' title='bbox 2937 2713 3231 2784; x_wconf 71' lang='grc' dir='ltr'>καὶψευδῆ</span> <span class='ocrx_word' id='word_1_492' title='bbox 3276 2729 3396 2766; x_wconf 90' lang='grc' dir='ltr'>τινα</span> <span class='ocrx_word' id='word_1_493' title='bbox 3439 2711 3743 2781; x_wconf 81' lang='grc' dir='ltr'>σκευωρίαν</span> <span class='ocrx_word' id='word_1_494' title='bbox 3794 2726 3890 2761; x_wconf 82' lang='grc' dir='ltr'>κα-</span> 
     </span>
    </p>
   </div>
   <div class='ocr_carea' id='block_1_71' title="bbox 2297 2803 3889 2876">
    <p class='ocr_par' dir='ltr' id='par_1_71' title="bbox 2297 2803 3889 2876">
     <span class='ocr_line' id='line_1_71' title="bbox 2297 2803 3889 2876; baseline -0.006 -14"><span class='ocrx_word' id='word_1_495' title='bbox 2297 2808 2736 2873; x_wconf 86' lang='grc' dir='ltr'>τασκευάσαντες</span> <span class='ocrx_word' id='word_1_496' title='bbox 2791 2809 2854 2861; x_wconf 81' lang='grc' dir='ltr'><strong>τὸ</strong></span> <span class='ocrx_word' id='word_1_497' title='bbox 2880 2807 3134 2860; x_wconf 82' lang='grc' dir='ltr'>πιστεῦον</span> <span class='ocrx_word' id='word_1_498' title='bbox 3165 2805 3368 2876; x_wconf 79' lang='grc' dir='ltr'>πλῆθος</span> <span class='ocrx_word' id='word_1_499' title='bbox 3401 2805 3501 2874; x_wconf 77' lang='grc' dir='ltr'>τῆς</span> <span class='ocrx_word' id='word_1_500' title='bbox 3537 2803 3716 2874; x_wconf 73' lang='grc' dir='ltr'>ὁρμῆς</span> <span class='ocrx_word' id='word_1_501' title='bbox 3746 2803 3889 2854; x_wconf 76' lang='grc' dir='ltr'>ἀνα-</span> 
     </span>
    </p>
   </div>
   <div class='ocr_carea' id='block_1_72' title="bbox 2295 2894 3889 2971">
    <p class='ocr_par' dir='ltr' id='par_1_72' title="bbox 2295 2894 3889 2971">
     <span class='ocr_line' id='line_1_72' title="bbox 2295 2894 3889 2971; baseline -0.004 -20"><span class='ocrx_word' id='word_1_502' title='bbox 2295 2898 2592 2971; x_wconf 70' lang='grc' dir='ltr'>τρέψωσιν.</span> <span class='ocrx_word' id='word_1_503' title='bbox 2624 2901 2689 2952; x_wconf 86' lang='grc' dir='ltr'>Ὦ</span> <span class='ocrx_word' id='word_1_504' title='bbox 2726 2899 2925 2961; x_wconf 81' lang='grc' dir='ltr'>κακίας</span> <span class='ocrx_word' id='word_1_505' title='bbox 2956 2896 3262 2970; x_wconf 71' lang='grc' dir='ltr'>ὑπερϐολήί</span> <span class='ocrx_word' id='word_1_506' title='bbox 3293 2896 3578 2967; x_wconf 78' lang='grc' dir='ltr'>Μάχεσθαι</span> <span class='ocrx_word' id='word_1_507' title='bbox 3617 2894 3759 2965; x_wconf 68' lang='grc' dir='ltr'>πρὸς</span> <span class='ocrx_word' id='word_1_508' title='bbox 3789 2894 3889 2964; x_wconf 75' lang='grc' dir='ltr'>τὴν</span> 
     </span>
    </p>
   </div>
   <div class='ocr_carea' id='block_1_73' title="bbox 2298 2985 3886 3064">
    <p class='ocr_par' dir='ltr' id='par_1_73' title="bbox 2298 2985 3886 3064">
     <span class='ocr_line' id='line_1_73' title="bbox 2298 2985 3886 3064; baseline -0.006 -18"><span class='ocrx_word' id='word_1_509' title='bbox 2298 2993 2577 3064; x_wconf 79' lang='grc' dir='ltr'>ἀλήθειαν,</span> <span class='ocrx_word' id='word_1_510' title='bbox 2607 2993 2703 3046; x_wconf 75' lang='grc' dir='ltr'>καὶ</span> <span class='ocrx_word' id='word_1_511' title='bbox 2735 2991 2808 3063; x_wconf 79' lang='grc' dir='ltr'>μὴ</span> <span class='ocrx_word' id='word_1_512' title='bbox 2849 2991 3174 3063; x_wconf 81' lang='grc' dir='ltr'>προσκυνεῖν</span> <span class='ocrx_word' id='word_1_513' title='bbox 3204 2987 3294 3042; x_wconf 79' lang='grc' dir='ltr'>τὸν</span> <span class='ocrx_word' id='word_1_514' title='bbox 3323 2989 3500 3042; x_wconf 88' lang='grc' dir='ltr'>πάντα</span> <span class='ocrx_word' id='word_1_515' title='bbox 3527 2986 3574 3041; x_wconf 55' lang='lat'><strong>9’</strong></span> <span class='ocrx_word' id='word_1_516' title='bbox 3599 2985 3886 3049; x_wconf 69' lang='grc' dir='ltr'>ποιοῦντα,</span> 
     </span>
    </p>
   </div>
   <div class='ocr_carea' id='block_1_74' title="bbox 2299 3079 3889 3157">
    <p class='ocr_par' dir='ltr' id='par_1_74' title="bbox 2299 3079 3889 3157">
     <span class='ocr_line' id='line_1_74' title="bbox 2299 3079 3889 3157; baseline -0.005 -19"><span class='ocrx_word' id='word_1_517' title='bbox 2299 3085 2434 3139; x_wconf 77' lang='grc' dir='ltr'>ἀλλὰ</span> <span class='ocrx_word' id='word_1_518' title='bbox 2470 3085 2750 3157; x_wconf 81' lang='grc' dir='ltr'>διασύρειν</span> <span class='ocrx_word' id='word_1_519' title='bbox 2803 3083 2895 3137; x_wconf 83' lang='grc' dir='ltr'>τὸν</span> <span class='ocrx_word' id='word_1_520' title='bbox 2951 3081 3284 3155; x_wconf 80' lang='grc' dir='ltr'>εὐεργέτην·</span> <span class='ocrx_word' id='word_1_521' title='bbox 3330 3080 3404 3153; x_wconf 79' lang='grc' dir='ltr'>μὴ</span> <span class='ocrx_word' id='word_1_522' title='bbox 3435 3079 3736 3152; x_wconf 80' lang='grc' dir='ltr'>θαυμάζειν</span> <span class='ocrx_word' id='word_1_523' title='bbox 3789 3080 3889 3151; x_wconf 71' lang='grc' dir='ltr'>τὴν</span> 
     </span>
    </p>
   </div>
   <div class='ocr_carea' id='block_1_75' title="bbox 2295 3169 3886 3246">
    <p class='ocr_par' dir='ltr' id='par_1_75' title="bbox 2295 3169 3886 3246">
     <span class='ocr_line' id='line_1_75' title="bbox 2295 3169 3886 3246; baseline -0.004 -18"><span class='ocrx_word' id='word_1_524' title='bbox 2295 3175 2547 3246; x_wconf 87' lang='grc' dir='ltr'>δύναμιν,</span> <span class='ocrx_word' id='word_1_525' title='bbox 2591 3173 2705 3229; x_wconf 74' lang='grc' dir='ltr'>ἀλλ’</span> <span class='ocrx_word' id='word_1_526' title='bbox 2745 3169 3035 3236; x_wconf 78' lang='grc' dir='ltr'>εὐτελίζειν</span> <span class='ocrx_word' id='word_1_527' title='bbox 3085 3170 3380 3243; x_wconf 74' lang='grc' dir='ltr'>πειρᾶσθαι</span> <span class='ocrx_word' id='word_1_528' title='bbox 3437 3170 3508 3223; x_wconf 81' lang='grc' dir='ltr'><strong>τὰ</strong></span> <span class='ocrx_word' id='word_1_529' title='bbox 3545 3169 3886 3242; x_wconf 75' lang='grc' dir='ltr'>πράγματα.</span> 
     </span>
    </p>
   </div>
   <div class='ocr_carea' id='block_1_76' title="bbox 2300 3261 3891 3339">
    <p class='ocr_par' dir='ltr' id='par_1_76' title="bbox 2300 3261 3891 3339">
     <span class='ocr_line' id='line_1_76' title="bbox 2300 3261 3891 3339; baseline -0.003 -17"><span class='ocrx_word' id='word_1_530' title='bbox 2300 3267 2569 3339; x_wconf 86' lang='grc' dir='ltr'>Πείσθητε</span> <span class='ocrx_word' id='word_1_531' title='bbox 2610 3268 2706 3322; x_wconf 77' lang='grc' dir='ltr'>καὶ</span> <span class='ocrx_word' id='word_1_532' title='bbox 2746 3267 2897 3339; x_wconf 87' lang='grc' dir='ltr'><strong>παρά</strong></span> <span class='ocrx_word' id='word_1_533' title='bbox 2937 3267 3047 3322; x_wconf 87' lang='grc' dir='ltr'><strong>τῶν</strong></span> <span class='ocrx_word' id='word_1_534' title='bbox 3080 3267 3304 3336; x_wconf 81' lang='grc' dir='ltr'>γονέων,</span> <span class='ocrx_word' id='word_1_535' title='bbox 3357 3261 3403 3318; x_wconf 80' lang='grc' dir='ltr'>ὦ</span> <span class='ocrx_word' id='word_1_536' title='bbox 3441 3267 3761 3338; x_wconf 77' lang='grc' dir='ltr'>Φαρισαῖοι,</span> <span class='ocrx_word' id='word_1_537' title='bbox 3807 3266 3891 3317; x_wconf 84' lang='grc' dir='ltr'>ὃτι</span> 
     </span>
    </p>
   </div>
   <div class='ocr_carea' id='block_1_77' title="bbox 2303 3356 3893 3430">
    <p class='ocr_par' dir='ltr' id='par_1_77' title="bbox 2303 3356 3893 3430">
     <span class='ocr_line' id='line_1_77' title="bbox 2303 3356 3893 3430; baseline -0.003 -19"><span class='ocrx_word' id='word_1_538' title='bbox 2303 3357 2442 3430; x_wconf 83' lang='grc' dir='ltr'>μετὰ</span> <span class='ocrx_word' id='word_1_539' title='bbox 2468 3359 2568 3429; x_wconf 83' lang='grc' dir='ltr'>τῆς</span> <span class='ocrx_word' id='word_1_540' title='bbox 2597 3357 2930 3430; x_wconf 77' lang='grc' dir='ltr'>τυφλότητος</span> <span class='ocrx_word' id='word_1_541' title='bbox 2958 3357 3156 3430; x_wconf 81' lang='grc' dir='ltr'>ἐτέχθη</span> <span class='ocrx_word' id='word_1_542' title='bbox 3191 3359 3219 3410; x_wconf 87' lang='grc' dir='ltr'>ὁ</span> <span class='ocrx_word' id='word_1_543' title='bbox 3245 3358 3341 3412; x_wconf 83' lang='grc' dir='ltr'>ἄνθ</span> <span class='ocrx_word' id='word_1_544' title='bbox 3349 3375 3529 3430; x_wconf 84' lang='grc' dir='ltr'>ρωπος</span> <span class='ocrx_word' id='word_1_545' title='bbox 3549 3373 3563 3385; x_wconf 84' lang='grc'><strong>·</strong></span> <span class='ocrx_word' id='word_1_546' title='bbox 3600 3357 3695 3409; x_wconf 77' lang='grc' dir='ltr'>καὶ</span> <span class='ocrx_word' id='word_1_547' title='bbox 3721 3356 3893 3410; x_wconf 84' lang='grc' dir='ltr'>πάλιν</span> 
     </span>
    </p>
   </div>
   <div class='ocr_carea' id='block_1_78' title="bbox 2300 3447 3892 3521">
    <p class='ocr_par' dir='ltr' id='par_1_78' title="bbox 2300 3447 3892 3521">
     <span class='ocr_line' id='line_1_78' title="bbox 2300 3447 3892 3521; baseline -0.002 -19"><span class='ocrx_word' id='word_1_548' title='bbox 2300 3450 2396 3503; x_wconf 60' lang='lat' dir='ltr'><strong>sui.</strong></span> <span class='ocrx_word' id='word_1_549' title='bbox 2422 3449 2513 3503; x_wconf 80' lang='grc' dir='ltr'>τὸν</span> <span class='ocrx_word' id='word_1_550' title='bbox 2535 3448 2734 3520; x_wconf 83' lang='grc' dir='ltr'>τυφλὸν</span> <span class='ocrx_word' id='word_1_551' title='bbox 2766 3449 3114 3521; x_wconf 82' lang='grc' dir='ltr'>ἀνατρέχετε,</span> <span class='ocrx_word' id='word_1_552' title='bbox 3149 3452 3212 3504; x_wconf 84' lang='grc' dir='ltr'><strong>ἐκ</strong></span> <span class='ocrx_word' id='word_1_553' title='bbox 3233 3449 3513 3520; x_wconf 83' lang='grc' dir='ltr'>δευτέρου,</span> <span class='ocrx_word' id='word_1_554' title='bbox 3541 3447 3636 3502; x_wconf 75' lang='grc' dir='ltr'>καὶ</span> <span class='ocrx_word' id='word_1_555' title='bbox 3674 3448 3892 3519; x_wconf 88' lang='grc' dir='ltr'>τρίτου,</span> 
     </span>
    </p>
   </div>
   <div class='ocr_carea' id='block_1_79' title="bbox 2301 3539 3896 3614">
    <p class='ocr_par' dir='ltr' id='par_1_79' title="bbox 2301 3539 3896 3614">
     <span class='ocr_line' id='line_1_79' title="bbox 2301 3539 3896 3614; baseline -0.005 -19"><span class='ocrx_word' id='word_1_556' title='bbox 2301 3541 2435 3614; x_wconf 87' lang='grc' dir='ltr'>παρ’</span> <span class='ocrx_word' id='word_1_557' title='bbox 2468 3541 2678 3595; x_wconf 85' lang='grc' dir='ltr'>ἐκείνου</span> <span class='ocrx_word' id='word_1_558' title='bbox 2713 3541 3219 3613; x_wconf 81' lang='grc' dir='ltr'>πληροφορούμενοι</span> <span class='ocrx_word' id='word_1_559' title='bbox 3249 3539 3356 3592; x_wconf 84' lang='grc' dir='ltr'><strong>τῶν</strong></span> <span class='ocrx_word' id='word_1_560' title='bbox 3383 3539 3568 3592; x_wconf 82' lang='grc' dir='ltr'>κακῶν</span> <span class='ocrx_word' id='word_1_561' title='bbox 3602 3539 3896 3608; x_wconf 74' lang='grc' dir='ltr'>ἐπιχειρηο</span> 
     </span>
    </p>
   </div>
   <div class='ocr_carea' id='block_1_80' title="bbox 2306 3626 3894 3702">
    <p class='ocr_par' dir='ltr' id='par_1_80' title="bbox 2306 3626 3894 3702">
     <span class='ocr_line' id='line_1_80' title="bbox 2306 3626 3894 3702; baseline -0.005 -16"><span class='ocrx_word' id='word_1_562' title='bbox 2306 3633 2492 3702; x_wconf 83' lang='grc' dir='ltr'>μάτων</span> <span class='ocrx_word' id='word_1_563' title='bbox 2518 3632 2614 3684; x_wconf 78' lang='grc' dir='ltr'>καὶ</span> <span class='ocrx_word' id='word_1_564' title='bbox 2634 3630 2742 3686; x_wconf 86' lang='grc' dir='ltr'><strong>τῶν</strong></span> <span class='ocrx_word' id='word_1_565' title='bbox 2789 3630 3108 3685; x_wconf 87' lang='grc' dir='ltr'>ἐπιϐουλῶν.</span> <span class='ocrx_word' id='word_1_566' title='bbox 3150 3630 3290 3682; x_wconf 82' lang='grc' dir='ltr'>Ἀλλ’</span> <span class='ocrx_word' id='word_1_567' title='bbox 3321 3631 3398 3683; x_wconf 82' lang='grc' dir='ltr'><strong>ὅτ’</strong></span> <span class='ocrx_word' id='word_1_568' title='bbox 3429 3627 3495 3682; x_wconf 76' lang='grc' dir='ltr'>ἂν</span> <span class='ocrx_word' id='word_1_569' title='bbox 3523 3627 3624 3697; x_wconf 79' lang='grc' dir='ltr'>τῆς</span> <span class='ocrx_word' id='word_1_570' title='bbox 3658 3626 3894 3697; x_wconf 75' lang='grc' dir='ltr'>πρώτης</span> 
     </span>
    </p>
   </div>
   <div class='ocr_carea' id='block_1_81' title="bbox 2297 3717 3894 3796">
    <p class='ocr_par' dir='ltr' id='par_1_81' title="bbox 2297 3717 3894 3796">
     <span class='ocr_line' id='line_1_81' title="bbox 2297 3717 3894 3796; baseline -0.005 -20"><span class='ocrx_word' id='word_1_571' title='bbox 2297 3722 2568 3794; x_wconf 71' lang='grc' dir='ltr'>ἐκπέσητε</span> <span class='ocrx_word' id='word_1_572' title='bbox 2617 3723 2830 3796; x_wconf 88' lang='grc' dir='ltr'>πείρας,</span> <span class='ocrx_word' id='word_1_573' title='bbox 2871 3723 2964 3775; x_wconf 56' lang='grc' dir='ltr'><strong>ἐπὶ¹</strong></span> <span class='ocrx_word' id='word_1_574' title='bbox 2996 3723 3096 3796; x_wconf 82' lang='grc' dir='ltr'>τὴν</span> <span class='ocrx_word' id='word_1_575' title='bbox 3125 3722 3384 3793; x_wconf 84' lang='grc' dir='ltr'>δευτέραν</span> <span class='ocrx_word' id='word_1_576' title='bbox 3409 3723 3633 3792; x_wconf 78' lang='grc' dir='ltr'>χωρεῖτε</span> <span class='ocrx_word' id='word_1_577' title='bbox 3653 3733 3668 3746; x_wconf 81' lang='grc'><strong><em>⁸</em></strong></span> <span class='ocrx_word' id='word_1_578' title='bbox 3715 3717 3803 3771; x_wconf 83' lang='grc' dir='ltr'><strong>ὅτ’</strong></span> <span class='ocrx_word' id='word_1_579' title='bbox 3827 3721 3894 3770; x_wconf 72' lang='grc' dir='ltr'>ἂν</span> 
     </span>
    </p>
   </div>
   <div class='ocr_carea' id='block_1_82' title="bbox 2299 3811 3890 3887">
    <p class='ocr_par' dir='ltr' id='par_1_82' title="bbox 2299 3811 3890 3887">
     <span class='ocr_line' id='line_1_82' title="bbox 2299 3811 3890 3887; baseline 0.003 -22"><span class='ocrx_word' id='word_1_580' title='bbox 2299 3813 2398 3885; x_wconf 84' lang='grc' dir='ltr'>τῆς</span> <span class='ocrx_word' id='word_1_581' title='bbox 2437 3813 2719 3886; x_wconf 88' lang='grc' dir='ltr'>δευτέρας,</span> <span class='ocrx_word' id='word_1_582' title='bbox 2760 3815 2854 3868; x_wconf 71' lang='grc' dir='ltr'>ἐπὶ</span> <span class='ocrx_word' id='word_1_583' title='bbox 2891 3815 2990 3886; x_wconf 81' lang='grc' dir='ltr'>τὴν</span> <span class='ocrx_word' id='word_1_584' title='bbox 3030 3815 3259 3887; x_wconf 80' lang='grc' dir='ltr'>τρίτην·</span> <span class='ocrx_word' id='word_1_585' title='bbox 3301 3815 3378 3868; x_wconf 86' lang='grc' dir='ltr'><strong>ὅτ’</strong></span> <span class='ocrx_word' id='word_1_586' title='bbox 3417 3814 3483 3867; x_wconf 89' lang='grc' dir='ltr'>ἂν</span> <span class='ocrx_word' id='word_1_587' title='bbox 3526 3813 3623 3884; x_wconf 78' lang='grc' dir='ltr'>τῆς</span> <span class='ocrx_word' id='word_1_588' title='bbox 3659 3811 3890 3882; x_wconf 78' lang='grc' dir='ltr'>τρίτης.</span> 
     </span>
    </p>
   </div>
   <div class='ocr_carea' id='block_1_83' title="bbox 2301 3903 3892 3979">
    <p class='ocr_par' dir='ltr' id='par_1_83' title="bbox 2301 3903 3892 3979">
     <span class='ocr_line' id='line_1_83' title="bbox 2301 3903 3892 3979; baseline -0.003 -21"><span class='ocrx_word' id='word_1_589' title='bbox 2301 3905 2394 3958; x_wconf 71' lang='grc' dir='ltr'>ἐπὶ</span> <span class='ocrx_word' id='word_1_590' title='bbox 2419 3906 2511 3960; x_wconf 81' lang='grc' dir='ltr'>τὸν</span> <span class='ocrx_word' id='word_1_591' title='bbox 2550 3908 2802 3979; x_wconf 81' lang='grc' dir='ltr'>καθεξῆς.</span> <span class='ocrx_word' id='word_1_592' title='bbox 2848 3907 3152 3972; x_wconf 82' lang='grc' dir='ltr'>Ἀλώπεκος</span> <span class='ocrx_word' id='word_1_593' title='bbox 3178 3905 3595 3978; x_wconf 76' lang='grc' dir='ltr'>κακουργούσης</span> <span class='ocrx_word' id='word_1_594' title='bbox 3618 3903 3892 3972; x_wconf 78' lang='grc' dir='ltr'>ἀναστρέ·</span> 
     </span>
    </p>
   </div>
   <div class='ocr_carea' id='block_1_84' title="bbox 2303 3994 3891 4074">
    <p class='ocr_par' dir='ltr' id='par_1_84' title="bbox 2303 3994 3891 4074">
     <span class='ocr_line' id='line_1_84' title="bbox 2303 3994 3891 4074; baseline -0.006 -21"><span class='ocrx_word' id='word_1_595' title='bbox 2303 3999 2468 4068; x_wconf 82' lang='grc' dir='ltr'>φεσθε</span> <span class='ocrx_word' id='word_1_596' title='bbox 2503 4000 2766 4074; x_wconf 84' lang='grc' dir='ltr'>δρόμους·</span> <span class='ocrx_word' id='word_1_597' title='bbox 2801 4001 2898 4054; x_wconf 69' lang='grc' dir='ltr'>καὶ</span> <span class='ocrx_word' id='word_1_598' title='bbox 2947 4000 3223 4074; x_wconf 80' lang='grc' dir='ltr'>πανταχοῦ</span> <span class='ocrx_word' id='word_1_599' title='bbox 3261 4001 3358 4070; x_wconf 74' lang='grc' dir='ltr'>μὲν</span> <span class='ocrx_word' id='word_1_600' title='bbox 3401 3999 3547 4069; x_wconf 69' lang='grc' dir='ltr'>ὑμᾶς</span> <span class='ocrx_word' id='word_1_601' title='bbox 3592 3995 3660 4048; x_wconf 83' lang='grc' dir='ltr'><strong>τά</strong></span> <span class='ocrx_word' id='word_1_602' title='bbox 3691 3994 3891 4047; x_wconf 84' lang='grc' dir='ltr'>δίκτυα</span> 
     </span>
    </p>
   </div>
   <div class='ocr_carea' id='block_1_85' title="bbox 618 4082 3892 4163">
    <p class='ocr_par' dir='ltr' id='par_1_85' title="bbox 618 4082 3892 4163">
     <span class='ocr_line' id='line_1_85' title="bbox 618 4082 3892 4163; baseline 0.001 -27"><span class='ocrx_word' id='word_1_603' title='bbox 618 4084 717 4154; x_wconf 80' lang='grc' dir='ltr'>τῆς</span> <span class='ocrx_word' id='word_1_604' title='bbox 769 4082 1026 4154; x_wconf 82' lang='grc' dir='ltr'>ἀληθείας</span> <span class='ocrx_word' id='word_1_605' title='bbox 1080 4083 1566 4153; x_wconf 78' lang='grc' dir='ltr'>περιεστοίχισται·</span> <span class='ocrx_word' id='word_1_606' title='bbox 1620 4085 1862 4152; x_wconf 65' lang='grc' dir='ltr'>ἄφυκτος</span> <span class='ocrx_word' id='word_1_607' title='bbox 1900 4084 1979 4149; x_wconf 84' lang='grc' dir='ltr'>δὲ,</span> <span class='ocrx_word' id='word_1_608' title='bbox 2023 4085 2190 4156; x_wconf 85' lang='grc' dir='ltr'><strong>ἡάπὺ</strong></span> <span class='ocrx_word' id='word_1_609' title='bbox 2229 4087 2530 4161; x_wconf 82' lang='grc' dir='ltr'>θαυμασίου</span> <span class='ocrx_word' id='word_1_610' title='bbox 2604 4091 2850 4156; x_wconf 82' lang='grc' dir='ltr'>διέξοδος.</span> <span class='ocrx_word' id='word_1_611' title='bbox 2919 4093 3110 4163; x_wconf 87' lang='grc' dir='ltr'>Ὅμως</span> <span class='ocrx_word' id='word_1_612' title='bbox 3154 4092 3211 4145; x_wconf 81' lang='grc' dir='ltr'><strong>δέ</strong></span> <span class='ocrx_word' id='word_1_613' title='bbox 3252 4092 3432 4161; x_wconf 81' lang='grc' dir='ltr'>πάσης</span> <span class='ocrx_word' id='word_1_614' title='bbox 3481 4091 3582 4142; x_wconf 82' lang='grc' dir='ltr'><strong>οὑκ</strong></span> <span class='ocrx_word' id='word_1_615' title='bbox 3631 4086 3892 4156; x_wconf 78' lang='grc' dir='ltr'>ἀμελεῖτε</span> 
     </span>
    </p>
   </div>
   <div class='ocr_carea' id='block_1_86' title="bbox 619 4175 3584 4252">
    <p class='ocr_par' dir='ltr' id='par_1_86' title="bbox 619 4175 3584 4252">
     <span class='ocr_line' id='line_1_86' title="bbox 619 4175 3584 4252; baseline -0.003 -10"><span class='ocrx_word' id='word_1_616' title='bbox 619 4178 845 4249; x_wconf 79' lang='grc' dir='ltr'>πλοκῆς.</span> <span class='ocrx_word' id='word_1_617' title='bbox 893 4177 1037 4230; x_wconf 65' lang='grc' dir='ltr'><strong>ἰστὸν</strong></span> <span class='ocrx_word' id='word_1_618' title='bbox 1091 4176 1334 4247; x_wconf 75' lang='grc' dir='ltr'>ἀράχνης</span> <span class='ocrx_word' id='word_1_619' title='bbox 1403 4175 1736 4244; x_wconf 71' lang='grc' dir='ltr'>ὕφαίνοντες,</span> <span class='ocrx_word' id='word_1_620' title='bbox 1793 4175 2053 4240; x_wconf 84' lang='grc' dir='ltr'>ποικίλως</span> <span class='ocrx_word' id='word_1_621' title='bbox 2108 4178 2238 4248; x_wconf 82' lang='grc' dir='ltr'>μὲν,</span> <span class='ocrx_word' id='word_1_622' title='bbox 2279 4179 2394 4234; x_wconf 86' lang='grc' dir='ltr'>ἀλλ’</span> <span class='ocrx_word' id='word_1_623' title='bbox 2427 4181 2669 4246; x_wconf 77' lang='grc' dir='ltr'>ἀσθενῶς</span> <span class='ocrx_word' id='word_1_624' title='bbox 2693 4183 2787 4236; x_wconf 80' lang='grc' dir='ltr'>καὶ</span> <span class='ocrx_word' id='word_1_625' title='bbox 2819 4182 3097 4252; x_wconf 85' lang='grc' dir='ltr'>ἀνηνύτως</span> <span class='ocrx_word' id='word_1_626' title='bbox 3121 4181 3584 4243; x_wconf 82' lang='grc' dir='ltr'>ἐπιϐουλεύοντες.</span> 
     </span>
    </p>
   </div>
   <div class='ocr_carea' id='block_1_87' title="bbox 691 4292 2191 4372">
    <p class='ocr_par' dir='ltr' id='par_1_87' title="bbox 691 4292 2191 4364">
     <span class='ocr_line' id='line_1_87' title="bbox 691 4292 2191 4364; baseline -0.001 -12"><span class='ocrx_word' id='word_1_627' title='bbox 691 4299 912 4352; x_wconf 76' lang='lat' dir='ltr'><strong>Morbus</strong></span> <span class='ocrx_word' id='word_1_628' title='bbox 935 4296 1023 4350; x_wconf 89' lang='lat' dir='ltr'><strong>hic</strong></span> <span class='ocrx_word' id='word_1_629' title='bbox 1044 4310 1073 4347; x_wconf 88' lang='lat' dir='ltr'><strong>a</strong></span> <span class='ocrx_word' id='word_1_630' title='bbox 1101 4294 1342 4364; x_wconf 78' lang='lat' dir='ltr'><strong>patribus</strong></span> <span class='ocrx_word' id='word_1_631' title='bbox 1374 4293 1425 4346; x_wconf 91' lang='lat' dir='ltr'><strong>in</strong></span> <span class='ocrx_word' id='word_1_632' title='bbox 1457 4309 1549 4346; x_wconf 88' lang='lat' dir='ltr'><strong>vos</strong></span> <span class='ocrx_word' id='word_1_633' title='bbox 1578 4303 1662 4346; x_wconf 82' lang='lat' dir='ltr'><strong>est</strong></span> <span class='ocrx_word' id='word_1_634' title='bbox 1691 4293 1986 4348; x_wconf 82' lang='lat' dir='ltr'><strong>derivatos.</strong></span> <span class='ocrx_word' id='word_1_635' title='bbox 2024 4292 2191 4351; x_wconf 87' lang='lat' dir='ltr'><strong>lucre-</strong></span> 
     </span>
    </p>
   </div>
   <div class='ocr_carea' id='block_1_88' title="bbox 2298 4292 3891 4372">
    <p class='ocr_par' dir='ltr' id='par_1_88' title="bbox 2375 4295 3891 4372">
     <span class='ocr_line' id='line_1_88' title="bbox 2375 4295 3891 4372; baseline -0.005 -20"><span class='ocrx_word' id='word_1_636' title='bbox 2375 4299 2649 4372; x_wconf 77' lang='grc' dir='ltr'>[ἰατρικὸν</span> <span class='ocrx_word' id='word_1_637' title='bbox 2712 4297 2865 4370; x_wconf 76' lang='grc' dir='ltr'>ὑμῶν</span> <span class='ocrx_word' id='word_1_638' title='bbox 2921 4298 2983 4351; x_wconf 82' lang='grc' dir='ltr'>τὸ</span> <span class='ocrx_word' id='word_1_639' title='bbox 3029 4299 3262 4370; x_wconf 87' lang='grc' dir='ltr'>νόσημα.</span> <span class='ocrx_word' id='word_1_640' title='bbox 3303 4297 3574 4352; x_wconf 78' lang='grc' dir='ltr'>’Λπίστων</span> <span class='ocrx_word' id='word_1_641' title='bbox 3626 4295 3891 4364; x_wconf 77' lang='grc' dir='ltr'>πατέρων</span> 
     </span>
    </p>
   </div>
   <div class='ocr_carea' id='block_1_89' title="bbox 619 4380 2197 4456">
    <p class='ocr_par' dir='ltr' id='par_1_89' title="bbox 619 4380 2197 4456">
     <span class='ocr_line' id='line_1_89' title="bbox 619 4380 2197 4456; baseline -0.002 -12"><span class='ocrx_word' id='word_1_642' title='bbox 619 4389 868 4444; x_wconf 85' lang='lat' dir='ltr'><strong>dolorum</strong></span> <span class='ocrx_word' id='word_1_643' title='bbox 904 4394 1210 4456; x_wconf 86' lang='lat' dir='ltr'><strong>parentum,</strong></span> <span class='ocrx_word' id='word_1_644' title='bbox 1247 4383 1509 4437; x_wconf 82' lang='lat' dir='ltr'><strong>increduli</strong></span> <span class='ocrx_word' id='word_1_645' title='bbox 1549 4380 1664 4434; x_wconf 86' lang='lat' dir='ltr'><strong>filii.</strong></span> <span class='ocrx_word' id='word_1_646' title='bbox 1695 4381 1898 4436; x_wconf 80' lang='lat' dir='ltr'><strong>Eodem</strong></span> <span class='ocrx_word' id='word_1_647' title='bbox 1933 4382 2004 4438; x_wconf 89' lang='lat' dir='ltr'><strong>illi</strong></span> <span class='ocrx_word' id='word_1_648' title='bbox 2038 4386 2197 4440; x_wconf 89' lang='lat' dir='ltr'><strong>modo</strong></span> 
     </span>
    </p>
   </div>
   <div class='ocr_carea' id='block_1_90' title="bbox 620 4473 2198 4547">
    <p class='ocr_par' dir='ltr' id='par_1_90' title="bbox 620 4473 2198 4547">
     <span class='ocr_line' id='line_1_90' title="bbox 620 4473 2198 4547; baseline -0.003 -11"><span class='ocrx_word' id='word_1_649' title='bbox 620 4483 950 4544; x_wconf 84' lang='lat' dir='ltr'><strong>habuerunt,</strong></span> <span class='ocrx_word' id='word_1_650' title='bbox 976 4476 1116 4547; x_wconf 88' lang='lat' dir='ltr'><strong>quod</strong></span> <span class='ocrx_word' id='word_1_651' title='bbox 1143 4485 1353 4546; x_wconf 79' lang='lat' dir='ltr'><strong>spectat</strong></span> <span class='ocrx_word' id='word_1_652' title='bbox 1383 4476 1449 4530; x_wconf 88' lang='lat' dir='ltr'><strong>ad</strong></span> <span class='ocrx_word' id='word_1_653' title='bbox 1471 4473 1691 4545; x_wconf 59' lang='grc' dir='ltr'><strong>Δίκῃ)ιὶ</strong></span> <span class='ocrx_word' id='word_1_654' title='bbox 1727 4475 2009 4530; x_wconf 86' lang='lat' dir='ltr'><strong>miracula.</strong></span> <span class='ocrx_word' id='word_1_655' title='bbox 2035 4475 2198 4532; x_wconf 86' lang='lat' dir='ltr'><strong>Novis</strong></span> 
     </span>
    </p>
   </div>
   <div class='ocr_carea' id='block_1_91' title="bbox 623 4557 2195 4639">
    <p class='ocr_par' dir='ltr' id='par_1_91' title="bbox 623 4557 2195 4639">
     <span class='ocr_line' id='line_1_91' title="bbox 623 4557 2195 4639; baseline -0.003 -14"><span class='ocrx_word' id='word_1_656' title='bbox 623 4571 797 4625; x_wconf 83' lang='lat' dir='ltr'><strong>modis</strong></span> <span class='ocrx_word' id='word_1_657' title='bbox 829 4579 1132 4639; x_wconf 66' lang='lat' dir='ltr'><strong>ptmterqne</strong></span> <span class='ocrx_word' id='word_1_658' title='bbox 1151 4557 1623 4633; x_wconf 67' lang='lat' dir='ltr'><strong>exspectationem</strong></span> <span class='ocrx_word' id='word_1_659' title='bbox 1651 4565 1718 4617; x_wconf 88' lang='lat' dir='ltr'><strong>ab</strong></span> <span class='ocrx_word' id='word_1_660' title='bbox 1751 4565 1992 4618; x_wconf 88' lang='lat' dir='ltr'><strong>hostibus</strong></span> <span class='ocrx_word' id='word_1_661' title='bbox 2019 4567 2195 4620; x_wconf 80' lang='lat' dir='ltr'><strong>salva-</strong></span> 
     </span>
    </p>
   </div>
   <div class='ocr_carea' id='block_1_92' title="bbox 623 4653 2196 4725">
    <p class='ocr_par' dir='ltr' id='par_1_92' title="bbox 623 4653 2196 4725">
     <span class='ocr_line' id='line_1_92' title="bbox 623 4653 2196 4725; baseline -0.005 -6"><span class='ocrx_word' id='word_1_662' title='bbox 623 4665 844 4725; x_wconf 90' lang='lat' dir='ltr'><strong>bantur,</strong></span> <span class='ocrx_word' id='word_1_663' title='bbox 881 4677 947 4716; x_wconf 89' lang='lat' dir='ltr'><strong>ac</strong></span> <span class='ocrx_word' id='word_1_664' title='bbox 984 4659 1173 4714; x_wconf 87' lang='lat' dir='ltr'><strong>salutis</strong></span> <span class='ocrx_word' id='word_1_665' title='bbox 1211 4657 1418 4712; x_wconf 80' lang='lat' dir='ltr'><strong>auctori</strong></span> <span class='ocrx_word' id='word_1_666' title='bbox 1454 4653 1717 4710; x_wconf 91' lang='lat' dir='ltr'><strong>increduli</strong></span> <span class='ocrx_word' id='word_1_667' title='bbox 1747 4664 1933 4708; x_wconf 84' lang='lat' dir='ltr'><strong>erant.</strong></span> <span class='ocrx_word' id='word_1_668' title='bbox 1962 4655 2196 4711; x_wconf 78' lang='lat' dir='ltr'><strong>Aleban-</strong></span> 
     </span>
    </p>
   </div>
   <div class='ocr_carea' id='block_1_93' title="bbox 621 4749 2194 4820">
    <p class='ocr_par' dir='ltr' id='par_1_93' title="bbox 621 4749 2194 4820">
     <span class='ocr_line' id='line_1_93' title="bbox 621 4749 2194 4820; baseline -0.004 -10"><span class='ocrx_word' id='word_1_669' title='bbox 621 4770 708 4810; x_wconf 86' lang='lat' dir='ltr'><strong>tur</strong></span> <span class='ocrx_word' id='word_1_670' title='bbox 744 4754 886 4811; x_wconf 83' lang='lat' dir='ltr'><strong>escis</strong></span> <span class='ocrx_word' id='word_1_671' title='bbox 912 4752 1267 4809; x_wconf 85' lang='lat' dir='ltr'><strong>nobilioribus</strong></span> <span class='ocrx_word' id='word_1_672' title='bbox 1306 4765 1467 4820; x_wconf 90' lang='lat' dir='ltr'><strong>quam</strong></span> <span class='ocrx_word' id='word_1_673' title='bbox 1505 4749 1702 4802; x_wconf 85' lang='lat' dir='ltr'><strong>habeat</strong></span> <span class='ocrx_word' id='word_1_674' title='bbox 1733 4758 1946 4803; x_wconf 66' lang='lat' dir='ltr'><strong>natura:</strong></span> <span class='ocrx_word' id='word_1_675' title='bbox 1973 4765 2104 4805; x_wconf 86' lang='lat' dir='ltr'><strong>usus</strong></span> <span class='ocrx_word' id='word_1_676' title='bbox 2125 4753 2194 4816; x_wconf 80' lang='lat'><strong>&quot;,</strong></span> 
     </span>
    </p>
   </div>
   <div class='ocr_carea' id='block_1_94' title="bbox 617 4832 2194 4918">
    <p class='ocr_par' dir='ltr' id='par_1_94' title="bbox 617 4832 2194 4918">
     <span class='ocr_line' id='line_1_94' title="bbox 617 4832 2194 4918; baseline -0.003 -16"><span class='ocrx_word' id='word_1_677' title='bbox 617 4832 880 4918; x_wconf 83' lang='lat' dir='ltr'><strong>erantque</strong></span> <span class='ocrx_word' id='word_1_678' title='bbox 907 4845 1171 4902; x_wconf 79' lang='lat' dir='ltr'><strong>fatitelicis</strong></span> <span class='ocrx_word' id='word_1_679' title='bbox 1197 4843 1537 4914; x_wconf 77' lang='lat' dir='ltr'><strong>ingratiores.</strong></span> <span class='ocrx_word' id='word_1_680' title='bbox 1572 4839 1956 4908; x_wconf 81' lang='lat' dir='ltr'><strong>Suscipiebant</strong></span> <span class='ocrx_word' id='word_1_681' title='bbox 1996 4858 2194 4897; x_wconf 87' lang='lat' dir='ltr'><strong>manna</strong></span> 
     </span>
    </p>
   </div>
   <div class='ocr_carea' id='block_1_95' title="bbox 621 4931 2194 5004">
    <p class='ocr_par' dir='ltr' id='par_1_95' title="bbox 621 4931 2194 5004">
     <span class='ocr_line' id='line_1_95' title="bbox 621 4931 2194 5004; baseline -0.004 -9"><span class='ocrx_word' id='word_1_682' title='bbox 621 4948 686 4996; x_wconf 85' lang='lat' dir='ltr'><strong>de</strong></span> <span class='ocrx_word' id='word_1_683' title='bbox 724 4941 863 4998; x_wconf 75' lang='lat' dir='ltr'><strong>cwlo</strong></span> <span class='ocrx_word' id='word_1_684' title='bbox 896 4941 1120 4994; x_wconf 87' lang='lat' dir='ltr'><strong>missum</strong></span> <span class='ocrx_word' id='word_1_685' title='bbox 1151 4937 1217 5002; x_wconf 68' lang='grc'><strong>⁵⁸,</strong></span> <span class='ocrx_word' id='word_1_686' title='bbox 1245 4935 1601 5002; x_wconf 85' lang='lat' dir='ltr'><strong>alliorumque</strong></span> <span class='ocrx_word' id='word_1_687' title='bbox 1638 4931 1855 5003; x_wconf 72' lang='lat' dir='ltr'><strong>A&#39;Igypti</strong></span> <span class='ocrx_word' id='word_1_688' title='bbox 1887 4949 1951 4988; x_wconf 93' lang='lat' dir='ltr'><strong>ac</strong></span> <span class='ocrx_word' id='word_1_689' title='bbox 1981 4935 2194 5004; x_wconf 91' lang='lat' dir='ltr'><strong>cepium</strong></span> 
     </span>
    </p>
   </div>
   <div class='ocr_carea' id='block_1_96' title="bbox 620 5023 2194 5090">
    <p class='ocr_par' dir='ltr' id='par_1_96' title="bbox 620 5023 2194 5090">
     <span class='ocr_line' id='line_1_96' title="bbox 620 5023 2194 5090; baseline -0.003 -2"><span class='ocrx_word' id='word_1_690' title='bbox 620 5044 822 5090; x_wconf 84' lang='lat' dir='ltr'><strong>tetrum</strong></span> <span class='ocrx_word' id='word_1_691' title='bbox 856 5030 1236 5087; x_wconf 80' lang='lat' dir='ltr'><strong>desiderabant</strong></span> <span class='ocrx_word' id='word_1_692' title='bbox 1269 5029 1508 5083; x_wconf 89' lang='lat' dir='ltr'><strong>odorem.</strong></span> <span class='ocrx_word' id='word_1_693' title='bbox 1537 5023 1803 5080; x_wconf 87' lang='lat' dir='ltr'><strong>Columna</strong></span> <span class='ocrx_word' id='word_1_694' title='bbox 1841 5026 1995 5082; x_wconf 86' lang='lat' dir='ltr'><strong>nubis</strong></span> <span class='ocrx_word' id='word_1_695' title='bbox 2025 5027 2194 5084; x_wconf 82' lang='lat' dir='ltr'><strong>inter-</strong></span> 
     </span>
    </p>
   </div>
   <div class='ocr_carea' id='block_1_97' title="bbox 619 5115 2194 5182">
    <p class='ocr_par' dir='ltr' id='par_1_97' title="bbox 619 5115 2194 5182">
     <span class='ocr_line' id='line_1_97' title="bbox 619 5115 2194 5182; baseline -0.004 -3"><span class='ocrx_word' id='word_1_696' title='bbox 619 5126 709 5179; x_wconf 84' lang='lat' dir='ltr'><strong>diu</strong></span> <span class='ocrx_word' id='word_1_697' title='bbox 747 5121 1212 5179; x_wconf 85' lang='lat' dir='ltr'><strong>obumbrabantur</strong></span> <span class='ocrx_word' id='word_1_698' title='bbox 1245 5119 1312 5182; x_wconf 65' lang='grc' dir='ltr'><strong>δι’,</strong></span> <span class='ocrx_word' id='word_1_699' title='bbox 1351 5127 1409 5172; x_wconf 86' lang='grc' dir='ltr'><strong>ιιι</strong></span> <span class='ocrx_word' id='word_1_700' title='bbox 1443 5133 1510 5173; x_wconf 89' lang='lat' dir='ltr'><strong>ne</strong></span> <span class='ocrx_word' id='word_1_701' title='bbox 1543 5115 1676 5174; x_wconf 82' lang='lat' dir='ltr'><strong>solis</strong></span> <span class='ocrx_word' id='word_1_702' title='bbox 1714 5117 1988 5171; x_wconf 88' lang='lat' dir='ltr'><strong>radiorum</strong></span> <span class='ocrx_word' id='word_1_703' title='bbox 2027 5127 2194 5174; x_wconf 66' lang='lat' dir='ltr'><strong>aestus</strong></span> 
     </span>
    </p>
   </div>
   <div class='ocr_carea' id='block_1_98' title="bbox 621 5208 2189 5281">
    <p class='ocr_par' dir='ltr' id='par_1_98' title="bbox 621 5208 2189 5281">
     <span class='ocr_line' id='line_1_98' title="bbox 621 5208 2189 5281; baseline -0.002 -13"><span class='ocrx_word' id='word_1_704' title='bbox 621 5216 924 5272; x_wconf 85' lang='lat' dir='ltr'><strong>molestiam</strong></span> <span class='ocrx_word' id='word_1_705' title='bbox 962 5213 1168 5267; x_wconf 84' lang='lat' dir='ltr'><strong>faceret</strong></span> <span class='ocrx_word' id='word_1_706' title='bbox 1203 5231 1214 5265; x_wconf 90' lang='lat'><strong>:</strong></span> <span class='ocrx_word' id='word_1_707' title='bbox 1255 5210 1500 5281; x_wconf 72' lang='lat' dir='ltr'><strong>ignisque</strong></span> <span class='ocrx_word' id='word_1_708' title='bbox 1537 5208 1786 5264; x_wconf 89' lang='lat' dir='ltr'><strong>columna</strong></span> <span class='ocrx_word' id='word_1_709' title='bbox 1830 5224 1925 5280; x_wconf 85' lang='lat' dir='ltr'><strong>per</strong></span> <span class='ocrx_word' id='word_1_710' title='bbox 1977 5221 2189 5266; x_wconf 88' lang='lat' dir='ltr'><strong>noctem</strong></span> 
     </span>
    </p>
   </div>
   <div class='ocr_carea' id='block_1_99' title="bbox 623 5301 2197 5373">
    <p class='ocr_par' dir='ltr' id='par_1_99' title="bbox 623 5301 2197 5373">
     <span class='ocr_line' id='line_1_99' title="bbox 623 5301 2197 5373; baseline -0.005 -13"><span class='ocrx_word' id='word_1_711' title='bbox 623 5307 1056 5368; x_wconf 83' lang='lat' dir='ltr'><strong>illustrabantur,</strong></span> <span class='ocrx_word' id='word_1_712' title='bbox 1083 5319 1280 5358; x_wconf 90' lang='lat' dir='ltr'><strong>novum</strong></span> <span class='ocrx_word' id='word_1_713' title='bbox 1305 5301 1448 5357; x_wconf 87' lang='lat' dir='ltr'><strong>aliud</strong></span> <span class='ocrx_word' id='word_1_714' title='bbox 1475 5312 1671 5373; x_wconf 71' lang='lat' dir='ltr'><strong>praeter</strong></span> <span class='ocrx_word' id='word_1_715' title='bbox 1693 5301 1873 5356; x_wconf 86' lang='lat' dir='ltr'><strong>lunam</strong></span> <span class='ocrx_word' id='word_1_716' title='bbox 1903 5303 2197 5357; x_wconf 87' lang='lat' dir='ltr'><strong>eximium-</strong></span> 
     </span>
    </p>
   </div>
   <div class='ocr_carea' id='block_1_100' title="bbox 622 5393 2193 5468">
    <p class='ocr_par' dir='ltr' id='par_1_100' title="bbox 622 5393 2193 5468">
     <span class='ocr_line' id='line_1_100' title="bbox 622 5393 2193 5468; baseline -0.001 -18"><span class='ocrx_word' id='word_1_717' title='bbox 622 5413 726 5468; x_wconf 85' lang='lat' dir='ltr'><strong>quc</strong></span> <span class='ocrx_word' id='word_1_718' title='bbox 755 5397 1030 5453; x_wconf 86' lang='lat' dir='ltr'><strong>consecuti</strong></span> <span class='ocrx_word' id='word_1_719' title='bbox 1065 5396 1365 5450; x_wconf 86' lang='lat' dir='ltr'><strong>luminare:</strong></span> <span class='ocrx_word' id='word_1_720' title='bbox 1403 5409 1466 5448; x_wconf 86' lang='lat' dir='ltr'><strong>ac</strong></span> <span class='ocrx_word' id='word_1_721' title='bbox 1498 5393 1654 5464; x_wconf 88' lang='lat' dir='ltr'><strong>quasi</strong></span> <span class='ocrx_word' id='word_1_722' title='bbox 1691 5394 1824 5448; x_wconf 89' lang='lat' dir='ltr'><strong>nihil</strong></span> <span class='ocrx_word' id='word_1_723' title='bbox 1857 5395 2053 5450; x_wconf 79' lang='lat' dir='ltr'><strong>divina:</strong></span> <span class='ocrx_word' id='word_1_724' title='bbox 2083 5396 2193 5449; x_wconf 83' lang='lat' dir='ltr'><strong>vir-</strong></span> 
     </span>
    </p>
   </div>
   <div class='ocr_carea' id='block_1_101' title="bbox 724 5604 1652 5671">
    <p class='ocr_par' dir='ltr' id='par_1_101' title="bbox 724 5604 1652 5671">
     <span class='ocr_line' id='line_1_101' title="bbox 724 5604 1652 5671; baseline 0.001 -13"><span class='ocrx_word' id='word_1_725' title='bbox 724 5606 766 5636; x_wconf 75' lang='lat'>&quot;</span> <span class='ocrx_word' id='word_1_726' title='bbox 801 5605 970 5659; x_wconf 76' lang='lat' dir='ltr'><strong>Exod.</strong></span> <span class='ocrx_word' id='word_1_727' title='bbox 1014 5623 1122 5671; x_wconf 72' lang='lat' dir='ltr'><strong>xw,</strong></span> <span class='ocrx_word' id='word_1_728' title='bbox 1157 5608 1238 5661; x_wconf 81' lang='lat' dir='ltr'><strong>l5.</strong></span> <span class='ocrx_word' id='word_1_729' title='bbox 1319 5605 1359 5636; x_wconf 69' lang='grc'><strong>³⁸</strong></span> <span class='ocrx_word' id='word_1_730' title='bbox 1401 5604 1532 5662; x_wconf 84' lang='lat' dir='ltr'><strong>Ibid.</strong></span> <span class='ocrx_word' id='word_1_731' title='bbox 1563 5604 1652 5659; x_wconf 74' lang='grc'><strong>21.</strong></span> 
     </span>
    </p>
   </div>
   <div class='ocr_carea' id='block_1_102' title="bbox 613 5675 1057 5746">
    <p class='ocr_par' dir='ltr' id='par_1_102' title="bbox 613 5675 1057 5746">
     <span class='ocr_line' id='line_1_102' title="bbox 613 5675 1057 5746; baseline -0.002 -15"><span class='ocrx_word' id='word_1_732' title='bbox 613 5675 655 5706; x_wconf 80' lang='grc'><strong>⁸³</strong></span> <span class='ocrx_word' id='word_1_733' title='bbox 701 5679 823 5746; x_wconf 66' lang='grc' dir='ltr'><strong>ὅτε.</strong></span> <span class='ocrx_word' id='word_1_734' title='bbox 869 5675 1057 5730; x_wconf 77' lang='grc' dir='ltr'>ταῦτα.</span> 
     </span>
    </p>
   </div>
   <div class='ocr_carea' id='block_1_103' title="bbox 1752 5603 2272 5669">
    <p class='ocr_par' dir='ltr' id='par_1_103' title="bbox 1752 5603 2272 5669">
     <span class='ocr_line' id='line_1_103' title="bbox 1752 5603 2272 5669; baseline 0.006 -12"><span class='ocrx_word' id='word_1_735' title='bbox 1752 5604 1794 5636; x_wconf 65' lang='grc' dir='ltr'><strong>δ’</strong></span> <span class='ocrx_word' id='word_1_736' title='bbox 1832 5603 1998 5662; x_wconf 80' lang='lat' dir='ltr'><strong>Exod.</strong></span> <span class='ocrx_word' id='word_1_737' title='bbox 2035 5621 2152 5669; x_wconf 83' lang='lat' dir='ltr'><strong>xm,</strong></span> <span class='ocrx_word' id='word_1_738' title='bbox 2183 5604 2272 5660; x_wconf 76' lang='lat'><strong>2!.</strong></span> 
     </span>
    </p>
   </div>
   <div class='ocr_carea' id='block_1_104' title="bbox 2302 4386 3893 4462">
    <p class='ocr_par' dir='ltr' id='par_1_104' title="bbox 2302 4386 3893 4462">
     <span class='ocr_line' id='line_1_104' title="bbox 2302 4386 3893 4462; baseline -0.003 -18"><span class='ocrx_word' id='word_1_739' title='bbox 2302 4393 2478 4462; x_wconf 84' lang='grc' dir='ltr'>ὅμοιοι</span> <span class='ocrx_word' id='word_1_740' title='bbox 2504 4390 2713 4454; x_wconf 77' lang='grc' dir='ltr'>παῖδες.</span> <span class='ocrx_word' id='word_1_741' title='bbox 2748 4389 2992 4444; x_wconf 71' lang='grc' dir='ltr'>Τοιοῦτοι</span> <span class='ocrx_word' id='word_1_742' title='bbox 3023 4391 3263 4443; x_wconf 85' lang='grc' dir='ltr'>κάκεῖνοι</span> <span class='ocrx_word' id='word_1_743' title='bbox 3289 4389 3380 4442; x_wconf 72' lang='grc' dir='ltr'><strong>τὸν</strong></span> <span class='ocrx_word' id='word_1_744' title='bbox 3413 4388 3613 4459; x_wconf 80' lang='grc' dir='ltr'>τρόπον</span> <span class='ocrx_word' id='word_1_745' title='bbox 3658 4387 3792 4458; x_wconf 70' lang='grc' dir='ltr'>περὶ</span> <span class='ocrx_word' id='word_1_746' title='bbox 3824 4386 3893 4441; x_wconf 70' lang='grc' dir='ltr'>τὰ</span> 
     </span>
    </p>
   </div>
   <div class='ocr_carea' id='block_1_105' title="bbox 2303 4478 3894 4554">
    <p class='ocr_par' dir='ltr' id='par_1_105' title="bbox 2303 4478 3894 4554">
     <span class='ocr_line' id='line_1_105' title="bbox 2303 4478 3894 4554; baseline -0.003 -18"><span class='ocrx_word' id='word_1_747' title='bbox 2303 4482 2582 4554; x_wconf 83' lang='grc' dir='ltr'>θαυμάσια</span> <span class='ocrx_word' id='word_1_748' title='bbox 2613 4482 2682 4536; x_wconf 79' lang='grc' dir='ltr'><strong>τά</strong></span> <span class='ocrx_word' id='word_1_749' title='bbox 2709 4484 2827 4537; x_wconf 81' lang='grc' dir='ltr'>κατ’</span> <span class='ocrx_word' id='word_1_750' title='bbox 2850 4484 3146 4552; x_wconf 81' lang='grc' dir='ltr'>Αἴγυπτον.</span> <span class='ocrx_word' id='word_1_751' title='bbox 3196 4483 3291 4534; x_wconf 81' lang='grc' dir='ltr'>Ἐκ</span> <span class='ocrx_word' id='word_1_752' title='bbox 3322 4479 3573 4551; x_wconf 82' lang='grc' dir='ltr'>πολέμων</span> <span class='ocrx_word' id='word_1_753' title='bbox 3618 4478 3894 4543; x_wconf 78' lang='grc' dir='ltr'>ἐσώζοντο</span> 
     </span>
    </p>
   </div>
   <div class='ocr_carea' id='block_1_106' title="bbox 2302 4571 3896 4648">
    <p class='ocr_par' dir='ltr' id='par_1_106' title="bbox 2302 4571 3896 4648">
     <span class='ocr_line' id='line_1_106' title="bbox 2302 4571 3896 4648; baseline -0.002 -20"><span class='ocrx_word' id='word_1_754' title='bbox 2302 4576 2503 4638; x_wconf 86' lang='grc' dir='ltr'>καινῶς</span> <span class='ocrx_word' id='word_1_755' title='bbox 2538 4576 2632 4628; x_wconf 70' lang='grc' dir='ltr'>καὶ</span> <span class='ocrx_word' id='word_1_756' title='bbox 2667 4578 2796 4648; x_wconf 80' lang='grc' dir='ltr'>παρ’</span> <span class='ocrx_word' id='word_1_757' title='bbox 2828 4575 3071 4638; x_wconf 75' lang='grc' dir='ltr'>ἐλπίδας,</span> <span class='ocrx_word' id='word_1_758' title='bbox 3103 4574 3198 4632; x_wconf 68' lang='grc' dir='ltr'>καὶ</span> <span class='ocrx_word' id='word_1_759' title='bbox 3228 4573 3303 4644; x_wconf 79' lang='grc' dir='ltr'><strong>τῷ</strong></span> <span class='ocrx_word' id='word_1_760' title='bbox 3335 4573 3528 4628; x_wconf 80' lang='grc' dir='ltr'>διδόντι</span> <span class='ocrx_word' id='word_1_761' title='bbox 3574 4571 3673 4643; x_wconf 81' lang='grc' dir='ltr'>τὴν</span> <span class='ocrx_word' id='word_1_762' title='bbox 3716 4589 3896 4641; x_wconf 75' lang='grc' dir='ltr'>σωτη-</span> 
     </span>
    </p>
   </div>
   <div class='ocr_carea' id='block_1_107' title="bbox 2307 4661 3896 4739">
    <p class='ocr_par' dir='ltr' id='par_1_107' title="bbox 2307 4661 3896 4739">
     <span class='ocr_line' id='line_1_107' title="bbox 2307 4661 3896 4739; baseline -0.002 -21"><span class='ocrx_word' id='word_1_763' title='bbox 2307 4666 2424 4737; x_wconf 87' lang='grc' dir='ltr'>ρίαν</span> <span class='ocrx_word' id='word_1_764' title='bbox 2461 4667 2756 4736; x_wconf 73' lang='grc' dir='ltr'>ὴπίστουν·</span> <span class='ocrx_word' id='word_1_765' title='bbox 2807 4667 3096 4739; x_wconf 67' lang='grc' dir='ltr'>ἐτρέφοντο</span> <span class='ocrx_word' id='word_1_766' title='bbox 3150 4667 3375 4736; x_wconf 62' lang='grc' dir='ltr'>τροςαίς</span> <span class='ocrx_word' id='word_1_767' title='bbox 3423 4661 3896 4734; x_wconf 77' lang='grc' dir='ltr'>ύπερϐαινούσαις</span> 
     </span>
    </p>
   </div>
   <div class='ocr_carea' id='block_1_108' title="bbox 2303 4749 3896 4828">
    <p class='ocr_par' dir='ltr' id='par_1_108' title="bbox 2303 4749 3896 4828">
     <span class='ocr_line' id='line_1_108' title="bbox 2303 4749 3896 4828; baseline -0.003 -18"><span class='ocrx_word' id='word_1_768' title='bbox 2303 4757 2403 4828; x_wconf 78' lang='grc' dir='ltr'>τὴν</span> <span class='ocrx_word' id='word_1_769' title='bbox 2449 4757 2629 4827; x_wconf 81' lang='grc' dir='ltr'>φύσιν,</span> <span class='ocrx_word' id='word_1_770' title='bbox 2685 4757 2778 4813; x_wconf 71' lang='grc' dir='ltr'>καὶ</span> <span class='ocrx_word' id='word_1_771' title='bbox 2818 4757 2926 4810; x_wconf 88' lang='grc' dir='ltr'><strong>τῶν</strong></span> <span class='ocrx_word' id='word_1_772' title='bbox 2955 4755 3350 4828; x_wconf 82' lang='grc' dir='ltr'>λιμωττὼντων</span> <span class='ocrx_word' id='word_1_773' title='bbox 3378 4749 3517 4825; x_wconf 78' lang='grc' dir='ltr'>ἦσαν</span> <span class='ocrx_word' id='word_1_774' title='bbox 3555 4752 3713 4806; x_wconf 82' lang='grc' dir='ltr'>πλέον</span> <span class='ocrx_word' id='word_1_775' title='bbox 3753 4754 3896 4824; x_wconf 63' lang='grc' dir='ltr'>ἀχά·</span> 
     </span>
    </p>
   </div>
   <div class='ocr_carea' id='block_1_109' title="bbox 2307 4844 3892 4920">
    <p class='ocr_par' dir='ltr' id='par_1_109' title="bbox 2307 4844 3892 4920">
     <span class='ocr_line' id='line_1_109' title="bbox 2307 4844 3892 4920; baseline -0.003 -18"><span class='ocrx_word' id='word_1_776' title='bbox 2307 4866 2514 4917; x_wconf 89' lang='grc' dir='ltr'>ριστοι·</span> <span class='ocrx_word' id='word_1_777' title='bbox 2577 4850 2755 4919; x_wconf 85' lang='grc' dir='ltr'>μάννα</span> <span class='ocrx_word' id='word_1_778' title='bbox 2803 4849 3124 4920; x_wconf 77' lang='grc' dir='ltr'>ὑπεδέχοντο</span> <span class='ocrx_word' id='word_1_779' title='bbox 3159 4847 3450 4920; x_wconf 81' lang='grc' dir='ltr'>οὐρανόθεν</span> <span class='ocrx_word' id='word_1_780' title='bbox 3498 4844 3892 4916; x_wconf 83' lang='grc' dir='ltr'>πεμπόμενον,</span> 
     </span>
    </p>
   </div>
   <div class='ocr_carea' id='block_1_110' title="bbox 2304 4935 3894 5012">
    <p class='ocr_par' dir='ltr' id='par_1_110' title="bbox 2304 4935 3894 5012">
     <span class='ocr_line' id='line_1_110' title="bbox 2304 4935 3894 5012; baseline -0.004 -20"><span class='ocrx_word' id='word_1_781' title='bbox 2304 4941 2398 4994; x_wconf 70' lang='grc' dir='ltr'>καὶ</span> <span class='ocrx_word' id='word_1_782' title='bbox 2424 4939 2532 4993; x_wconf 83' lang='grc' dir='ltr'><strong>τῶν</strong></span> <span class='ocrx_word' id='word_1_783' title='bbox 2559 4940 2943 5008; x_wconf 79' lang='grc' dir='ltr'>Αἰγυπτιακῶν</span> <span class='ocrx_word' id='word_1_784' title='bbox 2974 4940 3248 5011; x_wconf 84' lang='grc' dir='ltr'>σκορόδων</span> <span class='ocrx_word' id='word_1_785' title='bbox 3262 4956 3320 4992; x_wconf 90' lang='grc' dir='ltr'><strong>τε</strong></span> <span class='ocrx_word' id='word_1_786' title='bbox 3343 4937 3437 4991; x_wconf 74' lang='grc' dir='ltr'>καὶ</span> <span class='ocrx_word' id='word_1_787' title='bbox 3461 4935 3766 5012; x_wconf 85' lang='grc' dir='ltr'>κρομμύων</span> <span class='ocrx_word' id='word_1_788' title='bbox 3791 4935 3894 5006; x_wconf 83' lang='grc' dir='ltr'>τὴν</span> 
     </span>
    </p>
   </div>
   <div class='ocr_carea' id='block_1_111' title="bbox 2302 5027 3896 5101">
    <p class='ocr_par' dir='ltr' id='par_1_111' title="bbox 2302 5027 3896 5101">
     <span class='ocr_line' id='line_1_111' title="bbox 2302 5027 3896 5101; baseline -0.003 -19"><span class='ocrx_word' id='word_1_789' title='bbox 2302 5029 2565 5089; x_wconf 79' lang='grc' dir='ltr'>δυσωδίαν</span> <span class='ocrx_word' id='word_1_790' title='bbox 2601 5031 2829 5084; x_wconf 80' lang='grc' dir='ltr'>ἐπόθουν</span> <span class='ocrx_word' id='word_1_791' title='bbox 2862 5047 2875 5060; x_wconf 91' lang='grc'><strong>·</strong></span> <span class='ocrx_word' id='word_1_792' title='bbox 2921 5030 3096 5101; x_wconf 86' lang='grc' dir='ltr'>στύλῳ</span> <span class='ocrx_word' id='word_1_793' title='bbox 3124 5030 3356 5100; x_wconf 76' lang='grc' dir='ltr'>νεφέλης</span> <span class='ocrx_word' id='word_1_794' title='bbox 3391 5028 3488 5099; x_wconf 75' lang='grc' dir='ltr'>τὴν</span> <span class='ocrx_word' id='word_1_795' title='bbox 3517 5027 3733 5099; x_wconf 75' lang='grc' dir='ltr'>ἡμέραν</span> <span class='ocrx_word' id='word_1_796' title='bbox 3787 5028 3896 5078; x_wconf 81' lang='grc' dir='ltr'>ύπ-</span> 
     </span>
    </p>
   </div>
   <div class='ocr_carea' id='block_1_112' title="bbox 2304 5120 3899 5196">
    <p class='ocr_par' dir='ltr' id='par_1_112' title="bbox 2304 5120 3899 5196">
     <span class='ocr_line' id='line_1_112' title="bbox 2304 5120 3899 5196; baseline -0.003 -20"><span class='ocrx_word' id='word_1_797' title='bbox 2304 5122 2637 5188; x_wconf 80' lang='grc' dir='ltr'>εσκιάζοντο,</span> <span class='ocrx_word' id='word_1_798' title='bbox 2691 5123 2776 5177; x_wconf 76' lang='grc' dir='ltr'>ἵνα</span> <span class='ocrx_word' id='word_1_799' title='bbox 2805 5124 2882 5196; x_wconf 80' lang='grc' dir='ltr'>μὴ</span> <span class='ocrx_word' id='word_1_800' title='bbox 2937 5125 3004 5195; x_wconf 80' lang='grc' dir='ltr'>τῇ</span> <span class='ocrx_word' id='word_1_801' title='bbox 3055 5123 3231 5195; x_wconf 80' lang='grc' dir='ltr'>θέρμῃ</span> <span class='ocrx_word' id='word_1_802' title='bbox 3269 5123 3366 5194; x_wconf 79' lang='grc' dir='ltr'>τῆς</span> <span class='ocrx_word' id='word_1_803' title='bbox 3409 5120 3640 5192; x_wconf 72' lang='grc' dir='ltr'>ἡλιακῆς</span> <span class='ocrx_word' id='word_1_804' title='bbox 3670 5120 3899 5182; x_wconf 84' lang='grc' dir='ltr'>ἀκτῖνος</span> 
     </span>
    </p>
   </div>
   <div class='ocr_carea' id='block_1_113' title="bbox 2305 5210 3899 5288">
    <p class='ocr_par' dir='ltr' id='par_1_113' title="bbox 2305 5210 3899 5288">
     <span class='ocr_line' id='line_1_113' title="bbox 2305 5210 3899 5288; baseline -0.002 -21"><span class='ocrx_word' id='word_1_805' title='bbox 2305 5214 2786 5288; x_wconf 77' lang='grc' dir='ltr'>ταλαιπωρήσωσι,</span> <span class='ocrx_word' id='word_1_806' title='bbox 2819 5216 2914 5268; x_wconf 75' lang='grc' dir='ltr'>καὶ</span> <span class='ocrx_word' id='word_1_807' title='bbox 2940 5215 3116 5286; x_wconf 84' lang='grc' dir='ltr'>στύλῳ</span> <span class='ocrx_word' id='word_1_808' title='bbox 3147 5214 3318 5285; x_wconf 79' lang='grc' dir='ltr'>πυρὸς</span> <span class='ocrx_word' id='word_1_809' title='bbox 3348 5215 3406 5267; x_wconf 81' lang='grc' dir='ltr'><strong>ἐν</strong></span> <span class='ocrx_word' id='word_1_810' title='bbox 3435 5213 3592 5266; x_wconf 73' lang='grc' dir='ltr'>νυκτὶ</span> <span class='ocrx_word' id='word_1_811' title='bbox 3615 5210 3899 5281; x_wconf 72' lang='grc' dir='ltr'>κατελάμ-</span> 
     </span>
    </p>
   </div>
   <div class='ocr_carea' id='block_1_114' title="bbox 2306 5303 3938 5380">
    <p class='ocr_par' dir='ltr' id='par_1_114' title="bbox 2306 5303 3938 5380">
     <span class='ocr_line' id='line_1_114' title="bbox 2306 5303 3938 5380; baseline -0.001 -21"><span class='ocrx_word' id='word_1_812' title='bbox 2306 5324 2488 5375; x_wconf 83' lang='grc' dir='ltr'>ποντο,</span> <span class='ocrx_word' id='word_1_813' title='bbox 2523 5307 2680 5361; x_wconf 82' lang='grc' dir='ltr'>ἄλλον</span> <span class='ocrx_word' id='word_1_814' title='bbox 2733 5311 2995 5380; x_wconf 72' lang='grc' dir='ltr'>φωστῆρα</span> <span class='ocrx_word' id='word_1_815' title='bbox 3051 5307 3240 5362; x_wconf 75' lang='grc' dir='ltr'>καινὸν</span> <span class='ocrx_word' id='word_1_816' title='bbox 3296 5306 3446 5377; x_wconf 85' lang='grc' dir='ltr'><strong>παρά</strong></span> <span class='ocrx_word' id='word_1_817' title='bbox 3497 5307 3596 5377; x_wconf 86' lang='grc' dir='ltr'>τὴν</span> <span class='ocrx_word' id='word_1_818' title='bbox 3654 5303 3938 5373; x_wconf 77' lang='grc' dir='ltr'>σελήνην.</span> 
     </span>
    </p>
   </div>
   <div class='ocr_carea' id='block_1_115' title="bbox 2305 5394 3900 5470">
    <p class='ocr_par' dir='ltr' id='par_1_115' title="bbox 2305 5394 3900 5470">
     <span class='ocr_line' id='line_1_115' title="bbox 2305 5394 3900 5470; baseline -0.002 -20"><span class='ocrx_word' id='word_1_819' title='bbox 2305 5399 2558 5464; x_wconf 82' lang='grc' dir='ltr'>λαϐόντες</span> <span class='ocrx_word' id='word_1_820' title='bbox 2585 5397 2879 5470; x_wconf 78' lang='grc' dir='ltr'>ἐξαίρετον,</span> <span class='ocrx_word' id='word_1_821' title='bbox 2909 5401 3087 5464; x_wconf 73' lang='grc' dir='ltr'>καὶὼς</span> <span class='ocrx_word' id='word_1_822' title='bbox 3119 5401 3376 5469; x_wconf 70' lang='grc' dir='ltr'>οὐδεμιᾶς</span> <span class='ocrx_word' id='word_1_823' title='bbox 3403 5398 3683 5469; x_wconf 84' lang='grc' dir='ltr'>ἐνεργείας</span> <span class='ocrx_word' id='word_1_824' title='bbox 3698 5394 3900 5464; x_wconf 77' lang='grc' dir='ltr'>θείκῆς</span> 
     </span>
    </p>
   </div>
   <div class='ocr_carea' id='block_1_116' title="bbox 3567 5601 3896 5672">
    <p class='ocr_par' dir='ltr' id='par_1_116' title="bbox 3567 5601 3896 5672">
     <span class='ocr_line' id='line_1_116' title="bbox 3567 5601 3896 5672; baseline -0.003 -15"><span class='ocrx_word' id='word_1_825' title='bbox 3567 5603 3610 5634; x_wconf 82' lang='grc'><strong>⁸’</strong></span> <span class='ocrx_word' id='word_1_826' title='bbox 3637 5602 3710 5657; x_wconf 59' lang='lat' dir='ltr'><strong>lia</strong></span> <span class='ocrx_word' id='word_1_827' title='bbox 3758 5601 3896 5672; x_wconf 75' lang='lat' dir='ltr'><strong>Seg.</strong></span> 
     </span>
    </p>
   </div>
   <div class='ocr_carea' id='block_1_117' title="bbox 2352 5603 3486 5680">
    <p class='ocr_par' dir='ltr' id='par_1_117' title="bbox 2352 5603 3486 5680">
     <span class='ocr_line' id='line_1_117' title="bbox 2352 5603 3486 5680; baseline -0.005 -16"><span class='ocrx_word' id='word_1_828' title='bbox 2352 5608 2396 5638; x_wconf 86' lang='grc'><strong>³⁰</strong></span> <span class='ocrx_word' id='word_1_829' title='bbox 2437 5607 2560 5677; x_wconf 76' lang='lat' dir='ltr'><strong>ch.</strong></span> <span class='ocrx_word' id='word_1_830' title='bbox 2595 5607 2945 5680; x_wconf 72' lang='grc' dir='ltr'>κεκραγότος.</span> <span class='ocrx_word' id='word_1_831' title='bbox 3045 5608 3086 5640; x_wconf 78' lang='grc'>³¹</span> <span class='ocrx_word' id='word_1_832' title='bbox 3129 5607 3213 5660; x_wconf 69' lang='lat' dir='ltr'><strong>Fc.</strong></span> <span class='ocrx_word' id='word_1_833' title='bbox 3249 5605 3339 5658; x_wconf 67' lang='grc' dir='ltr'><strong>καὶ</strong></span> <span class='ocrx_word' id='word_1_834' title='bbox 3365 5603 3486 5658; x_wconf 74' lang='grc' dir='ltr'>οὐκ.</span> 
     </span>
    </p>
   </div>
  </div>
