4048 6194
456 273 564 330 9.63

1721 257 1784 314 S.
1820 252 2094 312 ASTERII
2131 250 2434 309 AMASENI

3597 244 3715 303 9.64

461 397 680 452 natum;
716 385 890 440 virum
919 397 983 436 ex
1014 393 1211 450 genere
1236 375 1557 444 Israelilam,
1585 373 1774 446 legalis
1801 373 2018 428 instituo
2051 423 2056 433 η

2161 386 2256 440 ητε
2282 368 2372 422 τὸν
2397 367 2513 420 υἱὸν
2542 365 2635 420 τοῦ
2671 363 2873 436 Ἀμώς,
2906 363 3189 436 προφήτην
3215 360 3494 432 προφήτου
3522 361 3718 427 παῖδα,

466 479 632 534 tionis
658 487 836 547 caput.
877 474 960 529 Sit
1005 470 1113 527 Deo
1143 469 1336 541 gloria,
1367 475 1628 538 potestas,
1665 465 1859 529 honor,
1888 476 2031 518 nunc

461 581 518 628 et
543 584 757 639 semper
778 577 833 622 et
859 565 913 620 in
941 559 1138 618 saecula
1163 559 1502 617 seculorum.
1533 555 1730 610 Amen.

466 860 533 916 lu
557 867 765 914 sanctos
787 852 1043 926 principes
1061 755 1322 922 apart:
1345 846 1561 903 Petrum
1583 855 1632 902 et
1650 844 1881 900 Paulum
1895 839 2030 916 (ιο).

535 1009 598 1065 ili
627 1021 759 1064 sane
792 1019 1002 1070 omnes,
1026 1010 1282 1059 consueta
1301 1014 1367 1056 ac
1389 996 1628 1069 legitima
1654 994 1864 1050 ratione
1883 990 2036 1046 exhi-

463 1099 584 1164 biti,
631 1097 772 1153 sacri
827 1103 1127 1164 martyrum
1175 1091 1431 1155 honores,
1474 1085 1595 1142 festi
1638 1085 1756 1140 dies
1793 1090 1942 1147 sunt,
1971 1095 2038 1136 ac

465 1188 726 1260 praeclare
753 1201 784 1242 e
819 1186 1018 1256 pietate
1051 1191 1324 1255 gestorum
1367 1178 1505 1235 tituli
1532 1174 1802 1247 perpetui.
1837 1173 1894 1228 in
1935 1172 2036 1239 iis,

466 1281 556 1336 ubi
614 1277 981 1334 Ecclesiarum
1023 1271 1280 1345 praesules
1331 1269 1529 1326 dicturi
1586 1261 1935 1326 accesserint,
1973 1261 2039 1316 ad

469 1385 652 1426 rerum
691 1369 743 1424 in
777 1366 1044 1423 orationis
1075 1373 1449 1434 argumentum
1495 1356 1896 1429 propositarum
1921 1367 2040 1408 ma-

468 1461 802 1532 gnitudinem
844 1472 970 1513 suas
1009 1456 1287 1526 exigentes
1321 1453 1483 1514 vires,
1527 1451 1643 1520 ipso
1677 1448 1857 1504 statim
1881 1461 2042 1501 exor-

469 1553 559 1607 dio
604 1551 671 1604 ad
722 1550 934 1605 veniam
985 1559 1208 1616 remque
1263 1560 1294 1600 a
1335 1559 1396 1599 se
1441 1541 1799 1598 amoliendam
1847 1538 2040 1595 confu-

469 1647 644 1716 giunt,
676 1642 1053 1711 sermonisque
1101 1639 1343 1694 exilitate
1372 1636 1541 1691 minui
1581 1651 1762 1690 rerum
1794 1631 2042 1703 magnifi-

2143 458 2485 531 ἰσραηλίτην
2521 459 2587 512 ἐκ
2623 457 2814 525 γένους
2853 455 3051 528 ἄνδρα,
3089 454 3190 524 τῆς
3236 451 3380 506 κατά
3416 451 3509 504 τὸν
3549 451 3721 522 νόμον

2131 550 2353 621 ἀγωγῆς
2371 549 2432 603 τδ
2457 548 2769 622 κεφάλαιον.
2787 547 2877 618 Τῷ
2905 546 2961 600 δὲ
2988 545 3107 618 Θεῷ
3127 544 3285 611 δόξα,
3319 541 3715 614 κράτος.τιμὴ,

2131 640 2227 695 νῦν
2259 642 2353 695 καὶ
2381 641 2470 694 ἀεὶ
2497 641 2592 694 καὶ
2612 641 2692 703 είς
2719 639 2846 706 τοὺς
2875 639 3076 702 αίῶνας
3108 638 3217 692 τῶν
3244 635 3476 690 αἰώνων.
3514 636 3717 706 Ἀμήν.

2876 753 2960 806 H'.

2145 845 2464 918 Ἐγκώμιον
2493 849 2582 914 εὶς
2626 846 2772 918 τοὺς
2803 846 3031 918 ἁγίους,
3056 844 3419 918 κοργφαίυυς
3451 841 3722 896 ἀποστό-

2512 913 2667 984 λους
2689 913 2918 984 Πέτρον
2939 914 3038 968 καί
3071 913 3338 968 Παῦλον.

2205 1007 2383 1062 Πᾶσαι
2413 1009 2511 1079 μὲν
2537 1010 2593 1062 αἱ
2620 1007 2868 1079 συνήθεις
2888 1001 3156 1060 αὗταικαὶ
3185 1005 3326 1060 κατά
3347 1007 3509 1076 νόμον
3537 1002 3726 1057 τελού-

2140 1111 2299 1167 μεναι
2331 1096 2442 1150 τῶν
2471 1095 2768 1169 μαρτύρων
2799 1093 2958 1164 τιμαὶ
2988 1095 3153 1165 ἱεραὶ,
3191 1091 3528 1163 πανηγύρεις
3586 1090 3719 1154 sint,

2137 1187 2364 1242 καὶτῶν
2404 1189 2546 1242 κατά
2577 1188 2708 1242 Θεὸν
2742 1185 3269 1258 ἀνδραγαθησάντων
3301 1184 3492 1254 στῆλαι
3529 1183 3724 1237 διαιω-

2136 1279 2404 1343 νίζουσαιο
2441 1281 2498 1334 ὲν
2531 1275 2619 1344 αἷς
2664 1282 2714 1333 οἱ
2763 1279 3016 1352 πρόεδροι
3065 1277 3174 1331 τῶν
3216 1274 3540 1346 ἐκκλησιῶν,
3591 1275 3724 1328 ὅταν

2139 1371 2277 1442 πρὸς
2295 1371 2358 1425 τὸ
2376 1370 2556 1440 λέγειν
2574 1371 2904 1440 ἀφίκωνται,
2937 1370 3036 1434 τὰς
3064 1368 3273 1423 ἑαυτῶν
3305 1367 3560 1437 δυνάμεις
3587 1366 3725 1418 ἀντ-

2139 1458 2483 1525 εξετάζοντες
2533 1458 2612 1528 τῷ
2667 1459 2886 1530 μεγέθει
2926 1458 3035 1512 τῶν
3061 1457 3393 1520 ὑποθέσεων,
3457 1454 3619 1517 εὐθὺς
3666 1456 3730 1506 ὲν

2142 1551 2454 1622 προοιμίοις
2483 1552 2620 1624 πρὸς
2649 1552 2748 1623 τὴν
2787 1550 3116 1622 συγγνώμην
3146 1550 3240 1604 καὶ
3269 1549 3368 1620 τὴν
3392 1548 3732 1619 παραίτησιν

2143 1642 2601 1712 καταφεύγουσιν·
2626 1643 2720 1696 καί
2736 1660 2900 1713 φασιν
2927 1641 3181 1696 ἐλαττοῦν
3210 1641 3308 1711 τὴν
3325 1639 3433 1693 τῶν
3467 1638 3733 1710 πραγμά-

470 1738 703 1792 centiam
751 1743 1022 1790 asserunt.
1073 1731 1144 1788 Ut
1195 1745 1326 1785 vero
1375 1729 1473 1794 illi,
1526 1725 1768 1797 singulos
1799 1737 2046 1796 quosque

2161 1751 2252 1787 ιων
2291 1734 2766 1806 μεγαλοπρέπειαν
2787 1737 2853 1804 τῇ
2887 1733 2982 1787 τοῦ
3013 1735 3172 1804 λόγου
3204 1732 3549 1804 σμικρότητι.
3589 1732 3653 1784 El
3680 1730 3730 1782 δ’

470 1839 737 1899 martyres
794 1826 1046 1882 laudibus
1096 1821 1442 1886 celebraturi,
1480 1819 1628 1874 velut
1670 1819 1910 1872 animum
1947 1819 2046 1870 de-

471 1924 763 1992 spondent,
790 1919 1073 1988 majusque
1106 1915 1308 1985 aliquid
1341 1927 1502 1982 quam
1529 1926 1626 1980 pro
1656 1925 1752 1964 sua
1790 1909 2046 1964 facultate

472 2013 834 2066 laudationem
868 2015 1202 2076 agnoscunt,
1246 2018 1311 2058 a‘c
1354 2001 1554 2073 liquido
1605 2014 1758 2056 suam
1818 1999 1916 2068 ipsi
1964 1997 2047 2052 fa-

474 2112 656 2159 tentur
700 2099 1122 2155 imbecillitatem
1148 2136 1163 2160 ,
1211 2093 1342 2164 quid
1379 2108 1463 2147 me
1503 2093 1615 2155 fiet,
1669 2091 1752 2146 cui
1782 2091 2045 2146 hodierna

471 2197 560 2252 die
601 2204 898 2266 martyrum
923 2199 1283 2262 praeceptores
1307 2187 1502 2242 celebri
1542 2186 1696 2241 laude
1717 2198 2048 2256 prosequen-

471 2289 570 2344 dos
606 2286 940 2358 propositum
972 2284 1082 2339 sit?
1119 2283 1308 2347 Veros,
1347 2281 1592 2349 inquam,
1633 2279 1774 2339 illos,
1813 2277 2048 2347 primos-

473 2396 580 2452 que
614 2377 907 2448 discipulos
965 2375 1188 2441 Christi,
1225 2371 1592 2428 Ecclesiarum
1636 2369 1852 2434 Patres,
1905 2368 2050 2422 solos

472 2476 732 2546 probatos
774 2469 1070 2539 fidelesque
1122 2466 1398 2536 Evangelii
1457 2479 1766 2535 praecones;
1805 2463 2048 2534 quicum

477 2566 587 2622 Deo
619 2565 850 2618 miscere
871 2559 1160 2630 colloquia,
1194 2558 1413 2627 suisque
1440 2557 1540 2625 ipsi
1566 2557 1787 2611 auribus
1813 2553 2048 2610 divinam

477 2656 770 2724 suscipere.
801 2666 986 2707 vocem
1018 2649 1163 2721 digni
1197 2648 1366 2704 habiti
1395 2647 1525 2702 sint.
1563 2646 1715 2702 llaud
1749 2646 2047 2710 enimvero,

478 2747 621 2818 quod
650 2747 722 2799 sit
750 2741 999 2798 sublimis
1028 2755 1227 2803 sermo,
1251 2753 1315 2794 ac
1340 2740 1544 2792 arduus
1571 2747 1816 2800 conatus,
1845 2737 2051 2792 idcirco

477 2851 658 2908 operae
688 2836 922 2905 pretium
975 2832 1226 2886 videatur
1266 2840 1325 2885 ut
1362 2831 1506 2884 iners
1549 2842 1853 2896 vanumque
1887 2827 2052 2882 silen-

479 2929 612 2984 tium
644 2926 928 2996 eligamus,
959 2924 1271 2991 ignavorum
1311 2935 1462 2976 more
1490 2933 1554 2974 ac
1601 2919 1769 2971 maris
1809 2917 2048 2984 rudium,

480 3021 570 3090 qui
611 3019 677 3073 ad
705 3017 872 3073 maris
896 3008 1070 3086 ipsum
1101 3023 1376 3084 aspectum
1405 3010 1961 3081 abjiciuntanimum;
1987 3023 2052 3064 ac

481 3125 658 3182 neque
689 3109 955 3180 principio
1007 3107 1274 3164 sustinent
1299 3106 1480 3160 navim
1517 3102 1903 3171 conscendere,
1954 3119 2053 3158 nec

481 3197 567 3252 vel
597 3195 906 3265 experiendi
946 3207 1132 3260 causa,
1159 3201 1400 3246 extrema
1428 3191 1541 3260 ipsa
1568 3189 1750 3244 littora
1781 3189 2051 3243 modicum

483 3291 873 3361 obnavigantes
903 3289 1180 3344 lustrare:
1220 3287 1348 3358 quin
1389 3294 1467 3340 ter
1506 3284 1681 3340 beatis
1728 3281 1887 3350 viris,
1916 3298 2054 3354 quo-

485 3528 734 3585 Clemens
773 3524 810 3580 l.
846 3541 863 3579 ι
899 3522 1121 3588 Strom.,
1169 3537 1311 3594 pag.
1339 3521 1467 3594 mihi
1514 3522 1640 3594 527,
1696 3521 2050 3594 Epiphanius,

487 3614 583 3654 seu
635 3595 878 3666 quisquis
914 3604 1104 3647 auctor
1139 3604 1221 3666 est
1263 3592 1542 3666 libel|i_de
1588 3592 2056 3666 vitishPropheta-

490 3684 626 3722 rum.
652 3663 953 3729 Cedreuus,
996 3678 1117 3733 pag.
1152 3664 1239 3718 88.
1267 3664 1405 3729 Aug.
1441 3663 1476 3716 Ι.
1517 3677 1648 3733 xviii
1678 3663 1940 3730 Civit.,'c.
1962 3665 2055 3732 27,

489 3736 731 3792 nonnihil
791 3735 986 3789 dubius
1043 3731 1250 3805 estaAt
1304 3747 1530 3805 magnus
1589 3731 1949 3805 Hieronymus
1983 3731 2052 3791 ex

490 3805 776 3862 Hebraicis
827 3805 1066 3858 fontibus
1111 3804 1272 3858 alium
1319 3803 1500 3857 statim
1530 3803 1881 3872 deprehendit
1910 3803 2063 3861 Isaiae

490 3887 735 3948 patrem,
781 3873 942 3948 alium
993 3875 1310 3944 prophetam
1361 3874 1577 3948 Amos,_
1616 3874 1934 3948 qgibuscum
1998 3889 2066 3948 ne

492 3943 684 4003 nomen
722 3943 946 4015 quidem
989 3943 1274 4015 commune
1313 3951 1492 4008 esset;
1534 3943 1746 4015 sicille
1792 3947 2068 4013 prommiis

493 4020 547 4073 in
583 4014 869 4084 utrumque
899 4014 1248 4082 prophetam,
1316 4029 1414 4082 pro
1475 4028 1570 4084 sua
1625 4014 1676 4068 iu
1728 4017 1899 4084 sacris
1921 4016 2070 4070 Scri-

493 4083 1058 4158 pturisuex’ponendis
1103 4083 1405 4158 eruditione
1435 4083 1688 4158 ma_xima_.
1736 4083 2070 4158 Potestqui-

493 4152 576 4212 vis
628 4152 813 4226 adire;
844 4155 958 4208 Non
1005 4152 1178 4226 placet
1234 4152 1443 4222 Caspar
1502 4153 1778 4226 Sanctius
1827 4152 2070 4226 prolego-

499 4227 672 4282 tneuis
701 4228 752 4280 in
787 4225 976 4287 Amos,
1004 4223 1096 4292 qui
1127 4233 1364 4276 mutasse
1393 4237 1514 4274 eum
1547 4224 1872 4278 sententiain
1901 4223 2064 4290 dicat,

495 4311 560 4350 ac
577 4297 824 4349 eumdem
853 4294 1196 4348 existimasse
1218 4301 1507 4358 utrumque
1535 4293 1700 4346 Amos
1739 4292 1841 4346 lsa.
1873 4309 2065 4355 xxviii,

2147 1828 2365 1890 ἐκεῖνοι,
2388 1827 2515 1890 τοὺς
2534 1826 2897 1880 καθ’ἕκαστον
2914 1826 3023 1879 τῶν
3049 1825 3340 1898 μαρτύρων
3360 1822 3732 1894 ἐγκωμιάζειν

2151 1917 2456 1987 μέλλοντες,
2498 1917 2905 1989 ἀπαγορεύουσι
2921 1918 3056 1990 πρὸς
3071 1918 3161 1971 τὸν
3194 1918 3431 1978 ἔπαινον,
3459 1915 3554 1969 καὶ
3585 1915 3735 1983 λαμ-

2147 2010 2263 2080 πρᾷ
2295 2010 2360 2078 τῇ
2391 2011 2540 2079 φωνῇ
2568 2009 2668 2078 τὴν
2686 2007 2834 2077 σφῶν
2852 2007 3028 2061 αὐτῶν
3051 2006 3400 2078 ὁμολογοῦσιν
3423 2003 3733 2058 ἀσθένειανο

2147 2100 2231 2162 τίς
2265 2099 2330 2152 ἂν
2362 2099 2624 2170 γενοίμην
2673 2098 2784 2168 ἐγὼ
2814 2101 3073 2170 σήμερον,
3133 2101 3161 2151 ὁ
3199 2100 3322 2160 τοὺς
3378 2095 3738 2157 διδασκάλους

2147 2189 2258 2242 τῶν
2313 2189 2609 2262 μαρτύρων
2662 2191 2801 2260 ἔχων
2854 2190 3249 2261 προκειμένους
3301 2190 3380 2252 εἰς
3427 2187 3736 2258 εὐφημίαν,

2147 2277 2276 2344 τοὺς
2322 2281 2580 2352 γνησίους
2633 2282 2728 2335 καὶ
2784 2281 3032 2353 πρώτους
3069 2280 3312 2352 μαθητὰς
3338 2280 3432 2332 τοῦ
3469 2278 3737 2351 Χριστοῦ,

2150 2372 2276 2434 τοὺς
2302 2372 2552 2442 Πατέρας
2595 2373 2704 2425 τῶν
2737 2373 3062 2444 ἐκκλησιῶν,
3115 2374 3239 2436 τοὺς
3273 2373 3467 2443 μόνους
3521 2372 3740 2437 ἀξιοπί-

2153 2480 2314 2526 στους
2344 2464 2678 2532 Εὑαγγελίου
2729 2465 2998 2535 κήρυκας,
3053 2465 3179 2528 τοὺς
3217 2463 3335 2534 θεῷ
3367 2462 3738 2534 λαλήσαντας,

2153 2553 2251 2608 καλ⁵
2276 2553 2376 2626 τὴν
2400 2555 2552 2628 παρά
2581 2556 2718 2610 Θεοῦ
2761 2557 2945 2628 φωνὴν
2987 2557 3312 2628 δεξαμένους
3339 2559 3459 2619 ταῖς
3503 2556 3738 2620 ἀκοαῖς-ς

2153 2646 2228 2702 Οὐ
2259 2647 2386 2718 μὴν,
2434 2649 2623 2720 ἐπειδὴ
2656 2649 2778 2702 λίαν
2812 2649 3014 2721 ὑψηλὸς
3053 2651 3081 2702 ὁ
3114 2649 3291 2718 λόγος,
3358 2649 3452 2702 καὶ
3505 2647 3736 2717 δυσέφι-

2153 2757 2279 2803 κτος
2314 2741 2348 2810 ἡ
2377 2741 2711 2812 ἐγχείρησις,
2742 2742 2838 2812 τὴν
2872 2743 3046 2813 ἀργὴν
3084 2743 3177 2796 καὶ
3211 2743 3490 2813 ἄπρακτον
3522 2742 3740 2812 σιωπὴν

2151 2831 2550 2900 ἀγαπήσωμεν,
2583 2831 2772 2903 ὥσπερ
2807 2835 2854 2885 οξ
2879 2833 3042 2886 δειλοὶ
3064 2835 3158 2887 καὶ
3187 2833 3654 2906 ἀπειῳθάλαττοι,
3685 2835 3742 2887 οἱ

2153 2921 2288 2993 πρὸς
2320 2923 2488 2993 μόνην
2534 2923 2634 2994 τὴν
2662 2923 2785 2993 ὄψιν
2829 2925 2931 2993 τῆς
2983 2925 3252 3000 Θαλάττης
3280 2926 3742 2998 ἀπαγορεύοντες,

2153 3011 2249 3065 καὶ
2274 3010 2397 3065 οὔτε
2426 3013 2526 3084 τὴν
2560 3014 2734 3086 ἀρχὴν
2765 3016 3019 3087 ὲπιὸἧναι
3070 3018 3168 3089 τῆς
3219 3017 3353 3082 νεὼς
3394 3016 3741 3088 ἀνεχόμενοι,

2157 3102 2283 3158 οὔτε
2317 3104 2514 3176 πείρας
2537 3107 2724 3160 ἕνεκεν
2757 3108 2930 3179 μικρά
2973 3110 3101 3172 τοὺς
3132 3109 3411 3178 αἰγιαλοὺς
3442 3107 3745 3180 περιπλεῦ-

2161 3212 2274 3250 σαιο
2304 3197 2488 3262 αὐτοῖς
2537 3198 2594 3252 δὲ
2618 3202 2732 3263 τοῖς
2763 3201 3185 3272 τρισμακαρῐοις
3230 3199 3613 3262 πιστεύσαντες
3642 3198 3747 3267 τὴν
3819 3203 3835 3218 ⁸

2160 3289 2493 3360 ἐγχείρησιν,
2546 3293 2659 3354 τοῖς
2705 3291 2850 3362 ὑπὲρ
2877 3285 2952 3346 ὧν
3007 3291 3439 3364 συνεληλύθαμεν
3481 3293 3746 3363 σήμερον,

2164 3526 2427 3582 inhiantis
2453 3527 2895 3598 opibuﬁs,_quibus
2925 3524 3221 3581 Ecclesiam
3253 3525 3421 3598 _ditet,
3456 3523 3544 3598 pia
3595 3523 3753 3598 solli-

2165 3599 2428 3663 eitudine,
2477 3594 2530 3652 in
2591 3594 2842 3662 Galliam,
2889 3611 3051 3664 quam
3105 3596 3392 3664 praecipuis
3448 3594 3752 3662 fulgoribus

2167 3667 2468 3733 collustrat,
2505 3667 2716 3732 illatus;
2769 3681 2973 3736 proque
3010 3665 3378 3736 humanitate,
3429 3664 3562 3718 mibi
3629 3679 3749 3736 mu-

2171 3738 2313 3804 dico,
2383 3739 2668 3791 Asteriana
2741 3733 2952 3804 aliaque
3010 3733 3228 3788 Patrum
3280 3749 3402 3789 cum
3466 3733 3750 3804 exegetica

2173 3817 2285 3861 tum
2315 3808 2650 3866 exornativa,
2679 3807 2911 3875 quodam
2957 3805 3105 3860 velut
3135 3805 3410 3874 spicilegio
3445 3803 3752 3875 parturien-

2176 3877 2235 3941 ti,
2261 3879 2566 3957 eommuuis
2607 3874 2924 3957 factusgiit.
2941 3891 3007 3930 ex
3052 3891 3118 3930 eo
3151 3875 3373 3957 legerim
3407 3874 3514 3957 alia
3547 3887 3612 3954 a_c
3644 3888 3752 3927 ex-

2175 3947 2515 4015 scripserim,
2575 3946 2678 4000 alia
2724 3946 2856 4000 mihi
2904 3943 3014 4013 iam
3055 3943 3284 4013 reposita
3333 3943 3650 4015 contulerim
3682 3958 3754 4015 ac

2171 4014 2604 4082 emendaverim,
2669 4017 2720 4069 in
2784 4015 2980 4084 quibus
3032 4015 3199 4070 altera
3250 4016 3489 4083 ejusdem
3545 4014 3750 4066 Asterii

2172 4087 2346 4140 oratio
2377 4086 2432 4139 in
2479 4101 2680 4140 cmcum
2717 4094 2926 4149 natum,
2967 4085 3121 4150 cujus
3145 4085 3258 4153 jam
3281 4101 3345 4140 ex
3378 4086 3753 4153 Romanoico-

2173 4155 2291 4210 dice
2325 4157 2406 4209 vir
2447 4155 2869 4210 humanissimus
2896 4171 2960 4210 ac
3004 4152 3351 4210 doctissimus
3402 4155 3468 4209 ll.
3508 4152 3567 4207 P.
3621 4152 3748 4207 Jac.

2175 4222 2519 4290 Sirmundus,
2560 4227 2767 4291 copiam
2824 4225 3045 4279 fecerat.
3081 4222 3245 4278 Plana
3289 4236 3416 4279 sunt
3445 4240 3509 4278 ac
3549 4225 3755 4292 perspi-

2174 4308 2299 4359 cua,
2329 4296 2550 4362 suisque
2572 4294 2787 4348 abunde
2814 4293 3113 4363 fulgoribus
3150 4296 3318 4360 clara,
3355 4295 3408 4349 in
3461 4295 3753 4359 utriusque

497 4367 630 4420 nihil
652 4366 794 4419 enim
822 4365 894 4418 ibi
928 4364 1286 4432 llieronytuus
1314 4362 1380 4417 de
1407 4375 1470 4414 ea
1517 4377 1595 4426 re,
1619 4376 1776 4434 quem
1828 4364 1956 4417 olim
2003 4379 2066 4417 ac
2094 4371 2146 4429 1)
2172 4363 2261 4418 hic
2288 4364 2542 4434 apostoli,
2570 4379 2635 4418 ac
2666 4362 2910 4418 maxime
2936 4366 3079 4434 Petri
3135 4364 3370 4427 laudem,
3403 4379 3564 4434 quam
3587 4377 3752 4434 vere,

498 4446 785 4504 antequam
823 4434 1086 4488 scriberet
1117 4435 1168 4486 in
1201 4441 1491 4504 utrumque
1537 4432 1851 4504 prophetam
1897 4448 2062 4504 Opor-

499 4502 693 4560 tuisset
735 4514 919 4558 tenere
948 4517 1066 4555 eam
1100 4502 1536 4572 sententiam,ut
1571 4503 1751 4572 citatis
1788 4503 2066 4572 prooemiis

497 4591 614 4630 eam
648 4581 1038 4628 retractaturus
1065 4582 1229 4626 esset.
1262 4571 1352 4624 Est
1382 4571 1597 4638 quidem
1627 4571 1736 4625 illic
1763 4571 1900 4640 apud
1919 4586 2063 4634 eum,

500 4643 676 4700 Isaias
723 4643 866 4711 ﬁlius
907 4643 1064 4694 Amos
1117 4642 1421 4710 prophetat:
1453 4640 1558 4711 sed
1601 4641 1776 4706 palam
1809 4643 2061 4695 mendum

499 4726 603 4779 est,
635 4710 742 4769 non
773 4711 1106 4782 Hieronymi,
1145 4713 1238 4782 sed
1287 4710 1623 4780 typographi,
1653 4725 1746 4765 seu
1780 4713 1944 4782 etiam
1973 4728 2067 4766 ex-

501 4783 790 4840 scribentis
837 4780 1123 4851 antiquarii
1149 4796 1166 4832 :
1196 4780 1586 4851 legendumque
1617 4791 1812 4851 est,rut
1865 4781 2066 4836 habent

503 4864 748 4910 correcta
771 4849 996 4922 quaeque
1012 4849 1338 4922 exemplaria
1367 4849 1683 4922 Bibliorum,
1712 4850 1856 4919 ﬁlius
1887 4854 2067 4917 Αηιυε,

503 4924 750 4994 propheta
773 4920 888 4977 {sic
910 4920 1141 4994 etLXX,
1162 4920 1191 4972 ὁ
1208 4921 1491 4993 προφήτης
1508 4935 1655 4994 {quo
1675 4923 1898 4994 articulo
1927 4934 2072 4976 recte

505 4991 875 5058 exprimuntn
904 4991 1288 5061 etnphaticum,
1330 4997 1471 5060 quod
1524 4991 1725 5046 habent
1783 4991 2068 5058 llebraira,

505 5074 902 5146 potueruntque
928 5063 1079 5145 citati
1110 5061 1281 5116 Graeci
1327 5075 1422 5130 per
1452 5075 1694 5118 errorem
1735 5063 1980 5134 aceipere
2015 5073 2074 5117 ut

508 5147 689 5190 notam
723 5147 965 5190 αειιιιινι.

580 5204 692 5277 (40)
724 5201 801 5259 Ex
859 5203 1174 5260 venerandae
1200 5201 1564 5277 antiquitatis
1604 5201 1939 5277 Seguiriana:
1993 5203 2074 5277 hi-

509 5273 706 5329 bliuth.
749 5277 896 5339 cod.,
935 5290 1108 5344 nuper
1164 5273 1325 5328 allato
1378 5286 1459 5344 οξ,
1489 5273 1700 5344 celebri
1745 5273 2074 5344 monasterio

509 5345 607 5414 τῆς
641 5341 1026 5416 Ἐγχλείστρας
1055 5344 1294 5416 Grmciae.
1313 5370 1376 5381 —
1405 5341 1877 5416 videaturmerito
1900 5343 2073 5396 oratio

514 5411 802 5484 umquam
826 5411 1137 5470 Asteriauas
1167 5414 1400 5484 palmam
1435 5412 1599 5484 ferre,
1627 5411 1986 5484 dignaJilaiie
2019 5420 2077 5464 ut

513 5483 694 5537 tamliu
725 5486 1096 5547 occultata,ac
1121 5479 1403 5540 in'Grzecia
1435 5483 1677 5545 latitans,
1691 5479 1754 5535 in
1784 5479 2076 5536 Occidente

514 5553 753 5615 tandem,
787 5553 874 5607 tibi
899 5554 1260 5621 apostolorum
1294 5553 1438 5607 Petri
1477 5562 1530 5607 et
1559 5549 1710 5606 Pauli
1735 5551 1937 5607 clarior
1964 5551 2070 5620 glo-

515 5622 829 5693 ria,_lucem
870 5627 1176 5692 aspiceret:
1202 5624 1371 5693 codex
1427 5623 1564 5693 bene
1597 5624 1871 5693 antiquus,
1905 5635 2077 5692 nuper

511 5691 586 5756 εί.
615 5691 800 5749 Galliae
847 5691 1156 5750 cancellarii
1211 5691 1356 5750 Petri
1412 5692 1700 5768 Seguierii,
1731 5691 1800 5750 iis
1843 5704 2078 5748 maxime

2171 4442 2279 4486 tam
2315 4433 2457 4488 eulte
2507 4443 2562 4488 et
2604 4449 2669 4487 ex
2727 4443 2844 4488 arte
2897 4433 2966 4488 ab
3014 4434 3227 4490 Asterio
3283 4433 3522 4503 digesta;
3553 4433 3757 4502 vixque

2169 4503 2308 4558 alius
2355 4505 2498 4559 Petri
2550 4506 2838 4573 primatum
2892 4521 2957 4558 ac
3005 4504 3381 4560 excellentiam
3414 4519 3574 4572 supra
3612 4518 3753 4568 apo-

2169 4573 2336 4645 stolos
2388 4575 2644 4645 reliquos.
2689 4574 3002 4638 Christique
3037 4577 3294 4630 vicariam
3329 4575 3644 4645 dignitatem
3667 4589 3758 4645 ac

2168 4643 2406 4714 ofﬁcium
2439 4643 2798 4700 in‘l’undanda
2824 4645 3173 4714 regendaque
3195 4645 3456 4708 Ecclesia,
3487 4643 3757 4697 illustrius

2172 4713 2263 4768 illo
2315 4714 2688 4784 explicaverit.
2722 4713 2902 4780 Quam
2935 4724 2993 4767 ut
3027 4716 3114 4768 uni
3149 4713 3309 4769 Petro
3349 4715 3624 4768 individue
3651 4729 3758 4764 an-

2173 4796 2365 4838 nexam
2394 4783 2774 4852 addictamque
2801 4785 3035 4839 voluerit
3088 4785 3370 4850 Dominus,
3423 4783 3562 4838 haud
3616 4785 3758 4836 satis

2173 4852 2428 4909 Ecclesia:
2485 4869 2595 4908 suae
2650 4854 3001 4908 consuluerit.
3065 4853 3150 4908 Sit
3209 4854 3365 4922 plane
3398 4853 3658 4916 etmodo,
3693 4862 3758 4904 ut

2172 4933 2386 4977 constet
2438 4938 2466 4976 a
2523 4924 2743 4978 Christo
2799 4923 2939 4978 bene
2992 4925 3238 4978 instituta
3289 4924 3593 4984 iuouacliia,
3624 4937 3760 4992 grex

2173 5008 2333 5058 unus,
2363 4995 2557 5046 nedum
2588 4994 2688 5047 sub
2722 5008 2828 5045 uno
2857 4993 3230 5061 archipastore
3253 4997 3468 5048 Christo
3511 4996 3670 5046 nobis
3699 4993 3758 5045 in

2173 5077 2340 5118 carne
2381 5063 2628 5123 absente,
2661 5063 2756 5116 sed
2801 5071 2856 5114 et
2891 5066 2990 5117 sub
3026 5079 3132 5118 uno
3167 5075 3382 5132 pastore
3418 5078 3483 5116 ac
3527 5063 3645 5131 ejus
3673 5063 3762 5114 vi-

2177 5143 2327 5205 cario
2379 5133 2578 5205 gipite,
2619 5146 2758 5186 novo
2792 5131 2948 5205 nobis
2979 5148 3044 5187 ac
3067 5131 3182 5203 jugi
3211 5149 3307 5205 per
3332 5136 3760 5205 successionem,

2180 5200 2359 5257 Petro.
2389 5201 2666 5256 Testatam
2710 5203 2931 5258 omnino
2959 5200 3160 5258 sanani
3175 5200 3329 5258 suam
3357 5206 3423 5258 de
3450 5202 3558 5258 Deo
3594 5201 3760 5256 (idem

2176 5270 2332 5339 facit,
2364 5286 2472 5342 qua
2498 5272 2686 5328 Arium
2721 5288 2784 5327 ac
2821 5271 3147 5328 Eunomium
3184 5275 3491 5339 haereticos,
3546 5287 3610 5326 ac
3661 5284 3760 5325 eo-

2179 5356 2297 5394 rum
2346 5358 2568 5410 pravum
2605 5344 2797 5412 dogma
2833 5357 2896 5398 ex
2931 5343 3074 5398 Petri
3131 5344 3472 5399 confessione
3500 5342 3759 5412 refellit;

2185 5425 2255 5482 ac
2271 5415 2412 5482 satis
2446 5411 2860 5474 indicat,’etiam
2895 5413 3157 5482 Spiritum
3189 5425 3459 5478 sanctum,
3492 5411 3638 5467 Patri
3693 5426 3765 5466 ac

2180 5478 2338 5552 Filio,
2371 5481 2422 5535 in
2458 5498 2618 5536 unatn
2648 5478 2970 5538 Trinitatem
3011 5483 3311 5547 accenseri,
3339 5483 3392 5537 in
3418 5497 3603 5552 quam,
3635 5497 3764 5535 cum

2181 5551 2377 5624 Petrus
2409 5552 2608 5624 triplici
2639 5555 2929 5624 negatione
2959 5562 3263 5624 peccasset,
3319 5554 3514 5624 triplici
3544 5553 3767 5624 nihilo.

2183 5622 2362 5677 minus
2392 5620 2595 5676 amoris
2645 5620 2982 5692 professione
3033 5622 3198 5680 faciat
3249 5620 3408 5682 satis,
3437 5620 3515 5678 Tu
3541 5622 3656 5693 ipse
3684 5622 3768 5676 le-

2182 5701 2300 5748 ctur
2325 5702 2600 5748 auctorem
2628 5693 2736 5748 adi.
