4034 6204
323 266 408 322 265
1184 264 1463 319 IlOMlLlA
1502 264 1635 321 Vlll.
1673 263 1738 319 IN
1775 263 1876 321 SS.
1917 261 2199 319 PETRUM
2235 261 2322 317 ΕΤ
2354 258 2663 319 PAULUM.

3435 265 3542 322 εδδ

325 386 379 438 τὰ
409 383 547 436 κατὰ
566 381 800 451 δύναμιν
826 383 892 450 τῇ
918 380 1023 433 τῶν
1053 380 1227 434 ἀλλων
1264 381 1569 453 εὐφροσύνῃ
1596 380 1876 453 παρασχέ-

1988 393 2099 432 runt
2133 375 2290 431 hodie
2310 376 2756 432 celebrandorum
2782 376 2951 445 gratia
2983 377 3356 440 convenimus,
3377 395 3544 434 cona-

329 474 430 528 σθαι
459 472 831 544 πειραθῶμεν.
863 467 996 524 Οἶδα
1031 472 1160 544 γὰρ,
1193 473 1274 527 ὅτι
1298 472 1546 527 τοσοῦτον
1580 470 1882 543 ζητηθήσε-

327 583 419 629 ται,
448 566 548 635 οὐχ
570 566 689 617 ὅσον
726 563 964 627 ἐκείνοις
1009 564 1302 634 ὀφείλεται,
1337 568 1449 628 τοῖς
1485 564 1740 635 μεγάλοις
1784 564 1879 617 καὶ

331 654 654 725 θαυμασίοις,
687 652 798 706 ἀλλ’
820 653 946 706 ὅσον
970 651 1102 723 παρ’
1130 654 1262 724 ἡμῖν
1304 646 1589 725 εύρεθῆναι
1621 654 1731 715 τοῖς
1778 651 1878 706 πέ-

333 758 488 811 νησιν.
528 741 855 812 Ἐϐουλόμην
887 742 989 812 μὲν
1021 736 1112 796 οὗν
1147 742 1362 814 ἐκείνης
1390 741 1490 812 τῆς
1516 741 1735 813 χάριτος
1773 741 1881 795 ὀλί-

333 849 409 900 γον
444 833 603 904 μέρος
652 832 775 903 ἐμοὶ
812 833 1111 905 χορηθῆναι
1156 834 1200 866 ⁸⁸
1232 836 1488 907 σήμερον,
1520 829 1588 906 ἦς
1624 835 1880 906 ἑκάτερός

331 940 380 975 τε
416 922 521 975 τῶν
548 923 721 991 ἁγίων
750 922 959 978 τούτων
997 925 1338 995 μεταλαϐὼν,
1370 929 1398 980 6
1434 925 1531 997 μὲν
1560 910 1617 981 ἐν
1658 927 1882 997 Ἱεροσο-

329 1014 495 1084 λύμοις
522 1014 648 1079 τοὺς
680 1015 1041 1078 ἀπειθοῦντας
1069 1015 1365 1084 ἐδίδασκεν,
1408 1020 1436 1071 6
1457 1016 1516 1070 δὲ
1542 1016 1631 1070 τὸν
1664 1018 1880 1086 Ἀρειον

326 1102 479 1169 πάγον
508 1104 567 1155 ἐν
612 1096 867 1173 Ἀθήναις
899 1104 1241 1171 καταλαϐὼν,
1268 1108 1331 1160 ἐκ
1363 1106 1461 1176 τῆς
1485 1104 1643 1159 ἀθέου
1674 1104 1881 1175 πλάνης
1936 1118 1942 1123 ’

323 1192 429 1254 τοὺς
476 1184 1010 1263 δεισιδαιμονοῦντας
1062 1193 1417 1266 ἐπέστρεψεν,
1451 1194 1764 1257 ύποδεικνὺς
1792 1193 1884 1246 αύ-

324 1284 415 1346 τοῖς
444 1282 538 1336 τὸν
592 1285 850 1355 Χριστὸν,
911 1287 1006 1339 καὶ
1063 1286 1123 1339 τὸ
1176 1286 1275 1357 τῆς
1326 1284 1559 1356 ἀληθοῦς
1602 1284 1883 1347 εὐσεϐείας

326 1374 677 1444 καταγγείλας
725 1376 1041 1446 μυστήριον.
1083 1375 1237 1429 Οὕτω
1277 1375 1385 1447 γὰρ
1426 1375 1775 1447 ἀνεδείξαμέν
1828 1392 1880 1428 τι

299 1466 413 1521 ,τῶν
437 1467 817 1538 προκειμένων
841 1466 1126 1526 ἐπιτελεῖν,
1152 1467 1341 1539 καὶμὴ
1369 1467 1502 1522 πολὺ
1526 1468 1619 1522 τοῦ
1646 1467 1881 1539 μεγάλου

318 1560 574 1632 μεγέθους
602 1561 1096 1633 ἀπολιμπάνεσθαι.

1982 476 2095 522 tum
2124 468 2512 522 concredentes
2544 466 2685 535 quod
2728 474 2926 520 nostra:
2964 466 3070 521 erit
3110 466 3381 523 facultatis
3413 469 3544 525 alio-

1981 576 2099 615 rum
2142 559 2341 614 laetitiae
2392 571 2649 630 prmstare
2687 560 3023 615 studeamus.
3057 558 3190 615 Novi
3219 562 3486 632 siquidem
3516 576 3548 618 a

1982 652 2137 707 nobis
2165 650 2507 721 exigendum,
2543 666 2647 706 non
2671 660 2928 721 quantum
2972 652 3179 719 magnis
3202 652 3309 707 illis
3356 667 3419 707 ac
3451 653 3546 707 ad-

1982 742 2242 797 mirandis
2271 741 2468 797 merito
2526 743 2822 807 debeatur;
2868 744 2963 797 sed
3009 752 3269 812 quantum
3299 746 3548 813 pauperi—

1981 834 2081 888 bus
2125 834 2281 889 nobis
2330 834 2384 888 in
2432 842 2681 903 promptu
2727 834 2819 889 sit.
2871 833 3083 889 Utinam
3118 848 3245 888 vero
3277 836 3545 889 modicum

1980 925 2109 994 quid
2142 925 2259 996 ejus
2283 926 2413 981 mihi
2448 926 2635 995 gratia:
2665 926 3063 995 suppeditatum
3094 936 3425 996 suppeteret,
3452 941 3547 979 cu-

1977 1015 2065 1085 jus
2098 1017 2255 1072 ambo
2282 1016 2338 1071 hi
2379 1016 2550 1071 sancti
2599 1016 2910 1085 participes,
2942 1016 3080 1071 alter
3106 1018 3322 1086 quidem
3348 1015 3551 1071 Hiero-

1982 1106 2202 1176 solymis
2230 1106 2533 1162 incredulos
2560 1106 2775 1175 docuit;
2821 1107 2958 1162 alter
2995 1121 3123 1163 vero
3168 1123 3289 1162 cum
3320 1108 3550 1164 Athenis

1983 1196 2035 1248 in
2065 1196 2405 1266 Areopagum
2432 1199 2687 1265 venisset,
2712 1198 3118 1267 superstitiosos
3148 1198 3217 1254 ab
3258 1199 3550 1269 impietatis

1986 1302 2173 1344 errore
2201 1290 2497 1357 convertit,
2535 1292 2825 1346 ostendens
2870 1292 2948 1345 eis
2977 1290 3273 1354 Christum,
3307 1305 3371 1345 ac
3410 1307 3551 1348 vera

1984 1380 2199 1448 pietatis
2229 1395 2293 1435 ac
2323 1381 2603 1452 religionis
2636 1382 2964 1437 annuntians
3003 1393 3426 1438 sacramentum.
3460 1382 3552 1438 Sic.

1984 1485 2128 1525 emm
2158 1470 2408 1539 liqueret,
2435 1473 2638 1543 aliquid
2669 1488 2765 1528 nos
2792 1488 2977 1529 eorum
3010 1486 3268 1543 praestare
3286 1491 3404 1544 qua:
3427 1486 3551 1530 sunt

1984 1563 2253 1632 proposita
2284 1582 2297 1617 :
2335 1578 2433 1617 nec
2464 1564 2648 1633 procul
2674 1564 2958 1619 admodum
2987 1567 3056 1620 ab
3075 1567 3377 1636 argumenti
3403 1576 3551 1621 tanta

1985 1652 2295 1721 praestantia
2323 1654 2530 1708 abesse.

385 1737 607 1810 Ἐπειδὴ
634 1738 692 1791 δὲ
718 1740 775 1791 αἱ
814 1739 1047 1809 μεγάλαι
1080 1736 1175 1791 τοῦ
1207 1736 1522 1807 Πνεύματος
1556 1736 1755 1808 δωρεαὶ
1776 1738 1882 1792 τῶν

2053 1744 2191 1808 Quia
2219 1759 2352 1797 vero
2380 1744 2638 1812 praeclara
2664 1744 2752 1799 illa
2782 1743 3016 1815 Spiritus
3045 1747 3182 1802 dona
3229 1762 3548 1817 magnorum

313 1829 559 1900 μεγάλων
586 1830 745 1896 εἰσὶν,
774 1831 868 1883 καὶ
894 1829 1112 1894 ἀνάξιος
1150 1828 1262 1898 ἐγὼ
1294 1828 1571 1892 τοιαύταις
1601 1826 1882 1895 πλουτίζε-

309 1920 425 1973 σθαι
454 1921 699 1992 χάρισιν·
756 1921 1047 1993 προσθήσω
1095 1921 1195 1992 τὴν
1224 1921 1412 1974 πενίαν
1450 1918 1588 1991 μετά
1619 1920 1719 1991 τῆς
1751 1937 1883 1991 προ-

305 2011 504 2081 θυμίας
528 2015 683 2084 ὑμῖν,
708 2015 783 2077 ὡς
822 2012 1116 2075 Ἐλισσαῖος
1137 2010 1276 2083 μετά
1298 2011 1406 2065 τῶν
1433 2011 1675 2084 ἀλεύρων
1702 2011 1771 2064 τὰ
1791 2011 1886 2066 λάο

299 2122 462 2176 χανα,
529 2103 635 2173 τῆς
681 2101 777 2155 τοῦ
828 2099 1155 2172 προέχεσθαι
1207 2100 1423 2163 πάντως
1476 2101 1536 2154 τὺ
1592 2100 1755 2154 καλὸν
1785 2102 1885 2155 οὐκ

299 2196 625 2267 ἀμοιρήσων
643 2193 832 2264 τιμῆς.
859 2192 1065 2263 Μηδεὶς
1092 2191 1150 2246 δέ
1184 2208 1252 2262 με
1272 2191 1482 2263 οἰηθείη
1512 2191 1623 2244 τῶν
1654 2193 1882 2245 ἀκουσο-

303 2287 480 2358 μένων
510 2284 691 2356 ὑμῶν,
735 2282 1012 2354 εὐφημίαν
1055 2283 1319 2350 γενναίων
1351 2282 1557 2355 ἀνδρῶν
1591 2282 1886 2354 προελόμε-

301 2395 413 2442 νον,
443 2379 557 2440 τοῖς
589 2376 777 2445 νόμοις
809 2372 1190 2445 ἀκολουθήσειν
1212 2374 1311 2445 τῆς
1342 2374 1532 2443 σοφίας
1546 2374 1644 2445 τῆς
1663 2374 1879 2440 ἔξωθεν.

299 2470 376 2521 οὐ
423 2466 537 2539 γὰρ
577 2466 744 2540 τέχνῃ
772 2465 1103 2537 συγκειμένῃ
1127 2463 1411 2518 κολακείαν
1434 2463 1878 2535 ἀπεργαζόμεθα·

296 2558 441 2611 ἀλλά
468 2557 660 2628 ψυχῶν
713 2555 973 2627 φιλοθέων
1020 2556 1246 2628 ἀρετὴν,
1281 2554 1422 2627 μετά
1451 2554 1710 2625 ἀληθείας
1756 2554 1884 2625 ὑμῖν

297 2650 656 2720 παραστῆσαι
692 2647 1082 2719 σπουδάζομεν,
1121 2648 1212 2700 Διὸ
1242 2644 1645 2718 σιωπηθήσεται
1705 2643 1880 2714 γένος,

300 2739 403 2792 καὶ
460 2740 710 2810 πατέρων
764 2736 1086 2808 περιφάνεια
1144 2738 1204 2790 ού
1251 2736 1523 2808 διοχλήσει
1560 2736 1653 2788 τὸν
1704 2735 1880 2805 λόγον.

298 2830 468 2898 Σὰρξ
492 2832 601 2902 γάρ
638 2829 741 2882 καὶ
770 2824 913 2897 αἷμα
937 2828 1267 2892 ,βασιλείαν
1297 2827 1446 2883 Θεοῦ
1472 2829 1545 2882 οὐ
1597 2830 1883 2896 κληρονο-

293 2922 633 2988 μήσουσιν.
667 2920 801 2973 Οὐδὲ
834 2919 941 2973 ἀπὸ
970 2919 1078 2973 τῶν
1126 2921 1416 2991 περιγείων
1452 2919 1547 2973 καὶ
1578 2918 1885 2991 ἐγκοσμίων

301 3015 434 3075 τοὺς
460 3012 696 3084 οὐρανοῦ
738 2996 961 3075 πολίτας
990 3011 1315 3081 τιμήσομενο
1349 3009 1487 3064 ἀλλά
1518 3011 1626 3065 πᾶν
1666 3011 1888 3065 τούναν-

1980 1842 2130 1898 sunt,
2168 1833 2411 1903 ipseque,
2449 1834 2775 1903 ejuscemodi
2824 1835 3122 1903 gratiarum
3170 1836 3371 1890 divitiis
3414 1837 3551 1891 indi-

1983 1943 2120 1997 gnus
2144 1927 2366 1991 exsisto,
2398 1941 2570 1980 meam
2595 1927 2745 1982 vobis
2765 1927 2932 1982 alacri
2953 1927 3133 1982 animo
3158 1936 3550 1997 paupertatem,

1985 2018 2128 2073 velut
2174 2018 2380 2073 Eliseus
2426 2018 2468 2048 ⁶¹
2528 2033 2650 2072 cum
2700 2018 2975 2087 pulmento
3031 2018 3178 2073 olera
3206 2058 3222 2083 ,
3286 2033 3544 2088 appono:

1984 2110 2396 2178 haudquaquam
2446 2126 2508 2163 ea
2555 2110 2847 2180 privandus
2894 2109 3072 2173 laude,
3117 2119 3175 2163 ut
3214 2124 3283 2164 ne
3333 2110 3554 2165 omnino

1985 2201 2312 2269 pra-tendam
2344 2202 2484 2270 quod
2517 2202 2715 2255 bonum
2744 2216 2808 2256 ac
2838 2202 3156 2270 praeclarum
3204 2210 3305 2258 est.
3335 2202 3412 2257 Ne
3435 2202 3555 2270 quis

1985 2298 2163 2339 autem
2199 2299 2286 2340 me
2316 2296 2578 2353 vestrum,
2628 2289 2930 2354 auditores,
2982 2290 3071 2357 qui
3127 2290 3272 2345 viros
3303 2300 3555 2346 strenuos

1990 2377 2288 2431 laudandos
2337 2378 2689 2446 susceperim,
2724 2388 2963 2433 extorum
3011 2391 3163 2447 putet
3205 2397 3268 2435 ac
3316 2382 3557 2450 profana:

1987 2466 2266 2534 sapientiae
2316 2476 2644 2521 sectaturum
2700 2466 2867 2534 leges.
2914 2466 3030 2522 Non
3074 2471 3216 2523 enim
3257 2473 3554 2539 composita

1987 2565 2105 2610 arte
2146 2564 2489 2612 assentamur
2519 2566 2680 2626 atque
2718 2556 3056 2622 blandimur;
3097 2560 3190 2613 sed
3225 2559 3317 2613 Dci
3369 2575 3556 2615 aman-

1986 2645 2120 2702 tium
2147 2661 2211 2701 ac
2235 2646 2604 2718 religiosorum
2644 2647 2949 2703 animorum
2974 2649 3224 2705 virtutem
3279 2667 3402 2706 vera
3435 2668 3555 2707 nar-

1989 2741 2200 2795 ratione
2252 2748 2637 2806 reprzescntare
2705 2738 3004 2796 studemus.
3058 2742 3419 2807 Quamobrem
3474 2754 3557 2799 ta-

1987 2831 2201 2885 cebitur
2237 2844 2428 2898 genus,
2459 2844 2556 2883 nec
2583 2839 2866 2898 parentum
2894 2830 3119 2887 illustris
3142 2832 3339 2903 gloria,
3360 2836 3558 2904 negotii

1991 2922 2193 2992 aliquid
2230 2922 2443 2976 dicturo
2476 2919 2762 2990 praebebit.
2831 2920 3056 2991 Quippe,
3090 2939 3212 2977 caro
3255 2934 3304 2979 et
3344 2929 3555 2996 sanguis

1991 3030 2203 3084 regnum
2238 3014 2331 3066 Dei
2361 3029 2461 3067 nou
2484 3013 2910 3082 possidebunt”;
2942 3029 3038 3069 nec
3065 3016 3183 3071 coeli
3210 3017 3357 3072 cives
3399 3035 3427 3073 a
3453 3030 3556 3075 ter~

302 3104 444 3166 τίον,
471 3105 724 3175 πατέρων
753 3101 965 3172 ἀφανὴς
996 3101 1129 3171 βίος,
1153 3102 1246 3154 καὶ
1267 3100 1452 3171 τέχναι
1491 3101 1773 3172 βάναυσοι,
1794 3101 1887 3154 καὶ¹

1995 3105 2141 3158 renis
2166 3119 2229 3157 ac
2260 3106 2441 3158 saeculi
2466 3106 2834 3174 praerogativis
2865 3107 3179 3162 honoraturi
3203 3124 3429 3178 sumus;
3460 3113 3555 3167 sed

306 3196 502 3259 πενίας
554 3194 957 3266 ὀνομαζόμενον
1007 3191 1231 3256 δνειδος,
1260 3191 1434 3245 ταῦτα
1484 3194 1595 3255 τοῖς
1648 3192 1892 3255 ἐπαίνοις

314 3289 837 3360 μνημονευθήσεται,
878 3286 1016 3353 Δόξα
1060 3286 1169 3358 γὰρ
1218 3284 1579 3357 Χριστιανῶν,
1640 3282 1781 3340 κατά
1831 3283 1892 3336 τὸ

313 3380 643 3449 Εὔαγγέλιον
681 3380 744 3433 τὸ
773 3378 1039 3451 ἡμέτερον
1058 3417 1074 3442 ,
1104 3378 1427 3447 ταπεινότης
1455 3377 1623 3431 ἐστίν.
1668 3375 1806 3447 Ἐγὼ
1833 3376 1889 3430 δὲ

317 3474 407 3524 καὶ
457 3472 557 3525 τῶν
580 3470 782 3537 ἔξωθεν
802 3469 1094 3540 ἐγκωμίων
1119 3468 1357 3540 συνορῶν
1386 3467 1575 3531 δεινῶς
1606 3466 1892 3538 καταμέμ-

317 3581 505 3636 φομαι·
536 3566 619 3617 δτι
648 3562 934 3634 σεμνύνειν
974 3561 1283 3633 βουλόμενοι
1315 3560 1408 3623 οὓς
1434 3560 1498 3615 ἂν
1522 3560 1770 3622 ἕλωνται,
1815 3558 1890 3623 ὡς

323 3656 485 3725 μηδὲν
509 3656 786 3727 ἐξαίρετον
816 3656 991 3708 εἰπεῖν
1048 3652 1258 3724 ἔχοντες
1304 3651 1527 3737 ἀγαθὸν,
1558 3652 1734 3723 μάτην
1780 3653 1891 3715 τοῖς

318 3746 503 3814 τάφοις
527 3744 982 3816 προσφεύγουσιν,
1017 3744 1111 3797 καὶ
1142 3742 1408 3812 διοχλοῦσι
1448 3742 1575 3804 τοὺς
1604 3742 1891 3811 κειμένους

322 3836 466 3906 εἰκῆ,
488 3837 579 3890 καὶ
603 3836 732 3899 τοὺς
756 3836 982 3906 νεκροὺς
1023 3832 1237 3886 ποιοῦσι
1265 3833 1466 3903 κόσμον
1506 3832 1614 3884 τῶν
1651 3828 1886 3894 ζώντων·

323 3922 387 3975 δι’
416 3919 486 3979 ὧν
520 3924 903 3979 ἐπικαλοῦνται
941 3925 1067 3987 τοὺς
1096 3923 1549 3994 τελευτήσαντας,
1580 3922 1895 3994 ὁμολογοῦν-

325 4033 412 4080 τες
451 4018 596 4071 οὐδὲν
633 4016 841 4087 ἀγαθὸν
868 4018 979 4079 τοῖς
1009 4017 1139 4087 παρ’
1173 4015 1353 4069 αὐτῶν
1393 4015 1894 4086 ἐγκωμιαζομένοις

326 4112 617 4178 προσεῖναι.
651 4110 765 4163 Καὶ
808 4108 948 4179 πρὸς
987 4106 1220 4170 τούτοις,
1251 4106 1301 4159 εί
1344 4104 1442 4176 μὲν
1464 4102 1891 4176 ὁμολογούμενον

323 4196 409 4272 ἧν,
451 4204 663 4267 πάντως
693 4204 819 4266 τοὺς
852 4204 916 4255 ἐκ
952 4200 1220 4272 λαμπρῶν
1249 4198 1500 4267 πατέρων
1528 4198 1889 4266 κατάγοντας,

320 4295 410 4346 καὶ
430 4295 619 4358 αὐτοὺς
645 4294 913 4364 ὑπάρχειν
953 4291 1214 4361 ἀγαθοὺς,
1245 4291 1336 4344 καὶ
1357 4289 1543 4360 ῶσπερ
1570 4289 1693 4341 τινὰ
1731 4287 1892 4357 φύσιν

1992 3193 2151 3263 plane
2182 3206 2370 3257 secus,
2400 3193 2689 3248 obscuram
2715 3204 2997 3263 parentum
3027 3197 3222 3265 vitam,
3254 3210 3402 3255 artes
3440 3216 3557 3257 me-

1992 3285 2281 3347 chanicas,
2302 3285 2634 3354 paupertatis
2665 3286 2896 3354 denique
2925 3288 3247 3356 appellatum
3268 3294 3556 3360 probrum,

1993 3375 2107 3429 lucc
2162 3374 2349 3442 utique
2406 3374 2546 3429 inter
2606 3375 2929 3430 laudandum
2988 3383 3554 3437 commemorabimus.

1991 3462 2125 3518 Nam
2149 3464 2305 3533 juxta
2353 3465 2699 3536 Evangelittm
2736 3475 3003 3533 nostrum,
3048 3470 3341 3526 Christiani
3379 3474 3556 3528 humi-

1992 3556 2142 3611 litate
2198 3557 2425 3627 gloriam
2477 3558 2697 3613 habent.
2750 3558 2891 3616 Sane
2942 3562 3159 3631 quidem
3208 3576 3556 3621 externorum

1992 3650 2235 3704 encomia
2271 3658 2555 3714 contuens,
2579 3651 2815 3707 maxime
2839 3652 3104 3723 vitupero,
3157 3657 3298 3724 quod
3328 3672 3423 3711 eos
3442 3656 3558 3711 lan-

1993 3739 2168 3793 daturi
2190 3754 2326 3808 quos
2350 3740 2453 3794 sibi
2476 3741 2849 3809 proposuerint
2881 3743 2932 3796 in
2958 3744 3130 3799 laudis
3159 3757 3557 3813 argumentum,

1993 3840 2246 3898 tanquam
2283 3831 2417 3885 nihil
2440 3832 2709 3901 peculiare
2732 3832 3017 3887 dicendum
3047 3844 3318 3903 suppetat,
3350 3838 3417 3889 ad
3443 3851 3557 3891 ma-

1986 3919 2164 3988 jorum
2194 3922 2397 3976 frustra
2431 3922 2679 3992 sepulcra
2720 3922 3066 3992 confugiant,
3100 3939 3164 3979 ac
3208 3924 3475 3982 defunctis
3501 3928 3556 3982 in

1993 4028 2208 4069 cassum
2235 4014 2507 4083 negotium
2533 4014 2805 4070 lacessant
2822 4055 2837 4080 ,
2872 4026 3218 4086 mortuosque
3263 4018 3557 4074 viventium

1991 4115 2310 4161 ornamento
2366 4105 2684 4160 asciscant:
2725 4107 2922 4177 quibus
2970 4109 3078 4163 vita
3134 4109 3350 4166 functos
3404 4112 3557 4167 invo~

1993 4204 2143 4259 cant,
2170 4195 2304 4251 nihil
2338 4196 2461 4250 boni
2501 4212 2567 4252 ac
2602 4197 2847 4268 praeclari
2891 4200 3031 4267 apud
3064 4214 3159 4253 eos
3181 4211 3397 4256 exstare
3430 4217 3557 4270 pro-

1994 4288 2230 4353 fitentes,
2268 4303 2404 4357 quos
2440 4288 2689 4345 laudibus
2714 4289 3012 4346 celebrant.
3038 4289 3328 4355 Prreterea,
3355 4301 3413 4346 ut
3435 4293 3557 4362 qui-

314 4383 411 4456 τὴν
440 4385 638 4456 ἀρετὴν
663 4382 1029 4454 διαδέχεσθαι,
1054 4381 1309 4453 εὔκαιρον
1334 4377 1403 4453 ἦν
1431 4380 1559 4444 ἴσως
1591 4381 1780 4452 μνείαν
1808 4398 1887 4434 τι-

1997 4381 2116 4432 dem
2140 4390 2347 4434 certum
2384 4389 2551 4446 esset,
2578 4381 2657 4435 sic
2690 4381 2910 4437 omnino
2932 4395 3300 4450 comparatum
3325 4396 3467 4452 esse,
3503 4392 3559 4439 ut

311 4474 376 4530 νά
402 4476 508 4530 τῶν
539 4475 745 4544 γονέων
769 4473 1037 4527 ποιεῖσθαι
1057 4489 1069 4503 ⁸
1095 4472 1282 4543 ἐπειδὴ
1305 4472 1362 4526 δὲ
1397 4471 1648 4542 ψεύδεται
1676 4472 1777 4537 τὰς
1797 4475 1890 4527 τοῦ

304 4568 499 4636 γένους
529 4567 782 4638 διαδοχὰς
809 4568 904 4619 ἐπὶ
932 4564 1140 4634 πλέονή
1167 4564 1275 4617 τῶν
1302 4564 1744 4635 ἐπιτηδευμάτων
1773 4564 1892 4617 δια-

303 4661 451 4733 φορά
481 4662 715 4729 (γίνεται
744 4660 854 4732 γάρ
886 4657 1098 4722 ἄσωτος
1136 4657 1166 4709 6
1199 4656 1294 4710 τοῦ
1330 4655 1641 4725 φιλοσόφου,
1674 4656 1769 4710 καὶ
1807 4673 1893 4725 φι-

298 4751 535 4819 λόσοφος
558 4752 586 4802 6
618 4749 714 4802 τοῦ
746 4746 1075 4819 φιληδόνου),
1109 4745 1336 4817 μάταιος
1372 4746 1401 4797 6
1430 4746 1589 4808 πόνος
1619 4744 1727 4797 τῶν
1756 4762 1890 4815 προσ

297 4843 556 4894 πάππων
577 4839 904 4913 μεμνῆσθαιο
937 4838 1055 4894 δέον
1084 4836 1461 4901 ἐπιδεικνύειν,
1484 4837 1641 4907 εἴπερ
1669 4834 1781 4905 ἔχει
1808 4851 1891 4898 τις

289 4931 521 5005 ἀρετῆς
554 4931 973 5006 κατορθώματα.
1008 4931 1121 4984 Καὶ
1149 4928 1305 4983 ταῦθ’
1334 4929 1415 4982 ὅτι
1438 4927 1626 4981 τοῦτον
1663 4926 1775 4997 ἔχει
1799 4926 1891 4981 τὸν

284 5024 531 5097 τρόπον,
561 5025 659 5077 οὐκ
707 5026 860 5077 ἔστιν
898 5021 1119 5076 ἄλλοθεν
1158 5017 1746 5090 πολυπραγμονοῦντας
1788 5034 1892 5087 μα-

280 5122 431 5185 θεῖν,
470 5118 589 5172 ἀλλ’
635 5117 695 5183 ἐξ
744 5115 917 5186 αὐτῆς
944 5113 1044 5183 τῆς
1069 5113 1221 5183 ἱερᾶς
1270 5109 1426 5181 ἡμῶν
1456 5107 1698 5180 Γραφῆς,
1731 5107 1889 5162 πολύ-

282 5229 499 5285 τροπον
530 5210 765 5282 ἐχούσης
783 5207 881 5261 καὶ
913 5204 1167 5274 ποικίλην
1192 5202 1291 5273 τὴν
1321 5200 1608 5270 ὠφέλειαν.

1996 4472 2089 4538 qui
2139 4472 2303 4526 claris
2344 4470 2642 4539 majoribus
2692 4474 2956 4542 procreati
3000 4484 3142 4539 sunt,
3198 4476 3294 4544 ipsi
3344 4491 3559 4546 quoque

1996 4561 2147 4628 probi
2175 4561 2516 4624 exsisterent,
2542 4577 2606 4618 ac
2637 4562 2886 4618 virtutem
2911 4602 2925 4628 ,
2957 4579 3052 4619 ceu
3091 4566 3377 4634 quamdam
3405 4576 3559 4619 natu-

1997 4666 2111 4705 ram
2178 4654 2322 4707 velut
2381 4652 2724 4709 htereditaria
2785 4657 3134 4713 successione
3183 4657 3557 4712 transmissum

1995 4744 2366 4814 susciperent;
2398 4756 2544 4800 esset
2587 4747 2817 4802 fortasse
2858 4747 2999 4802 haud
3055 4748 3410 4816 incongruum
3463 4762 3527 4816 pa

1997 4842 2210 4887 rentum
2243 4833 2592 4890 meminisse:
2624 4850 2748 4890 cum
2778 4851 2909 4890 vero
2938 4836 3237 4891 studiorum
3269 4836 3559 4890 diversitas

1990 4924 2307 4993 plerumque
2341 4926 2557 4993 generis
2604 4927 3003 4981 successionem
3037 4925 3327 4979 mentiatur
3363 4923 3558 4996 (philo-

1991 5014 2147 5083 sophi
2178 5029 2413 5085 namque
2443 5015 2605 5080 illius,
2633 5016 2939 5072 luxuriosus
2971 5032 3035 5071 ac
3057 5029 3229 5086 ganeo
3259 5015 3467 5080 evadit;
3493 5029 3557 5069 ac

1990 5104 2360 5176 philosophus,
2387 5106 2676 5177 voluptarii
2714 5121 2780 5163 ac
2816 5106 3085 5163 libidinosi
3120 5104 3316 5178 filius),
3352 5105 3556 5161 frustra

1991 5197 2270 5255 laboratur
2305 5198 2692 5269 percensendis
2718 5203 2969 5254 encomio
2997 5196 3211 5267 proavis
3239 5210 3305 5252 ac
3332 5195 3550 5265 majori-

274 5302 435 5365 bus,
470 5316 596 5356 cum
632 5301 703 5354 sit
732 5295 1149 5359 ostendendum,
1189 5306 1309 5361 qua:
1340 5291 1600 5361 cujusque
1632 5286 1877 5343 facinora
1916 5302 1982 5342 ac
2005 5304 2093 5344 res
2141 5289 2400 5359 praeclare
2431 5299 2598 5358 gesta:
2633 5288 2764 5347 sint.
2804 5287 2956 5356 Quod
3012 5288 3126 5344 haec
3191 5302 3320 5344 vero
3343 5288 3425 5345 sic
3454 5289 3558 5344 ha-

276 5398 483 5462 beant,
516 5395 663 5448 haud
697 5391 920 5448 aliunde
955 5387 1198 5460 diligenti
1228 5382 1684 5456 pervestigatione
1715 5382 2049 5449 noverimus,
2080 5395 2239 5451 quam
2274 5398 2341 5440 ex
2404 5384 2576 5440 sacris
2634 5382 2767 5453 ipsis
2815 5380 3248 5438 Christianorum
3307 5380 3555 5454 Scriptu-

269 5491 400 5554 ris,
430 5501 667 5559 quorum
701 5484 984 5555 multiplex
1019 5483 1274 5550 variaque
1311 5479 1514 5533 utilitas
1540 5476 1773 5532 exsistit.

350 5693 414 5729 ⁸⁸
439 5695 533 5749 to.
563 5688 960 5765 xopquﬁvat.
1036 5686 1078 5717 “
1112 5681 1177 5737 IV
1207 5685 1317 5755 Reg
1365 5701 1438 5749 tv,
1462 5684 1549 5739 38.
1627 5682 1671 5713 “
1701 5681 1721 5736 l
1757 5682 1879 5739 Cor.
1921 5694 2010 5747 xv,
2043 5677 2129 5733 50.

661 5785 934 5854 Ριτιιοι.
976 5779 1096 5841 Gn.
1142 5778 1276 5841 XL.
