4048 6194
480 296 587 352 267

551 412 763 467 Scimus
791 393 943 480 plane
965 411 1294 466 sacerdotem
1317 451 1330 474 ,
1356 423 1540 466 senem
1568 409 1713 464 illum
1744 412 1919 481 magni
1948 412 2043 466 Sa-
2070 416 2113 473 Α

480 505 670 559 muelis
697 518 817 557 cum
857 503 1198 556 educatorem
1257 510 1366 554 tum
1424 501 1737 569 magistrum
1781 503 1845 556 ⁸³.
1896 501 2036 556 Nihil

480 605 654 649 tamen
693 595 823 662 ipse,
858 605 1169 661 quanquam
1216 591 1455 660 optimus
1490 601 1629 657 erat,
1671 590 1813 659 juvit
1854 594 2033 649 lilios:

480 686 658 751 idque,
686 697 806 736 cum
849 680 988 749 apud
1031 688 1307 749 parentem
1359 680 1530 748 ipsum
1568 679 1785 734 educati
1832 688 2034 745 essent,

475 789 538 828 ac
569 773 806 841 quotidie
841 771 1132 826 sacerdotii
1155 771 1278 841 jura
1313 785 1378 825 ac
1422 770 1568 841 leges
1597 771 1867 825 audirent.
1896 772 2036 824 itur-

477 880 592 915 sum
625 878 749 917 vero
767 861 1078 918 Timotheus
1104 861 1283 931 impiis
1305 864 1617 932 parentibus
1633 864 1808 919 editus
1824 874 1940 918 erat
1953 864 2034 917 διε

478 955 586 1019 ille,
620 955 870 1023 inquam,
897 954 1198 1023 apostolus,
1242 954 1503 1024 Paulique
1554 969 1848 1022 generosus
1887 966 2039 1010 catu-

477 1047 560 1100 lus
591 1062 604 1098 :
641 1044 781 1099 haud
819 1044 905 1098 ille
945 1054 1146 1110 tamen,
1198 1059 1295 1100 ceu
1329 1046 1616 1114 quamdam
1654 1056 1922 1112 naturam,
1958 1062 2040 1102 se-

457 1143 631 1187 -eutus
662 1141 744 1187 est
769 1141 1051 1202 parentum
1097 1132 1447 1200 memoriam;
1482 1131 1610 1203 quin
1654 1134 1822 1189 libera
1848 1137 2037 1190 volun-

477 1224 947 1280 tateeornmvodio
974 1226 1306 1295 impietatem
1336 1227 1562 1292 habens,
1588 1228 1653 1280 ad
1682 1242 1892 1282 sacram
1924 1229 2038 1298 pie-

477 1319 602 1372 tatis
636 1318 805 1388 legem
843 1318 1152 1387 transfugit,
1189 1319 1466 1388 dulcisque
1526 1321 1731 1375 fructus
1758 1336 1823 1377 ex
1854 1338 2036 1377 amara

478 1411 661 1465 radice
687 1397 905 1480 prodiit.
950 1410 1214 1465 Malorum
1256 1412 1468 1481 copula,
1503 1428 1567 1467 ae
1609 1414 1791 1468 ovium
1824 1423 2029 1483 partus.

477 1505 566 1560 Sic
602 1505 853 1560 Absalom
873 1506 942 1570 °',
974 1505 1203 1561 modesti
1238 1507 1483 1561 acsohrii
1535 1506 1704 1577 patris
1744 1505 1926 1561 furens
1954 1506 2040 1573 ju-

476 1597 656 1659 venis,
687 1610 859 1667 eoque
888 1600 1192 1652 temeritate
1224 1612 1287 1652 ac
1314 1599 1540 1652 audacia
1585 1608 1764 1664 notus,
1809 1612 1917 1668 quo
1944 1612 2038 1667 pa-

476 1692 556 1738 ter
583 1685 764 1754 probis
784 1700 847 1740 ac
870 1682 1113 1756 ingenuis
1143 1688 1413 1753 moribus;
1453 1700 1547 1742 seu
1573 1689 1771 1755 potius,
1794 1697 1872 1740 ut.
1894 1687 2059 1757 quod“

473 1778 545 1831 sit
576 1776 744 1847 magis
788 1791 818 1831 e
847 1779 1072 1832 veritate
1124 1778 1397 1845 dicamus,
1451 1779 1795 1848 exsuperanti
1833 1756 2037 1833 malitia
2071 1756 2112 1816 Β

2112 1884 2117 1891 ί
2139 1882 2227 1928 νος
2264 1867 2330 1936 τῇ
2367 1865 2535 1935 κακίᾳ
2555 1864 2651 1935 τὴν
2675 1864 2874 1935 ἀρετὴν
2896 1863 2990 1917 τοῦ
3017 1864 3396 1934 γεννήσαντος.
3428 1866 3538 1919 Καὶ
3553 1865 3716 1929 ὅλως,

464 1864 753 1933 paternam
799 1865 958 1936 longe
997 1881 1259 1936 superans
1286 1867 1565 1922 virtutem.
1607 1868 1783 1937 Atque
1817 1869 1951 1924 adeo
1980 1877 2040 1923 ut

472 1959 596 2025 quis
635 1957 923 2012 contrariis
954 1956 1217 2026 ejusmodi
1266 1957 1496 2010 filiorum
1537 1958 1603 2012 ad
1639 1967 1891 2026 parentes
1924 1974 2038 2012 mo-

475 2043 628 2100 ribus
698 2045 937 2098 animum
990 2045 1246 2113 adhibere
1293 2044 1441 2109 velit,
1489 2047 1761 2102 studiosos
1811 2062 1874 2101 ac
1906 2048 2037 2101 recti

474 2145 716 2191 amantes
745 2137 1058 2192 innumeros
1105 2136 1265 2190 malis
1297 2146 1588 2207 prognatos
1631 2137 1888 2205 offendet,
1927 2153 2041 2193 ma-

473 2228 659 2296 losque
680 2227 914 2281 vicissim
951 2227 1266 2296 parentibus
1292 2228 1518 2296 optimis
1540 2238 1707 2287 satos.
1722 2216 1908 2300 'ldque
1942 2229 2039 2284 ad-

473 2322 690 2377 modum
718 2323 932 2377 merito.
967 2321 1243 2391 Siquidem
1272 2323 1414 2378 enim
1440 2333 1652 2389 natura,
1690 2339 1796 2378 non
1835 2339 2036 2388 mores,

472 2413 658 2467 vitium
689 2421 783 2467 aut
822 2413 1074 2467 virtutem
1107 2411 1360 2478 ediceret,
1398 2426 1504 2467 non
1539 2411 1650 2481 jam
1695 2414 1800 2469 duo
1834 2423 2036 2477 essent,

472 2501 564 2556 sed
597 2501 823 2555 alterum
847 2500 1190 2555 unifortniter
1207 2500 1543 2569 pra-valeret.

543 2594 763 2648 Dicatur
809 2607 937 2663 ergo
1012 2592 1202 2647 Petrus
1269 2594 1411 2647 filius
1460 2591 1609 2649 Jnnre
1641 2595 1686 2626 ⁶⁶
1718 2612 1732 2648 :
1761 2593 2037 2665 cujuSnam

472 2685 788 2748 veroillius,
824 2684 958 2737 nihil
1003 2699 1120 2737 mea
1189 2684 1376 2738 refert.
1417 2684 1526 2752 Ego
1583 2700 1815 2754 namque
1860 2700 1890 2738 a
1946 2685 2038 2739 lilii

473 2776 629 2837 actis,
648 2776 872 2828 honesto
892 2784 1203 2842 parentem;
1231 2782 1393 2843 atque
1422 2774 1489 2827 ab
1514 2774 1637 2828 imis
1661 2775 1944 2844 incipiens,
1973 2777 2038 2829 ad

473 2866 751 2936 superiora
798 2864 1106 2918 transmitto
1148 2863 1393 2929 laudem;
1443 2866 1788 2918 lucernarum
1845 2865 2037 2929 instar,

472 2975 591 3030 quae
638 2966 796 3014 noctu
833 2974 861 3010 a
907 2956 1023 3012 solo
1068 2970 1131 3010 ae
1158 2955 1273 3008 ima
1306 2956 1483 3020 domo,
1523 2963 1668 3010 tecta
1709 2956 2035 3010 illuminant.

1742 294 1799 349 ὃ.
1842 295 2114 353 ASTERII
2155 296 2454 364 AMASENI

3607 299 3715 349 268

2224 396 2649 483 Ἴσμενπάντως
2680 410 2770 463 τὸν
2793 409 2963 481 ἱερέα,
2997 410 3083 462 τὸν
3133 406 3443 480 πρεσϐύτην
3486 410 3715 475 ἐκεῖνον,

2138 503 2229 557 τὸν
2257 503 2351 556 τοῦ
2378 502 2616 573 μεγάλου
2647 500 2899 571 Σαμουὴλ
2937 500 3142 571 τροφέα
3164 516 3221 553 τε
3252 500 3347 552 καὶ
3375 497 3714 553 διδάσκαλον

2138 596 2250 648 ἀλλ’
2278 594 2428 648 οὐδὲν
2475 595 2604 657 τοὺς
2645 594 2795 656 υἱοὺς
2835 592 3115 663 ὠφέλησεν
3162 592 3322 655 αὐτὸς
3364 592 3585 662 ἄριστος
3616 589 3715 644 ὥνο

2138 686 2230 739 καὶ
2252 685 2427 740 ταῦτα
2450 684 2755 756 τραφέντας
2770 684 2862 737 ὕπ’
2894 682 3043 754 αὐτῷ
3075 683 3155 753 τῷ
3187 682 3594 753 γεννησαμένῳ,
3616 683 3715 755 τὴν

2137 777 2282 830 καθ’Δ
2310 776 2523 847 ἡμέραν
2556 772 2925 845 μανθάνοντας
2966 775 3097 836 τοὺς
3144 774 3244 845 τῆς
3286 772 3583 843 ἱερωσύνης
3628 772 3718 825 θε-

2138 866 2329 937 σμούς.
2374 867 2468 919 Ἐκ
2527 864 2776 936 πατέρων
2803 865 2964 917 πάλιν
2993 863 3202 917 ἀσεϐῶν
3230 866 3255 917 ὀ
3284 864 3566 934 Τιμόθεος,
3625 862 3718 917 τὸν

2136 958 2429 1012 ἀπόστολον
2467 957 2630 1025 λέγω,
2652 956 2743 1009 τὸν
2777 958 3022 1024 γενναῖον
3054 955 3147 1008 τοῦ
3181 955 3393 1008 Παύλου
3443 955 3717 1010 σκύλακα’

2137 1047 2232 1100 καὶ
2273 1046 2334 1099 οὺ
2370 1046 2476 1117 μὴν
2517 1044 2907 1116 ἠκολούθησεν,
2939 1044 3129 1115 ὥσπερ
3157 1044 3264 1098 τινὶ
3302 1044 3461 1114 φύσει
3490 1043 3600 1098 τῶν
3624 1063 3717 1116 γο-

2135 1139 2268 1191 νέων
2314 1140 2377 1209 τῇ
2411 1138 2620 1209 μνήμῃ·
2677 1136 2910 1206 λογικῶς
2960 1137 3018 1191 δὲ
3048 1157 3057 1199 ε
3072 1138 3308 1209 μισήσας
3340 1137 3440 1203 τὴν
3489 1138 3722 1192 ἐκείνων

2136 1230 2476 1291 δυσσέϐειαν,
2534 1230 2672 1301 πρὸς
2717 1232 2808 1283 τὸν
2857 1227 3013 1298 ἆγὶον
3062 1229 3263 1300 θεσμὸν
3294 1229 3395 1300 τῆς
3436 1230 3719 1294 εὐσεϐείας

2135 1321 2575 1393 ἀπηυτομόλησε,
2638 1323 2733 1375 καὶ
2797 1322 3008 1392 καρπὸς
3056 1322 3298 1391 ἀνεφάνη
3363 1321 3566 1389 γλυκὺς
3606 1323 3718 1376 ἀπὶ

2139 1410 2295 1498 ῥίζης
2321 1409 2545 1484 πικρᾶς.
2592 1412 2862 1483 Ἥμιόνων
2898 1414 2931 1483 ή
2966 1413 3244 1474 συνουσία,
3283 1411 3379 1465 καὶ
3428 1411 3721 1481 προϐάτων

2135 1503 2313 1567 τόκος.
2338 1502 2524 1566 Οὕτως
2549 1505 2577 1556 ὀ
2616 1502 2943 1569 Ἀϐεσαλὼν,
2985 1503 3191 1574 πατρὸς
3225 1502 3503 1565 ἐπιεικοῦς
3533 1520 3719 1574 μεμηο

2138 1593 2242 1658 νὼς
2296 1594 2595 1658 νεανίσκος,
2646 1594 2739 1647 καὶ
2766 1594 3018 1647 τοσοῦτον
3059 1593 3153 1647 ἐπὶ
3189 1592 3487 1666 θρασύτητι
3517 1594 3718 1666 γνώρι-

2143 1702 2263 1755 μος,
2306 1685 2479 1739 ὅσονό
2517 1685 2699 1755 πατὴρ
2734 1685 2790 1737 ὲν
2838 1682 3188 1756 χρηστότητιο
3229 1684 3263 1755 ἤ
3301 1684 3517 1754 μᾶλλον,
3558 1685 3608 1736 εί
3635 1683 3722 1738 δεῖ

2140 1775 2529 1849 τάληθέστερον
2562 1776 2755 1839 εἰπεῖν,
2789 1773 2968 1844 πολλῷ
2989 1773 3067 1844 τῷ
3095 1774 3276 1846 μέτρῳ
3310 1773 3718 1847 ὑπερϐαλλόμε-

2138 1955 2284 2018 εῐτις
2309 1953 2553 2025 θελήσειε
2579 1956 2699 2018 ταῖς
2752 1952 3030 2016 τοιαύταις
3053 1952 3162 2007 τῶν
3194 1953 3396 2007 παίδων
3419 1956 3554 2026 πρὸς
3588 1957 3717 2020 τοὺς

2139 2044 2378 2115 πατέρας
2415 2042 2780 2114 ἐναντιότησιν
2827 2043 3118 2115 ἐπιστῆσαι
3162 2042 3254 2095 τὸν
3299 2043 3442 2108 νοῦν,
3487 2045 3716 2116 μυρίους

2137 2134 2357 2204 εὑρήσει
2416 2133 2732 2195 σπουδαίους
2789 2132 2894 2186 ἀπὸ
2936 2132 3145 2195 κακῶν,
3210 2132 3307 2185 καὶ
3354 2134 3625 2206 πονηροὺς
3650 2137 3717 2187 ἐκ

2132 2223 2446 2294 βελτίστων.
2488 2223 2598 2276 Καὶ
2639 2223 2842 2294 σφόδρα
2885 2239 2949 2293 γε
2996 2223 3240 2288 εἰκότως.
3282 2224 3345 2281 Ei
3373 2224 3480 2296 γὰρ
3530 2224 3719 2294 φύσις,

2139 2317 2234 2370 καὶ
2283 2318 2357 2388 μη
2398 2315 2617 2388 τρόπος.
2672 2317 2872 2371 κακίαν
2907 2317 2948 2388 ’ἢ
3006 2317 3207 2389 ἀρετὴν
3258 2318 3563 2390 εἰργάζετο,
3612 2320 3716 2374 οὐκ

2138 2406 2203 2462 ἂν
2250 2403 2318 2478 ἧν
2384 2406 2455 2460 τὰ
2526 2406 2639 2472 δύο,
2709 2407 2846 2462 ἀλλὰ
2916 2409 3234 2480 μονομερῶς
3304 2410 3594 2481 ἐπεκράτει
3656 2411 3728 2464 τδ

2139 2500 2224 2552 ῑτε
2231 2517 2346 2570 ρον.
2948 2502 2951 2507 ”

2211 2587 2469 2657 Λεγέσθω
2512 2588 2693 2643 τοίνυν
2718 2587 2933 2659 Πέτρος
2981 2588 3097 2653 υἱὸς
3133 2590 3307 2644 Ἰωνᾶ·
3346 2590 3490 2653 τίνος
3509 2589 3571 2642 δὲ
3592 2589 3714 2643 τοῦ·

2138 2698 2251 2745 του,
2280 2679 2431 2733 οὐδέν
2465 2697 2555 2751 μοι
2581 2679 2849 2750 διαφέρει.
2916 2678 3055 2748 Ἐγὼ
3083 2680 3191 2751 γὰρ
3215 2682 3279 2734 ὲκ
3321 2680 3429 2735 τῶν
3466 2679 3717 2753 πράξεων

2138 2769 2231 2823 τοῦ
2259 2770 2397 2835 υίοῦ,
2432 2770 2678 2841 σεμνύνω
2716 2770 2807 2823 τὸν
2856 2771 3279 2841 γεννησάμενονο
3330 2772 3421 2825 καὶ
3472 2772 3716 2826 κάτωθεν

2138 2859 2460 2931 ἀρξάμενος,
2480 2861 2572 2913 ἐπὶ
2592 2864 2661 2914 τά
2688 2860 2798 2915 ἄνω
2818 2862 3175 2932 παραπέμπω
3201 2862 3298 2934 τὴν
3324 2862 3498 2929 δόξαν,
3525 2863 3716 2936 ὥσπερ

2138 2951 2185 3001 οἱ
2215 2948 2394 3019 λύχνοι
2438 2951 2488 3003 oi
2537 2949 2752 3021 νύκτωρ
2794 2950 2859 3003 ὲκ
2898 2949 2993 3004 τοῦ
3034 2950 3264 3019 ἐδάφους
3314 2954 3441 3017 τοὺς
3484 2954 3716 3025 ὀρόφους

475 3052 617 3105 Sane
641 3065 768 3104 vero
801 3046 966 3102 Isaias
995 3047 1254 3101 vaticiuio
1307 3047 1384 3099 ait
1417 3046 1484 3113 ⁸⁷,
1514 3047 1758 3121 posuisse
1789 3045 2033 3113 Patrem,

2140 3042 2480 3111 φωτίζοντες.
2536 3044 2761 3108 Ἡσαΐας
2800 3046 2899 3116 μὲν
2928 3043 3020 3101 οὖν
3046 3065 3177 3119 φησι
3209 3047 3586 3119 προφητεύων,
3630 3048 3723 3101 ὅτι

474 3143 665 3196 Filium
701 3141 933 3210 lapidem
992 3137 1348 3208 angularem:
1403 3137 1655 3192 nimirum
1695 3137 2034 3209 signiﬁcans.

475 3233 657 3287 mundi
690 3239 850 3285 totam
887 3227 1311 3303 concretionem,
1341 3226 1430 3281 illo
1464 3225 1815 3284 fundamento
1843 3243 1905 3282 ac
1924 3227 2035 3282 basi

475 3323 654 3377 nixam
681 3334 821 3375 esse.
867 3318 1004 3385 Quin
1048 3329 1104 3370 et
1142 3331 1354 3371 rursum
1387 3316 1833 3385 Unigenitus,‘uti
1869 3320 2038 3373 sacris

474 3410 746 3480 Evangelii
768 3410 940 3463 'libris
963 3410 1330 3475 conscriptum
1365 3417 1467 3473 cst,
1499 3407 1742 3473 Petrum,
1782 3408 2037 3463 Ecclesiae

475 3502 877 3557 fundamentum
925 3499 1081 3565 dicit,
1130 3497 1209 3549 Tu
1259 3513 1312 3551 es
1352 3496 1562 3560 Petrus,
1609 3504 1659 3549 et
1704 3513 1859 3564 super
1903 3498 2038 3551 hanc

380 3661 387 3668 ἡ
474 3603 673 3662 petram
716 3588 989 3658 wdiﬁcabo
1023 3588 1326 3643 Ecclesium
1359 3604 1528 3642 meam
1560 3588 1626 3643 ".
1652 3587 1866 3645 Primus
1891 3591 2036 3644 enim

475 3700 658 3739 revera
684 3684 793 3748 hic,
824 3699 921 3739 ceu
956 3683 1175 3752 grandis
1222 3682 1440 3751 quidam
1477 3697 1540 3736 ac
1586 3681 1753 3736 durus
1789 3682 1944 3752 lapis,
1984 3682 2035 3735 in

474 3776 657 3831 mundi
689 3776 845 3846 hujus
876 3791 1009 3830 cava
1033 3775 1303 3830 demissus
1337 3783 1441 3838 est,
1483 3774 1597 3827 sive
1647 3775 1697 3826 in
1741 3774 2034 3827 convallem

474 3870 809 3939 plorationis,
844 3867 1296 3938 quemadmodum
1341 3865 1507 3919 David
1547 3865 1622 3919 ait
1659 3865 1740 3931 ";
1774 3860 1833 3919 ut
1878 3866 2038 3920 Chri-

480 3962 687 4017 stianos
708 3976 896 4015 omnes
930 3956 1385 4028 superandilicatns
1410 3965 1647 4025 portans,
1691 3956 1741 4010 in
1770 3956 1998 4012 sublime
2022 4000 2037 4022 .

474 4066 683 4122 nempe,
712 4053 779 4106 ad
809 4053 920 4120 spei
959 4060 1156 4106 nostra:
1179 4049 1548 4116 ,domicilium,
1578 4049 1861 4105 subvehat.
1891 4048 2039 4103 Fun-

471 4144 772 4197 damentum
799 4142 945 4195 aliud
992 4158 1137 4195 nemo
1160 4149 1329 4207 potest
1362 4158 1571 4210 ponere,
1606 4152 1796 4210 printer
1818 4142 1872 4194 id
1899 4141 2037 4209 quod

472 4238 696 4308 positum
722 4248 819 4299 est,
850 4234 987 4305 quod
1013 4242 1091 4288 est
1121 4232 1358 4287 Christus
1379 4232 1614 4287 Jews".
1650 4232 1755 4286 Sed
1782 4244 1837 4287 et
1876 4231 2036 4286 simili

472 4345 685 4399 quoque
728 4328 977 4382 Salvator
1010 4334 1192 4381 noster
1219 4323 1593 4394 appellatione,
1625 4325 1855 4391 primum
1883 4338 2036 4377 suum

2137 3133 2282 3187 λίθον
2315 3134 2705 3205 ἀκρογωνιαῖον
2743 3139 2771 3189 ὀ
2803 3138 2992 3210 Πατὴρ
3021 3139 3184 3211 ἔθηκε
3235 3140 3326 3195 τὸν
3354 3141 3502 3204 Υίδν,
3548 3141 3714 3194 ἐνδει-

2139 3224 2421 3295 κνύμενος,
2448 3226 2523 3289 ὡς
2549 3229 2579 3297 ἡ
2607 3229 2757 3281 πᾶσα
2807 3228 2902 3283 τοῦ
2951 3230 3155 3301 κόσμου
3207 3231 3465 3296 σύστασις
3508 3234 3717 3287 ἐκεῖνον

2136 3316 2250 3388 ἔχει
2281 3318 2379 3388 τὴν
2410 3318 2571 3389 ἕδραν
2609 3320 2701 3372 καὶ
2733 3320 2831 3391 τὴν
2860 3322 3120 3394 κρηπῖδα.
3186 3323 3246 3376 '0
3297 3322 3354 3375 δὲ
3401 3325 3715 3394 Μονογενὴς

2140 3408 2324 3473 πάλιν,
2379 3408 2561 3473 καθὼς
2612 3411 2671 3464 ἐν
2726 3410 3082 3480 Εὑαγγελίοις
3121 3414 3305 3485 φησὶν,
3336 3413 3582 3484 θεμέλιον
3625 3416 3716 3468 τὸν
3750 3463 3771 3470 -

2132 3500 2345 3572 Πέτρον
2399 3500 2654 3572 ὀνομάζει
2689 3503 2786 3571 τῆς
2830 3503 3182 3573 Ἐκκλησίας,
3231 3503 3313 3558 Σὺ
3369 3500 3427 3557 εἴ
3470 3504 3716 3573 Πέτρος,

2138 3592 2235 3645 καὶ
2258 3590 2357 3644 ἐπὶ
2389 3593 2574 3661 ταύτῃ
2597 3591 2673 3660 τῇ
2694 3593 2879 3662 πέτρᾳ
2902 3593 3274 3663 οἰκοδομήσω
3293 3612 3411 3664 μου
3440 3596 3556 3663 τὴν
3593 3596 3714 3650 Ἕκ-

2137 3683 2420 3749 κλησίαν.
2450 3682 2669 3754 Πρῶτος
2698 3683 2807 3754 γὰρ
2834 3683 3049 3753 άληθῶς
3075 3679 3252 3749 οὗτος,
3295 3686 3483 3758 ῶσπερ
3520 3705 3606 3751 τις
3639 3688 3713 3740 λί-

2139 3771 2230 3836 θος
2278 3774 2451 3843 μέγας
2496 3773 2589 3827 καὶ
2637 3775 2901 3846 καρτερὸς
2941 3777 3198 3848 ὲνερῤίφη
3245 3780 3310 3848 τῇ
3368 3777 3460 3831 τοῦ
3507 3778 3717 3849 κόσμου

2137 3863 2325 3917 τούτου
2358 3864 2653 3936 κοιλότητι,
2680 3866 2713 3936 ἢ
2744 3869 2809 3937 τῇ
2856 3866 3060 3920 κοιλάδι
3090 3868 3182 3920 τοῦ
3212 3868 3587 3940 κλαυθμῶνος,
3638 3870 3715 3934 ῶς

2139 3971 2304 4025 φησιν
2332 3957 2361 4008 ὀ
2396 3957 2578 4010 Δαϐίδ’
2607 3957 2692 4010 ἵνα
2723 3959 2931 4019 πάντας
2953 3960 3312 4031 Χριστιανοὺς
3334 3961 3715 4029 ἐποικοδομου-

2138 4047 2334 4114 ’μένους
2381 4047 2672 4117 βαστάσας,
2730 4050 2978 4121 ἁναγάγῃ
3040 4051 3175 4122 πρὸς
3235 4051 3297 4104 τό
3344 4052 3498 4120 ὕψος,
3540 4052 3568 4104 ὃ
3616 4053 3719 4123 τῆς

2138 4137 2351 4200 ἐλπίδος
2374 4139 2531 4210 ήμῶν
2563 4141 2708 4193 ἐστιν
2744 4142 3076 4213 οἰκητήριον.
3109 4144 3393 4213 Θεμέλιον
3419 4144 3576 4199 ἄλλο
3616 4147 3721 4199 οὐ·

2137 4226 2256 4293 δεὶς
2288 4228 2538 4283 δύναται
2566 4229 2775 4295 θεῖναι,
2807 4233 2964 4302 παρὰ
2987 4233 3093 4286 τὸν
3123 4236 3417 4304 κείμενον,
3442 4234 3511 4301 ὃς
3542 4236 3722 4290 ἐστιν

2141 4318 2387 4385 Ἰησοῦς
2438 4322 2706 4387 Χριστός.
2766 4323 2845 4393 Τῇ
2885 4324 3047 4395 ὁμοίᾳ
3092 4325 3150 4378 δὲ
3195 4326 3384 4397 κλήσει
3435 4328 3463 4378 ὀ
3519 4329 3720 4399 Σωτὴρ

472 4419 795 4489 discipulum
842 4415 1229 4470 honestandum
1263 4414 1435 4478 duxit,
1486 4415 1769 4468 nominans
1793 4412 1914 4466 fidei
1951 4427 2039 4480 pe-

2138 4409 2295 4481 ήμῶν
2322 4415 2416 4463 καὶ
2444 4412 2535 4465 τὸν
2565 4413 2777 4483 πρῶτον
2824 4414 2986 4468 αὐτοῦ
3018 4415 3265 4487 μαθητὴν
3307 4416 3719 4487 κατεκόσμησε,

474 4522 633 4565 tram.
665 4508 767 4563 Per
798 4507 1013 4562 Petrum
1051 4520 1199 4575 ergo,
1234 4521 1418 4561 verum
1471 4520 1532 4560 ac
1573 4505 1780 4560 ﬁdelem
1822 4504 2038 4575 pietatis

471 4604 740 4658 doctorem
792 4597 1062 4662 ell'ectum,
1104 4596 1464 4653 Ecclesiarum
1499 4598 1707 4653 stabilis
1735 4597 2036 4667 inﬂexaque

472 4693 699 4748 llrmitas
728 4689 990 4745 consistit.
1036 4687 1172 4743 Justi
1221 4703 1382 4757 porro
1421 4689 1776 4744 aediﬁcatione
1808 4688 2031 4743 radicali

478 4793 709 4847 stamus,
741 4781 830 4850 qui
862 4780 928 4833 ab
966 4790 1088 4834 ortu
1116 4779 1244 4834 solis
1277 4780 1343 4833 ad
1380 4793 1549 4847 usque
1565 4793 1814 4835 occasum
1846 4794 2031 4835 sumus

473 4872 785 4931 Christiani.
835 4870 1019 4935 Plane,
1054 4885 1177 4925 cum
1233 4885 1264 4923 a
1318 4879 1559 4939 tempore
1606 4870 2031 4925 annuntiationis

470 4966 809 5036 evangelicae,
847 4963 1024 5018 multa:
1053 4963 1377 5018 increverint
1414 4962 1759 5029 tentationes,
1790 4964 2033 5033 tyranni-

470 5074 575 5128 que
621 5072 721 5113 nos
766 5055 1205 5118 innumerabiles,
1275 5069 1337 5109 ac
1388 5054 1492 5108 illis
1537 5054 1704 5124 prior,
1752 5054 2028 5120 diabolus,

330 5122 333 5125 Α
388 5222 393 5227 1
470 5122 708 5205 funditus
742 5149 1050 5212 destruere,
1101 5157 1264 5216 atque
1306 5160 1335 5199 a
1390 5122 1751 5201 fundamentis
1789 5157 2035 5201 evertere

470 5242 651 5296 conati
719 5240 826 5296 sint
853 5259 867 5295 :
898 5240 1254 5295 decurrerunt
1297 5235 1515 5291 flumina
1553 5238 1696 5291 velut
1732 5246 2033 5304 torrentes,

471 5332 645 5401 inquit
679 5332 911 5388 salubris
948 5347 1011 5387 ac
1059 5345 1211 5386 sacra
1263 5329 1536 5401 Scriptura
1565 5331 1642 5395 7‘;
1692 5330 2034 5385 vehementes

471 5423 855 5479 diabolicorum
887 5424 1171 5494 spirituum
1205 5423 1346 5477 venti
1398 5424 1701 5486 irruerunt;
1739 5422 1941 5489 copiosi
1970 5437 2033 5472 ac

542 5617 634 5691 ξξι
666 5617 796 5691 Bcg.
832 5620 996 5691 "[12
1031 5638 1151 5691 sqq.
1251 5626 1296 5655 “
1328 5626 1448 5678 Act.
1487 5642 1595 5689 xvt,
1638 5629 1686 5681 Ι.

1795 5629 1839 5661 σε
1879 5629 1917 5682 n
1954 5630 2089 5699 Reg.

2144 4501 2347 4572 πέτραν
2398 4502 2665 4572 ὀνομάσας
2724 4505 2823 4574 τῆς
2874 4504 3127 4568 πίστεως.
3153 4505 3251 4559 Διὰ
3275 4506 3480 4576 Πέτρον
3508 4506 3720 4570 τοῖνυν,

2141 4592 2388 4647 ἄπτωτον
2420 4595 2516 4647 καὶ
2545 4593 2761 4658 ἀκλινὲς
2815 4596 2875 4648 τὸ
2906 4597 3014 4649 τῶν
3078 4597 3414 4669 Ἐκκλησιῶν
3461 4597 3718 4670 ἓδρασμα

2140 4685 2391 4751 σώζεται,
2422 4688 2642 4759 γνήσιον
2660 4687 2752 4740 καὶ
2781 4689 2970 4741 πιστὸν
2996 4689 3284 4760 γενόμενον
3312 4691 3410 4761 τῆς
3430 4690 3718 4756 εὐσεϐείας

2140 4783 2516 4850 μυσταγωγόν.
2543 4783 2641 4835 Διὰ
2664 4781 2760 4853 τὴν
2800 4783 3084 4854 οίκοδομὴν
3102 4784 3156 4837 δὲ
3189 4784 3283 4837 τοῦ
3310 4784 3515 4838 δικαίου
3544 4786 3717 4856 ἑστή-

2140 4889 2316 4943 καμεν
2345 4873 2722 4944 ἐρριζωμένοι,
2758 4877 2806 4928 οἱ
2846 4876 2954 4928 ἀπὸ
2978 4876 3287 4947 ἀνίσχοντος
3311 4877 3489 4948 ἡλίου,
3544 4877 3716 4949 μέχρι

2138 4967 2233 5018 καὶ
2261 4965 2543 5036 δυομένου,
2575 4968 2910 5038 Χριστιανοί.
2939 4969 3159 5024 Πολλῶν
3189 4970 3245 5023 δὲ
3267 4969 3592 5042 πειρασμῶν
3625 4988 3714 5025 κι-

2137 5055 2421 5125 νηθέντων,
2456 5058 2547 5124 ἀφ’
2579 5052 2639 5110 οὗ
2679 5060 2988 5130 κατηγγέλη
3014 5061 3074 5114 τὸ
3100 5062 3446 5131 Εὐαγγέλιον,
3477 5062 3572 5115 καὶ
3607 5080 3714 5133 μυο

2135 5147 2268 5220 ρίων
2294 5148 2587 5219 τυράννων
2622 5150 2715 5203 καὶ
2764 5153 2872 5224 πρὸ
2908 5153 3152 5218 ἐκείνων,
3184 5155 3277 5208 τοῦ
3324 5154 3570 5208 διαϐόλου
3602 5172 3713 5209 κα-

2133 5240 2398 5310 ταστῆσαι
2425 5240 2752 5313 θελήσαντος
2784 5247 2863 5309 είς
2896 5246 3111 5316 ἔδαφος,
3156 5247 3248 5301 καὶ
3287 5247 3532 5301 καθελεῖν
3561 5249 3711 5319 ἡμᾶς

2135 5331 2317 5396 αὐτοῖς
2340 5336 2769 5407 κρηπιδήμασιν·
2805 5336 3072 5409 ἔρῤευσαν
3106 5339 3202 5409 μὲν
3234 5339 3282 5392 oi
3329 5337 3586 5408 ποταμοὶ,
3635 5338 3709 5402 ὥς

2134 5440 2296 5495 φησιν
2329 5429 2357 5479 ὁ
2389 5431 2655 5501 σωτήριος
2686 5429 2861 5498 λόγος,
2906 5431 2981 5493 ῶς
3030 5432 3339 5502 χείμαρροι,
3389 5429 3610 5502 σφοδροὶ
3656 5431 3708 5484 δὲ

2600 5635 2644 5666 ⁸⁸
2675 5632 2835 5687 Joan.
2865 5647 2904 5700 l,
2939 5633 3026 5687 42.

2141 5646 2230 5693 xv,
2296 5631 2312 5682 Ι
2369 5649 2488 5699 sqq.
2600 5632 2904 5700 “Joan.t,
2939 5633 3026 5687 42.
3137 5632 3313 5688 "lsa.
3365 5648 3556 5700 xxvut,
3608 5633 3702 5689 l6.

472 5688 517 5720 “
544 5687 734 5745 Matth.
753 5687 874 5753 71m,
906 5689 995 5744 18.
1074 5687 1127 5723 δ”
1151 5693 1300 5748 Psal.
1337 5710 1556 5758 uxxtu,
1585 5687 1638 5750 7.
1718 5699 1761 5729 ⁷⁰
1798 5699 1816 5752 1
1847 5700 1974 5753 Cor.
2009 5687 2087 5767 tit,
2130 5687 2228 5754 11(
2299 5704 2342 5734 τι
2386 5687 2575 5757 Matth.
2606 5718 2704 5767 vn,
2735 5702 2827 5754 27.
