4048 6194
297 328 404 385 969

1192 327 1468 386 HOMILIA
1512 326 1640 383 VIII.
1676 327 1741 381 IN
1778 325 1876 399 SS,
1920 294 2201 385 PETRUM
2237 329 2324 383 ET
2362 328 2669 385 PAULUM.

3448 335 3554 388 270

299 447 502 517 ἄνεμοι
531 447 644 500 τῶν
676 445 987 500 διαϐολικῶν
1023 447 1349 518 πνευμάτων
1376 448 1732 520 προσέϐαλον,
1762 444 1881 502 λαῦ⁴

1994 449 2241 505 immensi
2271 450 2710 520 persequentium
2758 449 3099 506 Christianos
3139 451 3340 506 imbres
3362 450 3562 520 impetu

306 557 392 612 ροι
421 538 485 592 δὲ
506 539 656 592 ὑετοὶ
680 538 784 591 τῶν
811 538 1120 593 διωκόντων
1141 541 1503 612 Χριστιανοὺς
1536 543 1889 615 κατερράγη-

306 648 438 695 σαν,
466 630 566 684 καὶ
587 630 733 683 οὐδὲν
762 629 1111 701 ἰσχυρότερον
1136 629 1295 703 ὤφθη
1323 630 1416 685 τοῦ
1438 632 1579 685 κατά
1603 633 1736 686 Θεὸν
1767 634 1889 704 όχυο

311 719 590 791 ρώματος·
624 718 804 790 ἐπειδὴ
861 721 985 783 ταῖς
1027 719 1211 788 ἁγίαις
1239 720 1519 793 παλάμαις
1545 722 1640 776 τοῦ
1671 722 1888 793 πρώτου

308 812 424 866 τῶν
457 811 757 866 ἀποστόλων
786 812 1203 883 κατεσκευάσθη
1247 813 1309 867 τὸ
1349 814 1450 885 τῆς
1482 816 1719 879 πίστεως
1742 816 1889 868 οίκο-

310 902 551 976 δόμημα.
590 903 774 957 Ταῦτα
807 904 867 957 δὲ
900 904 1098 973 λέγων,
1144 904 1253 958 ἔδει
1284 906 1330 939 ’³
1359 906 1455 960 ἕνα
1481 906 1637 976 λόγον
1663 908 1765 979 τῆς
1808 909 1889 962 εύ-

315 995 497 1065 λογίας
536 995 630 1048 τοῦ
676 995 884 1065 πέτραν
925 995 1018 1049 τὸν
1044 996 1459 1070 ἐὐαγγελιστὴν
1498 1000 1885 1070 ὀνομάσαντος.

318 1086 541 1158 Ἵδωμεν
574 1086 651 1151 δὲ,
680 1087 730 1139 εί
748 1087 916 1154 δοκεῖ,
943 1088 1063 1152 πῶς
1093 1086 1359 1160 ᾠκοδόμει
1380 1089 1605 1163 Πέτρος·
1634 1092 1695 1145 οὐ
1723 1091 1889 1157 λίθοις

314 1182 408 1235 καὶ
438 1180 693 1245 πλίνθοις,
744 1180 869 1233 οὐδὲ
911 1178 1033 1245 ταῖς
1082 1182 1271 1247 ἄλλαις
1304 1181 1458 1247 ὕλαις
1486 1186 1607 1248 ταῖς
1634 1186 1886 1256 γεηραῖς·

310 1270 441 1325 ἀλλὰ
468 1271 648 1340 λόγοις
683 1271 786 1326 καὶ
840 1273 1125 1344 πράξεσιν,
1161 1269 1250 1337 αἷς
1275 1275 1560 1345 ἐνηργεῖτο
1587 1275 1736 1347 παρὰ
1793 1276 1887 1329 τοῦ

304 1362 639 1434 Πνεύματος.
1260 1402 1267 1410 -

363 1454 472 1509 Τοῦ
493 1454 683 1529 τοίνυν
711 1455 848 1511 Θεοῦ
879 1458 974 1511 καὶ
1000 1457 1252 1531 Σωτῆρος
1276 1458 1432 1530 ἡμῶν
1464 1459 1776 1525 ἀνελθόντος
1806 1463 1884 1525 είς

292 1545 581 1615 οὐρανοὺς,
622 1546 790 1617 ἡνίκα
821 1545 921 1618 τὴν
955 1545 1184 1618 νεφέλην
1232 1543 1347 1619 εἶχε
1373 1548 1580 1620 ὄχημα,
1612 1550 1721 1603 τῶν
1745 1552 1883 1604 ἀπο·

293 1635 500 1690 στόλων
530 1636 864 1707 βλεπόντων,
892 1629 1049 1701 οὗτος
1079 1640 1108 1692 ὁ
1136 1638 1279 1710 ἀνὴρ
1313 1639 1637 1695 ἀντελάϐετο
1663 1643 1763 1713 τῆς
1789 1642 1884 1696 τοῦ

293 1727 637 1799 Εὑαγγελίου
668 1729 1037 1796 διδασκαλίας·
1073 1732 1166 1786 καὶ
1201 1732 1310 1804 πρὸ
1359 1732 1579 1788 πάντων
1631 1735 1740 1789 τῶν
1778 1754 1886 1790 κοι-

292 1821 479 1875 νωνῶν
509 1822 611 1893 τῆς
636 1823 943 1893 ἐπισκοπῆς
965 1823 1181 1890 ἀνοίξας
1203 1824 1267 1878 τὸ
1297 1826 1495 1897 στόμα.
1521 1825 1632 1880 τῶν
1658 1827 1888 1885 λυσσώνι

287 1932 399 1969 των
430 1915 579 1968 κατὰ
634 1915 737 1986 τῆς
793 1916 1076 1982 εὐσεϐείας
1113 1919 1492 1992 κατεθάρσησε
1521 1921 1752 1995 οδήμων,
1793 1926 1888 1978 καὶ

288 2009 610 2081 δημηγόρος
636 2011 882 2082 ἀνεφάνη
910 2012 1096 2081 σοφός,
1131 2015 1188 2067 ὲν
1242 2014 1393 2087 μέσῳ
1429 2015 1538 2069 τῶν
1566 2015 1739 2071 ἐθνῶν
1792 2018 1887 2071 καὶ

289 2102 388 2156 τοῦ
425 2102 669 2176 Ἰσραήλ·
698 2103 872 2157 ἐθνῶν
903 2104 1221 2159 ἁκονώντων
1247 2107 1374 2171 τοὺς
1395 2107 1634 2173 ὀδόντας,
1668 2110 1763 2163 καὶ
1797 2110 1889 2164 θυ-

293 2195 402 2265 μοῦ
443 2194 865 2267 πληρουμένων,
890 2198 1042 2261 εῐτις
1068 2198 1158 2252 τὸν
1197 2199 1400 2272 Ἰησοῦν
1413 2201 1887 2272 ὁνομάσειε.”Ωστε

289 2285 356 2339 τὺ
375 2287 458 2349 είς
486 2286 580 2339 τὸν
630 2286 839 2358 Κύριον
873 2287 1026 2360 παρά
1052 2288 1151 2359 τῆς
1181 2291 1519 2363 προφητείας
1549 2291 1758 2364 λεχθὲν,
1785 2294 1887 2366 ἀρ-

298 2376 488 2448 μόζειν
516 2377 658 2431 πάνυ
689 2379 784 2431 καὶ
813 2379 1026 2451 Πέτρῳ,
1058 2380 1138 2447 τὸ,
1157 2383 1657 2451 Περιεκύκλωσὰν
1678 2402 1756 2454 με
1784 2386 1888 2440 κύ-

292 2485 400 2534 νες
428 2470 670 2524 πολλοι·
723 2470 931 2539 ταῦροι
980 2471 1187 2539 πίονες
1240 2473 1566 2544 περιέσχον
1603 2491 1700 2545 με.
1745 2475 1886 2529 Ἀλλ’

290 2562 448 2631 ὅμως
477 2560 615 2621 ζέων
636 2558 714 2632 τῷ
769 2560 1070 2632 Πνεύματι,
1099 2563 1197 2616 καὶ
1222 2562 1322 2635 τὴν
1369 2564 1591 2635 ἐντολὴν
1624 2566 1886 2638 ἀνεπίλη-

300 2670 430 2707 στον
459 2652 667 2720 σώζων,
696 2648 797 2725 τὴν
824 2654 1089 2709 εἰποῦσαν
1134 2654 1304 2727 αὐτῷ·
1341 2658 1540 2711 Βόσκε
1589 2656 1661 2711 τὰ
1706 2658 1887 2726 ἀρνία

290 2763 441 2816 μου*
483 2746 612 2812 στάς
663 2749 744 2811 είς
770 2747 942 2819 δῆμον
988 2747 1293 2819 σύμμικτον
1340 2749 1405 2802 ἐκ
1454 2748 1661 2823 μυρίων
1693 2748 1884 2815 ἐθνῶν,

292 2837 450 2891 ὲϐόα’
490 2839 739 2908 Ἄνδρες
782 2839 1074 2906 Ἰουδαῖοι,
1108 2839 1208 2894 καὶ
1246 2843 1301 2896 οὶ
1332 2842 1754 2909 κατοικοῦντες
1789 2842 1885 2897 Ἰε-

291 2928 615 2997 ρουσαλὴμ
670 2924 953 2996 ἅπαντες.
989 2930 1100 2984 Καὶ
1153 2931 1243 2985 ἴνα
1302 2932 1377 3003 μὴ
1428 2932 1880 3004 μακρολογῶμεν,

293 3021 482 3074 πᾶσαν
515 3022 614 3093 τὴν
655 3021 815 3094 ῥῆσιν
839 3023 1196 3095 συνείροντες,
1224 3025 1610 3097 ἀπομέμνηται
1640 3026 1749 3081 τῶν
1790 3027 1880 3080 λο-

291 3112 429 3179 γίων
459 3111 555 3166 τοῦ
602 3112 774 3184 Ίωὴλ,
819 3114 1176 3184 προφητεύων
1202 3116 1273 3147 ⁷³⁸
1307 3104 1407 3187 τὴν
1439 3116 1534 3169 τοῦ
1563 3116 1882 3189 Πνεύματος

293 3203 663 3273 ὲπιφοίτησινν
702 3203 911 3258 ἐκεῖθεν
945 3204 1038 3256 ἐπὶ
1066 3205 1158 3258 τὸν
1207 3204 1372 3259 Δαϐὶδ
1403 3206 1740 3277 μεταϐαίνει,
1785 3210 1880 3262 καὶ

290 3295 388 3348 τὸν
431 3296 915 3350 πεντεκαιδέκατον
967 3296 1179 3368 ψαλμὸν
1216 3298 1613 3370 παραθέμενος,
1674 3300 1881 3370 βεϐαιοῖ

290 3384 395 3455 τὴν
415 3385 730 3439 ἀνάστασιν·
762 3387 966 3441 καὶτὸν
985 3389 1164 3441 πάντα
1184 3388 1341 3457 λόγον
1391 3407 1454 3442 συ
1463 3408 1571 3461 μπε
1582 3394 1880 3464 ρανάμενος

291 3478 354 3533 ἢν
389 3478 556 3549 σοφίᾳ
611 3478 786 3546 λόγων
837 3480 932 3532 καὶ
973 3480 1250 3553 μαρτυρίᾳ
1293 3481 1481 3551 νόμου,
1539 3484 1700 3548 εὐθὺς
1752 3487 1879 3550 τοὺς

290 3570 575 3642 ἀκροατὰς
612 3572 942 3643 ἐπηγάγετο,
1006 3572 1064 3625 οὐ
1113 3572 1265 3636 δέκα,
1317 3574 1437 3627 οὐδὲ
1492 3576 1705 3630 ἑκατόνο
1758 3578 1879 3632 οὐδὲ

289 3663 438 3733 τρὶς,
467 3663 502 3734 ἦ
539 3664 801 3728 πεντάκις
836 3663 1143 3728 τοσούτους·
1177 3664 1312 3719 ἀλλά
1340 3670 1489 3738 τρεῖς
1516 3669 1757 3739 χιλιάδας
1786 3672 1879 3724 ἀν-

288 3752 825 3827 δριῖ›ν,,Ἐκκλησίας
853 3756 1148 3829 πλήρωμα,
1175 3756 1348 3828 δῆμον
1405 3759 1527 3811 ὅλον
1566 3761 1747 3814 ἱκανὸν
1779 3779 1879 3816 κα-

290 3846 568 3917 ταπλῆξαι
609 3840 749 3911 τοὺς
778 3848 1082 3919 δυσμενεῖς,
1127 3841 1202 3903 ὧν
1234 3849 1629 3920 ἀπερράγησαν
1663 3851 1875 3923 ἁθρόον.

293 3940 361 3992 Ὢ
400 3939 628 4003 πειθοῦς
662 3939 951 4012 φάρμακον
1002 3939 1203 4011 θερμὸν
1256 3941 1350 3994 καὶ
1403 3941 1682 4013 διάπυρον,
1714 3943 1879 4009 ὀξέως

287 4031 399 4084 τῶν
426 4030 619 4102 ψυχῶν
657 4031 1077 4101 καθαψάμενονί
1122 4031 1168 4084 ὣ
1199 4033 1362 4101 σοφία
1398 4032 1668 4099 θεολόγος,
1698 4037 1878 4089 πᾶσαν

290 4124 486 4192 σοφίαν
548 4123 897 4195 ἀνθρωπίνην
952 4123 1273 4195 καλύψασαί
1327 4126 1392 4177 Τί
1454 4126 1667 4196 λέγετε,
1699 4129 1748 4181 οἱ
1788 4129 1879 4182 τὸν

289 4216 648 4289 Δημοσθένην
696 4216 1088 4287 στεφανοῦντες
1128 4216 1272 4270 κατά
1328 4218 1594 4291 ῥητόρων,
1639 4220 1734 4273 καὶ
1788 4221 1878 4274 τὸν

290 4306 593 4377 mergitth
641 4306 1005 4377 άνυμνοῦντες
1060 4309 1116 4361 ὲν
1155 4309 1496 4378 φιλοσόφοις;
1529 4304 1879 4381 Δημοσθένης

294 4400 390 4468 μὲν
418 4400 554 4470 γὰρ,
578 4401 607 4452 ὁ
640 4399 737 4470 τὴν
771 4399 1066 4471 ῥητορικὴν
1092 4401 1266 4470 μέγας
1294 4403 1387 4455 καὶ
1421 4402 1875 4475 πολυθρύλλητος,

1994 541 2351 609 deﬂuxerunt,
2402 556 2503 597 nec
2528 542 2822 613 quidquam
2872 552 3048 598 tamen
3080 545 3263 600 divino
3294 547 3562 614 potentius

1992 632 2162 688 visum
2191 644 2274 688 est
2302 634 2634 700 munimine;
2662 634 2803 704 quod
2845 634 3097 690 nimirum
3131 635 3248 690 ﬁdei
3280 636 3563 692 aediﬁcatio

1990 723 2162 777 sacris
2188 723 2346 791 primi
2380 723 2745 792 apostolorum
2778 726 3027 780 manibus
3070 734 3348 781 exstructa
3396 736 3561 782 esset.

1991 810 2117 867 Hazc
2157 828 2318 882 porro
2351 814 2574 868 dicenda
2615 813 2800 879 habui,
2828 815 2897 869 ob
2929 814 3079 869 illum
3121 830 3287 869 unum
3338 817 3561 870 verbum

1990 903 2383 960 benedictionis
2405 909 2541 976 ejus,
2567 906 2657 976 qui
2680 907 3061 978 evangelistam
3093 923 3156 964 ac
3177 923 3391 963 sacrum
3425 922 3566 977 prte—

1989 1008 2201 1062 conem,
2238 1007 2444 1065 petram
2500 1000 2846 1067 nuncupavit.
2903 999 3192 1055 Videamus
3243 1008 3463 1066 autem,
3516 999 3560 1052 si

1991 1086 2158 1153 lubet,
2193 1103 2298 1157 qua
2335 1088 2527 1144 Petrus
2571 1091 2781 1146 ratione
2809 1090 3191 1155 aediﬁcaverit;
3220 1108 3324 1147 non
3371 1091 3564 1161 lapidi-

1989 1179 2091 1233 bus
2120 1178 2511 1250 lateribusque,
2549 1180 2630 1235 vel
2652 1181 2755 1236 alia
2792 1190 3003 1238 terrena
3036 1185 3256 1238 materia
3277 1224 3292 1248 ,
3320 1184 3412 1238 sed
3442 1198 3558 1239 ser-

1991 1272 2238 1326 monibus
2271 1286 2334 1327 ac
2370 1272 2696 1338 actionibus,
2740 1287 2875 1342 quas
2896 1274 3126 1344 Spiritus
3155 1273 3444 1329 exercebat
3478 1274 3562 1326 in-

1989 1362 2205 1416 stinctu.
2364 1354 2380 1369 ’

2061 1452 2194 1509 Cum
2232 1454 2372 1510 Deus
2415 1454 2597 1526 itaque
2652 1472 2716 1511 ac
2770 1457 3018 1512 Salvator
3068 1466 3253 1513 uoster
3298 1458 3350 1512 in
3395 1456 3565 1512 caelos

1999 1546 2351 1611 ascendisset,
2383 1549 2598 1617 quando
2637 1551 2898 1618 apostolis
2928 1550 3294 1619 spectantibus
3321 1550 3490 1604 nubes
3514 1549 3564 1603 ei

1989 1637 2293 1693 vehiculum
2327 1638 2468 1694 facta
2504 1648 2607 1706 est,
2637 1641 2720 1693 vir
2772 1641 2871 1696 iste
2904 1643 3128 1696 docendi
3168 1652 3351 1711 partes
3390 1642 3567 1694 Evan-

1988 1728 2109 1797 gelii
2141 1732 2418 1800 suscepit;
2460 1742 2623 1802 atque
2653 1733 2816 1788 sociis
2842 1735 3091 1789 omnibus
3121 1735 3286 1804 prior,
3322 1748 3421 1804 pro
3448 1732 3562 1803 epi-

1920 1811 1964 1870 B
1994 1822 2138 1889 scopi
2201 1836 2263 1877 ac
2309 1824 2581 1892 prazpositi
2628 1840 2847 1880 munere
2889 1842 2949 1881 os
3004 1827 3273 1896 aperiens,
3314 1826 3565 1880 audentis

1991 1913 2153 1966 animi
2186 1913 2554 1970 fortitudinem
2605 1928 2789 1973 contra
2836 1920 3061 1988 populos
3090 1920 3351 1974 adversus
3393 1919 3563 1987 Pieta-

1990 2010 2095 2055 tem
2134 2001 2396 2072 furentes,
2440 2006 2703 2074 ostendit;
2738 2023 2801 2064 ac
2854 2010 3070 2079 sapiens
3114 2018 3301 2064 orator
3335 2009 3388 2064 in
3446 2024 3563 2063 me-

1986 2089 2080 2145 dio
2126 2093 2369 2161 gentium
2437 2108 2501 2149 ac
2551 2093 2768 2152 Israelis
2833 2098 3065 2164 enituit;
3122 2100 3403 2167 gentium,
3462 2099 3597 2152 in-.

1988 2182 2181 2248 quam,
2232 2186 2540 2240 acuentium
2601 2187 2830 2256 linguas,
2878 2206 3106 2260 qmeque
3161 2193 3278 2257 ira,
3332 2200 3392 2245 ut
3444 2192 3566 2261 quis

1994 2268 2181 2326 Jesum
2243 2276 2596 2339 nominasset,
2641 2278 3012 2346 implerentur.
3053 2282 3128 2336 lla
3159 2297 3291 2336 sane
3330 2292 3381 2338 ut
3419 2288 3563 2353 quod

1991 2375 2021 2413 a
2082 2362 2353 2431 Propheta
2408 2368 2459 2421 in
2517 2366 2723 2422 Domini
2769 2385 2995 2437 persona
3061 2373 3260 2426 dictum
3311 2384 3432 2439 est,
3469 2373 3566 2430 Pe-

1991 2461 2073 2507 tro
2100 2467 2313 2525 quoque
2358 2456 2644 2511 admodum
2693 2472 3016 2530 congrueret
3046 2479 3060 2515 :
3092 2462 3562 2520 Circumdederunt

1988 2562 2069 2599 me
2099 2562 2256 2600 canes
2304 2549 2496 2611 multi;
2540 2552 2680 2603 tauri
2727 2553 2943 2622 pingues
2970 2553 3274 2610 obsederunt
3305 2574 3386 2612 me
3412 2558 3489 2624 ⁷³;
3520 2561 3565 2614 is

1991 2647 2172 2693 tamen
2233 2637 2439 2709 Spiritu
2484 2642 2714 2708 fervens,
2755 2644 2972 2713 altaque
3025 2648 3279 2701 memoria
3319 2648 3445 2705 illud
3495 2656 3561 2706 ad

1987 2731 2161 2800 ipsum
2195 2731 2407 2788 Domini
2434 2737 2744 2789 mandatum
2770 2738 3028 2802 retinens,
3052 2753 3158 2808 quo
3181 2739 3280 2794 fuit
3308 2742 3510 2799 dictum
3543 2763 3557 2799 :

1988 2822 2155 2878 Pasce
2184 2841 2347 2895 agnos
2371 2841 2511 2880 meo:
2542 2826 2619 2893 τις
2654 2835 2806 2884 stans
2853 2829 2905 2883 in
2946 2831 3251 2898 promiscua
3283 2849 3351 2889 ex
3396 2833 3560 2890 innu-

1985 2917 2334 2974 merabilibus
2383 2920 2636 2987 gentibus
2689 2919 3051 2986 multitudine,
3085 2925 3394 2982 clamabat:
3450 2926 3587 2983 Viri‘
3650 2929 3658 2939 '

1980 3005 2183 3075 Judrei,
2213 3020 2262 3064 et
2281 3012 2372 3081 qui
2399 3012 2646 3066 [cubitalia
2676 3012 3007 3069 Hierusalem
3027 3017 3333 3074 universi".
3373 3022 3454 3075 Ac
3495 3038 3562 3077 ne

1985 3100 2160 3156 locum
2188 3110 2358 3158 totum
2390 3105 2771 3160 subnectentes
2822 3106 3094 3177 longiores
3130 3111 3322 3179 simus,
3363 3115 3417 3168 in
3446 3130 3560 3169 me-

1908 3174 1950 3232 C
1986 3195 2214 3250 moriam
2244 3206 2461 3251 revocat
2501 3196 2668 3252 Joelis
2714 3202 2949 3268 oracula,
2979 3203 3326 3286 pra-dicentis
3367 3207 3557 3275 spiritu

1982 3285 2297 3353 prophetico
2319 3283 2556 3357 Spiritus
2576 3288 2859 3344 adventum
2885 3307 2899 3344 :
2931 3304 3041 3348 tum
3073 3283 3267 3350 transit
3295 3297 3360 3350 ad
3396 3299 3557 3353 Davi-

1982 3375 2125 3441 dem,
2147 3392 2208 3432 ac
2224 3392 2501 3448 exponens
2518 3379 2782 3449 psalmum
2800 3383 3046 3454 quintum
3070 3387 3562 3454 deciutum,conllr-

1981 3471 2554 3525 matresurrectionem
2581 3491 2594 3526 :
2619 3474 2804 3543 sicque
2825 3491 3126 3533 sermonem
3157 3478 3463 3536 universum
3502 3484 3556 3538 in

1981 3560 2266 3616 verborum
2279 3562 2542 3632 sapientia
2558 3579 2618 3619 ac
2634 3564 2765 3634 legis
2783 3567 3087 3621 tes1imonia
3102 3569 3447 3636 concludens,
3462 3579 3559 3627 sta»

1984 3654 2076 3709 tim
2105 3666 2224 3724 post
2240 3669 2297 3710 se
2321 3655 2483 3709 traxit
2502 3656 2811 3719 auditores;
2846 3673 2948 3713 non
2970 3659 3174 3725 decem,
3196 3672 3556 3727 auteeutum;
3604 3696 3611 3701 -

1983 3746 2062 3801 vel
2095 3747 2259 3800 etiam
2295 3756 2377 3800 ter
2404 3756 2565 3801 autve
2594 3748 2878 3815 quinquies
2911 3757 3117 3813 tantos;
3154 3752 3280 3818 quin
3308 3753 3432 3807 imo.
3458 3755 3555 3807 tria

1982 3838 2146 3891 millia
2204 3839 2477 3905 virorum;
2512 3838 2766 3892 Ecclesiae
2798 3849 2998 3892 emtum
3027 3855 3040 3901 ;
3091 3839 3357 3909 integrum
3387 3857 3559 3911 νίψει-ο

1981 3931 2089 3986 lum
2135 3933 2345 3987 abunde
2378 3932 2661 3985 habentem
2714 3930 2896 3983 hostes
2938 3928 3254 3997 percellere,
3303 3944 3332 3982 a
3361 3933 3560 4000 quibus

1983 4025 2263 4095 repentina
2302 4025 2436 4078 adeo
2468 4024 2769 4076 mutatione
2806 4022 3030 4076 abscissi
3061 4033 3261 4076 essent.
3299 4023 3342 4078 Ο
3380 4025 3560 4080 suada!

1983 4117 2187 4172 fervida
2232 4129 2570 4184 accensaque
2608 4115 2984 4179 medicamina,
3028 4116 3238 4170 animos
3275 4116 3464 4172 intime
3494 4134 3558 4173 ac

1980 4210 2391 4280 penetrabiliter
2412 4208 2858 4279 perstringentia!
2883 4209 2926 4260 0
2947 4208 3127 4261 divina
3152 4210 3435 4276 sapientia,
3464 4209 3559 4264 hu-

1982 4316 2195 4355 manam
2223 4315 2438 4355 omnem
2470 4300 2789 4369 sapientiam
2813 4298 3135 4352 obscuratis!
3161 4297 3303 4365 Quid
3332 4300 3396 4352 ad
3419 4302 3553 4363 hare,

1979 4394 2069 4463 qui
2104 4394 2449 4448 Demostheni
2500 4407 2660 4460 supra
2700 4391 2945 4444 rhetores
2995 4391 3218 4445 defertis
3268 4390 3554 4445 lauream:

290 4490 547 4543 τοσοῦτον
569 4492 764 4560 ἀπεῖχε
795 4490 888 4543 τοῦ
921 4493 1047 4562 περὶ
1078 4487 1152 4545 ὧν
1185 4492 1433 4546 ἐϐούλετο
1460 4495 1685 4561 πείθειν,
1737 4495 1878 4550 ὥστε

1986 4487 2186 4555 quique
2214 4487 2492 4541 Socratem
2522 4486 2758 4540 laudatis
2810 4486 2951 4539 inter
2982 4483 3367 4553 philosophos?
3408 4483 3555 4538 Tan-

294 4579 387 4632 καὶ
414 4579 688 4652 ἐξωρίσθη
708 4579 808 4649 τῆς
836 4579 1044 4643 πόλεως
1085 4578 1235 4650 παρὰ
1282 4580 1388 4633 τῶν
1418 4582 1721 4652 ἀκροατῶνο
1760 4583 1875 4636 Σω-

296 4670 503 4741 κράτης
534 4670 613 4733 δὲ,
666 4669 775 4721 τῶν
801 4669 1013 4722 πολλῶν
1044 4670 1180 4739 πρὸς
1220 4670 1534 4741 Ἀθηναίους
1563 4671 1755 4740 λόγων,
1782 4676 1877 4727 καὶ

297 4759 402 4809 τῶν
451 4760 634 4830 σοφῶν
687 4761 996 4827 διαλέξεων,
1050 4763 1222 4827 τέλος,
1287 4763 1347 4816 τὸ
1386 4763 1607 4817 κώνειον
1653 4764 1872 4835 εὕρατο,

300 4850 449 4918 παρὰ
484 4851 577 4904 τοῦ
628 4851 793 4922 χοροῦ
832 4852 939 4905 τῶν
974 4852 1231 4923 μαθητῶν
1266 4854 1564 4923 φονευθείς
1622 4856 1874 4911 τοσοῦτον

296 4940 458 4993 αὐτὸν
491 4944 690 5014 περιῆν
735 4944 833 5015 τῆς
857 4942 952 4996 τοῦ
1002 4944 1212 4998 πείθειν
1246 4945 1547 5016 δυνάμεως.
1586 4947 1791 5017 Πέτρος
1816 4948 1873 5001 δὲ

291 5033 321 5083 ό
366 5033 572 5098 ἁλιεὺς,
627 5036 657 5085 ὁ
707 5035 1075 5106 χειροτέχνης,
1099 5037 1127 5089 ό
1156 5036 1393 5107 ἀμαθὴς,
1424 5041 1453 5091 ό
1479 5040 1587 5091 πᾶν
1620 5040 1756 5111 ὅπερ
1806 5037 1872 5091 ἂν

292 5122 450 5195 ἐθέλῃ
481 5144 567 5189 τις
597 5126 874 5193 φαυλίζων
902 5126 1104 5191 καλεῖν,
1142 5131 1199 5181 ἐν
1245 5130 1345 5199 μιᾷ
1401 5114 1561 5197 λόγου
1596 5114 1869 5202 προσϐολῇ

294 5217 622 5286 τρισχιλίους
659 5217 861 5289 ἄνδρας
906 5217 1198 5290 θηρεύσας,
1254 5219 1484 5290 βεϐαίως
1550 5222 1867 5293 μετέστησε·

298 5314 388 5365 καὶ
408 5315 599 5377 ταῦτα,
620 5314 1151 5385 δυσανασχετοῦντας
1178 5317 1271 5371 καὶ
1322 5317 1733 5382 στασιάζοντας,
1781 5318 1877 5370 καὶ

299 5405 358 5457 οὐ
412 5409 832 5479 συγχωροῦντας
897 5410 1048 5482 αὑτῴ
1116 5411 1214 5482 τὴν
1288 5411 1466 5482 ἀρχὴν
1526 5411 1752 5484 διαιρεῖν
1794 5412 1877 5465 ιτὸ

303 5500 488 5571 στόμα.

1991 4592 2101 4636 tum
2123 4582 2264 4635 enirn
2300 4582 2473 4644 abest,
2516 4590 2575 4634 ut
2601 4596 2825 4651 magnus
2860 4580 2946 4633 ille
2980 4595 3042 4633 ac
3097 4577 3555 4633 celebratissimus

1984 4688 2081 4741 pro
2116 4674 2351 4728 oratoria
2405 4673 2689 4740 facultate,
2738 4689 2799 4726 ea
2838 4673 3172 4727 auditorilms
3204 4671 3553 4739 persuaserit,
3628 4710 3633 4715 .

1962 4778 2100 4834 'quze
2134 4767 2313 4818 animo
2348 4764 2638 4818 constituta
2689 4773 2901 4826 essent,
2946 4773 3000 4816 ut
3031 4762 3195 4815 etiam
3243 4759 3311 4812 ab
3364 4761 3552 4814 iisdem
3606 4829 3611 4833 ι

1983 4858 2114 4911 urbe
2149 4872 2211 4909 ac
2242 4856 2415 4924 patrio
2463 4855 2579 4911 solo
2606 4856 2918 4923 deportatus
2944 4854 3049 4917 sit;
3101 4853 3359 4907 Socrates
3400 4864 3550 4913 vero,

1982 4947 2211 5014 plurium
2242 4946 2455 4999 illorum
2488 4948 2553 4998 ad
2609 4946 2966 5000 Athenienses
3007 4958 3339 5005 sermomtm,
3373 4956 3436 4996 ac
3463 4957 3551 4995 sa-

1983 5038 2181 5107 pientia
2226 5036 2544 5091 refertarum
2601 5037 3018 5106 disputationum
3076 5034 3272 5097 linem,
3317 5034 3550 5087 cicutam

1982 5130 2207 5197 invenit,
2241 5129 2601 5184 interlleiente
2642 5130 3027 5199 discipulorum
3056 5132 3256 5193 choro,
3292 5136 3438 5181 tanta
3473 5131 3552 5180 ui-

1984 5223 2175 5276 mirum
2209 5222 2443 5292 pollebat
2479 5223 2527 5275 vi
2557 5225 2754 5277 suadae.
2793 5224 2862 5277 At
2916 5223 3127 5287 Petrus,
3159 5223 3396 5291 piscator
3435 5223 3551 5289 ille,

1981 5318 2069 5371 ille
2094 5332 2347 5370 manuum
2372 5327 2486 5370 arte
2507 5316 2703 5370 victmn
2731 5330 2997 5383 quaerens,
3044 5314 3131 5369 ille
3156 5315 3458 5385 imperitus,
3490 5332 3554 5372 ac

1979 5410 2239 5478 quidquid
2274 5425 2369 5477 per
2398 5418 2760 5477 contemptum
2804 5406 2935 5460 velis
2970 5406 3262 5476 appellare,
3301 5423 3410 5462 uno
3434 5423 3552 5464 ser—

1991 5502 2163 5555 monis
2210 5504 2354 5569 jactu
2408 5501 2509 5554 tria
2565 5500 2794 5553 virorum
2833 5498 2995 5551 millia
3048 5509 3293 5566 venatus,
3325 5499 3556 5554 ﬁrmiter

302 5600 594 5665 transtulit;
624 5601 785 5671 idque
799 5616 921 5655 cum
949 5600 1021 5654 illi
1053 5599 1273 5655 moleste
1294 5599 1495 5654 ferrent
1531 5615 1595 5654 ac
1619 5598 2093 5662 tumultuarentur,
2116 5611 2181 5651 ac
2202 5611 2268 5651 ne
2292 5612 2353 5651 os
2385 5595 2601 5666 quidem
2634 5594 2887 5649 diducere
2936 5610 2964 5647 a
2991 5595 3255 5665 principio
3279 5596 3542 5651 sinerent.

367 5722 412 5795 ζ’
433 5721 553 5790 ng.
573 5725 756 5794 λέγειν
788 5725 893 5778 ἔδει
920 5723 1010 5778 δι’.
1085 5724 1155 5755 ⁷¹”
1191 5721 1319 5795 Leg.
1353 5722 1808 5795 προφητεύοντος,
1839 5731 1881 5777 el

1983 5719 2102 5787 tl‘ra,
2135 5719 2198 5786 ι),
2238 5719 2490 5773 τοσοῦτον
2529 5716 2677 5789 αὐτῷ
2723 5718 2939 5790 περιῆν.
3017 5718 3062 5749 ⁷³
3112 5716 3253 5773 Psal.
3298 5731 3412 5781 xxi,
3463 5715 3550 5768 I5.

301 5788 517 5850 "10m;
544 5788 659 5859 χχι,
689 5796 771 5850 15.
851 5797 896 5826 ⁷⁸
926 5796 1042 5849 Act.
1076 5809 1138 5854 tt.
1178 5795 1262 5854 41,
