  <div class='ocr_page' id='page_1' title='image "/cluster/home/n/w/nwhite01/storage/ocr_20150623/40/hvd.32044073501843/143.png"; bbox 0 0 4048 6194; ppageno 0'>
   <div class='ocr_carea' id='block_1_1' title="bbox 514 304 614 360">
    <p class='ocr_par' dir='ltr' id='par_1_1' title="bbox 514 304 614 360">
     <span class='ocr_line' id='line_1_1' title="bbox 514 304 614 360; baseline 0 0"><span class='ocrx_word' id='word_1_1' title='bbox 514 304 614 360; x_wconf 75' lang='grc'><strong>2⁸71</strong></span> 
     </span>
    </p>
   </div>
   <div class='ocr_carea' id='block_1_2' title="bbox 471 402 2179 488">
    <p class='ocr_par' dir='ltr' id='par_1_2' title="bbox 471 402 2179 488">
     <span class='ocr_line' id='line_1_2' title="bbox 471 402 2179 488; baseline -0.01 -8"><span class='ocrx_word' id='word_1_2' title='bbox 471 402 524 480; x_wconf 60' lang='grc'>,³</span> <span class='ocrx_word' id='word_1_3' title='bbox 581 419 882 488; x_wconf 83' lang='lat' dir='ltr'><strong>Postquam</strong></span> <span class='ocrx_word' id='word_1_4' title='bbox 924 423 1100 469; x_wconf 88' lang='lat' dir='ltr'><strong>autem</strong></span> <span class='ocrx_word' id='word_1_5' title='bbox 1147 411 1578 486; x_wconf 77' lang='lat' dir='ltr'><strong>Cliristianormn</strong></span> <span class='ocrx_word' id='word_1_6' title='bbox 1632 411 1765 466; x_wconf 83' lang='lat' dir='ltr'><strong>ordo</strong></span> <span class='ocrx_word' id='word_1_7' title='bbox 1811 427 1870 464; x_wconf 86' lang='lat' dir='ltr'><strong>ac</strong></span> <span class='ocrx_word' id='word_1_8' title='bbox 1924 419 2098 466; x_wconf 80' lang='lat' dir='ltr'><strong>cmtus</strong></span> <span class='ocrx_word' id='word_1_9' title='bbox 2129 416 2179 472; x_wconf 79' lang='grc' dir='ltr'><strong>Α·</strong></span> 
     </span>
    </p>
   </div>
   <div class='ocr_carea' id='block_1_3' title="bbox 515 503 2094 569">
    <p class='ocr_par' dir='ltr' id='par_1_3' title="bbox 515 503 2094 569">
     <span class='ocr_line' id='line_1_3' title="bbox 515 503 2094 569; baseline -0.007 -2"><span class='ocrx_word' id='word_1_10' title='bbox 515 513 729 567; x_wconf 89' lang='lat' dir='ltr'><strong>abunde</strong></span> <span class='ocrx_word' id='word_1_11' title='bbox 756 509 891 566; x_wconf 85' lang='lat' dir='ltr'><strong>satis</strong></span> <span class='ocrx_word' id='word_1_12' title='bbox 922 515 1118 561; x_wconf 87' lang='lat' dir='ltr'><strong>auctus</strong></span> <span class='ocrx_word' id='word_1_13' title='bbox 1153 515 1292 569; x_wconf 84' lang='lat' dir='ltr'><strong>eral,</strong></span> <span class='ocrx_word' id='word_1_14' title='bbox 1343 519 1464 559; x_wconf 91' lang='lat' dir='ltr'><strong>cum</strong></span> <span class='ocrx_word' id='word_1_15' title='bbox 1507 503 1572 558; x_wconf 88' lang='lat' dir='ltr'><strong>ad</strong></span> <span class='ocrx_word' id='word_1_16' title='bbox 1599 503 1867 558; x_wconf 65' lang='lat' dir='ltr'><strong>sermonis</strong></span> <span class='ocrx_word' id='word_1_17' title='bbox 1895 503 2094 557; x_wconf 88' lang='lat' dir='ltr'><strong>doctri-</strong></span> 
     </span>
    </p>
   </div>
   <div class='ocr_carea' id='block_1_4' title="bbox 518 593 2096 674">
    <p class='ocr_par' dir='ltr' id='par_1_4' title="bbox 518 593 2096 674">
     <span class='ocr_line' id='line_1_4' title="bbox 518 593 2096 674; baseline -0.006 -16"><span class='ocrx_word' id='word_1_18' title='bbox 518 619 640 658; x_wconf 86' lang='lat' dir='ltr'><strong>nam</strong></span> <span class='ocrx_word' id='word_1_19' title='bbox 685 616 748 658; x_wconf 89' lang='lat' dir='ltr'><strong>ac</strong></span> <span class='ocrx_word' id='word_1_20' title='bbox 776 597 1192 662; x_wconf 78' lang='lat' dir='ltr'><strong>admonitiones,</strong></span> <span class='ocrx_word' id='word_1_21' title='bbox 1234 595 1452 674; x_wconf 76' lang='lat' dir='ltr'><strong>virtutis</strong></span> <span class='ocrx_word' id='word_1_22' title='bbox 1483 610 1546 650; x_wconf 89' lang='lat' dir='ltr'><strong>ac</strong></span> <span class='ocrx_word' id='word_1_23' title='bbox 1581 595 1833 664; x_wconf 72' lang='lat' dir='ltr'><strong>potentia:</strong></span> <span class='ocrx_word' id='word_1_24' title='bbox 1861 593 2096 649; x_wconf 75' lang='lat' dir='ltr'><strong>efﬁcacis</strong></span> 
     </span>
    </p>
   </div>
   <div class='ocr_carea' id='block_1_5' title="bbox 518 685 2090 758">
    <p class='ocr_par' dir='ltr' id='par_1_5' title="bbox 518 685 2090 758">
     <span class='ocr_line' id='line_1_5' title="bbox 518 685 2090 758; baseline -0.009 -6"><span class='ocrx_word' id='word_1_25' title='bbox 518 696 761 752; x_wconf 79' lang='lat' dir='ltr'><strong>mirabile</strong></span> <span class='ocrx_word' id='word_1_26' title='bbox 792 695 1175 749; x_wconf 83' lang='lat' dir='ltr'><strong>documentum</strong></span> <span class='ocrx_word' id='word_1_27' title='bbox 1224 688 1578 758; x_wconf 68' lang='lat' dir='ltr'><strong>przrbuisset,</strong></span> <span class='ocrx_word' id='word_1_28' title='bbox 1629 685 1876 742; x_wconf 85' lang='lat' dir='ltr'><strong>claudum</strong></span> <span class='ocrx_word' id='word_1_29' title='bbox 1920 685 2090 755; x_wconf 81' lang='lat' dir='ltr'><strong>sospi-</strong></span> 
     </span>
    </p>
   </div>
   <div class='ocr_carea' id='block_1_6' title="bbox 516 773 2094 851">
    <p class='ocr_par' dir='ltr' id='par_1_6' title="bbox 516 773 2094 851">
     <span class='ocr_line' id='line_1_6' title="bbox 516 773 2094 851; baseline -0.008 -11"><span class='ocrx_word' id='word_1_30' title='bbox 516 799 644 851; x_wconf 88' lang='lat' dir='ltr'><strong>tem,</strong></span> <span class='ocrx_word' id='word_1_31' title='bbox 721 800 783 840; x_wconf 90' lang='lat' dir='ltr'><strong>ac</strong></span> <span class='ocrx_word' id='word_1_32' title='bbox 828 785 1054 851; x_wconf 80' lang='lat' dir='ltr'><strong>integris</strong></span> <span class='ocrx_word' id='word_1_33' title='bbox 1105 779 1331 850; x_wconf 85' lang='lat' dir='ltr'><strong>pedibus</strong></span> <span class='ocrx_word' id='word_1_34' title='bbox 1377 793 1406 832; x_wconf 87' lang='lat' dir='ltr'><strong>a</strong></span> <span class='ocrx_word' id='word_1_35' title='bbox 1449 777 1628 848; x_wconf 89' lang='lat' dir='ltr'><strong>tetupli</strong></span> <span class='ocrx_word' id='word_1_36' title='bbox 1678 775 1942 831; x_wconf 74' lang='lat' dir='ltr'><strong>vestibulo</strong></span> <span class='ocrx_word' id='word_1_37' title='bbox 1987 773 2094 829; x_wconf 90' lang='lat' dir='ltr'><strong>eri-</strong></span> 
     </span>
    </p>
   </div>
   <div class='ocr_carea' id='block_1_7' title="bbox 511 863 2094 942">
    <p class='ocr_par' dir='ltr' id='par_1_7' title="bbox 511 863 2094 942">
     <span class='ocr_line' id='line_1_7' title="bbox 511 863 2094 942; baseline -0.007 -15"><span class='ocrx_word' id='word_1_38' title='bbox 511 889 672 942; x_wconf 77' lang='lat' dir='ltr'><strong>gens;</strong></span> <span class='ocrx_word' id='word_1_39' title='bbox 709 872 880 934; x_wconf 89' lang='lat' dir='ltr'><strong>illum,</strong></span> <span class='ocrx_word' id='word_1_40' title='bbox 916 872 1159 940; x_wconf 86' lang='lat' dir='ltr'><strong>inquam,</strong></span> <span class='ocrx_word' id='word_1_41' title='bbox 1189 867 1438 923; x_wconf 89' lang='lat' dir='ltr'><strong>claudum</strong></span> <span class='ocrx_word' id='word_1_42' title='bbox 1473 881 1538 921; x_wconf 74' lang='lat' dir='ltr'><strong>es</strong></span> <span class='ocrx_word' id='word_1_43' title='bbox 1575 866 1764 920; x_wconf 80' lang='lat' dir='ltr'><strong>matris</strong></span> <span class='ocrx_word' id='word_1_44' title='bbox 1789 863 2094 936; x_wconf 87' lang='lat' dir='ltr'><strong>utero,qui-</strong></span> 
     </span>
    </p>
   </div>
   <div class='ocr_carea' id='block_1_8' title="bbox 513 957 2090 1036">
    <p class='ocr_par' dir='ltr' id='par_1_8' title="bbox 513 957 2090 1036">
     <span class='ocr_line' id='line_1_8' title="bbox 513 957 2090 1036; baseline -0.008 -15"><span class='ocrx_word' id='word_1_45' title='bbox 513 981 618 1036; x_wconf 87' lang='lat' dir='ltr'><strong>que</strong></span> <span class='ocrx_word' id='word_1_46' title='bbox 650 973 856 1020; x_wconf 72' lang='lat' dir='ltr'><strong>natura:</strong></span> <span class='ocrx_word' id='word_1_47' title='bbox 887 963 1017 1017; x_wconf 83' lang='lat' dir='ltr'><strong>vitio</strong></span> <span class='ocrx_word' id='word_1_48' title='bbox 1045 959 1360 1024; x_wconf 87' lang='lat' dir='ltr'><strong>laborabat;</strong></span> <span class='ocrx_word' id='word_1_49' title='bbox 1395 957 1700 1013; x_wconf 82' lang='lat' dir='ltr'><strong>conﬂuente</strong></span> <span class='ocrx_word' id='word_1_50' title='bbox 1736 959 1801 1011; x_wconf 87' lang='lat' dir='ltr'><strong>ad</strong></span> <span class='ocrx_word' id='word_1_51' title='bbox 1831 957 2090 1026; x_wconf 85' lang='lat' dir='ltr'><strong>templum</strong></span> 
     </span>
    </p>
   </div>
   <div class='ocr_carea' id='block_1_9' title="bbox 515 1049 2092 1125">
    <p class='ocr_par' dir='ltr' id='par_1_9' title="bbox 515 1049 2092 1125">
     <span class='ocr_line' id='line_1_9' title="bbox 515 1049 2092 1125; baseline -0.008 -12"><span class='ocrx_word' id='word_1_52' title='bbox 515 1059 766 1114; x_wconf 85' lang='lat' dir='ltr'><strong>universo</strong></span> <span class='ocrx_word' id='word_1_53' title='bbox 793 1055 1011 1125; x_wconf 87' lang='lat' dir='ltr'><strong>populo,</strong></span> <span class='ocrx_word' id='word_1_54' title='bbox 1055 1068 1216 1124; x_wconf 85' lang='lat' dir='ltr'><strong>quem</strong></span> <span class='ocrx_word' id='word_1_55' title='bbox 1260 1050 1501 1106; x_wconf 84' lang='lat' dir='ltr'><strong>miraculi</strong></span> <span class='ocrx_word' id='word_1_56' title='bbox 1532 1049 1674 1104; x_wconf 87' lang='lat' dir='ltr'><strong>fama</strong></span> <span class='ocrx_word' id='word_1_57' title='bbox 1713 1050 1777 1103; x_wconf 87' lang='lat' dir='ltr'><strong>ad</strong></span> <span class='ocrx_word' id='word_1_58' title='bbox 1809 1057 2092 1118; x_wconf 77' lang='lat' dir='ltr'><strong>Spectacu-</strong></span> 
     </span>
    </p>
   </div>
   <div class='ocr_carea' id='block_1_10' title="bbox 515 1139 2090 1214">
    <p class='ocr_par' dir='ltr' id='par_1_10' title="bbox 515 1139 2090 1214">
     <span class='ocr_line' id='line_1_10' title="bbox 515 1139 2090 1214; baseline -0.004 -14"><span class='ocrx_word' id='word_1_59' title='bbox 515 1149 622 1202; x_wconf 90' lang='lat' dir='ltr'><strong>lum</strong></span> <span class='ocrx_word' id='word_1_60' title='bbox 678 1153 1030 1214; x_wconf 81' lang='lat' dir='ltr'><strong>provocaret;</strong></span> <span class='ocrx_word' id='word_1_61' title='bbox 1083 1141 1460 1210; x_wconf 81' lang='lat' dir='ltr'><strong>universisque</strong></span> <span class='ocrx_word' id='word_1_62' title='bbox 1521 1139 1730 1194; x_wconf 89' lang='lat' dir='ltr'><strong>intcute</strong></span> <span class='ocrx_word' id='word_1_63' title='bbox 1788 1139 1842 1193; x_wconf 92' lang='lat' dir='ltr'><strong>iu</strong></span> <span class='ocrx_word' id='word_1_64' title='bbox 1917 1139 2090 1194; x_wconf 85' lang='lat' dir='ltr'><strong>virum</strong></span> 
     </span>
    </p>
   </div>
   <div class='ocr_carea' id='block_1_11' title="bbox 512 1233 2090 1308">
    <p class='ocr_par' dir='ltr' id='par_1_11' title="bbox 512 1233 2090 1308">
     <span class='ocr_line' id='line_1_11' title="bbox 512 1233 2090 1308; baseline -0.005 -14"><span class='ocrx_word' id='word_1_65' title='bbox 512 1239 935 1308; x_wconf 83' lang='lat' dir='ltr'><strong>aspicientibus,</strong></span> <span class='ocrx_word' id='word_1_66' title='bbox 995 1252 1116 1291; x_wconf 90' lang='lat' dir='ltr'><strong>cum</strong></span> <span class='ocrx_word' id='word_1_67' title='bbox 1171 1233 1435 1289; x_wconf 88' lang='lat' dir='ltr'><strong>miraculo</strong></span> <span class='ocrx_word' id='word_1_68' title='bbox 1487 1233 1778 1304; x_wconf 82' lang='lat' dir='ltr'><strong>stupefacti</strong></span> <span class='ocrx_word' id='word_1_69' title='bbox 1841 1241 2090 1297; x_wconf 84' lang='lat' dir='ltr'><strong>starent,</strong></span> 
     </span>
    </p>
   </div>
   <div class='ocr_carea' id='block_1_12' title="bbox 513 1324 2092 1395">
    <p class='ocr_par' dir='ltr' id='par_1_12' title="bbox 513 1324 2092 1395">
     <span class='ocr_line' id='line_1_12' title="bbox 513 1324 2092 1395; baseline -0.004 -10"><span class='ocrx_word' id='word_1_70' title='bbox 513 1335 793 1388; x_wconf 85' lang='lat' dir='ltr'><strong>obstructa</strong></span> <span class='ocrx_word' id='word_1_71' title='bbox 841 1339 969 1384; x_wconf 91' lang='lat' dir='ltr'><strong>sunt</strong></span> <span class='ocrx_word' id='word_1_72' title='bbox 1006 1344 1100 1382; x_wconf 91' lang='lat' dir='ltr'><strong>ora</strong></span> <span class='ocrx_word' id='word_1_73' title='bbox 1149 1327 1348 1382; x_wconf 85' lang='lat' dir='ltr'><strong>Christi</strong></span> <span class='ocrx_word' id='word_1_74' title='bbox 1379 1327 1650 1382; x_wconf 86' lang='lat' dir='ltr'><strong>hostium:</strong></span> <span class='ocrx_word' id='word_1_75' title='bbox 1705 1324 1911 1395; x_wconf 81' lang='lat' dir='ltr'><strong>fuitque</strong></span> <span class='ocrx_word' id='word_1_76' title='bbox 1941 1325 2092 1380; x_wconf 87' lang='lat' dir='ltr'><strong>deiu-</strong></span> 
     </span>
    </p>
   </div>
   <div class='ocr_carea' id='block_1_13' title="bbox 512 1417 2086 1493">
    <p class='ocr_par' dir='ltr' id='par_1_13' title="bbox 512 1417 2086 1493">
     <span class='ocr_line' id='line_1_13' title="bbox 512 1417 2086 1493; baseline -0.002 -19"><span class='ocrx_word' id='word_1_77' title='bbox 512 1439 638 1493; x_wconf 68' lang='lat' dir='ltr'><strong>rcps</strong></span> <span class='ocrx_word' id='word_1_78' title='bbox 675 1438 831 1486; x_wconf 80' lang='lat' dir='ltr'><strong>crux,</strong></span> <span class='ocrx_word' id='word_1_79' title='bbox 875 1436 982 1475; x_wconf 86' lang='lat' dir='ltr'><strong>non</strong></span> <span class='ocrx_word' id='word_1_80' title='bbox 1035 1419 1312 1490; x_wconf 88' lang='lat' dir='ltr'><strong>probrum,</strong></span> <span class='ocrx_word' id='word_1_81' title='bbox 1351 1419 1444 1472; x_wconf 86' lang='lat' dir='ltr'><strong>sed</strong></span> <span class='ocrx_word' id='word_1_82' title='bbox 1500 1417 1738 1472; x_wconf 74' lang='lat' dir='ltr'><strong>victoria:</strong></span> <span class='ocrx_word' id='word_1_83' title='bbox 1790 1427 2086 1486; x_wconf 70' lang='lat' dir='ltr'><strong>tropzeum:</strong></span> 
     </span>
    </p>
   </div>
   <div class='ocr_carea' id='block_1_14' title="bbox 514 1508 2086 1586">
    <p class='ocr_par' dir='ltr' id='par_1_14' title="bbox 514 1508 2086 1586">
     <span class='ocr_line' id='line_1_14' title="bbox 514 1508 2086 1586; baseline -0.005 -16"><span class='ocrx_word' id='word_1_84' title='bbox 514 1533 706 1571; x_wconf 83' lang='lat' dir='ltr'><strong>rursus</strong></span> <span class='ocrx_word' id='word_1_85' title='bbox 727 1531 858 1586; x_wconf 86' lang='lat' dir='ltr'><strong>ergo</strong></span> <span class='ocrx_word' id='word_1_86' title='bbox 887 1514 1171 1584; x_wconf 88' lang='lat' dir='ltr'><strong>imperitus</strong></span> <span class='ocrx_word' id='word_1_87' title='bbox 1197 1511 1286 1565; x_wconf 89' lang='lat' dir='ltr'><strong>ille</strong></span> <span class='ocrx_word' id='word_1_88' title='bbox 1321 1529 1335 1564; x_wconf 88' lang='lat'><strong>:</strong></span> <span class='ocrx_word' id='word_1_89' title='bbox 1365 1510 1454 1565; x_wconf 90' lang='lat' dir='ltr'><strong>ille</strong></span> <span class='ocrx_word' id='word_1_90' title='bbox 1489 1510 1836 1566; x_wconf 82' lang='lat' dir='ltr'><strong>meclianicus</strong></span> <span class='ocrx_word' id='word_1_91' title='bbox 1869 1508 2086 1572; x_wconf 71' lang='lat' dir='ltr'><strong>artifex,</strong></span> 
     </span>
    </p>
   </div>
   <div class='ocr_carea' id='block_1_15' title="bbox 511 1602 2090 1676">
    <p class='ocr_par' dir='ltr' id='par_1_15' title="bbox 511 1602 2090 1676">
     <span class='ocr_line' id='line_1_15' title="bbox 511 1602 2090 1676; baseline -0.005 -14"><span class='ocrx_word' id='word_1_92' title='bbox 511 1610 779 1664; x_wconf 83' lang='lat' dir='ltr'><strong>secundos</strong></span> <span class='ocrx_word' id='word_1_93' title='bbox 827 1606 1140 1676; x_wconf 73' lang='lat' dir='ltr'><strong>aggreditur</strong></span> <span class='ocrx_word' id='word_1_94' title='bbox 1170 1616 1451 1659; x_wconf 85' lang='lat' dir='ltr'><strong>sermones</strong></span> <span class='ocrx_word' id='word_1_95' title='bbox 1477 1602 1530 1655; x_wconf 90' lang='lat' dir='ltr'><strong>in</strong></span> <span class='ocrx_word' id='word_1_96' title='bbox 1568 1603 1680 1657; x_wconf 67' lang='lat' dir='ltr'><strong>haec</strong></span> <span class='ocrx_word' id='word_1_97' title='bbox 1719 1602 1880 1656; x_wconf 85' lang='lat' dir='ltr'><strong>verba</strong></span> <span class='ocrx_word' id='word_1_98' title='bbox 1907 1602 1972 1655; x_wconf 83' lang='lat' dir='ltr'><strong>ad</strong></span> <span class='ocrx_word' id='word_1_99' title='bbox 1997 1615 2090 1655; x_wconf 83' lang='lat' dir='ltr'><strong>eos</strong></span> 
     </span>
    </p>
   </div>
   <div class='ocr_carea' id='block_1_16' title="bbox 511 1692 2088 1769">
    <p class='ocr_par' dir='ltr' id='par_1_16' title="bbox 511 1692 2088 1769">
     <span class='ocr_line' id='line_1_16' title="bbox 511 1692 2088 1769; baseline -0.006 -17"><span class='ocrx_word' id='word_1_100' title='bbox 511 1699 796 1769; x_wconf 77' lang='lat' dir='ltr'><strong>loquens&#39;6</strong></span> <span class='ocrx_word' id='word_1_101' title='bbox 831 1741 842 1751; x_wconf 92' lang='lat'>.</span> <span class='ocrx_word' id='word_1_102' title='bbox 874 1695 922 1750; x_wconf 88' lang='lat'><strong><em>0</em></strong></span> <span class='ocrx_word' id='word_1_103' title='bbox 952 1695 1071 1760; x_wconf 79' lang='lat' dir='ltr'><strong>uiri,</strong></span> <span class='ocrx_word' id='word_1_104' title='bbox 1103 1692 1359 1765; x_wconf 77' lang='lat' dir='ltr'><strong>siquidem</strong></span> <span class='ocrx_word' id='word_1_105' title='bbox 1379 1692 1731 1746; x_wconf 81' lang='lat' dir='ltr'><strong>admiratione</strong></span> <span class='ocrx_word' id='word_1_106' title='bbox 1759 1693 1994 1762; x_wconf 82' lang='lat' dir='ltr'><strong>dignum,</strong></span> <span class='ocrx_word' id='word_1_107' title='bbox 2025 1706 2088 1743; x_wconf 84' lang='lat' dir='ltr'><strong>ac</strong></span> 
     </span>
    </p>
   </div>
   <div class='ocr_carea' id='block_1_17' title="bbox 508 1781 2087 1858">
    <p class='ocr_par' dir='ltr' id='par_1_17' title="bbox 508 1781 2087 1858">
     <span class='ocr_line' id='line_1_17' title="bbox 508 1781 2087 1858; baseline -0.006 -16"><span class='ocrx_word' id='word_1_108' title='bbox 508 1791 700 1844; x_wconf 72' lang='lat' dir='ltr'><strong>dicitur:</strong></span> <span class='ocrx_word' id='word_1_109' title='bbox 719 1787 966 1858; x_wconf 77' lang='lat' dir='ltr'><strong>potentitc</strong></span> <span class='ocrx_word' id='word_1_110' title='bbox 1015 1783 1348 1838; x_wconf 79' lang='lat' dir='ltr'><strong>arbitramini</strong></span> <span class='ocrx_word' id='word_1_111' title='bbox 1380 1784 1520 1852; x_wconf 85' lang='lat' dir='ltr'><strong>quod</strong></span> <span class='ocrx_word' id='word_1_112' title='bbox 1554 1790 1628 1836; x_wconf 86' lang='lat' dir='ltr'><strong>est</strong></span> <span class='ocrx_word' id='word_1_113' title='bbox 1653 1781 1850 1850; x_wconf 76' lang='lat' dir='ltr'><strong>factum</strong></span> <span class='ocrx_word' id='word_1_114' title='bbox 1869 1822 1886 1846; x_wconf 92' lang='lat'><strong>,</strong></span> <span class='ocrx_word' id='word_1_115' title='bbox 1914 1783 2087 1850; x_wconf 83' lang='lat' dir='ltr'><strong>ipsum</strong></span> 
     </span>
    </p>
   </div>
   <div class='ocr_carea' id='block_1_18' title="bbox 507 1873 2084 1952">
    <p class='ocr_par' dir='ltr' id='par_1_18' title="bbox 507 1873 2084 1952">
     <span class='ocr_line' id='line_1_18' title="bbox 507 1873 2084 1952; baseline -0.008 -16"><span class='ocrx_word' id='word_1_116' title='bbox 507 1884 724 1936; x_wconf 82' lang='lat' dir='ltr'><strong>adorate</strong></span> <span class='ocrx_word' id='word_1_117' title='bbox 745 1881 834 1952; x_wconf 86' lang='lat' dir='ltr'><strong>qui</strong></span> <span class='ocrx_word' id='word_1_118' title='bbox 865 1879 1114 1933; x_wconf 79' lang='lat' dir='ltr'><strong>claudum</strong></span> <span class='ocrx_word' id='word_1_119' title='bbox 1140 1877 1372 1939; x_wconf 84' lang='lat' dir='ltr'><strong>curavit;</strong></span> <span class='ocrx_word' id='word_1_120' title='bbox 1401 1873 1582 1928; x_wconf 81' lang='lat' dir='ltr'><strong>Jesum</strong></span> <span class='ocrx_word' id='word_1_121' title='bbox 1606 1890 1755 1939; x_wconf 91' lang='lat' dir='ltr'><strong>quem</strong></span> <span class='ocrx_word' id='word_1_122' title='bbox 1783 1874 2084 1937; x_wconf 75' lang='lat' dir='ltr'><strong>ca’cidistis,</strong></span> 
     </span>
    </p>
   </div>
   <div class='ocr_carea' id='block_1_19' title="bbox 505 1965 2086 2046">
    <p class='ocr_par' dir='ltr' id='par_1_19' title="bbox 505 1965 2086 2046">
     <span class='ocr_line' id='line_1_19' title="bbox 505 1965 2086 2046; baseline -0.008 -16"><span class='ocrx_word' id='word_1_123' title='bbox 505 1991 760 2046; x_wconf 74' lang='lat' dir='ltr'><strong>quemque</strong></span> <span class='ocrx_word' id='word_1_124' title='bbox 813 1974 1020 2026; x_wconf 85' lang='lat' dir='ltr'><strong>demum</strong></span> <span class='ocrx_word' id='word_1_125' title='bbox 1090 1971 1188 2023; x_wconf 74' lang='lat' dir='ltr'><strong>irte</strong></span> <span class='ocrx_word' id='word_1_126' title='bbox 1239 1968 1576 2037; x_wconf 70' lang='lat' dir='ltr'><strong>exsuperanti</strong></span> <span class='ocrx_word' id='word_1_127' title='bbox 1622 1977 1793 2029; x_wconf 73' lang='lat' dir='ltr'><strong>testu,</strong></span> <span class='ocrx_word' id='word_1_128' title='bbox 1844 1967 1899 2019; x_wconf 85' lang='lat' dir='ltr'><strong>in</strong></span> <span class='ocrx_word' id='word_1_129' title='bbox 1945 1965 2086 2035; x_wconf 83' lang='lat' dir='ltr'><strong>ligno</strong></span> 
     </span>
    </p>
   </div>
   <div class='ocr_carea' id='block_1_20' title="bbox 506 2060 2084 2133">
    <p class='ocr_par' dir='ltr' id='par_1_20' title="bbox 506 2060 2084 2133">
     <span class='ocr_line' id='line_1_20' title="bbox 506 2060 2084 2133; baseline -0.006 -10"><span class='ocrx_word' id='word_1_130' title='bbox 506 2068 799 2123; x_wconf 82' lang='lat' dir='ltr'><strong>exaltastis.</strong></span> <span class='ocrx_word' id='word_1_131' title='bbox 825 2065 924 2119; x_wconf 83' lang='lat' dir='ltr'><strong>Ille</strong></span> <span class='ocrx_word' id='word_1_132' title='bbox 944 2065 1050 2133; x_wconf 83' lang='lat' dir='ltr'><strong>ipse</strong></span> <span class='ocrx_word' id='word_1_133' title='bbox 1073 2074 1170 2129; x_wconf 83' lang='lat' dir='ltr'><strong>est,</strong></span> <span class='ocrx_word' id='word_1_134' title='bbox 1202 2062 1446 2129; x_wconf 73' lang='lat' dir='ltr'><strong>vivitque,</strong></span> <span class='ocrx_word' id='word_1_135' title='bbox 1482 2078 1544 2113; x_wconf 85' lang='lat' dir='ltr'><strong>ac</strong></span> <span class='ocrx_word' id='word_1_136' title='bbox 1567 2062 1700 2116; x_wconf 78' lang='lat' dir='ltr'><strong>sicut</strong></span> <span class='ocrx_word' id='word_1_137' title='bbox 1723 2060 1862 2116; x_wconf 82' lang='lat' dir='ltr'><strong>vobis</strong></span> <span class='ocrx_word' id='word_1_138' title='bbox 1893 2062 2084 2128; x_wconf 83' lang='lat' dir='ltr'><strong>sa&#39;pius</strong></span> 
     </span>
    </p>
   </div>
   <div class='ocr_carea' id='block_1_21' title="bbox 507 2153 2085 2226">
    <p class='ocr_par' dir='ltr' id='par_1_21' title="bbox 507 2153 2085 2226">
     <span class='ocr_line' id='line_1_21' title="bbox 507 2153 2085 2226; baseline -0.006 -12"><span class='ocrx_word' id='word_1_139' title='bbox 507 2164 702 2216; x_wconf 81' lang='lat' dir='ltr'><strong>dictum</strong></span> <span class='ocrx_word' id='word_1_140' title='bbox 736 2170 832 2226; x_wconf 86' lang='lat' dir='ltr'><strong>est,</strong></span> <span class='ocrx_word' id='word_1_141' title='bbox 862 2176 893 2210; x_wconf 87' lang='lat' dir='ltr'><strong>a</strong></span> <span class='ocrx_word' id='word_1_142' title='bbox 927 2157 1144 2210; x_wconf 83' lang='lat' dir='ltr'><strong>mortuis</strong></span> <span class='ocrx_word' id='word_1_143' title='bbox 1193 2155 1449 2208; x_wconf 77' lang='lat' dir='ltr'><strong>excitatus</strong></span> <span class='ocrx_word' id='word_1_144' title='bbox 1505 2154 1864 2207; x_wconf 84' lang='lat' dir='ltr'><strong>universorum</strong></span> <span class='ocrx_word' id='word_1_145' title='bbox 1910 2153 2085 2205; x_wconf 78' lang='lat' dir='ltr'><strong>domi-</strong></span> 
     </span>
    </p>
   </div>
   <div class='ocr_carea' id='block_1_22' title="bbox 509 2243 2086 2314">
    <p class='ocr_par' dir='ltr' id='par_1_22' title="bbox 509 2243 2086 2314">
     <span class='ocr_line' id='line_1_22' title="bbox 509 2243 2086 2314; baseline -0.008 -8"><span class='ocrx_word' id='word_1_146' title='bbox 509 2261 689 2306; x_wconf 85' lang='lat' dir='ltr'><strong>natur.</strong></span> <span class='ocrx_word' id='word_1_147' title='bbox 721 2247 1069 2314; x_wconf 78' lang='lat' dir='ltr'><strong>Qumnobrem</strong></span> <span class='ocrx_word' id='word_1_148' title='bbox 1119 2262 1254 2298; x_wconf 79' lang='lat' dir='ltr'><strong>nunc</strong></span> <span class='ocrx_word' id='word_1_149' title='bbox 1286 2261 1465 2298; x_wconf 84' lang='lat' dir='ltr'><strong>eorum</strong></span> <span class='ocrx_word' id='word_1_150' title='bbox 1507 2260 1626 2312; x_wconf 75' lang='lat' dir='ltr'><strong>qua:</strong></span> <span class='ocrx_word' id='word_1_151' title='bbox 1656 2243 2086 2312; x_wconf 67' lang='lat' dir='ltr'><strong>peccastispmni-</strong></span> 
     </span>
    </p>
   </div>
   <div class='ocr_carea' id='block_1_23' title="bbox 506 2333 2085 2408">
    <p class='ocr_par' dir='ltr' id='par_1_23' title="bbox 506 2333 2085 2408">
     <span class='ocr_line' id='line_1_23' title="bbox 506 2333 2085 2408; baseline -0.006 -14"><span class='ocrx_word' id='word_1_152' title='bbox 506 2342 723 2396; x_wconf 80' lang='lat' dir='ltr'><strong>tentiam</strong></span> <span class='ocrx_word' id='word_1_153' title='bbox 769 2348 1014 2408; x_wconf 78' lang='lat' dir='ltr'><strong>agentes,</strong></span> <span class='ocrx_word' id='word_1_154' title='bbox 1067 2355 1084 2386; x_wconf 84' lang='grc' dir='ltr'><strong>ι</strong></span> <span class='ocrx_word' id='word_1_155' title='bbox 1115 2336 1358 2389; x_wconf 77' lang='lat' dir='ltr'><strong>Accedite</strong></span> <span class='ocrx_word' id='word_1_156' title='bbox 1417 2335 1485 2386; x_wconf 79' lang='lat' dir='ltr'><strong>ad</strong></span> <span class='ocrx_word' id='word_1_157' title='bbox 1527 2349 1682 2398; x_wconf 86' lang='lat' dir='ltr'><strong>eum,</strong></span> <span class='ocrx_word' id='word_1_158' title='bbox 1719 2345 1764 2386; x_wconf 89' lang='lat' dir='ltr'><strong>et</strong></span> <span class='ocrx_word' id='word_1_159' title='bbox 1813 2333 2085 2386; x_wconf 82' lang='lat' dir='ltr'><strong>illumina-</strong></span> 
     </span>
    </p>
   </div>
   <div class='ocr_carea' id='block_1_24' title="bbox 507 2424 2079 2501">
    <p class='ocr_par' dir='ltr' id='par_1_24' title="bbox 507 2424 2079 2501">
     <span class='ocr_line' id='line_1_24' title="bbox 507 2424 2079 2501; baseline -0.006 -15"><span class='ocrx_word' id='word_1_160' title='bbox 507 2435 638 2488; x_wconf 87' lang='lat' dir='ltr'><strong>mini</strong></span> <span class='ocrx_word' id='word_1_161' title='bbox 661 2434 728 2498; x_wconf 83' lang='grc'><strong>’⁷,</strong></span> <span class='ocrx_word' id='word_1_162' title='bbox 763 2451 780 2484; x_wconf 76' lang='lat' dir='ltr'><strong>s</strong></span> <span class='ocrx_word' id='word_1_163' title='bbox 811 2427 1250 2501; x_wconf 82' lang='lat' dir='ltr'><strong>quemadmodum</strong></span> <span class='ocrx_word' id='word_1_164' title='bbox 1276 2437 1438 2479; x_wconf 81' lang='lat' dir='ltr'><strong>vester</strong></span> <span class='ocrx_word' id='word_1_165' title='bbox 1463 2425 1552 2479; x_wconf 86' lang='lat' dir='ltr'><strong>ille</strong></span> <span class='ocrx_word' id='word_1_166' title='bbox 1572 2441 1760 2493; x_wconf 87' lang='lat' dir='ltr'><strong>parens</strong></span> <span class='ocrx_word' id='word_1_167' title='bbox 1781 2424 1950 2478; x_wconf 84' lang='lat' dir='ltr'><strong>David</strong></span> <span class='ocrx_word' id='word_1_168' title='bbox 1983 2425 2079 2478; x_wconf 86' lang='lat' dir='ltr'><strong>ait.</strong></span> 
     </span>
    </p>
   </div>
   <div class='ocr_carea' id='block_1_25' title="bbox 507 2516 2084 2594">
    <p class='ocr_par' dir='ltr' id='par_1_25' title="bbox 507 2516 2084 2594">
     <span class='ocr_line' id='line_1_25' title="bbox 507 2516 2084 2594; baseline -0.009 -12"><span class='ocrx_word' id='word_1_169' title='bbox 507 2526 780 2594; x_wconf 81' lang='lat' dir='ltr'><strong>Siquidem</strong></span> <span class='ocrx_word' id='word_1_170' title='bbox 820 2523 957 2576; x_wconf 87' lang='lat' dir='ltr'><strong>enim</strong></span> <span class='ocrx_word' id='word_1_171' title='bbox 1005 2519 1105 2586; x_wconf 78' lang='lat' dir='ltr'><strong>ﬁlii</strong></span> <span class='ocrx_word' id='word_1_172' title='bbox 1148 2518 1536 2587; x_wconf 81' lang='lat' dir='ltr'><strong>prophetarum</strong></span> <span class='ocrx_word' id='word_1_173' title='bbox 1575 2518 1699 2571; x_wconf 80' lang='lat' dir='ltr'><strong>estis</strong></span> <span class='ocrx_word' id='word_1_174' title='bbox 1745 2533 1808 2570; x_wconf 88' lang='lat' dir='ltr'><strong>ac</strong></span> <span class='ocrx_word' id='word_1_175' title='bbox 1834 2516 2084 2586; x_wconf 72' lang='lat' dir='ltr'><strong>discipuli</strong></span> 
     </span>
    </p>
   </div>
   <div class='ocr_carea' id='block_1_26' title="bbox 507 2611 2079 2690">
    <p class='ocr_par' dir='ltr' id='par_1_26' title="bbox 507 2611 2079 2690">
     <span class='ocr_line' id='line_1_26' title="bbox 507 2611 2079 2690; baseline -0.008 -15"><span class='ocrx_word' id='word_1_176' title='bbox 507 2620 702 2690; x_wconf 78' lang='lat' dir='ltr'><strong>Moysi,</strong></span> <span class='ocrx_word' id='word_1_177' title='bbox 737 2617 895 2671; x_wconf 84' lang='lat' dir='ltr'><strong>nolite</strong></span> <span class='ocrx_word' id='word_1_178' title='bbox 923 2614 1182 2683; x_wconf 84' lang='lat' dir='ltr'><strong>majorum</strong></span> <span class='ocrx_word' id='word_1_179' title='bbox 1223 2621 1510 2665; x_wconf 78' lang='lat' dir='ltr'><strong>uestrarum</strong></span> <span class='ocrx_word' id='word_1_180' title='bbox 1564 2611 1787 2678; x_wconf 83' lang='lat' dir='ltr'><strong>gratiam</strong></span> <span class='ocrx_word' id='word_1_181' title='bbox 1817 2625 2079 2676; x_wconf 86' lang='lat' dir='ltr'><strong>spernere,</strong></span> 
     </span>
    </p>
   </div>
   <div class='ocr_carea' id='block_1_27' title="bbox 502 2702 2083 2778">
    <p class='ocr_par' dir='ltr' id='par_1_27' title="bbox 502 2702 2083 2778">
     <span class='ocr_line' id='line_1_27' title="bbox 502 2702 2083 2778; baseline -0.015 -12"><span class='ocrx_word' id='word_1_182' title='bbox 502 2713 571 2766; x_wconf 74' lang='lat' dir='ltr'><strong>iis</strong></span> <span class='ocrx_word' id='word_1_183' title='bbox 592 2711 834 2763; x_wconf 71' lang='lat' dir='ltr'><strong>animum</strong></span> <span class='ocrx_word' id='word_1_184' title='bbox 859 2707 1156 2758; x_wconf 76' lang='lat' dir='ltr'><strong>adhibentes</strong></span> <span class='ocrx_word' id='word_1_185' title='bbox 1185 2703 1274 2770; x_wconf 83' lang='lat' dir='ltr'><strong>qui</strong></span> <span class='ocrx_word' id='word_1_186' title='bbox 1301 2702 1763 2778; x_wconf 44' lang='lat' dir='ltr'><strong>falsadoquuntur</strong></span> <span class='ocrx_word' id='word_1_187' title='bbox 1782 2717 1802 2754; x_wconf 87' lang='lat'><strong><em>:</em></strong></span> <span class='ocrx_word' id='word_1_188' title='bbox 1830 2703 1920 2753; x_wconf 84' lang='lat' dir='ltr'><strong>sed</strong></span> <span class='ocrx_word' id='word_1_189' title='bbox 1950 2717 2083 2768; x_wconf 81' lang='lat' dir='ltr'><strong>pru.</strong></span> 
     </span>
    </p>
   </div>
   <div class='ocr_carea' id='block_1_28' title="bbox 500 2792 2082 2867">
    <p class='ocr_par' dir='ltr' id='par_1_28' title="bbox 500 2792 2082 2867">
     <span class='ocr_line' id='line_1_28' title="bbox 500 2792 2082 2867; baseline -0.008 -11"><span class='ocrx_word' id='word_1_190' title='bbox 500 2800 864 2867; x_wconf 75' lang='lat' dir='ltr'><strong>dentijudicio</strong></span> <span class='ocrx_word' id='word_1_191' title='bbox 885 2813 1001 2866; x_wconf 78' lang='lat' dir='ltr'><strong>quw</strong></span> <span class='ocrx_word' id='word_1_192' title='bbox 1024 2796 1087 2848; x_wconf 85' lang='lat' dir='ltr'><strong>ab</strong></span> <span class='ocrx_word' id='word_1_193' title='bbox 1118 2795 1224 2846; x_wconf 89' lang='lat' dir='ltr'><strong>illis</strong></span> <span class='ocrx_word' id='word_1_194' title='bbox 1269 2794 1482 2862; x_wconf 79' lang='lat' dir='ltr'><strong>[uerunt</strong></span> <span class='ocrx_word' id='word_1_195' title='bbox 1521 2792 1874 2859; x_wconf 72' lang='lat' dir='ltr'><strong>pra&#39;nuntiata</strong></span> <span class='ocrx_word' id='word_1_196' title='bbox 1907 2793 2082 2846; x_wconf 81' lang='lat' dir='ltr'><strong>comi-</strong></span> 
     </span>
    </p>
   </div>
   <div class='ocr_carea' id='block_1_29' title="bbox 503 2885 2074 2956">
    <p class='ocr_par' dir='ltr' id='par_1_29' title="bbox 503 2885 2074 2956">
     <span class='ocr_line' id='line_1_29' title="bbox 503 2885 2074 2956; baseline -0.003 -10"><span class='ocrx_word' id='word_1_197' title='bbox 503 2897 768 2952; x_wconf 86' lang='lat' dir='ltr'><strong>derantes.</strong></span> <span class='ocrx_word' id='word_1_198' title='bbox 791 2900 976 2944; x_wconf 70' lang='lat' dir='ltr'><strong>vestrm</strong></span> <span class='ocrx_word' id='word_1_199' title='bbox 1011 2885 1336 2942; x_wconf 83' lang='lat' dir='ltr'><strong>Saloatorem</strong></span> <span class='ocrx_word' id='word_1_200' title='bbox 1367 2887 1558 2956; x_wconf 81' lang='lat' dir='ltr'><strong>gentis,</strong></span> <span class='ocrx_word' id='word_1_201' title='bbox 1591 2887 1780 2939; x_wconf 84' lang='lat' dir='ltr'><strong>animis</strong></span> <span class='ocrx_word' id='word_1_202' title='bbox 1811 2888 2074 2955; x_wconf 77' lang='lat' dir='ltr'><strong>suscipite.</strong></span> 
     </span>
    </p>
   </div>
   <div class='ocr_carea' id='block_1_30' title="bbox 504 2979 2078 3056">
    <p class='ocr_par' dir='ltr' id='par_1_30' title="bbox 504 2979 2078 3056">
     <span class='ocr_line' id='line_1_30' title="bbox 504 2979 2078 3056; baseline -0.006 -16"><span class='ocrx_word' id='word_1_203' title='bbox 504 2984 822 3056; x_wconf 82' lang='lat' dir='ltr'><strong>Quippe&#39;ille</strong></span> <span class='ocrx_word' id='word_1_204' title='bbox 842 2993 937 3050; x_wconf 82' lang='lat' dir='ltr'><strong>est,</strong></span> <span class='ocrx_word' id='word_1_205' title='bbox 971 2998 1120 3052; x_wconf 83' lang='lat' dir='ltr'><strong>quem</strong></span> <span class='ocrx_word' id='word_1_206' title='bbox 1147 2992 1194 3034; x_wconf 88' lang='lat' dir='ltr'><strong>et</strong></span> <span class='ocrx_word' id='word_1_207' title='bbox 1227 2979 1431 3050; x_wconf 80' lang='lat' dir='ltr'><strong>Moyses</strong></span> <span class='ocrx_word' id='word_1_208' title='bbox 1455 2981 1762 3052; x_wconf 81' lang='lat' dir='ltr'><strong>prophetam</strong></span> <span class='ocrx_word' id='word_1_209' title='bbox 1787 2981 1928 3034; x_wconf 74' lang='lat' dir='ltr'><strong>vobis</strong></span> <span class='ocrx_word' id='word_1_210' title='bbox 1962 2996 2078 3033; x_wconf 83' lang='lat' dir='ltr'><strong>sus-</strong></span> 
     </span>
    </p>
   </div>
   <div class='ocr_carea' id='block_1_31' title="bbox 1792 297 2506 357">
    <p class='ocr_par' dir='ltr' id='par_1_31' title="bbox 1792 297 2506 357">
     <span class='ocr_line' id='line_1_31' title="bbox 1792 297 2506 357; baseline 0 -4"><span class='ocrx_word' id='word_1_211' title='bbox 1792 300 1850 357; x_wconf 90' lang='lat' dir='ltr'><strong>S.</strong></span> <span class='ocrx_word' id='word_1_212' title='bbox 1889 297 2164 354; x_wconf 75' lang='lat' dir='ltr'><strong>ASTERII</strong></span> <span class='ocrx_word' id='word_1_213' title='bbox 2202 298 2506 355; x_wconf 77' lang='lat' dir='ltr'><strong>AMASENI</strong></span> 
     </span>
    </p>
   </div>
   <div class='ocr_carea' id='block_1_32' title="bbox 3671 296 3778 354">
    <p class='ocr_par' dir='ltr' id='par_1_32' title="bbox 3671 296 3778 354">
     <span class='ocr_line' id='line_1_32' title="bbox 3671 296 3778 354; baseline -0.028 0"><span class='ocrx_word' id='word_1_214' title='bbox 3671 296 3778 354; x_wconf 66' lang='lat'><strong>272</strong></span> 
     </span>
    </p>
   </div>
   <div class='ocr_carea' id='block_1_33' title="bbox 2285 409 3777 484">
    <p class='ocr_par' dir='ltr' id='par_1_33' title="bbox 2285 409 3777 484">
     <span class='ocr_line' id='line_1_33' title="bbox 2285 409 3777 484; baseline 0.001 -20"><span class='ocrx_word' id='word_1_215' title='bbox 2285 412 2560 477; x_wconf 85' lang='grc' dir='ltr'>Ἐλθόντος</span> <span class='ocrx_word' id='word_1_216' title='bbox 2610 413 2668 466; x_wconf 81' lang='grc' dir='ltr'>δὲ</span> <span class='ocrx_word' id='word_1_217' title='bbox 2707 414 2787 476; x_wconf 82' lang='grc' dir='ltr'><strong>είς</strong></span> <span class='ocrx_word' id='word_1_218' title='bbox 2827 411 3064 465; x_wconf 75' lang='grc' dir='ltr'>ἐπίδοσιν</span> <span class='ocrx_word' id='word_1_219' title='bbox 3129 410 3223 463; x_wconf 72' lang='grc' dir='ltr'>καὶ</span> <span class='ocrx_word' id='word_1_220' title='bbox 3262 409 3545 481; x_wconf 78' lang='grc' dir='ltr'>προκοπὴν</span> <span class='ocrx_word' id='word_1_221' title='bbox 3591 411 3777 484; x_wconf 73' lang='grc' dir='ltr'>ἱκανὴν</span> 
     </span>
    </p>
   </div>
   <div class='ocr_carea' id='block_1_34' title="bbox 2196 499 3777 578">
    <p class='ocr_par' dir='ltr' id='par_1_34' title="bbox 2196 499 3777 578">
     <span class='ocr_line' id='line_1_34' title="bbox 2196 499 3777 578; baseline 0 -22"><span class='ocrx_word' id='word_1_222' title='bbox 2196 503 2290 556; x_wconf 88' lang='grc' dir='ltr'><strong>τοῦ</strong></span> <span class='ocrx_word' id='word_1_223' title='bbox 2343 504 2452 558; x_wconf 90' lang='grc' dir='ltr'><strong>τῶν</strong></span> <span class='ocrx_word' id='word_1_224' title='bbox 2507 503 2850 578; x_wconf 77' lang='grc' dir='ltr'><strong>Χριστιανῶν</strong></span> <span class='ocrx_word' id='word_1_225' title='bbox 2896 503 3196 574; x_wconf 81' lang='grc' dir='ltr'>τάγματος,</span> <span class='ocrx_word' id='word_1_226' title='bbox 3253 500 3442 571; x_wconf 78' lang='grc' dir='ltr'>ἐπειδὴ</span> <span class='ocrx_word' id='word_1_227' title='bbox 3477 499 3614 572; x_wconf 78' lang='grc' dir='ltr'>πρὸς</span> <span class='ocrx_word' id='word_1_228' title='bbox 3659 505 3777 566; x_wconf 76' lang='grc' dir='ltr'>ταῖς</span> 
     </span>
    </p>
   </div>
   <div class='ocr_carea' id='block_1_35' title="bbox 2199 591 3778 666">
    <p class='ocr_par' dir='ltr' id='par_1_35' title="bbox 2199 591 3778 666">
     <span class='ocr_line' id='line_1_35' title="bbox 2199 591 3778 666; baseline -0.002 -18"><span class='ocrx_word' id='word_1_229' title='bbox 2199 595 2449 664; x_wconf 84' lang='grc' dir='ltr'>λογικαῖς</span> <span class='ocrx_word' id='word_1_230' title='bbox 2505 595 2880 659; x_wconf 77' lang='grc' dir='ltr'><strong>διδασκαλίαις</strong></span> <span class='ocrx_word' id='word_1_231' title='bbox 2923 595 3019 648; x_wconf 77' lang='grc' dir='ltr'>καὶ</span> <span class='ocrx_word' id='word_1_232' title='bbox 3071 592 3480 666; x_wconf 81' lang='grc' dir='ltr'>παραινέσεσιν,</span> <span class='ocrx_word' id='word_1_233' title='bbox 3529 591 3626 644; x_wconf 72' lang='grc' dir='ltr'>καὶ</span> <span class='ocrx_word' id='word_1_234' title='bbox 3678 592 3778 663; x_wconf 80' lang='grc' dir='ltr'>τῆς</span> 
     </span>
    </p>
   </div>
   <div class='ocr_carea' id='block_1_36' title="bbox 2196 684 3774 761">
    <p class='ocr_par' dir='ltr' id='par_1_36' title="bbox 2196 684 3774 761">
     <span class='ocr_line' id='line_1_36' title="bbox 2196 684 3774 761; baseline -0.002 -21"><span class='ocrx_word' id='word_1_235' title='bbox 2196 691 2506 761; x_wconf 83' lang='grc' dir='ltr'><strong>πρακτικῆς</strong></span> <span class='ocrx_word' id='word_1_236' title='bbox 2539 689 2822 760; x_wconf 86' lang='grc' dir='ltr'>δυνάμεως</span> <span class='ocrx_word' id='word_1_237' title='bbox 2839 687 3158 758; x_wconf 82' lang='grc' dir='ltr'>Θαυμαστὴν</span> <span class='ocrx_word' id='word_1_238' title='bbox 3193 686 3421 757; x_wconf 82' lang='grc' dir='ltr'>παρεῖχε</span> <span class='ocrx_word' id='word_1_239' title='bbox 3436 684 3536 754; x_wconf 75' lang='grc' dir='ltr'>τὴν</span> <span class='ocrx_word' id='word_1_240' title='bbox 3563 685 3774 756; x_wconf 80' lang='grc' dir='ltr'>πεῖραν,</span> 
     </span>
    </p>
   </div>
   <div class='ocr_carea' id='block_1_37' title="bbox 2194 773 3778 850">
    <p class='ocr_par' dir='ltr' id='par_1_37' title="bbox 2194 773 3778 850">
     <span class='ocr_line' id='line_1_37' title="bbox 2194 773 3778 850; baseline -0.001 -19"><span class='ocrx_word' id='word_1_241' title='bbox 2194 777 2380 848; x_wconf 78' lang='grc' dir='ltr'>ἄρτιον</span> <span class='ocrx_word' id='word_1_242' title='bbox 2413 778 2727 850; x_wconf 80' lang='grc' dir='ltr'>ἀναστήσας</span> <span class='ocrx_word' id='word_1_243' title='bbox 2757 776 2848 830; x_wconf 76' lang='grc' dir='ltr'>τὸν</span> <span class='ocrx_word' id='word_1_244' title='bbox 2898 776 3072 849; x_wconf 84' lang='grc' dir='ltr'>χωλὸν</span> <span class='ocrx_word' id='word_1_245' title='bbox 3108 777 3174 829; x_wconf 81' lang='grc' dir='ltr'>ὲκ</span> <span class='ocrx_word' id='word_1_246' title='bbox 3211 773 3322 827; x_wconf 89' lang='grc' dir='ltr'><strong>τῶν</strong></span> <span class='ocrx_word' id='word_1_247' title='bbox 3354 773 3448 827; x_wconf 88' lang='grc' dir='ltr'><strong>τοῦ</strong></span> <span class='ocrx_word' id='word_1_248' title='bbox 3487 773 3616 828; x_wconf 83' lang='grc' dir='ltr'>ναοῦ</span> <span class='ocrx_word' id='word_1_249' title='bbox 3644 790 3778 847; x_wconf 86' lang='grc' dir='ltr'>προ-</span> 
     </span>
    </p>
   </div>
   <div class='ocr_carea' id='block_1_38' title="bbox 2143 865 3778 943">
    <p class='ocr_par' dir='ltr' id='par_1_38' title="bbox 2143 865 3778 943">
     <span class='ocr_line' id='line_1_38' title="bbox 2143 865 3778 943; baseline -0.001 -20"><span class='ocrx_word' id='word_1_250' title='bbox 2143 877 2151 895; x_wconf 89' lang='grc'><strong>·</strong></span> <span class='ocrx_word' id='word_1_251' title='bbox 2195 870 2460 936; x_wconf 89' lang='grc' dir='ltr'>πυλαίων,</span> <span class='ocrx_word' id='word_1_252' title='bbox 2492 871 2664 943; x_wconf 82' lang='grc' dir='ltr'>χωλὸν</span> <span class='ocrx_word' id='word_1_253' title='bbox 2689 871 2894 925; x_wconf 74' lang='grc' dir='ltr'>ἐκεῖνον</span> <span class='ocrx_word' id='word_1_254' title='bbox 2917 870 3008 924; x_wconf 83' lang='grc' dir='ltr'>τὸν</span> <span class='ocrx_word' id='word_1_255' title='bbox 3039 871 3102 922; x_wconf 83' lang='grc' dir='ltr'>ὲκ</span> <span class='ocrx_word' id='word_1_256' title='bbox 3127 868 3332 932; x_wconf 82' lang='grc' dir='ltr'><strong>κοιλίας</strong></span> <span class='ocrx_word' id='word_1_257' title='bbox 3359 866 3582 940; x_wconf 74' lang='grc' dir='ltr'>μητρὸς,</span> <span class='ocrx_word' id='word_1_258' title='bbox 3619 865 3778 922; x_wconf 80' lang='grc' dir='ltr'>πταίο</span> 
     </span>
    </p>
   </div>
   <div class='ocr_carea' id='block_1_39' title="bbox 2197 956 3780 1033">
    <p class='ocr_par' dir='ltr' id='par_1_39' title="bbox 2197 956 3780 1033">
     <span class='ocr_line' id='line_1_39' title="bbox 2197 956 3780 1033; baseline -0.001 -19"><span class='ocrx_word' id='word_1_259' title='bbox 2197 978 2364 1032; x_wconf 84' lang='grc' dir='ltr'>σματι</span> <span class='ocrx_word' id='word_1_260' title='bbox 2415 961 2632 1033; x_wconf 78' lang='grc' dir='ltr'>φύσεως</span> <span class='ocrx_word' id='word_1_261' title='bbox 2685 961 2928 1016; x_wconf 83' lang='grc' dir='ltr'>παθόντα</span> <span class='ocrx_word' id='word_1_262' title='bbox 2959 959 3060 1031; x_wconf 81' lang='grc' dir='ltr'>τὴν</span> <span class='ocrx_word' id='word_1_263' title='bbox 3089 959 3262 1012; x_wconf 80' lang='grc' dir='ltr'>νόσον·</span> <span class='ocrx_word' id='word_1_264' title='bbox 3299 956 3448 1022; x_wconf 78' lang='grc' dir='ltr'>ἅπαξ</span> <span class='ocrx_word' id='word_1_265' title='bbox 3487 957 3544 1012; x_wconf 84' lang='grc' dir='ltr'>δὲ</span> <span class='ocrx_word' id='word_1_266' title='bbox 3571 958 3601 1010; x_wconf 85' lang='grc' dir='ltr'>ὁ</span> <span class='ocrx_word' id='word_1_267' title='bbox 3653 957 3780 1021; x_wconf 45' lang='lat' dir='ltr'><strong>labi:</strong></span> 
     </span>
    </p>
   </div>
   <div class='ocr_carea' id='block_1_40' title="bbox 2194 1049 3779 1126">
    <p class='ocr_par' dir='ltr' id='par_1_40' title="bbox 2194 1049 3779 1126">
     <span class='ocr_line' id='line_1_40' title="bbox 2194 1049 3779 1126; baseline -0.003 -19"><span class='ocrx_word' id='word_1_268' title='bbox 2194 1053 2286 1107; x_wconf 78' lang='grc' dir='ltr'><strong>ἐπὶ</strong></span> <span class='ocrx_word' id='word_1_269' title='bbox 2335 1055 2396 1108; x_wconf 82' lang='grc' dir='ltr'>τὸ</span> <span class='ocrx_word' id='word_1_270' title='bbox 2427 1055 2571 1126; x_wconf 71' lang='grc' dir='ltr'>ἱερὸν</span> <span class='ocrx_word' id='word_1_271' title='bbox 2613 1052 2911 1126; x_wconf 74' lang='grc' dir='ltr'>συνερρύη,</span> <span class='ocrx_word' id='word_1_272' title='bbox 2938 1056 3006 1124; x_wconf 84' lang='grc' dir='ltr'><strong>τῇ</strong></span> <span class='ocrx_word' id='word_1_273' title='bbox 3041 1053 3202 1126; x_wconf 78' lang='grc' dir='ltr'>φήμῃ</span> <span class='ocrx_word' id='word_1_274' title='bbox 3229 1050 3331 1122; x_wconf 80' lang='grc' dir='ltr'>τῆς</span> <span class='ocrx_word' id='word_1_275' title='bbox 3375 1049 3779 1122; x_wconf 80' lang='grc' dir='ltr'>μεγαλουργίας</span> 
     </span>
    </p>
   </div>
   <div class='ocr_carea' id='block_1_41' title="bbox 2191 1140 3780 1217">
    <p class='ocr_par' dir='ltr' id='par_1_41' title="bbox 2191 1140 3780 1217">
     <span class='ocr_line' id='line_1_41' title="bbox 2191 1140 3780 1217; baseline -0.002 -21"><span class='ocrx_word' id='word_1_276' title='bbox 2191 1143 2620 1215; x_wconf 79' lang='grc' dir='ltr'>δημαγωγηθεὶς</span> <span class='ocrx_word' id='word_1_277' title='bbox 2652 1143 2790 1216; x_wconf 76' lang='grc' dir='ltr'>πρὸς</span> <span class='ocrx_word' id='word_1_278' title='bbox 2818 1143 2919 1215; x_wconf 79' lang='grc' dir='ltr'>τὴν</span> <span class='ocrx_word' id='word_1_279' title='bbox 2974 1143 3124 1208; x_wconf 84' lang='grc' dir='ltr'>θέαν,</span> <span class='ocrx_word' id='word_1_280' title='bbox 3177 1142 3272 1196; x_wconf 76' lang='grc' dir='ltr'>καὶ</span> <span class='ocrx_word' id='word_1_281' title='bbox 3308 1141 3447 1214; x_wconf 85' lang='grc' dir='ltr'>πρὸς</span> <span class='ocrx_word' id='word_1_282' title='bbox 3474 1140 3565 1194; x_wconf 82' lang='grc' dir='ltr'><strong>τὸν</strong></span> <span class='ocrx_word' id='word_1_283' title='bbox 3613 1141 3780 1217; x_wconf 77' lang='grc' dir='ltr'>ἄνδρα</span> 
     </span>
    </p>
   </div>
   <div class='ocr_carea' id='block_1_42' title="bbox 2194 1231 3774 1306">
    <p class='ocr_par' dir='ltr' id='par_1_42' title="bbox 2194 1231 3774 1306">
     <span class='ocr_line' id='line_1_42' title="bbox 2194 1231 3774 1306; baseline -0.002 -19"><span class='ocrx_word' id='word_1_284' title='bbox 2194 1234 2395 1298; x_wconf 77' lang='grc' dir='ltr'>πάντες</span> <span class='ocrx_word' id='word_1_285' title='bbox 2435 1233 2666 1288; x_wconf 79' lang='grc' dir='ltr'>ἔϐλεπον</span> <span class='ocrx_word' id='word_1_286' title='bbox 2695 1233 2901 1298; x_wconf 84' lang='grc' dir='ltr'>ἀτενῶς</span> <span class='ocrx_word' id='word_1_287' title='bbox 2931 1232 3376 1306; x_wconf 79' lang='grc' dir='ltr'>ἐκπεπληγμένοι</span> <span class='ocrx_word' id='word_1_288' title='bbox 3403 1231 3481 1304; x_wconf 84' lang='grc' dir='ltr'>τῷ</span> <span class='ocrx_word' id='word_1_289' title='bbox 3516 1231 3774 1304; x_wconf 71' lang='grc' dir='ltr'>θαύματιο</span> 
     </span>
    </p>
   </div>
   <div class='ocr_carea' id='block_1_43' title="bbox 2193 1325 3779 1398">
    <p class='ocr_par' dir='ltr' id='par_1_43' title="bbox 2193 1325 3779 1398">
     <span class='ocr_line' id='line_1_43' title="bbox 2193 1325 3779 1398; baseline -0.003 -18"><span class='ocrx_word' id='word_1_290' title='bbox 2193 1327 2486 1398; x_wconf 79' lang='grc' dir='ltr'>ἀπεφράγη</span> <span class='ocrx_word' id='word_1_291' title='bbox 2521 1327 2630 1379; x_wconf 89' lang='grc' dir='ltr'><strong>τῶν</strong></span> <span class='ocrx_word' id='word_1_292' title='bbox 2651 1325 2862 1398; x_wconf 80' lang='grc' dir='ltr'>ἐχθρῶν</span> <span class='ocrx_word' id='word_1_293' title='bbox 2889 1325 2983 1379; x_wconf 89' lang='grc' dir='ltr'><strong>τοῦ</strong></span> <span class='ocrx_word' id='word_1_294' title='bbox 3011 1325 3248 1398; x_wconf 81' lang='grc' dir='ltr'>Χριστοῦ</span> <span class='ocrx_word' id='word_1_295' title='bbox 3290 1326 3360 1380; x_wconf 85' lang='grc' dir='ltr'>τὰ</span> <span class='ocrx_word' id='word_1_296' title='bbox 3391 1325 3652 1396; x_wconf 87' lang='grc' dir='ltr'>στόματα,</span> <span class='ocrx_word' id='word_1_297' title='bbox 3685 1325 3779 1377; x_wconf 71' lang='grc' dir='ltr'>καὶ</span> 
     </span>
    </p>
   </div>
   <div class='ocr_carea' id='block_1_44' title="bbox 2191 1417 3776 1496">
    <p class='ocr_par' dir='ltr' id='par_1_44' title="bbox 2191 1417 3776 1496">
     <span class='ocr_line' id='line_1_44' title="bbox 2191 1417 3776 1496; baseline 0 -20"><span class='ocrx_word' id='word_1_298' title='bbox 2191 1425 2219 1476; x_wconf 85' lang='grc' dir='ltr'>ὁ</span> <span class='ocrx_word' id='word_1_299' title='bbox 2253 1423 2483 1494; x_wconf 84' lang='grc' dir='ltr'>σταυρὸς</span> <span class='ocrx_word' id='word_1_300' title='bbox 2521 1421 2707 1478; x_wconf 83' lang='grc' dir='ltr'>λοιπὸν</span> <span class='ocrx_word' id='word_1_301' title='bbox 2755 1417 2824 1494; x_wconf 79' lang='grc' dir='ltr'>ἦν</span> <span class='ocrx_word' id='word_1_302' title='bbox 2883 1423 3146 1496; x_wconf 86' lang='grc' dir='ltr'>τρόπαιον</span> <span class='ocrx_word' id='word_1_303' title='bbox 3197 1422 3379 1494; x_wconf 83' lang='grc' dir='ltr'>νίκης,</span> <span class='ocrx_word' id='word_1_304' title='bbox 3421 1423 3522 1476; x_wconf 82' lang='grc' dir='ltr'>οὐκ</span> <span class='ocrx_word' id='word_1_305' title='bbox 3550 1423 3776 1486; x_wconf 77' lang='grc' dir='ltr'>δνειδος.</span> 
     </span>
    </p>
   </div>
   <div class='ocr_carea' id='block_1_45' title="bbox 2193 1514 3778 1590">
    <p class='ocr_par' dir='ltr' id='par_1_45' title="bbox 2193 1514 3778 1590">
     <span class='ocr_line' id='line_1_45' title="bbox 2193 1514 3778 1590; baseline -0.003 -20"><span class='ocrx_word' id='word_1_306' title='bbox 2193 1514 2360 1582; x_wconf 78' lang='grc' dir='ltr'>Πάλιν</span> <span class='ocrx_word' id='word_1_307' title='bbox 2387 1517 2416 1568; x_wconf 85' lang='grc' dir='ltr'>ὁ</span> <span class='ocrx_word' id='word_1_308' title='bbox 2449 1515 2792 1580; x_wconf 90' lang='grc' dir='ltr'>ἀπαίδευτος,</span> <span class='ocrx_word' id='word_1_309' title='bbox 2817 1517 2961 1586; x_wconf 83' lang='grc' dir='ltr'>ὁτῆς</span> <span class='ocrx_word' id='word_1_310' title='bbox 2997 1514 3270 1586; x_wconf 73' lang='grc' dir='ltr'>βαναύσου</span> <span class='ocrx_word' id='word_1_311' title='bbox 3294 1517 3490 1590; x_wconf 85' lang='grc' dir='ltr'>τέχνης</span> <span class='ocrx_word' id='word_1_312' title='bbox 3516 1518 3778 1590; x_wconf 78' lang='grc' dir='ltr'>ἐργάτης,</span> 
     </span>
    </p>
   </div>
   <div class='ocr_carea' id='block_1_46' title="bbox 2191 1607 3780 1680">
    <p class='ocr_par' dir='ltr' id='par_1_46' title="bbox 2191 1607 3780 1680">
     <span class='ocr_line' id='line_1_46' title="bbox 2191 1607 3780 1680; baseline 0.002 -19"><span class='ocrx_word' id='word_1_313' title='bbox 2191 1607 2457 1680; x_wconf 78' lang='grc' dir='ltr'>δευτέρων</span> <span class='ocrx_word' id='word_1_314' title='bbox 2501 1609 2730 1680; x_wconf 82' lang='grc' dir='ltr'>ἄρχεται</span> <span class='ocrx_word' id='word_1_315' title='bbox 2770 1607 2965 1677; x_wconf 86' lang='grc' dir='ltr'>λόγων,</span> <span class='ocrx_word' id='word_1_316' title='bbox 3003 1609 3229 1678; x_wconf 81' lang='grc' dir='ltr'>φάσκων</span> <span class='ocrx_word' id='word_1_317' title='bbox 3273 1609 3411 1680; x_wconf 82' lang='grc' dir='ltr'>πρὸς</span> <span class='ocrx_word' id='word_1_318' title='bbox 3442 1611 3660 1674; x_wconf 78' lang='grc' dir='ltr'>αὐτοὺς,</span> <span class='ocrx_word' id='word_1_319' title='bbox 3691 1611 3780 1664; x_wconf 82' lang='grc' dir='ltr'>ὅτι</span> 
     </span>
    </p>
   </div>
   <div class='ocr_carea' id='block_1_47' title="bbox 2193 1695 3780 1772">
    <p class='ocr_par' dir='ltr' id='par_1_47' title="bbox 2193 1695 3780 1772">
     <span class='ocr_line' id='line_1_47' title="bbox 2193 1695 3780 1772; baseline 0.003 -20"><span class='ocrx_word' id='word_1_320' title='bbox 2193 1695 2259 1753; x_wconf 82' lang='grc' dir='ltr'><strong><em>Ὦ</em></strong></span> <span class='ocrx_word' id='word_1_321' title='bbox 2293 1699 2530 1768; x_wconf 80' lang='grc' dir='ltr'>ἄνδρες,</span> <span class='ocrx_word' id='word_1_322' title='bbox 2565 1703 2620 1754; x_wconf 80' lang='grc' dir='ltr'><strong>εί</strong></span> <span class='ocrx_word' id='word_1_323' title='bbox 2664 1701 2958 1772; x_wconf 65' lang='grc' dir='ltr'>θαύματος</span> <span class='ocrx_word' id='word_1_324' title='bbox 2995 1700 3138 1771; x_wconf 82' lang='grc' dir='ltr'>ὑμῖν</span> <span class='ocrx_word' id='word_1_325' title='bbox 3180 1700 3372 1766; x_wconf 78' lang='grc' dir='ltr'>ἄξιον,</span> <span class='ocrx_word' id='word_1_326' title='bbox 3431 1703 3528 1756; x_wconf 78' lang='grc' dir='ltr'>καὶ</span> <span class='ocrx_word' id='word_1_327' title='bbox 3571 1699 3780 1771; x_wconf 55' lang='lat' dir='ltr'><strong>deurit;</strong></span> 
     </span>
    </p>
   </div>
   <div class='ocr_carea' id='block_1_48' title="bbox 2187 1789 3779 1861">
    <p class='ocr_par' dir='ltr' id='par_1_48' title="bbox 2187 1789 3779 1861">
     <span class='ocr_line' id='line_1_48' title="bbox 2187 1789 3779 1861; baseline 0 -17"><span class='ocrx_word' id='word_1_328' title='bbox 2187 1791 2489 1861; x_wconf 77' lang='grc' dir='ltr'>ἐνεργείας</span> <span class='ocrx_word' id='word_1_329' title='bbox 2533 1792 2810 1860; x_wconf 72' lang='grc' dir='ltr'>φαίνεται</span> <span class='ocrx_word' id='word_1_330' title='bbox 2863 1791 2930 1844; x_wconf 87' lang='grc' dir='ltr'>τὸ</span> <span class='ocrx_word' id='word_1_331' title='bbox 2976 1791 3329 1860; x_wconf 76' lang='grc' dir='ltr'>γενόμενον,</span> <span class='ocrx_word' id='word_1_332' title='bbox 3385 1789 3779 1860; x_wconf 75' lang='grc' dir='ltr'>προσκυνεῖτε</span> 
     </span>
    </p>
   </div>
   <div class='ocr_carea' id='block_1_49' title="bbox 2189 1881 3777 1952">
    <p class='ocr_par' dir='ltr' id='par_1_49' title="bbox 2189 1881 3777 1952">
     <span class='ocr_line' id='line_1_49' title="bbox 2189 1881 3777 1952; baseline -0.001 -16"><span class='ocrx_word' id='word_1_333' title='bbox 2189 1883 2294 1936; x_wconf 73' lang='grc' dir='ltr'>τὸν</span> <span class='ocrx_word' id='word_1_334' title='bbox 2331 1881 2708 1952; x_wconf 77' lang='grc' dir='ltr'>θεραπευτὴν</span> <span class='ocrx_word' id='word_1_335' title='bbox 2735 1882 2844 1937; x_wconf 88' lang='grc' dir='ltr'><strong>τοῦ</strong></span> <span class='ocrx_word' id='word_1_336' title='bbox 2871 1881 3097 1952; x_wconf 73' lang='grc' dir='ltr'>χωλοῦ,</span> <span class='ocrx_word' id='word_1_337' title='bbox 3138 1881 3398 1950; x_wconf 81' lang='grc' dir='ltr'>Ἰησοῦν,</span> <span class='ocrx_word' id='word_1_338' title='bbox 3427 1881 3501 1935; x_wconf 82' lang='grc' dir='ltr'>ὃν</span> <span class='ocrx_word' id='word_1_339' title='bbox 3530 1881 3777 1950; x_wconf 48' lang='lat' dir='ltr'><strong>egeo-stl-</strong></span> 
     </span>
    </p>
   </div>
   <div class='ocr_carea' id='block_1_50' title="bbox 2187 1971 3774 2042">
    <p class='ocr_par' dir='ltr' id='par_1_50' title="bbox 2187 1971 3774 2042">
     <span class='ocr_line' id='line_1_50' title="bbox 2187 1971 3774 2042; baseline -0.002 -14"><span class='ocrx_word' id='word_1_340' title='bbox 2187 1989 2353 2034; x_wconf 75' lang='grc' dir='ltr'>σατεο</span> <span class='ocrx_word' id='word_1_341' title='bbox 2397 1973 2496 2026; x_wconf 83' lang='grc' dir='ltr'><strong>καί</strong></span> <span class='ocrx_word' id='word_1_342' title='bbox 2550 1973 2896 2028; x_wconf 79' lang='grc' dir='ltr'>τελευταῖον</span> <span class='ocrx_word' id='word_1_343' title='bbox 2953 1971 3386 2042; x_wconf 76' lang='grc' dir='ltr'>ὑπερζέσαντες</span> <span class='ocrx_word' id='word_1_344' title='bbox 3439 1971 3520 2038; x_wconf 84' lang='grc' dir='ltr'>τῷ</span> <span class='ocrx_word' id='word_1_345' title='bbox 3586 1971 3774 2042; x_wconf 74' lang='grc' dir='ltr'>θυμῷ,</span> 
     </span>
    </p>
   </div>
   <div class='ocr_carea' id='block_1_51' title="bbox 2185 2059 3772 2132">
    <p class='ocr_par' dir='ltr' id='par_1_51' title="bbox 2185 2059 3772 2132">
     <span class='ocr_line' id='line_1_51' title="bbox 2185 2059 3772 2132; baseline -0.001 -16"><span class='ocrx_word' id='word_1_346' title='bbox 2185 2064 2283 2116; x_wconf 76' lang='grc' dir='ltr'><strong>ἐπὶ</strong></span> <span class='ocrx_word' id='word_1_347' title='bbox 2324 2064 2430 2117; x_wconf 83' lang='grc' dir='ltr'><strong>τοῦ</strong></span> <span class='ocrx_word' id='word_1_348' title='bbox 2463 2063 2652 2128; x_wconf 72' lang='grc' dir='ltr'>ξύλου</span> <span class='ocrx_word' id='word_1_349' title='bbox 2705 2061 3011 2132; x_wconf 69' lang='grc' dir='ltr'>ὑψώσατε.</span> <span class='ocrx_word' id='word_1_350' title='bbox 3053 2059 3244 2128; x_wconf 83' lang='grc' dir='ltr'>οὗτός</span> <span class='ocrx_word' id='word_1_351' title='bbox 3290 2062 3479 2129; x_wconf 85' lang='grc' dir='ltr'>ἐστιν,</span> <span class='ocrx_word' id='word_1_352' title='bbox 3520 2062 3617 2115; x_wconf 79' lang='grc' dir='ltr'>καὶ</span> <span class='ocrx_word' id='word_1_353' title='bbox 3681 2061 3772 2128; x_wconf 69' lang='grc' dir='ltr'><strong>ζῆν</strong></span> 
     </span>
    </p>
   </div>
   <div class='ocr_carea' id='block_1_52' title="bbox 2187 2153 3776 2224">
    <p class='ocr_par' dir='ltr' id='par_1_52' title="bbox 2187 2153 3776 2224">
     <span class='ocr_line' id='line_1_52' title="bbox 2187 2153 3776 2224; baseline -0.001 -17"><span class='ocrx_word' id='word_1_354' title='bbox 2187 2154 2288 2208; x_wconf 80' lang='grc' dir='ltr'>καὶ</span> <span class='ocrx_word' id='word_1_355' title='bbox 2340 2155 2534 2221; x_wconf 81' lang='grc' dir='ltr'>καθὼς</span> <span class='ocrx_word' id='word_1_356' title='bbox 2561 2153 2705 2224; x_wconf 77' lang='grc' dir='ltr'><strong>ὑμῖν</strong></span> <span class='ocrx_word' id='word_1_357' title='bbox 2741 2153 2962 2223; x_wconf 72' lang='grc' dir='ltr'>ἐλέχθη</span> <span class='ocrx_word' id='word_1_358' title='bbox 3017 2153 3334 2220; x_wconf 76' lang='grc' dir='ltr'>πολλάκις,</span> <span class='ocrx_word' id='word_1_359' title='bbox 3388 2155 3658 2221; x_wconf 80' lang='grc' dir='ltr'>ἀναστὰς</span> <span class='ocrx_word' id='word_1_360' title='bbox 3703 2155 3776 2206; x_wconf 69' lang='grc' dir='ltr'>ἐκ</span> 
     </span>
    </p>
   </div>
   <div class='ocr_carea' id='block_1_53' title="bbox 2184 2243 3777 2316">
    <p class='ocr_par' dir='ltr' id='par_1_53' title="bbox 2184 2243 3777 2316">
     <span class='ocr_line' id='line_1_53' title="bbox 2184 2243 3777 2316; baseline -0.002 -17"><span class='ocrx_word' id='word_1_361' title='bbox 2184 2246 2415 2314; x_wconf 75' lang='grc' dir='ltr'>νεκρῶν</span> <span class='ocrx_word' id='word_1_362' title='bbox 2453 2247 2774 2311; x_wconf 78' lang='grc' dir='ltr'>,ϐασιλεύει</span> <span class='ocrx_word' id='word_1_363' title='bbox 2815 2243 2935 2299; x_wconf 85' lang='grc' dir='ltr'><strong>τῶν</strong></span> <span class='ocrx_word' id='word_1_364' title='bbox 2986 2245 3246 2300; x_wconf 73' lang='grc' dir='ltr'>πάντων.</span> <span class='ocrx_word' id='word_1_365' title='bbox 3283 2245 3459 2300; x_wconf 84' lang='grc' dir='ltr'>Ὥστε</span> <span class='ocrx_word' id='word_1_366' title='bbox 3485 2244 3601 2299; x_wconf 83' lang='grc' dir='ltr'><strong>νῦν</strong></span> <span class='ocrx_word' id='word_1_367' title='bbox 3625 2245 3777 2316; x_wconf 70' lang='grc' dir='ltr'>γοῦν</span> 
     </span>
    </p>
   </div>
   <div class='ocr_carea' id='block_1_54' title="bbox 2184 2334 3773 2407">
    <p class='ocr_par' dir='ltr' id='par_1_54' title="bbox 2184 2334 3773 2407">
     <span class='ocr_line' id='line_1_54' title="bbox 2184 2334 3773 2407; baseline 0.001 -19"><span class='ocrx_word' id='word_1_368' title='bbox 2184 2337 2474 2401; x_wconf 69' lang='grc' dir='ltr'>λαϐόντες</span> <span class='ocrx_word' id='word_1_369' title='bbox 2506 2335 2624 2390; x_wconf 83' lang='grc' dir='ltr'><strong>τῶν</strong></span> <span class='ocrx_word' id='word_1_370' title='bbox 2672 2334 3132 2406; x_wconf 74' lang='grc' dir='ltr'><strong>ἁμαρτηθέντων</strong></span> <span class='ocrx_word' id='word_1_371' title='bbox 3164 2335 3306 2406; x_wconf 78' lang='grc' dir='ltr'><strong>ὑμῖν</strong></span> <span class='ocrx_word' id='word_1_372' title='bbox 3353 2336 3773 2407; x_wconf 74' lang='grc' dir='ltr'>μεταμέλειαν,</span> 
     </span>
    </p>
   </div>
   <div class='ocr_carea' id='block_1_55' title="bbox 2192 2428 3771 2498">
    <p class='ocr_par' dir='ltr' id='par_1_55' title="bbox 2192 2428 3771 2498">
     <span class='ocr_line' id='line_1_55' title="bbox 2192 2428 3771 2498; baseline 0.004 -21"><span class='ocrx_word' id='word_1_373' title='bbox 2192 2447 2209 2477; x_wconf 78' lang='grc' dir='ltr'><strong>ι</strong></span> <span class='ocrx_word' id='word_1_374' title='bbox 2265 2429 2636 2497; x_wconf 68' lang='grc' dir='ltr'>Προσένίὓετε</span> <span class='ocrx_word' id='word_1_375' title='bbox 2691 2428 2840 2497; x_wconf 73' lang='grc' dir='ltr'>πρὸς</span> <span class='ocrx_word' id='word_1_376' title='bbox 2902 2428 3110 2492; x_wconf 76' lang='grc' dir='ltr'>αὑτὸν,</span> <span class='ocrx_word' id='word_1_377' title='bbox 3181 2428 3279 2482; x_wconf 73' lang='grc' dir='ltr'><strong>καί</strong></span> <span class='ocrx_word' id='word_1_378' title='bbox 3339 2430 3697 2498; x_wconf 64' lang='grc' dir='ltr'>φωτίσθητε,</span> <span class='ocrx_word' id='word_1_379' title='bbox 3751 2452 3771 2482; x_wconf 68' lang='grc' dir='ltr'><strong>ι</strong></span> 
     </span>
    </p>
   </div>
   <div class='ocr_carea' id='block_1_56' title="bbox 2185 2519 3776 2592">
    <p class='ocr_par' dir='ltr' id='par_1_56' title="bbox 2185 2519 3776 2592">
     <span class='ocr_line' id='line_1_56' title="bbox 2185 2519 3776 2592; baseline 0.001 -18"><span class='ocrx_word' id='word_1_380' title='bbox 2185 2520 2380 2587; x_wconf 75' lang='grc' dir='ltr'>καθὼς</span> <span class='ocrx_word' id='word_1_381' title='bbox 2408 2525 2442 2574; x_wconf 82' lang='grc' dir='ltr'><strong>ό</strong></span> <span class='ocrx_word' id='word_1_382' title='bbox 2463 2521 2659 2589; x_wconf 72' lang='grc' dir='ltr'>πατὴρ</span> <span class='ocrx_word' id='word_1_383' title='bbox 2689 2521 2856 2590; x_wconf 83' lang='grc' dir='ltr'>ὑμῶν</span> <span class='ocrx_word' id='word_1_384' title='bbox 2885 2520 3047 2592; x_wconf 72' lang='grc' dir='ltr'>λέγει</span> <span class='ocrx_word' id='word_1_385' title='bbox 3070 2519 3264 2574; x_wconf 78' lang='grc' dir='ltr'>Δασὶδ.</span> <span class='ocrx_word' id='word_1_386' title='bbox 3297 2524 3366 2574; x_wconf 87' lang='lat' dir='ltr'><strong>El</strong></span> <span class='ocrx_word' id='word_1_387' title='bbox 3390 2521 3495 2590; x_wconf 80' lang='grc' dir='ltr'>γὰρ</span> <span class='ocrx_word' id='word_1_388' title='bbox 3513 2521 3627 2575; x_wconf 75' lang='grc' dir='ltr'>υἱοὶ</span> <span class='ocrx_word' id='word_1_389' title='bbox 3656 2521 3776 2576; x_wconf 79' lang='grc' dir='ltr'><strong>τῶν</strong></span> 
     </span>
    </p>
   </div>
   <div class='ocr_carea' id='block_1_57' title="bbox 2182 2612 3773 2686">
    <p class='ocr_par' dir='ltr' id='par_1_57' title="bbox 2182 2612 3773 2686">
     <span class='ocr_line' id='line_1_57' title="bbox 2182 2612 3773 2686; baseline 0.003 -21"><span class='ocrx_word' id='word_1_390' title='bbox 2182 2612 2503 2683; x_wconf 57' lang='grc' dir='ltr'>προφητῶν</span> <span class='ocrx_word' id='word_1_391' title='bbox 2568 2615 2741 2676; x_wconf 84' lang='grc' dir='ltr'>ἐστε,</span> <span class='ocrx_word' id='word_1_392' title='bbox 2812 2614 2909 2667; x_wconf 77' lang='grc' dir='ltr'>καὶ</span> <span class='ocrx_word' id='word_1_393' title='bbox 2983 2613 3234 2686; x_wconf 80' lang='grc' dir='ltr'>μαθηταὶ</span> <span class='ocrx_word' id='word_1_394' title='bbox 3296 2615 3402 2668; x_wconf 85' lang='grc' dir='ltr'><strong>τοῦ</strong></span> <span class='ocrx_word' id='word_1_395' title='bbox 3453 2615 3773 2682; x_wconf 80' lang='grc' dir='ltr'>Μωῦσέως,</span> 
     </span>
    </p>
   </div>
   <div class='ocr_carea' id='block_1_58' title="bbox 2182 2701 3771 2773">
    <p class='ocr_par' dir='ltr' id='par_1_58' title="bbox 2182 2701 3771 2773">
     <span class='ocr_line' id='line_1_58' title="bbox 2182 2701 3771 2773; baseline 0.003 -20"><span class='ocrx_word' id='word_1_396' title='bbox 2182 2701 2280 2754; x_wconf 79' lang='grc' dir='ltr'>καὶ</span> <span class='ocrx_word' id='word_1_397' title='bbox 2300 2703 2344 2731; x_wconf 76' lang='grc'>⁸⁰</span> <span class='ocrx_word' id='word_1_398' title='bbox 2374 2701 2705 2770; x_wconf 76' lang='grc' dir='ltr'>ἀτιμάσητε</span> <span class='ocrx_word' id='word_1_399' title='bbox 2732 2703 2853 2756; x_wconf 85' lang='grc' dir='ltr'><strong>τῶν</strong></span> <span class='ocrx_word' id='word_1_400' title='bbox 2899 2705 3212 2773; x_wconf 76' lang='grc' dir='ltr'>προγόνων</span> <span class='ocrx_word' id='word_1_401' title='bbox 3243 2701 3409 2772; x_wconf 78' lang='grc' dir='ltr'>ὑμῶν</span> <span class='ocrx_word' id='word_1_402' title='bbox 3437 2703 3553 2770; x_wconf 78' lang='grc' dir='ltr'>τὴν</span> <span class='ocrx_word' id='word_1_403' title='bbox 3571 2703 3771 2773; x_wconf 76' lang='grc' dir='ltr'>χάριν,</span> 
     </span>
    </p>
   </div>
   <div class='ocr_carea' id='block_1_59' title="bbox 2181 2794 3773 2866">
    <p class='ocr_par' dir='ltr' id='par_1_59' title="bbox 2181 2794 3773 2866">
     <span class='ocr_line' id='line_1_59' title="bbox 2181 2794 3773 2866; baseline 0.003 -18"><span class='ocrx_word' id='word_1_404' title='bbox 2181 2794 2584 2863; x_wconf 70' lang='grc' dir='ltr'>ψευδολιίλοις</span> <span class='ocrx_word' id='word_1_405' title='bbox 2642 2795 3074 2866; x_wconf 75' lang='grc' dir='ltr'>προσέχοντες·</span> <span class='ocrx_word' id='word_1_406' title='bbox 3127 2796 3292 2851; x_wconf 71' lang='grc' dir='ltr'>ἀλλὰ</span> <span class='ocrx_word' id='word_1_407' title='bbox 3365 2794 3638 2864; x_wconf 82' lang='grc' dir='ltr'>συνετῶς</span> <span class='ocrx_word' id='word_1_408' title='bbox 3695 2799 3773 2853; x_wconf 78' lang='grc' dir='ltr'>τὰ</span> 
     </span>
    </p>
   </div>
   <div class='ocr_carea' id='block_1_60' title="bbox 2180 2885 3773 2955">
    <p class='ocr_par' dir='ltr' id='par_1_60' title="bbox 2180 2885 3773 2955">
     <span class='ocr_line' id='line_1_60' title="bbox 2180 2885 3773 2955; baseline 0.003 -17"><span class='ocrx_word' id='word_1_409' title='bbox 2180 2887 2316 2954; x_wconf 79' lang='grc' dir='ltr'>παρ’</span> <span class='ocrx_word' id='word_1_410' title='bbox 2345 2885 2594 2939; x_wconf 79' lang='grc' dir='ltr'>ἐκείνων</span> <span class='ocrx_word' id='word_1_411' title='bbox 2620 2887 3115 2955; x_wconf 71' lang='grc' dir='ltr'>προκηρυχθέντα</span> <span class='ocrx_word' id='word_1_412' title='bbox 3167 2886 3618 2954; x_wconf 75' lang='grc' dir='ltr'>σκοπήσαντες,</span> <span class='ocrx_word' id='word_1_413' title='bbox 3674 2888 3773 2942; x_wconf 66' lang='lat' dir='ltr'><strong>es-</strong></span> 
     </span>
    </p>
   </div>
   <div class='ocr_carea' id='block_1_61' title="bbox 2179 2976 3768 3050">
    <p class='ocr_par' dir='ltr' id='par_1_61' title="bbox 2179 2976 3768 3050">
     <span class='ocr_line' id='line_1_61' title="bbox 2179 2976 3768 3050; baseline 0.003 -20"><span class='ocrx_word' id='word_1_414' title='bbox 2179 2976 2368 3042; x_wconf 76' lang='grc' dir='ltr'>ξιισθε</span> <span class='ocrx_word' id='word_1_415' title='bbox 2400 2977 2526 3044; x_wconf 83' lang='grc' dir='ltr'>ταῖς</span> <span class='ocrx_word' id='word_1_416' title='bbox 2554 2976 2780 3046; x_wconf 63' lang='grc' dir='ltr'>ψυχατς</span> <span class='ocrx_word' id='word_1_417' title='bbox 2807 2977 2916 3033; x_wconf 79' lang='grc' dir='ltr'>τὸν</span> <span class='ocrx_word' id='word_1_418' title='bbox 2939 2977 3182 3048; x_wconf 72' lang='grc' dir='ltr'>Σωτῆρα</span> <span class='ocrx_word' id='word_1_419' title='bbox 3217 2981 3323 3034; x_wconf 82' lang='grc' dir='ltr'><strong>τοῦ</strong></span> <span class='ocrx_word' id='word_1_420' title='bbox 3347 2979 3558 3050; x_wconf 76' lang='grc' dir='ltr'>γένους</span> <span class='ocrx_word' id='word_1_421' title='bbox 3577 2981 3768 3050; x_wconf 83' lang='grc' dir='ltr'>ὑμῶν.</span> 
     </span>
    </p>
   </div>
   <div class='ocr_carea' id='block_1_62' title="bbox 503 3065 2079 3151">
    <p class='ocr_par' dir='ltr' id='par_1_62' title="bbox 503 3065 2074 3144">
     <span class='ocr_line' id='line_1_62' title="bbox 503 3065 2074 3144; baseline -0.007 -13"><span class='ocrx_word' id='word_1_422' title='bbox 503 3077 772 3132; x_wconf 86' lang='lat' dir='ltr'><strong>citandum</strong></span> <span class='ocrx_word' id='word_1_423' title='bbox 810 3073 1048 3144; x_wconf 71' lang='lat' dir='ltr'><strong>promisit</strong></span> <span class='ocrx_word' id='word_1_424' title='bbox 1083 3069 1150 3123; x_wconf 81' lang='grc'><strong>⁷⁸.</strong></span> <span class='ocrx_word' id='word_1_425' title='bbox 1195 3067 1320 3123; x_wconf 76' lang='lat' dir='ltr'><strong>Ilaec</strong></span> <span class='ocrx_word' id='word_1_426' title='bbox 1373 3068 1567 3123; x_wconf 82' lang='lat' dir='ltr'><strong>Petrus</strong></span> <span class='ocrx_word' id='word_1_427' title='bbox 1598 3082 1661 3120; x_wconf 86' lang='lat' dir='ltr'><strong>ac</strong></span> <span class='ocrx_word' id='word_1_428' title='bbox 1692 3068 1755 3120; x_wconf 87' lang='lat' dir='ltr'><strong>iis</strong></span> <span class='ocrx_word' id='word_1_429' title='bbox 1781 3065 1980 3120; x_wconf 83' lang='lat' dir='ltr'><strong>similia</strong></span> <span class='ocrx_word' id='word_1_430' title='bbox 2011 3069 2074 3120; x_wconf 88' lang='lat' dir='ltr'><strong>ad</strong></span> 
     </span>
    </p>
   </div>
   <div class='ocr_carea' id='block_1_63' title="bbox 2179 3065 3772 3151">
    <p class='ocr_par' dir='ltr' id='par_1_63' title="bbox 2185 3065 3772 3144">
     <span class='ocr_line' id='line_1_63' title="bbox 2185 3065 3772 3144; baseline 0.003 -22"><span class='ocrx_word' id='word_1_431' title='bbox 2185 3065 2374 3135; x_wconf 83' lang='grc' dir='ltr'>Οὗτος</span> <span class='ocrx_word' id='word_1_432' title='bbox 2417 3069 2525 3140; x_wconf 64' lang='grc' dir='ltr'>γάρ</span> <span class='ocrx_word' id='word_1_433' title='bbox 2579 3069 2709 3124; x_wconf 82' lang='grc' dir='ltr'>ἐστι</span> <span class='ocrx_word' id='word_1_434' title='bbox 2766 3070 2838 3123; x_wconf 83' lang='grc' dir='ltr'>ὃν</span> <span class='ocrx_word' id='word_1_435' title='bbox 2896 3071 2996 3125; x_wconf 80' lang='grc' dir='ltr'><strong>καί</strong></span> <span class='ocrx_word' id='word_1_436' title='bbox 3057 3071 3324 3139; x_wconf 78' lang='grc' dir='ltr'>Μωῦσῆς</span> <span class='ocrx_word' id='word_1_437' title='bbox 3368 3073 3772 3144; x_wconf 73' lang='grc' dir='ltr'>ἐπηγγείλατο</span> 
     </span>
    </p>
   </div>
   <div class='ocr_carea' id='block_1_64' title="bbox 504 3156 2080 3239">
    <p class='ocr_par' dir='ltr' id='par_1_64' title="bbox 504 3156 2080 3239">
     <span class='ocr_line' id='line_1_64' title="bbox 504 3156 2080 3239; baseline -0.008 -17"><span class='ocrx_word' id='word_1_438' title='bbox 504 3168 753 3239; x_wconf 81' lang='lat' dir='ltr'><strong>populum</strong></span> <span class='ocrx_word' id='word_1_439' title='bbox 783 3165 1072 3223; x_wconf 82' lang='lat' dir='ltr'><strong>disserens,</strong></span> <span class='ocrx_word' id='word_1_440' title='bbox 1108 3160 1240 3214; x_wconf 85' lang='lat' dir='ltr'><strong>abiit</strong></span> <span class='ocrx_word' id='word_1_441' title='bbox 1268 3159 1439 3214; x_wconf 81' lang='lat' dir='ltr'><strong>tribus</strong></span> <span class='ocrx_word' id='word_1_442' title='bbox 1477 3158 1659 3212; x_wconf 89' lang='lat' dir='ltr'><strong>milliis</strong></span> <span class='ocrx_word' id='word_1_443' title='bbox 1685 3156 1918 3226; x_wconf 60' lang='lat' dir='ltr'><strong>(rituales</strong></span> <span class='ocrx_word' id='word_1_444' title='bbox 1947 3157 2080 3211; x_wconf 75' lang='lat' dir='ltr'><strong>alios</strong></span> 
     </span>
    </p>
   </div>
   <div class='ocr_carea' id='block_1_65' title="bbox 502 3249 2078 3320">
    <p class='ocr_par' dir='ltr' id='par_1_65' title="bbox 502 3249 2078 3320">
     <span class='ocr_line' id='line_1_65' title="bbox 502 3249 2078 3320; baseline -0.006 -8"><span class='ocrx_word' id='word_1_445' title='bbox 502 3258 742 3314; x_wconf 85' lang='lat' dir='ltr'><strong>auctario</strong></span> <span class='ocrx_word' id='word_1_446' title='bbox 786 3255 1042 3310; x_wconf 81' lang='lat' dir='ltr'><strong>referens.</strong></span> <span class='ocrx_word' id='word_1_447' title='bbox 1095 3253 1172 3306; x_wconf 83' lang='lat' dir='ltr'><strong>Ac</strong></span> <span class='ocrx_word' id='word_1_448' title='bbox 1201 3251 1414 3320; x_wconf 76' lang='lat' dir='ltr'><strong>quidem</strong></span> <span class='ocrx_word' id='word_1_449' title='bbox 1469 3250 1590 3304; x_wconf 90' lang='lat' dir='ltr'><strong>talis</strong></span> <span class='ocrx_word' id='word_1_450' title='bbox 1643 3249 1836 3304; x_wconf 78' lang='lat' dir='ltr'><strong>Petrus</strong></span> <span class='ocrx_word' id='word_1_451' title='bbox 1867 3249 2078 3319; x_wconf 85' lang='lat' dir='ltr'><strong>publica</strong></span> 
     </span>
    </p>
   </div>
   <div class='ocr_carea' id='block_1_66' title="bbox 501 3340 2077 3411">
    <p class='ocr_par' dir='ltr' id='par_1_66' title="bbox 501 3340 2077 3411">
     <span class='ocr_line' id='line_1_66' title="bbox 501 3340 2077 3411; baseline -0.008 -7"><span class='ocrx_word' id='word_1_452' title='bbox 501 3349 762 3409; x_wconf 87' lang='lat' dir='ltr'><strong>concione.</strong></span> <span class='ocrx_word' id='word_1_453' title='bbox 793 3345 1017 3399; x_wconf 83' lang='lat' dir='ltr'><strong>ﬁdenter</strong></span> <span class='ocrx_word' id='word_1_454' title='bbox 1053 3342 1332 3411; x_wconf 79' lang='lat' dir='ltr'><strong>Evangelii</strong></span> <span class='ocrx_word' id='word_1_455' title='bbox 1361 3341 1600 3395; x_wconf 84' lang='lat' dir='ltr'><strong>doctrina</strong></span> <span class='ocrx_word' id='word_1_456' title='bbox 1651 3344 1966 3408; x_wconf 77' lang='lat' dir='ltr'><strong>exponenda</strong></span> <span class='ocrx_word' id='word_1_457' title='bbox 1997 3340 2077 3393; x_wconf 83' lang='lat' dir='ltr'><strong>lo-</strong></span> 
     </span>
    </p>
   </div>
   <div class='ocr_carea' id='block_1_67' title="bbox 499 3433 2078 3514">
    <p class='ocr_par' dir='ltr' id='par_1_67' title="bbox 499 3433 2078 3514">
     <span class='ocr_line' id='line_1_67' title="bbox 499 3433 2078 3514; baseline -0.007 -18"><span class='ocrx_word' id='word_1_458' title='bbox 499 3441 916 3514; x_wconf 82' lang='lat' dir='ltr'><strong>quens,‘alacer,</strong></span> <span class='ocrx_word' id='word_1_459' title='bbox 947 3434 1322 3506; x_wconf 79' lang='lat' dir='ltr'><strong>impercalsus,</strong></span> <span class='ocrx_word' id='word_1_460' title='bbox 1363 3435 1598 3502; x_wconf 85' lang='lat' dir='ltr'><strong>prudens</strong></span> <span class='ocrx_word' id='word_1_461' title='bbox 1684 3447 1908 3494; x_wconf 87' lang='lat' dir='ltr'><strong>suorum</strong></span> <span class='ocrx_word' id='word_1_462' title='bbox 1942 3433 2078 3486; x_wconf 80' lang='lat' dir='ltr'><strong>fidu-</strong></span> 
     </span>
    </p>
   </div>
   <div class='ocr_carea' id='block_1_68' title="bbox 501 3529 1397 3598">
    <p class='ocr_par' dir='ltr' id='par_1_68' title="bbox 501 3529 1397 3598">
     <span class='ocr_line' id='line_1_68' title="bbox 501 3529 1397 3598; baseline -0.013 -8"><span class='ocrx_word' id='word_1_463' title='bbox 501 3535 606 3598; x_wconf 87' lang='lat' dir='ltr'><strong>cia,</strong></span> <span class='ocrx_word' id='word_1_464' title='bbox 649 3547 712 3587; x_wconf 91' lang='lat' dir='ltr'><strong>ac</strong></span> <span class='ocrx_word' id='word_1_465' title='bbox 737 3529 1174 3586; x_wconf 74' lang='lat' dir='ltr'><strong>adversariorum</strong></span> <span class='ocrx_word' id='word_1_466' title='bbox 1213 3541 1397 3595; x_wconf 88' lang='lat' dir='ltr'><strong>pavor.</strong></span> 
     </span>
    </p>
   </div>
   <div class='ocr_carea' id='block_1_69' title="bbox 570 3699 2075 3774">
    <p class='ocr_par' dir='ltr' id='par_1_69' title="bbox 570 3699 2075 3774">
     <span class='ocr_line' id='line_1_69' title="bbox 570 3699 2075 3774; baseline 0 -17"><span class='ocrx_word' id='word_1_467' title='bbox 570 3707 706 3774; x_wconf 83' lang='lat' dir='ltr'><strong>Quia</strong></span> <span class='ocrx_word' id='word_1_468' title='bbox 737 3721 862 3760; x_wconf 85' lang='lat' dir='ltr'><strong>vero</strong></span> <span class='ocrx_word' id='word_1_469' title='bbox 891 3720 996 3758; x_wconf 79' lang='lat' dir='ltr'><strong>non</strong></span> <span class='ocrx_word' id='word_1_470' title='bbox 1031 3702 1082 3756; x_wconf 92' lang='lat' dir='ltr'><strong>id</strong></span> <span class='ocrx_word' id='word_1_471' title='bbox 1107 3712 1314 3756; x_wconf 88' lang='lat' dir='ltr'><strong>tantum</strong></span> <span class='ocrx_word' id='word_1_472' title='bbox 1350 3699 1564 3770; x_wconf 74' lang='lat' dir='ltr'><strong>pietatis</strong></span> <span class='ocrx_word' id='word_1_473' title='bbox 1612 3703 1800 3754; x_wconf 86' lang='lat' dir='ltr'><strong>doctor</strong></span> <span class='ocrx_word' id='word_1_474' title='bbox 1839 3702 2075 3771; x_wconf 88' lang='lat' dir='ltr'><strong>optinms</strong></span> 
     </span>
    </p>
   </div>
   <div class='ocr_carea' id='block_1_70' title="bbox 498 3795 2075 3871">
    <p class='ocr_par' dir='ltr' id='par_1_70' title="bbox 498 3795 2075 3871">
     <span class='ocr_line' id='line_1_70' title="bbox 498 3795 2075 3871; baseline -0.006 -12"><span class='ocrx_word' id='word_1_475' title='bbox 498 3803 676 3859; x_wconf 84' lang='lat' dir='ltr'><strong>studio</strong></span> <span class='ocrx_word' id='word_1_476' title='bbox 701 3802 930 3871; x_wconf 86' lang='lat' dir='ltr'><strong>agebat,</strong></span> <span class='ocrx_word' id='word_1_477' title='bbox 981 3807 1037 3852; x_wconf 91' lang='lat' dir='ltr'><strong>ut</strong></span> <span class='ocrx_word' id='word_1_478' title='bbox 1079 3795 1172 3852; x_wconf 89' lang='lat' dir='ltr'><strong>Dei</strong></span> <span class='ocrx_word' id='word_1_479' title='bbox 1206 3796 1459 3866; x_wconf 89' lang='lat' dir='ltr'><strong>p0pulum</strong></span> <span class='ocrx_word' id='word_1_480' title='bbox 1503 3809 1786 3850; x_wconf 83' lang='lat' dir='ltr'><strong>numerosa</strong></span> <span class='ocrx_word' id='word_1_481' title='bbox 1833 3796 2075 3850; x_wconf 90' lang='lat' dir='ltr'><strong>multitu-</strong></span> 
     </span>
    </p>
   </div>
   <div class='ocr_carea' id='block_1_71' title="bbox 497 3886 2076 3964">
    <p class='ocr_par' dir='ltr' id='par_1_71' title="bbox 497 3886 2076 3964">
     <span class='ocr_line' id='line_1_71' title="bbox 497 3886 2076 3964; baseline -0.005 -14"><span class='ocrx_word' id='word_1_482' title='bbox 497 3895 623 3950; x_wconf 88' lang='lat' dir='ltr'><strong>dine</strong></span> <span class='ocrx_word' id='word_1_483' title='bbox 652 3901 907 3964; x_wconf 87' lang='lat' dir='ltr'><strong>augerct;</strong></span> <span class='ocrx_word' id='word_1_484' title='bbox 941 3889 1037 3944; x_wconf 78' lang='lat' dir='ltr'><strong>sed</strong></span> <span class='ocrx_word' id='word_1_485' title='bbox 1066 3889 1221 3960; x_wconf 85' lang='lat' dir='ltr'><strong>longe</strong></span> <span class='ocrx_word' id='word_1_486' title='bbox 1262 3886 1512 3956; x_wconf 87' lang='lat' dir='ltr'><strong>amplius,</strong></span> <span class='ocrx_word' id='word_1_487' title='bbox 1550 3899 1604 3941; x_wconf 91' lang='lat' dir='ltr'><strong>ut</strong></span> <span class='ocrx_word' id='word_1_488' title='bbox 1640 3887 1892 3958; x_wconf 85' lang='lat' dir='ltr'><strong>discipuli</strong></span> <span class='ocrx_word' id='word_1_489' title='bbox 1916 3903 2076 3942; x_wconf 87' lang='lat' dir='ltr'><strong>accu-</strong></span> 
     </span>
    </p>
   </div>
   <div class='ocr_carea' id='block_1_72' title="bbox 499 3979 2074 4055">
    <p class='ocr_par' dir='ltr' id='par_1_72' title="bbox 499 3979 2074 4055">
     <span class='ocr_line' id='line_1_72' title="bbox 499 3979 2074 4055; baseline -0.004 -14"><span class='ocrx_word' id='word_1_490' title='bbox 499 3997 616 4041; x_wconf 87' lang='lat' dir='ltr'><strong>rate</strong></span> <span class='ocrx_word' id='word_1_491' title='bbox 657 4002 753 4055; x_wconf 91' lang='lat' dir='ltr'><strong>pro</strong></span> <span class='ocrx_word' id='word_1_492' title='bbox 802 3984 1117 4038; x_wconf 82' lang='lat' dir='ltr'><strong>traditarum</strong></span> <span class='ocrx_word' id='word_1_493' title='bbox 1159 3981 1334 4050; x_wconf 89' lang='lat' dir='ltr'><strong>legum</strong></span> <span class='ocrx_word' id='word_1_494' title='bbox 1373 3982 1582 4035; x_wconf 85' lang='lat' dir='ltr'><strong>ratione</strong></span> <span class='ocrx_word' id='word_1_495' title='bbox 1616 3979 1781 4048; x_wconf 79' lang='lat' dir='ltr'><strong>vitam</strong></span> <span class='ocrx_word' id='word_1_496' title='bbox 1825 3980 2074 4036; x_wconf 88' lang='lat' dir='ltr'><strong>institue-</strong></span> 
     </span>
    </p>
   </div>
   <div class='ocr_carea' id='block_1_73' title="bbox 495 4070 2068 4142">
    <p class='ocr_par' dir='ltr' id='par_1_73' title="bbox 495 4070 2068 4142">
     <span class='ocr_line' id='line_1_73' title="bbox 495 4070 2068 4142; baseline -0.005 -11"><span class='ocrx_word' id='word_1_497' title='bbox 495 4086 618 4132; x_wconf 80' lang='lat' dir='ltr'><strong>rent</strong></span> <span class='ocrx_word' id='word_1_498' title='bbox 652 4094 665 4130; x_wconf 89' lang='lat'><strong>:</strong></span> <span class='ocrx_word' id='word_1_499' title='bbox 701 4074 830 4130; x_wconf 82' lang='lat' dir='ltr'><strong>vidit</strong></span> <span class='ocrx_word' id='word_1_500' title='bbox 878 4088 1004 4128; x_wconf 80' lang='lat' dir='ltr'><strong>vero</strong></span> <span class='ocrx_word' id='word_1_501' title='bbox 1062 4071 1329 4126; x_wconf 82' lang='lat' dir='ltr'><strong>Ananiam</strong></span> <span class='ocrx_word' id='word_1_502' title='bbox 1381 4070 1570 4135; x_wconf 89' lang='lat' dir='ltr'><strong>illum,</strong></span> <span class='ocrx_word' id='word_1_503' title='bbox 1616 4085 1838 4126; x_wconf 90' lang='lat' dir='ltr'><strong>suorum</strong></span> <span class='ocrx_word' id='word_1_504' title='bbox 1897 4073 2068 4142; x_wconf 90' lang='lat' dir='ltr'><strong>ipsum</strong></span> 
     </span>
    </p>
   </div>
   <div class='ocr_carea' id='block_1_74' title="bbox 494 4163 2068 4233">
    <p class='ocr_par' dir='ltr' id='par_1_74' title="bbox 494 4163 2068 4233">
     <span class='ocr_line' id='line_1_74' title="bbox 494 4163 2068 4233; baseline -0.004 -8"><span class='ocrx_word' id='word_1_505' title='bbox 494 4170 766 4225; x_wconf 90' lang='lat' dir='ltr'><strong>fructuum</strong></span> <span class='ocrx_word' id='word_1_506' title='bbox 788 4167 985 4230; x_wconf 88' lang='lat' dir='ltr'><strong>furem,</strong></span> <span class='ocrx_word' id='word_1_507' title='bbox 1017 4179 1321 4233; x_wconf 82' lang='lat' dir='ltr'><strong>novumque</strong></span> <span class='ocrx_word' id='word_1_508' title='bbox 1341 4163 1684 4233; x_wconf 85' lang='lat' dir='ltr'><strong>sacrilegum,</strong></span> <span class='ocrx_word' id='word_1_509' title='bbox 1716 4163 1914 4219; x_wconf 86' lang='lat' dir='ltr'><strong>malam</strong></span> <span class='ocrx_word' id='word_1_510' title='bbox 1941 4179 2068 4231; x_wconf 88' lang='lat' dir='ltr'><strong>pec-</strong></span> 
     </span>
    </p>
   </div>
   <div class='ocr_carea' id='block_1_75' title="bbox 495 4255 2070 4322">
    <p class='ocr_par' dir='ltr' id='par_1_75' title="bbox 495 4255 2070 4322">
     <span class='ocr_line' id='line_1_75' title="bbox 495 4255 2070 4322; baseline -0.005 -5"><span class='ocrx_word' id='word_1_511' title='bbox 495 4263 602 4317; x_wconf 85' lang='lat' dir='ltr'><strong>cati</strong></span> <span class='ocrx_word' id='word_1_512' title='bbox 631 4261 969 4316; x_wconf 83' lang='lat' dir='ltr'><strong>inrecturum</strong></span> <span class='ocrx_word' id='word_1_513' title='bbox 1005 4257 1058 4312; x_wconf 91' lang='lat' dir='ltr'><strong>in</strong></span> <span class='ocrx_word' id='word_1_514' title='bbox 1088 4255 1428 4312; x_wconf 85' lang='lat' dir='ltr'><strong>Christianos</strong></span> <span class='ocrx_word' id='word_1_515' title='bbox 1469 4256 1952 4322; x_wconf 85' lang='lat' dir='ltr'><strong>consuetudinem,</strong></span> <span class='ocrx_word' id='word_1_516' title='bbox 1986 4272 2070 4310; x_wconf 86' lang='lat' dir='ltr'><strong>se-</strong></span> 
     </span>
    </p>
   </div>
   <div class='ocr_carea' id='block_1_76' title="bbox 2183 3158 3770 3229">
    <p class='ocr_par' dir='ltr' id='par_1_76' title="bbox 2183 3158 3770 3229">
     <span class='ocr_line' id='line_1_76' title="bbox 2183 3158 3770 3229; baseline 0.001 -17"><span class='ocrx_word' id='word_1_517' title='bbox 2183 3158 2500 3228; x_wconf 61' lang='grc' dir='ltr'>προφήτην</span> <span class='ocrx_word' id='word_1_518' title='bbox 2558 3159 2702 3229; x_wconf 80' lang='grc' dir='ltr'><strong>ὑμῖν</strong></span> <span class='ocrx_word' id='word_1_519' title='bbox 2756 3159 3230 3226; x_wconf 77' lang='grc' dir='ltr'>ἀναστήσεσθαι.</span> <span class='ocrx_word' id='word_1_520' title='bbox 3299 3159 3485 3215; x_wconf 88' lang='grc' dir='ltr'>Ταῦτα</span> <span class='ocrx_word' id='word_1_521' title='bbox 3550 3161 3644 3214; x_wconf 73' lang='grc' dir='ltr'>καὶ</span> <span class='ocrx_word' id='word_1_522' title='bbox 3697 3165 3770 3214; x_wconf 78' lang='grc' dir='ltr'>τὰ</span> 
     </span>
    </p>
   </div>
   <div class='ocr_carea' id='block_1_77' title="bbox 2181 3250 3770 3324">
    <p class='ocr_par' dir='ltr' id='par_1_77' title="bbox 2181 3250 3770 3324">
     <span class='ocr_line' id='line_1_77' title="bbox 2181 3250 3770 3324; baseline 0.004 -22"><span class='ocrx_word' id='word_1_523' title='bbox 2181 3250 2408 3304; x_wconf 80' lang='grc' dir='ltr'>τοιαῦτα</span> <span class='ocrx_word' id='word_1_524' title='bbox 2439 3250 2576 3324; x_wconf 80' lang='grc' dir='ltr'>πρὸς</span> <span class='ocrx_word' id='word_1_525' title='bbox 2611 3251 2704 3304; x_wconf 75' lang='grc' dir='ltr'>τὸν</span> <span class='ocrx_word' id='word_1_526' title='bbox 2757 3250 2884 3306; x_wconf 80' lang='grc' dir='ltr'>λαὸν</span> <span class='ocrx_word' id='word_1_527' title='bbox 2945 3251 3189 3320; x_wconf 81' lang='grc' dir='ltr'>διελθὼν,</span> <span class='ocrx_word' id='word_1_528' title='bbox 3253 3253 3516 3324; x_wconf 81' lang='grc' dir='ltr'>ἀπῆλθεν,</span> <span class='ocrx_word' id='word_1_529' title='bbox 3571 3254 3770 3318; x_wconf 81' lang='grc' dir='ltr'>ἄλλους</span> 
     </span>
    </p>
   </div>
   <div class='ocr_carea' id='block_1_78' title="bbox 2179 3341 3771 3419">
    <p class='ocr_par' dir='ltr' id='par_1_78' title="bbox 2179 3341 3771 3419">
     <span class='ocr_line' id='line_1_78' title="bbox 2179 3341 3771 3419; baseline 0.004 -25"><span class='ocrx_word' id='word_1_530' title='bbox 2179 3341 2467 3405; x_wconf 79' lang='grc' dir='ltr'>τοσούτους</span> <span class='ocrx_word' id='word_1_531' title='bbox 2509 3345 2621 3406; x_wconf 86' lang='grc' dir='ltr'>τοῖς</span> <span class='ocrx_word' id='word_1_532' title='bbox 2678 3343 3001 3415; x_wconf 84' lang='grc' dir='ltr'>τρισχιλίοις</span> <span class='ocrx_word' id='word_1_533' title='bbox 3051 3343 3324 3416; x_wconf 83' lang='grc' dir='ltr'>προσθείς.</span> <span class='ocrx_word' id='word_1_534' title='bbox 3377 3346 3626 3410; x_wconf 85' lang='grc' dir='ltr'>Τοιοῦτος</span> <span class='ocrx_word' id='word_1_535' title='bbox 3663 3348 3771 3419; x_wconf 82' lang='grc' dir='ltr'>μὲν</span> 
     </span>
    </p>
   </div>
   <div class='ocr_carea' id='block_1_79' title="bbox 2179 3425 3829 3508">
    <p class='ocr_par' dir='ltr' id='par_1_79' title="bbox 2179 3425 3829 3508">
     <span class='ocr_line' id='line_1_79' title="bbox 2179 3425 3829 3508; baseline 0.005 -26"><span class='ocrx_word' id='word_1_536' title='bbox 2179 3425 2272 3483; x_wconf 75' lang='grc' dir='ltr'><strong>οὖν</strong></span> <span class='ocrx_word' id='word_1_537' title='bbox 2309 3432 2366 3482; x_wconf 84' lang='grc' dir='ltr'>ὲν</span> <span class='ocrx_word' id='word_1_538' title='bbox 2392 3430 2471 3500; x_wconf 81' lang='grc' dir='ltr'>τῷ</span> <span class='ocrx_word' id='word_1_539' title='bbox 2496 3430 2734 3504; x_wconf 74' lang='grc' dir='ltr'>δημοσίᾳ</span> <span class='ocrx_word' id='word_1_540' title='bbox 2771 3433 2952 3487; x_wconf 82' lang='grc' dir='ltr'>λαλεῖν</span> <span class='ocrx_word' id='word_1_541' title='bbox 3001 3431 3350 3506; x_wconf 78' lang='grc' dir='ltr'>θαρρούντως</span> <span class='ocrx_word' id='word_1_542' title='bbox 3380 3435 3520 3508; x_wconf 81' lang='grc' dir='ltr'>ὑπὲρ</span> <span class='ocrx_word' id='word_1_543' title='bbox 3547 3437 3645 3506; x_wconf 82' lang='grc' dir='ltr'>τῆς</span> <span class='ocrx_word' id='word_1_544' title='bbox 3667 3437 3768 3490; x_wconf 82' lang='grc' dir='ltr'><strong>τοῦ</strong></span> <span class='ocrx_word' id='word_1_545' title='bbox 3823 3501 3829 3506; x_wconf 87' lang='lat'>_</span> 
     </span>
    </p>
   </div>
   <div class='ocr_carea' id='block_1_80' title="bbox 2183 3521 3765 3600">
    <p class='ocr_par' dir='ltr' id='par_1_80' title="bbox 2183 3521 3765 3600">
     <span class='ocr_line' id='line_1_80' title="bbox 2183 3521 3765 3600; baseline 0.006 -27"><span class='ocrx_word' id='word_1_546' title='bbox 2183 3521 2512 3591; x_wconf 81' lang='grc' dir='ltr'>Εύαγγελίου</span> <span class='ocrx_word' id='word_1_547' title='bbox 2555 3524 2942 3594; x_wconf 86' lang='grc' dir='ltr'>μυσταγωγίας</span> <span class='ocrx_word' id='word_1_548' title='bbox 2990 3525 3287 3597; x_wconf 84' lang='grc' dir='ltr'>πρόθυμος,</span> <span class='ocrx_word' id='word_1_549' title='bbox 3317 3527 3765 3600; x_wconf 78' lang='grc' dir='ltr'>ἀκατάπληκτος,</span> 
     </span>
    </p>
   </div>
   <div class='ocr_carea' id='block_1_81' title="bbox 2183 3613 3768 3686">
    <p class='ocr_par' dir='ltr' id='par_1_81' title="bbox 2183 3613 3768 3686">
     <span class='ocr_line' id='line_1_81' title="bbox 2183 3613 3768 3686; baseline 0.009 -23"><span class='ocrx_word' id='word_1_550' title='bbox 2183 3614 2420 3678; x_wconf 75' lang='grc' dir='ltr'>συνετὸς,</span> <span class='ocrx_word' id='word_1_551' title='bbox 2446 3613 2646 3686; x_wconf 81' lang='grc' dir='ltr'>θάρσος</span> <span class='ocrx_word' id='word_1_552' title='bbox 2674 3615 2784 3668; x_wconf 88' lang='grc' dir='ltr'><strong>τῶν</strong></span> <span class='ocrx_word' id='word_1_553' title='bbox 2833 3615 3000 3678; x_wconf 79' lang='grc' dir='ltr'>ἰδίων.</span> <span class='ocrx_word' id='word_1_554' title='bbox 3025 3617 3117 3670; x_wconf 79' lang='grc' dir='ltr'>καὶ</span> <span class='ocrx_word' id='word_1_555' title='bbox 3149 3617 3256 3670; x_wconf 83' lang='grc' dir='ltr'><strong>τῶν</strong></span> <span class='ocrx_word' id='word_1_556' title='bbox 3282 3619 3539 3673; x_wconf 82' lang='grc' dir='ltr'>ἐναντίων</span> <span class='ocrx_word' id='word_1_557' title='bbox 3563 3619 3768 3679; x_wconf 84' lang='grc' dir='ltr'>δειλία.</span> 
     </span>
    </p>
   </div>
   <div class='ocr_carea' id='block_1_82' title="bbox 2261 3703 3769 3787">
    <p class='ocr_par' dir='ltr' id='par_1_82' title="bbox 2261 3703 3769 3787">
     <span class='ocr_line' id='line_1_82' title="bbox 2261 3703 3769 3787; baseline 0.006 -29"><span class='ocrx_word' id='word_1_558' title='bbox 2261 3705 2478 3776; x_wconf 76' lang='grc' dir='ltr'>Ἐπειδὴ</span> <span class='ocrx_word' id='word_1_559' title='bbox 2501 3705 2591 3768; x_wconf 86' lang='grc' dir='ltr'>δὲ,</span> <span class='ocrx_word' id='word_1_560' title='bbox 2615 3707 2674 3758; x_wconf 81' lang='grc' dir='ltr'><strong>ού</strong></span> <span class='ocrx_word' id='word_1_561' title='bbox 2705 3707 2861 3760; x_wconf 83' lang='grc' dir='ltr'>τοῦτο</span> <span class='ocrx_word' id='word_1_562' title='bbox 2890 3707 3051 3778; x_wconf 87' lang='grc' dir='ltr'>μόνον</span> <span class='ocrx_word' id='word_1_563' title='bbox 3083 3703 3152 3779; x_wconf 76' lang='grc' dir='ltr'>ἦν</span> <span class='ocrx_word' id='word_1_564' title='bbox 3187 3710 3652 3780; x_wconf 86' lang='grc' dir='ltr'>περισπούδαστον</span> <span class='ocrx_word' id='word_1_565' title='bbox 3679 3713 3769 3787; x_wconf 82' lang='grc' dir='ltr'><strong>τῷ</strong></span> 
     </span>
    </p>
   </div>
   <div class='ocr_carea' id='block_1_83' title="bbox 2179 3797 3769 3874">
    <p class='ocr_par' dir='ltr' id='par_1_83' title="bbox 2179 3797 3769 3874">
     <span class='ocr_line' id='line_1_83' title="bbox 2179 3797 3769 3874; baseline 0.007 -24"><span class='ocrx_word' id='word_1_566' title='bbox 2179 3797 2445 3868; x_wconf 82' lang='grc' dir='ltr'>καλλίστῳ</span> <span class='ocrx_word' id='word_1_567' title='bbox 2473 3797 2776 3870; x_wconf 83' lang='grc' dir='ltr'>διδασκάλῳ</span> <span class='ocrx_word' id='word_1_568' title='bbox 2797 3799 2898 3870; x_wconf 82' lang='grc' dir='ltr'>τῆς</span> <span class='ocrx_word' id='word_1_569' title='bbox 2921 3800 3220 3867; x_wconf 74' lang='grc' dir='ltr'>εὐσεϐείας,</span> <span class='ocrx_word' id='word_1_570' title='bbox 3248 3803 3308 3855; x_wconf 87' lang='grc' dir='ltr'>τὸ</span> <span class='ocrx_word' id='word_1_571' title='bbox 3335 3803 3769 3874; x_wconf 80' lang='grc' dir='ltr'>πολυάνθρωπον</span> 
     </span>
    </p>
   </div>
   <div class='ocr_carea' id='block_1_84' title="bbox 2173 3887 3768 3966">
    <p class='ocr_par' dir='ltr' id='par_1_84' title="bbox 2173 3887 3768 3966">
     <span class='ocr_line' id='line_1_84' title="bbox 2173 3887 3768 3966; baseline 0.008 -27"><span class='ocrx_word' id='word_1_572' title='bbox 2173 3887 2266 3939; x_wconf 75' lang='grc' dir='ltr'><strong>τὸν</strong></span> <span class='ocrx_word' id='word_1_573' title='bbox 2297 3887 2390 3942; x_wconf 87' lang='grc' dir='ltr'><strong>τοῦ</strong></span> <span class='ocrx_word' id='word_1_574' title='bbox 2421 3887 2558 3942; x_wconf 83' lang='grc' dir='ltr'>Θεοῦ</span> <span class='ocrx_word' id='word_1_575' title='bbox 2589 3889 2716 3942; x_wconf 77' lang='grc' dir='ltr'>λαὸν</span> <span class='ocrx_word' id='word_1_576' title='bbox 2754 3891 3186 3963; x_wconf 73' lang='grc' dir='ltr'>ἀπεργάζεσθαι,</span> <span class='ocrx_word' id='word_1_577' title='bbox 3217 3892 3352 3946; x_wconf 75' lang='grc' dir='ltr'>ἀλλὰ</span> <span class='ocrx_word' id='word_1_578' title='bbox 3381 3893 3560 3966; x_wconf 84' lang='grc' dir='ltr'>πολλῷ</span> <span class='ocrx_word' id='word_1_579' title='bbox 3596 3896 3768 3952; x_wconf 83' lang='grc' dir='ltr'>πλέον</span> 
     </span>
    </p>
   </div>
   <div class='ocr_carea' id='block_1_85' title="bbox 2175 3977 3766 4058">
    <p class='ocr_par' dir='ltr' id='par_1_85' title="bbox 2175 3977 3766 4058">
     <span class='ocr_line' id='line_1_85' title="bbox 2175 3977 3766 4058; baseline 0.007 -28"><span class='ocrx_word' id='word_1_580' title='bbox 2175 3979 2235 4030; x_wconf 67' lang='grc' dir='ltr'>τὸ</span> <span class='ocrx_word' id='word_1_581' title='bbox 2263 3977 2362 4050; x_wconf 80' lang='grc' dir='ltr'><strong>ζῇν</strong></span> <span class='ocrx_word' id='word_1_582' title='bbox 2385 3978 2627 4052; x_wconf 80' lang='grc' dir='ltr'>ἀκριῦῶς</span> <span class='ocrx_word' id='word_1_583' title='bbox 2663 3983 2788 4045; x_wconf 78' lang='grc' dir='ltr'>τοὺς</span> <span class='ocrx_word' id='word_1_584' title='bbox 2813 3982 3063 4052; x_wconf 83' lang='grc' dir='ltr'>μαθητὰς</span> <span class='ocrx_word' id='word_1_585' title='bbox 3093 3985 3150 4037; x_wconf 83' lang='grc' dir='ltr'>ἐν</span> <span class='ocrx_word' id='word_1_586' title='bbox 3176 3986 3288 4048; x_wconf 89' lang='grc' dir='ltr'>τοῖς</span> <span class='ocrx_word' id='word_1_587' title='bbox 3309 3983 3506 4038; x_wconf 87' lang='grc' dir='ltr'>δοθεῖσι</span> <span class='ocrx_word' id='word_1_588' title='bbox 3537 3985 3766 4058; x_wconf 76' lang='grc' dir='ltr'>νόμοιςο</span> 
     </span>
    </p>
   </div>
   <div class='ocr_carea' id='block_1_86' title="bbox 2173 4065 3768 4151">
    <p class='ocr_par' dir='ltr' id='par_1_86' title="bbox 2173 4065 3768 4151">
     <span class='ocr_line' id='line_1_86' title="bbox 2173 4065 3768 4151; baseline 0.007 -29"><span class='ocrx_word' id='word_1_589' title='bbox 2173 4065 2313 4124; x_wconf 76' lang='grc' dir='ltr'>εἶδεν</span> <span class='ocrx_word' id='word_1_590' title='bbox 2342 4071 2399 4124; x_wconf 84' lang='grc' dir='ltr'>δὲ</span> <span class='ocrx_word' id='word_1_591' title='bbox 2427 4072 2516 4125; x_wconf 76' lang='grc' dir='ltr'><strong>τὸν</strong></span> <span class='ocrx_word' id='word_1_592' title='bbox 2559 4072 2808 4128; x_wconf 77' lang='grc' dir='ltr'>Ἀνανίαν</span> <span class='ocrx_word' id='word_1_593' title='bbox 2836 4075 3064 4139; x_wconf 80' lang='grc' dir='ltr'>ἐκεῖνον,</span> <span class='ocrx_word' id='word_1_594' title='bbox 3094 4076 3187 4128; x_wconf 79' lang='grc' dir='ltr'>τὸν</span> <span class='ocrx_word' id='word_1_595' title='bbox 3213 4075 3320 4129; x_wconf 88' lang='grc' dir='ltr'><strong>τῶν</strong></span> <span class='ocrx_word' id='word_1_596' title='bbox 3357 4076 3500 4130; x_wconf 78' lang='grc' dir='ltr'>ἰδίων</span> <span class='ocrx_word' id='word_1_597' title='bbox 3526 4080 3768 4151; x_wconf 85' lang='grc' dir='ltr'>καρπῶν</span> 
     </span>
    </p>
   </div>
   <div class='ocr_carea' id='block_1_87' title="bbox 2174 4162 3766 4244">
    <p class='ocr_par' dir='ltr' id='par_1_87' title="bbox 2174 4162 3766 4244">
     <span class='ocr_line' id='line_1_87' title="bbox 2174 4162 3766 4244; baseline 0.006 -28"><span class='ocrx_word' id='word_1_598' title='bbox 2174 4162 2412 4235; x_wconf 85' lang='grc' dir='ltr'>κλέπτην</span> <span class='ocrx_word' id='word_1_599' title='bbox 2452 4165 2546 4218; x_wconf 72' lang='grc' dir='ltr'>καὶ</span> <span class='ocrx_word' id='word_1_600' title='bbox 2579 4165 2881 4236; x_wconf 74' lang='grc' dir='ltr'>παράδοξον</span> <span class='ocrx_word' id='word_1_601' title='bbox 2923 4167 3236 4238; x_wconf 79' lang='grc' dir='ltr'>ἱερόσυλον,</span> <span class='ocrx_word' id='word_1_602' title='bbox 3275 4168 3534 4240; x_wconf 88' lang='grc' dir='ltr'>μέλλοντα</span> <span class='ocrx_word' id='word_1_603' title='bbox 3578 4173 3766 4244; x_wconf 72' lang='grc' dir='ltr'>κακὴν</span> 
     </span>
    </p>
   </div>
   <div class='ocr_carea' id='block_1_88' title="bbox 2173 4254 3766 4334">
    <p class='ocr_par' dir='ltr' id='par_1_88' title="bbox 2173 4254 3766 4334">
     <span class='ocr_line' id='line_1_88' title="bbox 2173 4254 3766 4334; baseline 0.008 -28"><span class='ocrx_word' id='word_1_604' title='bbox 2173 4254 2422 4324; x_wconf 78' lang='grc' dir='ltr'>ἐμποιεῖν</span> <span class='ocrx_word' id='word_1_605' title='bbox 2451 4259 2563 4320; x_wconf 87' lang='grc' dir='ltr'>τοῖς</span> <span class='ocrx_word' id='word_1_606' title='bbox 2592 4257 2940 4328; x_wconf 84' lang='grc' dir='ltr'>Χριστιανοίς</span> <span class='ocrx_word' id='word_1_607' title='bbox 2980 4259 3269 4330; x_wconf 75' lang='grc' dir='ltr'>συνήθειαν</span> <span class='ocrx_word' id='word_1_608' title='bbox 3296 4261 3590 4334; x_wconf 81' lang='grc' dir='ltr'>ἁμαρτίας,</span> <span class='ocrx_word' id='word_1_609' title='bbox 3621 4264 3766 4318; x_wconf 88' lang='grc' dir='ltr'>ἀπο-</span> 
     </span>
    </p>
   </div>
   <div class='ocr_carea' id='block_1_89' title="bbox 493 4342 2079 4426">
    <p class='ocr_par' dir='ltr' id='par_1_89' title="bbox 493 4342 2069 4410">
     <span class='ocr_line' id='line_1_89' title="bbox 493 4342 2069 4410; baseline -0.004 -5"><span class='ocrx_word' id='word_1_610' title='bbox 493 4365 624 4408; x_wconf 81' lang='lat' dir='ltr'><strong>vere</strong></span> <span class='ocrx_word' id='word_1_611' title='bbox 646 4365 768 4405; x_wconf 90' lang='lat' dir='ltr'><strong>eum</strong></span> <span class='ocrx_word' id='word_1_612' title='bbox 796 4347 864 4402; x_wconf 87' lang='lat' dir='ltr'><strong>ab</strong></span> <span class='ocrx_word' id='word_1_613' title='bbox 905 4345 1140 4401; x_wconf 78' lang='lat' dir='ltr'><strong>Ecclesia</strong></span> <span class='ocrx_word' id='word_1_614' title='bbox 1179 4342 1478 4410; x_wconf 82' lang='lat' dir='ltr'><strong>excidit&quot;;</strong></span> <span class='ocrx_word' id='word_1_615' title='bbox 1514 4357 1619 4397; x_wconf 91' lang='lat' dir='ltr'><strong>non</strong></span> <span class='ocrx_word' id='word_1_616' title='bbox 1654 4342 1796 4396; x_wconf 86' lang='lat' dir='ltr'><strong>velut</strong></span> <span class='ocrx_word' id='word_1_617' title='bbox 1837 4344 2069 4399; x_wconf 82' lang='lat' dir='ltr'><strong>crudelis</strong></span> 
     </span>
    </p>
   </div>
   <div class='ocr_carea' id='block_1_90' title="bbox 2179 4342 3764 4426">
    <p class='ocr_par' dir='ltr' id='par_1_90' title="bbox 2179 4345 3764 4426">
     <span class='ocr_line' id='line_1_90' title="bbox 2179 4345 3764 4426; baseline 0.007 -28"><span class='ocrx_word' id='word_1_618' title='bbox 2179 4345 2353 4416; x_wconf 81' lang='grc' dir='ltr'>τὸμως</span> <span class='ocrx_word' id='word_1_619' title='bbox 2379 4347 2542 4400; x_wconf 73' lang='grc' dir='ltr'>αὐτὸν</span> <span class='ocrx_word' id='word_1_620' title='bbox 2569 4351 2668 4419; x_wconf 82' lang='grc' dir='ltr'>τῆς</span> <span class='ocrx_word' id='word_1_621' title='bbox 2706 4349 3032 4422; x_wconf 83' lang='grc' dir='ltr'>Ἐκκλησίας</span> <span class='ocrx_word' id='word_1_622' title='bbox 3057 4349 3314 4422; x_wconf 73' lang='grc' dir='ltr'>ἐξέκοψεν</span> <span class='ocrx_word' id='word_1_623' title='bbox 3334 4369 3348 4381; x_wconf 83' lang='grc'><em>’</em></span> <span class='ocrx_word' id='word_1_624' title='bbox 3378 4353 3479 4407; x_wconf 79' lang='grc' dir='ltr'><strong>οὐκ</strong></span> <span class='ocrx_word' id='word_1_625' title='bbox 3499 4354 3651 4426; x_wconf 82' lang='grc' dir='ltr'>ὠμὸς</span> <span class='ocrx_word' id='word_1_626' title='bbox 3678 4355 3764 4410; x_wconf 83' lang='grc' dir='ltr'><strong>ῶν</strong></span> 
     </span>
    </p>
   </div>
   <div class='ocr_carea' id='block_1_91' title="bbox 493 4435 2079 4520">
    <p class='ocr_par' dir='ltr' id='par_1_91' title="bbox 493 4435 2063 4506">
     <span class='ocr_line' id='line_1_91' title="bbox 493 4435 2063 4506; baseline -0.004 -10"><span class='ocrx_word' id='word_1_627' title='bbox 493 4444 674 4498; x_wconf 83' lang='lat' dir='ltr'><strong>animo</strong></span> <span class='ocrx_word' id='word_1_628' title='bbox 701 4455 766 4496; x_wconf 84' lang='lat' dir='ltr'><strong>ac</strong></span> <span class='ocrx_word' id='word_1_629' title='bbox 803 4438 1108 4503; x_wconf 83' lang='lat' dir='ltr'><strong>homicida;</strong></span> <span class='ocrx_word' id='word_1_630' title='bbox 1136 4437 1229 4492; x_wconf 84' lang='lat' dir='ltr'><strong>sed</strong></span> <span class='ocrx_word' id='word_1_631' title='bbox 1253 4444 1496 4506; x_wconf 87' lang='lat' dir='ltr'><strong>spectato</strong></span> <span class='ocrx_word' id='word_1_632' title='bbox 1543 4435 1682 4504; x_wconf 88' lang='lat' dir='ltr'><strong>quod</strong></span> <span class='ocrx_word' id='word_1_633' title='bbox 1716 4437 2063 4502; x_wconf 89' lang='lat' dir='ltr'><strong>conduceret,</strong></span> 
     </span>
    </p>
   </div>
   <div class='ocr_carea' id='block_1_92' title="bbox 2179 4435 3763 4520">
    <p class='ocr_par' dir='ltr' id='par_1_92' title="bbox 2179 4438 3763 4520">
     <span class='ocr_line' id='line_1_92' title="bbox 2179 4438 3763 4520; baseline 0.008 -30"><span class='ocrx_word' id='word_1_634' title='bbox 2179 4438 2266 4490; x_wconf 77' lang='grc' dir='ltr'>καὶ</span> <span class='ocrx_word' id='word_1_635' title='bbox 2296 4440 2512 4508; x_wconf 81' lang='grc' dir='ltr'>φονικὸς</span> <span class='ocrx_word' id='word_1_636' title='bbox 2532 4441 2631 4512; x_wconf 79' lang='grc' dir='ltr'>τὴν</span> <span class='ocrx_word' id='word_1_637' title='bbox 2649 4439 2894 4513; x_wconf 84' lang='grc' dir='ltr'>γνώμην,</span> <span class='ocrx_word' id='word_1_638' title='bbox 2919 4442 3054 4497; x_wconf 90' lang='grc' dir='ltr'><strong>ἀλλά</strong></span> <span class='ocrx_word' id='word_1_639' title='bbox 3078 4445 3220 4499; x_wconf 88' lang='grc' dir='ltr'><strong>κατά</strong></span> <span class='ocrx_word' id='word_1_640' title='bbox 3239 4446 3440 4500; x_wconf 80' lang='grc' dir='ltr'>σκοπὸν</span> <span class='ocrx_word' id='word_1_641' title='bbox 3461 4446 3763 4520; x_wconf 80' lang='grc' dir='ltr'>ὠφελείας,</span> 
     </span>
    </p>
   </div>
   <div class='ocr_carea' id='block_1_93' title="bbox 491 4525 2079 4610">
    <p class='ocr_par' dir='ltr' id='par_1_93' title="bbox 491 4525 2062 4602">
     <span class='ocr_line' id='line_1_93' title="bbox 491 4525 2062 4602; baseline -0.006 -13"><span class='ocrx_word' id='word_1_642' title='bbox 491 4528 822 4602; x_wconf 74' lang='lat' dir='ltr'><strong>eiuscemodi</strong></span> <span class='ocrx_word' id='word_1_643' title='bbox 863 4537 1141 4600; x_wconf 88' lang='lat' dir='ltr'><strong>peccatum</strong></span> <span class='ocrx_word' id='word_1_644' title='bbox 1187 4541 1388 4582; x_wconf 87' lang='lat' dir='ltr'><strong>curans</strong></span> <span class='ocrx_word' id='word_1_645' title='bbox 1429 4525 1715 4579; x_wconf 87' lang='lat' dir='ltr'><strong>medicina.</strong></span> <span class='ocrx_word' id='word_1_646' title='bbox 1749 4525 1882 4580; x_wconf 86' lang='lat' dir='ltr'><strong>Cum</strong></span> <span class='ocrx_word' id='word_1_647' title='bbox 1923 4528 2062 4580; x_wconf 85' lang='lat' dir='ltr'><strong>enim</strong></span> 
     </span>
    </p>
   </div>
   <div class='ocr_carea' id='block_1_94' title="bbox 2179 4525 3766 4610">
    <p class='ocr_par' dir='ltr' id='par_1_94' title="bbox 2179 4527 3766 4610">
     <span class='ocr_line' id='line_1_94' title="bbox 2179 4527 3766 4610; baseline 0.007 -27"><span class='ocrx_word' id='word_1_648' title='bbox 2179 4527 2340 4594; x_wconf 72' lang='grc' dir='ltr'>οὕτως</span> <span class='ocrx_word' id='word_1_649' title='bbox 2359 4530 2650 4602; x_wconf 74' lang='grc' dir='ltr'>ίατρεύσας</span> <span class='ocrx_word' id='word_1_650' title='bbox 2663 4531 2762 4604; x_wconf 80' lang='grc' dir='ltr'>τὴν</span> <span class='ocrx_word' id='word_1_651' title='bbox 2779 4533 3076 4606; x_wconf 83' lang='grc' dir='ltr'>ἁμαρτίαν.</span> <span class='ocrx_word' id='word_1_652' title='bbox 3115 4535 3336 4606; x_wconf 81' lang='grc' dir='ltr'>Ἐπειδὴ</span> <span class='ocrx_word' id='word_1_653' title='bbox 3363 4535 3472 4608; x_wconf 83' lang='grc' dir='ltr'>γὰρ</span> <span class='ocrx_word' id='word_1_654' title='bbox 3491 4553 3766 4610; x_wconf 77' lang='grc' dir='ltr'>νεοπροσο</span> 
     </span>
    </p>
   </div>
   <div class='ocr_carea' id='block_1_95' title="bbox 493 4617 2066 4694">
    <p class='ocr_par' dir='ltr' id='par_1_95' title="bbox 493 4617 2066 4694">
     <span class='ocr_line' id='line_1_95' title="bbox 493 4617 2066 4694; baseline -0.002 -17"><span class='ocrx_word' id='word_1_655' title='bbox 493 4623 721 4694; x_wconf 76' lang='lat' dir='ltr'><strong>populus</strong></span> <span class='ocrx_word' id='word_1_656' title='bbox 755 4635 946 4677; x_wconf 84' lang='lat' dir='ltr'><strong>recens</strong></span> <span class='ocrx_word' id='word_1_657' title='bbox 974 4633 1269 4675; x_wconf 86' lang='lat' dir='ltr'><strong>conversus</strong></span> <span class='ocrx_word' id='word_1_658' title='bbox 1304 4627 1469 4690; x_wconf 86' lang='lat' dir='ltr'><strong>atque</strong></span> <span class='ocrx_word' id='word_1_659' title='bbox 1507 4617 1769 4673; x_wconf 83' lang='lat' dir='ltr'><strong>conﬂatus</strong></span> <span class='ocrx_word' id='word_1_660' title='bbox 1793 4659 1809 4686; x_wconf 93' lang='lat'><strong>,</strong></span> <span class='ocrx_word' id='word_1_661' title='bbox 1834 4635 1862 4672; x_wconf 91' lang='lat' dir='ltr'><strong>a</strong></span> <span class='ocrx_word' id='word_1_662' title='bbox 1891 4621 2066 4689; x_wconf 84' lang='lat' dir='ltr'><strong>genti--</strong></span> 
     </span>
    </p>
   </div>
   <div class='ocr_carea' id='block_1_96' title="bbox 493 4709 2068 4782">
    <p class='ocr_par' dir='ltr' id='par_1_96' title="bbox 493 4709 2068 4782">
     <span class='ocr_line' id='line_1_96' title="bbox 493 4709 2068 4782; baseline -0.003 -12"><span class='ocrx_word' id='word_1_663' title='bbox 493 4719 609 4772; x_wconf 81' lang='lat' dir='ltr'><strong>litio</strong></span> <span class='ocrx_word' id='word_1_664' title='bbox 634 4730 698 4770; x_wconf 90' lang='lat' dir='ltr'><strong>ac</strong></span> <span class='ocrx_word' id='word_1_665' title='bbox 723 4713 949 4768; x_wconf 83' lang='lat' dir='ltr'><strong>Judaico</strong></span> <span class='ocrx_word' id='word_1_666' title='bbox 977 4713 1149 4766; x_wconf 68' lang='lat' dir='ltr'><strong>victus</strong></span> <span class='ocrx_word' id='word_1_667' title='bbox 1183 4725 1504 4780; x_wconf 85' lang='lat' dir='ltr'><strong>morumque</strong></span> <span class='ocrx_word' id='word_1_668' title='bbox 1523 4709 1770 4776; x_wconf 81' lang='lat' dir='ltr'><strong>neglectu</strong></span> <span class='ocrx_word' id='word_1_669' title='bbox 1795 4750 1811 4778; x_wconf 91' lang='lat'><strong>,</strong></span> <span class='ocrx_word' id='word_1_670' title='bbox 1838 4725 2068 4782; x_wconf 80' lang='lat' dir='ltr'><strong>cvange-</strong></span> 
     </span>
    </p>
   </div>
   <div class='ocr_carea' id='block_1_97' title="bbox 386 4797 2066 4878">
    <p class='ocr_par' dir='ltr' id='par_1_97' title="bbox 386 4797 2066 4878">
     <span class='ocr_line' id='line_1_97' title="bbox 386 4797 2066 4878; baseline -0.004 -13"><span class='ocrx_word' id='word_1_671' title='bbox 386 4797 408 4806; x_wconf 67' lang='grc'><em>’</em></span> <span class='ocrx_word' id='word_1_672' title='bbox 487 4807 985 4878; x_wconf 76' lang='lat' dir='ltr'><strong>l.casuuperlrges</strong></span> <span class='ocrx_word' id='word_1_673' title='bbox 1011 4804 1332 4876; x_wconf 84' lang='lat' dir='ltr'><strong>accepisset,</strong></span> <span class='ocrx_word' id='word_1_674' title='bbox 1375 4803 1570 4860; x_wconf 89' lang='lat' dir='ltr'><strong>merito</strong></span> <span class='ocrx_word' id='word_1_675' title='bbox 1607 4802 1765 4873; x_wconf 88' lang='lat' dir='ltr'><strong>plane</strong></span> <span class='ocrx_word' id='word_1_676' title='bbox 1786 4803 2066 4859; x_wconf 79' lang='lat' dir='ltr'><strong>existima—</strong></span> 
     </span>
    </p>
   </div>
   <div class='ocr_carea' id='block_1_98' title="bbox 489 4892 2066 4968">
    <p class='ocr_par' dir='ltr' id='par_1_98' title="bbox 489 4892 2066 4968">
     <span class='ocr_line' id='line_1_98' title="bbox 489 4892 2066 4968; baseline -0.005 -12"><span class='ocrx_word' id='word_1_677' title='bbox 489 4904 600 4968; x_wconf 81' lang='lat' dir='ltr'><strong>vit,</strong></span> <span class='ocrx_word' id='word_1_678' title='bbox 647 4900 844 4956; x_wconf 83' lang='lat' dir='ltr'><strong>nedum</strong></span> <span class='ocrx_word' id='word_1_679' title='bbox 887 4897 1172 4952; x_wconf 86' lang='lat' dir='ltr'><strong>verborum</strong></span> <span class='ocrx_word' id='word_1_680' title='bbox 1209 4895 1607 4964; x_wconf 87' lang='lat' dir='ltr'><strong>correptionem</strong></span> <span class='ocrx_word' id='word_1_681' title='bbox 1662 4892 1938 4964; x_wconf 87' lang='lat' dir='ltr'><strong>discipulis</strong></span> <span class='ocrx_word' id='word_1_682' title='bbox 1971 4909 2066 4949; x_wconf 85' lang='lat' dir='ltr'><strong>ne-</strong></span> 
     </span>
    </p>
   </div>
   <div class='ocr_carea' id='block_1_99' title="bbox 487 4986 2067 5057">
    <p class='ocr_par' dir='ltr' id='par_1_99' title="bbox 487 4986 2067 5057">
     <span class='ocr_line' id='line_1_99' title="bbox 487 4986 2067 5057; baseline -0.006 -7"><span class='ocrx_word' id='word_1_683' title='bbox 487 4994 784 5050; x_wconf 87' lang='lat' dir='ltr'><strong>cessariam</strong></span> <span class='ocrx_word' id='word_1_684' title='bbox 819 5005 970 5054; x_wconf 87' lang='lat' dir='ltr'><strong>esse,</strong></span> <span class='ocrx_word' id='word_1_685' title='bbox 1006 5003 1193 5042; x_wconf 82' lang='lat' dir='ltr'><strong>verum</strong></span> <span class='ocrx_word' id='word_1_686' title='bbox 1225 4987 1390 5042; x_wconf 87' lang='lat' dir='ltr'><strong>etiam</strong></span> <span class='ocrx_word' id='word_1_687' title='bbox 1441 4987 1681 5042; x_wconf 91' lang='lat' dir='ltr'><strong>secundo</strong></span> <span class='ocrx_word' id='word_1_688' title='bbox 1711 4999 1856 5042; x_wconf 89' lang='lat' dir='ltr'><strong>metu</strong></span> <span class='ocrx_word' id='word_1_689' title='bbox 1884 4986 2067 5057; x_wconf 85' lang='lat' dir='ltr'><strong>aliquo</strong></span> 
     </span>
    </p>
   </div>
   <div class='ocr_carea' id='block_1_100' title="bbox 490 5081 2062 5158">
    <p class='ocr_par' dir='ltr' id='par_1_100' title="bbox 490 5081 2062 5158">
     <span class='ocr_line' id='line_1_100' title="bbox 490 5081 2062 5158; baseline -0.007 -16"><span class='ocrx_word' id='word_1_690' title='bbox 490 5089 753 5158; x_wconf 77' lang='lat' dir='ltr'><strong>indigere.</strong></span> <span class='ocrx_word' id='word_1_691' title='bbox 777 5083 872 5141; x_wconf 87' lang='lat' dir='ltr'><strong>Sic</strong></span> <span class='ocrx_word' id='word_1_692' title='bbox 899 5083 1043 5138; x_wconf 91' lang='lat' dir='ltr'><strong>enim</strong></span> <span class='ocrx_word' id='word_1_693' title='bbox 1067 5081 1306 5137; x_wconf 90' lang='lat' dir='ltr'><strong>moribus</strong></span> <span class='ocrx_word' id='word_1_694' title='bbox 1347 5089 1718 5150; x_wconf 86' lang='lat' dir='ltr'><strong>comparatum</strong></span> <span class='ocrx_word' id='word_1_695' title='bbox 1747 5087 1852 5146; x_wconf 85' lang='lat' dir='ltr'><strong>est,</strong></span> <span class='ocrx_word' id='word_1_696' title='bbox 1881 5087 1940 5132; x_wconf 91' lang='lat' dir='ltr'><strong>ut</strong></span> <span class='ocrx_word' id='word_1_697' title='bbox 1958 5093 2062 5147; x_wconf 88' lang='lat' dir='ltr'><strong>qua</strong></span> 
     </span>
    </p>
   </div>
   <div class='ocr_carea' id='block_1_101' title="bbox 453 5170 2062 5251">
    <p class='ocr_par' dir='ltr' id='par_1_101' title="bbox 453 5170 2062 5251">
     <span class='ocr_line' id='line_1_101' title="bbox 453 5170 2062 5251; baseline -0.011 -9"><span class='ocrx_word' id='word_1_698' title='bbox 453 5183 699 5242; x_wconf 67' lang='lat' dir='ltr'><strong>ratione</strong></span> <span class='ocrx_word' id='word_1_699' title='bbox 753 5179 925 5251; x_wconf 86' lang='lat' dir='ltr'><strong>prima</strong></span> <span class='ocrx_word' id='word_1_700' title='bbox 973 5175 1151 5231; x_wconf 87' lang='lat' dir='ltr'><strong>studia</strong></span> <span class='ocrx_word' id='word_1_701' title='bbox 1212 5171 1452 5245; x_wconf 85' lang='lat' dir='ltr'><strong>regulata</strong></span> <span class='ocrx_word' id='word_1_702' title='bbox 1493 5171 1730 5234; x_wconf 90' lang='lat' dir='ltr'><strong>fuerint,</strong></span> <span class='ocrx_word' id='word_1_703' title='bbox 1773 5172 1960 5225; x_wconf 86' lang='lat' dir='ltr'><strong>eadem</strong></span> <span class='ocrx_word' id='word_1_704' title='bbox 1996 5170 2062 5224; x_wconf 91' lang='lat' dir='ltr'><strong>ad</strong></span> 
     </span>
    </p>
   </div>
   <div class='ocr_carea' id='block_1_102' title="bbox 491 5263 2056 5342">
    <p class='ocr_par' dir='ltr' id='par_1_102' title="bbox 491 5263 2056 5342">
     <span class='ocr_line' id='line_1_102' title="bbox 491 5263 2056 5342; baseline -0.006 -17"><span class='ocrx_word' id='word_1_705' title='bbox 491 5276 651 5328; x_wconf 87' lang='lat' dir='ltr'><strong>tinem</strong></span> <span class='ocrx_word' id='word_1_706' title='bbox 691 5285 863 5342; x_wconf 85' lang='lat' dir='ltr'><strong>usque</strong></span> <span class='ocrx_word' id='word_1_707' title='bbox 897 5267 1226 5324; x_wconf 81' lang='lat' dir='ltr'><strong>inolescente</strong></span> <span class='ocrx_word' id='word_1_708' title='bbox 1254 5263 1644 5321; x_wconf 89' lang='lat' dir='ltr'><strong>consuetudine</strong></span> <span class='ocrx_word' id='word_1_709' title='bbox 1671 5270 2056 5332; x_wconf 88' lang='lat' dir='ltr'><strong>perseverent:</strong></span> 
     </span>
    </p>
   </div>
   <div class='ocr_carea' id='block_1_103' title="bbox 485 5347 2060 5430">
    <p class='ocr_par' dir='ltr' id='par_1_103' title="bbox 485 5347 2060 5430">
     <span class='ocr_line' id='line_1_103' title="bbox 485 5347 2060 5430; baseline -0.009 -14"><span class='ocrx_word' id='word_1_710' title='bbox 485 5359 692 5416; x_wconf 90' lang='lat' dir='ltr'><strong>idcirco</strong></span> <span class='ocrx_word' id='word_1_711' title='bbox 712 5358 798 5414; x_wconf 90' lang='lat' dir='ltr'><strong>ubi</strong></span> <span class='ocrx_word' id='word_1_712' title='bbox 825 5367 1100 5430; x_wconf 88' lang='lat' dir='ltr'><strong>peccatum</strong></span> <span class='ocrx_word' id='word_1_713' title='bbox 1137 5353 1350 5426; x_wconf 84' lang='lat' dir='ltr'><strong>arguit,</strong></span> <span class='ocrx_word' id='word_1_714' title='bbox 1387 5361 1614 5408; x_wconf 89' lang='lat' dir='ltr'><strong>mortem</strong></span> <span class='ocrx_word' id='word_1_715' title='bbox 1648 5364 1770 5404; x_wconf 81' lang='lat' dir='ltr'><strong>mox</strong></span> <span class='ocrx_word' id='word_1_716' title='bbox 1799 5347 2060 5419; x_wconf 85' lang='lat' dir='ltr'><strong>supplicio</strong></span> 
     </span>
    </p>
   </div>
   <div class='ocr_carea' id='block_1_104' title="bbox 487 5443 2060 5520">
    <p class='ocr_par' dir='ltr' id='par_1_104' title="bbox 487 5443 2060 5520">
     <span class='ocr_line' id='line_1_104' title="bbox 487 5443 2060 5520; baseline -0.008 -13"><span class='ocrx_word' id='word_1_717' title='bbox 487 5449 736 5516; x_wconf 84' lang='lat' dir='ltr'><strong>induxit;</strong></span> <span class='ocrx_word' id='word_1_718' title='bbox 776 5464 882 5506; x_wconf 90' lang='lat' dir='ltr'><strong>non</strong></span> <span class='ocrx_word' id='word_1_719' title='bbox 925 5465 1056 5506; x_wconf 85' lang='lat' dir='ltr'><strong>usus</strong></span> <span class='ocrx_word' id='word_1_720' title='bbox 1099 5447 1306 5520; x_wconf 87' lang='lat' dir='ltr'><strong>gladio,</strong></span> <span class='ocrx_word' id='word_1_721' title='bbox 1340 5453 1497 5499; x_wconf 89' lang='lat' dir='ltr'><strong>autve</strong></span> <span class='ocrx_word' id='word_1_722' title='bbox 1536 5443 1879 5497; x_wconf 86' lang='lat' dir='ltr'><strong>carnificibus</strong></span> <span class='ocrx_word' id='word_1_723' title='bbox 1910 5456 2060 5495; x_wconf 90' lang='lat' dir='ltr'><strong>reum</strong></span> 
     </span>
    </p>
   </div>
   <div class='ocr_carea' id='block_1_105' title="bbox 485 5533 2060 5604">
    <p class='ocr_par' dir='ltr' id='par_1_105' title="bbox 485 5533 2060 5604">
     <span class='ocr_line' id='line_1_105' title="bbox 485 5533 2060 5604; baseline -0.006 -7"><span class='ocrx_word' id='word_1_724' title='bbox 485 5539 874 5598; x_wconf 85' lang='lat' dir='ltr'><strong>tradens:sed</strong></span> <span class='ocrx_word' id='word_1_725' title='bbox 922 5549 1192 5595; x_wconf 88' lang='lat' dir='ltr'><strong>momento</strong></span> <span class='ocrx_word' id='word_1_726' title='bbox 1247 5539 1336 5593; x_wconf 77' lang='lat' dir='ltr'><strong>illo</strong></span> <span class='ocrx_word' id='word_1_727' title='bbox 1383 5537 1662 5604; x_wconf 87' lang='lat' dir='ltr'><strong>temporis,</strong></span> <span class='ocrx_word' id='word_1_728' title='bbox 1699 5548 1806 5604; x_wconf 83' lang='lat' dir='ltr'><strong>qua</strong></span> <span class='ocrx_word' id='word_1_729' title='bbox 1849 5533 2060 5588; x_wconf 84' lang='lat' dir='ltr'><strong>ratione</strong></span> 
     </span>
    </p>
   </div>
   <div class='ocr_carea' id='block_1_106' title="bbox 2166 4617 3767 4704">
    <p class='ocr_par' dir='ltr' id='par_1_106' title="bbox 2166 4617 3767 4704">
     <span class='ocr_line' id='line_1_106' title="bbox 2166 4617 3767 4704; baseline 0.006 -31"><span class='ocrx_word' id='word_1_730' title='bbox 2166 4621 2358 4692; x_wconf 78' lang='grc' dir='ltr'>ήλυτος</span> <span class='ocrx_word' id='word_1_731' title='bbox 2399 4617 2467 4696; x_wconf 74' lang='grc' dir='ltr'>ἦν</span> <span class='ocrx_word' id='word_1_732' title='bbox 2508 4624 2603 4678; x_wconf 76' lang='grc' dir='ltr'>καὶ</span> <span class='ocrx_word' id='word_1_733' title='bbox 2648 4625 2922 4697; x_wconf 82' lang='grc' dir='ltr'>νεοπαγὴς</span> <span class='ocrx_word' id='word_1_734' title='bbox 2949 4627 2978 4678; x_wconf 87' lang='grc' dir='ltr'>ὁ</span> <span class='ocrx_word' id='word_1_735' title='bbox 3007 4625 3158 4689; x_wconf 84' lang='grc' dir='ltr'>λαὸς,</span> <span class='ocrx_word' id='word_1_736' title='bbox 3194 4627 3258 4679; x_wconf 82' lang='grc' dir='ltr'>ὲκ</span> <span class='ocrx_word' id='word_1_737' title='bbox 3294 4627 3396 4696; x_wconf 81' lang='grc' dir='ltr'>τῆς</span> <span class='ocrx_word' id='word_1_738' title='bbox 3435 4628 3767 4704; x_wconf 83' lang='grc' dir='ltr'>Ἑλληνικῆς</span> 
     </span>
    </p>
   </div>
   <div class='ocr_carea' id='block_1_107' title="bbox 2165 4713 3764 4790">
    <p class='ocr_par' dir='ltr' id='par_1_107' title="bbox 2165 4713 3764 4790">
     <span class='ocr_line' id='line_1_107' title="bbox 2165 4713 3764 4790; baseline 0.006 -24"><span class='ocrx_word' id='word_1_739' title='bbox 2165 4713 2258 4766; x_wconf 70' lang='grc' dir='ltr'><strong>καὶ</strong></span> <span class='ocrx_word' id='word_1_740' title='bbox 2297 4713 2594 4787; x_wconf 82' lang='grc' dir='ltr'>Ἰουδαϊκῆς</span> <span class='ocrx_word' id='word_1_741' title='bbox 2615 4715 2935 4790; x_wconf 81' lang='grc' dir='ltr'>ἀδιαφορίας</span> <span class='ocrx_word' id='word_1_742' title='bbox 2957 4717 3190 4786; x_wconf 81' lang='grc' dir='ltr'>ὑπόγυον</span> <span class='ocrx_word' id='word_1_743' title='bbox 3213 4719 3338 4782; x_wconf 77' lang='grc' dir='ltr'>τοὺς</span> <span class='ocrx_word' id='word_1_744' title='bbox 3362 4720 3764 4788; x_wconf 75' lang='grc' dir='ltr'>εὐαγγελικοὺς</span> 
     </span>
    </p>
   </div>
   <div class='ocr_carea' id='block_1_108' title="bbox 2163 4803 3832 4882">
    <p class='ocr_par' dir='ltr' id='par_1_108' title="bbox 2163 4803 3832 4882">
     <span class='ocr_line' id='line_1_108' title="bbox 2163 4803 3832 4882; baseline 0.005 -24"><span class='ocrx_word' id='word_1_745' title='bbox 2163 4803 2456 4876; x_wconf 82' lang='grc' dir='ltr'>δεξάμενος</span> <span class='ocrx_word' id='word_1_746' title='bbox 2485 4805 2704 4876; x_wconf 86' lang='grc' dir='ltr'>νόμους,</span> <span class='ocrx_word' id='word_1_747' title='bbox 2733 4807 2960 4871; x_wconf 78' lang='grc' dir='ltr'>εἰκότως</span> <span class='ocrx_word' id='word_1_748' title='bbox 2989 4807 3260 4878; x_wconf 77' lang='grc' dir='ltr'>ἐνόμισεν,</span> <span class='ocrx_word' id='word_1_749' title='bbox 3281 4809 3340 4862; x_wconf 84' lang='grc' dir='ltr'><strong>ού</strong></span> <span class='ocrx_word' id='word_1_750' title='bbox 3368 4809 3467 4880; x_wconf 82' lang='grc' dir='ltr'>τῆς</span> <span class='ocrx_word' id='word_1_751' title='bbox 3491 4811 3554 4862; x_wconf 82' lang='grc' dir='ltr'>ὲκ</span> <span class='ocrx_word' id='word_1_752' title='bbox 3575 4809 3762 4882; x_wconf 81' lang='grc' dir='ltr'>λόγων</span> <span class='ocrx_word' id='word_1_753' title='bbox 3828 4806 3832 4807; x_wconf 21' lang='grc' dir='ltr'><strong>ί</strong></span> 
     </span>
    </p>
   </div>
   <div class='ocr_carea' id='block_1_109' title="bbox 2162 4897 3762 4977">
    <p class='ocr_par' dir='ltr' id='par_1_109' title="bbox 2162 4897 3762 4977">
     <span class='ocr_line' id='line_1_109' title="bbox 2162 4897 3762 4977; baseline 0.005 -28"><span class='ocrx_word' id='word_1_754' title='bbox 2162 4897 2446 4960; x_wconf 89' lang='grc' dir='ltr'>νουθεσίας</span> <span class='ocrx_word' id='word_1_755' title='bbox 2463 4899 2637 4977; x_wconf 27' lang='grc' dir='ltr'>,μόνον</span> <span class='ocrx_word' id='word_1_756' title='bbox 2669 4898 2890 4970; x_wconf 78' lang='grc' dir='ltr'>χρῄζειν</span> <span class='ocrx_word' id='word_1_757' title='bbox 2919 4901 3046 4963; x_wconf 80' lang='grc' dir='ltr'>τοὺς</span> <span class='ocrx_word' id='word_1_758' title='bbox 3072 4899 3338 4972; x_wconf 79' lang='grc' dir='ltr'>μαθητὰς,</span> <span class='ocrx_word' id='word_1_759' title='bbox 3369 4901 3503 4956; x_wconf 87' lang='grc' dir='ltr'><strong>ἀλλά</strong></span> <span class='ocrx_word' id='word_1_760' title='bbox 3525 4904 3622 4958; x_wconf 73' lang='grc' dir='ltr'>καὶ</span> <span class='ocrx_word' id='word_1_761' title='bbox 3658 4908 3762 4976; x_wconf 77' lang='grc' dir='ltr'>φό-</span> 
     </span>
    </p>
   </div>
   <div class='ocr_carea' id='block_1_110' title="bbox 2159 4987 3764 5068">
    <p class='ocr_par' dir='ltr' id='par_1_110' title="bbox 2159 4987 3764 5068">
     <span class='ocr_line' id='line_1_110' title="bbox 2159 4987 3764 5068; baseline 0.006 -28"><span class='ocrx_word' id='word_1_762' title='bbox 2159 4987 2260 5040; x_wconf 73' lang='grc' dir='ltr'>ϐου</span> <span class='ocrx_word' id='word_1_763' title='bbox 2308 4987 2454 5051; x_wconf 87' lang='grc' dir='ltr'>τινὸς</span> <span class='ocrx_word' id='word_1_764' title='bbox 2494 4989 2806 5060; x_wconf 85' lang='grc' dir='ltr'>εὐπράκτου</span> <span class='ocrx_word' id='word_1_765' title='bbox 2849 4989 3109 5060; x_wconf 74' lang='grc' dir='ltr'>(εἰώθασι</span> <span class='ocrx_word' id='word_1_766' title='bbox 3151 4991 3262 5065; x_wconf 79' lang='grc' dir='ltr'>γάρ</span> <span class='ocrx_word' id='word_1_767' title='bbox 3297 5010 3414 5055; x_wconf 82' lang='grc' dir='ltr'><strong>πως</strong></span> <span class='ocrx_word' id='word_1_768' title='bbox 3453 4993 3504 5046; x_wconf 76' lang='lat' dir='ltr'><strong>oi</strong></span> <span class='ocrx_word' id='word_1_769' title='bbox 3535 4993 3764 5068; x_wconf 82' lang='grc' dir='ltr'>ἀνθρω-</span> 
     </span>
    </p>
   </div>
   <div class='ocr_carea' id='block_1_111' title="bbox 2163 5078 3760 5160">
    <p class='ocr_par' dir='ltr' id='par_1_111' title="bbox 2163 5078 3760 5160">
     <span class='ocr_line' id='line_1_111' title="bbox 2163 5078 3760 5160; baseline 0.007 -30"><span class='ocrx_word' id='word_1_770' title='bbox 2163 5095 2274 5142; x_wconf 84' lang='grc' dir='ltr'>ποι,</span> <span class='ocrx_word' id='word_1_771' title='bbox 2311 5079 2458 5140; x_wconf 84' lang='grc' dir='ltr'>ὅπως</span> <span class='ocrx_word' id='word_1_772' title='bbox 2498 5078 2565 5160; x_wconf 77' lang='grc' dir='ltr'><strong>ἀν</strong></span> <span class='ocrx_word' id='word_1_773' title='bbox 2609 5081 2668 5132; x_wconf 81' lang='grc' dir='ltr'>ὲν</span> <span class='ocrx_word' id='word_1_774' title='bbox 2701 5080 2900 5152; x_wconf 85' lang='grc' dir='ltr'>ἀρχαῖς</span> <span class='ocrx_word' id='word_1_775' title='bbox 2944 5080 3053 5136; x_wconf 90' lang='grc' dir='ltr'><strong>τῶν</strong></span> <span class='ocrx_word' id='word_1_776' title='bbox 3101 5083 3550 5156; x_wconf 71' lang='grc' dir='ltr'>ἐπιτηδευμάτων</span> <span class='ocrx_word' id='word_1_777' title='bbox 3585 5103 3760 5140; x_wconf 84' lang='grc' dir='ltr'>κανο-</span> 
     </span>
    </p>
   </div>
   <div class='ocr_carea' id='block_1_112' title="bbox 2161 5169 3755 5250">
    <p class='ocr_par' dir='ltr' id='par_1_112' title="bbox 2161 5169 3755 5250">
     <span class='ocr_line' id='line_1_112' title="bbox 2161 5169 3755 5250; baseline 0.004 -27"><span class='ocrx_word' id='word_1_778' title='bbox 2161 5169 2438 5235; x_wconf 85' lang='grc' dir='ltr'>νισθῶσιν,</span> <span class='ocrx_word' id='word_1_779' title='bbox 2485 5171 2628 5226; x_wconf 77' lang='grc' dir='ltr'>οὕτω</span> <span class='ocrx_word' id='word_1_780' title='bbox 2667 5173 2829 5244; x_wconf 85' lang='grc' dir='ltr'>μέχρι</span> <span class='ocrx_word' id='word_1_781' title='bbox 2854 5173 3042 5240; x_wconf 80' lang='grc' dir='ltr'>τέλους</span> <span class='ocrx_word' id='word_1_782' title='bbox 3068 5179 3258 5249; x_wconf 77' lang='grc' dir='ltr'>τηρεῖν</span> <span class='ocrx_word' id='word_1_783' title='bbox 3280 5175 3380 5249; x_wconf 88' lang='grc' dir='ltr'>τὴν</span> <span class='ocrx_word' id='word_1_784' title='bbox 3412 5175 3755 5250; x_wconf 80' lang='grc' dir='ltr'>συνήθειαν)-</span> 
     </span>
    </p>
   </div>
   <div class='ocr_carea' id='block_1_113' title="bbox 2162 5261 3760 5340">
    <p class='ocr_par' dir='ltr' id='par_1_113' title="bbox 2162 5261 3760 5340">
     <span class='ocr_line' id='line_1_113' title="bbox 2162 5261 3760 5340; baseline 0.005 -26"><span class='ocrx_word' id='word_1_785' title='bbox 2162 5261 2254 5315; x_wconf 72' lang='grc' dir='ltr'>καὶ</span> <span class='ocrx_word' id='word_1_786' title='bbox 2289 5261 2377 5316; x_wconf 82' lang='grc' dir='ltr'><strong>διὰ</strong></span> <span class='ocrx_word' id='word_1_787' title='bbox 2404 5261 2563 5317; x_wconf 82' lang='grc' dir='ltr'>τοῦτο</span> <span class='ocrx_word' id='word_1_788' title='bbox 2591 5263 2818 5334; x_wconf 75' lang='grc' dir='ltr'>ἐλέγξας</span> <span class='ocrx_word' id='word_1_789' title='bbox 2855 5267 2952 5338; x_wconf 82' lang='grc' dir='ltr'>τὴν</span> <span class='ocrx_word' id='word_1_790' title='bbox 2987 5267 3292 5340; x_wconf 81' lang='grc' dir='ltr'>ἁμαρτίαν,</span> <span class='ocrx_word' id='word_1_791' title='bbox 3321 5267 3482 5332; x_wconf 80' lang='grc' dir='ltr'>εὐθὺς</span> <span class='ocrx_word' id='word_1_792' title='bbox 3513 5267 3760 5323; x_wconf 84' lang='grc' dir='ltr'>θάνατον</span> 
     </span>
    </p>
   </div>
   <div class='ocr_carea' id='block_1_114' title="bbox 2159 5348 3754 5432">
    <p class='ocr_par' dir='ltr' id='par_1_114' title="bbox 2159 5348 3754 5432">
     <span class='ocr_line' id='line_1_114' title="bbox 2159 5348 3754 5432; baseline 0.006 -26"><span class='ocrx_word' id='word_1_793' title='bbox 2159 5353 2254 5428; x_wconf 76' lang='grc' dir='ltr'>τῂν</span> <span class='ocrx_word' id='word_1_794' title='bbox 2289 5356 2560 5428; x_wconf 87' lang='grc' dir='ltr'>τιμωρίαν</span> <span class='ocrx_word' id='word_1_795' title='bbox 2595 5358 2902 5430; x_wconf 75' lang='grc' dir='ltr'>ἐπήγαγενο</span> <span class='ocrx_word' id='word_1_796' title='bbox 2939 5359 3000 5412; x_wconf 80' lang='grc' dir='ltr'><strong>ού</strong></span> <span class='ocrx_word' id='word_1_797' title='bbox 3028 5359 3171 5430; x_wconf 82' lang='grc' dir='ltr'>ξίφει</span> <span class='ocrx_word' id='word_1_798' title='bbox 3205 5360 3588 5432; x_wconf 83' lang='grc' dir='ltr'>χρησάμενος,</span> <span class='ocrx_word' id='word_1_799' title='bbox 3619 5348 3754 5416; x_wconf 76' lang='grc' dir='ltr'>οὐδὲ</span> 
     </span>
    </p>
   </div>
   <div class='ocr_carea' id='block_1_115' title="bbox 2157 5445 3758 5530">
    <p class='ocr_par' dir='ltr' id='par_1_115' title="bbox 2157 5445 3758 5530">
     <span class='ocr_line' id='line_1_115' title="bbox 2157 5445 3758 5530; baseline 0.009 -32"><span class='ocrx_word' id='word_1_800' title='bbox 2157 5445 2373 5516; x_wconf 84' lang='grc' dir='ltr'>δημίοις</span> <span class='ocrx_word' id='word_1_801' title='bbox 2402 5448 2564 5502; x_wconf 80' lang='grc' dir='ltr'>αὐτὸν</span> <span class='ocrx_word' id='word_1_802' title='bbox 2597 5450 2902 5522; x_wconf 76' lang='grc' dir='ltr'>παραδούςο</span> <span class='ocrx_word' id='word_1_803' title='bbox 2939 5450 3076 5504; x_wconf 88' lang='grc' dir='ltr'><strong>ἀλλά</strong></span> <span class='ocrx_word' id='word_1_804' title='bbox 3096 5452 3217 5504; x_wconf 90' lang='grc' dir='ltr'>τότε</span> <span class='ocrx_word' id='word_1_805' title='bbox 3244 5451 3611 5526; x_wconf 82' lang='grc' dir='ltr'>διαφερόντως</span> <span class='ocrx_word' id='word_1_806' title='bbox 3644 5457 3758 5530; x_wconf 73' lang='grc' dir='ltr'>τὴν</span> 
     </span>
    </p>
   </div>
   <div class='ocr_carea' id='block_1_116' title="bbox 2159 5538 3757 5619">
    <p class='ocr_par' dir='ltr' id='par_1_116' title="bbox 2159 5538 3757 5619">
     <span class='ocr_line' id='line_1_116' title="bbox 2159 5538 3757 5619; baseline 0.009 -29"><span class='ocrx_word' id='word_1_807' title='bbox 2159 5538 2251 5592; x_wconf 84' lang='grc' dir='ltr'><strong>τοῦ</strong></span> <span class='ocrx_word' id='word_1_808' title='bbox 2285 5539 2522 5612; x_wconf 84' lang='grc' dir='ltr'>Χριστοῦ</span> <span class='ocrx_word' id='word_1_809' title='bbox 2551 5541 2780 5613; x_wconf 84' lang='grc' dir='ltr'>δύναμιν</span> <span class='ocrx_word' id='word_1_810' title='bbox 2816 5543 3016 5612; x_wconf 80' lang='grc' dir='ltr'>δείξας,</span> <span class='ocrx_word' id='word_1_811' title='bbox 3052 5545 3110 5597; x_wconf 82' lang='grc' dir='ltr'>ὲν</span> <span class='ocrx_word' id='word_1_812' title='bbox 3139 5543 3216 5616; x_wconf 84' lang='grc' dir='ltr'>τῷ</span> <span class='ocrx_word' id='word_1_813' title='bbox 3245 5546 3434 5618; x_wconf 85' lang='grc' dir='ltr'>τρόπῳ</span> <span class='ocrx_word' id='word_1_814' title='bbox 3459 5546 3562 5619; x_wconf 81' lang='grc' dir='ltr'>τῆς</span> <span class='ocrx_word' id='word_1_815' title='bbox 3590 5548 3757 5611; x_wconf 77' lang='grc' dir='ltr'>ἀναι-</span> 
     </span>
    </p>
   </div>
   <div class='ocr_carea' id='block_1_117' title="bbox 549 5715 2079 5818">
    <p class='ocr_par' dir='ltr' id='par_1_117' title="bbox 549 5715 2079 5810">
     <span class='ocr_line' id='line_1_117' title="bbox 549 5715 2079 5810; baseline -0.003 -12"><span class='ocrx_word' id='word_1_816' title='bbox 549 5715 839 5806; x_wconf 76' lang='lat' dir='ltr'><strong>&quot;-Aet.ut,</strong></span> <span class='ocrx_word' id='word_1_817' title='bbox 866 5736 936 5794; x_wconf 69' lang='grc' dir='ltr'><strong>ιε</strong></span> <span class='ocrx_word' id='word_1_818' title='bbox 963 5752 1085 5810; x_wconf 78' lang='lat' dir='ltr'><strong>sqq.</strong></span> <span class='ocrx_word' id='word_1_819' title='bbox 1171 5737 1214 5770; x_wconf 79' lang='lat'>&quot;</span> <span class='ocrx_word' id='word_1_820' title='bbox 1244 5735 1385 5792; x_wconf 77' lang='lat' dir='ltr'><strong>Psal.</strong></span> <span class='ocrx_word' id='word_1_821' title='bbox 1409 5749 1598 5804; x_wconf 65' lang='lat' dir='ltr'><strong>sum5</strong></span> <span class='ocrx_word' id='word_1_822' title='bbox 1621 5734 1676 5791; x_wconf 76' lang='lat'><strong>6.</strong></span> <span class='ocrx_word' id='word_1_823' title='bbox 1765 5734 1812 5768; x_wconf 73' lang='grc'><strong>⁷·</strong></span> <span class='ocrx_word' id='word_1_824' title='bbox 1846 5735 2000 5794; x_wconf 76' lang='lat' dir='ltr'><strong>Deut.</strong></span> <span class='ocrx_word' id='word_1_825' title='bbox 2028 5752 2079 5794; x_wconf 69' lang='lat' dir='ltr'><strong>ll</strong></span> 
     </span>
    </p>
   </div>
   <div class='ocr_carea' id='block_1_118' title="bbox 2179 5715 3292 5818">
    <p class='ocr_par' dir='ltr' id='par_1_118' title="bbox 2179 5739 3292 5818">
     <span class='ocr_line' id='line_1_118' title="bbox 2179 5739 3292 5818; baseline 0.007 -26"><span class='ocrx_word' id='word_1_826' title='bbox 2179 5781 2190 5807; x_wconf 84' lang='lat'><strong>,</strong></span> <span class='ocrx_word' id='word_1_827' title='bbox 2235 5739 2324 5794; x_wconf 82' lang='lat' dir='ltr'><strong>l5.</strong></span> <span class='ocrx_word' id='word_1_828' title='bbox 2402 5741 2590 5798; x_wconf 78' lang='lat' dir='ltr'><strong>&quot;Act.</strong></span> <span class='ocrx_word' id='word_1_829' title='bbox 2622 5743 2725 5808; x_wconf 81' lang='lat' dir='ltr'><strong>v,l</strong></span> <span class='ocrx_word' id='word_1_830' title='bbox 2764 5757 2889 5815; x_wconf 82' lang='lat' dir='ltr'><strong>sqq.</strong></span> <span class='ocrx_word' id='word_1_831' title='bbox 2963 5744 3009 5776; x_wconf 82' lang='grc'><strong>⁸⁸</strong></span> <span class='ocrx_word' id='word_1_832' title='bbox 3055 5761 3143 5814; x_wconf 76' lang='grc' dir='ltr'>γρ.</span> <span class='ocrx_word' id='word_1_833' title='bbox 3197 5749 3292 5818; x_wconf 79' lang='grc' dir='ltr'><strong>μή.</strong></span> 
     </span>
    </p>
   </div>
  </div>
