4048 6194
243 286 332 339 273
518 278 519 283 “
1105 278 1384 336 HOMILIA
1427 279 1560 338 Vill.
1601 281 1668 335 IN
1708 281 1809 337 SS.
1841 281 2126 342 PETRUM
2166 286 2253 342 ΕΤ
2295 286 2600 345 PAULUM.

3356 287 3464 342 2'":

246 400 455 474 ρισεως.
498 397 809 450 Ἐνεκωασι
861 393 976 467 γὰρ
1003 394 1183 466 μόνον,
1211 396 1307 450 καὶ
1330 397 1360 449 ὁ
1387 395 1673 467 ἐγκληθεὶς
1696 396 1801 448 ἁπ-

1924 399 2160 464 utstulit,
2226 400 2541 469 praclarum
2601 400 2801 455 Christi
2876 401 3125 470 potentia:
3194 400 3463 469 specimen

246 489 446 561 ἔψυξεν.
470 487 649 542 Τοῦτο
671 487 724 540 δὲ
741 484 919 557 ἡλίκον
946 485 1116 553 ἐστὶν,
1147 487 1240 540 καὶ
1261 487 1395 558 ὅσην
1415 489 1482 557 τῇ
1507 484 1803 557 Ἐκκλησία

248 582 522 652 ἐνεποίησε
564 581 661 652 τὴν
688 579 973 634 εὐλάσειαν
994 620 1009 645 ,
1041 580 1100 633 οὐ
1132 578 1404 652 χρῄζομεν
1451 577 1659 647 μαθεῖν.
1698 578 1804 631 Δύο

249 675 349 747 γὰρ
380 675 439 726 ὲν
481 673 564 727 ἐνὶ
604 669 934 743 κατωρθώθη
956 708 971 735 ,
1003 670 1065 724 τὸ
1113 671 1327 726 καὶτὸν
1373 670 1601 742 Σωτῆρα
1645 669 1801 741 ἡμῶν

254 763 584 834 πιστευθῆναι
610 757 748 817 εἶναι
779 762 936 828 Θεὸν,
959 762 1057 816 καὶ
1084 761 1178 815 τὸν
1201 762 1492 832 παιδευτὴν
1518 761 1627 815 τῶν
1655 760 1802 814 ὲκεί-

257 873 342 911 νου
376 855 574 926 νόμων,
624 853 1045 925 παρεπομένους
1074 851 1214 924 ἔχων
1243 853 1288 885 ⁸⁸
1331 852 1616 921 ἀγγέλους.
1669 849 1805 920 πρὸς

260 945 349 1016 τὴν
390 944 630 1015 βούλησιν
681 942 779 997 τοῦ
818 942 1119 997 ἀποστόλου
1165 942 1521 1013 ἐνεργοῦντας
1551 941 1798 1011 ἑτοίμως.

274 1034 527 1104 Ἐθέλησεν
548 1034 908 1104 εὐεργετῆσαι
930 1034 1023 1086 τὸν
1050 1032 1242 1104 χωλὸν,
1273 1032 1366 1086 καὶ
1391 1034 1491 1086 οὐκ
1515 1031 1805 1103 ἐϐράδυνεν

265 1127 453 1200 ἠχάρις
470 1144 484 1157 ο
510 1124 773 1196 ἐϐουλήθη
800 1125 1028 1179 κολάσαι
1087 1126 1177 1179 τὸν
1210 1125 1510 1196 ἱερόσυλον,
1546 1126 1641 1180 καὶ
1668 1141 1807 1195 παρ-

261 1218 496 1287 εγενετοή
526 1215 792 1288 τιμωρία.

311 1389 481 1443 Ταῦτα
509 1390 676 1444 ίκανά
700 1389 910 1453 λιθίνας
938 1389 1280 1460 καταπλῆξαι
1304 1389 1481 1461 ψυχὰς
1507 1392 1600 1445 καί
1624 1395 1808 1445 πεῖσαι

243 1482 495 1552 βεόαίως,
543 1482 624 1546 ὠς
657 1484 761 1536 οὐκ
815 1482 1034 1554 ἀπάτης
1064 1479 1133 1553 ἦν
1170 1482 1239 1535 τὰ
1279 1483 1500 1554 ῥήματα
1556 1482 1627 1536 τά
1662 1484 1810 1554 παρά

240 1574 432 1642 Πέτρου
463 1573 766 1645 λεγόμενα·
806 1573 942 1628 ἀλλά
968 1573 1101 1637 Θεὸς
1130 1569 1199 1645 ἦν
1225 1572 1443 1644 ἀληθῶς
1469 1573 1587 1645 μετ’
1620 1573 1808 1638 αὐτοῦ,

239 1666 324 1718 καὶ
346 1664 499 1733 ἅγιον
529 1666 748 1737 ὑπῆρχε
773 1666 868 1720 καὶ
897 1664 1115 1737 ἀληθὲς,
1136 1664 1200 1718 τὸ
1231 1665 1527 1736 μυστήριον
1550 1664 1579 1717 ὃ
1602 1665 1803 1736 κατήγ-

236 1732 404 1823 γελλεξ
438 1756 553 1809 Καὶ
582 1732 742 1810 τούτο
761 1756 819 1810 δὲ
847 1732 1135 1829 προσέχειν
1163 1732 1482 1826 ἀναγκαῖον,
1511 1756 1592 1810 δτι
1623 1756 1685 1809 τὸ
1709 1732 1810 1828 μὲν
1839 1732 1881 1786 Β

238 1846 327 1899 ἐπὶ
371 1829 615 1918 τιμωρίᾳ
664 1847 758 1900 καὶ
809 1847 954 1918 φόνῳ
1007 1849 1251 1918 σημεῖον,
1308 1845 1457 1910 ἅπαξ
1508 1844 1662 1916 παρά
1712 1844 1809 1898 τοῦ

236 1936 528 1991 ἀποστόλου
570 1936 659 1989 διὰ
705 1936 804 2008 τὴν
857 1938 1047 2009 χρείαν
1081 1937 1370 2007 γεγένηται
1391 1953 1406 1967 ·
1450 1936 1536 1990 ἵνα
1566 1940 1678 2000 τοῖς
1710 1953 1814 1991 κα-

237 2028 346 2092 κῶς
380 2028 872 2100 προαιρουμένοις,
908 2029 1006 2098 τῆς
1036 2026 1360 2098 κολαπικῆς
1394 2026 1676 2097 δυνάμεως
1709 2042 1812 2078 πα-

240 2120 506 2192 ράσχηται
537 2119 641 2191 τὴν
672 2118 979 2185 ἀπόδειξιν·
1014 2116 1082 2171 τὰ
1126 2117 1183 2171 δὲ
1210 2117 1319 2169 τῶν
1351 2115 1679 2188 εὐεργεσιῶν
1721 2116 1815 2171 καὶ

240 2214 346 2267 τῶν
379 2212 598 2275 ίάσεων,
631 2210 753 2264 καθ’
785 2210 996 2281 ἡμέραν
1026 2209 1119 2263 καί
1151 2208 1387 2280 συνεχῶς
1412 2207 1657 2263 ἐπετέλει
1676 2223 1689 2237 ⁸
1723 2208 1816 2260 καὶ

240 2302 506 2375 τοσαύτης
533 2301 686 2373 αὐτῷ
717 2301 916 2373 περιῆν
953 2301 1051 2373 τῆς
1083 2299 1173 2353 τοῦ
1214 2299 1536 2372 θεραπεύειν
1565 2298 1816 2363 εὐκολίας

242 2396 339 2449 καὶ
369 2394 607 2465 χάριτος,
637 2391 779 2445 ὥστε
804 2390 979 2454 οὐδεὶς
1010 2382 1319 2462 προσελθὼν
1342 2389 1452 2442 τῶν
1482 2386 1821 2459 ἀρρωστούν-

237 2503 349 2538 των
379 2483 604 2537 ἁνέλυεν
642 2466 900 2552 ψευσθεὶς
935 2480 1035 2549 τῆς
1078 2480 1312 2544 ἐλπίδος,
1345 2479 1459 2532 ἀλλ’
1505 2480 1690 2551 ἄρτιος
1724 2478 1819 2532 καὶ

239 2573 399 2645 ὑγιὴς
429 2574 524 2626 ἐπὶ
551 2560 651 2644 τὴν
684 2571 861 2625 οίκίαν
894 2569 1080 2641 ἀπῄει.
1114 2571 1225 2623 Καὶ
1255 2573 1362 2635 πᾶς
1392 2571 1557 2634 τόπος
1582 2570 1681 2640 τῆς
1720 2570 1818 2623 Ἱε-

241 2664 528 2740 ρουσαλὴμ
557 2663 684 2719 ἔνθα
717 2662 1226 2734 Πέτρος-ἐφαίνετο,
1249 2663 1340 2717 τὸν
1362 2663 1596 2736 Χριστὸν
1618 2661 1815 2716 ἐλάλει·

241 2760 342 2813 καὶ
378 2758 441 2810 τὸ
469 2755 669 2827 πλῆθος
700 2751 848 2827 εῖχεν
885 2748 1317 2810 ἀκολουθούντων
1360 2753 1657 2826 ἀρρώστων
1680 2795 1696 2820 ,
1728 2755 1822 2808 καὶ

243 2851 474 2921 θέατρον
496 2848 619 2903 καθ’
647 2848 862 2921 ἡμέραν
883 2847 1183 2920 παράδοξον
1206 2848 1270 2900 ὲκ
1293 2847 1465 2918 δήμου
1491 2847 1818 2918 συμμίκτου’

242 2941 353 2994 τῶν
395 2942 497 3012 μ’ὲν
534 2939 951 3009 συναγομένων,
993 2939 1079 2991 ῖνα
1132 2938 1242 2992 τῶν
1293 2937 1592 3009 ὀχλούντων
1637 2936 1822 2992 κακῶν

1901 476 2088 543 edens.
2145 490 2373 545 Tantum
2429 491 2572 546 enim
2625 490 2822 561 oltjecit
2860 493 3065 546 crimen
3090 533 3105 557 ,
3142 491 3303 561 inque
3338 491 3466 547 illud

1903 592 2125 647 vocatus
2170 582 2332 636 homo
2377 582 2690 653 exspiravit.
2724 582 2835 638 Hoc
2881 598 3010 638 vero
3064 594 3323 652 quantum
3370 583 3467 649 sit,

1902 680 2269 742 quantamque
2305 672 2555 727 Ecclesia:
2593 674 2947 749 reverentiam
2996 688 3059 727 ac
3102 682 3302 728 metum
3328 672 3466 743 inje-

1903 763 2060 824 cerit,
2096 764 2234 816 haud
2263 777 2398 833 opus
2426 765 2607 819 doceri
2643 765 2955 820 habeamus.
3010 764 3122 819 Duo
3166 765 3363 835 quippe
3390 766 3467 820 si—

1905 853 2012 907 mul
2037 853 2275 909 confecit
2296 894 2312 919 ,
2352 864 2410 908 ut
2441 856 2715 923 nimirum,
2749 871 2870 912 cum
2905 855 3151 912 Salvator
3184 855 3322 911 Deus
3344 871 3466 911 esse

1905 945 2263 1011 crederetur;
2318 953 2439 1001 tum
2473 946 2663 1015 ntejus
2694 948 2899 1003 doctori
2938 947 3113 1018 legum
3154 947 3344 1002 adesse
3373 959 3468 1002 co-

1906 1036 2066 1092 mites
2092 1038 2344 1108 angelos,
2383 1039 2472 1109 qui
2500 1048 2747 1110 prompte
2778 1048 2836 1093 ut
2884 1039 3157 1109 apostolus
3192 1039 3468 1100 voluisset,

1905 1132 2570 1200 exsequerentur.,Voluit
2605 1132 2794 1188 claudo
2840 1130 3159 1187 beneﬁcium
3193 1141 3468 1200 praestare.

1908 1223 2148 1292 nihilque
2202 1225 2373 1291 gratia
2422 1224 2684 1291 tardavit;
2710 1224 2876 1280 voluit
2910 1222 3101 1293 punire
3132 1221 3472 1290 sacrilegum,

1908 1330 2141 1384 moxque
2167 1328 2323 1386 paena
2355 1325 2552 1385 praesto
2574 1315 2692 1371 fuit.

1978 1406 2143 1461 Erant
2187 1408 2299 1462 haec
2337 1408 2590 1474 abunde,
2627 1418 2685 1463 ut
2720 1408 2800 1461 vel
2836 1407 3072 1477 lapideas
3113 1412 3320 1460 mentes
3361 1411 3477 1458 stu-

1909 1511 2038 1565 pore
2070 1497 2347 1552 aﬁicerent
2376 1538 2391 1565 ,
2446 1507 2754 1566 certamque
2782 1499 3002 1552 Omnino
3034 1496 3270 1550 facerent
3296 1494 3476 1556 ﬁdem,

1909 1586 2109 1642 nullam
2160 1588 2302 1644 Petri
2353 1589 2511 1643 verba
2566 1589 2764 1644 habere
2800 1589 3203 1658 deceptionem;
3232 1586 3324 1641 sed
3353 1598 3479 1661 vere

1913 1677 2077 1733 Deum
2106 1694 2225 1733 eum
2268 1680 2384 1750 ipso
2412 1696 2572 1745 esse,
2610 1690 2960 1750 sanctumque
3001 1694 3063 1736 ac
3092 1678 3318 1733 veritate
3372 1676 3476 1730 ful—

1915 1780 2051 1835 tum.
2077 1773 2219 1843 quod
2245 1776 2598 1829 annuntiabat
2624 1783 3044 1835 sacramentum.
3067 1772 3346 1828 exsistere.
3373 1768 3480 1823 Sed

1915 1864 2092 1925 ethoc
2129 1866 2471 1920 attendamus
2501 1879 2778 1919 necessum
2810 1865 2921 1929 sit;
2956 1862 3083 1916 illud
3126 1861 3339 1930 quidem
3384 1874 3481 1928 pu-

1916 1954 2109 2009 niendo
2150 1969 2214 2009 ac
2259 1971 2446 2010 necem
2508 1957 2824 2021 inferendo,
2879 1955 3046 2009 semel
3104 1954 3363 2007 duntaxat
3414 1950 3481 2003 ab

1926 2045 2168 2115 apostolo
2191 2061 2287 2100 usu
2323 2048 2582 2102 suadente
2610 2050 2817 2116 signum
2858 2053 3174 2114 usurpatum
3205 2056 3346 2107 esse,
3377 2054 3483 2110 quo

1917 2139 2003 2203 iis,
2032 2137 2124 2208 qui
2156 2138 2292 2193 mala
2338 2148 2517 2194 essent
2543 2139 2848 2203 voluntate,
2877 2136 3170 2206 castigandi
3204 2132 3485 2203 pomstatis

1915 2231 2187 2298 specimen
2224 2230 2541 2294 exhiberet;
2583 2228 2844 2284 beneﬁcia
2895 2238 3075 2282 autem
3112 2240 3174 2281 ac
3203 2224 3483 2286 sanitates,

1918 2321 2155 2389 quotidie
2184 2336 2249 2375 ac
2274 2321 2476 2390 iugiter
2526 2321 2838 2390 przestitisse
2870 2339 2883 2375 :
2918 2329 3172 2387 tantaque
3232 2324 3349 2370 erat
3395 2330 3486 2368 cn-

1920 2411 2071 2463 randi
2104 2424 2169 2464 ac
2208 2412 2395 2479 gratim
2452 2410 2711 2474 facilitas,
2758 2420 2812 2462 ut
2861 2423 3019 2462 nemo
3057 2414 3295 2473 aegrotus
3332 2419 3491 2459 acce-

1921 2495 2076 2558 dens,
2100 2508 2195 2563 spe
2216 2508 2308 2548 sua
2333 2493 2621 2548 frustratus
2646 2495 2823 2547 abiret
2841 2536 2856 2556 ,
2879 2493 2972 2547 sed
2999 2492 3207 2559 integer
3229 2506 3291 2546 ac
3323 2505 3487 2543 sanus

1921 2585 2136 2640 domum
2184 2592 2564 2640 reverteretur.
2612 2582 2867 2652 Quisquis
2918 2597 3048 2637 vero
3103 2579 3489 2652 Hierosolymis

1921 2675 2141 2730 Petrum
2165 2674 2314 2731 locus
2339 2675 2593 2739 habebat,
2626 2674 2672 2730 is
2697 2671 2973 2727 Christum
3000 2672 3356 2741 loquebatur;
3388 2669 3487 2724 ha-

1923 2768 2189 2838 bebatque
2218 2775 2531 2838 sequentem
2571 2766 2913 2822 inﬁrmorum
2964 2763 3361 2819 multitudinem
3383 2802 3399 2826 ,
3427 2776 3491 2815 ac

1923 2858 2170 2916 mirabile
2217 2859 2408 2914 diebus
2450 2858 2678 2927 singulis
2715 2857 3033 2927 promiscuae
3070 2855 3239 2926 plebis
3285 2860 3493 2922 speeta-

1926 2952 2139 3019 culum;
2178 2951 2515 3022 congregatis
2567 2950 2686 3005 aliis
2735 2948 3035 3019 quaerendae
3079 2961 3244 3000 causa
3292 2943 3492 2998 libera-

244 3032 632 3100 ἀπαλλαγῶσι,
666 3029 777 3085 τῶν
810 3030 900 3096 δὲ,
934 3030 1021 3083 ἵνα
1050 3030 1177 3094 τοὺς
1204 3029 1672 3113 θεραπευομένους
1709 3029 1821 3085 θεά-

1926 3043 2087 3098 tionis
2139 3056 2169 3096 a
2222 3041 2485 3095 malorum
2516 3039 2785 3103 molestia;
2816 3037 2934 3090 aliis
2986 3050 3143 3098 vero,
3187 3040 3246 3087 ut
3291 3034 3490 3102 imper-

254 3142 476 3179 σωνται.
509 3124 669 3178 Οὖτω
731 3138 813 3177 τοι
854 3123 1076 3176 κάκεῖνο
1107 3121 1235 3192 περὶ
1265 3121 1362 3174 τοῦ
1435 3108 1730 3176 ἀποστόλου
1759 3122 1822 3174 τὸ

245 3214 565 3286 θαυμαστὸν
611 3213 1059 3285 ἀναγέγραπται,
1093 3211 1123 3266 δ
1152 3214 1237 3267 ἐπ’
1287 3213 1461 3267 οὐδενὶ
1505 3213 1613 3266 τῶν
1649 3213 1821 3267 ἄλλων

244 3304 468 3376 ἐλέχθη,
497 3305 579 3357 δτι
604 3303 653 3357 οἱ
684 3305 983 3373 συγγενεῖς,
1010 3303 1103 3356 καὶ
1128 3305 1177 3357 οἱ
1206 3303 1316 3357 τῶν
1348 3302 1714 3358 ἀσθενούντων
1743 3304 1821 3355 ol-

245 3399 407 3459 κεῖοι,
439 3394 633 3465 ἔφερον
666 3394 864 3459 αὐτοὺς
895 3395 989 3447 ἐπὶ
1021 3394 1218 3448 κλινῶν
1245 3394 1501 3466 δημοσίᾳ,
1529 3395 1631 3447 ἵνα
1656 3393 1823 3461 ἐρχοο

240 3488 434 3556 μένου
462 3487 711 3554 Πέτρου,
736 3483 853 3539 κᾶν
876 3491 915 3554 ἠ
935 3486 1080 3539 σκιὰ
1105 3484 1429 3553 ἐπισκιάσῃ
1463 3485 1577 3539 τινί
1604 3484 1819 3540 αὐτῶν.

246 3578 424 3633 Τοῦτο
454 3579 558 3649 μὲν
590 3573 684 3631 οὖν
722 3578 905 3649 μεῖζον
951 3579 1045 3632 καὶ
1091 3577 1200 3632 τῶν
1241 3579 1571 3633 δεσποτικῶν
1615 3578 1825 3649 θαυμα-

254 3670 390 3724 σίωθ
407 3684 424 3700 ο
457 3670 553 3723 καὶ
578 3671 607 3723 ό
630 3668 812 3733 δοῦλος
834 3670 1156 3740 εὐφημεῖται
1181 3671 1317 3742 ὑπὲρ
1344 3670 1436 3724 τὸν
1465 3669 1684 3742 Κύριον.
1716 3672 1825 3723 Καὶ

245 3763 392 3833 τάχα
414 3764 478 3815 ὲν
494 3761 667 3833 τούτῳ
684 3761 760 3832 τῷ
780 3762 989 3833 σημείῳ
1010 3761 1422 3834 συμπληροῦται
1444 3764 1476 3833 ἡ
1499 3762 1824 3834 προφητεία,

245 3855 316 3925 ἦν
352 3858 382 3908 ὁ
414 3853 613 3924 Σωτὴρ
640 3853 779 3924 πρὸς
807 3853 935 3917 τοὺς
964 3851 1215 3922 μαθητὰς
1248 3853 1542 3925 ἐποιήσατο
1561 3870 1575 3884 ο
1627 3851 1825 3922 Ἀμὴν,

247 3945 416 4014 ἀμὴν
463 3943 623 4012 λέγω
655 3941 829 4012 ὑμῖνο
863 3941 926 3996 '0
963 3943 1264 3997 πιστεύων
1309 3941 1561 4011 εἰς’ἐμὲ,
1591 3942 1662 3997 τὰ
1686 3943 1830 4014 ἔργα

247 4034 287 4087 d
313 4034 435 4104 ἐγὼ
467 4030 639 4097 ποιῶ,
693 4032 969 4098 κάκεῖνος
999 4032 1262 4099 ποιήσει,
1308 4032 1407 4087 καὶ
1433 4031 1677 4102 μείζονα
1695 4036 1829 4088 τούο

248 4143 369 4179 των
409 4123 674 4191 ποιήσει.
723 4121 894 4177 Τοῦτο
924 4123 981 4176 δὲ
1018 4124 1145 4178 ὅταν
1186 4123 1329 4192 λέγω
1349 4164 1363 4188 ,
1399 4123 1458 4177 οὐ
1515 4123 1607 4177 τὸν
1644 4123 1831 4179 δοῦλον

251 4218 324 4290 τῷ
372 4216 629 4287 Aeas-06:1]
678 4216 970 4286 συγκρίνω.
1056 4217 1304 4284 Ἀπαγεί
1378 4217 1721 4287 Μαινομένου
1770 4216 1831 4270 τὸ

250 4312 432 4384 νόημα
451 4328 468 4342 ο
514 4308 631 4364 ἀλλ’
678 4308 761 4360 δτι
788 4306 877 4361 διὰ
898 4307 1005 4362 τῶν
1029 4307 1224 4362 ἑαυτοῦ
1256 4306 1603 4377 θεραπόντων
1627 4307 1656 4359 ὁ
1677 4307 1828 4371 Θεὸς,

1928 3133 2120 3188 tiendae
2173 3132 2419 3187 sanitatis
2466 3137 2798 3201 spectatores
2855 3136 3059 3183 essent.
3117 3126 3208 3181 Sic
3261 3139 3494 3193 namque

1926 3223 2092 3276 etiam
2139 3219 2268 3275 illud
2299 3219 2546 3274 mirabile
2594 3220 2661 3273 de
2698 3218 2945 3289 apostolo
2989 3217 3352 3284 conscriptum
3389 3223 3493 3279 est,

1927 3313 1993 3367 de
2018 3312 2208 3380 quovis
2235 3311 2341 3365 alio
2366 3311 2661 3364 inauditum
2684 3349 2699 3375 ,
2740 3317 2799 3364 ut
2843 3309 3120 3373 nimirum,
3154 3307 3493 3361 inﬁrmorum

1929 3403 2141 3471 cognati
2170 3417 2234 3457 ac
2266 3403 2569 3465 domestici,
2599 3402 2809 3469 publice
2846 3415 2940 3457 eos
2975 3402 3027 3455 in
3072 3400 3224 3454 lectis
3261 3412 3497 3467 expone-

1932 3499 2087 3555 rent,
2144 3498 2200 3544 ut
2272 3492 2499 3546 veniente
2550 3489 2710 3545 Petro
2768 3491 2953 3544 umbra
3012 3490 3157 3543 illius
3216 3489 3498 3542 obumbra-

1935 3592 2011 3635 ret
2054 3598 2363 3652 quemquam
2410 3582 2619 3636 illorum
2659 3582 2706 3615 ”
2744 3599 2757 3635 :
2809 3596 2971 3652 porro
3017 3582 3117 3635 hoc
3162 3579 3336 3649 majus
3382 3588 3494 3633 erat

1932 3675 2227 3730 Dominicis
2292 3673 2599 3739 miraculis,
2656 3674 2896 3742 adeoque
2965 3687 3154 3726 servus
3210 3661 3498 3725 celebrioii

1933 3782 2042 3836 prae
2097 3768 2321 3822 Domino
2364 3767 2502 3820 fama
2546 3765 2793 3818 habetur.
2824 3764 2902 3816 Ac
2941 3763 3078 3815 forte
3115 3762 3165 3813 in
3195 3762 3347 3829 signo
3388 3759 3499 3812 isto

1933 3857 2251 3928 completur,
2295 3872 2454 3926 quam
2492 3854 2739 3909 Salvator
2766 3852 3100 3921 prophetiam
3146 3849 3212 3904 ad
3262 3849 3500 3917 discipu-

1935 3948 2017 4003 los
2044 3959 2127 4003 εει
2159 3947 2372 4002 locutus
2399 3964 2413 4001 :
2455 3945 2647 4007 Amen,
2684 3958 2835 3997 amen
2863 3943 2981 3995 dico
3009 3941 3184 4006 vobis,
3215 3940 3306 4008 qui
3336 3940 3499 3994 credit

1935 4041 1993 4094 in
2021 4055 2121 4105 me,
2145 4053 2301 4107 opera
2338 4052 2456 4105 quae
2485 4050 2577 4103 ego
2603 4032 2763 4101 facio,
2792 4043 2840 4087 et
2868 4032 2977 4101 ipse
3006 4032 3185 4102 faciet,
3213 4039 3260 4085 et
3296 4030 3500 4100 majora

1937 4130 2121 4184 horum
2145 4129 2302 4198 faciet
2331 4127 2397 4181 ⁸³.
2429 4125 2561 4181 Cum
2589 4134 2767 4179 autem
2814 4125 2915 4178 hoe
2947 4125 3064 4178 dico
3086 4162 3102 4186 ,
3128 4123 3346 4177 minime
3371 4135 3503 4191 gen-

1938 4222 2069 4275 tium
2106 4234 2319 4276 servum
2367 4233 2487 4273 cum
2524 4217 2751 4272 Domino
2792 4229 3064 4286 comparo.
3119 4212 3380 4282 Apagesis
3414 4211 3498 4265 lu-

1940 4312 2110 4368 rentis
2144 4326 2396 4375 sensum;
2447 4309 2540 4377 sed
2592 4309 2778 4372 Deum,
2833 4305 2923 4377 qui
2972 4320 3069 4374 per
3114 4302 3340 4357 famulos
3375 4315 3502 4357 suos

251 4404 347 4475 τὴν
373 4400 580 4456 ἑαυτοῦ
606 4400 835 4471 δύναμιν
862 4398 1286 4469 ἐνδεικνύμενος,
1318 4396 1506 4449 οὐδένα
1530 4396 1638 4450 τῶν
1662 4396 1821 4468 μαθη-

1938 4408 2186 4476 potentiae
2226 4419 2336 4457 sua:
2378 4402 2646 4472 specimen
2691 4401 2816 4454 edat
2844 4438 2859 4463 ,
2917 4397 3120 4452 nullum
3159 4411 3190 4451 e
3224 4395 3502 4465 discipulis

250 4495 379 4557 τῶν,
416 4495 498 4559 ὡς
528 4494 760 4564 Πέτρον,
794 4494 913 4555 ταῖς
944 4489 1099 4552 ἰδίαις
1124 4488 1351 4559 δωρεαῖς
1378 4487 1833 4558 κατεπλούτησενο

252 4587 389 4640 ἀλλά
415 4588 517 4640 καὶ
540 4587 758 4641 πάντων
780 4584 943 4639 αὐτὸν
967 4580 1294 4653 προύθηκεν,
1318 4578 1537 4650 ὐψώσας
1556 4581 1676 4643 ταῖς
1698 4577 1835 4632 ἄνω-

254 4677 351 4731 θεν
376 4680 632 4750 δωρεαῖς*
664 4678 759 4731 καὶ
776 4675 963 4748 ὥσπερ
985 4673 1201 4744 πρῶτος
1225 4670 1492 4743 μαθητὴς,
1514 4669 1608 4723 καὶ
1636 4665 1834 4739 μείζων

251 4770 372 4822 τῶν
390 4768 636 4838 ἀδελφῶν
662 4768 754 4822 ἐπὶ
780 4767 881 4838 τῆς
908 4765 1102 4837 πείρας
1124 4762 1231 4817 τῶν
1255 4761 1598 4835 πραγμάτων
1622 4757 1833 4829 ἐδείχθη

251 4861 327 4929 τῇ
357 4858 583 4929 δυνάμει
608 4856 705 4912 τοῦ
734 4854 1073 4926 Πνεύματος.
1102 4852 1326 4924 Πρῶτος
1353 4850 1557 4921 ἐκλήθη
1580 4888 1594 4913 ,
1622 4846 1717 4901 καὶ
1741 4863 1837 4899 τα-

254 4951 404 5019 xit»:
437 4951 744 5022 ὑπήκουσε·
781 4947 918 5019 πρὸς
952 4946 1068 5009 τοῖς
1093 4942 1360 5014 αἰγιαλοῖς
1391 4939 1636 5013 εὑρεθεὶς
1666 4940 1725 4991 ὲν
1760 4936 1837 5007 τῷ

255 5039 572 5110 ταραχώδει
618 5038 715 5092 τοῦ
748 5038 957 5107 κόσμου
1000 5032 1214 5106 χωρίῳ,
1249 5034 1278 5086 ὁ
1318 5033 1433 5094 τοῖς
1464 5028 1708 5100 κύμασιν
1749 5027 1838 5079 ἀεὶ

256 5132 364 5200 τῆς
389 5131 744 5204 ἁνθρωπικῆς
778 5128 944 5200 ζάλης
976 5122 1464 5200 περιψοφούμενος,
1495 5118 1837 5173 ἀδιάλειπτον

259 5220 383 5293 ἔχει
408 5223 511 5294 τὴν
547 5222 759 5293 βοῶσαν
799 5220 929 5292 περὶ
960 5218 1058 5282 τὰς
1094 5218 1280 5287 ἠϊόνας
1310 5214 1495 5284 εὐχήν.
1532 5210 1752 5283 Πρῶτος
1780 5210 1838 5262 ἐν

264 5308 611 5380 Χριστιανοῖς
656 5313 768 5366 τῶν
808 5310 1086 5382 κοσμικῶν
1132 5306 1271 5362 ὐλῶν
1303 5304 1709 5375 κατεφρόνησε,
1744 5302 1837 5356 καὶ

260 5400 382 5456 τῶν
406 5405 467 5457 ἓν
502 5406 625 5459 ποσὶ
662 5403 883 5459 πάντων
922 5399 1224 5473 ὑπεριδὼν,
1258 5397 1395 5467 πρὸς
1436 5396 1504 5450 τά
1536 5395 1701 5466 νοητά
1743 5393 1836 5447 καὶ

266 5492 613 5567 ὐπερκόσμια
643 5493 989 5567 μετετάξατο.

342 5692 385 5726 ⁸¹
426 5694 550 5766 Leg.
581 5698 797 5768 ἔχοντα.
872 5696 915 5728 ⁸³
950 5693 1069 5749 Aet.
1102 5708 1154 5761 ν,
1192 5692 1274 5747 l5.
1348 5690 1395 5722 ⁸³
1419 5687 1574 5745 Joan.
1604 5704 1711 5757 xiv,
1742 5687 1830 5740 l2.

1940 4497 2052 4551 suis
2122 4493 2341 4564 perinde
2384 4508 2447 4547 ac
2497 4491 2717 4546 Petrum
2770 4490 3086 4545 muneribus
3146 4487 3504 4557 locupletasse

1940 4586 2225 4657 pronuntio
2251 4603 2265 4640 :
2289 4584 2417 4655 quin
2452 4583 2699 4654 supernis
2727 4583 3011 4637 sublimem
3035 4579 3283 4636 effectum
3320 4579 3503 4643 donis,

1939 4678 2204 4733 universis
2257 4690 2381 4731 eum
2438 4675 2758 4746 praetulisse.
2809 4674 2896 4732 Uti
2929 4688 3058 4729 vero
3113 4668 3500 4739 discipulorum

1938 4766 2228 4834 primatum
2257 4772 2436 4830 tenet;
2471 4763 2641 4833 major
2668 4776 2884 4833 quoque
2915 4761 3054 4816 inter
3078 4759 3272 4814 fratres
3321 4770 3502 4810 rerum

1938 4857 2306 4923 experimento
2342 4866 2440 4921 per
2492 4851 2725 4921 Spiritus
2753 4851 2928 4906 sancti
2959 4850 3211 4904 virtutem
3254 4853 3510 4901 ostensus

1938 4950 2040 4995 est.
2074 4940 2289 4995 Primus
2336 4947 2594 5003 vocatus,
2625 4938 2732 4993 cito
2783 4936 3074 4993 obsecutus
3114 4941 3231 4998 est,
3278 4947 3400 4989 cum
3451 4934 3502 4986 in

1938 5030 2156 5096 littore,
2204 5028 2259 5082 in
2298 5025 2480 5081 mundi
2526 5025 2644 5080 loco
2689 5040 2886 5095 aSpero
2938 5025 3189 5080 inventus
3240 5029 3405 5076 esset.
3453 5022 3503 5075 Is

1943 5135 2173 5190 namque
2233 5118 2479 5173 humanae
2504 5130 2630 5170 eum
2661 5115 2991 5185 tempestatis
3026 5114 3224 5183 iugiter
3270 5111 3505 5167 circum-

1942 5205 2308 5277 strepentibus
2335 5204 2584 5261 ﬁuctibus
2602 5241 2617 5267 ,
2662 5205 2974 5257 continuum
3003 5201 3147 5255 circa
3173 5198 3354 5253 littora
3381 5212 3507 5266 prc-

1944 5311 2067 5351 cum
2107 5295 2396 5350 clamorem
2430 5308 2495 5348 ac
2527 5300 2647 5348 vota
2682 5291 2862 5346 habet.
2908 5289 3120 5345 Primus
3163 5287 3308 5343 inter
3348 5287 3506 5343 Chri-

1944 5386 2149 5441 stianos
2195 5384 2379 5439 saeculi
2427 5399 2516 5440 res
2554 5380 2788 5452 sprevit,
2840 5377 3219 5449 despectisque
3259 5377 3512 5435 omnibus

1946 5494 2064 5547 qua:
2086 5476 2140 5530 in
2168 5476 2391 5544 pedibus
2423 5490 2486 5529 ac
2518 5473 2783 5528 mundana
2812 5478 2957 5536 sunt,
2983 5471 3217 5527 studium
3244 5471 3506 5529 animum-

1949 5580 2049 5636 que
2080 5566 2143 5620 ad
2170 5563 2432 5634 spiritalia
2465 5578 2527 5618 ac
2561 5561 2797 5620 coelestia
2831 5558 3089 5616 traduxit.
