4048 6194
439 322 548 380 275

1715 317 1774 374 S.
1815 313 2089 372 ASTERH
2131 317 2272 373 AMA
2284 317 2434 375 SENI

3584 311 3688 365 9.76

511 442 667 498 Dicat
716 458 847 499 vero
890 443 1030 498 forte
1077 456 1262 495 eorum
1311 439 1535 510 aliquis,
1598 438 1688 507 qui
1728 451 2015 507 pauperem

2188 436 2297 490 Kal.
2330 436 2490 506 τυχὸν
2538 436 2655 505 ἐρεῖ
2701 451 2782 497 τις
2828 431 2936 487 τῶν
2994 432 3205 501 πένητα
3246 426 3339 480 καὶ
3382 425 3558 495 ἀφανῆ
3599 424 3693 479 τὸν

439 545 606 605 atque
638 537 926 591 obscurum
954 543 1040 597 ter
1062 535 1278 589 beatum
1320 532 1469 586 illum
1500 530 1773 600 appellare
1800 528 2013 584 solent:

438 630 576 692 Quid
636 627 911 681 enimvero
957 625 1046 680 ille
1098 625 1361 692 reliquit?
1404 622 1520 690 Qua
1570 638 1628 677 se
1675 621 2018 690 possessione

439 714 749 768 abdicavit?
815 713 1092 775 Universa,
1149 727 1181 767 ο
1226 712 1408 778 Ιιοιηο,
1466 708 1692 772 dimisit,
1752 724 1871 778 quae
1917 709 2016 763 ha-

437 804 577 857 buit.
634 801 840 869 Cuique
898 815 1039 867 vero,
1091 801 1232 870 quod
1283 800 1541 869 possidet,
1591 814 1840 869 magnu'n
1884 808 2015 854 est:

439 894 694 963 illudque,
737 893 934 947 divitia:
966 900 1124 957 sunt,
1152 893 1293 961 quod
1343 891 1516 945 tenuis
1570 904 1633 943 ac
1690 904 1894 959 egenus
1926 888 2018 942 ha-

437 988 548 1041 bet.
608 983 809 1040 Similis
871 984 1011 1053 apud
1062 983 1231 1038 Deum
1286 980 1474 1045 habet,
1530 990 1641 1035 tum
1691 981 1783 1050 qui
1829 994 2020 1035 currus

438 1075 693 1140 dimittit,
749 1084 863 1128 tum
915 1075 1004 1142 qui
1059 1074 1359 1128 contemnit
1396 1072 1629 1126 asinum.
1684 1069 1835 1138 Quod
1872 1069 2023 1123 enim

437 1161 589 1216 diviti
631 1162 784 1232 equis
851 1170 1086 1231 quatuor
1143 1168 1328 1215 vectus
1379 1173 1598 1221 currus,
1648 1158 1750 1213 hoc
1808 1156 2021 1212 clitellae

440 1251 574 1307 viles
611 1252 854 1320 pauperi.
905 1250 1137 1305 Perinde
1184 1259 1363 1304 autem
1404 1238 1755 1321 philosophus
1777 1256 1878 1312 est,
1907 1256 2018 1300 tum

441 1344 531 1411 qui
577 1351 889 1413 argenteam
952 1356 1016 1395 ac
1075 1340 1318 1395 historiis
1373 1341 1521 1393 varie
1581 1339 1885 1393 distinctam
1938 1353 2023 1391 or-

442 1446 762 1505 natamque,
804 1445 912 1488 tum
956 1433 1046 1503 qui
1086 1432 1322 1502 ligneam
1384 1430 1613 1498 vilisque
1662 1428 1819 1499 pretii
1871 1443 2020 1483 meu-

443 1544 559 1583 sam
597 1528 891 1596 relinquit;
928 1540 992 1580 ac
1031 1523 1308 1586 similiter,
1357 1531 1468 1576 tum
1502 1522 1593 1590 qui
1629 1520 1885 1589 frequens
1921 1520 2022 1574 hu-

444 1618 680 1673 tninibus
724 1619 1020 1688 oppidum,
1078 1628 1189 1671 tum
1250 1615 1342 1684 qui
1391 1614 1644 1684 exiguum
1695 1613 2018 1667 hortulum:

445 1712 537 1779 qui
577 1723 780 1766 vestem
835 1726 969 1765 auro
1024 1719 1260 1775 textam,
1308 1710 1509 1778 quique
1553 1717 1787 1762 veterem
1827 1722 1889 1761 ac
1926 1709 2020 1760 de-

446 1806 629 1858 tritam
686 1805 945 1859 tunicam.
992 1801 1109 1858 Non
1164 1805 1306 1858 enim
1353 1803 1493 1857 Deus
1540 1800 1881 1856 multitudine
1931 1809 2022 1853 aut
2056 1779 2096 1831 Β

445 1895 706 1965 qualitate
743 1910 929 1950 eorum
987 1911 1107 1965 qua:
1185 1896 1404 1958 dantur,
1438 1893 1779 1948 collationem
1814 1891 2022 1959 judicat

447 2003 511 2042 ac
553 1988 944 2042 humanitatem
971 2029 985 2051 ,
1030 1988 1121 2043 sed
1146 1997 1354 2057 gratam
1393 1988 1556 2041 habet
1585 2001 1646 2053 ac
1675 1985 1866 2054 probat
1889 1984 2023 2036 dan-

450 2085 518 2139 tis
554 2081 905 2137 voluntatem.
951 2081 1311 2148 Quamobrem
1356 2080 1517 2135 etiam
1559 2076 1907 2147 Evangelium
1937 2076 2017 2130 vi-

447 2176 608 2229 duam
673 2173 818 2228 illam
855 2174 931 2227 uti
973 2173 1198 2240 probam
1241 2172 1606 2241 depra'dicat,
1642 2185 1762 2239 quae
1804 2168 2020 2224 obolum

447 2267 720 2337 impertita
754 2275 931 2330 esset;
964 2264 1106 2334 quod
1138 2262 1266 2317 nihil
1296 2264 1606 2318 retinuisset
1647 2276 1836 2315 eorum
1905 2275 2024 2329 qua:

447 2357 684 2418 habebat
709 2357 775 2410 ⁸³.
811 2355 951 2422 Quin
983 2355 1146 2409 etiam
1171 2396 1185 2421 ,
1229 2354 1320 2423 qui
1364 2368 1517 2425 aquae
1565 2352 1771 2423 frigida:
1799 2350 2021 2406 calicem

449 2447 785 2518 prebuerit,
847 2445 1082 2515 expediti
1179 2458 1366 2498 revera
1443 2442 1729 2511 facilisque
1792 2440 2024 2496 convivii

449 2538 775 2603 mercedem,
816 2553 1037 2605 regnum
1065 2546 1388 2606 accepturus
1409 2535 1576 2590 est”.
1611 2534 1686 2589 Eo
1712 2532 1855 2589 enim
1882 2531 2026 2602 quod

449 2630 803 2700 suppetebat,
834 2630 1068 2683 sitientis
1113 2629 1498 2682 necessitatem
1525 2625 1770 2691 curavit;
1813 2622 2025 2677 tametsi

450 2721 560 2781 vini
596 2720 811 2775 odorati
850 2734 915 2774 ac
960 2719 1209 2789 generosi
1238 2718 1307 2773 ob
1337 2725 1708 2786 paupertatem
1738 2715 1891 2785 copia
1921 2728 2024 2767 non

450 2822 586 2866 crat.
620 2808 747 2864 llaec
780 2824 945 2879 porro
978 2823 1073 2876 per
1112 2807 1497 2877 indulgentiam
1533 2806 1675 2861 dico.
1704 2804 1857 2859 Haud
1880 2805 2025 2859 enim

452 2916 698 2971 prorsus,
734 2910 795 2955 ut
820 2899 941 2968 quis
980 2899 1242 2969 piscator,
1285 2899 1426 2952 idem
1460 2908 1514 2952 et
1547 2911 1751 2968 pauper
1776 2897 2024 2952 exsistat.

450 2994 533 3049 An
586 2991 767 3046 nescis
818 2989 1144 3059 piscatorem
1194 2988 1515 3057 margaritas
1561 2986 1828 3055 captare?
1884 2984 2027 3039 Mur-

453 3084 641 3154 garitae
668 3091 873 3148 autem,
907 3080 1007 3136 ﬂos
1036 3089 1161 3136 sunt
1200 3080 1552 3149 superbarum
1583 3077 2026 3148 excelsarumqne

453 3175 786 3238 divitiarum,
807 3173 1004 3243 quibus
1033 3188 1186 3243 reges
1228 3179 1531 3228 ornantur:
1563 3171 1757 3241 quibus
1792 3169 2024 3234 feminae,

454 3281 614 3335 opum
671 3265 875 3334 pariter
934 3281 1000 3320 ac
1064 3274 1290 3319 ornatus
1354 3272 1642 3327 amantes,
1707 3261 2025 3332 gloriantur.

458 3358 702 3412 Piscator
739 3371 1032 3426 purpuram
1087 3355 1294 3421 inficit,
1341 3355 1681 3408 deeantatam
1739 3353 1914 3420 illam,
1968 3368 2030 3409 ac

457 3446 670 3516 imperii
699 3446 945 3515 insigniis
975 3445 1265 3499 addictam.
1294 3443 1602 3497 Piscatores
1649 3442 1921 3497 subflavas
1963 3458 2029 3497 ac

457 3540 604 3595 velut
639 3553 773 3593 auro
799 3536 992 3591 rutilas
1031 3535 1181 3590 lanas
1216 3535 1467 3605 tingunt,
1499 3534 1696 3603 quibus
1722 3534 1915 3603 pinnas
1938 3533 2034 3588 ila—

450 3639 553 3680 vas
585 3624 827 3693 capiunt.
875 3621 1030 3678 Haud
1071 3638 1201 3693 ergo
1246 3637 1434 3678 eorum
1497 3622 1631 3677 artis
1672 3623 2032 3678 instrumenta

457 3715 750 3785 spectanda
805 3714 933 3771 sint,
966 3722 1219 3782 tanquam
1263 3712 1388 3767 vilia
1421 3728 1485 3767 ac
1515 3721 1860 3781 contempta;
1897 3720 2032 3777 rete,

461 3808 715 3876 inquam,
755 3822 820 3861 ac
854 3805 999 3861 hami
1028 3823 1041 3858 :
1069 3821 1133 3859 ex
1186 3820 1253 3860 eo
1309 3815 1491 3860 autem
1554 3804 1695 3875 quod
1753 3814 2029 3868 exercent,

459 3914 647 3954 eorum
688 3897 974 3953 facultates
1005 3897 1247 3951 noveris.
1276 3896 1491 3967 Alioqui
1533 3897 1701 3963 enim,
1735 3896 1869 3951 nihil
1893 3897 2035 3965 agri-

460 3990 672 4045 cultura
717 3990 1006 4059 pauperius
1048 3998 1342 4053 occurrat,
1387 3998 1445 4043 ut
1479 4004 1548 4043 ex
1578 3988 1755 4060 ligone
1787 4004 1852 4044 ac
1887 4000 2038 4042 rutro

460 4084 579 4153 ejns
601 4083 726 4153 quis
751 4083 942 4152 probet
975 4081 1217 4137 divitias.
1257 4081 1363 4137 Sed
1395 4092 1448 4137 et
1479 4082 1513 4137 ii
1549 4082 1639 4151 qui
1671 4096 1850 4152 regem
1887 4081 2035 4136 illum

2054 3128 2101 3192 C

2117 528 2520 601 τρισμακάριον
2563 526 2768 578 ἐκεῖνον
2830 520 3247 577 ἀποκαλούντων
3269 535 3284 549 ⁶
3328 516 3393 571 Τί
3435 514 3549 601 γὰρ
3586 515 3698 568 άπ-

2118 597 2309 687 έθετο;
2356 597 2421 674 Τί
2447 621 2504 675 δὲ
2533 619 2914 690 ἀπεκτήσατο;
2949 613 3134 669 Πάντα
3164 610 3266 664 ὅσα
3290 602 3467 676 εῖχεν,
3517 597 3562 657 ὧ
3603 606 3698 661 άν-

2122 712 2307 783 θρωπε
2328 729 2340 743 υ
2374 710 2590 782 ἑκάστῳ
2618 709 2696 775 δὲ,
2717 708 2747 761 δ
2774 708 3057 778 κέκτηται,
3084 703 3225 776 μέγα
3246 717 3262 733 ·
3296 700 3517 752 κάκεῖνο
3534 697 3701 751 πλοῦ-

2119 819 2231 866 τος,
2260 802 2289 855 ὃ
2322 801 2436 872 ἔχει
2476 801 2761 871 ἀκτήμων.
2789 798 3017 869 Ὀμοιος
3065 793 3219 865 παρά
3254 789 3333 861 τῷ
3356 789 3476 861 Θεῷ
3506 784 3725 858 φαίνε-⁹

2118 913 2230 957 ται,
2273 895 2428 949 κα.ίὸ
2458 893 2528 947 τὰ
2554 894 2777 965 ἆρματα
2805 889 3162 960 ἀποθέμενος,
3190 886 3285 940 καὶ
3310 884 3339 936 6
3366 884 3705 953 καταφρονή-

2122 1005 2222 1052 σας
2282 988 2376 1042 τοῦ
2441 986 2584 1040 ὄνου.
2631 986 2806 1055 Ὅπερ
2878 983 2987 1054 γάρ
3032 983 3148 1034 ἐστι
3210 977 3287 1046 τῷ
3357 977 3594 1047 πλουσίῳ
3638 974 3705 1028 τδ

2117 1078 2447 1153 τέθριππον,
2491 1077 2650 1131 τοῦτο
2676 1076 2755 1148 τῷ
2769 1076 2961 1146 πένητι
2991 1076 3020 1128 6
3047 1073 3268 1145 εὐτελὴς
3279 1069 3704 1141 κανθήλιος.Φι-

2119 1171 2346 1238 λόσοςρος
2373 1170 2431 1223 δέ
2459 1172 2609 1222 ἐστιν
2641 1168 2862 1239 ὁμοίως,
2896 1167 2990 1221 καὶ
3016 1168 3044 1219 6
3077 1164 3174 1236 τὴν
3198 1163 3444 1235 ἀργυρᾶν
3471 1159 3707 1214 καταλι-

2121 1261 2239 1317 πὼν
2261 1263 2559 1335 τράπεζαν,
2580 1261 2679 1326 τὴν
2702 1262 2823 1323 ταῖς
2843 1257 3109 1329 ἱστορίαις
3130 1252 3578 1323 πεποικιλμένην,
3606 1249 3708 1305 καὶ

2120 1358 2148 1409 6
2176 1356 2275 1426 τὴν
2299 1353 2516 1423 ξυλίνην
2552 1352 2650 1424 τὴν
2681 1351 2910 1405 εὔωνον·
2942 1348 3146 1419 ὁμοίως
3178 1346 3273 1398 καὶ
3315 1347 3343 1397 6
3373 1343 3471 1414 τὴν
3504 1340 3707 1412 κώμην

2121 1449 2221 1517 τὴν
2269 1445 2729 1517 πολυάνθρωπον,
2768 1444 2863 1497 καὶ
2910 1441 2971 1495 τὸ
3015 1439 3209 1512 μικρὸν
3246 1435 3479 1506 κηπίον·
3530 1436 3560 1487 6
3602 1430 3708 1504 τὴν

2124 1536 2326 1608 ἐσθῆτα
2350 1536 2449 1607 τὴν
2476 1535 2871 1607 χρυσόπαστον,
2907 1533 3003 1586 καὶ
3029 1531 3121 1584 τὸν
3150 1525 3601 1598 πεπαλαιωμένον
3631 1542 3711 1596 χι-

2122 1626 2287 1681 τῶνα.
2321 1627 2396 1679 Οὐ
2424 1624 2531 1695 γὰρ
2567 1626 2625 1676 ὲν
2652 1622 2731 1693 τῷ
2756 1621 2950 1693 πλήθει
2982 1619 3077 1673 καὶ
3105 1621 3172 1689 τῇ
3203 1615 3449 1685 ποιότητι
3488 1612 3595 1666 τῶν
3621 1612 3709 1665 δι-

2124 1718 2362 1787 δομένων
2417 1719 2446 1770 6
2509 1716 2639 1780 Θεὸς
2692 1715 2754 1767 τὸ
2798 1712 3144 1785 μεταδοτικὸν
3187 1710 3283 1763 καὶ
3325 1706 3711 1777 φιλάνθρωπον

2126 1810 2321 1879 κρίνει·
2346 1808 2481 1862 ἀλλὰ
2506 1808 2604 1879 τὴν
2637 1807 2956 1878 προαίρεσιν
2981 1802 3306 1872 ἀποδέχεται
3328 1798 3422 1853 τοῦ
3448 1796 3705 1860 διδόντος.

2127 1898 2217 1951 Διὸ
2246 1899 2341 1952 καὶ
2372 1897 2472 1969 τὴν
2504 1898 2681 1969 χήραν
2716 1896 2950 1967 ἐκείνην,
2985 1894 3060 1957 ὼς
3091 1890 3410 1961 εὐγνώμονα
3438 1886 3711 1959 κηρύσσει

2125 1993 2187 2047 τὸ
2214 1992 2569 2062 Εὑαγγέλιον,
2604 1991 2704 2059 τὴν
2740 1990 2800 2043 τὸ
2834 1988 3020 2043 ὀϐολὸν
3050 1984 3355 2039 ἐπιδοῦσαν·
3388 1981 3576 2052 ἐπειδὴ
3604 1998 3713 2051 μη-

2126 2084 2215 2137 δὲν
2256 2082 2705 2155 παρακατέσχεν,
2742 2073 2817 2134 ὧν
2859 2075 2992 2150 εἶχε.
3035 2078 3146 2131 Καὶ
3187 2078 3216 2129 6
3262 2074 3324 2127 τὸ
3363 2075 3620 2143 ποτήριον
3652 2070 3711 2123 δὲ

2127 2175 2323 2248 ὀρέξας
2358 2175 2455 2229 τοῦ
2492 2174 2702 2247 ψυχροῦ
2740 2172 2954 2236 ὕδατος,
2989 2168 3254 2240 λαμϐάνει
3284 2165 3473 2238 μισθὸν
3496 2164 3598 2234 τῆς
3622 2163 3712 2216 δν-

2127 2284 2236 2331 τως
2263 2266 2485 2321 εύκόλου
2515 2266 2839 2332 δὲξιώσεως,
2861 2263 2958 2335 τὴν
2984 2260 3282 2333 βασιλείαν.
3307 2251 3378 2330 ’ᾩ
3405 2257 3514 2328 γὰρ
3539 2250 3712 2325 εῖχεν,

2129 2359 2463 2430 ἐθεράπευσε
2492 2356 2588 2412 τοῦ
2603 2357 2865 2427 διψῶντος
2895 2355 2993 2426 τὴν
3025 2352 3306 2425 χρείαν,εἱ
3335 2351 3430 2404 καὶ
3464 2348 3539 2420 μὴ
3567 2365 3718 2420 παρ-

2130 2452 2196 2522 ἦν
2224 2450 2373 2521 αὐτῷ
2392 2445 2534 2514 οἶνος
2564 2448 2864 2519 ἀνθοσμίας
2892 2446 2980 2499 διὰ
3016 2440 3232 2497 πενίαν.
3255 2442 3441 2522 Τὴαὖτα
3484 2440 3542 2493 δὲ
3567 2439 3718 2508 λέγω

2131 2514 2273 2596 κατά
2320 2514 2700 2612 συγχώρησιν,
2735 2514 2860 2591 ἐπεὶ
2901 2537 2963 2589 οὐ
3010 2535 3260 2600 πάντως,
3294 2514 3350 2586 ὲι
3376 2548 3460 2595 τις
3502 2529 3714 2593 ἁλιεὺς,

2131 2627 2285 2697 οὗτος
2311 2633 2404 2686 καὶ
2432 2632 2621 2703 πένης.
2654 2631 2768 2684 Οὐκ
2795 2626 2972 2693 οἶδας,
3003 2627 3079 2690 ὼς
3130 2626 3315 2689 ἁλιεὺς
3358 2620 3718 2696 μαργαριτῶν

2131 2724 2251 2775 ἐστι
2280 2722 2552 2793 θηρευτής
2577 2738 2592 2787 ;
2619 2722 2968 2792 Μαργαρῖται
2997 2719 3054 2772 δὲ
3076 2761 3090 2784 ,
3118 2716 3277 2781 ἄνθος
3305 2716 3413 2770 είσὶ
3445 2713 3540 2768 τοῦ
3572 2712 3713 2782 γαύ-

2136 2830 2232 2885 ρου
2256 2813 2348 2866 καὶ
2375 2810 2679 2882 ὕψαύχενος
2706 2809 2960 2874 πλούτου,
2987 2803 3069 2872 οἷς
3092 2806 3332 2879 βασιλεῖς
3359 2804 3716 2871 κοσμοῦνται,

2132 2898 2216 2967 οἷς
2242 2904 2498 2971 γυναῖκες
2526 2901 2869 2972 φιλόπλουτοι
2908 2902 3000 2955 καὶ
3026 2900 3346 2971 φιλόκοσμοι
3387 2893 3721 2965 ὲπαγάλλον-

2132 3012 2242 3048 ται.
2285 2992 2493 3057 Ἀλιεὺς
2525 2992 2720 3064 βάπτει
2754 2993 2852 3064 τὴν
2887 2990 3182 3062 ἁλουργίδα
3218 2990 3317 3062 τὴν
3343 2987 3718 3060 πολυθρύλλη-

2133 3102 2244 3151 τον,
2283 3084 2378 3139 καὶ
2412 3083 2797 3156 ἀφιερωμένην
2834 3086 2900 3155 τῇ
2929 3082 3203 3155 βασιλείᾳ·
3241 3081 3411 3145 ἁλιεῖς
3448 3079 3718 3150 βάπτουσι

2130 3175 2200 3229 τά
2231 3175 2515 3247 ύπόχρυσα
2538 3174 2648 3228 τῶν
2671 3173 2854 3245 ὲρίων,
2886 3171 2982 3243 τὴν
3015 3170 3214 3243 ξανθὴν
3240 3169 3432 3226 πίνναν
3453 3166 3718 3240 θηρεύον-

2129 3284 2243 3331 τες.
2271 3266 2346 3319 υύ
2375 3265 2555 3319 τοίνυν
2578 3264 2658 3317 δεῖ
2679 3264 2968 3336 προσέχειν
2990 3264 3106 3326 τοῖς
3125 3260 3379 3334 ὀργάνοις
3397 3261 3495 3331 τῆς
3518 3260 3723 3332 τέχνης

2131 3356 2335 3423 αὐτῶν,
2360 3355 2435 3420 ὡς
2464 3353 2687 3419 εὐώνοις
2719 3355 2815 3409 καὶ
2856 3354 3375 3425 εὐκαταφρονήτως,
3410 3350 3488 3423 τῷ
3513 3352 3724 3423 δικτύῳ

2134 3448 2307 3521 φημὶ,
2341 3448 2575 3510 καὶτοῖς
2610 3445 2962 3517 ἀγκίστροις·
3003 3444 3121 3499 ἀλλ’
3148 3446 3214 3498 ἐκ
3249 3444 3347 3516 τῆς
3387 3443 3723 3515 τελουμένης

2133 3539 2410 3613 ἐργασίας,
2442 3539 2498 3591 αι
2530 3537 2777 3610 εὐπορίαι
2809 3537 3314 3608 καταμανθάνονται
3333 3554 3347 3566 ·
3379 3535 3504 3589 ἐπεί
3531 3535 3617 3588 τοί
3642 3551 3709 3604 γε

2134 3632 2253 3686 κατ’
2287 3634 2492 3685 ἐκεῖνον
2520 3631 2611 3685 τὸν
2649 3631 2839 3700 λόγον,
2867 3630 3020 3684 οὐδὲν
3058 3630 3381 3700 πενέστερον
3408 3628 3576 3700 εὕρῃς
3607 3627 3712 3697 τῆς

2134 3725 2429 3798 γεωργίας,
2466 3726 2516 3778 εί
2549 3724 2657 3778 ἀπὸ
2686 3724 2786 3794 τῆς
2824 3721 3076 3794 δικέλλης
3107 3721 3204 3776 καὶ
3238 3722 3337 3793 τῆς
3362 3722 3648 3791 σκαπάνης
3695 3721 3728 3774 6

2136 3813 2366 3878 πλοῦτος
2391 3814 2561 3885 αὐτῆς
2584 3812 2947 3885 δοκιμάζοιτα
2977 3814 3209 3884 Ἀποροι
3236 3812 3293 3865 δὲ
3317 3809 3596 3874 παντελῶς
3626 3809 3728 3863 καὶ

2137 3906 2187 3959 oi
2217 3906 2310 3959 τὸν
2339 3905 2541 3976 χρυσὸν
2573 3904 2980 3977 ἀνορύττοντες,
3023 3904 3114 3957 τὸν
3150 3900 3377 3973 βασιλέα
3422 3898 3517 3955 τοῦ
3551 3899 3729 3953 πλού-

2138 4013 2252 4049 του.
2298 3996 2414 4049 Μία
2442 3997 2551 4068 γὰρ
2579 3997 2763 4059 αὐτοῖς
2784 3986 2939 4066 ἀξίνη
2972 3996 3257 4066 συνεργεῖ·
3291 3991 3500 4057 ξύλινος
3532 3991 3727 4058 πίναξ,

2138 4089 2168 4140 6
2195 4087 2294 4157 τῆς
2318 4087 2424 4157 γῆς
2455 4087 2546 4140 τὸν
2585 4087 2784 4159 χρυσὸν
2816 4086 3151 4157 ἀποκρίνων.
3185 4083 3504 4154 Σιγάτωσαν
3539 4082 3729 4137 τοίνυν

462 4177 810 4241 divitiarum,
872 4190 1063 4232 aurum
1130 4174 1376 4241 fodiunt,
1437 4175 1626 4244 inOpes
1685 4184 1867 4230 erunt.
1914 4173 2030 4229 Sola

2141 4177 2345 4232 ἐθνικοὶ
2380 4180 2476 4231 καὶ
2515 4177 2787 4249 Ἑϐραῖοι,
2822 4179 2877 4230 οίι
2900 4177 3092 4249 Πέτρῳ
3121 4176 3311 4230 πενίαν
3346 4174 3727 4240 ὀνειδίζοντες,

459 4271 660 4341 quippe
712 4268 855 4324 ascia
915 4267 996 4323 eis
1037 4268 1158 4322 usui
1201 4276 1318 4331 est,
1352 4281 1415 4320 ac
1439 4266 1614 4335 lignea
1642 4266 1903 4331 scutella,
1933 4282 2030 4336 qua

2142 4269 2236 4323 καὶ
2274 4270 2382 4322 ἀπὸ
2414 4269 2506 4321 τοῦ
2543 4268 2736 4333 ἁλιέως
2772 4268 3094 4339 σμικρύνειν
3120 4267 3213 4321 τὸν
3246 4267 3420 4339 μέγαν
3447 4265 3733 4337 πειρώμε-

465 4376 657 4416 aurum
706 4359 1021 4415 discernant
1050 4372 1079 4413 a
1122 4366 1288 4412 terra.
1315 4355 1552 4410 Taceant
1598 4354 1781 4424 itaque
1815 4355 2030 4427 gentiles

2143 4379 2253 4417 νοι·
2285 4363 2381 4415 καὶ
2410 4361 2798 4426 καταλιπόντες
2839 4361 2907 4416 τὰ
2949 4360 3172 4414 τοιαῦτα
3204 4359 3604 4431 κομψεύεσθαι,
3640 4358 3735 4411 λε-

468 4451 817 4519 llebraaique,
862 4449 954 4516 qui
981 4448 1141 4502 Petro
1162 4454 1536 4516 paupertatem
1564 4447 1898 4516 exprobrant
1922 4486 1938 4512 ,
1961 4454 2030 4500 at-

2145 4453 2392 4524 γέτωσάν
2427 4470 2516 4523 μοι
2548 4452 2971 4524 πυνθανομένῳ·
3002 4453 3099 4524 Τίς
3128 4452 3353 4514 ἀλιέων,
3386 4450 3420 4521 ἢ
3446 4450 3555 4503 τῶν
3585 4451 3732 4504 πάν-

465 4560 573 4615 que
611 4558 641 4597 a
681 4541 968 4611 piscatoris
991 4548 1108 4593 arte
1140 4555 1389 4609 magnum
1426 4539 1575 4593 illum
1601 4539 1905 4609 deprimere
1931 4551 2045 4596 ten-

468 4644 603 4689 tant.
629 4630 776 4686 Talia
800 4645 930 4685 vero
955 4628 1172 4699 gloriari
1199 4637 1499 4693 cessantes,
1531 4629 1732 4695 dicant,
1753 4644 1905 4699 rogo,
1922 4644 2044 4698 per—

466 4722 710 4779 contanti
767 4721 901 4777 mihi
937 4736 951 4775 :
986 4720 1247 4788 Quisnam
1301 4719 1558 4789 piscator,
1607 4732 1702 4774 aut
1748 4719 2044 4776 universim

469 4816 665 4881 homo,
712 4829 874 4883 supra
928 4827 1074 4867 mare
1112 4811 1277 4880 pedes
1308 4811 1574 4868 incessit?
1610 4810 1744 4879 Quis
1780 4826 1941 4882 supra
1972 4813 2046 4868 la-

469 4924 591 4964 cum
618 4916 851 4962 stantem
882 4920 1130 4978 gressum
1156 4905 1294 4969 fixit,
1320 4904 1394 4957 uti
1424 4903 1513 4958 ille
1536 4918 1695 4971 supra
1721 4901 1915 4959 ﬂuctus
1935 4906 2049 4975 agi-

472 5012 615 5057 tatos
653 4999 876 5054 ventis?
902 4999 1035 5053 Cum
1064 4996 1207 5051 enim
1247 4995 1389 5051 Deus
1418 4994 1508 5050 ille
1554 5005 1760 5062 noster,
1790 5012 1911 5066 qua:
1936 4996 2052 5065 ejus

472 5093 720 5148 bonitas!
764 5090 927 5146 multa
961 5104 1057 5159 per
1096 5104 1222 5142 suos
1266 5102 1453 5143 servos
1480 5089 1715 5157 'patrarit
1765 5089 2048 5153 miracula,

474 5202 593 5241 cum
624 5186 751 5240 olim
784 5185 837 5238 in
865 5182 1072 5253 republ.
1109 5179 1322 5235 lsi-aclis
1347 5222 1360 5245 ,
1396 5188 1506 5234 tum
1539 5181 1737 5249 quibus
1767 5182 2052 5247 postremis

476 5276 836 5345 temporibus,
887 5273 1119 5343 benigna
1185 5270 1485 5325 Salvatoris
1536 5269 1705 5323 nostri
1745 5267 2050 5324 lncarnatio

478 5366 679 5420 mundo
723 5365 965 5421 exhibita
1016 5374 1099 5418 est
1133 5382 1146 5417 :
1179 5361 1354 5417 nullus
1409 5370 1586 5415 tamen
1630 5373 1840 5423 eorum,
1889 5360 1979 5428 qui
2017 5376 2046 5413 a

2138 4562 2247 4598 των
2282 4542 2587 4615 ἀνθρώπων
2616 4542 2878 4608 ὲπέξευσε
2909 4542 3215 4611 θάλασσαν;
3244 4542 3339 4603 Τίς
3368 4541 3563 4611 ἔστησε
3591 4540 3736 4594 πόδα

2140 4634 2282 4689 κατὰ
2313 4634 2509 4706 λίμνης
2534 4634 2798 4705 ἑστώσης,
2822 4634 2898 4699 ὡς
2927 4637 3132 4698 ἐκεῖνος
3158 4633 3299 4688 κατὰ
3326 4633 3585 4702 κυμάτων
3614 4635 3735 4697 τοῖς

2141 4727 2362 4798 ἀνέμοις
2390 4728 2821 4798 τινασσομένων;
2853 4726 2960 4780 Τοῦ
2991 4726 3101 4799 γὰρ
3124 4726 3260 4780 Θεοῦ
3285 4724 3442 4799 ἡμῶν
3472 4722 3565 4776 τοῦ
3591 4724 3739 4792 ἀγα-

2145 4817 2262 4882 θοῦ,
2300 4818 2471 4871 πολλά
2512 4817 2765 4887 θαύματα
2807 4816 2895 4870 διὰ
2941 4816 3050 4871 τῶν
3087 4815 3306 4870 οίκείων
3344 4813 3545 4869 δούλων
3577 4812 3739 4867 τελέ⁴

2152 4924 2363 4971 σαντος,
2391 4908 2483 4961 ὲπί
2504 4925 2561 4959 τε
2594 4908 2693 4975 τῆς
2723 4907 2997 4971 πολιτείας
3022 4907 3116 4960 τοῦ
3161 4906 3377 4978 Ἰσραὴλ
3398 4905 3460 4958 τὸ
3477 4905 3732 4976 ἀρχαῖον,

2151 5001 2254 5052 κάν
2285 5003 2397 5062 τοῖς
2429 4999 2655 5070 ὕστερον
2693 4999 2927 5069 χρόνοις,
2972 5002 3029 5053 ὲν
3062 4994 3144 5063 οἷς
3175 5002 3207 5072 ή
3242 4997 3621 5070 φιλάνθρωπος
3654 4997 3738 5050 oi-

2152 5090 2380 5161 κονομία
2413 5089 2508 5143 τοῦ
2542 5091 2980 5163 Σωτῆροςγήμῶν
3009 5093 3254 5163 ἐπεφάνη
3280 5090 3356 5162 τῷ
3385 5091 3575 5160 κόσμῳ
3598 5105 3613 5119 ·
3643 5089 3740 5142 ού-

2151 5181 2263 5244 δεὶς
2293 5181 2400 5234 τῶν
2449 5181 2507 5248 ἐξ
2564 5183 2739 5254 ἀρχῆς
2787 5185 2867 5248 είς
2916 5184 3069 5249 τέλος
3108 5184 3305 5253 ἁγίων,
3350 5181 3606 5252 τοιαύτην
3645 5179 3739 5233 διὰ

2156 5271 2395 5335 πίστεως
2424 5272 2578 5336 ἰδίας,
2615 5274 2707 5326 καὶ
2744 5275 2840 5346 τῆς
2866 5274 3071 5330 ἀνωθεν
3099 5275 3349 5348 χάριτος,
3382 5271 3583 5344 πρᾶξιν
3614 5273 3771 5323 επις·

2153 5365 2367 5419 τελέσαι
2404 5366 2673 5436 φαίνεται.
3012 5381 3024 5391 ·

484 5457 748 5529 principio
784 5458 838 5512 in
869 5460 1030 5514 linem
1077 5471 1248 5527 usque
1289 5453 1818 5522 clarueruntsancti,
1861 5453 1966 5510 fide
2001 5471 2096 5512 sua
2137 5474 2199 5514 ac
2240 5476 2471 5530 superna
2514 5461 2683 5531 gratia
2708 5505 2721 5529 ,
2752 5478 2864 5517 rem
2895 5459 3155 5531 ejusmodi
3195 5459 3439 5514 noscitur
3476 5457 3738 5528 gessisse.

556 5753 603 5793 ιδ
641 5753 773 5816 Luc.
810 5770 924 5821 XXI,
950 5755 1072 5810 2%.
1152 5757 1195 5789 ⁸³
1224 5757 1413 5812 Matth.
1440 5772 1492 5825 Χ,
1525 5757 1614 5811 42.
