4048 6194
293 299 377 353 277
1161 297 1449 353 llOMlLIA
1482 298 1616 358 Vill.
1660 298 1723 354 ΙΝ
1766 298 1866 353 SS.
1886 298 2183 354 ,ΡΕτιιυιι
2220 299 2305 353 ΕΤ
2346 299 2655 357 Ριιυιυιτι.

3404 298 3509 353 2'73

345 419 667 489 Θαυμαστδς
700 421 727 471 ὸ
764 417 1031 486 Μωῦσῆς,
1071 418 1304 486 πέλαγος
1344 419 1470 479 ἄνευ
1523 418 1722 471 πλοίων
1754 434 1847 469 πε-

2023 418 2286 474 Mirabilis
2308 418 2521 487 quidem
2555 418 2763 488 Moyses
2799 417 2942 473 nullo
2984 419 3194 487 navigio
3240 415 3511 485 trajicions

292 506 569 579 ραιωθείς’
610 506 742 560 ἀλλὰ
770 506 867 575 γῆν
900 504 1215 571 ἐπέζευσεν,
1252 501 1284 581 ᾖ
1316 507 1477 578 νόμος
1521 506 1846 579 ἀνθρώποις,

290 598 431 652 ἐνθεν
460 597 559 652 τοῦ
588 598 769 660 ὓδατος
806 596 1221 662 ἀναστέλλοντος
1259 599 1394 670 πρὸς
1426 599 1634 652 ἑαυτόν.
1662 598 1849 669 Μέγας

291 690 379 743 καὶ
400 690 428 742 ὁ
457 690 661 760 Ἰησοῦς
678 691 705 741 ό
718 688 904 742 τούτου
932 688 1193 760 διάδοχος,
1212 690 1292 742 ὅτι
1317 689 1408 743 τὸν
1434 689 1701 761 Ἰορδάνην
1717 692 1846 742 ἐπε-

297 779 495 851 ραιώθη
514 819 529 843 ,
556 780 688 851 ὑπὲρ
722 778 820 843 τὰς
851 778 1019 850 ὄχθας
1047 779 1440 852 πλημμύροντα
1462 797 1476 812 ⁸
1505 780 1621 834 ἀλλ’
1650 781 1848 851 ὁμοίως

295 871 388 941 τῆς
430 869 685 941 Ἐρυθρᾶς
708 869 1021 941 Θαλάσσης,
1066 871 1313 934 κάκεῖνος
1355 870 1587 941 διασχὼν
1630 871 1845 934 ἑαυτὸν,

303 961 386 1015 καὶ
407 961 670 1031 ἀνακόιςιας
695 961 757 1014 τὸ
779 961 1018 1034 ῥεῖθρον,
1039 961 1203 1015 ἔδωκε
1228 961 1305 1033 τῷ
1332 962 1708 1033 περαιουμένῳ
1734 961 1848 1033 λαῷ

307 1050 493 1122 γυμνὴν
518 1051 613 1122 τὴν
640 1050 814 1123 ξηρὰν
859 1053 941 1113 είς
984 1050 1256 1104 ἐπίϐασιν.
1290 1050 1476 1114 οὐδεὶς
1504 1050 1560 1103 δέ
1584 1068 1722 1125 ποτε
1759 1054 1847 1105 ἀν-

305 1142 427 1213 δρῶν
446 1143 577 1196 κατά
606 1141 800 1207 ὓδατος
827 1144 1015 1215 ἤρεισε
1032 1143 1186 1197 πόδα.
1221 1142 1353 1196 Οὐδὲ
1375 1142 1482 1215 γὰρ
1508 1146 1536 1196 ὁ
1561 1143 1721 1213 νόμος
1745 1143 1847 1213 τῆς

304 1232 491 1303 φύσεως
513 1233 891 1304 καταδέχεται,
922 1233 1021 1304 τὴν
1047 1232 1213 1305 ὀργὰν
1249 1231 1317 1304 [ί.
1347 1231 1500 1304 ὓλην]
1545 1232 1716 1304 ὑγρὰν
1752 1233 1846 1286 καὶ

293 1324 520 1393 ῥέουσαν,
548 1322 798 1394 ἀντέχειν
826 1322 906 1395 τῷ
937 1324 1141 1396 στερεῷ
1173 1324 1266 1378 καὶ
1294 1324 1554 1388 πιέζοντι.
1596 1326 1752 1377 Δοκεῖ
1788 1323 1844 1376 δέ

288 1429 368 1483 μοι
389 1415 416 1466 ό
439 1413 549 1466 τῶν
576 1414 716 1467 ὅλων
738 1414 945 1485 Κύριος
971 1416 1065 1469 καὶ
1095 1416 1371 1487 Δεσπότης
1389 1455 1403 1479 ,
1445 1413 1845 1485 ὑπεραγασθεὶς

287 1504 575 1575 τηνικαῦτα
619 1506 719 1576 τὴν
763 1506 1131 1577 ύπερξέουσαν
1160 1507 1254 1561 τοῦ
1293 1507 1484 1578 ἀνδρὸς
1527 1505 1840 1576 ἐπιθυμίαν,

286 1598 392 1668 μεθ’
425 1595 494 1669 ἧς
534 1599 804 1671 ἐκέκραγε
842 1600 1037 1669 λέγων,
1066 1601 1376 1656 Κέλευσόν
1404 1618 1481 1670 με
1517 1600 1715 1655 ἐλθεῖν
1745 1599 1842 1653 ἐπὶ

282 1689 378 1743 τοῦ
423 1690 647 1755 ὕδατος
683 1691 857 1759 πρὸς
885 1692 992 1755 σὲ,
1054 1691 1242 1763 μισθδν
1285 1692 1433 1762 αὐτῷ
1488 1692 1585 1761 τῆς
1646 1689 1843 1759 πολλῆς

282 1780 491 1851 ἀγάπης
521 1782 617 1835 καὶ
647 1783 883 1846 πίστεως
905 1823 919 1847 ,
956 1784 1170 1855 ἐκείνην
1203 1782 1384 1837 δοῦναι
1408 1782 1506 1853 τὴν
1531 1782 1723 1852 καινὴν
1751 1781 1842 1834 καὶ

283 1871 577 1942 παράδοξον
600 1872 781 1943 χάριν,
814 1868 884 1944 ἦς
924 1873 1137 1943 Πέτρος,
1162 1873 1335 1943 ἐφάνη
1370 1870 1612 1934 δεκτικὸς
1660 1870 1837 1940 μόνος,

282 1962 380 2016 ἀπὸ
406 1962 516 2017 τῶν
551 1964 611 2030 ἐξ
654 1964 824 2035 Ἀδάμ
851 1966 951 2018 καῖ
975 1965 1135 2037 μέχρι
1164 1965 1348 2027 τέλους
1380 1963 1701 2035 ἀνθρώπων.
1732 1963 1841 2015 Καὶ

290 2052 382 2124 γὰρ
409 2053 617 2124 ἀληθὴς
647 2055 740 2107 καὶ
777 2054 1052 2127 ἐξαίρετος
1078 2053 1173 2108 τοῦ
1200 2053 1333 2107 Θεοῦ
1359 2093 1373 2118 ,
1408 2054 1441 2123 ἡ
1465 2052 1566 2122 τῆς
1589 2050 1842 2120 τοιαύτης

283 2145 680 2216 μεγαλουργίας
703 2144 979 2211 ἐπίδειξις,
1011 2145 1349 2217 ὑπερέχουσα
1370 2143 1468 2216 τὴν
1493 2142 1593 2213 τῆς
1615 2143 1843 2203 κτίσεως

282 2235 656 2307 ταπεινότητα,
682 2235 864 2299 καθὼς
886 2236 981 2290 καὶ
1007 2235 1085 2306 τῷ
1114 2235 1275 2289 Δαὸὶδ
1300 2235 1449 2288 δοκεῖ
1476 2233 1553 2304 τῷ
1584 2232 1843 2303 βελτίστῳ

282 2328 384 2382 τῶν
419 2328 733 2400 προφητῶν.
776 2330 1041 2394 Κάκεῖνος
1076 2328 1183 2401 γὰρ
1218 2328 1275 2383 ἐν
1318 2346 1423 2382 τινι
1462 2328 1570 2382 τῶν
1612 2325 1842 2398 ψαλμῶν

282 2419 529 2490 άνυμνῶν
552 2419 645 2473 τὸν
665 2420 818 2487 Θεὸν,
853 2421 948 2474 καὶ
968 2420 1065 2492 τὴν
1086 2420 1288 2489 ἄφατον
1319 2419 1483 2473 αὑτοῦ
1514 2419 1607 2473 καὶ
1647 2420 1840 2489 ἀπερι-

278 2509 464 2581 νόητον
500 2508 865 2579 ἐξηγούμενος
900 2507 1159 2578 δύναμιν,
1196 2507 1346 2561 ταῦτ’
1391 2502 1570 2572 εἶπεν,
1610 2505 1647 2559 ἃ
1702 2521 1827 2557 συν-

277 2599 424 2671 ιηθιιιις
457 2599 820 2671 μελῳδοῦντες
840 2598 1142 2672 γνωρίζετε
1162 2617 1175 2628 ·
1218 2601 1323 2655 Ἐν
1341 2598 1622 2668 θαλάσσῃ
1647 2598 1684 2666 ἠ
1705 2595 1843 2661 ὁδός

273 2709 417 2757 σου,
446 2693 545 2746 καὶ
581 2695 639 2747 αι
665 2693 848 2760 τρίόοι
888 2707 1006 2747 σου
1032 2693 1103 2746 ἐν
1138 2692 1318 2747 ὕδασι
1346 2690 1617 2759 πολλοῖς,
1649 2690 1747 2744 καὶ
1770 2687 1845 2742 τὰ

277 2786 424 2853 ιχνη
466 2801 582 2838 σου
618 2785 691 2838 οὐ
715 2783 1147 2853 γνωσθήσεται.
1181 2787 1246 2838 Ὃ
1279 2784 1457 2838 τοίνυν
1486 2778 1629 2853 εἶχεν
1696 2781 1724 2833 ὁ
1755 2783 1846 2834 Δε-

280 2877 487 2945 σπότης
518 2878 578 2929 ἐν
597 2878 708 2940 τοῖς
734 2876 836 2946 τῆς
869 2875 1117 2948 θεότητος
1153 2876 1449 2947 ἐξαιρέτοις
1472 2875 1842 2948 γνωρίσμασι,

284 2967 434 3022 τοῦτο
458 2967 635 3022 κοινὸν
656 2968 948 3039 ἐποιήσατο
970 2968 1106 3040 πρὸς
1130 2969 1221 3024 τὸν
1247 2968 1430 3024 δοῦλον
1445 3008 1460 3033 ,
1486 2967 1634 3035 ἄξιον
1655 2967 1844 3040 κρίνας

283 3060 376 3131 τῆς
402 3058 673 3130 τοσαύτης
700 3059 885 3132 τιμῆς.

739 3108 971 3206 autem).
1007 3152 1179 3225 μέγας
1205 3152 1476 3224 Ἰωάννης,
1500 3152 1591 3206 ἐπὶ⁸
1621 3150 1727 3204 τῶν
1751 3149 1845 3204 τοῦ
1872 3108 1915 3167 c

275 3245 484 3316 Κυρίου
513 3243 748 3314 στέρνων
774 3243 1181 3315 ἀναπαυόμενος
1199 3259 1211 3274 ·
1247 3244 1418 3315 μέγας
1447 3244 1541 3298 καὶ
1573 3244 1845 3312 Ἰάκωϐος,

274 3335 348 3399 ὣς
380 3334 502 3398 υίὸς
531 3333 853 3405 δνομασθεὶς
869 3334 1097 3406 βροντῆς
1114 3351 1127 3365 ·
1152 3335 1400 3406 λαμπρὸς
1432 3336 1490 3388 ἐν
1514 3337 1635 3400 ταῖς
1660 3338 1848 3407 τιμαῖς

274 3427 370 3481 καὶ
394 3428 426 3478 ὁ
451 3425 737 3489 Φίλιππος,
762 3425 838 3488 ὡς
870 3425 1021 3496 παρὰ
1051 3424 1145 3478 τοῦ
1175 3425 1318 3479 Πνεύ
1329 3443 1496 3497 ματος
1526 3425 1846 3498 ἁρπασθεὶς,

275 3517 447 3588 ἧνίκα
473 3516 567 3569 τὸν
590 3514 821 3569 Αἰθίοπα
854 3514 988 3588 πρὸς
1013 3513 1111 3586 τὴν
1155 3514 1449 3583 ἐπίγνωσιν
1474 3516 1569 3569 τοῦ
1602 3516 1850 3586 Σωτῆρος
1884 3528 1901 3533 “

270 3606 778 3679 ἐμυσταγώγησεν·
827 3606 942 3660 ἀλλ’
987 3606 1137 3679 ὅμως
1190 3596 1239 3660 oi
1290 3608 1492 3673 πάντες
1551 3607 1850 3680 ὑποχωρεί-

277 3715 458 3753 τωσαν
492 3697 710 3768 Πέτρῳ,
743 3696 839 3750 καὶ
873 3682 1209 3768 δευτερεύειν
1238 3696 1688 3767 ὀμολογείτωσαν,
1721 3696 1850 3750 ὅταν

272 3793 304 3862 ἢ
336 3789 457 3844 τῶν
503 3787 860 3859 χαρισμάτων
908 3786 1193 3860 σύγκρισις
1245 3786 1514 3859 δοκιμάζῃ
1540 3787 1631 3840 τὸν
1659 3802 1851 3857 προτι-

269 3884 531 3955 μότερον.
589 3880 940 3953 Ἀναθεωρῶν
995 3879 1055 3934 δὲ
1102 3879 1280 3933 πάντα
1330 3878 1400 3933 τὰ
1460 3878 1581 3933 καθ’
1626 3878 1852 3932 ἕκαστον

271 3976 372 4029 uti.
405 3972 801 4044 σκοπούμενος,
836 3970 1079 4044 εὗρίσκω
1118 3970 1208 4023 τὸν
1249 3970 1417 4042 ἄνδρα
1458 3969 1646 4024 τοῦτον
1675 3969 1765 4022 ἐπί
1794 3986 1852 4023 τε

1953 525 2099 565 mare
2126 510 2171 542 ⁸⁷
2201 528 2214 564 :
2242 510 2286 566 is
2319 519 2495 566 tamen
2525 520 2669 565 terra
2717 509 3064 581 gradiebatur
3099 510 3175 563 uti
3206 506 3512 562 hominibus

1950 610 2319 668 comparatum
2342 611 2426 656 est
2447 640 2461 663 ,
2489 615 2609 654 cum
2639 614 2792 669 aquae
2815 601 2941 655 hinc
2971 599 3093 654 inde
3129 602 3195 652 ad
3239 610 3509 653 se‘reccs-

1948 693 2166 748 sissent.
2194 691 2417 763 Magnus
2452 693 2579 747 item
2605 691 2763 748 Jesus
2786 691 2873 747 ille
2899 692 3015 759 ejus
3044 704 3345 755 successor,
3370 689 3509 757 quod

1947 781 2235 837 Jordanem
2285 796 2447 851 supra
2493 782 2655 835 etiam
2687 782 2831 853 ripas
2867 780 3225 836 exundantem
3260 775 3510 832 transmi-

1948 874 2084 929 serit
2118 873 2163 904 ⁸⁸
2196 891 2208 927 :
2249 886 2437 927 verum
2482 875 2527 927 is
2569 888 2803 943 quoque,
2854 873 3075 943 perinde
3118 887 3181 926 ac
3221 882 3370 924 mare
3395 868 3507 921 Rn-

1950 967 2129 1031 brum,
2158 965 2393 1034 seipsum
2425 968 2693 1032 dividens,
2721 966 3073 1034 inbibensque
3090 964 3366 1027 ﬂuentum,
3398 970 3506 1015 ter-

1948 1073 2061 1112 ram
2088 1059 2286 1113 nudam
2317 1057 2959 1126 transmittentipOpulo,
2989 1071 3147 1123 quam
3179 1052 3507 1114 incederent.

1947 1149 2194 1216 pra‘huit.
2234 1146 2422 1204 Nullus
2448 1164 2579 1203 vero
2617 1162 2848 1217 unquam
2901 1146 3140 1201 virorum
3184 1157 3424 1215 gressum
3453 1141 3507 1194 in

1945 1255 2082 1309 aqua
2120 1239 2255 1293 ﬁxit.
2295 1238 2406 1295 Nec
2445 1238 2587 1294 enim
2620 1240 2722 1295 hoc
2755 1240 2842 1295 lex
2871 1248 3078 1293 natura:
3112 1236 3291 1300 habet,
3320 1243 3379 1289 ut
3406 1235 3508 1288 hu-

1945 1331 2087 1386 mida
2136 1330 2404 1402 ﬁuidaque
2435 1334 2734 1388 substantia
2808 1330 3020 1402 corpori
3071 1329 3242 1385 solido
3286 1342 3349 1382 ac
3389 1341 3507 1396 pre-

1944 1425 2109 1479 menti
2134 1424 2371 1480 resistat.
2408 1425 2597 1479 Putem
2630 1438 2780 1489 vero,
2817 1424 3191 1478 universorum
3223 1420 3409 1474 horum
3447 1432 3507 1469 ac

1948 1516 2227 1572 Dominum
2249 1559 2265 1582 ,
2313 1532 2474 1587 supra
2509 1517 2725 1570 modum
2752 1524 2881 1570 tunc
2913 1512 3280 1584 praefervens,
3318 1522 3510 1563 accen—

1945 1625 2170 1679 sumque
2204 1609 2306 1663 viri
2348 1607 2675 1663 desiderium
2717 1608 3073 1668 admiratum,
3116 1619 3184 1658 ex
3233 1601 3381 1669 cuius
3407 1600 3507 1654 im-

1944 1713 2066 1770 petu
2103 1701 2428 1755 exclamavit
2459 1701 2663 1765 dicens,
2690 1699 2823 1753 Jube
2857 1714 2937 1752 me
2969 1697 3137 1751 venire
3170 1694 3237 1747 ad
3277 1700 3326 1745 te
3356 1706 3509 1759 super

1948 1807 2137 1858 aquam
2159 1791 2227 1854 ⁸⁸,
2276 1799 2439 1845 tantae
2482 1790 2628 1847 illius
2682 1788 2986 1844 dilectionis
3031 1801 3093 1840 ac
3127 1784 3248 1839 ﬁdei
3293 1780 3505 1843 merito,

1948 1898 2140 1937 novam
2194 1883 2339 1937 illam
2394 1901 2457 1942 ac
2507 1882 2809 1936 mirabilem
2867 1881 3094 1952 gratiam
3152 1873 3505 1935 concessisse,

1908 1990 1911 1991 '
1950 1973 2102 2043 cujus
2131 1973 2322 2031 Petrus
2350 1975 2500 2030 solus
2529 1974 2679 2029 visus
2724 1981 2807 2028 est
2839 1983 3004 2041 capax
3023 2009 3037 2034 ,
3066 1967 3209 2023 omni
3241 1972 3388 2021 retro
3413 1962 3511 2017 ho-

1951 2067 2153 2122 minum
2198 2067 2546 2122 successione
2588 2067 2656 2119 ah
2702 2064 2908 2119 Adamo
2945 2062 3011 2116 ad
3054 2072 3223 2128 usque
3276 2053 3510 2111 novissi-

1950 2173 2114 2212 mum.
2159 2156 2298 2212 Vera
2339 2158 2603 2226 siquidetn
2654 2172 2717 2212 ac
2767 2153 3050 2226 peculiaris
3100 2150 3218 2215 Dei,
3264 2143 3511 2201 miraculi

1948 2249 2278 2316 ejuscemodi
2323 2250 2606 2316 exhibitio,
2657 2244 2857 2304 creatae
2899 2244 3253 2316 abjectionem
3306 2246 3512 2294 natura

1950 2342 2271 2397 immensum
2294 2356 2583 2410 superans,
2608 2338 3059 2409 quemadmodum
3082 2334 3246 2390 etiam
3280 2329 3512 2401 prophe-

1951 2443 2124 2487 Iarum
2156 2432 2361 2501 optimo
2390 2432 2577 2486 Davidi
2599 2430 2774 2486 visum
2810 2438 2913 2484 est.
2953 2426 3085 2481 Nam
3112 2435 3167 2480 et
3188 2423 3277 2479 ille
3303 2423 3356 2476 in
3379 2435 3514 2489 quo—

1949 2526 2067 2581 dam
2130 2524 2339 2595 psalmo
2399 2524 2565 2578 Deum
2625 2521 2886 2588 laudans,
2947 2520 3199 2587 ejusque,
3262 2526 3512 2569 sermone

1948 2612 2094 2668 omni
2136 2628 2201 2668 ac
2234 2598 2467 2683 cogitaiu
2491 2609 2748 2680 majorem
2782 2608 3078 2680 potentiam
3103 2618 3385 2669 enarrans,
3408 2602 3509 2655 ista

1949 2704 2104 2770 dixit,
2128 2719 2248 2775 quae
2269 2718 2370 2774 pro
2395 2717 2548 2759 more
2578 2700 2920 2757 modulantes
2948 2697 3100 2753 scitis
3129 2714 3141 2750 :
3174 2694 3241 2749 In
3271 2692 3407 2747 mari
3433 2691 3514 2746 aia

1948 2807 2059 2860 tua,
2093 2805 2139 2849 et
2168 2795 2365 2849 sentite:
2411 2804 2529 2848 (me
2554 2794 2607 2847 in
2638 2792 2785 2862 aquis
2822 2789 3000 2844 multis
3025 2829 3041 2855 ,
3085 2797 3134 2842 et
3179 2785 3395 2854 vestigia
3422 2794 3512 2836 tua

1949 2903 2052 2941 non
2078 2892 2457 2955 cognoscentur
2477 2884 2544 2936 ‘°.
2571 2881 2723 2949 Quod
2763 2881 2941 2950 itaque
2968 2876 3227 2933 Dominus
3260 2875 3312 2927 in
3346 2871 3509 2926 deita-

1953 2978 2020 3033 tis
2062 2977 2363 3033 rationibus
2408 2976 2642 3046 propriis
2678 2974 2899 3038 habuit,
2925 2971 3030 3026 hoc
3056 2984 3176 3025 cum
3201 2980 3393 3032 servo,
3423 2964 3512 3018 tah

1951 3068 2178 3136 dignane
2210 3068 2434 3131 honore,
2460 3078 2749 3121 commune
2782 3063 2928 3117 fecit.

2018 3155 2214 3212 Beatus
2239 3155 2459 3225 quidem
2486 3167 2712 3223 magnus
2734 3151 2989 3216 Joannes,
3018 3147 3110 3218 qui
3136 3158 3297 3215 supra
3324 3151 3513 3213 pectus

1956 3248 2167 3306 Domini
2193 3245 2457 3317 requievit
2481 3246 2550 3309 '1;
2574 3257 2800 3311 magnus
2816 3255 3028 3311 quoque.
3042 3238 3295 3300 Iacobus,
3319 3233 3513 3303 quippe

1948 3342 2039 3413 qui
2069 3340 2289 3396 tonitrui
2329 3338 2474 3393 ﬁlius
2504 3335 2805 3407 appellatus
2844 3334 2914 3388 sit
2943 3333 3024 3399 ἰς
3064 3327 3356 3401 praeclarus
3385 3326 3511 3381 item

1950 3433 2367 3491 honestantibus
2409 3432 2583 3502 ipsum
2624 3427 2921 3483 honoribus
2958 3424 3271 3493 Philippus,
3310 3428 3373 3473 ut
3422 3419 3514 3489 qui

1951 3535 2137 3596 raptus
2170 3524 2332 3579 fuerit
2373 3539 2401 3577 a
2436 3521 2677 3593 Spiritu,
2716 3534 2836 3576 cum
2870 3515 3181 3585 Ethiopem
3216 3511 3521 3568 Salvatoris

1951 3613 2195 3669 notitiam
2221 3613 2505 3679 docuit";
2533 3626 2724 3668 omnes
2748 3609 3096 3665 nihilominus
3119 3606 3278 3663 Petro
3299 3604 3514 3666 cedant,

1950 3721 2118 3776 seque
2151 3707 2431 3761 fateantur
2461 3704 2748 3766 secundos,
2778 3703 2821 3757 si
2855 3702 3015 3756 modo
3043 3700 3337 3768 gratiarum
3369 3714 3517 3752 com-

1951 3799 2161 3869 paratio
2194 3798 2420 3853 honoris
2471 3795 2840 3864 praelationem
2876 3790 3201 3858 probaverit.
3256 3787 3518 3842 Universa

1953 3905 2088 3946 sane
2117 3889 2391 3960 sigillatim
2437 3885 2812 3954 contemplans
2842 3892 3003 3950 atque
3033 3879 3406 3944 considerans,
3436 3879 3518 3930 vi-

1957 3996 2075 4037 rum
2118 3981 2261 4035 hunc
2303 3976 2648 4048 deprehendo
2681 3989 2803 4029 cum
2838 3973 2891 4027 in
2930 3985 3241 4027 sermonum
3276 3968 3512 4040 disputa-

272 4064 384 4119 τῶν
415 4063 657 4133 λογικῶν
682 4062 994 4128 διαλέξεων,
1024 4061 1119 4115 καὶ
1142 4060 1251 4114 τῶν
1284 4059 1602 4132 πρακτικῶν
1632 4062 1847 4132 ἐνεργη-

1960 4073 2218 4133 tionibus.
2258 4081 2369 4124 tum
2403 4069 2457 4124 in
2492 4082 2715 4137 operum
2749 4065 3077 4137 patratione,
3102 4062 3301 4134 ubique
3331 4062 3517 4119 simili-

272 4157 500 4229 μάτων,
544 4155 751 4227 ὁμοίως
798 4152 1073 4224 πανταχοῦ
1122 4152 1486 4225 προπηδῶντα
1532 4152 1640 4207 τῶν
1681 4153 1847 4209 ἄλλων

1956 4174 2040 4220 ter
2105 4161 2311 4232 reliquo
2361 4158 2747 4231 discipulorum
2803 4158 2969 4214 choro
3022 4155 3401 4226 prazsilientem
3459 4170 3521 4210 ac

270 4248 546 4321 μαθητῶν
578 4247 676 4301 καὶ
707 4244 1182 4318 προεξαλλόμενον,
1208 4246 1303 4299 καὶ
1359 4244 1588 4301 κατόπιν
1627 4245 1847 4314 ἀφιέντα

1956 4258 2380 4327 prtesnhantem,
2400 4252 2654 4323 idemque
2672 4252 2793 4306 vita:
2810 4250 3041 4305 stadium
3080 4255 3359 4304 currentes
3384 4261 3523 4316 pone

266 4339 404 4403 τοὺς
430 4338 494 4392 τὸ
520 4337 658 4390 αὐτὸ
682 4335 776 4390 τοῦ
813 4334 926 4406 βίου
957 4334 1167 4390 στάδιον
1197 4335 1504 4409 τρέχοντας.

1961 4345 2373 4419 relinquentem.
2898 4377 2911 4389 .

358 4428 711 4502 Ἐρωτιῖιντος
752 4426 861 4499 γάρ
893 4443 1021 4480 ποτε
1060 4425 1153 4482 τοῦ
1199 4426 1404 4499 Κυρίου
1450 4429 1578 4492 τοὺς
1616 4428 1847 4497 δώδεκα,

2032 4432 2393 4488 Percontante
2427 4430 2574 4486 enim
2600 4426 2947 4501 quandoque
2963 4429 3189 4485 Domino
3215 4443 3281 4485 cx
3316 4427 3533 4483 duodr-.

270 4524 374 4578 καὶ
417 4522 729 4594 ἀπόπειραν
768 4521 1109 4593 ποιουμένου,
1158 4521 1306 4586 ὅπως
1353 4521 1535 4592 ἔχουσι
1579 4521 1847 4594 πληροφο⁴

1960 4521 2086 4587 eim,
2121 4519 2458 4599 ac‘periculo
2489 4520 2769 4587 probante,
2800 4530 2860 4574 ut
2888 4520 2962 4574 illi
2988 4521 3061 4576 de
3086 4521 3202 4589 ipso
3231 4518 3521 4590 opinionis,

278 4611 410 4683 ρίας
454 4612 555 4665 καὶ
598 4610 826 4682 γνώμης
870 4611 1004 4681 περὶ
1051 4610 1151 4680 τῆς
1187 4612 1266 4674 είς
1305 4610 1464 4664 αὐτὸν
1504 4610 1847 4682 ὑπολήψεως,

1961 4613 2126 4681 inque
2158 4626 2221 4667 ea
2258 4611 2599 4667 certitudittis
2620 4621 2780 4681 atque
2803 4611 2967 4666 animi
2997 4612 3298 4677 haberent;
3326 4610 3521 4682 juben-

276 4705 378 4757 καί
419 4702 737 4758 κελεύουσιν
759 4703 806 4736 ⁸⁴
835 4704 1021 4775 σαφῶς
1047 4704 1241 4768 εἰπεῖν,
1273 4703 1394 4757 τίνα
1421 4703 1668 4771 λέγουσιν
1697 4703 1847 4757 αὐτοι

1962 4713 2123 4772 teque
2158 4713 2216 4756 ut
2253 4703 2400 4758 clare
2431 4704 2723 4767 edicerent,
2757 4717 2917 4772 quem
2946 4716 3067 4756 eum
3104 4693 3374 4766 dicerent;
3402 4713 3523 4753 cum

278 4789 464 4848 εἶναι·
500 4795 613 4849 τῶν
654 4795 827 4850 ἄλλων
879 4796 1136 4850 ἁπάντων
1184 4796 1455 4867 σιωπῆσαι
1501 4795 1847 4867 βουλομένων,

1965 4807 2154 4847 omnes
2195 4792 2386 4862 reliqui
2424 4792 2622 4848 vellent
2663 4803 2848 4849 tacere
2880 4807 2945 4846 ac
2979 4799 3389 4853 cunctarentur,
3425 4803 3515 4857 pa-

278 4888 388 4942 καὶ
417 4888 804 4963 βραδυνόντων,
837 4889 933 4944 καὶ
973 4889 1317 4955 δεικνύντων,
1346 4890 1422 4955 ὼς
1452 4889 1542 4943 διά
1568 4907 1710 4954 τινος
1741 4891 1847 4943 ἐπι-

1965 4886 2178 4957 lamque
2208 4871 2526 4956 pr‘mt‘errent
2557 4885 2826 4956 parturire
2860 4882 3055 4938 animis
3089 4881 3264 4948 aliqua
3297 4879 3525 4933 medita-

275 4977 562 5048 σκέψεως,
591 4978 694 5050 τὴν
711 4979 1031 5049 ἀπόκρισινο
1069 4976 1285 5042 ἀνοίξας
1324 4977 1386 5030 τὸ
1434 4976 1609 5048 στόμα
1652 4976 1847 5049 ταχέως

1969 4975 2113 5030 tione
2148 4976 2275 5045 quid
2328 4975 2636 5045 responsuri
2687 4972 3112 5039 essent,,statim
3148 4969 3396 5038 aperiens
3441 4982 3523 5029 os.

270 5071 306 5121 ὁ
335 5069 439 5122 τὸν
480 5068 735 5139 ζὼπυρον
773 5070 866 5122 ἐπὶ
905 5069 1006 5139 τῆς
1041 5068 1218 5140 ψυχῆς
1265 5068 1447 5139 φέρων
1475 5068 1577 5139 τῆς
1628 5068 1847 5133 πίστεως

1967 5069 2059 5139 qui
2092 5071 2269 5122 vivum
2297 5081 2693 5136 accensumque
2719 5067 2840 5120 ﬁdei
2870 5065 3158 5120 carbonem
3186 5060 3365 5116 animo
3393 5060 3528 5114 ferc-

273 5158 569 5231 ἂνθρακα,
619 5153 666 5229 ᾧ
714 5160 810 5213 καὶ
858 5160 1086 5224 Ἡσαΐας
1144 5160 1406 5233 πρότερον
1456 5158 1732 5230 ἐκαθάρθη
1795 5159 1847 5213 τὲ

1970 5161 2085 5228 hat,
2115 5175 2221 5229 quo
2253 5169 2308 5216 et
2341 5159 2493 5228 prius
2522 5159 2674 5215 Isaiae
2699 5157 2840 5212 labia
2863 5156 3114 5210 mundata
3140 5152 3384 5218 fuissent,
3411 5152 3523 5206 hea-

274 5251 481 5324 χείλη,
532 5253 635 5324 τὴν
700 5252 977 5323 μακαρίαν
1040 5252 1256 5323 ἐκείνην
1307 5251 1402 5305 καὶ
1455 5249 1602 5321 σαφῆ
1650 5249 1847 5320 ἀληθῶς

1971 5262 2079 5309 tam
2139 5252 2286 5308 illam
2342 5267 2405 5306 ac
2453 5250 2614 5322 plane
2662 5248 2999 5322 perspicuam
3053 5245 3311 5314 prazclare
3366 5245 3524 5300 edidit

281 5343 457 5420 ῥῆσιν
485 5344 946 5416 καθωμολόγησεο
980 5344 1064 5398 Σὺ
1096 5339 1156 5397 ετ
1177 5347 1210 5397 ό
1239 5341 1491 5412 Χριστὸς
1521 5344 1553 5396 ό
1597 5341 1729 5409 Υἱός
1756 5341 1847 5395 τοί

1972 5344 2372 5401 confessionem
2422 5363 2434 5398 :
2487 5343 2565 5397 Tu
2601 5360 2654 5398 es
2689 5341 2928 5397 Christus
2976 5337 3149 5392 Filius
3191 5336 3286 5392 Dei
3332 5337 3431 5392 rivi
3462 5338 3528 5390 ³³.

281 5435 449 5490 Θεοῦ
483 5436 591 5492 τοῦ
626 5435 859 5502 ζῶντος.
889 5435 1025 5489 Τίνα
1052 5433 1118 5489 ἄν
1149 5451 1234 5498 τις
1281 5434 1415 5506 πρὸς
1443 5433 1601 5499 ἀξίαν
1628 5431 1736 5487 τῶν
1781 5432 1842 5491 λό

1976 5435 2228 5501 Quaenam
2260 5436 2382 5505 quis
2417 5451 2514 5503 pro
2546 5436 2735 5490 horum
2774 5431 3036 5503 dignitate
3072 5431 3382 5493 verborum,
3418 5429 3529 5483 ido-

986 5645 1030 5677 "
1063 5643 1228 5701 Exod.
1267 5656 1379 5706 xiv,
1408 5641 1497 5697 2i.
1572 5642 1618 5673 "'
1643 5639 1755 5699 Jos.
1798 5658 1879 5695 ιιι.
1915 5641 2001 5695 l6.
2061 5641 2106 5673 "
2134 5639 2318 5694 Matth.
2346 5652 2453 5692 xtv.
2482 5637 2571 5693 28.
2648 5637 2693 5670 ⁹⁰
2729 5635 2870 5691 Psal.
2901 5628 3080 5700 tuti,
3110 5636 3198 5690 20.
3297 5635 3336 5665 ⁹¹
3379 5632 3525 5688 .loan.

362 5644 416 5671 “
452 5646 540 5699 ισ.
575 5644 912 5708 κελεύοντος.
986 5645 1030 5677 "
1063 5644 1228 5701 Exod.
1267 5656 1379 5706 xiv,
1408 5644 1497 5697 et.
1572 5644 1618 5673 "
1643 5644 1755 5699 Jos.
1798 5658 1847 5695 tn

362 5729 419 5775 II.
448 5715 540 5771 εδ.
624 5716 670 5747 ”
707 5713 894 5770 Matth.
930 5733 1015 5772 ιιι.
1052 5716 1138 5769 l7.
1213 5714 1259 5746 "
1299 5713 1420 5768 Act.
1455 5726 1569 5775 wn,
1600 5711 1687 5766 59.
1789 5711 1835 5744 ’δ

1948 5644 2001 5695 6.
2061 5644 2106 5673 ⁸⁵
2134 5644 2318 5694 Mallll.

1948 5712 2060 5766 ιιιΙι.
2095 5726 2202 5775 xw,
2236 5709 2318 5765 16.

276 5727 419 5775 χιιι,
448 5715 540 5771 23.
624 5716 670 5747 ”
707 5713 894 5770 Matth.
930 5733 1015 5772 ιιι.
1052 5716 1138 5769 Π.
1213 5714 1259 5746 ’³
1299 5713 1420 5768 Act.
1455 5726 1569 5776 vm,
1600 5711 1687 5766 39.
