4048 6194
443 266 550 328 9.79

1714 271 1772 327 S.
1814 269 2086 326 ASTERII
2123 270 2425 330 AMASENI

3575 283 3684 338 230

439 404 574 444 neue
602 387 826 469 maximi
860 386 1225 456 apostolorum
1271 385 1541 454 interpres
1571 383 1815 452 ell‘ectus,
1844 385 2013 440 demi-

2144 405 2225 442 ’ων
2266 390 2468 444 τούτων
2511 391 2860 463 θαυμάσειεν,
2909 393 3220 460 ἀξιόπιστος
3262 393 3548 464 γενόμενος
3596 396 3685 466 ἑρ-

441 478 551 532 rari
578 478 790 548 possit?
820 475 1011 532 Videte
1034 476 1179 531 enim
1214 476 1446 546 primum
1480 484 1538 529 ut
1567 475 1636 530 sit
1669 489 1848 530 sermo
1875 476 2007 530 nihil

442 569 745 638 superﬂuus
774 583 837 624 ac
863 568 1066 633 brevis,
1096 584 1392 638 paucarum
1420 568 1717 622 dictionum
1743 566 2011 622 exclama-

445 661 611 727 tione,
649 674 829 714 ret-um
867 660 1345 714 innumerabilium
1385 674 1809 728 magnarumque
1838 659 2009 713 virtu-

2113 481 2316 550 μηνεὺς
2355 479 2448 534 τοῦ
2500 483 2756 551 μεγίστου
2811 484 2918 538 τῶν
2958 485 3301 550 ἀποστόλων;
3347 484 3540 557 Ὁρᾶτε
3579 486 3689 557 γὰρ
3773 538 3785 551 ,

2113 573 2348 645 πρῶτον,
2389 574 2537 639 ὅπως
2578 575 2868 648 ἀπέριττος
2893 579 2921 631 6
2949 578 3106 648 λόγος
3134 578 3229 632 καὶ
3274 577 3557 649 σύντομος,
3597 580 3692 631 ex.

2112 665 2352 734 φωνήσει
2402 664 2630 738 βραχείᾳ
2674 667 2881 739 μυρίων
2919 670 3259 740 πραγμάτων
3300 670 3395 722 καὶ
3434 668 3691 739 μεγάλων

445 761 554 807 tem
602 766 900 818 exponens.
954 750 1145 809 Omnis
1197 752 1397 822 quippe
1448 751 1540 805 hie
1593 752 1718 805 talis
1773 750 2010 820 optimus

2144 754 2340 826 ύναμιν
2370 756 2737 829 ἐκτιθέμενος.
2773 760 2890 823 Πᾶς
2915 759 3025 831 γὰρ
3052 759 3208 828 λόγος
3248 752 3403 824 οὗτος
3442 760 3691 830 ἄριστος,

441 860 639 908 sermo,
654 845 808 915 cujus
828 852 912 899 est
935 844 1131 901 decens
1153 844 1375 910 locutio,
1404 858 1502 898 nec
1524 843 1830 897 redundans
1851 857 2010 896 sensu

443 938 569 993 exili
615 953 679 993 ac
715 938 961 1004 modico;
997 946 1186 992 contra
1230 951 1382 1003 vero,
1417 936 1509 1006 qui
1545 935 1831 991 verborum
1864 935 2012 989 brevi

444 1036 702 1082 contextu
745 1027 911 1082 multa
953 1027 1242 1098 signiﬁcet,
1275 1028 1342 1082 ad
1379 1027 1554 1082 instar
1591 1026 1743 1097 grani
1778 1026 2013 1094 sinapis;

443 1121 584 1189 qll0d
618 1120 858 1189 quidem,
884 1121 1220 1185 utmanibus
1252 1129 1440 1175 teneas
1477 1129 1817 1190 spectesque,
1852 1119 2015 1173 mini-

446 1227 591 1265 mum
635 1220 717 1266 est
743 1248 759 1274 ,
803 1219 860 1265 ut
894 1218 1072 1264 autem
1113 1211 1193 1266 ori
1230 1226 1292 1266 ac
1330 1211 1524 1283 linguae
1554 1212 1878 1275 admoveas,
1920 1226 2018 1282 gu-

446 1312 688 1370 stesqne,
720 1301 918 1357 animal
949 1309 1125 1357 totum
1152 1320 1179 1355 a
1213 1303 1440 1371 pedibus
1469 1303 1533 1357 ad
1565 1312 1727 1370 caput
1759 1304 1824 1355 ad
1860 1318 2016 1357 suum

449 1395 617 1451 trahit
637 1393 892 1450 calorem.
920 1392 999 1448 Tu
1023 1411 1077 1451 ea
1118 1396 1356 1450 Christus
1400 1393 1577 1450 Filius
1598 1395 1695 1450 Dei
1716 1396 1842 1451 vivi.
1872 1395 2020 1450 Unus

450 1488 538 1544 hic
571 1504 750 1544 sermo
797 1490 992 1544 ad~Dei
1038 1504 1102 1544 ac
1131 1487 1430 1545 Salvatoris
1477 1489 1646 1543 nostri
1691 1488 2019 1558 agnitionem

448 1580 757 1642 conferens.
788 1582 893 1636 duo
934 1583 1048 1636 haec
1096 1582 1450 1653 intelligentia
1490 1582 1711 1652 reSpicit
1754 1595 1819 1635 ac
1860 1592 2018 1636 sensu

450 1671 613 1726 habet
641 1689 655 1726 :
688 1686 860 1727 unum
899 1673 1117 1743 quidem
1147 1673 1290 1744 quod
1322 1674 1389 1728 ad
1417 1674 1648 1742 primam
1671 1681 1878 1743 spectat
1906 1674 2018 1727 dei-

2111 841 2283 918 οὖπερ
2316 849 2527 920 ἀνήκει,
2562 851 2653 903 καὶ¹
2687 850 2762 922 μὴ
2795 852 3059 923 περιρρἐ
3103 853 3137 923 ἡ
3179 852 3377 923 φράσις
3409 853 3496 905 ἐπ’
3525 852 3696 924 ὀλίγῳ

2116 939 2357 1011 πενιχρῷ
2371 939 2448 1011 τῷ
2471 942 2722 1013 νοήματιο
2752 943 3060 997 τούναντίον
3083 943 3162 1009 δὲ,
3190 944 3392 1015 πλῆθος
3436 945 3701 1016 πραγμά-

2115 1047 2223 1084 των
2262 1033 2319 1086 ὲν
2355 1031 2689 1106 βραχυλογίᾳ
2720 1036 2984 1109 σημαίνῃ,
3015 1035 3158 1090 κατὰ
3182 1036 3279 1107 τὴν
3307 1036 3569 1107 ὁμοίωσιν
3596 1035 3696 1090 τοῦ

2118 1122 2317 1178 κόκκου
2345 1125 2437 1178 τοῦ
2471 1126 2699 1191 νάπυος·
2726 1128 2785 1192 ὃς
2821 1128 3145 1199 μικρότατος
3186 1129 3284 1200 μὲν
3321 1128 3488 1193 ἐστιν,
3528 1120 3700 1200 ἐν’τῷ

2119 1216 2432 1288 κρατεῖσθαι
2463 1219 2556 1271 καὶ¹
2584 1218 2902 1289 βλέπεσθαιο
2941 1221 2989 1273 εί
3031 1219 3088 1273 δὲ
3132 1220 3490 1291 προσαγάγῃς
3531 1219 3699 1273 αὐτὸν

2119 1311 2184 1380 τῇ
2220 1309 2471 1381 αἰσθήσει
2505 1311 2599 1364 τοῦ
2648 1313 2938 1383 στόματος,
2980 1312 3100 1366 ὅλον
3145 1312 3206 1365 τὸ
3249 1310 3386 1375 ζῶον
3416 1315 3480 1365 ὲκ
3519 1311 3701 1365 ποδῶν

2121 1398 2203 1462 είς
2237 1398 2497 1470 κεφαλὴν,
2539 1400 2675 1472 πρὸς
2704 1402 2802 1472 τὴν
2829 1400 3034 1455 οἰκείαν
3070 1396 3217 1454 εἷλκε
3255 1401 3585 1473 θερμότητα.
3613 1402 3703 1455 Σὺ

2120 1488 2176 1541 εἷ
2217 1487 2469 1557 Χριστὸς
2505 1493 2538 1544 ὀ
2580 1491 2709 1557 Υἱὸς
2750 1491 2855 1546 τοῦ
2905 1489 3054 1545 Θεοῦ
3100 1490 3207 1544 τοῦ
3240 1488 3472 1556 ζῶντος.
3514 1491 3703 1556 Ἀπαξ

2122 1578 2279 1647 λόγος
2309 1582 2338 1633 ό
2370 1580 2633 1635 συντελῶν
2668 1581 2804 1654 πρὸς
2834 1582 2934 1652 τὴν
2973 1582 3267 1651 ἐπίγνωσιν
3295 1580 3388 1634 τοῦ
3420 1581 3553 1634 Θεοῦ
3604 1583 3704 1636 καὶ

2124 1674 2376 1747 Σωτῆρος
2422 1676 2599 1747 ήμῶν,
2631 1677 2769 1748 πρὸς
2801 1677 2894 1731 δύο
2924 1677 3095 1731 ταῦτα
3131 1679 3226 1731 καὶ
3276 1677 3561 1749 θεωρεῖται
3606 1678 3707 1730 καί

452 1759 587 1814 tatis
605 1762 1038 1830 generationem,
1073 1778 1267 1833 nempe
1314 1762 1547 1819 Verbum
1579 1764 1720 1832 quod
1771 1764 1823 1817 in
1869 1763 2018 1831 prin-

2144 1766 2447 1837 ττρὲφεταισ
2484 1767 2542 1821 ἓν
2579 1767 2697 1837 μὲν,
2731 1770 2759 1822 ό
2791 1767 2892 1838 τῆς
2923 1770 3216 1840 ἀρχεγόνου
3250 1768 3502 1839 θεότητος
3522 1786 3535 1798 ·
3578 1769 3706 1838 ἣτις

448 1852 591 1920 cipio
618 1868 833 1921 semper
864 1863 967 1920 est,
996 1864 1051 1909 et
1078 1865 1162 1910 est
1207 1856 1347 1922 apud
1378 1856 1615 1919 Patrem,
1647 1870 1711 1910 ac
1748 1856 1887 1909 Deus
1915 1865 2017 1920 est,

450 1943 525 1995 uti
564 1956 661 1996 nos
695 1957 923 2011 magnus
955 1941 1192 1998 Joannes
1232 1944 1322 1996 ille
1363 1943 1641 2014 theologus
1690 1944 1891 2008 docuit,
1923 1958 2019 1997 ceu

383 2093 390 2100 ,
452 2034 674 2102 spongia
703 2033 946 2102 quaedam
975 2033 1250 2104 Unigeniti
1281 2050 1346 2089 ac
1378 2035 1658 2091 Domi-nico
1688 2036 1892 2104 pectori
1921 2035 2020 2089 ad-

457 2123 658 2189 iacens,
690 2140 754 2178 ac
788 2125 913 2181 inde
938 2126 1168 2182 occultae
1202 2128 1486 2196 sapientia:
1517 2128 1883 2197 cognitionem
1914 2137 2026 2181 Ira-

458 2214 616 2284 hens,
663 2218 892 2273 alterum
930 2234 1060 2274 vero
1113 2218 1257 2288 quod
1311 2220 1377 2273 ad
1426 2220 1609 2274 carnis
1643 2219 2022 2280 teconomiam,

453 2325 617 2377 quam
646 2310 817 2366 bonus
848 2310 986 2366 Deus
1013 2313 1335 2380 assumpsit,
1365 2319 1563 2365 nostra:
1582 2326 1643 2365 se
1671 2310 2025 2364 imbecillitati

459 2402 746 2457 inclinans.
799 2401 991 2469 Opera:
1037 2403 1270 2471 pretium
1316 2416 1446 2471 ergo
1497 2404 1570 2455 sit
1624 2402 2025 2470 responsionem

459 2493 836 2563 contemplari,
891 2503 949 2547 ut
996 2494 1144 2547 brevi
1181 2508 1437 2549 sermone
1480 2508 1544 2548 ac
1586 2494 1776 2564 paucis
1827 2494 2027 2559 verbis,

456 2584 695 2637 omnium
713 2594 966 2639 accurate
994 2584 1322 2640 intellectum
1344 2586 1535 2656 paucis
1548 2586 1929 2652 dcclaraverit,
1948 2595 2030 2641 at-

461 2691 567 2745 que
593 2676 667 2730 ab
694 2677 1042 2731 inferioribus
1075 2678 1239 2731 ducto
1268 2679 1495 2731 exordio
1518 2679 1586 2731 ad
1620 2680 1869 2734 sublimia
1897 2695 2033 2748 quo-

463 2782 568 2834 que
589 2766 867 2837 sigillatim
895 2769 1135 2821 animum
1168 2769 1498 2823 subvexeril.

536 2946 614 3000 Tu
652 2945 999 3001 estltristtts.
1034 2945 1140 3001 Isto
1171 2947 1528 3001 (economiam
1561 2947 1819 3013 declarat,
1855 2963 1918 3003 ac
1943 2950 2034 3004 Dei

467 3040 519 3093 in
548 3054 713 3094 carne
739 3039 1132 3109 apparitionem
1161 3038 1438 3094 edisserit.
1474 3037 1583 3094 Nec
1611 3040 1755 3094 enim
1787 3042 2037 3096 Christus

471 3146 669 3185 nomen
699 3141 781 3185 est
816 3130 1140 3200 prteretcrni,
1169 3132 1263 3184 sed
1291 3132 1661 3201 ungeudorum
1696 3133 1885 3203 gratiae
1910 3134 2043 3187 indi.

470 3223 635 3276 ratio.
676 3222 1034 3288 Quamobrem
1080 3224 1245 3277 etiam
1289 3224 1548 3278 Dominus
1588 3235 1776 3280 noster
1823 3241 1945 3280 cum
1989 3225 2040 3279 id

468 3313 690 3365 omnino
724 3313 1048 3380 susceperit,
1090 3324 1148 3366 ut
1193 3315 1356 3367 homo
1398 3314 1569 3379 llerct,
1605 3318 1819 3385 aliaque
1862 3318 2040 3371 omnia

476 3405 775 3473 spectantia
812 3404 877 3457 ad
912 3419 1156 3468 carnem,
1190 3419 1295 3457 una
1328 3420 1543 3475 quoque
1582 3408 1809 3477 suscipit
1849 3416 1906 3460 ut
1946 3422 2046 3477 apo

473 3496 701 3566 pelletur
739 3496 1008 3559 Christus,
1048 3505 1302 3566 tanquam
1335 3498 1586 3553 inunctus
1614 3499 1665 3552 in
1700 3515 1901 3569 regem,
1939 3515 2044 3554 non

475 3589 599 3643 'nlco
633 3603 837 3653 cornu,
873 3589 947 3642 nti
990 3588 1208 3643 Samuel
1241 3589 1539 3659 Davidque,
1571 3606 1635 3646 ac
1675 3592 1929 3656 deinceps
1957 3592 2048 3646 alii

438 3704 439 3707 η
477 3680 754 3745 homines;
786 3682 879 3736 sed
921 3680 1156 3751 Spiriurs
1185 3683 1520 3751 operatione,
1559 3698 1656 3753 per
1690 3698 1850 3752 quam
1884 3684 2047 3738 etiam

481 3774 789 3828 Dominicus
813 3773 922 3844 (4i)
952 3774 1039 3828 illo
1072 3775 1230 3829 homo
1248 3776 1349 3847 (sic
1373 3776 1516 3829 enim
1543 3775 1693 3830 runlti
1716 3776 1946 3831 libenter
1970 3775 2052 3831 Je-

479 3879 599 3919 snm
629 3865 926 3938 appellant)
965 3866 1201 3921 mirabili
1233 3869 1490 3938 quadam,
1536 3883 1781 3939 novaque
1816 3884 1880 3923 ac
1910 3870 2053 3924 inso-

418 3989 439 4001 ο
480 3959 576 4014 lita
609 3960 817 4013 ratione
847 3959 900 4012 in
936 3957 1174 4030 Virginis
1202 3969 1357 4014 utero
1399 3970 1690 4030 conceptus
1720 3958 1839 4014 fuit.
1872 3957 2053 4015 Jesum

484 4064 647 4119 porro
668 4052 951 4104 confessus
973 4053 1145 4105 nostri
1163 4066 1324 4107 causa
1349 4050 1548 4106 factum
1573 4053 1866 4116 hominem,
1894 4052 2058 4106 haud-

485 4156 756 4210 quaquam
793 4140 906 4195 illic
938 4155 1245 4197 sermonem
1282 4143 1588 4196 terminavit
1619 4162 1631 4196 :
1661 4144 1790 4212 quin
1813 4145 1921 4197 imo
1948 4143 2058 4213 spi-

486 4230 628 4285 ritali
663 4231 806 4286 scala
854 4230 1021 4287 Jacob
1069 4234 1123 4286 in
1172 4232 1368 4287 ctelum
1414 4234 1806 4294 conscendens,
1859 4232 2058 4301 Deique

490 4322 747 4388 Verbum,
774 4324 916 4392 quod
942 4334 1063 4379 erat
1092 4325 1143 4377 in
1174 4323 1461 4391 principio,
1486 4322 1902 4390 contemplatus,
1934 4337 2060 4392 pro—

2127 1859 2273 1913 ὲστὶν
2300 1861 2328 1911 6
2355 1860 2412 1911 ὲν
2444 1860 2586 1932 ἀρχῇ
2615 1861 2786 1929 Λόγος
2819 1860 2894 1915 ὢν
2933 1862 3042 1926 ἀεὶ,
3083 1862 3176 1914 καὶ
3204 1862 3342 1934 πρὸς
3366 1862 3457 1915 τὸν
3482 1860 3709 1930 Πατέρα

2127 1948 2222 2015 ὢν,
2254 1951 2349 2004 καὶ
2398 1951 2530 2013 Θεὸς
2582 1950 2682 2015 ὢν,
2729 1949 2912 2015 καθὼς
2960 1953 3106 2023 ἡμᾶς
3153 1953 3182 2005 6
3232 1951 3406 2022 μέγας
3454 1950 3707 2019 θεολόγος

2143 2041 2392 2112 Ἰωάννης
2421 2041 2904 2114 ὲμυσταγώγησεν,
2921 2038 3031 2097 οἷον
3062 2045 3299 2112 σπογγιὰ
3316 2060 3397 2106 τις
3423 2041 3501 2115 τῷ
3518 2041 3711 2111 στήθει

2131 2130 2225 2184 τοῦ
2252 2131 2590 2200 Μονογενοῠς
2616 2133 3039 2204 παρακείμενος,
3069 2133 3320 2187 κάκεῖθεν
3351 2131 3580 2195 ἑλκύσας
3605 2132 3712 2202 τῆς

2133 2223 2521 2293 κεκρυμμένης
2551 2224 2741 2293 σοφίας
2774 2224 2872 2296 τὴν
2917 2223 3148 2293 γνῶσιν·
3181 2223 3368 2295 ἕτερον
3403 2223 3478 2289 δὲ,
3515 2222 3576 2275 τὸ
3603 2221 3712 2291 τῆς

2133 2314 2463 2384 οἰκονομίας,
2510 2315 2576 2385 ἣν
2624 2313 2826 2384 ἀγαθὸς
2881 2316 2909 2367 ό
2946 2314 3077 2377 Θεὸς
3121 2315 3257 2383 πρδς
3301 2312 3710 2383 συγκαταϐασιν

2134 2398 2234 2468 τῆς
2264 2399 2548 2462 ἀσθενείας
2577 2400 2732 2472 ἡμῶν
2760 2401 3100 2466 κατεδέξατο.
3138 2402 3321 2468 Ἀξιον
3360 2401 3536 2453 τοίνυν
3570 2401 3712 2453 θεω-

2140 2489 2303 2560 ρῆσαι
2340 2490 2437 2561 τὴν
2471 2491 2783 2559 ἀπόκρισιν,
2821 2493 2967 2556 ὅπως
3001 2494 3058 2545 ἐν
3093 2490 3425 2563 βραχυλογία
3463 2489 3558 2543 καὶ
3594 2490 3711 2542 όλι-

2139 2584 2518 2654 γορημοσύνῃ,
2559 2583 2775 2637 πάντων
2841 2584 3084 2657 ἀκριϐῶς
3147 2586 3204 2637 ὲν
3239 2583 3402 2654 ὀλίγῳ
3448 2582 3546 2654 τὴν
3593 2583 3715 2636 διά-

2141 2692 2290 2729 νοιαν
2329 2675 2730 2748 παρεδήλωσεν,
2773 2675 3078 2747 ἀρξάμενος
3119 2676 3225 2729 ἀπὸ
3261 2673 3368 2729 τῶν
3410 2673 3577 2737 κάτω,
3618 2674 3721 2727 καῖ⁵

2143 2770 2277 2840 πρὸς
2323 2766 2393 2820 τὰ
2449 2767 2627 2837 ὑψηλὰ
2676 2768 2818 2822 κατά
2878 2768 3040 2839 μέρος
3101 2766 3392 2836 ἀναγαγὼν
3449 2766 3546 2836 τὴν
3594 2765 3717 2818 διὰ-

2142 2880 2309 2920 νοιαν.

2215 2957 2301 3010 Σὺ
2338 2952 2397 3010 εἴ
2420 2960 2453 3011 ὀ
2484 2958 2756 3025 Χριστός.
2794 2956 2965 3009 Τοῦτο
2995 2958 3090 3027 τῆς
3118 2956 3429 3027 οἰκονομίας
3461 2953 3722 3025 δήλωσις,

2149 3048 2243 3102 καὶ
2296 3048 2396 3118 τῆς
2444 3048 2710 3119 ὲνσάρκου
2783 3046 3100 3116 θεοφανείας
3170 3034 3450 3117 ἐξήγησις.
3489 3043 3548 3097 Ὀ
3609 3044 3722 3116 γὰρ

2150 3138 2429 3211 [Χριστὸς]
2461 3141 2561 3192 οὐκ
2589 3138 2733 3191 ἔστιν
2758 3137 2927 3208 ὄνομα
2953 3136 3047 3190 τοῦ
3080 3136 3429 3208 προαιωνίου,
3463 3132 3599 3187 ἀλλὰ
3624 3132 3727 3202 τῆς

2148 3234 2255 3286 τῶν
2303 3232 2604 3304 χρωμένων
2670 3232 2891 3302 χάριτος
2951 3231 3191 3303 μήνυμα.
3240 3228 3331 3281 Διὸ
3383 3228 3477 3280 καὶ
3518 3224 3730 3294 Κύριος

2151 3325 2305 3395 ἡμῶν
2350 3322 2781 3393 καταδεξάμενος
2814 3321 2950 3385 ὅλως
2996 3320 3057 3373 τὸ
3101 3318 3386 3391 ἄνθρωπος
3440 3313 3731 3385 γενέσθαι,

2156 3419 2249 3471 καὶ
2280 3419 2346 3471 τὰ
2373 3416 2505 3472 ἄλλα
2540 3416 2718 3468 πάντα
2761 3415 2864 3468 ὅσα
2898 3412 3186 3485 στρέφεται
3223 3410 3350 3482 περίΙ
3388 3409 3487 3479 τὴν
3521 3406 3730 3476 σάρκα,

2159 3504 2615 3576 συγκαταδὲχεται
2658 3504 2752 3557 καὶ⁵
2796 3503 3039 3558 καλεῖται
3071 3503 3116 3534 ’⁸
3159 3500 3405 3572 χρισθεὶς
3445 3499 3522 3561 εἰς
3571 3495 3733 3565 βασι-

2156 3600 2272 3664 λέα,
2300 3600 2361 3652 οὐ
2391 3597 2467 3670 τῷ
2495 3597 2657 3668 ἐλαίῳ
2681 3596 2775 3650 τοῦ
2803 3596 3051 3667 κέρατος,
3090 3593 3164 3657 ὡς
3199 3589 3470 3664 Σαμουὴλ,
3508 3589 3604 3642 καὶ
3628 3592 3741 3640 Δα-

2157 3690 2261 3753 ϐὶδ,
2291 3690 2385 3743 καὶ
2417 3690 2466 3742 οἱ
2497 3687 2730 3759 καθεξῆς
2768 3686 3063 3757 ἄνθρωποι,
3088 3684 3224 3738 ἀλλὰ
3252 3686 3320 3755 τῇ
3356 3680 3605 3752 ἐνεργείᾳ
3636 3678 3739 3734 τοῦ

2160 3781 2497 3852 Πνεύματος,
2530 3777 2652 3832 καθ’
2676 3778 2742 3847 ἣν
2773 3778 2865 3831 καὶ
2893 3779 2921 3829 6
2950 3775 3228 3846 Κυριακδς
3274 3772 3560 3844 ἄνθρωπος
3619 3769 3742 3840 (οὓ-

2160 3892 2236 3927 τω
2287 3874 2396 3945 γὰρ
2434 3875 2542 3936 τοῖς
2575 3870 2786 3933 πολλοῖς
2832 3868 2984 3938 φίλον
3033 3864 3462 3945 προσαγορεύειν
3495 3864 3584 3916 τὸν
3633 3862 3744 3933 Ἰη-

2164 3966 2309 4036 σοῦν)
2352 3963 2682 4035 θαυμαστῶς
2722 3960 2925 4033 ὲκυήθη
2956 3960 3049 4013 καὶ
3092 3957 3411 4029 παραδόξως
3452 3959 3509 4009 ὲν
3533 3958 3600 4026 τῇ
3632 3972 3743 4023 γα-

2165 4063 2285 4135 στρὶ¹
2322 4063 2423 4134 τῆς
2461 4061 2757 4133 Παρθένου.
2793 4058 3161 4130 Ὀμολογήσας
3194 4057 3250 4110 δὲ
3282 4056 3371 4109 τὸν
3404 4051 3615 4125 Ἰησοῦν
3647 4053 3744 4106 τὸν

2164 4155 2304 4227 ὑπὲρ
2336 4154 2493 4226 ἡμῶν
2526 4140 2815 4224 γενόμενον
2859 4150 3166 4221 ἄνθρωπον,
3200 4148 3299 4202 οὐκ
3330 4146 3525 4217 ἔστησε
3576 4145 3745 4215 μέχρι

2163 4244 2352 4298 τούτου
2379 4244 2563 4312 λόγον·
2593 4241 2728 4295 ἀλλὰ
2753 4240 2840 4294 διὰ.
2865 4241 2962 4311 τῆς
2993 4240 3259 4310 κλίμακος
3289 4235 3382 4291 τοῦ
3419 4235 3612 4290 Ἰακὼϐ
3639 4236 3748 4306 τῆς

2166 4336 2363 4408 νοητῆς
2390 4335 2527 4406 πρὸς
2557 4334 2647 4388 τὸν
2677 4332 2907 4406 οὐρανὸν
2952 4331 3180 4395 ἀναϐὰς,
3211 4330 3306 4384 καὶ
3345 4328 3635 4398 γενόμενος
3684 4327 3747 4379 ὲν

488 4415 662 4483 priant
699 4414 774 4467 illi
810 4428 1107 4481 veramque
1152 4414 1468 4481 dignitatem
1501 4413 1764 4482 atljnngit,
1806 4411 1900 4465 Dei
1953 4412 2038 4466 νίν

2169 4428 2371 4501 θεωρίᾳ
2400 4427 2493 4505 τοῦ
2524 4428 2581 4480 ὲν
2612 4426 2754 4497 ἀρχῇ
2787 4423 2920 4478 Θεοῦ
2950 4422 3143 4492 Λόγου,
3189 4419 3544 4495 προστίθησιν
3594 4415 3749 4488 αὐτῷ

488 4508 684 4565 Filium
711 4506 1006 4578 appellans.
1044 4507 1311 4561 Accurate
1345 4522 1474 4561 vero
1507 4507 1613 4573 hic,
1649 4521 1711 4560 ac
1744 4521 1846 4559 non
1876 4504 2014 4560 alius
2041 4523 2054 4560 :

492 4607 645 4671 isque
676 4602 792 4672 ipse
821 4608 1023 4655 rectam
1056 4600 1300 4669 nihilque
1337 4599 1578 4669 perversi
1614 4599 1902 4652 habentem
1936 4597 2060 4653 ﬁdei

490 4693 775 4749 confessus
798 4691 1064 4763 regulam,
1095 4690 1408 4759 cunctisque
1437 4690 1591 4744 nobis
1621 4688 1914 4743 inviolabili
1947 4689 2063 4759 lege

494 4788 713 4842 tradens
743 4786 1311 4855 pietatissermoucm,
1339 4783 1479 4837 haud
1508 4783 1796 4838 iudonatus
1821 4782 1972 4846 abiit,
1999 4799 2063 4838 ac

492 4883 612 4935 sine
642 4879 862 4948 praemio
895 4896 909 4930 :
941 4877 1070 4947 quin
1104 4876 1290 4944 petius
1321 4874 1388 4929 ab
1415 4889 1480 4929 eo
1503 4874 1693 4929 beatus
1725 4888 2062 4943 nuncupatus

494 4974 583 5043 qui
618 4971 817 5028 eximie
842 4971 1032 5025 beatus
1058 4976 1159 5030 est,
1193 4966 1315 5021 ﬁdei
1347 4975 1496 5037 petra
1527 4965 1847 5036 appellatur,
1876 4965 2067 5020 funda.-

499 5072 847 5135 mentumque
874 5077 941 5117 ae
962 5061 1115 5116 basis
1147 5059 1241 5115 Dei
1273 5058 1548 5115 Ecclesiae.
1578 5059 1790 5130 Accipit
1826 5073 1952 5113 vero
1976 5075 2068 5126 per

498 5158 914 5224 promissionem
947 5154 1129 5211 claves
1176 5152 1349 5223 regni,
1388 5151 1612 5222 ejusque
1653 5162 1929 5221 portarum
1967 5149 2070 5204 elli-

496 5249 639 5303 citur
683 5249 955 5315 dominus,
1001 5263 1060 5303 ut
1105 5250 1315 5319 aperiat
1357 5249 1552 5318 quibus
1581 5246 1827 5313 voluerit,
1857 5245 2071 5299 claudat

498 5353 628 5392 vero
655 5340 854 5409 quibus
878 5340 1001 5409 jure
1027 5339 1339 5396 claudendae
1377 5340 1521 5405 sint;
1552 5338 1710 5406 plane
1737 5353 1865 5393 vero
1896 5336 2067 5406 pollu-

501 5423 571 5478 tis
599 5439 663 5480 ac
692 5425 954 5495 profanis,
1001 5443 1063 5482 ac
1109 5444 1228 5482 cam
1279 5427 1595 5498 negantibus
1641 5426 2063 5490 confessionem,

569 5565 616 5601 "
641 5566 769 5639 Leg.
808 5568 1109 5625 καλεῖσθαι.
1188 5570 1230 5602 ⁸⁸
1270 5570 1399 5640 Leg.
1457 5570 1835 5641 ἀδιάστροςξον.

2159 4521 2221 4574 τὸ
2257 4518 2534 4589 ἐξαίρετον
2576 4515 2677 4569 καὶ⁵
2717 4514 2967 4586 ἀληθινὸν
3018 4511 3256 4584 ἀξίωμα,
3305 4512 3434 4565 Υίὸν
3479 4509 3573 4564 τοῦ
3605 4509 3748 4563 Θεοῦ

2162 4606 2609 4683 προσαγορεύσας
2649 4605 2743 4659 τοῦ
2787 4604 3007 4671 ζῶντος.
3052 4604 3321 4677 Ἀκριϐὦς
3355 4603 3413 4657 δὲ
3452 4596 3603 4666 οὗτος
3645 4602 3752 4656 καὶ

2161 4702 2259 4773 οὐχ
2287 4700 2502 4770 ἕτερος·
2538 4697 2698 4760 αὐτός
2744 4712 2801 4749 τε
2843 4695 3182 4767 ὁμολογήσας
3214 4694 3305 4746 τὸν
3341 4693 3471 4764 εὑθῆ
3506 4691 3599 4745 τὸν
3626 4690 3751 4743 διά-

2164 4808 2394 4865 στροφον
2421 4791 2468 4823 ³⁸
2496 4788 2697 4844 κανόνα
2724 4789 2823 4857 τῆς
2849 4788 3106 4852 πίστεως,
3140 4785 3235 4839 καὶ
3278 4785 3445 4838 πᾶσιν
3474 4784 3605 4855 ἡμῖν
3634 4798 3748 4835 πα-

2168 4884 2361 4956 ραδοὺς
2387 4881 2480 4934 τὸν
2517 4881 2616 4951 τῆς
2649 4878 2930 4942 εὐσεϐείας
2959 4877 3137 4946 λόγον,
3169 4876 3525 4949 ἀπαράϐατον
3556 4874 3749 4945 νόμον,

2166 4976 2266 5028 οὐκ
2303 4973 2534 5044 ἄμισθος
2566 4970 2797 5042 ἀπῆλθε,
2842 4970 2964 5024 οὐδὲ
3008 4969 3311 5041 ἀγέραστος
3334 4985 3347 4998 ο
3385 4966 3656 5038 μακάριος
3689 4964 3750 5017 δὲ

2167 5065 2487 5136 όνομασθείς
2531 5063 2684 5136 παρὰ
2726 5062 2822 5116 τοῦ
2870 5062 3038 5125 ὅντως
3073 5060 3366 5133 μακαρίου,
3418 5058 3598 5127 πέτρα
3645 5073 3753 5109 κα-

2169 5157 2341 5211 λεῖται
2381 5157 2479 5227 τῆς
2531 5156 2801 5221 πίστεως,
2851 5155 2946 5210 καὶ
2998 5153 3273 5225 θεμέλιος,
3317 5151 3411 5205 καὶ
3461 5146 3755 5219 ύποϐάθρα

2171 5249 2268 5319 τῆς
2322 5248 2463 5302 κατά
2504 5248 2635 5301 Θεὸν
2680 5244 3030 5318 Ἕκκλησίας.
3072 5243 3355 5316 Λαμϐάνει
3399 5241 3459 5295 δὲ
3511 5239 3601 5294 διὰ
3647 5230 3753 5309 τῆς

2172 5342 2517 5412 ὑποσχέσεως
2553 5341 2654 5412 τῆς
2704 5339 2978 5412 βασιλείας
3024 5337 3123 5401 τάς
3170 5336 3354 5401 κλεῖς,
3408 5334 3503 5388 καὶ
3557 5331 3753 5406 κύριος

2172 5433 2380 5502 γίνεται
2412 5433 2519 5487 τῶν
2551 5433 2766 5505 ἐκείνης
2800 5431 3003 5493 πυλῶν,
3037 5429 3176 5483 ὥστε
3210 5427 3382 5492 αὐτὰς
3427 5425 3754 5495 ἁπανοίγειν
3808 5450 3819 5457 -

573 5700 687 5772 (il)
743 5701 908 5758 Caute
968 5703 1235 5759 hominem
1290 5705 1625 5762 Dominicum
1670 5706 1933 5778 appellat,
1994 5706 2069 5761 uti
2110 5706 2271 5762 etiam
2308 5705 2494 5776 Grcg.,
2527 5715 2664 5760 orat.
2699 5706 2785 5759 5|.
