4048 6194
252 266 354 323 εει

1145 265 1433 322 HOMlLlA
1473 270 1605 324 Vill.
1650 264 1719 323 lN
1755 266 1854 322 SS.
1893 266 2177 325 PETItUM
2211 267 2299 322 ET
2337 267 2646 324 PAULUM.

3412 269 3521 326 282

257 381 337 446 οἷς
371 382 441 437 ἂν
474 381 677 446 ἐθέλοι,
701 382 798 434 καὶ
826 379 1031 453 κλείειν
1060 375 1141 445 οἷς
1177 382 1246 436 ἂν
1274 383 1484 438 δίκαιον
1508 380 1596 456 ἦν,
1628 383 1851 449 πάντως

1958 364 2105 456 cujus
2135 394 2264 456 ergo
2294 385 2431 455 ipse,
2468 394 2723 453 tanquam
2757 385 2976 441 sedulus
3009 400 3322 459 gnavusque
3349 388 3520 443 hono-

257 477 464 540 δὲντοῖς
510 473 783 547 βεϐήλοις,
811 474 903 528 καὶ
931 473 1194 541 ἀνιέροις,
1224 476 1319 529 καὶ
1354 479 1466 541 τοῖς
1496 477 1848 549 ἀρνουμένοις

260 567 357 623 τὴν
386 566 688 637 ὁμολογίαν
712 564 945 635 ἐκείνην,
970 565 1040 619 δι’
1069 565 1136 635 ἢν
1160 566 1346 630 αὐτὸς,
1371 565 1448 630 ὡς
1476 567 1710 639 ἀκριϐὴς
1736 566 1847 620 τῶν

272 662 619 734 Ἐκκλησιιῖιν
641 662 687 695 ’⁷
718 661 941 730 ἀγαθῶν
978 661 1184 733 φύλαξ,
1223 666 1533 719 ἐπιστατεῖν
1585 668 1705 730 ταῖς
1737 667 1848 718 εἰσ-

264 755 410 819 όδοις
430 755 531 826 τῆς
553 752 819 824 βασιλείας
844 753 1072 826 ἐτάχθη.
1103 755 1168 807 Ὢ
1188 754 1281 808 τοῦ
1312 753 1479 824 ζόφου
1505 754 1600 809 καὶ
1627 754 1844 827 ἀχλύος,

267 848 302 917 ἦ
324 846 500 917 πολλὴ
527 845 747 915 κέχυται
772 845 879 916 πρὸ
913 844 1023 898 τῶν
1061 845 1423 917 ἀνθρωπικῶν
1444 846 1760 918 ὀφθαλμῶν,
1779 847 1847 900 δι’

270 938 339 1007 ἡν
372 938 434 990 οὐ
468 937 746 1007 βλέπουσιν
777 938 828 989 οί
863 936 1131 1007 αἱρετικοὶ
1167 936 1277 990 τῶν
1314 937 1575 1008 Πατέρων
1602 938 1672 991 τά
1701 938 1843 1011 ἴχνη,

274 1028 396 1081 οὐδὲ
423 1027 646 1104 βαδίζειν
680 1027 923 1098 ἐκείνην,
954 1028 1021 1100 ἢν
1055 1027 1280 1099 έτριψαν
1309 1028 1418 1082 τῶν
1462 1028 1775 1083 ἀποστόλων
1800 1032 1847 1085 οἱ

277 1120 463 1183 πόδεςὶ
512 1120 639 1173 ’1δού
688 1120 803 1190 γάρ
852 1119 1065 1192 Πέτρος
1109 1121 1137 1173 ὁ
1185 1123 1306 1175 κατ’
1355 1121 1585 1191 ἐκλογὴν
1631 1123 1850 1192 γνήσιος

276 1212 365 1265 τοῦ
383 1210 610 1282 Χριστοῦ
634 1212 912 1284 μαθητὴς,
936 1213 966 1265 ὁ
994 1211 1271 1284 πανταχοῦ
1301 1213 1401 1286 τὴν
1424 1213 1648 1286 πρώτην
1671 1213 1850 1284 ψῆφον

270 1305 358 1357 καὶ
401 1303 508 1356 τῶν
543 1286 725 1375 τιμῶν
774 1306 871 1358 καὶ
907 1305 1017 1360 τῶν
1058 1306 1498 1379 κατορθωμάτων
1531 1306 1847 1377 δεξάμενος,

257 1396 286 1446 ὁ
317 1395 491 1466 μέγας
527 1397 741 1460 ἐκεῖνος
768 1398 798 1450 ὁ
829 1397 993 1462 πάνυ,
1022 1390 1082 1450 οὗ
1116 1398 1178 1451 τὸ
1220 1397 1377 1462 κλέος
1424 1399 1606 1452 πᾶσαν
1648 1399 1746 1470 τὴν
1775 1398 1851 1450 oi-

254 1488 528 1560 κουμένην
579 1488 926 1561 ἐπλήρωσεν,
973 1489 1285 1554 κελευσθεὶς
1336 1490 1532 1552 εἰπεῖν,
1574 1489 1723 1553 ὅπως
1764 1488 1851 1542 δο-

251 1577 403 1643 ξάζει
436 1579 571 1650 περὶ
607 1579 705 1633 τοῦ
756 1579 894 1633 Θεοῦ
929 1581 1021 1634 καὶ
1066 1580 1321 1653 Σωτῆρος
1367 1580 1547 1653 ἡμῶν,
1593 1581 1695 1634 οὐκ
1746 1578 1853 1633 ἀπὸ

252 1674 474 1743 μακρᾶς
512 1689 666 1736 τινος
710 1672 914 1745 ἡρξατο
959 1673 1258 1745 περινοίας,
1288 1673 1410 1728 οὐδὲ
1439 1673 1638 1729 κύκλον
1676 1673 1856 1729 συλλο-

1954 492 2070 531 rum
2098 468 2357 531 Ecclesia:
2397 485 2603 542 custos,
2634 478 2785 547 regni
2817 478 2973 533 ostiis
2999 481 3287 549 praefectus
3314 478 3432 533 fuit.
3476 477 3522 536 Ο
3577 513 3593 523 α

1949 566 2199 623 nebulam
2227 581 2291 623 ac
2320 566 2605 636 caliginem
2630 565 2776 620 illam
2805 566 3092 636 plurimam
3114 570 3363 625 humanis
3385 568 3521 624 ollu-

1949 674 2065 714 sam
2092 659 2287 723 oculis,
2312 673 2417 728 qua
2443 659 2799 728 prohibentur
2826 658 3064 713 hzeretiei
3093 658 3313 715 Patrum
3339 661 3524 716 videre

1950 751 2206 821 vestigia;
2253 766 2317 805 ac
2360 765 2521 821 quam
2558 751 2921 821 apostolorum
2961 752 3124 823 pedes
3167 752 3306 806 viam
3359 753 3524 807 trive-

1950 854 2096 910 runt,
2123 842 2394 898 incedere!
2423 843 2560 898 Ecce
2583 858 2818 912 namque
2840 844 3034 898 eximia
3055 844 3285 914 quadam
3313 846 3523 898 ratione

1951 938 2199 991 sincerus
2230 935 2320 990 ille
2346 935 2547 991 Christi
2573 936 2870 1006 discipulus
2887 934 3116 1001 Petrus;
3148 936 3255 1003 ille,
3280 936 3520 1006 inquam,

1952 1027 2188 1097 primum
2218 1026 2437 1095 ubique,
2473 1035 2584 1080 tum
2613 1027 2753 1095 quod
2787 1027 2854 1081 ad
2882 1026 3117 1081 honores
3146 1035 3374 1096 spectat,
3412 1035 3521 1079 tum

1950 1121 2092 1191 quod
2147 1121 2212 1173 ad
2272 1120 2467 1175 merita
2509 1120 2691 1175 ferens
2729 1118 3074 1191 sullragium,
3114 1119 3199 1173 ille
3235 1119 3521 1173 admodum

1956 1226 2220 1280 magnus,
2250 1212 2403 1282 cujus
2439 1211 2603 1267 decus
2638 1211 2948 1265 universum
2982 1210 3222 1280 implevit
3256 1192 3521 1264 terrarum

1950 1305 2139 1360 orbem
2165 1346 2179 1371 ,
2211 1305 2398 1374 jussus
2425 1304 2639 1359 edicere
2668 1311 2725 1357 ut
2752 1303 2819 1357 de
2854 1302 2964 1357 Deo
2995 1318 3059 1357 ac
3086 1303 3365 1357 Salvatore
3396 1318 3518 1356 sen-

1956 1394 2072 1460 tiat,
2107 1411 2211 1449 non
2236 1410 2265 1448 a
2297 1394 2441 1465 longi
2469 1393 2749 1465 cujusdam
2775 1395 3067 1448 commenti
3090 1394 3306 1448 vafritie
3329 1392 3519 1462 erepit,

1957 1501 2057 1542 nec
2095 1486 2530 1558 syllogismorum
2573 1499 2864 1554 rerumque
2896 1487 3103 1542 circulo
3140 1486 3369 1541 vallatus
3402 1500 3524 1556 per-

1954 1582 2192 1636 contanti
2230 1581 2533 1652 respondit,
2570 1583 2646 1637 uti
2680 1599 2823 1638 nunc
2858 1582 3103 1638 solemne
3149 1584 3347 1638 habent
3405 1597 3528 1652 grao

1956 1689 2051 1730 ves
2080 1674 2155 1730 illi
2182 1662 2457 1739 rhetores,
2480 1675 2643 1744 inque
2669 1675 2847 1731 verbis
2875 1678 3085 1745 positae,
3119 1676 3240 1731 fidei
3264 1676 3525 1738 artiﬁces,

248 1764 470 1835 γισμῶν
520 1764 620 1818 καὶ
674 1765 1020 1835 πραγμάτων
1068 1764 1562 1837 περιϐαλλόμενος,
1619 1767 1850 1838 ἀπεκρί-

1958 1767 2049 1823 sed
2084 1766 2249 1822 corde
2282 1766 2537 1836 simplici,
2566 1768 2900 1823 succinctam
2927 1768 3210 1823 veritatem
3245 1768 3526 1839 exposuit;

249 1873 380 1909 νατο
411 1855 554 1927 πρὸς
585 1853 686 1926 τὴν
712 1853 929 1918 πεῦσιν,
961 1853 1148 1928 ῶσπερ
1179 1855 1242 1927 δὴ
1273 1854 1367 1909 νῦν
1392 1859 1563 1912 ποιεῖν
1597 1856 1850 1912 εἰώθασιν

247 1948 297 1998 οἱ
333 1945 503 1999 δεινοὶ
543 1945 803 2014 σοφισταὶ⁸
836 1944 930 1998 καὶ
960 1944 1266 2016 τεχνολόγοι
1295 1945 1397 2017 τῆς
1430 1947 1698 2011 πίστεως·
1734 1947 1848 2002 ἀλλ’

249 2041 310 2091 ἐν
334 2038 607 2109 ἁπλότητι
633 2036 881 2109 καρδίας,
906 2035 1168 2107 σύντομον
1191 2036 1407 2103 ἐξέθετο
1431 2040 1530 2110 τὴν
1557 2038 1815 2110 ἀλήθειαν
1833 2052 1845 2067 ⁸

252 2130 312 2182 οὐ
363 2129 459 2181 τὸν
513 2128 813 2199 ἀγέννητον
865 2126 1174 2192 διαστείλας
1219 2128 1297 2200 τῷ
1347 2129 1622 2201 γεννητῷ,
1675 2130 1736 2184 οὐ
1782 2130 1851 2185 τα

255 2221 385 2291 περὶ
416 2221 609 2290 ὁμοίου
642 2219 737 2273 καὶ
776 2218 1029 2291 ἀνομοίου
1057 2218 1460 2292 λεπτολογήσας
1488 2221 1846 2294 ἐμπλήκτως,

255 2312 381 2366 οὐδὲ
409 2311 520 2365 τῶν
554 2312 697 2383 ὑπὲρ
734 2310 913 2364 πάντα
945 2310 1143 2363 οὐσιῶν
1174 2310 1708 2384 πολυπραγμονήσας
1737 2312 1852 2366 δια-

259 2405 456 2474 φοράν,
484 2401 606 2457 οὐδὲ
638 2403 738 2472 τὴν
784 2402 1093 2473 ἀμέτρητον
1138 2400 1366 2472 θεότητα
1418 2404 1695 2474 μετρήσας
1727 2404 1852 2457 συλο

256 2495 565 2565 λογισμοῖς,
601 2488 691 2547 οἷα
722 2491 786 2564 δὴ
829 2493 898 2546 τά
938 2492 1143 2565 ’Δρείου
1176 2494 1423 2563 παίγνια,
1457 2495 1550 2546 καὶ
1584 2494 1651 2547 τὰ
1682 2493 1848 2547 Εὐνο-

263 2584 388 2656 μίου
433 2584 949 2655 παρεγχειρήματα.
997 2580 1337 2653 Ζηλώσωμεν
1386 2584 1585 2648 τοίνυν,
1628 2576 1674 2636 ὧ
1714 2584 1851 2654 Χρι-

263 2675 475 2732 στιανοὶ
504 2669 599 2745 (ὧν
639 2675 842 2737 πίστις,
878 2673 939 2726 οὐ
973 2673 1263 2743 πολυλογία
1298 2674 1358 2728 τὸ
1394 2674 1729 2745 γνώρισμα),
1758 2674 1851 2727 τὸν

266 2770 446 2831 ἀλιέα,
493 2769 582 2822 τὸν
630 2768 980 2839 ἀπερίεργον,
1011 2766 1103 2820 τὸν
1137 2768 1200 2819 ὲκ
1227 2766 1532 2838 Βηθσαῖδᾶς
1557 2768 1811 2836 γένοντα⁶
1835 2810 1849 2832 ,

264 2862 323 2914 τὺ
352 2860 569 2933 πρῶτον
596 2860 851 2932 θήρευμα
880 2858 971 2912 τοῦ
1009 2858 1267 2931 Χριστοῦ,
1315 2857 1722 2930 Μελετήσωμεν
1763 2859 1852 2912 λέ-

264 2968 410 3020 γειν’
446 2951 531 3004 Σὺ
561 2947 619 3005 εἴ
646 2954 679 3004 ό
710 2950 964 3019 Χριστὸς
996 2952 1029 3004 ὁ
1064 2949 1197 3015 Υἱὸς
1239 2948 1345 3003 τοῦ
1391 2948 1538 3002 θεοῦ
1571 2949 1677 3002 τοῦ
1718 2948 1853 3010 ζῶν-

265 3060 403 3112 τοςσ
434 3042 591 3096 τὰδὲ
623 3041 847 3096 πλείονα
874 3042 1095 3105 τούτων,
1109 3041 1328 3111 ἀφιέναι
1361 3044 1473 3106 τοῖς
1504 3040 1849 3113 λογομάχοις,

265 3130 339 3190 ῶν
361 3135 481 3207 ερις
508 3135 571 3188 τὸ
598 3133 777 3205 ἔργον,
809 3135 902 3187 καὶ
934 3133 994 3186 τὸ
1024 3133 1175 3197 τέλος
1204 3132 1467 3186 ἀπώλεια.

331 3224 485 3298 ’Δρα
527 3222 622 3280 οὖν
658 3227 756 3297 μὲν
808 3228 967 3299 μέχρι
1001 3226 1107 3280 τῶν
1153 3225 1452 3296 λεχθέντων
1495 3227 1708 3282 ἵσταται
1759 3228 1854 3282 τοῦ

264 3317 569 3372 ἀποστόλου
619 3317 689 3371 τα
740 3317 1028 3389 θαύματας
1095 3318 1128 3387 ἥ
1198 3320 1304 3371 πᾶν
1355 3319 1687 3386 τούναντίον,
1734 3319 1855 3372 οὐδὲ

264 3407 474 3483 ἦρχθαι
520 3409 807 3481 δοκοῦμεν,
857 3412 909 3464 εῖ
950 3429 1031 3474 τις
1078 3413 1188 3474 τοῖς
1235 3411 1548 3483 εἰρημένοις
1599 3430 1854 3486 παραμε-

264 3504 419 3575 τροίη
451 3501 522 3555 τά
565 3502 839 3556 λείποντα.
877 3502 1016 3556 Ἀλλ’
1044 3502 1153 3572 ἐγὼ
1194 3502 1264 3555 τά
1306 3503 1476 3556 πολλὰ
1505 3507 1570 3576 τῇ
1616 3505 1859 3577 ὑμετέρα

265 3595 466 3664 γνώσει
527 3594 841 3649 καταλιπὼν
894 3595 1030 3668 (ἴστε
1080 3596 1189 3667 γὰρ
1243 3596 1334 3649 τὸν
1385 3597 1593 3667 Πέτρον
1645 3599 1739 3651 καὶ
1788 3598 1857 3650 τὰ

266 3687 643 3751 ὲκείνου,κᾶν
675 3688 862 3760 μηδεὶς
891 3690 1134 3742 ἐπαινεῖν
1173 3688 1262 3741 τὸν
1309 3688 1477 3760 ἄνδρα
1516 3689 1856 3762 προέληται),

270 3779 446 3853 μικρά
476 3781 606 3853 περὶ
631 3781 731 3852 τῆς
760 3780 1117 3844 ἀναπαύσεως
1149 3780 1313 3834 αὐτοῦ
1349 3784 1523 3835 εἰπεῖν
1559 3781 1841 3851 βούλομαι,

269 3872 363 3925 καὶ
384 3872 539 3934 ὅπως
568 3873 633 3924 ὲκ
664 3870 765 3942 τῆς
800 3872 901 3942 γῆς
930 3874 1009 3936 εἰς
1041 3873 1133 3926 τὸν
1167 3873 1395 3944 οὐρανὸν
1430 3873 1768 3944 μετῴκησεν,
1793 3874 1858 3926 ἵν’

268 3965 386 4018 ἐκεῖ
419 3963 516 4017 τοῦ
552 3964 730 4030 λέγειν
766 3963 1080 4035 παύσωμαι,
1111 3964 1238 4019 ἔνθα
1281 3965 1535 4028 κάκεῖνος
1581 3964 1672 4018 τὸν
1724 3964 1857 4035 βίον.

280 4056 340 4111 '0
374 4056 474 4126 μὲν
501 4051 599 4109 οὖν
629 4056 821 4128 Σωτὴρ
855 4056 1014 4127 ἡμῶν
1059 4055 1222 4128 ἡνίκα
1256 4055 1480 4127 ἔμελλεν
1510 4056 1759 4124 ἁγιάζειν
1785 4056 1862 4127 τῷ

271 4146 585 4220 αὐθαιρέτῳ
628 4146 845 4219 θανάτῳ
864 4149 931 4211 ⁸⁵⁵,
971 4147 1160 4222 ῶσπερ
1197 4149 1318 4203 τινὰ
1360 4148 1688 4221 παραθήκην
1719 4148 1862 4213 ἐξαί-

273 4257 449 4310 ρετον,
497 4240 602 4312 τὴν
657 4238 887 4294 καθόλου
942 4241 1036 4293 καλ⁸
1084 4243 1468 4313 οίκουμενικὴν
1534 4241 1864 4314 Ἐκκλησίαν

271 4330 446 4401 τούτῳ
488 4329 569 4401 τῷ
615 4331 771 4401 ἀνδρὶ
822 4332 1208 4402 παρατίθεται,
1257 4333 1440 4404 τρίτον
1484 4330 1649 4387 αὐτοῦ
1701 4331 1865 4385 πυθό-

1961 1862 2382 1931 haudquaquam
2451 1861 2749 1930 ingenitum
2799 1871 2988 1917 contra
3041 1861 3281 1930 genitum
3334 1861 3531 1933 distin-_

1952 1968 2127 2023 guens
2156 1970 2172 2008 :
2205 1954 2272 2008 de
2297 1953 2386 2018 iis,
2422 1967 2543 2021 quae
2569 1952 2637 2006 ad
2665 1952 2841 2006 simile
2876 1967 2941 2006 ac
2970 1952 3231 2010 dissimile
3261 1961 3527 2022 spectant,

1953 2043 2321 2114 nequidquam
2361 2053 2540 2099 emota
2579 2052 2759 2099 mente
2812 2041 3002 2099 frivola
3055 2044 3386 2113 disputans:
3433 2059 3532 2100 nec

1952 2151 2084 2190 vero
2123 2134 2581 2201 substantiarum,
2620 2150 2742 2204 quae
2779 2136 2960 2190 omnia
3002 2146 3297 2206 superant,
3340 2137 3532 2192 distin-

1955 2224 2194 2280 ctionem
2219 2225 2488 2280 curiosius
2515 2225 2820 2295 indagans;
2851 2241 2947 2283 nec
2970 2228 3180 2282 demum
3213 2228 3532 2284 immensam

1954 2314 2207 2370 deitatem
2241 2315 2568 2385 syllogismis
2617 2318 2888 2384 metiens,
2939 2318 3115 2386 qualia
3169 2319 3368 2372 habent
3417 2320 3529 2373 Arii

1956 2407 2187 2472 ludicra,
2225 2408 2584 2478 Eunomiique
2629 2425 2792 2480 prava
2836 2412 3142 2466 conamina.
3193 2411 3534 2467 Emulemnr

1955 2500 2157 2569 itaque,
2188 2498 2537 2553 oChristiani
2584 2500 2847 2571 (quorum
2885 2501 3038 2566 lides,
3074 2513 3201 2557 nota
3248 2511 3329 2557 est
3356 2518 3418 2557 ac
3444 2505 3530 2558 in-

1953 2590 2126 2660 signe,
2162 2604 2268 2643 non
2305 2590 2589 2644 verborum
2624 2588 2943 2662 eﬂlnentia),
2978 2593 3303 2660 piscatorem
3341 2591 3488 2645 illum
3512 2634 3526 2657 ,

1956 2680 2105 2733 illum
2145 2678 2483 2750 simplicem,
2530 2680 2680 2735 illum
2713 2679 3001 2737 Bethsaida
3046 2692 3227 2738 ortum
3252 2726 3266 2749 ,
3301 2684 3530 2751 primam

1956 2773 2103 2827 illam
2138 2772 2339 2828 Christi
2370 2774 2731 2829 venationem.
2762 2775 3086 2829 Studeamus
3113 2775 3294 2830 dicere
3320 2793 3333 2829 :
3370 2773 3447 2829 Tu
3477 2791 3532 2827 es

1962 2864 2206 2920 Christus
2248 2863 2423 2920 Filius
2461 2865 2558 2919 Dei
2597 2868 2735 2930 viui;
2772 2867 2857 2921 his
2897 2878 3074 2921 autem
3112 2867 3262 2936 plura
3286 2907 3300 2932 ,
3343 2882 3533 2937 pugnae

1959 2957 2245 3011 verborum
2274 2957 2613 3012 studentibus
2637 2959 2948 3025 dimittere;
2974 2974 3204 3027 quormn
3223 2973 3377 3028 opus,
3403 2973 3534 3012 cou-

1960 3049 2158 3116 tcntio;
2196 3049 2319 3104 linis
2349 3059 2552 3115 autem,
2584 3049 2855 3131 interitus,

2028 3230 2240 3303 Ergone
2268 3232 2548 3299 hactenus,
2586 3233 2746 3303 inque
2772 3233 2932 3289 dictis
2969 3234 3127 3288 linem
3156 3232 3360 3286 habent
3399 3246 3533 3301 apo-

1912 3392 1915 3393 ,
1960 3327 2085 3380 stoli
2132 3324 2432 3379 miracula?
2467 3327 2596 3396 quin
2632 3325 2790 3395 plane
2826 3340 3002 3389 secus,
3034 3341 3100 3379 ne
3131 3325 3344 3395 quidem
3383 3325 3534 3377 vide-

1960 3435 2083 3473 mur
2110 3418 2422 3486 incmpisse,
2441 3428 2501 3472 ut
2518 3419 2641 3487 quis
2662 3433 2783 3473 cum
2812 3419 2994 3482 dictis,
3021 3434 3139 3486 qua:
3154 3416 3369 3491 .reliqua
3389 3427 3534 3480 sunt,

1964 3519 2267 3580 comparet.
2290 3510 2404 3581 Ego
2427 3510 2778 3564 nihilominus
2798 3510 3055 3579 pleraque
3075 3519 3266 3564 vestrae
3297 3509 3538 3564 srientiae

1960 3604 2278 3671 permittens
2310 3603 2498 3673 (scitis
2543 3603 2685 3657 enim
2722 3603 2964 3667 Petrum,
3019 3618 3082 3656 ac
3129 3617 3218 3657 res
3251 3601 3418 3666 Petri,
3454 3612 3538 3654 la-

1962 3695 2117 3749 metsi
2156 3710 2313 3749 nemo
2336 3694 2506 3748 virum
2540 3694 2761 3749 laudare
2807 3693 2859 3746 in
2901 3693 3141 3747 animum
3184 3688 3529 3761 induxerit),

1962 3798 2134 3853 pauca
2165 3785 2410 3853 quaedam
2445 3782 2565 3838 volo
2596 3784 2778 3838 dicere
2806 3784 2872 3836 dc
2908 3783 3025 3851 ejus
3072 3782 3280 3850 requie,
3311 3790 3477 3850 utque
3507 3797 3545 3843 ο,

1966 3882 2110 3927 terra
2146 3873 2198 3925 in
2233 3873 2430 3928 coelum
2465 3872 2816 3939 migraverit,
2853 3881 2911 3924 ut
2948 3871 3056 3925 illic
3090 3871 3286 3924 faciam
3323 3871 3536 3925 dicendi

1968 3962 2154 4030 linem,
2184 3964 2275 4017 ubi
2308 3964 2397 4017 ille
2426 3964 2551 4017 vita:
2577 3962 2735 4016 linem
2768 3962 2999 4029 accepit.
3028 3960 3163 4017 Cum
3193 3974 3323 4031 ergo
3351 3960 3541 4016 Salva-

1970 4064 2075 4118 tor,
2112 4065 2307 4125 sponte
2337 4064 2615 4122 assumpta
2663 4064 2837 4109 morte
2881 4054 3177 4108 lmmanum
3208 4070 3380 4124 genus
3407 4069 3537 4109 san-

1965 4144 2299 4199 ctiﬁcaturus
2324 4152 2489 4209 esset,
2513 4157 2610 4197 ceu
2643 4144 2911 4213 peculiare
2933 4145 3205 4214 quoddam
3238 4145 3537 4215 depositum

1965 4249 2028 4289 ac
2072 4234 2373 4304 peculium,
2418 4234 2779 4290 universalem
2843 4250 2907 4289 ac
2953 4234 3086 4289 orbe
3136 4244 3247 4289 toto
3292 4234 3538 4290 dilfusam

1966 4326 2082 4382 viro
2119 4326 2245 4383 huic
2280 4327 2631 4385 commendat
2676 4326 3001 4388 Ecclesiam,
3038 4327 3126 4380 ubi
3162 4325 3323 4380 tertio
3373 4325 3541 4380 inter.

276 4439 432 4493 μενος
475 4422 560 4487 τὸ,
593 4422 794 4487 Φιλεῖς
834 4439 940 4492 με;
988 4425 1075 4488 Ὠς
1102 4424 1161 4477 δὲ
1207 4427 1328 4487 ταῖς
1372 4424 1672 4494 ἐρωτήσεσι
1721 4424 1854 4494 μάλα

1971 4428 2234 4489 rogasset,
2269 4420 2421 4483 illud,
2459 4421 2620 4474 Amas
2666 4435 2747 4471 me
2776 4418 2827 4471 ‘?
2857 4417 3101 4487 Cumque
3132 4419 3196 4483 is,
3236 4417 3402 4473 multa
3429 4416 3540 4470 ala-

277 4514 572 4586 προθύμως
608 4515 930 4586 ἰσαρίθμους
968 4516 1067 4581 τὰς
1100 4515 1391 4586 ὁμολογίας
1435 4515 1715 4587 προέθετο,
1750 4515 1866 4568 ελα-

277 4604 366 4659 εεν
398 4606 497 4659 τὸν
541 4606 746 4677 κόσμον
777 4608 857 4670 είς
887 4607 1226 4677 ἐπιμέλειαν,
1268 4608 1344 4670 ὼς
1394 4607 1520 4677 μίαν
1554 4605 1753 4677 ἀγέλην
1785 4602 1866 4670 εἷς

283 4696 484 4768 ποιμὴν
507 4737 523 4761 ,
552 4696 823 4761 ἀκούσας·
858 4699 1058 4752 Βόσκε
1091 4699 1166 4752 τὰ
1198 4699 1374 4766 ἀρνία
1412 4716 1532 4768 μου
1554 4716 1567 4729 ·
1600 4699 1693 4752 καὶ
1737 4715 1863 4769 σχε-

280 4787 366 4839 δὸν
406 4787 524 4840 ἀνθ’
552 4787 749 4841 ἑαυτοῦ
798 4788 887 4841 τὸν
935 4788 1257 4843 πιστότατον
1308 4788 1554 4861 μαθητὴν
1588 4789 1790 4843 ἔδωκεν
1836 4790 1865 4842 ὁ

281 4877 480 4950 Κύριος
526 4883 642 4944 τοῖς
679 4879 1039 4951 προσηλύτοις
1093 4880 1334 4952 πατέρα,
1385 4882 1479 4935 καὶ
1531 4882 1719 4952 νομέα,
1768 4882 1864 4934 καὶ

280 4970 594 5041 παιδευτὴν.
642 4971 862 5042 Ταύτης
892 4972 1068 5026 τοίνυν
1109 4971 1348 5036 ἀκούσας
1389 4973 1485 5043 τῆς
1521 4973 1727 5043 φωνῆς,
1759 4974 1861 5027 οὐκ

277 5063 333 5116 ιν
363 5064 609 5137 ῥᾳθυμία
636 5067 729 5119 τὸν
773 5066 887 5137 βίον
922 5066 1135 5137 ἔζησεν,
1175 5066 1297 5119 οὐδὲ
1343 5067 1596 5137 ἠγάπησε
1630 5068 1725 5138 τὴν
1761 5067 1865 5132 ἔξω

280 5154 537 5210 κινδύνων
583 5156 763 5227 ζωήνο
796 5156 1294 5229 άλλάιπᾶσανιτὴν
1341 5157 1665 5228 οἰκουμένην
1705 5175 1863 5231 περι-

282 5245 502 5309 νοστῶν,
546 5245 640 5300 τδν
696 5245 931 5318 Χριστὸν
976 5247 1088 5309 τοῖς
1133 5244 1533 5314 τυφλώττουσιν
1588 5245 1865 5298 ἀπεκάλυ-

286 5349 432 5398 πτεν,
471 5338 603 5400 τοὺς
639 5338 742 5408 μὲν
788 5336 1173 5408 πλανωμένους
1219 5336 1451 5407 ὁδηγῶν,
1493 5336 1619 5399 τοὺς
1647 5334 1704 5387 δὲ
1738 5353 1863 5404 γευ-

287 5426 547 5494 σαμένους
562 5428 668 5499 τῆς
700 5427 983 5492 εὐσεϐείας
1008 5429 1054 5461 "
1074 5444 1087 5458 ⁸
1120 5430 1233 5491 τοῖς
1269 5428 1483 5500 ἐχθροῖς
1524 5428 1858 5499 μαχόμενος,

1969 4510 2166 4565 eritate
2195 4512 2424 4582 singulis
2446 4511 2971 4581 interrogationibus
2997 4511 3216 4567 totidem
3245 4510 3540 4580 professio-

1964 4615 2062 4653 nes
2098 4601 2413 4669 adiecisset,
2452 4604 2640 4658 mundi
2682 4619 2869 4658 curam
2923 4603 3158 4670 accepit;
3197 4602 3340 4657 velut
3376 4615 3538 4654 unum

1964 4708 2205 4764 gregem,
2243 4711 2380 4749 unus
2414 4705 2644 4766 pastor;
2680 4697 2880 4765 quibus
2907 4696 3112 4750 audivit
3141 4712 3154 4748 :
3184 4692 3351 4747 Pasce
3375 4708 3539 4762 agnos

1962 4800 2102 4838 meos
2120 4786 2141 4815 ²
2166 4801 2181 4850 ;
2215 4784 2432 4855 fereque
2454 4788 2536 4841 sui
2561 4790 2676 4842 loco
2700 4787 2850 4842 dedit
2872 4788 3130 4843 Dominus
3166 4786 3538 4841 ﬁdelissimum

1964 4872 2310 4943 discipulum,
2352 4875 2404 4928 in
2436 4886 2669 4945 patrem,
2698 4885 3080 4945 pastoremque
3107 4891 3170 4930 ac
3197 4876 3537 4945 magistrum,

1966 4963 2052 5026 iis,
2087 4966 2178 5034 qui
2209 4976 2393 5020 essent
2423 4968 2701 5022 accessuri
2728 4970 2794 5023 ad
2828 4970 3007 5024 (idem.
3038 4969 3171 5023 Cum
3210 4969 3394 5037 itaque
3419 4982 3539 5029 eam

1962 5071 2153 5110 vocem
2181 5057 2442 5123 audisset,
2474 5058 2890 5129 haudquaquam
2914 5061 3142 5129 segnitie
3163 5061 3328 5113 vitam
3359 5060 3540 5114 tradu-

1964 5145 2193 5199 cendam
2220 5145 2371 5198 duxit
2398 5161 2411 5210 ;
2446 5161 2545 5200 nec
2576 5147 2761 5203 dilexit
2789 5150 2969 5203 vivere
2998 5157 3152 5203 extra
3172 5134 3540 5217 periculorum

1965 5237 2137 5293 aleam
2190 5256 2204 5292 :
2254 5240 2380 5325 quin
2453 5240 2766 5296 universum
2828 5243 3253 5311 circumquaque
3306 5238 3543 5298 lustrans

1974 5339 2243 5384 terrarum
2270 5332 2480 5397 orbem,
2510 5333 2669 5388 cmcis
2699 5333 2976 5389 Christum
3007 5334 3315 5403 revelahat;
3342 5335 3408 5392 iis
3436 5335 3541 5392 dux

1970 5422 2194 5478 elleetus
2226 5424 2315 5493 qui
2347 5425 2694 5492 cxerrabant,
2724 5441 2817 5482 eos
2842 5441 3145 5497 provocans
3167 5429 3260 5500 qui
3288 5429 3541 5500 pietatem

350 5628 394 5706 ξ’
435 5630 521 5706 ιον.
564 5631 689 5706 τῶν-
712 5628 923 5706 τῶνμνςι
963 5628 1484 5706 ἐκκλησιαστιρῴν.-
1524 5629 1755 5706 ξ’ξινζείξις.
1788 5628 1854 5683 τὸ·

1958 5627 2223 5702 νθρωπον,
2250 5626 2330 5683 vel
2345 5625 2473 5696 quid
2500 5628 2694 5684 simile.
2773 5631 2817 5664 "
2859 5631 3044 5702 Suppl.
3081 5632 3166 5686 τσ.
3199 5633 3540 5706 προτρέπων,

286 5698 368 5749 vel
389 5701 514 5767 quid
545 5701 745 5753 simile.
822 5700 838 5730 ¹
878 5698 1033 5755 Joan.
1060 5716 1171 5763 χιι,
1201 5699 1389 5753 15-17.
1466 5701 1485 5729 ²
1522 5699 1653 5752 ibid.
1690 5700 1774 5754 l5.
