4048 6194
458 184 558 239 233

1736 192 1796 249 S.
1837 192 2111 251 ASTERII
2148 191 2450 251 AMASENI

3595 188 3703 243 284

457 310 797 371 gustassent,
835 304 1020 360 hostes
1058 304 1397 376 impugnans,
1441 307 1731 364 consolans
1770 310 2027 367 domesti-

2134 313 2253 376 τοὺς
2284 310 2517 374 οἰκείους
2546 305 2900 379 παρακαλῶν,
2928 303 3180 376 διωγμῶν
3226 303 3567 375 ἀνεχόμενος,
3608 306 3705 374 φά-

459 408 579 459 eos,
615 382 1028 462 persecutiones.
1064 397 1363 461 sustinens,
1403 413 1687 455 carcerum
1726 402 2025 457 molestiam

458 484 663 551 ferens,
683 486 868 541 multis
893 487 1063 540 modis
1084 485 1358 556 Evangelii
1376 503 1538 543 causa
1558 490 1795 559 pericula
1815 493 2023 547 adiens.

460 620 467 628 .
531 573 793 629 Processu
820 575 1015 630 deinde
1050 576 1329 644 temporis,
1365 579 1550 630 urbem
1580 580 1787 648 regiam
1816 589 2025 649 petens,

460 664 587 719 inde
630 668 695 718 ad
734 681 952 734 regnum
1002 666 1263 720 excurrit.
1311 665 1450 721 Nero
1480 668 1624 721 enim
1654 669 1707 722 in
1741 671 1874 723 iram
1905 685 2028 738 pro-

458 765 704 821 vocatus,
737 756 815 809 uti
847 755 974 810 olim
1006 754 1247 811 Herodes
1280 758 1331 811 in
1380 758 1689 825 Palaestina,
1720 774 1839 813 cum
1867 758 2025 814 Chri—

455 856 594 900 stum
621 862 797 916 regem
836 848 972 917 magi
1000 849 1415 912 annuntiarent;
1442 850 1562 904 aliis
1584 851 1797 919 quidem
1827 853 2027 921 spretis

455 938 844 1006 suppliciorum
892 940 1199 1008 generibus,
1232 939 1341 994 lata
1383 941 1653 996 sententia
1693 950 1776 996 ter
1810 944 2026 997 beatum

456 1030 759 1098 apostolum
809 1030 945 1102 alligi
1000 1031 1150 1085 cruci
1203 1032 1471 1095 decernit,
1508 1042 1564 1086 ut
1600 1034 1793 1089 nedum
1835 1033 2028 1090 Petrus

456 1136 607 1175 mare
639 1123 891 1193 gradiens
931 1122 1215 1176 Dominum
1266 1124 1606 1188 imitaretur,
1643 1138 1828 1178 verum
1862 1124 2024 1178 etiam

458 1212 511 1266 in
562 1211 705 1281 ligno
743 1228 1050 1280 suspensus.
1090 1214 1373 1284 Tanquam
1428 1214 1775 1269 nihilominus
1809 1217 2028 1270 humilis

459 1303 808 1372 sapiensque,
842 1305 925 1358 vel
951 1305 1003 1357 in
1037 1306 1155 1374 ipso
1186 1306 1503 1360 certaminis
1528 1316 1768 1374 tempore
1793 1322 1856 1361 ac
1884 1307 2025 1362 lucta

458 1407 580 1446 cum
612 1394 803 1448 mortis
832 1409 1049 1462 pavore,
1083 1408 1421 1466 perSpectum
1455 1398 1659 1452 habens
1683 1398 1809 1467 quid
1847 1399 2029 1453 Domi-

459 1498 586 1537 num
620 1485 760 1538 inter
793 1500 856 1541 ac
890 1493 1103 1540 servum
1140 1486 1455 1554 interesset,
1488 1504 1652 1542 unum
1689 1491 1819 1558 quid
1854 1491 2023 1545 bene-

459 1575 565 1628 ficii
592 1574 712 1629 loco
741 1574 808 1628 ab
833 1576 1079 1630 hostibus
1106 1578 1336 1649 rogavit,
1362 1593 1429 1631 ne
1457 1579 1667 1634 scilicet
1691 1581 1878 1635 eadem
1905 1597 2025 1636 cum

460 1666 688 1721 Domino
718 1667 884 1736 figura
920 1666 1197 1739 albgerent
1225 1670 1389 1739 ligno,
1422 1672 1514 1725 sed
1546 1686 1702 1727 verso
1737 1673 1801 1726 ad
1830 1680 2026 1727 terram
2059 1650 2103 1709 Β

460 1758 635 1827 capite
669 1758 1072 1828 crucifigerent.
1111 1759 1266 1814 Haud
1301 1762 1500 1831 quippe
1539 1778 1637 1832 par
1669 1777 1815 1828 esse,
1854 1774 1912 1818 ut
1944 1764 2029 1817 vel

460 1849 512 1903 in
546 1860 749 1918 morte,
792 1852 1023 1920 aequales
1053 1855 1194 1907 servi
1236 1852 1586 1925 Dominique.
1611 1866 1790 1925 partes
1824 1866 2024 1913 essent.

463 1941 626 2008 Dixit,
657 1957 722 1996 ac
750 1944 857 1997 voti
894 1959 1117 2013 compos
1147 1944 1370 2001 effectus
1397 1958 1500 2014 est,
1531 1950 1817 2020 crucisque
1853 1952 2029 2005 medio

460 2034 527 2085 ad
557 2047 678 2086 eum
708 2033 861 2099 abiit,
897 2036 986 2103 qui
1018 2037 1344 2103 crucifixus,
1378 2041 1677 2095 resurrexit
1711 2059 1723 2095 :
1762 2043 1876 2112 ipse
1907 2044 2029 2111 qui-

463 2122 587 2175 dem
625 2123 869 2194 martyrii
916 2140 1114 2180 corona
1165 2128 1433 2195 donatus;
1491 2132 1647 2186 nobis
1696 2143 1873 2187 autem
1930 2135 2029 2188 ha-

462 2227 648 2268 rumce
682 2212 1036 2270 festivitatnm
1070 2218 1262 2284 gaudia
1300 2219 1629 2290 relinquens.

530 2387 657 2444 llzcc
688 2405 784 2445 nos
816 2405 1032 2461 quoque
1057 2393 1177 2458 tibi,
1203 2408 1237 2449 ο
1265 2394 1490 2450 charum
1516 2412 1580 2453 ac
1605 2413 1816 2454 sacrum
1846 2407 2027 2470 caput,

460 2492 559 2547 pro
606 2491 789 2534 nostra
841 2480 981 2535 virili
1038 2482 1295 2539 facultate
1350 2486 1638 2541 multarum
1678 2490 2028 2559 gratulatoria

459 2568 716 2624 virtutum
745 2581 1132 2643 gestorumque
1158 2576 1428 2633 reddenda
1458 2579 1764 2636 habuimus.
1796 2582 2032 2651 Tempus

460 2677 593 2719 vero
616 2672 725 2727 est,
757 2674 812 2719 ut
837 2668 902 2719 ad
927 2666 1159 2737 pugilem
1188 2669 1419 2724 alterum
1468 2685 1771 2727 sermonem
1803 2689 2033 2731 conver-

465 2761 667 2821 tamus,
703 2755 771 2809 ad
803 2765 924 2821 tum,
962 2757 1203 2825 inquam,
1240 2760 1454 2815 virtutis
1481 2764 1685 2819 socium
1714 2765 1861 2818 illum
1894 2765 2029 2819 Tar-

459 2857 674 2899 sensem
710 2862 723 2897 :
751 2860 896 2911 cum,
925 2850 1165 2916 inquam,
1212 2850 1303 2919 qui
1331 2851 1546 2907 diverso
1575 2852 1793 2923 quidem
1822 2856 2026 2924 suppli-

462 2935 532 2990 cii
561 2950 758 3007 genere
779 2976 796 3002 ,
836 2953 1022 2992 verum
1056 2953 1164 2994 uno
1194 2939 1492 3011 eodemque
1518 2942 1734 3012 pietatis
1766 2946 1895 3014 fine,
1926 2963 2027 3002 uua

463 3040 638 3087 tecum
663 3034 729 3088 ad
757 3034 1036 3090 Christum
1073 3035 1349 3105 profectus
1380 3049 1480 3092 est.

531 3122 730 3180 Paulus
753 3124 840 3179 ille
869 3125 1222 3193 admirabilis,
1247 3142 1450 3183 canora
1480 3129 1569 3184 illa
1592 3130 1864 3202 Evangelii
1886 3135 2031 3201 tuba,

467 3216 618 3283 prius
641 3217 857 3285 quidem
883 3217 1114 3272 acerbus
1145 3218 1578 3275 Christianorum
1602 3222 1798 3290 hostis,
1829 3236 2035 3296 postre-

467 3316 613 3355 mum
647 3316 776 3357 vero
808 3302 1133 3359 fortissimus
1163 3305 1418 3363 Ecclesia:
1459 3321 1740 3379 patronus,
1778 3316 2035 3384 apostolis

465 3393 685 3462 quidem
726 3394 1002 3448 recentior
1034 3396 1220 3465 gratiae
1250 3408 1405 3467 partu
1433 3400 1633 3464 editus,
1668 3418 1733 3458 ac
1765 3406 2037 3472 posterior

466 3491 710 3554 tempore
736 3483 939 3539 Christi
966 3485 1246 3556 discipulis
1275 3503 1559 3559 accensus,
1594 3492 1735 3546 idem
1764 3494 2036 3549 nihilomi-

466 3590 568 3630 nus
601 3576 825 3645 probata
865 3577 1085 3644 virtute,
1125 3588 1182 3634 ut
1209 3594 1277 3634 ne
1305 3580 1433 3650 quid
1469 3582 1701 3651 amplius
1734 3584 1935 3651 dicam,
1974 3602 2037 3641 ac

467 3664 746 3720 duodecim
803 3664 1015 3720 illorum
1065 3683 1233 3723 canos
1277 3671 1478 3739 pudore
1524 3670 1782 3740 afﬁciam,
1836 3673 2038 3744 Moysis

465 3753 713 3823 :rqualis,
745 3756 1027 3812 aemulator
1054 3759 1290 3825 fervens,
1315 3772 1371 3814 ut
1403 3763 1525 3831 quis
1553 3762 1713 3831 alius,
1746 3764 1882 3834 legis
1908 3780 2041 3834 pro-

466 3848 852 3919 pugnaculum,
884 3849 1094 3906 Veteris
1123 3850 1455 3908 Testamenti
1490 3855 1652 3910 turris
1680 3854 1835 3910 firma
1863 3871 1929 3911 ac
1958 3857 2040 3911 in-

468 3952 766 4006 concussa;
805 3940 977 3995 donec
1012 3947 1238 3997 mutavit
1286 3943 1550 4010 animum,
1601 3945 1805 4016 grande
1848 3961 2035 4001 eorum

466 4029 769 4097 periculum
824 4032 916 4101 qui
968 4031 1244 4088 Christum
1295 4035 1671 4106 loquerentur;
1718 4046 2041 4106 nostrosque

471 4116 666 4187 ubique
714 4119 951 4174 terrebat
1005 4135 1071 4175 ac
1122 4121 1174 4175 in
1228 4121 1405 4192 fugam
1440 4124 1667 4193 agebat;
1712 4139 1838 4179 verc
1881 4124 2036 4192 juxta

468 4208 867 4277 prmtlictionem
894 4209 1082 4275 Jacob,
1113 4211 1390 4281 Benjamin
1421 4214 1574 4282 lupus
1607 4229 1773 4283 rapax
1806 4215 1857 4279 ³,
1896 4214 2038 4283 opti-

2058 2983 2102 3041 ο

2118 419 2239 470 ’ρων
2266 400 2534 472 ἀχθηδόνα
2566 397 2973 469 δεσμωτηρίων.
3013 395 3364 468 πολυτρόπως
3389 395 3485 449 τοῦ
3526 397 3708 466 Εὐαγ-

2130 491 2312 561 γελίου
2343 488 2795 561 προκινδυνεύων.

2198 580 2406 652 Χρόνου
2434 579 2491 633 δὲ
2523 578 2820 651 προϊόντος,
2859 577 2959 649 τὴν
2995 576 3378 649 βασιλεύουσαν
3410 574 3564 630 πόλιν
3593 574 3704 630 τῶν

2128 668 2429 742 ἀνθρώπων
2455 666 2657 732 λαϐὼν,
2683 665 2894 720 ἐκεῖθεν
2922 667 3013 722 ἐπὶ
3051 666 3149 738 τὴν
3181 664 3453 737 βασιλείαν
3477 665 3708 737 ἀνέδρα-

2133 777 2251 831 μεν.
2302 758 2739 831 Ἀναρῥιπισθεὶς
2794 758 2905 831 γὰρ
2954 759 2983 811 ό
3025 757 3216 830 Νέρων
3263 758 3343 820 είς
3387 756 3576 827 ὀργὴν,
3626 756 3707 821 ὥς

2129 836 2258 907 ποτε
2290 852 2433 906 κατά
2462 851 2560 923 τὴν
2583 850 2947 923 Παλαιστίνην
2980 849 3245 922 Ἡρώδης,
3274 849 3437 920 ήνίκα
3479 847 3708 918 βασιλέα

2127 944 2218 998 τὸν
2268 942 2503 1014 Χριστὸν
2548 943 2599 996 οἱ
2641 944 2805 1014 μάγοι
2855 941 3191 1015 διήγγελλον,
3239 939 3556 1012 ὑπερϐαίνει
3606 939 3709 1011 μὲν

2128 1036 2254 1098 τοὺς
2289 1034 2483 1098 ἄλλους
2525 1034 2634 1087 τῶν
2673 1033 2947 1088 κολάσεων
2980 1033 3233 1104 τρόπους,
3263 1031 3487 1104 ψηφίζει
3516 1030 3579 1085 δὲ
3611 1029 3709 1084 τὸν
3762 1083 3781 1090 ,

2127 1126 2525 1198 τρισμακάριον
2558 1124 2975 1197 προσηλωθῆναι
3010 1121 3247 1195 σταυρῷ,
3292 1122 3392 1175 ἵνα.
3425 1122 3501 1195 μὴ
3545 1120 3710 1193 μόνον

2129 1216 2374 1281 πεζεύων
2406 1217 2679 1270 θάλασσαν
2713 1215 2919 1287 Πέτρος
2961 1215 3052 1268 τὸν
3096 1214 3372 1284 Δεσπότην
3422 1216 3704 1284 μιμεῖται,

2128 1309 2262 1364 ἀλλὰ
2295 1311 2389 1364 καὶ
2421 1310 2513 1363 ἐπὶ
2544 1308 2701 1376 ξύλου
2741 1307 3104 1380 κρεμάμενος.
3135 1309 3345 1379 Ὅμως,
3367 1306 3443 1370 ὡς
3472 1305 3708 1379 εὐλαϐὴς

2129 1398 2224 1451 καὶ
2240 1397 2399 1468 σοφὸς
2415 1398 2516 1451 κάν
2530 1398 2608 1469 τῷ
2635 1396 2812 1469 καιρῷ
2834 1398 2933 1466 τῆς
2950 1397 3208 1466 ἀγωνίας,
3227 1395 3499 1462 είδὼς,τίς
3519 1397 3710 1465 διαφο-

2132 1489 2202 1562 ρὰ
2223 1490 2429 1562 Κυρίου
2449 1488 2585 1560 πρὸς
2603 1487 2807 1555 δοῦλον,
2847 1487 2975 1559 μίαν
3006 1488 3173 1559 ᾔτησε
3195 1487 3346 1558 παρά
3358 1487 3465 1541 τῶν
3494 1486 3709 1557 ἐχθρῶν

2130 1584 2307 1655 χάριν,
2336 1583 2466 1654 μήτι
2493 1599 2557 1649 γε
2586 1584 2642 1635 ὲν
2673 1581 2841 1651 ὁμοίῳ
2875 1579 2952 1651 τῷ
2981 1582 3216 1652 σχήματι
3250 1579 3324 1651 τῷ
3355 1579 3495 1650 ξύλῳ
3539 1596 3709 1650 προσ-

2132 1675 2379 1741 αγαγεῖν,
2416 1671 2552 1725 ἀλλὰ
2587 1670 2684 1742 τὴν
2732 1669 2974 1740 κεφαλὴν
3005 1668 3083 1740 τῷ
3121 1668 3395 1740 προσγείῳ
3428 1668 3584 1739 μέρει
3611 1667 3707 1721 τοῦ

2133 1760 2368 1834 σταυροῦ
2427 1760 2908 1832 προσηλώσαντας.
2959 1759 3033 1812 Οὐ
3084 1758 3193 1828 γὰρ
3258 1757 3428 1823 ἄξιον,
3474 1756 3596 1809 οὐδὲ
3649 1759 3709 1809 ὲν

2133 1854 2292 1909 πάθει
2326 1852 2432 1905 τῶν
2475 1854 2604 1907 ἴσων
2636 1853 2727 1905 τὸν
2759 1851 2942 1905 δοῦλον
2969 1849 3045 1921 τῷ
3083 1849 3327 1920 Δεσπότῃ
3367 1851 3568 1919 τυχεῖν.
3608 1842 3708 1902 Εἶ-

2131 1962 2250 2011 πεν,
2296 1945 2390 1999 καὶ
2434 1943 2625 2015 ἔτυχεν
2658 1936 2732 1997 ὧν
2780 1942 3051 2005 ἐϐούλετο,
3084 1942 3177 1994 καὶ
3209 1941 3295 1994 διά
3334 1940 3425 1994 τοῦ
3472 1939 3710 2012 σταυροῦ

2132 2036 2268 2108 πρὸς
2293 2037 2384 2089 τὸν
2428 2035 2811 2108 σταυρωθέντα
2850 2035 2943 2089 καί
2984 2032 3292 2088 ἀναστάντα
3321 2031 3580 2103 ἀπῆλθεν,
3610 2032 3712 2087 αῦο
3820 2098 3829 2109 ι

2129 2128 2221 2192 τός
2268 2128 2366 2199 μὲν
2411 2127 2502 2181 τὸν
2550 2125 2645 2179 τοῦ
2702 2125 3002 2208 μαρτυρίου
3055 2122 3463 2194 ἀναδησάμενος
3504 2122 3711 2192 στέφαο

2131 2237 2242 2287 νον,
2282 2221 2414 2291 ἡμῖν
2449 2219 2506 2272 δὲ
2533 2217 2740 2272 τούτων
2769 2217 2879 2271 τῶν
2917 2214 3119 2287 ἑορτῶν
3146 2211 3461 2268 καταλιπὼν
3505 2212 3604 2276 τὰς
3632 2215 3716 2266 ale

2130 2313 2390 2457 datalia
2440 2419 2521 2456 σοι
2553 2402 2647 2456 κα)⁸
2680 2402 2860 2471 ,ἡμεῖς
2903 2398 3045 2453 κατά
3087 2397 3333 2469 δύναμιν,
3368 2394 3413 2453 ὧ
3442 2396 3569 2468 φίλη
3614 2396 3733 2449 καὶ·

2136 2495 2257 2568 ίερά
2291 2494 2526 2565 κεφαλὴ,
2565 2491 2674 2546 τῶν
2707 2490 2916 2544 πολλῶν
2956 2490 3392 2561 κατορθωμάτων
3427 2489 3718 2543 ἀπεδώκα-

2126 2604 2236 2658 μεν
2277 2586 2639 2658 χαριστήρια·
2672 2583 2793 2654 ὥρα
2841 2581 2897 2633 δὲ
2943 2580 3153 2644 λοιπὸν,
3183 2580 3270 2632 ἐπ’
3308 2580 3464 2635 ἀλλον
3504 2580 3709 2648 ἀγωνι-

2134 2677 2263 2749 στὴν
2290 2676 2488 2748 τρέψαι
2528 2676 2617 2728 τὸν
2645 2674 2820 2743 λόγον,
2847 2673 2937 2727 τὸν
2954 2673 3143 2727 κοινὸν
3170 2672 3191 2704 δ
3219 2672 3317 2744 τῆς
3357 2672 3452 2744 σῆς
3476 2670 3708 2742 ἀρετῆς,

2132 2768 2223 2821 τὸν
2252 2765 2489 2838 Ταρσέα,
2518 2766 2610 2818 τὸν
2639 2764 2876 2835 διαφόρῳ
2919 2763 3018 2835 μὲν
3270 2762 3368 2833 τῆς
3406 2760 3711 2832 τιμωρίας,

2132 2860 2213 2913 ἑνὶ
2237 2858 2294 2911 δὲ
2329 2855 2516 2926 σκοπῷ
2542 2856 2642 2927 τῆς
2679 2855 2959 2921 εὐσεϐείας
2997 2855 3135 2926 μετά
3176 2853 3269 2908 σοῦ
3311 2854 3449 2926 πρὸς
3475 2852 3714 2925 Χριστόν

2133 2941 2493 2997 ἀναλύσαντα.

2204 3123 2419 3187 Παῦλος
2457 3124 2486 3177 ὁ
2514 3121 2819 3186 θεσπέσιος,
2844 3123 2879 3193 ή
2917 3120 3297 3193 μεγαλόφωνος
3324 3119 3417 3173 τοῦ
3462 3118 3710 3187 Εύαγγε-

2132 3219 2248 3272 λίου
2290 3215 2544 3284 σάλπιγξ,
2574 3217 2603 3269 ό
2636 3215 2899 3287 πρότερον
2930 3214 3028 3286 μὲν
3057 3214 3253 3286 πικρὸς
3277 3211 3544 3283 δυσμενὴς
3576 3209 3719 3282 Χρι-

2136 3308 2385 3373 στιανῶν,
2432 3306 2783 3379 ἰσχυρότατος
2825 3306 2882 3359 δὲ
2912 3306 3219 3360 τελευταῖον
3249 3304 3349 3375 τῆς
3386 3301 3727 3371 Ἐκκλησίας

2137 3402 2458 3473 συνήγορος,
2488 3397 2753 3470 νεώτερος
2802 3399 2900 3470 μὲν
2939 3397 3205 3468 ὲπετέχθη
3238 3399 3351 3459 τοῖς
3394 3394 3720 3458 ἀποστόλοις

2135 3491 2288 3562 παρά
2314 3490 2416 3561 τῆς
2453 3491 2707 3562 χάριτος·
2751 3490 2847 3543 καὶ
2889 3487 2969 3560 τῷ
3012 3488 3187 3561 χρόνῳ
3214 3488 3465 3559 δεύτερος
3498 3482 3567 3558 ἦν
3604 3483 3721 3540 τῶν

2139 3579 2395 3651 μαθητῶν
2431 3578 2526 3632 τοῦ
2555 3578 2814 3649 Χριστοῦ,
2848 3576 2961 3640 ἴσος
2990 3577 3047 3629 δὲ
3085 3576 3226 3631 κατὰ
3268 3578 3332 3630 τὸ
3370 3576 3587 3647 δόκιμον
3614 3575 3722 3646 τῆς

2137 3672 2359 3741 ἀρετῆς,
2394 3671 2481 3725 ἵνα
2510 3671 2674 3743 μηδὲν
2704 3672 2841 3725 εἴπω
2875 3670 3056 3737 πλέον,
3106 3669 3201 3741 τὴν
3235 3669 3430 3723 πολιὰν
3463 3668 3723 3741 ἐρυθριά-

2140 3777 2241 3825 σας
2273 3760 2382 3815 τῶν
2409 3759 2636 3825 δώδεκα,
2669 3758 2917 3831 ζηλωτὴς
2954 3757 3012 3811 δὲ
3053 3756 3254 3829 θερμὸς
3285 3755 3381 3810 τοῦ
3412 3756 3718 3822 Μωῦσέως,

2137 3850 2294 3923 εἴπερ
2331 3869 2416 3915 τις
2443 3850 2649 3922 ἕτερος,
2675 3852 2849 3919 τεῖχος
2894 3847 2980 3902 τοῦ
3007 3848 3195 3918 νόμου,
3233 3846 3444 3919 πύργος
3472 3846 3570 3917 τῆς
3594 3845 3719 3899 Πα-

2138 3942 2296 4005 λαιᾶς
2336 3942 2612 4014 Διαθήκης
2644 3942 2912 4013 καρτερὸς
2944 3938 3039 3994 καὶ
3070 3939 3352 4001 ἀσειστος·
3384 3936 3478 3991 καὶ
3522 3935 3736 4007 μέχρις

2139 4029 2199 4088 οῦ
2248 4034 2348 4105 τὴν
2402 4033 2626 4106 γνώμην
2664 4031 3041 4104 ἀμετάϐλητον
3076 4026 3238 4101 εἶχεν,
3282 4029 3456 4101 μέγας
3498 4027 3722 4098 ὑπῆρχε

2140 4125 2380 4189 κίνδυνος
2425 4125 2532 4179 τῶν
2569 4125 2660 4178 τὸν
2691 4122 2924 4196 Χριστὸν
2956 4122 3277 4189 λαλούντων,
3307 4121 3399 4175 καὶ
3436 4117 3721 4189 πανταχοῦ

2140 4218 2373 4271 διεπτόει
2410 4219 2535 4281 τοὺς
2580 4217 2878 4288 ἡμετέρους
2910 4216 3005 4269 καὶ
3044 4214 3481 4285 έιρυγάδευσεννο
3514 4212 3719 4275 ὅντως.

472 4314 588 4356 mos
619 4316 861 4372 quosque
906 4300 1040 4358 Novi
1091 4301 1423 4360 TeStamenti
1467 4306 1783 4375 discerpens
1837 4320 1899 4360 ac
1930 4306 2037 4360 dis-

2143 4308 2286 4363 κατά
2321 4307 2422 4379 τὴν
2464 4307 2767 4379 πρόρρησιν
2800 4306 2895 4360 τοῦ
2935 4306 3151 4369 Ἰακὼϐ,
3186 4304 3489 4375 Βενιαμὴν
3524 4304 3720 4365 λύκος

471 4404 700 4463 pergens
725 4407 938 4463 greges.

540 4575 675 4642 Quia
689 4589 815 4631 vero
845 4575 1007 4632 etiam
1041 4577 1212 4632 sancti
1247 4576 1505 4647 Stephani
1533 4577 1768 4633 fabulam
1800 4579 2023 4647 luserat,

474 4670 756 4740 adhucque
787 4685 980 4727 cruore
1009 4671 1226 4727 foedatis
1270 4671 1518 4726 manibus
1560 4669 1882 4726 Damascum
1919 4686 2042 4739 per-

471 4763 666 4833 gebat,
720 4764 1254 4834 persecutionemque
1301 4762 1696 4832 persecutioni,
1754 4777 1818 4818 ac
1869 4764 2043 4821 caedes

472 4854 707 4910 caedibus
763 4863 1004 4920 nectere,
1067 4863 1342 4924 totumque
1400 4853 1658 4910 radicitus
1720 4854 2045 4911 Christiani-

353 5017 363 5025 _
474 4960 671 5012 smum,
707 4947 939 5016 primum
972 4946 1236 5001 hactenus
1270 4942 1550 5001 florentem
1582 4956 1783 5011 ortum,
1813 4946 2044 5002 evellere

477 5040 793 5110 satagebat;
835 5053 947 5093 rem
984 5038 1125 5094 Deus
1167 5039 1333 5109 probe
1376 5039 1543 5106 vidit,
1580 5039 1835 5094 nimirum
1885 5038 2037 5103 fore,

475 5140 535 5186 ut
564 5132 705 5187 acris
736 5132 904 5188 hostis
931 5147 995 5187 ac
1014 5131 1240 5199 validus,
1270 5133 1516 5195 generosi
1543 5131 1779 5201 pectoris
1801 5145 1863 5186 ac
1889 5131 2044 5185 fortis

477 5225 640 5279 animi
685 5222 987 5300 efﬁceretur
1017 5226 1223 5280 amicus
1259 5244 1273 5280 :
1310 5225 1594 5294 subitoque
1629 5221 2044 5293 circumfulgens

477 5312 698 5381 lumine,
734 5316 1007 5382 percellit,
1039 5330 1103 5371 ac
1133 5317 1199 5371 ad
1239 5315 1591 5370 humilitatem
1622 5316 1920 5378 convertit,
1961 5313 2044 5367 in-

479 5414 640 5455 cusso
663 5401 875 5469 quidem
912 5404 1106 5462 timore
1135 5419 1165 5460 a
1197 5419 1358 5460 cursu
1390 5403 1676 5468 cohibens;
1707 5400 2044 5459 flammantcs

2102 4447 2106 4451 .
2143 4398 2362 4468 ἅρπαξ,
2399 4398 2732 4470 σπαράσσων
2766 4399 2866 4470 τῆς
2900 4398 3046 4461 Νέας
3088 4397 3361 4469 Διαθήκης
3401 4398 3526 4458 τοὺς
3567 4394 3722 4466 ἀμεί·

2142 4507 2287 4554 νους,
2320 4489 2416 4543 καὶ
2452 4489 2763 4561 σκορπίζων
2789 4489 2858 4542 τὰ
2889 4489 3131 4559 ποίμνια.

2227 4580 2449 4653 Ἐπειδὴ
2490 4581 2548 4635 δὲ
2576 4580 2752 4634 καὶτὸ
2782 4581 2966 4652 δρᾶμα
3001 4579 3061 4632 τὸ
3102 4578 3243 4633 κατὰ
3276 4578 3367 4632 τὸν
3399 4576 3562 4645 ἅγιον
3586 4575 3726 4628 Στέ-

2145 4689 2309 4744 φανον
2344 4672 2721 4746 ἐξειργάσατο,
2752 4674 2846 4726 καὶ
2877 4672 2974 4736 τὰς
3000 4674 3189 4743 χεῖρας
3217 4670 3354 4742 ἔχων
3385 4669 3465 4722 ἔτι
3493 4668 3733 4740 μεμολυ-

2147 4765 2350 4837 σμένας
2370 4764 2447 4836 τῷ
2463 4765 2653 4835 αἵματι
2671 4804 2686 4829 ,
2704 4765 2803 4833 τὴν
2823 4764 2916 4817 ἐπὶ
2933 4764 3219 4835 Δαμασκὸν
3236 4763 3475 4836 ἔτρεχεν,
3493 4761 3726 4833 διωγμῷ

2145 4856 2383 4927 διωγμὸν
2413 4856 2509 4910 καὶ
2551 4856 2733 4925 φόνοις
2757 4856 2962 4923 φόνους
3003 4856 3234 4925 συνάψαι
3258 4856 3600 4927 βουλόμενος,
3624 4855 3727 4908 καὶ

2147 4946 2459 5000 ἀνασπάσαι
2497 4946 2588 4999 τὸν
2638 4946 3065 5017 Χριστιανισμδν
3095 4947 3408 5019 πρόρριζον,
3452 4947 3576 5018 ἄρτι
3617 4946 3725 5017 τὴν

2147 5034 2370 5109 πρώτην
2403 5035 2668 5090 ἀνθοῦντα
2698 5039 2871 5109 φυήνο
2903 5034 3041 5092 εἶδεν
3074 5037 3252 5102 καλῶς
3282 5039 3312 5091 ό
3345 5037 3477 5100 Θεὸς
3507 5036 3667 5107 ἡμῶν
3696 5036 3728 5089 δ

2150 5126 2474 5199 πεποίηκεν,
2508 5128 2591 5181 ὅτι
2616 5129 2645 5181 ό
2676 5129 2892 5201 ίσχυρδς
2919 5129 3109 5201 ἐχθρὸς
3133 5129 3314 5202 γένητ*
3348 5128 3415 5183 ἂν
3445 5128 3538 5181 καὶ
3568 5126 3727 5197 φίλος

2148 5221 2394 5290 γενναῖος
2413 5237 2428 5253 ·
2464 5220 2559 5274 καὶ
2584 5220 2934 5293 περιλάμψας
2964 5222 3126 5276 αὐτὸν
3167 5220 3429 5290 αἰφνίδιον
3448 5218 3525 5290 τῷ
3556 5218 3724 5288 φωτὶ,

2148 5309 2516 5382 καταπλήττει
2547 5310 2641 5365 καὶ
2670 5311 2995 5383 μεταϐάλλει
3018 5311 3154 5384 πρὸς
3179 5311 3566 5382 ταπεινότητα,
3593 5311 3727 5380 στή-

2153 5418 2249 5466 σας
2288 5403 2386 5473 μὲν
2425 5401 2518 5455 τοῦ
2561 5402 2763 5475 δρόμου
2794 5403 2883 5458 διὰ
2919 5403 3011 5456 τὸν
3043 5400 3228 5472 φόϐον,
3274 5400 3401 5467 τοὺς
3433 5399 3490 5455 δὲ
3526 5399 3586 5454 τὸ
3617 5416 3729 5453 πυ-

558 5599 577 5634 ³
615 5600 747 5657 Ceu.
779 5616 921 5661 xm.
949 5601 1036 5655 27.
1116 5604 1136 5633 ⁸
1177 5601 1582 5668 [Λεωκοινωνόν.
1636 5601 1676 5633 δ’
1703 5602 1831 5671 Leg.
1873 5602 2212 5671 ἐφυγάδευεν.
