4048 6194
240 257 348 315 285

1138 250 1416 308 llOMlLlA
1463 253 1575 308 Vlll
1641 252 1705 308 IN
1743 251 1840 309 SS.
1880 252 2162 309 PETRUM
2200 253 2285 307 ΕΤ
2327 250 2633 311 PAULUM.

3405 262 3511 319 286

246 374 420 448 ρῶδες
450 372 551 426 καὶ
589 369 870 441 θυμοειδὲς
901 368 1199 438 βλέποντας
1225 368 1541 441 ὀφθαλμοὺς
1570 370 1836 442 σωφρονί-

1942 388 2070 427 vero
2107 386 2170 427 ac
2207 372 2340 425 iram
2383 372 2655 441 spirantes
2686 373 2900 441 oculos,
2928 375 3115 432 oll‘usis
3161 376 3396 433 tenebris
3418 392 3512 433 ca-

248 483 351 529 σας
372 463 458 535 τῷ
487 462 692 534 σκότῳ.
720 460 1122 533 Τιμωρεῖταιδὲ
1141 461 1324 526 αὐτὸν,
1342 462 1403 515 ού
1434 462 1574 533 μετὰ
1602 463 1832 534 σιωπῆς,

248 556 392 612 ἀλλὰ
436 556 540 609 καὶ
563 556 718 623 λόγον
750 553 826 624 τῷ
858 553 1008 623 ἔργῳ
1040 552 1401 625 προσέθηκεν,
1437 555 1608 608 εἰπὼν
1643 556 1836 627 ἐκείνῳ

248 648 313 701 τὸ
352 646 777 719 γεγραμμένον·
819 644 1040 709 Σαῦλε,
1083 644 1300 710 Σαῦλε,
1354 645 1413 699 τί
1450 663 1527 715 με
1568 645 1872 730 διώκεις.

252 738 543 808 Σκληρόν
582 753 675 791 σοι
714 734 863 806 πρὸς
894 735 1115 804 κέντρα
1146 735 1479 797 λακτίζειν
1508 737 1606 808 οὐχ
1634 737 1710 802 ὡς
1737 739 1835 791 αὺ-

254 830 349 894 es;
396 828 607 901 χρῄζων
645 827 746 897 τῆς
790 825 1079 892 διαλέξεως
1104 827 1195 898 (τί
1219 828 1328 900 γὰρ
1362 827 1468 882 ἔδει
1505 828 1699 898 λόγων,
1726 829 1834 884 τῶν

260 921 599 994 πραγμάτων
623 917 984 989 ἀρκούντων),
1020 917 1138 982 ἀλλ’
1169 919 1256 973 ἵνα
1283 920 1553 991 πρόφασιν
1578 920 1709 992 ἐνδῷ
1738 919 1832 973 τοῦ

263 1014 533 1087 ἐρωτῆσαι
552 1013 643 1066 καὶ
671 1011 891 1080 μαθεῖν,
929 1012 1012 1065 ὅτι
1036 1014 1064 1066 ὁ
1083 1012 1711 1097 νομιζόμενοςγτεθνάναι
1740 1015 1833 1068 καὶ

264 1106 478 1161 κεῖσθαι
519 1105 770 1178 Χριστὸς,
813 1104 905 1176 ζῇ,
942 1107 1037 1159 καὶ
1072 1104 1132 1170 ἐξ
1170 1106 1419 1178 οὐρανῶν
1461 1107 1830 1178 ἐπιφαίνεται.

265 1198 428 1252 Οὐδὲν
453 1198 508 1251 δὲ
543 1191 651 1251 οἷον
698 1198 844 1252 αὐτὰ
873 1199 943 1253 τὰ
985 1198 1205 1269 ῥήματα
1248 1198 1611 1270 παραθέσθαι,
1638 1192 1707 1254 τά
1737 1199 1831 1254 τοῦ

269 1290 510 1361 Ἑϐραίου
537 1288 705 1344 λύκου
738 1290 839 1362 τὴν
874 1290 1044 1362 θήραν
1077 1292 1206 1361 ἡμῖν
1240 1290 1600 1362 ἐξηγούμενα.

329 1382 383 1433 '0
414 1380 486 1433 δὲ
523 1381 770 1447 Σαῦλος
791 1381 880 1435 ἔτι
905 1380 1179 1457 ἐμπνέων
1201 1379 1460 1453 ἀπειλῆς
1491 1381 1589 1434 καὶ
1617 1384 1829 1450 φόνου.

256 1473 601 1545 ’Υπογράςρει
628 1490 720 1544 μοι
753 1474 782 1526 ὁ
832 1473 990 1542 λόγος
1028 1472 1195 1546 ἄνδρα
1220 1472 1376 1544 θυμῷ
1402 1473 1739 1544 ῥηγνύμενον
1770 1474 1835 1526 ἐκ

239 1568 342 1638 τῆς
375 1566 770 1637 προλαϐούσης
807 1563 1142 1637 μιαιφονίας,
1181 1564 1261 1617 ἔτι
1292 1564 1669 1618 πνευστιῶντα
1698 1565 1835 1636 μετὰ

238 1658 341 1723 τὰς
363 1658 475 1713 τῶν
504 1658 676 1712 λίθων
708 1658 892 1728 βολάς,
922 1657 1158 1729 ὕφαιμον
1188 1656 1286 1711 καὶ
1315 1656 1507 1729 ἄγριον
1543 1656 1827 1728 βλέποντα,

239 1744 355 1803 οἷον
383 1748 708 1818 ἐπάναγκες
739 1748 831 1802 τὸν
862 1746 1324 1819 φονέα,“σῶζοντα
1353 1747 1420 1801 τά
1450 1748 1509 1801 ἐν
1541 1748 1706 1819 ἀρχῇ.
1733 1748 1834 1819 τῆς

239 1840 339 1894 τοῦ
387 1840 742 1912 πατριάρχου
788 1840 1124 1911 προφητείας
1154 1838 1223 1892 τά
1274 1837 1538 1910 σύμϐολα.
1600 1839 1833 1902 Ἐκεῖνος

240 1934 377 2003 γὰρ,
405 1931 602 2002 ἐπειδὴ
642 1931 904 2002 τελευτᾷν
936 1929 1178 2001 ἔμελλεν,
1216 1929 1480 1984 πάντοθεν
1511 1929 1636 1992 τοὺς
1669 1928 1832 1983 αὑτοῦ

242 2025 447 2088 παῖδας
482 2025 823 2095 περιστήσας
854 2026 920 2094 τῇ
953 2021 1143 2095 κλίνῃ,
1180 2019 1453 2092 Πνεύματι
1496 2022 1832 2093 προηγόρευ-

246 2135 359 2172 σεν.
404 2115 567 2170 Οὕτω
621 2114 752 2183 γοῦν
793 2114 886 2168 τὸν
959 2112 1157 2168 Ἰούδαν
1205 2111 1462 2181 εὐλογῶν,
1502 2113 1696 2184 ἐκείνῳ
1737 2115 1835 2185 μὲν

245 2212 547 2279 διελέγετο,
604 2208 979 2279 άλληγορικῶς
1019 2206 1077 2259 δὲ
1114 2205 1322 2277 ὕμνησε
1355 2205 1445 2259 τὸν
1487 2205 1582 2258 ἀπ’
1626 2205 1834 2260 ἐκείνου

245 2304 510 2377 Χριστόν.
553 2302 715 2371 Ἑξῆς
761 2300 816 2354 δὲ
853 2303 965 2363 τοῖς
1005 2301 1138 2353 πᾶσι
1176 2299 1725 2371 προμαντευσάμενος
1767 2299 1836 2352 τὰ

245 2399 337 2460 εἰς
367 2395 619 2466 ὕστερον,
655 2393 965 2446 τελευταῖον
997 2388 1162 2464 ἦλθεν
1189 2392 1283 2449 ἐπὶ
1313 2391 1404 2445 τὸν
1436 2391 1730 2463 Βενιαμὴν,
1760 2391 1836 2455 ὡς

246 2490 349 2544 καὶ
374 2487 455 2558 τῷ
492 2486 673 2558 χρόνῳ
711 2484 1000 2555 νεώτερον·
1053 2482 1212 2554 δῆθεν
1264 2483 1364 2554 μὲν
1413 2482 1549 2554 πρὸς
1594 2481 1684 2535 τὸν
1724 2481 1837 2535 υἱὸν

246 2580 579 2651 ἐφθέγγετο,
611 2577 690 2649 τῷ
718 2576 831 2630 δντι
858 2576 916 2630 δὲ
939 2576 1030 2629 τὸν
1062 2574 1275 2629 Παῦλον
1301 2576 1615 2647 ἐσήμαινεν,
1644 2577 1708 2628 ἐκ
1738 2575 1837 2645 τῆς

248 2671 459 2742 φυλῆς,
489 2671 566 2734 ὡς
602 2668 871 2738 ἔγνωμεν,
902 2665 1004 2738 τῆς
1040 2665 1250 2720 ἐκείνου
1279 2667 1604 2735 κατάγοντα.
1641 2667 1840 2719 Βενιαρ

246 2766 384 2838 μὴν
409 2765 602 2829 λύκος
624 2760 826 2831 ἅρπαξ
832 2800 848 2824 ,
876 2757 955 2829 τῷ
980 2759 1133 2829 πρωῒ
1170 2758 1387 2821 ἔδεται,
1420 2758 1519 2813 καί
1541 2760 1629 2829 είς
1666 2756 1839 2813 ἐσπέ-

249 2876 368 2929 ραν
396 2854 683 2911 διαδώσει
721 2852 975 2923 τροφήν.
1014 2852 1079 2905 Τί
1106 2854 1223 2906 ἐστι
1252 2852 1312 2906 τὸ
1337 2851 1650 2923 λεγόμενον,
1680 2851 1839 2923 ἐρευ-

253 2948 586 3022 νησώμεθα·
618 2948 653 3018 ἢ
701 2947 856 3001 τοῦτο
887 2946 1124 3013 πάντως,
1159 2946 1243 3000 ὅτι
1299 2944 1369 2999 τὰ
1410 2944 1604 3016 πρῶτα
1642 2941 1837 3022 φαγών

258 3020 568 3106 (τουτέστι,
606 3038 823 3106 διώξας,
861 3037 1148 3109 φονεύσας,
1187 3037 1384 3107 ἐκχέας
1413 3035 1639 3106 αἵματα,
1674 3020 1841 3105 σκορ-

255 3135 423 3199 πίσας
446 3133 525 3197 ὡς
545 3131 746 3203 ἀγέλην
768 3129 866 3203 τὴν
905 3129 1272 3201 Ἐκκλησίαν),
1291 3128 1599 3183 τελευταῖον
1624 3126 1839 3195 ἐγένετο

253 3226 459 3297 νομεὺς
483 3225 581 3280 καὶ
613 3223 817 3295 ποιμὴν
842 3222 1068 3291 ἀγαθὸς,
1099 3220 1437 3292 ἀποθέμενος
1466 3218 1558 3273 τὸν
1582 3217 1837 3289 διώκτην,

255 3317 352 3371 καὶ
376 3313 745 3384 ἐνδυσάμενος
768 3312 862 3366 τὸν
895 3311 1190 3364 ἀπόστολον
1216 3327 1229 3340 °
1261 3312 1398 3364 πᾶσι
1429 3309 1487 3363 δὲ
1521 3309 1599 3372 ὡς
1635 3306 1840 3380 τροφὴν

251 3408 531 3479 διανέμων
581 3406 674 3459 τὸν
719 3404 905 3474 νόμον,
961 3403 1055 3456 καὶ
1097 3402 1195 3475 τὴν
1247 3403 1408 3471 ἁγίαν
1453 3403 1583 3473 ἡμῖν
1637 3398 1840 3471 ταύτην

256 3498 629 3571 ἱδρυσάμενος
657 3496 965 3569 τράπεζαν.
1009 3495 1074 3549 Ἦ
1105 3493 1214 3567 γὰρ
1241 3493 1335 3546 τοῦ
1373 3492 1580 3565 Κυρίου
1611 3491 1841 3562 δύναμις

254 3590 507 3661 τοιαύτη,
550 3587 924 3658 ἀφοπλίζουσα
961 3584 1052 3640 τοῦ
1087 3585 1259 3657 θυμοῦ
1298 3585 1527 3638 καὶτῶν
1565 3574 1841 3637 δυσσεϐῶν

256 3681 551 3754 νοημάτων
575 3679 702 3743 τοὺς
735 3676 1142 3742 στασιάζοντας,
1173 3675 1558 3746 προσαγομένη
1582 3674 1640 3728 δέ
1670 3673 1844 3744 εὐμη-

258 3774 463 3845 χάνως,
506 3770 601 3823 καὶ
638 3768 1056 3835 τιθασσεύουσα,
1093 3769 1187 3821 καὶ
1228 3767 1477 3839 πρόϐατα
1507 3767 1691 3836 ἥμερα
1723 3764 1844 3818 ἀντὶ

259 3863 470 3935 θηρίων
500 3861 807 3915 δακνόντων
831 3858 1195 3932 ἐργαζομένη.
1245 3859 1369 3911 Ἐπὶ⁹
1400 3856 1630 3920 τούτοις,
1655 3856 1708 3908 τί
1738 3870 1844 3924 φη-

263 3971 349 4008 σιν
384 3958 421 4026 ἡ
458 3954 686 4025 Γραφή;
743 3954 826 4007 ὅτι
893 3950 1252 4020 Προσελθὼν
1281 3948 1362 4015 τῷ
1401 3947 1678 4019 ἀρχιερεῖ,
1708 3947 1848 4017 ᾐτή-

263 4064 415 4102 σατο
448 4048 589 4115 παρ’
627 4044 818 4100 αὐτοῦ
851 4044 1177 4110 ἐπιστολὰς
1211 4045 1300 4110 είς
1341 4041 1661 4112 Δαμασκὸν
1696 4040 1847 4109 πρὸς

264 4138 372 4206 τὰς
417 4137 803 4208 συναγωγὰς,
837 4137 997 4204 ὅπως
1029 4136 1174 4204 τοὺς
1218 4136 1614 4204 Χριστιανοὺς
1654 4135 1844 4207 ἀγάγῃ

262 4230 333 4284 ἐν
370 4229 796 4299 Ἰερουσαλήμ.
1410 4264 1423 4275 ,

338 4324 404 4378 Ὠ
439 4322 595 4393 μάχη
644 4322 740 4375 καὶ
775 4320 1005 4393 διαφορὰ
1043 4320 1361 4385 ἐπιστολῶν,
1399 4319 1517 4375 τῶν.
1542 4320 1664 4375 τότε
1697 4321 1847 4392 παρὰ

1941 466 2166 535 stigans.
2200 464 2358 519 Ponit
2385 475 2562 520 autem
2589 481 2693 521 non
2722 466 3171 533 silentio,.verum
3187 471 3347 525 etiam
3371 469 3510 526 facto

1944 570 2250 611 sermonem
2282 556 2549 625 adiunxit,
2586 556 2771 611 dicens
2804 556 2877 611 illi
2906 559 3047 626 quod
3084 562 3341 629 scriptum
3378 569 3460 614 est
3491 576 3507 614 :

1940 643 2122 711 Saule,
2155 645 2339 711 Saule,
2389 640 2513 715 quid
2545 663 2625 699 me
2655 647 3022 718 persequeris?
3062 646 3264 701 Durum
3306 659 3380 702 est
3414 650 3509 702 tibi

1939 749 2120 792 contra
2174 738 2444 792 stimulum
2488 738 2765 792 calcitrare
2803 740 2869 793 ⁸;
2910 753 3014 793 non
3078 750 3329 809 tauquam
3374 754 3511 809 opus

1939 831 2162 886 haberet
2187 830 2437 885 conferre
2471 845 2798 886 sermonem.
2824 829 2961 896 Quid
2992 830 3132 884 cnim
3165 830 3344 885 verbis
3374 846 3510 901 opus
3564 832 3573 843 '

1938 938 2058 978 cum
2098 938 2183 978 res
2205 922 2547 979 sufﬁcerent?
2572 936 2758 976 verum
2783 931 2839 975 ut
2866 923 3136 991 quaerendi
3167 922 3508 977 occasionem

1936 1015 2203 1084 prmberet
2246 1024 2409 1084 atque
2460 1014 2737 1075 discendi,
2786 1014 2996 1083 ipsum,
3033 1015 3119 1081 qui
3156 1024 3400 1068 mortuus
3445 1027 3511 1066 ac

1939 1108 2103 1163 humo
2128 1107 2376 1163 conditus
2403 1108 2713 1177 putabatur,
2743 1106 3023 1183 Christum
3055 1107 3256 1169 vivere,
3288 1113 3450 1176 atque
3478 1120 3510 1159 e

1935 1198 2088 1254 caelis
2137 1213 2417 1268 apparere.
2454 1199 2655 1253 Verum
2706 1206 2925 1268 prmstat
2965 1197 3103 1267 ipsa,
3157 1197 3352 1265 quibus
3399 1194 3507 1263 lupi

1936 1290 2143 1344 Hebrtei
2175 1299 2394 1360 captura
2430 1298 2734 1349 enarratur,
2772 1288 2930 1342 verba
2961 1302 3278 1358 proponere.

2009 1381 2205 1436 Saulus
2250 1394 2422 1434 autem
2450 1380 2621 1434 adhuc
2652 1381 2857 1450 spirans
2885 1381 3146 1433 minarum
3181 1389 3229 1432 et
3269 1378 3429 1433 credis
3466 1377 3506 1430 “.

1938 1476 2183 1531 Delineat
2215 1490 2413 1540 sermo,
2453 1475 2653 1538 virum,
2703 1475 2781 1527 ira
2824 1488 2883 1527 se
2928 1489 2957 1526 a
2993 1472 3313 1542 pratcedenti
3365 1470 3513 1525 caede

1940 1580 2306 1638 rumpentem;
2339 1582 2481 1639 tegre
2504 1569 2679 1621 adhuc
2707 1577 2824 1637 post
2849 1566 3028 1636 jactus
3057 1566 3291 1635 lapidum
3310 1564 3507 1639 ducen-

1942 1672 2047 1716 tem
2093 1662 2375 1730 spiritum,
2433 1674 2576 1713 saevo
2627 1640 2699 1713 ac.
2740 1658 2878 1712 truci
2935 1666 3153 1726 aspectu
3197 1654 3505 1730 hominem,

1937 1727 2148 1824 qualern
2195 1770 2317 1808 eum
2372 1753 2693 1821 oportebat,
2724 1751 2813 1821 qui
2855 1750 3026 1820 prima
3069 1746 3363 1819 prophetize
3399 1727 3505 1824 ipa-

1939 1847 2186 1903 triarchae
2220 1846 2461 1915 symbola
2497 1844 2774 1899 retineret.
2805 1843 2897 1897 llle
2926 1842 3068 1896 enim
3102 1840 3259 1895 morti
3287 1838 3507 1909 propin-

1936 1956 2093 2009 quus,
2128 1954 2248 1994 cum
2287 1938 2424 1992 lilios
2472 1937 2607 1991 lecto
2665 1935 2900 2005 undique
2930 1934 3284 1988 circumstare
3315 1930 3510 1999 iussis-

1936 2044 2040 2099 set,
2072 2032 2272 2101 Spiritu
2305 2028 2665 2101 propltetavit.
2709 2025 2798 2081 Sic
2839 2026 3021 2095 itaque
3062 2022 3385 2078 benedicens
3410 2017 3503 2074 Ju-

1936 2128 2080 2194 dam,
2113 2125 2257 2180 illum
2296 2124 2511 2193 quidem
2550 2120 2941 2189 alloquebatur,
2975 2130 3183 2179 verum,
3230 2124 3283 2168 ut
3313 2112 3511 2181 allego-

1939 2219 2072 2273 riam
2103 2227 2335 2287 spectes,
2361 2213 2636 2269 Christum
2682 2210 2962 2273 laudabat,
3008 2207 3097 2277 qui
3140 2221 3205 2261 ex
3246 2220 3311 2260 eo
3343 2203 3501 2259 foret.

1937 2310 2072 2364 Tum
2116 2323 2241 2365 vero
2277 2306 2503 2376 reliquis
2544 2304 2794 2361 omnibus
2823 2299 3144 2355 vaticinatus
3173 2297 3377 2362 futura,
3417 2308 3513 2364 po-

1937 2414 2140 2458 stremo
2168 2401 2237 2455 ad
2277 2399 2559 2467 Beniamin
2581 2439 2596 2463 ,
2634 2407 2890 2465 tanquam
2924 2400 3083 2448 astate
3109 2389 3384 2458 iuniorem
3422 2401 3512 2441 ve-

1939 2493 2052 2558 nit,
2115 2506 2180 2546 ac
2210 2505 2341 2545 sane
2382 2489 2550 2543 lilium
2598 2486 2813 2562 quidem
2859 2483 3267 2552 alloquebatur;
3323 2491 3510 2531 revera

1937 2593 2119 2640 antem
2170 2582 2491 2652 designabat
2523 2579 2747 2633 Paulum
2774 2617 2788 2641 ,
2819 2590 2977 2646 quem
3017 2573 3263 2628 novimus
3303 2583 3369 2624 ex
3395 2568 3514 2636 eius

1941 2677 2082 2731 tribu
2117 2675 2554 2730 descendentem.
2602 2669 2885 2740 Benjamin
2930 2667 3083 2737 lupus
3117 2678 3319 2733 rapax,
3362 2677 3518 2715 mane

1937 2760 2162 2823 comedit
2197 2777 2245 2821 et
2275 2766 2346 2820 ad
2374 2780 2636 2833 vesperam
2679 2761 2957 2816 distribuet
2996 2774 3139 2812 escas
3166 2757 3211 2808 '.
3243 2753 3511 2822 Exquira-

1939 2876 2061 2915 mus
2087 2859 2214 2930 quid
2248 2857 2375 2913 illud
2402 2858 2589 2925 utique
2613 2854 2759 2919 velit,
2788 2868 2941 2908 mane
2960 2848 3251 2911 comedens,
3281 2845 3383 2899 hoc
3407 2854 3513 2910 est,

1940 2958 2277 3023 persecutor,
2302 2950 2393 3021 qui
2418 2950 2471 3004 in
2492 2947 2921 3003 caadesinlentus
2937 2953 3087 3008 erat;
3115 2938 3371 2995 fundebat
3392 2951 3517 2990 saa-

1865 3070 1909 3131 c
1942 3047 2156 3117 guinem
2179 3084 2194 3108 ,
2229 3043 2377 3098 velut
2405 3055 2619 3111 gregem
2646 3036 2941 3092 Ecclesiam
2987 3030 3189 3087 Christi
3235 3028 3515 3131 disperge-

1941 3141 2035 3195 bat
2071 3157 2084 3192 :
2122 3140 2297 3192 bonus
2330 3135 2546 3195 demum
2586 3131 2762 3185 factus
2809 3137 2892 3183 est
2939 3134 3153 3194 pastor,
3188 3119 3516 3190 abiectoque

1947 3235 2090 3304 quod
2124 3239 2241 3285 erat
2268 3224 2655 3300 persecutoris,
2680 3219 2979 3292 apostolum
3007 3216 3212 3282 induit;
3247 3210 3517 3267 universis

1941 3342 2071 3381 vero
2115 3336 2369 3394 tanquam
2401 3334 2558 3377 escas
2609 3317 2781 3385 legem
2822 3307 3136 3373 distribuit,
3182 3315 3344 3375 atque
3378 3304 3518 3356 hanc

1942 3419 2100 3474 nobis
2129 3431 2339 3472 sacram
2372 3426 2619 3481 mensam
2646 3406 2844 3480 posuit.
2872 3402 3021 3461 Talis
3049 3399 3248 3471 quippe
3279 3409 3340 3451 ac
3372 3401 3517 3448 tanta

1946 3511 2162 3568 exsistit
2190 3510 2281 3565 Dei
2312 3506 2507 3572 virtus,
2536 3514 2597 3559 ut
2629 3505 2710 3558 ira
2741 3499 3032 3570 impiisque
3063 3490 3393 3565 cogitatibns
3418 3501 3516 3543 ceu

1945 3601 2117 3657 armis
2154 3598 2444 3656 seditiosos
2473 3593 2669 3659 nudet,
2696 3589 2959 3659 facileque
2986 3585 3217 3640 adducat
3250 3591 3411 3649 atque
3444 3575 3521 3631 ci-

1946 3702 2123 3758 curet,
2152 3708 2215 3746 ac
2243 3698 2554 3744 mansuetas
2581 3697 2709 3740 oves
2730 3721 2746 3746 ,
2775 3693 2873 3749 pro
2897 3675 3089 3731 bestiis
3118 3686 3299 3728 morsu
3330 3669 3506 3758 luden-

1951 3754 2118 3848 tibus,
2142 3779 2351 3835 reddat.
2375 3774 2514 3842 Quid
2544 3771 2608 3825 ad
2643 3771 2757 3824 hrcc
2782 3763 3100 3834 Scriptura?
3129 3758 3414 3823 Accedens,
3437 3754 3519 3848 in-

1949 3845 2188 3944 quil,'ad
2222 3870 2507 3939 principem
2531 3861 2885 3923 sacerdotum,
2916 3854 3061 3922 petiit
3093 3852 3156 3903 ab
3188 3865 3245 3925 eo
3272 3845 3518 3916 epistolas

1946 3940 1999 4021 ἔτι
2036 3964 2353 4019 Damascum
2381 3959 2449 4012 ad
2477 3966 2804 4028 synagogas,
2846 3956 2903 4001 ut
2937 3943 3265 3999 Christianos
3308 3940 3516 3991 duceret
3590 3945 3599 3954 ‘

1946 4058 2002 4110 in
2044 4050 2398 4107 Hierusalem.

1976 4345 1986 4356 ·
2020 4324 2064 4380 Ο
2097 4335 2270 4394 pugna
2302 4327 2466 4388 atque
2491 4314 2803 4376 discrimen,
2833 4320 3041 4373 earum,
3064 4314 3198 4372 quas
3225 4308 3354 4352 tunc
3384 4294 3519 4349 Pan-
3614 4385 3621 4392 .

268 4414 483 4470 Παύλου
499 4412 871 4484 ζητουμένων,
889 4412 1099 4467 καὶτῶν
1115 4411 1181 4478 ἃς
1198 4412 1289 4467 τὸν
1301 4413 1345 4465 Χ
1357 4412 1536 4484 ριστὸν
1550 4429 1722 4481 καταγ
1730 4412 1840 4480 γέλ-

1952 4416 2035 4471 lns
2080 4412 2341 4485 epistolas
2393 4407 2741 4478 requirebat,
2784 4411 3113 4466 earumque,
3151 4406 3286 4485 quas

266 4507 371 4561 λων
396 4507 631 4577 ὕστερον
654 4504 925 4577 ἔγραψενί
954 4506 1020 4558 Ai
1046 4506 1143 4576 μὲν
1176 4504 1438 4576 ἐδέσμουν
1460 4506 1847 4575 Χριστιανοὺς,

272 4599 324 4651 si
348 4598 405 4651 δὲ
434 4596 539 4660 τὰς
568 4591 791 4658 ἁλύσεις
821 4595 919 4660 τὰς
964 4595 1106 4668 ὑπὲρ
1133 4594 1372 4669 Χριστοῦ
1406 4596 1741 4669 περιέθηκαν
1772 4596 1851 4668 τῷ

272 4689 472 4764 διώκτῃ
509 4689 734 4754 πολλὰς,
767 4689 861 4743 καὶ
890 4688 1135 4760 βαρείας,
1174 4690 1267 4744 καὶ
1294 4688 1539 4760 χαλεπάς
1571 4690 1814 4756 ἐνεγκεῖν
1834 4704 1847 4719 ⁸

279 4783 430 4837 κάκεῖ
474 4782 579 4852 μὲν
622 4780 959 4852 ἐγέγραπτοο
1002 4779 1215 4845 Παῦλος
1263 4780 1534 4853 Ἐϐραῖος,
1564 4780 1659 4833 τοῦ
1686 4782 1851 4852 νόμου

274 4873 608 4947 προστάτης,
645 4871 840 4943 ἐχθρὸς
868 4872 960 4926 τοῦ
993 4871 1250 4945 σταυροῦ,
1284 4871 1379 4926 τοῦ
1405 4872 1737 4943 Εύαγγελίου
1761 4891 1853 4926 πο-

272 4962 489 5034 λέμιος·
535 4966 597 5016 ἐν
646 4963 704 5016 δὲ
762 4966 884 5027 ταῖς
927 4964 1417 5036 μεταγενεστέραις
1478 4965 1849 5029 Ἐπιστολαῖςο

270 5056 514 5121 Παῦλος
529 5054 756 5120 δοῦλος
778 5054 968 5121 Ἰησοῦ
981 5056 1257 5123 Χριστοῦ.
1278 5056 1437 5109 Ποίου
1454 5072 1468 5120 ;
1483 5056 1741 5127 Πρόσχες·
1758 5054 1851 5110 τοῦ

272 5147 709 5218 ἐσταυρωμένον.
740 5148 804 5199 Ὢ
830 5147 924 5200 τοῦ
954 5148 1257 5220 θαύματοςί
1288 5151 1354 5202 Ὃ
1381 5149 1488 5221 πρὸ
1509 5149 1688 5217 ὀλίγου
1710 5148 1850 5201 ὄνει-

273 5238 375 5303 δος.
421 5240 519 5294 νῦν
562 5239 758 5309 γέγονε
807 5240 1103 5313 καύχημα·
1147 5243 1243 5295 καὶ
1268 5243 1331 5295 τὸ
1384 5241 1849 5313 ἐξουθενούμενον,

274 5337 348 5401 ὡς
379 5339 506 5405 δόξα
537 5340 782 5411 σήμερον
828 5340 1244 5411 μνημονεύεται.
1278 5340 1468 5403 Οὐδεὶς
1503 5339 1608 5411 γὰρ
1636 5339 1844 5404 δοξοκό·

276 5441 375 5489 τινος
436 5429 532 5480 καὶ
568 5427 816 5499 γαυριῶν
860 5429 1111 5499 βασιλεὺς
1163 5430 1337 5495 οὕτως
1373 5430 1745 5501 ἐνεπόμπευσε
1782 5432 1849 5501 τῇ

278 5518 601 5589 περιφανεία
635 5520 736 5589 τῆς
768 5520 964 5591 ἀρχῆς,
999 5522 1075 5586 ὡς
1120 5522 1332 5586 Παῦλος
1374 5523 1454 5596 τῷ
1497 5522 1715 5596 σταυρῷ
1758 5523 1850 5576 καὶ

346 5698 370 5730 ⁸
404 5698 522 5753 Act.
561 5715 641 5759 ιι,
675 5700 725 5756 4.
807 5700 827 5727 ⁸

1949 4479 2222 4562 Christum
2251 4500 2612 4563 annuntians,
2648 4490 2899 4564 scripsit!
2930 4488 3037 4545 Illa:
3071 4484 3287 4558 quidem
3322 4479 3523 4535 vincie-

1951 4602 2082 4655 bant
2128 4574 2503 4659 Christianos;
2559 4594 2642 4647 ha:
2687 4598 2888 4650 autem,
2928 4584 3148 4647 multas,
3201 4587 3520 4648 gravesque,

1950 4701 2115 4762 atque
2161 4690 2418 4745 molestas
2440 4695 2666 4743 catenas
2686 4679 2891 4739 Christi
2921 4692 3083 4746 causa
3105 4670 3375 4734 ferendas,
3402 4679 3527 4736 pera

1949 4783 2188 4838 secutori
2239 4782 2570 4853 iniecerunt;
2618 4785 2781 4845 atque
2825 4774 2878 4828 in
2928 4770 3031 4827 illis
3076 4765 3333 4834 scriptum
3382 4765 3524 4823 erat,

1946 4875 2152 4932 Paulus
2198 4851 2457 4929 Hebrzens
2514 4871 2649 4939 legis
2692 4866 2982 4927 defensor,
3026 4858 3277 4915 inimicus
3324 4851 3523 4916 crucis,

1949 4966 2227 5035 Evangelii
2267 4946 2469 5028 hostis;
2504 4964 2556 5016 in
2605 4954 3000 5031 posterioribus
3031 4962 3209 5006 autem
3235 4942 3521 5015 Epistolis:

1949 5056 2339 5112 Paulusservus
2361 5055 2487 5108 Jesu
2504 5053 2699 5108 Christi
2715 5051 2758 5103 '.
2784 5043 3107 5116 Cuiusnam?
3132 5054 3281 5109 rogo.
3306 5035 3525 5105 Utique,

1959 5145 2226 5199 crucifixi.
2252 5143 2297 5200 Ο
2327 5143 2681 5199 miraculum!
2710 5141 2863 5207 Quod
2906 5135 3064 5208 paulo
3096 5142 3219 5187 ante
3266 5129 3524 5200 probrum

1958 5238 2083 5305 fuit,
2114 5254 2255 5293 nunc
2283 5238 2422 5292 facta
2452 5246 2533 5292 est
2558 5234 2840 5307 gloriatio;
2875 5229 3123 5300 quodque
3148 5221 3525 5295 spernebatur,

1960 5334 2145 5403 glorize
2176 5330 2335 5385 hodie
2369 5329 2522 5385 titulo
2568 5334 2922 5382 memoratur.
2953 5319 3137 5374 Nullus
3174 5316 3316 5372 enim
3344 5312 3529 5386 glorias

1962 5425 2151 5478 avidus
2181 5438 2243 5477 ac
2271 5422 2532 5491 superbus
2577 5432 2669 5473 res
2691 5456 2705 5482 ,
2736 5413 2946 5484 imperii
2981 5413 3115 5467 adeo
3142 5424 3201 5466 se
3228 5404 3531 5479 splendori-

1962 5515 2061 5569 bns
2091 5514 2313 5583 iactavit
2352 5528 2414 5566 ac
2453 5510 2663 5575 extulit,
2707 5515 2868 5578 atque
2896 5504 3097 5559 Paulus
3127 5515 3288 5558 cruce
3331 5510 3386 5554 ct
3421 5496 3531 5553 cla-

868 5700 993 5755 ihid.
1037 5702 1052 5754 l
1090 5715 1206 5765 sqq.
1286 5703 1304 5732 ⁷
1343 5700 1472 5756 Gen.
1520 5716 1665 5764 sus,
1698 5701 1790 5755 27.
1870 5703 1889 5733 ⁸
1931 5702 2084 5756 llatn.
2123 5698 2249 5765 t,‘l.
