4034 6204
399 195 504 256 287

1676 203 1732 258 S.
1774 204 2051 261 ASTElill
2089 207 2388 263 AMASENI

3555 208 3661 264 288

407 320 520 383 vis;
548 333 640 387 qut
669 331 730 373 se
752 294 1003 372 omnibus
1036 314 1274 370 vinctum
1311 315 1577 371 scriberet
1602 318 1623 349 ’
1659 334 1673 371 :
1709 322 1987 391 magisque

2122 325 2202 388 οἷς
2222 323 2393 393 ἣλοις,
2421 320 2644 392 γράφων
2666 321 2857 375 ἐαυτὸν
2887 323 3019 375 πᾶσι
3047 319 3353 393 δεσμώτην,
3382 321 3477 375 καὶ
3503 322 3669 379 πλιον

406 411 513 465 sibi
543 410 656 479 ipse
682 407 833 464 ferro
860 406 1118 477 placeret,
1155 421 1315 476 quam
1345 405 1534 477 puella:
1567 410 1767 464 mundo
1797 425 1981 465 aureo.

2121 414 2165 486 ᾧ
2195 414 2399 485 σιδήρῳ
2429 411 2847 483 καλλυνὸμενος,
2884 412 2916 482 ἢ
2951 414 3007 466 αί
3046 411 3207 484 κόραι
3247 409 3326 482 τῷ
3372 411 3670 483 κοσμοῦντι

485 600 554 658 Et
589 604 761 659 subito
789 600 1138 670 circumfulsif
1181 616 1298 655 eum
1324 601 1417 656 lux
1443 602 1506 656 de
1541 602 1688 657 caelo.
1716 603 1909 672 Quidni
1940 606 1987 659 ei

411 708 636 766 apparet
678 697 731 750 in
764 696 939 750 forma
973 695 1209 749 hominis
1233 734 1249 759 ,
1300 694 1378 748 uti
1412 694 1694 764 Stephano
1737 696 1803 751 de
1853 700 1991 755 caelo

414 791 685 860 apparuit,
716 789 809 844 sed
841 789 895 842 in
943 788 1085 857 ignis
1129 786 1310 856 specie
1341 797 1503 857 atque
1534 788 1793 843 luminis?
1817 788 1991 845 Nimi-

419 897 558 948 rum,
597 880 876 950 Stephano
908 881 1150 951 quidem,
1183 889 1438 949 tanquam
1479 881 1569 949 qui
1600 880 1873 947 perfectus
1908 898 1994 938 es-

415 982 521 1038 set,
558 974 832 1041 probeque
872 968 1267 1023 lncaruationis
1296 968 1613 1038 mysterium
1648 976 1866 1036 nosset,
1895 983 1995 1025 nec

419 1065 601 1119 damni
638 1062 843 1133 aliquid
868 1076 932 1117 ex
963 1062 1198 1139 hungma
1238 1058 1445 1114 vilitate
1474 1069 1794 1128 accepturus
1827 1064 1993 1126 esset,

422 1165 569 1211 recte
597 1170 654 1209 se
679 1168 741 1208 ea
776 1152 949 1207 forma
971 1150 1229 1214 ostendit,
1258 1162 1361 1218 qua
1399 1149 1452 1202 in
1488 1150 1685 1203 emtum
1714 1148 1996 1204 ascendis—

420 1257 542 1300 set:
576 1244 745 1298 Paulo
770 1252 978 1309 autem,
1015 1250 1075 1295 ut
1105 1241 1196 1309 qui
1240 1240 1361 1295 ideo
1398 1238 1582 1295 Jesum
1635 1240 1799 1296 nollet
1830 1240 1996 1294 Deum

422 1337 732 1406 appellare.
780 1333 920 1404 quod
970 1334 1022 1387 in
1073 1346 1303 1401 corpore
1357 1331 1424 1385 ad
1486 1347 1582 1386 nos
1650 1332 1997 1397 advenisset,

428 1429 841 1499 lnmdquaquam
891 1434 1115 1497 apparet
1158 1424 1355 1487 homo,
1397 1432 1458 1477 ut
1489 1440 1555 1479 ne
1602 1424 1799 1479 inﬁdeli
1830 1425 1999 1479 oli‘en-

425 1522 634 1575 sioocm
690 1528 917 1589 augeat,
973 1517 1067 1572 sed
1121 1515 1301 1583 potius
1350 1516 1402 1568 in
1451 1514 1678 1586 fulguris
1721 1518 1904 1587 specie
1938 1532 2003 1573 ac

2087 507 2293 581 χρυσῷ.

2173 601 2503 670 Ἐξαίφνης
2527 615 2590 653 τε
2620 598 3072 668 περιήστραψεν
3096 601 3282 655 αὑτὸν
3312 602 3439 671 φῶς
3458 602 3529 657 ἐκ
3561 604 3672 660 τοῦ

2092 692 2374 761 οὐρανοῦ.
2410 691 2509 746 Διὰ
2539 692 2593 745 τί
2620 692 2682 745 οὐ
2711 689 2960 761 φαίνεται
2986 691 3135 762 αὐτῷ
3161 694 3219 745 ἐν
3248 696 3430 765 μορφῇ
3458 695 3674 767 ἀνθρώ.

2095 801 2221 848 που,
2258 782 2449 853 ὥσπερ
2495 783 2589 836 καὶ
2621 783 2879 854 Στεφάνῳ
2920 784 2985 836 ἐκ
3028 782 3122 837 τοῦ
3164 783 3416 857 οὐρανοῦ,
3463 784 3583 839 ἀλλ’
3614 789 3675 839 ἐν

2094 875 2226 929 εἴδει
2255 875 2446 947 πυρὸς,
2482 875 2515 946 ἢ
2558 875 2763 944 φωτός;
2792 875 2914 929 Ὅτι
2947 875 3205 947 Στεφάνῳ
3232 876 3350 947 μὲν,
3375 876 3452 943 ὡς
3480 878 3676 949 τελείῳ

2095 969 2191 1023 καὶ¹
2217 966 2386 1022 εἰδότι
2410 967 2472 1021 τὸ
2484 968 2582 1038 τῆς
2611 967 3081 1039 ἐνανθρωπήσεως
3117 969 3434 1042 μυστήριον,
3453 970 3549 1023 καὶ
3577 988 3674 1041 μη-

2095 1061 2184 1115 δὲν
2225 1060 2580 1132 βλαπτομένῳ
2625 1062 2690 1113 ἐκ
2728 1060 2829 1131 τῆς
2868 1059 3146 1124 εὐτελείας
3188 1060 3292 1131 τῆς
3342 1060 3465 1115 καθ’
3502 1063 3675 1132 ἡμᾶς,

2097 1150 2278 1214 καλῶς
2328 1149 2505 1213 οὕτως
2558 1149 2750 1203 ἐαυτὸν
2800 1147 3123 1217 ἐπεδείκνυ,
3192 1148 3380 1223 ὥσπερ
3437 1147 3532 1205 οὖν
3583 1153 3682 1205 καὶ

2100 1242 2331 1313 ἀνῆλθεν
2364 1244 2457 1295 ἐπὶ
2500 1243 2592 1295 τὸν
2625 1241 2887 1313 οὐρανόψ
2923 1241 3120 1312 Παύλῳ
3170 1242 3249 1304 δὲ,
3289 1243 3366 1306 ὡς
3402 1242 3492 1297 διὰ
3518 1243 3682 1297 τοῦτο

2105 1338 2178 1407 μὴ
2202 1334 2619 1406 καταδεχομένῳ
2640 1335 2774 1389 Θεὸν
2803 1333 3093 1404 ὀνομάζειν
3112 1333 3203 1388 τὸν
3239 1333 3469 1405 Ἰησοῦν,
3488 1336 3682 1407 ἐπειδὴ

2103 1431 2160 1481 ἐν
2192 1425 2404 1499 σώματι
2435 1426 2766 1498 παρεγένετο
2812 1425 2951 1497 πρὸς
2983 1427 3151 1497 ἡμᾶς,
3196 1426 3258 1478 οὐ
3299 1425 3550 1495 φαίνεται
3581 1425 3685 1479 ἇν-

2104 1521 2340 1592 θρωπος,
2379 1521 2466 1573 ἵνα
2514 1518 2587 1591 μὴ
2633 1518 2903 1590 βεὸαιώσῃ
2947 1517 3162 1589 ἀπίστῳ
3210 1518 3269 1571 τὸ
3318 1517 3685 1589 πρόσκομμα·

428 1612 587 1681 ignis,
616 1624 722 1680 quo
769 1625 797 1664 a
838 1610 957 1679 lege
983 1619 1038 1664 et
1069 1608 1251 1678 Moyse
1279 1624 1398 1665 eam
1432 1610 1733 1679 pertrahat.
1771 1608 1906 1664 Nam
1947 1618 2001 1665 et

2121 1610 2241 1664 ὶλλὰ
2288 1610 2488 1681 μᾶλλον
2522 1611 2580 1662 ἐν
2627 1609 2740 1680 ἰδέα
2790 1607 3078 1679 ἀστραπῆς
3125 1608 3219 1660 καὶ
3270 1607 3475 1678 πυρὸς,
3516 1607 3584 1659 ἶν’
3617 1611 3691 1662 ἐκ

428 1702 536 1755 illic
564 1701 702 1755 idem
738 1701 852 1771 ipse
887 1702 1025 1756 Deus
1064 1701 1229 1771 Moysi
1262 1714 1549 1771 apparens,
1584 1701 1635 1754 in
1670 1701 1791 1770 igne
1819 1701 2004 1769 loque-

432 1796 612 1858 batur,
646 1809 709 1850 ac
738 1810 862 1850 cum
895 1795 1067 1865 legem
1095 1794 1249 1849 daret
1275 1795 1328 1848 iu
1357 1802 1540 1849 monte
1568 1793 1720 1858 Sina,
1751 1796 1859 1864 igni
1893 1793 2006 1848 col—

431 1886 665 1942 lustrans
691 1886 996 1953 Hebrzcum,
1033 1885 1243 1941 tabulas
1286 1887 1334 1941 ei
1376 1887 1428 1939 in
1462 1900 1653 1939 manus
1684 1883 1868 1939 dabat.
1900 1885 2005 1939 ita-

432 1994 537 2044 que
584 1978 858 2048 perfundit
909 1977 1153 2044 lumine,
1205 1987 1265 2031 ut
1317 1991 1497 2031 rerum
1559 1985 1686 2031 tunc
1740 1991 1804 2031 ac
1852 1977 2009 2031 modo

436 2078 714 2139 gestarum
753 2068 1093 2122 similitudini
1117 2067 1377 2136 adjiciens
1405 2066 1674 2133 animum;
1715 2080 1836 2122 sese
1865 2067 2009 2121 velut

432 2179 497 2218 es
547 2160 779 2231 quadam
827 2159 1102 2225 oblivione,
1137 2167 1409 2223 excitans,
1463 2156 1706 2227 ejusdem
1758 2158 2011 2227 potentia:

437 2253 647 2307 divinas
672 2252 1037 2322 apparitiones
1058 2260 1333 2322 agnoscat.
1358 2251 1517 2303 Mittit
1542 2259 1721 2303 autem
1749 2249 2008 2318 fulgorem

436 2342 501 2395 de
521 2340 681 2405 cmlo,
708 2349 767 2394 ut
798 2354 865 2394 ne
890 2338 998 2408 jam
1028 2339 1226 2395 Paulus
1251 2340 1430 2393 animo
1453 2353 1678 2394 versans
1700 2336 2008 2393 Bethlehem

436 2445 499 2484 ac
531 2428 839 2493 Galil-.eam,
888 2428 1052 2482 lilium
1094 2428 1307 2483 Davidis
1355 2444 1418 2483 ac
1465 2428 1739 2483 hominem
1783 2429 2014 2497 appellet

434 2522 743 2586 Christum,
795 2536 858 2575 ac
902 2520 947 2573 si
976 2536 1081 2590 qua
1116 2521 1222 2575 alia
1279 2520 1498 2575 nomina
1531 2529 1658 2575 sunt
1686 2520 1753 2575 ad
1786 2533 2012 2575 (nconc-

439 2613 599 2667 miam
627 2613 962 2680 spectantia;
998 2613 1171 2681 palam
1228 2626 1353 2667 vero
1391 2612 1683 2675 doceatur,
1717 2626 1840 2665 cum
1875 2610 2014 2665 Deus

440 2701 493 2753 in
536 2700 690 2754 caelis
735 2709 913 2763 esset,
964 2700 1087 2754 inde
1123 2700 1186 2753 ad
1236 2715 1332 2756 nos
1367 2700 1610 2764 venisse,
1666 2702 1810 2754 unde
1851 2702 2012 2754 etiam

443 2804 584 2842 nunc
612 2796 856 2857 apparet.

516 2965 649 3021 Tum
676 2967 823 3022 clare
846 2968 991 3021 addit
1020 2986 1032 3021 :
1066 2965 1178 3037 Ego
1209 2966 1536 3024 sumlesus.
1571 2969 1779 3025 Nomen
1830 2972 2016 3041 utique

2108 1702 2200 1754 τοῦ
2225 1703 2388 1773 νόμου
2426 1701 2521 1755 καὶ
2564 1696 2844 1763 Μωῦσέως
2882 1699 3043 1752 αὑτὸν
3085 1698 3472 1769 ἐφελκύσηται.
3508 1700 3688 1752 Κάκεῖ

2113 1792 2222 1865 γὰρ
2254 1796 2283 1846 6
2322 1793 2485 1856 αὐτὸς
2525 1786 2678 1855 οὗτος
2718 1790 2871 1854 Θεὸς,
2903 1790 2982 1861 τῷ
3012 1791 3237 1844 Μωῦσεί
3260 1791 3595 1860 ἐμφανίζων,
3627 1794 3689 1845 ἐν

2111 1885 2245 1957 πυρὶ
2291 1882 2469 1938 ἐλάλει
2489 1901 2502 1913 ⁸
2537 1883 2742 1937 καὶτὸν
2762 1883 2925 1953 νόμον
2950 1882 3124 1945 διδοὺς
3141 1884 3233 1936 ἐπὶ
3259 1882 3351 1936 τοῦ
3378 1885 3527 1948 Σινᾶ,
3552 1885 3688 1955 πυρὶ

2112 1975 2485 2046 καταλάμπων
2533 1975 2623 2027 τὸν
2681 1974 2961 2045 Ἐσραῐον,
3000 1973 3295 2046 ἐνεχείριζε
3335 1974 3433 2038 τὰς
3474 1976 3687 2038 πλάκας

2111 2068 2278 2140 αὐτῷ.
2314 2066 2679 2139 Περιαυγάζει
2703 2066 2881 2141 τοίνυν
2910 2067 3093 2133 αὐτὸν,
3118 2068 3203 2120 ἴνα
3230 2068 3321 2121 τὸν
3346 2069 3469 2121 νοῦν
3494 2068 3690 2121 ἐπιϐα-

2111 2162 2218 2214 λὼν
2261 2161 2369 2214 τῶν
2396 2161 2517 2214 τότε
2548 2160 2856 2231 γενομένων
2885 2163 2951 2230 τῇ
2991 2161 3268 2231 ὁμοιότητι
3300 2163 3393 2214 καὶ
3433 2161 3546 2222 νῦν,
3598 2163 3692 2214 καὶ

2112 2254 2306 2324 ὥσπερ
2338 2255 2402 2306 ἐκ
2446 2251 2615 2324 λήθης
2654 2253 2798 2316 τινὸς
2844 2252 3036 2306 ἐαυτὸν
3082 2253 3412 2324 ἁφυπνίσας,
3447 2256 3693 2326 γνωρίσῃ

2113 2345 2213 2413 τῆς
2248 2346 2379 2415 μιᾶς
2402 2343 2688 2415 δυνάμεως
2712 2345 2838 2398 ὄντα
2867 2344 2937 2399 τὰ
2963 2344 3250 2416 θεοφάνια·
3288 2346 3606 2400 ἀποστέλλει
3636 2347 3696 2398 δέ

2116 2432 2177 2499 ἐξ
2210 2434 2443 2505 οὐρανοῦ
2469 2434 2568 2505 τὴν
2594 2436 2788 2506 αὐγὴν,
2818 2436 2906 2488 ἵνα
2940 2435 3135 2506 μηκέτι
3167 2437 3296 2508 περὶ
3320 2434 3419 2507 τὴν
3445 2434 3695 2508 Βηθλεέμ

2117 2527 2211 2578 καὶ
2242 2527 2339 2596 τὴν
2370 2525 2662 2580 Γαλιλαίαν
2692 2526 3057 2609 στρεφόμενος
3079 2530 3144 2598 τῇ
3176 2527 3381 2596 διανοίᾳ
3401 2530 3429 2580 6
3457 2528 3694 2592 Παῦλος,

2117 2618 2233 2671 υἱὸν
2258 2616 2352 2671 τοῦ
2382 2618 2551 2671 ’Δαὸὶδ
2587 2618 2829 2691 ὀνομάζῃ
2861 2618 2951 2671 τὸν
2995 2619 3230 2689 Χριστὸν
3262 2620 3353 2671 καὶ
3387 2619 3695 2690 ἄνθρωπον,

2118 2708 2215 2763 καὶ
2239 2708 2415 2761 πάντα
2442 2708 2513 2761 τὰ
2548 2706 2704 2772 ἄλλα,
2732 2706 2800 2760 τὰ
2830 2709 2932 2777 τῆς
2968 2707 3280 2778 οἰκονομίας
3308 2707 3583 2778 ὀνόματαο
3613 2705 3695 2759 δι-

2117 2799 2284 2871 δαχθῇ
2317 2800 2374 2854 δὲ
2404 2799 2610 2870 σαφῶς.
2634 2801 2716 2854 ὅτι
2749 2798 2884 2863 Θεὸς
2915 2797 2991 2852 ὣν
3021 2799 3256 2865 ἄνωθεν,
3288 2798 3514 2869 ἀφίκετο
3556 2799 3701 2869 πρὸς

2119 2886 2287 2956 ἡμᾶς,
2316 2884 2438 2938 ὅθεν
2466 2887 2559 2938 καὶ
2584 2883 2679 2938 νῦν
2712 2884 3073 2954 ἐπιφαίνεται.

2189 2974 2321 3032 Εἶτα
2372 2976 2694 3049 προστίθησι
2738 2976 2954 3045 σαφῶς·
2998 2976 3136 3046 Ἐγώ
3163 2977 3279 3045 ειμι
3325 2975 3597 3043 Ἰησοῦςο
3635 2974 3707 3028 τὸ

442 3054 579 3125 ejus,
616 3072 719 3126 qua
753 3073 812 3113 se
849 3058 1004 3114 nobis
1053 3058 1361 3128 inclinavit,
1394 3059 1744 3130 dejectionis,
1768 3073 1825 3117 ut
1856 3063 2013 3118 fidem

2121 3071 2218 3141 τῆς
2261 3068 2724 3138 συγκαταϐάσεως
2767 3069 2970 3140 ὄνομα*
3026 3069 3113 3123 ἵνα
3154 3067 3425 3139 βεϐαιώσῃ
3468 3067 3567 3138 τὴν
3598 3068 3701 3138 τῆς

442 3157 656 3203 astruat
706 3147 1133 3223 Incarnationis,
1178 3150 1254 3203 'ad
1302 3165 1462 3220 quam
1512 3152 2020 3206 scandalizabantmr

443 3235 633 3292 Judaei.
689 3238 802 3307 Ego
862 3238 951 3293 ille
996 3254 1138 3302 sum,
1194 3254 1353 3307 quem
1408 3241 1695 3296 caedebatis
1752 3241 2017 3311 colaphis,

446 3343 607 3397 quem
664 3326 1042 3399 ﬂagellabatis,
1102 3343 1259 3397 quem
1302 3329 1578 3383 ducebatis
1640 3344 1703 3384 ac
1769 3332 2021 3385 traheba-

445 3423 569 3476 tis:
620 3422 779 3475 modo
821 3420 1036 3490 quidem
1100 3421 1165 3473 ad
1227 3419 1507 3487 Caiphain,
1569 3430 1750 3487 postea
1797 3436 1924 3474 vero
1954 3422 2021 3476 ad

446 3510 711 3575 Pilatum;
741 3523 900 3579 quem
929 3508 1144 3564 assidue
1169 3508 1305 3563 fabri
1338 3508 1501 3562 filium
1533 3509 2019 3577 vocaliatis;quem

448 3603 678 3658 mortuis
718 3600 1108 3665 accensebatis,
1180 3615 1372 3670 magno
1435 3602 1543 3655 risu
1609 3615 1704 3656 eos
1750 3601 2024 3669 excipien-

451 3705 531 3750 tes
569 3709 631 3749 ac
678 3693 1062 3763 explodentes,
1105 3694 1197 3762 qni
1257 3692 1612 3759 praedicarent
1669 3691 2024 3747 resurrectio-

447 3802 593 3843 nem.
653 3785 745 3840 lile
797 3785 954 3838 tundo
997 3801 1117 3838 cum
1171 3784 1378 3852 loquar,
1432 3798 1537 3837 non
1592 3796 1860 3851 appareo;
1900 3796 2021 3836 cum

411 3892 419 3900 ·
450 3878 646 3941 adsim,
678 3858 1009 3929 nou.videor
1036 3896 1050 3928 ε
1083 3874 1321 3927 animout
1348 3871 1692 3939 illumiuaus,
1720 3871 1894 3926 oculis
1927 3869 2027 3924 of-

450 3969 617 4022 fundo
654 3967 921 4020 tenebras.
946 3964 1117 4020 Crede
1140 3980 1270 4035 ergo
1300 3965 1463 4020 etiam
1500 3963 1774 4034 Stephano
1808 3979 1894 4019 me
1927 3979 2023 4033 ap-

453 4059 696 4131 paruisse
728 4059 794 4124 ",
824 4056 1039 4126 quando
1075 4056 1121 4110 is
1151 4057 1202 4110 id
1234 4056 1385 4111 vobis
1420 4057 1606 4111 dicens
1644 4058 1867 4111 minime
1906 4070 2026 4110 cre-

451 4150 702 4205 debetur.
741 4146 946 4201 Durum
976 4162 1108 4216 ergo
1139 4147 1230 4200 tibi
1270 4159 1344 4201 est
1372 4159 1553 4199 contra
1598 4148 1869 4200 stimulum
1909 4146 2019 4200 cal-

451 4242 665 4296 citrare.
692 4237 979 4294 Stimulum
1010 4239 1178 4303 dicit,
1209 4238 1392 4294 clavos
1437 4238 1633 4292 crucis.
1665 4236 2038 4303 Quemadmo-.

2124 3160 2456 3234 σαρκώσεως
2481 3162 2691 3223 πίστιν,
2712 3161 2849 3233 πρὸς
2869 3162 2935 3233 ἢν
2965 3161 3208 3214 Ἰουδαῖοι
3230 3159 3696 3223 ἐσκανδαλίζοντο.

2135 3252 2276 3321 Ἐγὼ
2302 3254 2419 3322 είμι
2451 3253 2677 3316 ἐκεῖνος,
2709 3252 2769 3305 ὃν
2808 3250 3157 3323 ἐρῤαπίζετε,
3184 3250 3242 3303 ὃν
3270 3245 3692 3320 ἐφραγελλοῦτε,

2122 3348 2180 3401 ὃν
2204 3346 2410 3399 εἵλκετε
2437 3347 2533 3400 καὶ
2555 3346 2801 3417 ἐφέρετε,
2825 3345 2919 3400 νῦν
2950 3346 3047 3417 μὲν
3078 3345 3212 3416 πρὸς
3230 3346 3510 3414 Καϊάφαν,
3539 3342 3699 3395 ὓστε-

2128 3458 2218 3510 ρον
2258 3440 2314 3493 δὲ
2355 3439 2491 3511 πρὸς
2523 3440 2789 3493 Πιλᾶτον*
2822 3438 2883 3492 ὃν
2923 3437 3244 3492 ἀπεκαλεῖτε
3293 3435 3532 3507 συνεχῶς
3577 3435 3700 3488 υἱὸν

2122 3531 2217 3584 τοῦ
2248 3532 2518 3596 τέκτονος,
2553 3530 2611 3583 ὃν
2640 3532 2699 3583 ἐν
2722 3532 2832 3594 τοῖς
2857 3533 3070 3601 νεκροῖς
3103 3529 3409 3601 ἢριθμεῖτε,
3440 3526 3705 3597 γελῶντες

2129 3623 2341 3693 μεγάλα
2369 3622 2505 3691 πρὸς
2519 3623 2646 3685 τοὺς
2675 3639 2745 3693 κη
2756 3620 3044 3693 ρύττοντας
3064 3620 3162 3692 τὴν
3184 3619 3499 3673 ἀνάστασιν.
3537 3619 3701 3670 Ἐκεῖ·

2126 3734 2215 3780 νος
2259 3716 2354 3769 νῦν
2393 3715 2591 3779 λαλῶν,
2623 3716 2684 3768 οὗ
2732 3715 3030 3786 φαίνομαιο
3072 3711 3283 3785 παρὼν,
3323 3712 3423 3783 οὐχ
3454 3711 3705 3784 ὁρῶμαι·

2127 3810 2373 3879 φωτίζων
2393 3809 2592 3881 ψυχὴν,
2610 3808 2904 3879 ὀφθαλμοῖς
2928 3809 3147 3876 ἐπάγων
3170 3806 3238 3838 ¹⁰⁶
3263 3804 3584 3875 τυφλότητα.
3609 3804 3710 3855 Πί-

2130 3917 2350 3954 στευσον
2378 3896 2492 3965 οὖν,
2524 3901 2605 3953 ὅτι
2641 3900 2737 3952 καὶ
2770 3897 3028 3969 Στεφάνῳ
3063 3896 3384 3967 ἐφαινόμην,
3427 3895 3515 3948 ὅτε
3549 3891 3711 3945 τοῦτο

2127 3992 2298 4062 λέγων
2326 3992 2461 4065 πρὸς
2488 3993 2634 4063 ὑμᾶς
2686 3992 2984 4058 ἡπιστεῖτο.
3016 3988 3292 4058 Σκληρὸν
3314 3983 3409 4041 οὗν
3437 4001 3535 4041 σοι
3556 3985 3711 4053 πρὸς

2126 4084 2344 4153 κέντρα
2371 4081 2687 4144 λακτίζειν.
2715 4080 2934 4154 Κέντρα
2969 4082 3140 4151 λέγει,
3175 4079 3268 4134 τοῦ
3312 4078 3547 4150 σταυροῦ
3581 4079 3711 4140 τοὺς

2127 4172 2310 4243 ἥλους.
2363 4172 2452 4235 Ὠς
2486 4171 2596 4244 γὰρ
2626 4173 2654 4224 6
2692 4172 2894 4242 σιδήρῳ
2926 4171 3246 4243 τεθηγμένῳ
3282 4169 3710 4242 ἐνρηγνύμενος,

2128 4266 2228 4319 οὐκ
2273 4264 2478 4318 ἐκεῖνον
2512 4264 2813 4335 διαφθείρει
2843 4306 2857 4329 ,
2893 4266 2911 4336 (
2938 4266 3055 4329 πῶς
3093 4265 3203 4337 γὰρ
3243 4265 3335 4318 τὸν
3379 4265 3650 4335 σκληρόν;
3681 4263 3709 4333 )

389 4332 401 4343 ⁸
452 4333 579 4388 dum
609 4331 752 4388 enim
799 4331 890 4401 qui
926 4338 1086 4386 acuto
1138 4329 1283 4384 ferro
1329 4328 1608 4398 impingit,
1645 4329 1776 4384 nihil
1805 4329 2016 4400 quidem

2128 4358 2319 4412 ἑαυτὸν
2359 4358 2416 4409 δὲ
2466 4328 2791 4430 τιτρωσκετ·
2840 4328 2983 4411 οὕτω
3034 4328 3126 4410 καὶ
3216 4357 3352 4429 πρὸς
3394 4328 3536 4410 Θεὸν.
3561 4328 3715 4425 φιλοό

453 4424 830 4489 ιωάίιῐεηιιιη,
868 4422 979 4494 (qui
1002 4422 1167 4488 enim,
1201 4438 1321 4477 cum
1347 4422 1420 4476 sit
1449 4425 1637 4477 durum
1661 4436 1724 4477 ac
1754 4421 2032 4503 resistat?)
2065 4492 2070 4496 η

453 4531 514 4572 sc
559 4526 739 4569 autem
786 4514 900 4582 ipse
940 4511 1191 4567 vulnerat
1240 4530 1253 4567 :
1298 4512 1378 4568 sic
1408 4512 1571 4568 etiam
1609 4511 1700 4580 qni
1752 4513 2030 4566 contendit

454 4631 575 4671 cum
618 4613 745 4679 Deo,
777 4612 919 4666 ultro
955 4611 1056 4666 sibi
1095 4610 1375 4666 interitum
1407 4617 1684 4679 provocat.
1712 4605 1831 4661 Jam
1878 4623 2028 4675 ergo,

455 4708 613 4766 stude
650 4706 829 4776 sapias
855 4720 918 4759 ac
945 4702 1254 4759 emenderis
1276 4742 1292 4767 ,
1320 4701 1567 4771 visuque,
1599 4717 1629 4752 a
1665 4698 1896 4753 mirabili
1933 4699 2031 4755 illo

457 4801 682 4870 fulgore,
711 4798 931 4859 amisso,
971 4810 1113 4850 nunc
1144 4809 1266 4850 cum
1300 4793 1492 4862 primis
1521 4790 1794 4861 intellige,
1825 4791 2031 4845 idcirco

455 4891 697 4947 induisse
717 4906 800 4944 me
823 4902 1039 4958 corpus,
1071 4902 1137 4941 ac
1168 4886 1440 4941 hominem
1470 4884 1671 4938 factum
1700 4898 1843 4947 esse,
1868 4894 1930 4937 ut
1962 4898 2028 4939 ne

456 4997 662 5047 omnes,
683 4980 839 5037 nudae
858 4979 977 5034 velo
996 4977 1179 5033 deitati
1203 4962 1642 5035 consuescéntes.
1663 4974 1792 5029 caeci
1816 4973 2027 5028 fierent.

529 5073 623 5128 llis
649 5072 722 5126 ita
761 5070 932 5142 gestis
955 5068 1255 5138 dictisque,
1288 5081 1355 5121 en
1382 5066 1480 5121 tibi
1515 5064 1715 5120 Paulus
1734 5080 1896 5119 manu
1927 5064 2029 5117 du-

463 5168 703 5233 cebatur,
738 5161 1041 5221 miserabile
1066 5156 1435 5231 spectaculum
1484 5174 1498 5210 :
1534 5155 1662 5224 quin
1690 5155 1798 5208 imo
1831 5152 2030 5224 jucun-

461 5258 611 5323 dum,
644 5257 946 5327 meritoque
990 5252 1169 5311 latitia
1220 5249 1458 5305 alliciens
1508 5247 1766 5323 animum.
1810 5244 2034 5300 Vinctus

460 5354 546 5404 cst
576 5348 765 5417 lupus,
808 5348 1105 5415 castigatus
1150 5353 1354 5415 raptor,
1395 5340 1549 5396 ferox
1591 5337 2031 5402 mansuefactus;

463 5439 585 5496 leue
629 5439 909 5495 incedebat
969 5439 1123 5494 velox
1159 5436 1247 5492 ille
1278 5431 1834 5501 cursor;«discipulns
1866 5429 2034 5484 addu-

532 5666 555 5700 ⁹
595 5665 821 5722 Philem.
855 5664 910 5718 9.
990 5663 1033 5695 “
1073 5664 1192 5715 Act.
1224 5676 1319 5727 vn,
1349 5660 1436 5714 55.
1542 5659 1707 5713 "‘i’a.
1742 5656 1952 5725 ἐπάγω.

2128 4450 2352 4531 νεικῶν,
2373 4450 2696 4523 αὐθαίρετον
2722 4451 3019 4505 ἐπισπᾶται
3045 4450 3136 4504 τὸν
3158 4450 3278 4503 όλεθ
3289 4467 3397 4519 ρον.
3422 4448 3717 4519 Σωφρὸνη-

2132 4559 2223 4596 σον
2252 4537 2344 4596 οὖν
2370 4541 2465 4596 τοῦ
2510 4543 2723 4610 λοιποῦ,
2769 4543 2861 4596 καὶ
2891 4542 2987 4615 τὴν
3022 4542 3145 4613 ὅψιν
3183 4540 3451 4604 ἀπολέσας
3482 4538 3570 4593 διὰ
3606 4541 3714 4610 τῆς

2131 4625 2452 4698 θαυμαστῆς
2485 4627 2849 4700 λαμπηδόνος,
2885 4628 2981 4683 νῦν
3013 4627 3247 4699 μάλιστα
3270 4626 3484 4699 νόησον,
3508 4625 3589 4677 ὅτι
3617 4623 3715 4678 διὰ

2128 4720 2286 4774 τοῦτο
2312 4720 2649 4792 ἐνεδυσάμην
2678 4720 2860 4791 σῶμα,
2882 4721 2976 4774 καὶ
3000 4721 3265 4792 ἐγενόμην
3288 4718 3595 4790 ἄνθρωπος,
3619 4716 3715 4768 ἵνα

2134 4813 2208 4884 μὴ
2247 4814 2448 4876 πάντες
2485 4812 2862 4882 τυφλωθῶσιν,
2901 4815 2949 4866 οί
2986 4815 3165 4884 γυμνῇ
3206 4810 3715 4883 παραπετάσματος

2133 4902 2589 4975 προσομιλοῦντες
2613 4902 2848 4975 θεότητι.

2204 5059 2424 5114 Ταῦτα·
2453 5060 2549 5112 καὶ
2587 5058 3094 5131 χειραγωγούμενος
3155 5061 3185 5113 6
3215 5059 3426 5123 Παῦλος
3467 5058 3719 5130 ἀπήγετο

2136 5153 2367 5207 ἐλεεινὸν
2385 5140 2590 5223 θέαμα,
2620 5150 2820 5222 μᾶλλον
2839 5152 2894 5206 δὲ
2920 5153 3109 5225 χάριεν
3130 5152 3225 5206 καὶ
3251 5151 3520 5222 θυμηδίας
3539 5146 3712 5214 ἄξιον.

2146 5245 2335 5315 Ἐδέθη
2367 5246 2396 5297 6
2421 5244 2610 5311 λύκος,
2654 5245 3033 5315 ἐσωφρονίσθη
3083 5247 3112 5297 6
3146 5244 3353 5317 ἅρπαξ,
3386 5240 3647 5315 ἡμερώθη
3682 5243 3720 5293 ὁ

2135 5340 2344 5411 ἄγριος,
2377 5337 2590 5402 ἐϐάδιζε
2617 5338 2808 5410 πράως
2839 5340 2868 5392 6
2917 5338 3153 5411 τρέχων
3188 5338 3433 5407 ἀπήγετο
3468 5333 3723 5406 μαθητὴς

2136 5433 2164 5483 6
2192 5428 2299 5481 τῶν
2347 5426 2606 5497 μαθητῶν
2640 5427 2930 5499 τύραννος’
2961 5429 3123 5497 ἤγετο
3162 5431 3303 5481 πιεῖν
3328 5426 3422 5481 τοῦ
3458 5424 3620 5481 ἄλλον
3656 5422 3723 5477 τὸ
