4034 6204
300 294 404 350 289
1172 293 1451 351 ιιοιιιυΑ
1492 297 1626 353 VIII.
1661 296 1729 353 IN
1769 295 1862 352 SS.

1966 293 2188 351 ETRUM
2229 296 2314 351 ET
2353 294 2663 351 PAULUM.
3439 301 3545 358 ‘190

298 410 433 483 αἷμα
463 413 493 465 6
523 411 600 482 τῷ
645 411 839 481 αἵματι
881 410 1152 480 Στεφάνου
1198 410 1605 482 μεμολυσμένος
1637 411 1735 474 τὰς
1768 414 1862 481 χεῖ-

1981 410 2223 475 cebatur,
2259 410 2641 481 discipulurum
2686 423 2964 483 tyrannus;
2999 415 3292 471 ducebatur
3322 417 3545 471 alterius

300 519 420 576 ρας.
473 502 601 556 Ἐπὶ
629 505 780 573 τρεῖς
813 501 871 554 δέ
906 501 1117 573 ἡμέρας
1152 501 1449 555 διετέλεσεν
1484 503 1541 553 ἐν
1578 502 1862 574 τυφλότητι

1979 500 2203 556 bibitum
2236 504 2576 572 sanguinem,
2609 504 2697 572 qui
2733 502 2992 574 Stephani
3044 509 3307 577 sanguine
3356 525 3545 567 nmnus

299 595 431 661 ζῶν.
471 597 586 649 Καὶ
616 595 752 665 μάλα
780 594 1026 663 είκότως.
1070 595 1130 647 'O
1153 594 1260 665 γὰρ
1292 595 1371 658 είς
1397 594 1495 666 τὴν
1534 594 1738 665 Τριάδα
1766 594 1862 646 δια·

1976 593 2278 660 polluisset.
2316 594 2512 650 Mansit
2544 605 2722 649 autem
2757 597 2823 649 ad
2867 606 2974 652 tres
3003 598 3117 654 dies
3152 615 3346 654 caecus.
3381 599 3545 654 Plane

304 688 557 758 μαρτὼν,
590 688 807 749 δικαίως
839 684 1130 758 ἰσάριθμον
1173 685 1536 757 κατεδικάσθη
1568 685 1666 758 τὴν
1700 703 1862 757 τιμω-

1977 684 2168 738 merito
2203 703 2217 738 :
2256 687 2345 753 qui
2378 687 2520 741 enim
2568 685 2622 740 in
2657 686 2979 742 Trinitatem
3029 700 3341 759 peccasset.
3381 692 3543 744 trium

302 780 465 849 ρίαν,
1092 794 1095 799 ·
1970 771 2093 841 jure
2122 773 2329 828 dierum
2359 776 2547 829 debuit
2579 788 2734 845 paena
2770 776 2947 845 plecti.

373 869 535 923 Οὕτω
568 870 667 938 μὲν
705 863 799 922 οὗν
831 871 860 922 6
892 868 1181 933 Θεσπέσιος
1237 870 1673 942 ἐμυσταγωγήθη
1736 870 1862 942 πρὸς

2049 864 2199 919 Ilunc
2239 880 2372 919 sane
2413 867 2626 920 modum
2678 868 3009 923 admirabilis
3057 868 3145 923 ille
3177 869 3243 923 ad
3288 871 3540 939 pietatem

298 958 399 1029 τὴν
443 957 745 1011 εὐσέϐειαν.
794 958 1014 1029 Ἐπειδὴ
1055 960 1113 1012 δὲ
1155 960 1255 1030 τῆς
1291 960 1545 1031 ἀληθείας
1587 960 1862 1030 ἐγεύσατο¹

1973 958 2220 1012 eruditus
2266 965 2371 1012 est.
2420 956 2522 1012 Ubi
2548 968 2727 1013 autem
2759 962 3036 1015 veritatem
3067 968 3365 1030 gustasset,
3404 961 3545 1017 didi-

299 1050 392 1101 καὶ
430 1048 521 1101 διά
556 1050 657 1119 τῆς
690 1048 883 1121 πείρας
916 1049 1144 1121 ἔμαθεν,
1181 1054 1263 1106 ὅτι
1292 1050 1359 1125 ζῇ
1396 1056 1425 1106 6
1469 1054 1734 1124 Χριστὸς,
1778 1054 1862 1110 Ral

1972 1049 2241 1117 cissetque
2304 1049 2634 1119 experientia
2696 1051 2970 1106 Christum
3039 1052 3255 1119 vivere,
3314 1067 3544 1123 esseque.

291 1140 458 1205 ἐστιν,
490 1142 587 1194 καὶ
618 1140 894 1210 βασιλεύει
921 1141 1031 1194 τῶν
1052 1142 1211 1209 ὅλων,
1240 1143 1362 1198 οὔτε
1391 1144 1448 1198 δὲ
1474 1145 1686 1218 ἐφθάρη
1721 1145 1862 1218 παρά

1975 1156 2039 1196 ac
2071 1141 2446 1196 universorum
2482 1141 2785 1208 dominari;
2822 1157 2922 1198 nec
2948 1158 2979 1198 a
3012 1152 3186 1198 morte
3222 1143 3389 1199 fuisse
3424 1158 3544 1199 cor-

293 1230 386 1283 τοῦ
426 1230 684 1297 θανάτου,
718 1231 843 1284 οὕτε
870 1232 1084 1305 ἐκλάπη
1115 1234 1268 1306 παρά
1295 1235 1404 1289 τῶν
1451 1236 1709 1307 μαθητῶν
1728 1252 1741 1268 ’
1771 1254 1862 1291 τα-

1974 1243 2230 1303 ruptum;
2264 1244 2425 1289 autve
2452 1233 2748 1299 discipulos
2783 1250 2905 1290 eum
2940 1234 3145 1291 furatos
3176 1249 3319 1300 esse,
3357 1234 3539 1290 statim

294 1322 430 1392 χέως
456 1324 523 1375 ἐκ
560 1320 659 1376 τοῦ
690 1323 855 1394 νόμου
893 1325 1337 1396 μεταταξάμενος
1364 1326 1500 1398 πρὸς
1530 1328 1591 1381 τὸ
1629 1329 1862 1397 Εὐαγγέ-

1977 1338 2006 1376 a
2044 1324 2160 1395 lege
2186 1327 2252 1379 ad
2277 1325 2625 1395 Evangelium
2657 1328 3069 1397 transmigrans,
3098 1327 3364 1382 universis
3383 1327 3543 1382 Chri-

291 1414 422 1476 λιον,
446 1416 593 1467 πᾶσι
625 1416 960 1485 κατήγγελλε
993 1416 1126 1470 Θεὸν
1150 1418 1240 1470 τὸν
1269 1419 1523 1491 Χριστὸν,
1550 1419 1608 1472 δν
1629 1419 1757 1489 χθὲς
1779 1422 1862 1473 καὶ

1971 1423 2136 1482 stum,
2169 1430 2326 1485 quem
2357 1432 2526 1486 nuper
2544 1417 2924 1487 blasphemans
2947 1418 3198 1473 convitiis
3234 1419 3542 1487 impetebat,

292 1504 486 1577 πρώην
519 1506 783 1578 ἐλοιδόρει
821 1511 941 1572 ταῖς
974 1508 1364 1582 βλασφημίαις,
1404 1512 1499 1564 καὶ
1528 1511 1768 1575 τοιοῦτος
1804 1508 1862 1583 ἦν

1976 1505 2141 1561 Deum
2180 1507 2532 1562 annuntiabat
2574 1526 2588 1560 :
2628 1517 2875 1578 eratque,
2924 1509 3096 1578 qualis
3141 1509 3540 1577 iuissethostis,

294 1598 607 1668 σύμμαχος,
630 1594 742 1663 οἷος
760 1602 853 1654 καὶ
875 1601 1133 1672 πολέμιος
1153 1617 1166 1629 ·
1192 1602 1413 1673 ἰσχυρὸς
1436 1603 1545 1673 γάρ
1560 1604 1862 1675 ἀμφότερα.

1972 1599 2095 1652 talis
2129 1599 2306 1653 socius
2342 1614 2407 1653 ac
2439 1599 2747 1654 auxiliator.
2792 1598 3035 1671 Utroque
3070 1600 3323 1654 nimirum
3354 1609 3546 1670 potens

302 1689 526 1761 Ἀθρόον
550 1690 608 1743 δὲ
634 1692 726 1744 καὶ
749 1692 1027 1762 ἀδοκήτως
1054 1692 1309 1746 εἰσελθὼν
1330 1695 1409 1756 είς
1426 1693 1526 1757 τὰς
1552 1696 1862 1765 συναγωγὰς

1974 1699 2135 1758 atque
2179 1689 2468 1745 robustior.
2505 1689 2773 1745 Continuo
2818 1698 2996 1744 autem
3034 1704 3099 1744 ac
3141 1690 3415 1760 inopinato
3462 1689 3543 1742 in—

284 1782 610 1851 Δαμασκοῦ,
633 1783 730 1835 τοῦ
755 1784 922 1853 νόμου
950 1785 1042 1838 καὶ
1064 1784 1181 1839 τῶν
1208 1784 1507 1857 προφητῶν
1537 1786 1862 1857 ἐδημηγόρει

1971 1795 2190 1850 gressus
2217 1781 2269 1834 in
2300 1796 2603 1853 synagogas
2630 1782 2910 1846 Damasci,
2960 1782 3089 1852 legis
3124 1780 3288 1837 libros
3319 1796 3381 1836 ac
3412 1796 3539 1850 pro-

286 1873 415 1933 τοὺς
441 1870 661 1938 λόγους,
676 1873 737 1925 ού
764 1874 932 1944 νόμου
948 1874 1259 1947 κρατύνων,
1282 1875 1398 1929 ἀλλ’
1423 1876 1519 1930 ἀπ’
1545 1877 1755 1931 ἐκείνου
1778 1879 1869 1937 τὸν

284 1964 527 2034 Χριστὸν
562 1965 903 2035 συγκροτῶν,
943 1967 1033 2019 καὶ
1081 1967 1387 2039 συγκρίνων
1420 1970 1533 2032 τοῖς
1565 1969 1869 2039 γινομένοις

288 2056 581 2126 πράγμασι
615 2056 715 2119 τὰς
737 2057 1200 2129 προσαγορεύσεις
1224 2058 1331 2111 τῶν
1357 2058 1638 2130 μαθητῶν,
1670 2060 1762 2113 καὶ
1782 2061 1870 2114 διὰ

268 2149 447 2217 ’νόμου
482 2152 653 2218 νόμον
681 2149 979 2203 ἐκϐάλλων.
1018 2151 1229 2222 Ὥσπερ
1266 2147 1360 2205 οὖν
1392 2152 1485 2205 καὶ
1520 2152 1648 2224 περὶ
1674 2152 1866 2206 ἐαυτοῦ

290 2257 471 2309 φησιν,
506 2241 844 2294 ἐπιστέλλων
876 2242 1168 2312 Ῥωμαίοις
1187 2259 1199 2273 ’
1235 2242 1382 2314 Ἐγὼ
1405 2242 1518 2311 γὰρ
1538 2243 1636 2297 διὰ
1655 2244 1863 2312 νόμου,

289 2334 448 2400 νόμῳ
505 2333 842 2388 ἀπέθανον
885 2334 1196 2399 τουτέστιν,
1247 2335 1379 2387 Ἀπὸ
1410 2336 1519 2388 τῶν
1559 2336 1868 2388 Μωσαῖκῶν

287 2426 634 2495 γραμμάτων
676 2426 981 2496 ὁδηγηθεὶς,
1019 2427 1265 2495 ἐπέγνων
1293 2428 1392 2496 τὴν
1417 2425 1509 2480 τοῦ
1535 2426 1864 2495 Εύαγγελίου

288 2517 592 2570 εὐσέϐειαν.
645 2516 951 2587 Ἐκπληξις
997 2514 1092 2573 οὖν
1140 2514 1252 2587 εἶχε
1291 2518 1390 2588 τὴν
1426 2519 1739 2589 Δαμασκὸν,
1772 2520 1866 2572 καὶ

289 2608 489 2669 πάντες
518 2606 657 2677 πρὸς
695 2606 921 2670 ἑαυτοὺς
962 2606 1264 2673 ἐξεθείαζον
1286 2622 1299 2635 ·
1335 2608 1520 2674 Δεῦτε,
1545 2608 1737 2662 θεᾶσθε
1774 2608 1865 2661 τὸν

292 2698 511 2768 Ταρσέα
549 2697 822 2768 Ἐϐραίον,
850 2698 939 2751 τὸν
968 2698 1059 2750 τοῦ
1086 2697 1338 2769 πατρῲιυ
1361 2699 1524 2769 νόμου
1544 2699 1733 2763 ζέοντα
1757 2716 1864 2768 μα-

296 2786 482 2857 θητὴν,
506 2788 737 2859 σφοδρὸν
756 2788 851 2842 τοῦ
889 2788 1062 2859 Ἰησοῦ
1087 2791 1404 2862 συνήγορον,
1428 2790 1525 2843 καὶ
1549 2789 1681 2842 Θεὸν
1703 2790 1863 2843 αὐτὸν

296 2879 684 2939 ἀνακαλοῦντα,
705 2880 802 2933 καὶ
829 2881 894 2932 ἐκ
919 2880 1028 2934 τῶν
1051 2882 1337 2953 ἡμετέρων
1358 2881 1699 2952 γραμμάτων
1725 2882 1862 2934 ἀπο-

298 2972 596 3035 δεικνύντα,
621 2974 703 3026 ὅτι
731 2968 884 3036 οὗτός
910 2974 1055 3026 ἐστιν
1081 2976 1108 3027 6
1132 2977 1252 3027 κατ’
1285 2974 1618 3042 ἐπαγγελίαν
1648 2975 1858 3045 Σωτήρ.

300 3062 423 3125 Δέος
466 3058 557 3117 οὖν
606 3062 681 3133 μὴ
719 3064 897 3116 πᾶσαν
947 3062 1250 3134 μεταπείσῃ
1300 3063 1398 3132 τὴν
1429 3060 1606 3125 πόλιν,
1653 3059 1727 3130 μὴ
1768 3063 1862 3113 καὶ

303 3153 416 3206 ὅλον
444 3153 536 3207 τὸν
561 3153 737 3223 δῆμον
778 3154 1050 3222 ἐπάγηται
1088 3154 1183 3207 καὶ
1216 3154 1501 3224 ἀποστήσῃ
1537 3152 1633 3205 τοῦ
1671 3154 1855 3223 νόμου.

307 3243 409 3295 Καὶ
446 3245 554 3313 γάρ
588 3246 706 3295 ἐστι
751 3244 850 3313 τῆς
895 3244 936 3295 Γ
939 3244 1118 3314 ραφῆς
1161 3244 1424 3315 ἀσκητὴς,
1468 3244 1563 3297 καὶ
1604 3243 1694 3296 τὸν
1736 3242 1861 3296 νοῦν

305 3334 440 3398 ὀξὺς,
464 3335 557 3387 καὶ
585 3334 782 3405 γοργὸς
808 3334 899 3386 τὸν
937 3333 1112 3402 λόγον,
1149 3333 1244 3388 καὶ
1271 3334 1362 3386 τὸν
1389 3335 1588 3405 τρόπον
1617 3334 1859 3405 εὐμήχα-

304 3442 406 3491 νος,
457 3425 548 3479 καὶ
596 3424 731 3478 πολὺ
773 3424 1109 3495 κεκτημένος
1148 3424 1208 3477 τὸ
1258 3424 1599 3491 ἀξιόπιστον’
1648 3425 1739 3494 ἀφ’
1786 3419 1860 3477 ὧν

306 3517 534 3587 ἀκριϐῶς
556 3515 715 3579 εἰδὼς
741 3516 812 3568 τά
842 3516 1107 3587 ἡμέτερα,
1138 3517 1238 3569 ούκ
1266 3516 1460 3588 ἀγνοίᾳ
1486 3516 1632 3570 δοκεῖ
1659 3516 1861 3570 πλανᾶ-

307 3605 438 3669 σθαι,
470 3607 607 3660 ἀλλά
649 3607 944 3679 δοκιμασίᾳ
978 3608 1072 3661 καὶ
1102 3606 1279 3679 κρίσει
1312 3607 1372 3660 τὸ
1406 3607 1606 3678 ἀληθὲς
1634 3608 1861 3679 εὑρηκέ-

301 3712 405 3749 ναι.
443 3697 536 3760 Είς
570 3697 775 3769 ταύτην
798 3696 900 3768 τὴν
927 3697 1237 3769 ἀμηχανίαν
1263 3696 1483 3752 ἐνέϐαλε
1510 3698 1661 3752 πόλιν
1695 3699 1862 3767 μεγά-

298 3787 421 3857 λην,
469 3788 639 3860 δῆμον
687 3788 1143 3859 πολυάνθρωπον,
1193 3789 1408 3860 πρῶτον
1452 3789 1545 3842 τοῦ
1609 3790 1860 3857 γενναίου

298 3879 634 3952 προσηλύτου
658 3882 924 3952 κήρυγμα
941 3897 954 3909 ·
980 3881 1074 3934 καὶ
1099 3879 1259 3933 πλέον
1275 3881 1399 3934 τότε
1428 3880 1718 3951 Δαμασκὸς
1737 3883 1862 3934 ἐτα-

293 3970 536 4040 ράττετο,
582 3973 614 4044 ἢ
658 3971 855 4044 πρώην
899 3974 946 4025 οἱ
994 3973 1052 4025 ἐν
1095 3971 1487 4045 Ἱεροσολύμοις
1521 3972 1859 4043 Χριστιανοὶ,

287 4065 450 4136 ἡνίκα
476 4066 744 4135 Στέφανον
770 4065 978 4127 Παῦλος
1008 4063 1275 4128 ἐλίθαζεν.
1319 4066 1407 4129 Ὠς
1435 4065 1544 4136 γὰρ
1570 4067 1619 4119 οἱ
1652 4064 1862 4138 θαυμα-

288 4154 407 4208 στοὶ
441 4153 550 4208 τῶν
598 4155 868 4226 ἀριστέων
909 4157 1042 4209 ὅπου
1080 4154 1127 4207 δ’
1165 4154 1230 4208 ἂν
1271 4153 1699 4226 μετατάξωνται,
1746 4157 1865 4209 ἐκεῖ

283 4246 388 4316 τὴν
412 4245 567 4316 νίκην
606 4247 955 4317 μετάγουσιν,
984 4245 1157 4309 οὕτως
1180 4248 1208 4299 6
1235 4245 1531 4309 Gacnéoto;
1553 4246 1693 4318 ἀνὴρ
1716 4246 1861 4300 ὲκεί-

282 4354 410 4401 νους
446 4338 665 4402 πάντως
700 4338 873 4392 ἐποίει
897 4338 1185 4408 μεγάλους,
1226 4334 1307 4401 οἷς
1345 4340 1443 4408 τὴν
1483 4339 1677 4392 ἐαυτοῦ
1718 4357 1861 4411 παρ-

282 4432 397 4499 εῖχε
438 4430 634 4500 ῥοπήν.

359 4687 515 4740 Οὒτω
564 4689 740 4741 τοίνυν
791 4689 1152 4758 καταγγείλας
1190 4691 1247 4744 ἐν
1296 4694 1361 4763 τῇ
1410 4690 1626 4762 Φοινίκῃ
1670 4693 1731 4745 τὸ
1759 4693 1860 4746 Εύ⁸

291 4778 561 4846 αγγέλιον,
603 4780 697 4832 καὶ
741 4778 810 4832 τὰ
858 4779 1048 4852 πρῶτα
1096 4780 1386 4851 σπέρματα
1421 4781 1523 4852 τῆς
1562 4781 1864 4854 ἀποστολῆς

290 4871 413 4923 ἐκεῖ
453 4871 904 4942 καταϐαλόμενος,
949 4870 1077 4925 ἔνθα
1120 4871 1213 4924 καὶ
1252 4872 1413 4936 αὐτὸς
1467 4872 1740 4944 ἐφωτίσθη
1793 4875 1858 4945 τῇ

284 4959 509 5031 γνώσει,
548 4957 714 5032 ἦλθεν
744 4961 825 5025 είς
852 4960 950 5033 τὴν
989 4961 1362 5034 Ἰερουσαλὴμ,
1411 4962 1559 5027 ξένον
1598 4966 1710 5027 τοῖς
1746 4964 1863 5017 ἐκεῖ

281 5054 379 5110 καὶ
406 5052 571 5109 καλὸν
605 5054 802 5125 θέαμα.
829 5054 893 5107 Οἱ
935 5053 1035 5124 μὲν
1066 5054 1176 5127 γὰρ
1213 5054 1632 5126 προπέμψαντες
1675 5056 1856 5121 αὑτὸν,

281 5150 375 5203 καὶ
406 5148 593 5213 δόντες
630 5149 701 5203 τά
727 5151 785 5202 ἐν
812 5147 962 5218 μέσῳ
995 5148 1299 5220 συμϐάντα,
1346 5147 1669 5219 θεασάμενοι
1707 5149 1858 5221 πρῶ-

278 5257 392 5303 τον,
426 5239 603 5310 ἡδέως
633 5256 695 5292 τε
722 5235 880 5305 εἶδον,
906 5241 1003 5292 καὶ
1030 5239 1273 5311 ἀπῄτουν
1294 5237 1393 5310 την
1429 5238 1622 5311 θήραν,
1659 5238 1860 5309 πλῆθος

277 5328 627 5403 Χριστιανῶν
664 5330 960 5401 δεσμωτῶν
1002 5330 1319 5394 ἐλπίσαντες
1352 5330 1598 5400 ὄψεσθαι,
1630 5332 1724 5385 καὶ
1754 5331 1860 5385 τῶν

1971 1873 2254 1940 phetarum
2283 1889 2379 1942 pro
2436 1876 2695 1928 concione
2723 1874 3061 1943 exponebat,
3099 1888 3203 1927 nou
3234 1873 3451 1943 quidem
3484 1885 3543 1925 ut

1970 1962 2137 2031 legem
2173 1965 2537 2028 conﬁrmaret,
2571 1966 2662 2020 sed
2694 1977 2753 2020 ut
2778 1983 2808 2019 a
2838 1966 2957 2035 lege
2983 1966 3254 2020 Christum
3282 1966 3541 2034 praedica-

1971 2065 2070 2117 ret,
2104 2071 2424 2126 comparans
2461 2074 2580 2111 cum
2629 2059 2693 2113 iis
2720 2074 2839 2126 quas
2864 2070 3203 2127 gererentur,
3235 2059 3532 2125 discipulo-

1971 2161 2085 2198 rum
2120 2160 2421 2210 sermones,
2447 2162 2511 2200 ac
2545 2148 2775 2218 denique
2804 2163 2897 2217 per
2922 2148 3111 2216 legem,
3142 2149 3309 2217 legem
3355 2150 3541 2202 exclu-

1968 2234 2122 2300 dens,
2163 2235 2236 2288 uti
2276 2235 2387 2305 ipse
2418 2237 2484 2290 de
2533 2239 2710 2306 seipso
2740 2240 2814 2292 ait
2843 2239 2909 2293 ad
2945 2239 3217 2294 Romanos
3249 2241 3488 2295 scribens
3523 2260 3537 2295 :

1969 2322 2080 2393 Ego
2123 2327 2257 2378 enim
2294 2343 2385 2395 per
2418 2328 2614 2396 legem,
2646 2329 2745 2395 legi
2785 2342 3019 2383 mortuus
3062 2348 3177 2384 sum
3206 2332 3269 2395 ¹¹,
3304 2333 3404 2386 hoc
3434 2345 3538 2395 eat,

1967 2416 2290 2484 scriptorum
2326 2432 2418 2484 per
2454 2418 2667 2487 Moysen
2714 2423 2904 2487 ductu,
2947 2423 3307 2492 evangelicam
3350 2427 3541 2493 agnovi

1968 2507 2239 2575 pietatem.
2276 2506 2477 2575 Stupor
2519 2523 2648 2577 ergo
2690 2508 3006 2564 Datuaseum
3045 2513 3290 2576 tenebat,
3325 2515 3540 2568 univer-

1966 2597 2119 2665 sique
2153 2606 2399 2666 porlento
2430 2600 2605 2652 simile
2636 2615 2698 2653 ac
2729 2600 2965 2661 divinum
3008 2604 3136 2671 quid
3182 2606 3320 2671 apud
3352 2620 3409 2658 se
3453 2622 3541 2658 ce-

1968 2686 2251 2742 lebrabant
2283 2706 2296 2741 :
2333 2688 2520 2743 Venite
2542 2729 2557 2753 ,
2592 2690 2767 2744 videte
2799 2690 3084 2745 Hebraeum
3121 2693 3269 2747 illum
3303 2696 3537 2750 Tarsen-

1966 2794 2114 2845 sem,
2163 2778 2458 2833 ferventcm
2515 2781 2662 2833 illum
2717 2791 2956 2849 paterna
3008 2782 3141 2852 legis
3192 2784 3535 2851 discipulum,

1966 2886 2142 2923 acrem
2164 2870 2288 2924 Jesu
2323 2881 2628 2940 patronum,
2653 2886 2887 2941 eumque
2914 2872 3080 2927 Deum
3113 2877 3490 2944 praadicantem
3520 2895 3536 2931 :

1965 2974 2128 3031 atque
2159 2978 2188 3017 e
2224 2963 2522 3032 Scripturis
2566 2964 2799 3027 nostris,
2834 2963 3171 3020 Salvatorem
3205 2968 3413 3037 ipsum,
3447 2971 3539 3038 qui

1967 3054 2270 3121 promissus
2292 3065 2396 3117 est,
2435 3056 2772 3124 probantem.
2812 3053 2995 3124 Itaque
3023 3056 3317 3126 periculum
3341 3068 3444 3125 est,
3471 3075 3540 3115 ne

1965 3147 2017 3200 in
2048 3146 2376 3199 contrariam
2417 3147 2748 3200 sententiam
2786 3156 2951 3200 totam
2980 3148 3213 3203 abducat
3243 3151 3536 3217 civitatem,

1963 3250 2032 3290 ne
2062 3244 2115 3288 et
2136 3235 2388 3304 populum
2422 3237 2728 3290 universum
2760 3237 2981 3302 alliciat,
3007 3247 3168 3307 atque
3190 3252 3219 3291 a
3244 3237 3359 3309 lege
3378 3255 3537 3294 aver-

1963 3334 2058 3380 tat.
2089 3326 2299 3396 Quippe
2327 3326 2380 3382 in
2407 3324 2702 3398 Scripturis
2730 3338 2979 3384 versatus
3016 3340 3117 3393 est,
3139 3340 3331 3399 estque
3355 3333 3538 3388 subtili

1965 3417 2177 3488 ingenio
2204 3458 2218 3483 ,
2255 3419 2367 3472 acri
2400 3434 2647 3473 sermone
2669 3460 2685 3486 ,
2720 3420 2958 3476 muribus
2984 3419 3183 3490 facilis,
3216 3423 3538 3491 plurimum-

1961 3525 2069 3579 que
2093 3512 2159 3565 ad
2184 3509 2340 3566 Iidem
2366 3519 2692 3565 momentum
2725 3512 2929 3567 habens
2957 3533 2970 3567 :
2998 3520 3139 3584 quod
3170 3516 3424 3569 nimirum
3456 3532 3540 3573 res

1964 3613 2178 3656 nostras
2208 3604 2448 3674 apprime
2471 3604 2648 3658 sciens
2679 3620 2784 3658 non
2820 3607 3119 3674 ignorantia
3150 3608 3321 3679 decipi
3359 3610 3540 3663 videa.

1967 3704 2070 3757 tur,
2111 3696 2208 3750 sed
2245 3697 2561 3766 probatione
2601 3711 2665 3751 ac
2699 3696 2902 3764 judicio
2936 3699 3227 3764 invenisse,
3273 3702 3417 3771 quod
3462 3719 3536 3758 ret

1961 3797 2130 3851 esset,
2156 3803 2218 3842 ac
2251 3789 2567 3853 veritatem;
2597 3788 2645 3840 in
2678 3796 2885 3842 tantam
2911 3790 3092 3858 utique
3122 3792 3446 3847 anxietatem
3475 3810 3539 3847 ar:

1965 3882 2261 3949 angustias,
2290 3895 2535 3951 magnam
2563 3879 2797 3946 conjecit
2824 3881 3130 3936 civitatem:
3162 3882 3410 3950 populum
3439 3901 3538 3937 nu-

1966 3983 2256 4033 merosum,
2283 3970 2453 4038 prima
2481 3969 2685 4022 strenui
2702 3968 2981 4041 proselytaa
3003 3971 3538 4046 przedicatio,major~

1965 4077 2068 4130 que
2101 4071 2225 4116 tunc
2249 4062 2570 4116 Damascum
2609 4061 2839 4117 habebat
2869 4064 3103 4120 turbatio
3126 4103 3142 4129 ,
3176 4080 3337 4136 quam
3369 4083 3539 4139 nuper

1968 4152 2353 4223 Hierosolymis
2395 4153 2721 4208 constitutos
2767 4154 3142 4221 Christianos,
3184 4173 3305 4213 cum
3339 4158 3536 4214 Paulus

1966 4245 2297 4316 Schhanuru
2324 4246 2605 4315 lapidaret.
2633 4245 3093 4315 Quemadmodum
3122 4252 3263 4304 enim
3296 4252 3395 4305 viri
3430 4254 3538 4306 ror-

1968 4338 2194 4391 titudine
2223 4338 2479 4406 praecipui
2505 4353 2568 4391 ac
2595 4338 2889 4403 mirabiles,
2919 4340 3003 4392 cui
3033 4354 3093 4393 se
3120 4339 3425 4393 addixerint
3448 4357 3534 4393 ur-

1967 4429 2098 4491 dini,
2132 4443 2233 4481 una
2268 4428 2342 4481 illi
2372 4428 2651 4483 victoriam
2680 4428 2936 4483 addicunt
2965 4446 2981 4495 ;
3011 4428 3091 4485 sic
3115 4438 3171 4482 et
3193 4430 3277 4483 vir
3301 4430 3538 4494 divinus,

1971 4534 2191 4588 magnos
2230 4520 2452 4589 omnino
2485 4534 2578 4576 eos
2630 4522 2949 4588 praestabat,
2984 4521 3181 4590 quibus
3212 4537 3367 4577 suum
3418 4538 3535 4577 mo-

1971 4616 2208 4659 mentum
2243 4607 2581 4673 contulisset,
2609 4623 2671 4663 ac
2703 4610 2961 4663 auxilium
2991 4620 3296 4678 praestaret.

2041 4696 2131 4749 Sic
2168 4696 2350 4767 itaque
2381 4698 2669 4768 prmdicato
2694 4700 2747 4753 in
2777 4699 3051 4755 Pbceuicia
3082 4702 3390 4771 Evangelia,
3424 4718 3536 4771 prto

1967 4786 2175 4854 misque
2206 4786 2313 4843 illic
2345 4791 2676 4859 apostolatus
2694 4791 2855 4862 jactis
2877 4794 3192 4857 seminibus,
3220 4795 3304 4850 ubi
3339 4804 3396 4849 et
3424 4795 3537 4863 ipse

1964 4878 2204 4932 scientia:
2229 4878 2406 4934 lumen
2422 4883 2742 4952 accepisset,
2778 4884 3107 4939 Hierusalem
3140 4885 3311 4954 petiit,
3339 4901 3534 4941 novum

1965 4967 2353 5039 pulchrumque
2403 4974 2455 5025 in
2515 4988 2575 5027 ea
2627 4974 2934 5030 constitutis
2969 4979 3100 5032 urbe
3148 4978 3532 5046 spectaculum.

1963 5059 2062 5126 Qui
2086 5061 2231 5116 enim
2262 5063 2653 5131 prazmiserant,
2690 5081 2753 5122 ac
2795 5067 3025 5132 vincula,
3057 5068 3251 5138 quibus
3278 5069 3539 5124 Christia-

1962 5166 2062 5207 nos
2111 5153 2371 5225 alligaret,
2428 5158 2687 5223 portanda
2746 5160 3024 5226 dederant,
3069 5174 3189 5215 cum
3242 5161 3535 5226 nescirent,

1959 5260 2078 5311 qua:
2113 5247 2286 5302 media
2325 5248 2674 5314 accidissent,
2704 5251 2881 5319 primo
2906 5261 3147 5321 aspectu,
3192 5250 3427 5320 jucunde
3459 5257 3538 5308 vi-

1961 5338 2177 5405 derunt,
2207 5339 2550 5410 praedamque
2603 5343 2903 5413 exigentes,
2934 5342 3166 5399 vinctam
3195 5344 3536 5402 Christiano-

277 5422 495 5476 πολλῶν
527 5422 873 5493 ὑποσχέσεων
901 5421 1185 5508 ζητοῦντες
1217 5423 1278 5475 τὸ
1303 5421 1480 5493 ἔργον.
1519 5423 1671 5476 Ἐπεὶ
1699 5422 1754 5475 δὲ
1782 5423 1862 5477 λό-

1966 5442 2084 5481 rum
2107 5427 2500 5485 multitudinem
2517 5447 2578 5487 se
2599 5433 2809 5488 visuros
2834 5435 3146 5502 sperabant,
3168 5451 3388 5508 remque
3406 5439 3537 5493 mul-

277 5531 378 5585 γου
427 5514 815 5586 προϐαίνοντος
867 5506 1025 5588 εὗρον
1078 5514 1289 5569 Παῦλον
1332 5515 1421 5571 τὸν
1462 5514 1687 5581 Σαῦλον,
1735 5532 1859 5569 συν-

360 5717 404 5747 ¹¹
442 5714 563 5769 Gal.
600 5732 658 5783 ιι,
696 5718 776 5771 l9.

1290 5786 1339 5801 α.

1969 5528 2141 5573 larunt
2189 5520 2397 5585 illarum
2424 5524 2874 5592 pollicitationqu
2924 5528 3294 5599 requirebant.
3338 5527 3534 5586 Verum
