4048 6194
491 294 585 348 2:“

1758 282 1815 337 S.
1859 281 2135 337 ASTERll
2174 280 2314 336 AMA
2324 277 2476 335 SEN!

3628 269 3745 323 (ὶυὲ

492 404 581 457 ubi
617 417 865 472 processu
895 398 1180 459 sermonis.
1203 396 1445 459 Saulnm,
1468 394 1687 449 Paulum
1724 395 2062 457 invenerunt,

2170 389 2472 459 αμείψαντα
2504 390 2570 458 τῇ
2603 388 2793 458 κλήσει
2825 386 2922 458 τὴν
2950 385 3194 458 γνώμην,
3240 384 3334 439 καὶ
3373 382 3467 437 τοῦ
3501 381 3742 453 Χριστοῦ

491 506 583 560 qui
612 506 714 544 una
753 505 875 544 cum
908 485 1260 557 appellatione
1288 485 1526 538 animum
1573 491 1855 547 mutasset,
1896 479 2062 536 Chri-

494 582 669 650 stique
699 580 946 635 eﬂ‘ectum
973 593 1208 646 servum,
1240 592 1303 631 ac
1347 576 1609 646 apostolis
1631 574 1749 629 aliis
1778 572 2063 628 ferventio-

494 687 608 726 rem
637 669 977 739 discipulum,
1032 667 1263 737 primum
1297 665 1515 735 quidem
1550 665 1731 733 jocum
1758 677 1823 718 ac
1853 661 2062 717 irrisio-

495 779 617 819 nem
644 762 886 817 arbitrati
914 770 1041 817 sunt
1075 776 1193 829 quae
1228 760 1538 815 dicerentur
1577 775 1592 812 :
1622 767 1678 811 at
1712 754 1799 811 ubi
1832 756 2063 824 proban-

492 864 575 909 tes
591 863 844 918 mentem,
864 852 1192 907 invenissent
1208 851 1439 906 sermoni
1463 858 1864 924 congruentem,
1895 860 2062 900 unum

494 942 598 997 sibi
656 946 757 998 hoc
789 943 998 998 consilii
1063 942 1333 1011 reliquum
1386 948 1728 1011 putaverunt,
1772 946 1832 991 ut
1884 936 2065 991 adole-

494 1044 731 1089 scentem
773 1033 1076 1102 perderent,
1110 1042 1364 1100 tanquam
1400 1030 1512 1085 fieri
1545 1045 1646 1084 non
1674 1038 1875 1097 posset,
1904 1037 1960 1081 ut
1994 1027 2065 1080 vi-

496 1135 652 1181 vente
707 1125 871 1179 Paulo
929 1135 1089 1193 atque
1143 1124 1428 1193 loquente,
1471 1122 1813 1176 Hebraeorum
1879 1120 2064 1189 religio

496 1232 678 1287 sospes
702 1220 857 1272 foret.
888 1214 1053 1287 quue
1076 1216 1248 1287 palam
1268 1224 1441 1271 totum
1469 1225 1617 1269 retro
1639 1224 1847 1285 tempus
1862 1217 2063 1285 proba-

495 1310 592 1363 vit.
1726 1306 1729 1309 ’

562 1401 699 1456 Cum
739 1401 883 1456 enim
953 1400 1106 1456 multi
1160 1401 1440 1466 hactenus,
1504 1400 1718 1455 tametsi
1766 1399 2063 1455 Christiani

494 1499 670 1556 erant,
724 1491 866 1544 haud
921 1500 1137 1559 possent
1186 1506 1322 1561 pure
1355 1506 1418 1546 ex
1451 1490 1726 1551 Evangelii
1771 1505 1958 1544 norma
1990 1490 2069 1543 vi-

495 1596 644 1644 vere,
677 1582 770 1635 sed
810 1582 1071 1638 haberent
1099 1583 1150 1635 in
1180 1593 1464 1653 utramque
1490 1594 1716 1650 partem,
1743 1597 1807 1636 ac
1837 1581 2069 1652 quando-

2161 481 2366 544 δοῦλον,
2402 480 2498 534 καὶ
2529 480 2637 533 τῶν
2664 479 2837 534 ἄλλων
2865 479 3175 532 ἀποστόλων
3207 476 3455 549 μαθητὴν
3486 473 3746 547 θερμότε-

2165 588 2256 642 ρον
2275 586 2290 602 ο
2321 570 2390 624 τὰ
2416 570 2517 641 μὲν
2543 570 2758 642 πρῶτα,
2789 569 3009 625 παιδιὰν
3042 569 3138 623 καὶ
3177 567 3374 639 χλεύην
3402 566 3632 637 ἡγοῦντο
3667 562 3736 621 τὰ

2160 662 2450 733 λεγόμενα·
2482 663 2604 715 ἐπεὶ
2648 662 2707 716 δὲ
2748 662 3141 732 δοκιμάσαντες
3177 654 3333 732 εὗρον
3366 655 3736 728 ὁμολογοῦσαν

2161 755 2227 825 τῇ
2260 754 2411 824 φωνῇ
2451 752 2551 823 τὴν
2579 751 2824 822 γνώμην,
2857 750 2916 804 ἓν
2950 748 3336 804 ἐϐουλεύσαντο
3379 746 3560 818 μόνον,
3591 744 3747 808 ὅπως

2163 847 2191 898 ὁ
2253 843 2533 909 νεανίσκος
2587 843 2876 896 ἀπόλοιτο⁸
2935 840 3012 906 ὼς
3067 840 3172 894 οὐκ
3241 838 3359 894 ἐνὸν
3432 833 3573 890 εἶναι
3638 835 3746 907 τὴν

2172 933 2442 1007 Ἐϐραίων
2482 933 2780 1006 θρησκείαν
2818 934 2913 987 καλ⁵
2954 931 3327 1005 χρηματίζειν,
3358 929 3561 995 ζῶντος
3593 926 3749 982 Παύο

2163 1027 2254 1081 λου
2278 1026 2379 1080 καὶ
2408 1025 2797 1097 φθεγγομένου.
2835 1025 2947 1080 Καὶ¹
2977 1024 3135 1078 τοῦτο
3166 1023 3351 1095 σαφῶς
3389 1022 3557 1088 ἔδειξε
3602 1020 3751 1091 σύμο

2165 1137 2273 1184 πας
2295 1120 2323 1173 ὁ
2344 1118 2566 1190 ὕστερον
2591 1117 2805 1189 χρόνος.

2238 1385 2359 1438 Ἔτι
2388 1382 2497 1455 γὰρ
2522 1381 2631 1435 τῶν
2656 1378 2889 1442 πολλῶν,
2918 1380 2968 1434 εί
3009 1379 3102 1432 καὶ
3133 1376 3379 1448 ὐπῆρχον
3406 1371 3751 1446 Χριστιανοὶ,

2160 1476 2268 1530 οὐκ
2314 1473 2627 1545 ἀρκούντων
2676 1468 2935 1541 καθαρῶς
2978 1468 3077 1541 ζῇν
3106 1466 3245 1521 κατά
3281 1466 3347 1531 το
3392 1463 3753 1533 Εὐαγγέλιον,

2168 1565 2281 1620 ἀλλ’
2344 1562 2838 1635 ἀμφοτεριζόντων,
2898 1559 2993 1613 καί
3048 1577 3149 1613 που
3210 1559 3305 1613 καὶ
3357 1560 3423 1629 τῇ
3474 1556 3755 1627 περιτομῇ

496 1690 599 1743 que
625 1676 784 1728 etiam
815 1685 1096 1730 uterentur
1125 1677 1560 1740 circumcisione,
1594 1685 1652 1729 ut
1704 1676 1881 1743 aliqua
1912 1686 2067 1744 parte

2170 1655 2629 1729 προσχρωμένων,
2699 1654 2765 1709 ἵν’
2816 1655 2881 1707 ὲκ
2936 1652 3131 1724 μέρους
3200 1650 3571 1722 κεχαρισμένα
3636 1650 3755 1711 τοῖς

496 1780 615 1834 quae
637 1760 845 1820 ‘Judaais
872 1777 1022 1837 grata
1073 1778 1255 1823 essent
1285 1777 1624 1837 praestantes,
1668 1768 1858 1836 eisque
1888 1765 2066 1822 indul-

2180 1747 2455 1820 Ἑϐραίοις
2480 1747 2778 1809 ποιοῦντες,
2799 1745 2891 1799 τὸν
2919 1744 3088 1815 θυμὸν
3113 1742 3291 1796 αὐτῶν
3313 1739 3752 1812 έκμειλίξωνταιο

496 1868 700 1924 gcntes,
734 1872 920 1912 eorum
944 1859 1228 1914 delinirent
1258 1859 1413 1914 iram.
1449 1857 1606 1913 Solus
1631 1859 1719 1913 hic
1749 1859 2065 1928 imperculsa

496 1958 697 2012 mente,
757 1949 888 2002 nihil
923 1950 1206 2003 remissum
1241 1965 1303 2004 ac
1352 1965 1461 2005 non
1489 1960 1800 2005 accuratum
1847 1951 2065 2017 docuit;

497 2044 590 2092 sed
616 2038 759 2092 clara
815 2054 946 2094 voce
974 2049 1136 2108 atque
1170 2041 1371 2095 diserte
1407 2057 1436 2094 a
1470 2042 1734 2111 principio
1762 2056 2067 2097 sermonem

495 2124 827 2190 prmdicavit.
881 2125 1064 2196 quue
1118 2129 1365 2197 provexit
1419 2128 1682 2185 libertatis
1742 2144 1953 2196 sensus,
2013 2141 2072 2188 ut

493 2228 619 2267 cum
649 2214 932 2281 aliquando
976 2216 1200 2281 Galate,
1253 2234 1372 2271 cum
1432 2222 1643 2288 propria
1697 2220 1796 2291 ipsi
1833 2221 2067 2287 levitate,

497 2315 610 2358 tum
636 2308 1018 2374 magistrorum
1050 2310 1392 2379 negligentia,
1425 2312 1488 2364 ad
1516 2312 1648 2382 legis
1669 2314 2068 2369 observantiam

496 2394 696 2448 reversi
727 2405 932 2460 essent,
966 2398 1199 2452 mirabili
1229 2402 1294 2452 ad
1326 2415 1419 2454 eos
1448 2402 1646 2470 scripta
1683 2403 1931 2471 epistola,
1966 2420 2070 2474 qua

496 2487 549 2540 in
581 2486 820 2542 novitate
842 2487 1164 2543 Christianae
1195 2490 1317 2543 vita:
1359 2491 1610 2560 pietatem
1638 2494 1836 2548 sectari
1863 2511 1925 2551 ac
1950 2496 2074 2551 reli-

495 2578 707 2649 gionem
730 2580 907 2635 colere
933 2581 1186 2648 doceret;
1215 2598 1336 2636 cum
1371 2583 1486 2653 ipso
1519 2587 1889 2654 apostolorum
1920 2589 2070 2659 prin-

496 2673 614 2743 ripe
662 2674 850 2727 horum
910 2674 1197 2729 occasione
1231 2690 1555 2741 congressus
1605 2677 1677 2732 sit
1717 2697 1732 2733 :
1780 2694 1844 2733 ac
1876 2680 2073 2749 ubique

2172 1841 2332 1913 μόνος
2358 1835 2512 1904 οὗτος
2535 1838 2939 1909 ἀκαταπλήκτῳ
2972 1835 3299 1907 φρονήματι,
3327 1834 3478 1888 οὐδὲν
3505 1831 3755 1903 ὑφειμέ-

2166 1952 2261 1989 νον
2292 1933 2557 2000 ὲδίδαξεν’
2589 1932 2727 1986 ἀλλὰ
2764 1930 2983 2001 καθαρᾷ
3007 1931 3073 2000 τῇ
3109 1929 3259 1998 φωνῇ
3295 1926 3500 1982 ἄνωθεν
3543 1925 3637 1979 τὸν
3660 1924 3755 1979 λό-

2167 2042 2265 2095 γον
2295 2026 2620 2097 ἐκήρυσσεν,
2651 2023 2747 2077 καὶ
2771 2023 2853 2085 είς
2878 2019 3132 2074 τοσοῦτόν
3159 2035 3223 2088 γε
3243 2017 3455 2088 προῦϐη
3478 2017 3572 2070 τού
3597 2016 3754 2069 ἐλευ-

2170 2118 2349 2188 θερίου
2390 2106 2762 2189 φρονήματος,
2798 2114 2941 2168 ὥστε
2967 2112 3103 2166 ποτὲ
3137 2110 3237 2182 μὲν
3263 2110 3537 2174 Γαλατῶν,
3568 2102 3756 2183 οἰκείᾳ

2171 2210 2465 2280 κουφότητι
2486 2210 2580 2263 καὶ
2601 2207 2865 2282 ὀλιγωρίᾳ
2893 2206 3000 2260 τῶν
3019 2205 3399 2268 διδασκόντων,
3424 2206 3503 2268 είς
3524 2202 3622 2274 τὴν
3649 2221 3755 2257 κα-

2168 2299 2239 2354 τὰ
2269 2298 2432 2370 νόμον
2459 2296 2967 2368 παλινδρομούντων
2992 2294 3155 2367 ζωὴν,
3187 2294 3286 2364 τὴν
3311 2292 3627 2364 θαυμαστὴν
3660 2293 3753 2345 αὐ-

2170 2392 2282 2454 τοῖς
2314 2389 2540 2462 γράφων
2560 2387 2848 2457 ἐπιστολὴν
2874 2386 2963 2457 (δι’
2990 2382 3059 2458 ἧς
3084 2388 3142 2438 έν
3168 2385 3444 2455 καινότητι
3475 2384 3575 2455 τῆς
3607 2386 3757 2437 κατά

2173 2481 2407 2553 Χριστὸν
2446 2477 2723 2543 πολιτείας
2771 2477 3012 2532 εὐσεϐεῖν
3052 2478 3251 2542 αὐτοὺς
3299 2476 3393 2530 καὶ
3426 2475 3756 2548 θρησκεύειν

2170 2573 2399 2640 ἐδίδαξε,
2439 2575 2635 2645 μηκέτι
2666 2571 2999 2643 προσχόντας
3018 2572 3132 2635 τοῖς
3150 2571 3473 2643 γράμμασιν
3497 2572 3613 2632 τοῖς
3642 2570 3757 2622 ἀπὸ

2168 2664 2280 2717 τῶν
2304 2664 2519 2718 λιθίνων
2549 2664 2816 2734 πλακῶν),
2852 2663 3161 2734 συνεπλάκη
3200 2663 3288 2717 διὰ
3308 2662 3417 2715 τῶν
3440 2660 3757 2730 λεγομένων

496 2763 713 2818 Petrum
746 2764 1190 2833 reprehendebat,
1219 2781 1457 2837 cumque
1494 2783 1559 2822 eo
1596 2769 1935 2834 velitabatur,
1973 2786 2068 2824 ceu

2173 2753 2322 2824 αὐτῷ
2368 2754 2446 2825 τῷ
2488 2754 2769 2825 κορυφαίῳ
2800 2752 2908 2807 τῶν
2948 2754 3281 2817 ἀποστόλων,
3330 2752 3424 2807 καὶ
3469 2752 3756 2822 πανταχοῦ

497 2869 584 2918 eo,
623 2853 713 2922 qui
744 2866 983 2907 veterum
1015 2871 1135 2918 usu,
1178 2870 1244 2913 ac
1271 2871 1455 2911 eorum
1488 2873 1607 2927 quae
1639 2860 1835 2913 abolita
1869 2871 2068 2927 essent,

2172 2845 2584 2917 καθαπτόμενος
2620 2845 2886 2900 διετέλεσε
2912 2847 3009 2900 καὶ
3043 2846 3332 2918 ἀψιμαχῶν
3361 2846 3498 2918 πρὸς
3523 2844 3614 2899 τὸν
3644 2846 3758 2899 Πέο

499 2958 695 2998 novam
720 2944 1147 2999 Christianorum
1204 2950 1446 3002 turbaret
1482 2949 1893 3016 institutionem,
1938 2953 2068 3007 nihil

2172 2952 2321 3006 τρον,
2353 2935 2427 3000 ὡς
2459 2935 2557 3007 τὴν
2598 2935 2727 2990 νέαν
2769 2934 3121 2990 ὲπιθολοῦντα
3155 2936 3451 3001 πολιτείαν,
3475 2938 3541 3006 τῇ
3583 2950 3756 3006 repos-

499 3037 764 3091 reveritns
813 3036 961 3092 senis
989 3053 1173 3102 canos,
1210 3049 1366 3094 autve
1397 3042 1724 3109 apostolatus
1759 3046 2068 3114 praerogati-

2174 3031 2366 3100 χρήσει
2393 3027 2498 3082 τῶν
2525 3027 2770 3082 παλαιῶν
2801 3027 2896 3081 καὶ
2927 3026 3294 3098 πεπαυμένων
3320 3026 3624 3097 δογμάτωνο
3655 3029 3757 3079 καὶ

500 3140 644 3191 vam,
677 3127 765 3181 ubi
817 3128 988 3181 creari
1040 3129 1333 3198 periculum
1364 3131 1573 3185 veritati
1634 3133 1858 3187 vidisset
1890 3152 1904 3187 :
1938 3128 2068 3202 quin

2170 3120 2294 3173 οὐδὲ
2333 3119 2431 3190 τὴν
2481 3118 2672 3173 πολιὰν
2721 3118 2919 3192 ᾐδέσθη
2950 3118 3045 3173 τοῦ
3078 3120 3348 3191 γέροντος,
3382 3117 3505 3172 οὔτε
3555 3117 3624 3171 τὰ
3648 3118 3754 3187 τῆς

499 3212 702 3273 Calatis
729 3218 942 3286 quidem
977 3221 1240 3273 acerrime
1267 3221 1499 3290 restitit;
1534 3221 1751 3275 Petrum
1780 3238 1907 3277 vero
1950 3238 2068 3278 cre-

2173 3212 2475 3283 ἀποστολῆς
2497 3212 2778 3283 πρεσϐεῖα,
2808 3214 2897 3266 ὅτε
2919 3208 3027 3267 εἶδε
3052 3213 3469 3266 κινδυνεύουσαν
3496 3212 3595 3283 τὴν
3622 3211 3756 3283 ἀλή-

502 3307 598 3361 bro
629 3308 825 3377 arguit,
861 3324 1019 3376 quam
1052 3309 1247 3365 licebat
1270 3313 1522 3378 maxime,
1554 3313 1854 3367 libertatem
1877 3314 2068 3369 decore

2174 3306 2344 3360 θειαν.
2397 3305 2557 3358 Ἀλλὰ
2610 3304 2721 3358 τῶν
2766 3307 2864 3376 μὲν
2905 3304 3161 3359 Γαλατῶν
3204 3304 3567 3374 κατεξανέστη
3611 3320 3756 3373 σιρο-

499 3413 562 3453 ac
580 3398 835 3453 modestia
855 3410 1177 3469 temperans.
1197 3402 1274 3458 Ac
1304 3405 1500 3473 ubique
1530 3405 1745 3474 quidem
1770 3405 2070 3475 praedican-

501 3490 568 3543 do
599 3505 663 3543 ac
679 3490 951 3544 suadendo
967 3507 1183 3562 operam
1207 3496 1467 3562 ponebat:
1487 3496 1627 3564 quod
1645 3497 1690 3550 si
1708 3474 1835 3550 vero
1860 3474 2073 3565 quando

443 3655 450 3661 ι
500 3583 660 3636 etiam
701 3583 753 3636 in
795 3586 1018 3652 perditis
1055 3587 1296 3641 moribus
1328 3601 1625 3656 pravosque
1656 3588 1901 3644 homines
1935 3589 2070 3644 inci-

502 3673 654 3739 dens,
677 3690 837 3744 grave
868 3676 1067 3745 aliquid
1087 3693 1273 3746 passus
1292 3689 1453 3743 esset,
1477 3679 1559 3731 vel
1588 3678 1859 3746 conjectus
1878 3682 1928 3733 in
1952 3696 2073 3734 car-

502 3778 705 3829 cerem,
729 3765 811 3819 vel
840 3765 1153 3819 verberibus
1189 3764 1432 3831 affectus,
1470 3769 1550 3821 vel
1587 3771 1856 3837 appetitus
1884 3770 2075 3840 lapidi-

500 3854 602 3909 bus
627 3855 1058 3924 ,haudquaqnam
1081 3874 1231 3911 suam
1261 3857 1402 3911 illam
1426 3858 1756 3912 alacritatem
1782 3861 1851 3914 ob
1875 3860 2073 3914 malum

500 3959 684 4000 casum
717 3947 895 4000 amisit
926 3964 940 4000 :
968 3953 1095 4016 quin
1126 3947 1390 4004 modicum
1420 3950 1636 4014 cedens,
1671 3966 1862 4006 rursus
1891 3952 2074 4006 ltOStes

499 4036 712 4099 adibat;
745 4053 1068 4108 versansqne
1088 4055 1364 4096 sermones
1383 4058 1527 4104 suos,
1557 4042 1786 4112 felixque
1808 4046 1980 4099 modis
2002 4045 2076 4097 in-

498 4128 779 4184 veniendis
795 4131 988 4200 quibus
1015 4132 1335 4197 adoriretur,
1363 4150 1423 4188 ac
1442 4150 1501 4189 se
1517 4137 1671 4191 facile
1692 4139 1979 4192 admodum
2000 4140 2076 4192 in-

497 4220 801 4277 cidentibus
823 4232 1001 4291 aptum
1028 4240 1365 4293 comparans,
1388 4240 1603 4294 prorsus
1624 4227 1824 4290 abibat,
1854 4228 1933 4281 vel
1960 4247 2076 4282 om-

498 4312 675 4379 ntbus,
703 4315 800 4383 ,vel
840 4316 1081 4380 pluribus
1108 4318 1158 4369 in
1204 4308 1353 4370 suam
1401 4318 1724 4371 sententiam
1766 4323 2069 4388 pertractis.

2171 3396 2332 3467 δρῶς,
2384 3396 2492 3450 τῶν
2545 3398 2587 3428 ¹⁸
2634 3396 2693 3449 δὲ
2742 3395 3001 3460 πολλάκις
3051 3395 3302 3467 ἔπληξεν,
3334 3396 3409 3459 ὡς
3468 3396 3613 3466 ἐνῆν,
3646 3396 3757 3469 τὴν

2174 3489 2487 3562 παρρησίαν
2536 3488 2836 3561 εὐπρεπείᾳ
2884 3489 3142 3562 κεράσας.
3191 3489 3301 3541 Καὶ
3340 3485 3614 3558 πανταχοῦ
3649 3488 3757 3557 μὲν

2173 3581 2395 3635 διετέλει
2447 3581 2619 3649 λέγων
2657 3580 2753 3635 καὶ
2788 3580 3011 3635 πείθων
3058 3583 3108 3634 εἰ
3146 3581 3204 3635 δέ
3238 3598 3339 3634 που
3367 3581 3462 3633 καὶ
3492 3582 3756 3650 πονηροῖς

2168 3660 2360 3745 ἤθεσιν
2398 3673 2632 3743 ἐντυχὼν
2667 3673 2869 3727 έπαθέν
2894 3692 2946 3727 τι
2970 3673 3159 3739 δεινὸν,
3198 3673 3231 3745 ἢ
3269 3674 3638 3743 δεσμωτήριον
3670 3673 3755 3723 οἰ-

2174 3767 2369 3837 κήσας,
2396 3765 2429 3837 ἢ
2475 3766 2743 3837 μάστιγας
2768 3764 2966 3829 λαϐὼν,
2992 3766 3024 3836 ἢ
3059 3765 3224 3828 λίθοις
3259 3763 3493 3835 βληθεὶς,
3524 3763 3584 3816 οὐ
3624 3779 3757 3815 κατ-

2176 3859 2363 3912 έλυσεν
2414 3859 2512 3929 τὴν
2557 3857 2864 3930 προθυμίαν
2912 3856 3044 3931 [διὰ]
3087 3857 3186 3929 τὴν
3218 3856 3514 3925 γενομένην
3548 3855 3758 3907 ἀποτυ-

2175 3950 2318 4018 χίαν
2370 3948 2507 4003 ἀλλά
2571 3949 2762 4021 μικρὸν
2821 3948 3101 4012 διαλιπὼν,
3172 3947 3335 4001 πάλιν
3390 3945 3582 4017 ῆγγιζε
3636 3947 3757 4009 τοῖς

2176 4037 2408 4107 ἐχθροῖς,
2462 4039 2555 4091 καὶ
2600 4040 2725 4100 τοὺς
2776 4037 2954 4090 αὐτῶν
3008 4036 3361 4107 ἀναστρέφων
3399 4036 3609 4103 λόγους,
3654 4036 3756 4089 καὶ

2174 4127 2300 4191 τοὺς
2322 4127 2557 4198 τρόπους
2575 4128 2685 4180 τῶν
2714 4129 3106 4200 ἐπιχειρήσεων
3132 4127 3478 4198 ἐξευρίσκων,
3507 4126 3757 4196 εὐμηχάο

2173 4235 2280 4280 νως
2311 4212 2367 4269 δὲ
2394 4217 2513 4270 λίαν
2547 4218 2683 4287 np’);
2718 4219 2817 4280 τὰς
2839 4219 3215 4289 ἐμπιπτούσας
3248 4217 3437 4289 χρείας
3476 4216 3755 4287 μεθαρμο⁴

2178 4304 2424 4376 ζόμενος,
2474 4306 2692 4369 πάντως
2736 4310 2902 4379 ἀπῄει
2956 4309 3166 4373 πείσας,
3213 4308 3247 4379 ἢ
3293 4310 3518 4371 πάντας,
3557 4306 3591 4376 ἢ
3623 4306 3757 4369 τοὺς

499 4401 653 4472 Saepe
674 4405 815 4457 enim
839 4421 959 4459 cum
984 4408 1343 4461 acerbissimis
1374 4409 1540 4477 plagis
1569 4410 1803 4479 acceptis
1825 4411 2068 4466 inventus

2176 4397 2421 4460 πολλούς.
2457 4398 2721 4462 Πολλάκις
2744 4399 2850 4473 γὰρ
2878 4399 3118 4473 εὑρεθεὶς
3147 4399 3285 4471 μετά
3314 4397 3527 4469 πληγάς
3557 4398 3757 4468 ἀνηκέ-

499 4502 639 4547 esset
665 4495 733 4557 “,
796 4495 957 4563 inque
991 4496 1139 4549 urbis
1171 4497 1313 4549 illius
1346 4499 1616 4552 suburbiis
1656 4499 1881 4568 ejectus,
1906 4516 2065 4571 quam

498 4582 777 4635 erudiebat
802 4586 868 4636 ad
900 4582 1152 4651 pietatem
1175 4627 1189 4650 ,
1219 4587 1345 4653 quin
1378 4596 1431 4641 et
1456 4602 1550 4655 pro
1584 4599 1792 4642 mortuo
1815 4604 1924 4658 prae
1952 4606 2068 4644 ma-

500 4678 669 4725 iorum
702 4672 966 4741 gravitate
993 4674 1226 4739 habitus,
1255 4677 1511 4745 postridie
1552 4678 1725 4733 forum
1766 4691 1973 4750 petens.
2004 4698 2068 4737 ac

501 4761 775 4816 dexteram
806 4766 1154 4832 protendens,
1213 4781 1307 4820 eos
1360 4767 1550 4821 iterum
1590 4769 1839 4836 docebat,
1878 4771 1968 4841 qui
2000 4773 2064 4826 ad

501 4852 690 4907 mortis
722 4852 863 4919 ipsas
917 4852 1098 4906 fauces
1131 4854 1482 4909 adduxissent
1512 4873 1527 4910 :
1570 4857 1647 4911 sic
1678 4857 1813 4912 nihil
1838 4861 2066 4914 curabat

499 4958 716 5014 corpus,
748 4942 978 5011 fortique
1016 4945 1197 4999 animo
1249 4947 1299 4998 in
1346 4962 1593 5017 supernae
1618 4951 1917 5006 vocationis
1945 4966 2068 5005 sco-

500 5052 624 5104 pum
657 5037 956 5100 intendens,
1011 5038 1347 5102 decertabat,
1370 5040 1595 5095 subinde
1621 5043 1944 5110 provincias,
1978 5060 2068 5097 nr-

500 5132 595 5182 bes
624 5128 852 5182 subinde
904 5136 1135 5193 mutans,
1167 5139 1308 5183 terra
1359 5131 1626 5187 desudans
1661 5134 1869 5188 labores
1898 5145 2066 5202 atque

501 5220 819 5285 certamina,
868 5220 1143 5275 accinctus
1191 5222 1256 5274 ad
1293 5224 1459 5278 maris
1517 5226 1769 5292 pericula,
1822 5226 1966 5278 clare
2005 5241 2067 5278 ac

502 5312 703 5365 diserte
723 5329 885 5370 orans
915 5317 981 5370 ad
1011 5316 1301 5371 frementes
1343 5318 1584 5387 populos,
1610 5316 1882 5382 iudicibus
1911 5316 2063 5371 iratis

502 5402 862 5471 satisfaciens,
892 5405 1142 5465 Hebraeos
1168 5412 1235 5464 ad
1264 5410 1464 5465 Christi
1504 5409 1828 5478 agnitionem
1856 5422 1885 5460 a
1913 5406 2064 5462 Scri-

502 5493 678 5561 pturis
703 5494 977 5564 imlucens,
1005 5514 1137 5568 quas
1185 5500 1256 5553 illi
1289 5500 1341 5552 in
1386 5500 1556 5567 pretio
1594 5498 1851 5554 haberent
1878 5496 2065 5563 ;Gr:e-

577 5705 621 5742 ⁸²
642 5707 763 5762 Act.
799 5723 907 5773 ενι,
938 5707 1008 5761 27’.
1033 5726 1152 5778 sqq.
1233 5713 1274 5743 ’³
1302 5713 1424 5785 Leg.
1459 5714 1569 5769 τόν.

2178 4506 2357 4554 στους,
2391 4490 2484 4544 καὶ
2527 4491 2704 4563 ριςρεὶς
2745 4492 2804 4545 ὲν
2845 4492 3190 4563 προαστείοις
3230 4492 3330 4562 τῆς
3362 4491 3569 4554 πόλεως
3608 4489 3757 4543 ὲκεί-

2174 4600 2294 4654 νης,
2328 4585 2392 4655 ἣν
2423 4584 2801 4654 ὲμυσταγώγει
2834 4585 2969 4656 πρὸς
2999 4585 3096 4656 τὴν
3126 4584 3432 4648 εὐσέϐειαν,
3475 4581 3757 4653 νομισθεὶς

2172 4678 2229 4730 δὲ
2264 4680 2356 4732 καὶ
2381 4679 2629 4732 τεθνάναι
2666 4679 2753 4732 διὰ
2778 4679 2839 4733 τὸ
2875 4679 3102 4750 μέγεθος
3134 4678 3242 4732 τῶν
3270 4676 3478 4742 δεινῶν,
3500 4678 3566 4746 τῇ
3593 4676 3757 4729 ὐστε-

2175 4772 2305 4842 ραίᾳ
2328 4771 2427 4842 τὴν
2454 4771 2667 4844 ἀγορὰν,
2690 4771 3032 4835 καταλαϐὼν,
3068 4770 3161 4822 καὶ
3194 4769 3292 4841 τὴν
3323 4766 3505 4833 δεξιὰν
3533 4766 3758 4836 προτεί-

2171 4879 2289 4925 νας.
2326 4862 2487 4915 πάλιν
2517 4862 2790 4915 ἐδίδασκεν
2812 4863 2935 4925 τοὺς
2966 4862 3132 4932 ἐγγὺς
3160 4862 3468 4930 ἀγαγόντας
3493 4858 3756 4912 θανάτοψ

2170 4954 2343 5016 οὓτως
2374 4953 2526 5006 οὐδὲν
2551 4952 2697 5024 αὐτῷ
2730 4952 2823 5006 τοῦ
2861 4954 3109 5025 σώματος
3147 4952 3388 5025 ἔμελλεν’
3413 4952 3548 5022 πρὸς
3577 4950 3636 5003 δὲ
3657 4949 3757 5003 τὸν

2173 5044 2374 5098 σκοπὸν
2407 5043 2622 5113 βλέπων
2656 5044 2754 5115 τῆς
2787 5044 2899 5098 ἄνω
2940 5044 3205 5115 κλήσεως,
3251 5042 3515 5114 καρτερὸς
3546 5040 3757 5110 ἠγωνί-

2171 5137 2311 5201 ζετο,
2348 5135 2531 5206 χώραν
2580 5137 2643 5189 ἐκ
2689 5136 2871 5208 χώρας
2910 5136 3174 5206 ἀμείϐων,
3216 5135 3369 5189 πόλιν
3412 5136 3475 5188 ἑκ
3514 5131 3756 5197 πόλεως,

2171 5231 2281 5290 τοῖς
2313 5229 2453 5293 κατᾷ
2498 5229 2601 5299 γῆν
2638 5230 2820 5292 πόνοις
2860 5229 3116 5292 ὲναθλῶν,
3146 5228 3282 5300 πρὸς
3313 5227 3438 5290 τοὺς
3472 5224 3757 5288 κινδύνους

2171 5322 2296 5383 τοὺς
2356 5321 2421 5373 ἐκ
2474 5319 2743 5392 θαλάττης
2796 5322 3291 5393 παραταττόμενος,
3360 5318 3495 5391 πρὸς
3544 5316 3758 5388 δήμους

2173 5412 2542 5481 φρεμένοντας
2566 5416 2583 5433 ⁴
2610 5412 2918 5484 ρητορεύων
2936 5411 3138 5479 σαφῶς,
3156 5410 3436 5472 δικασταῖς
3465 5408 3763 5480 ὀργιζομέ-

2170 5522 2278 5569 νοις
2311 5507 2764 5577 ἀπολογούμενος·
2811 5506 3094 5579 Ἐϐραίους
3129 5505 3336 5573 ὲνάγων
3374 5505 3454 5568 είς
3491 5500 3594 5568 τὴν
3625 5499 3753 5554 ὲπὶ-
