4034 6204
266 274 353 332 295
1113 272 1395 331 HOMILIA
1436 274 1567 330 VIII.
1610 275 1679 329 IN
1714 273 1815 331 SS.
1860 273 2153 332 PETRUM-
2185 275 2270 330 ΕΤ
2308 275 2624 333 PAULUM.

3401 281 3508 337 ΞΜ

263 412 444 463 γνωσιν
464 395 561 448 τοῦ
584 395 846 466 Χριστοῦ,
872 396 961 450 διά
994 396 1101 450 τῶν
1131 399 1261 469 παρ’
1295 398 1478 461 αὐτοῖς
1500 394 1826 467 τιμωμένων

1930 410 2021 449 cos
2046 395 2284 450 externis
2315 410 2379 451 ac
2412 395 2650 465 profanis
2680 395 2939 451 doctrinis
2981 393 3285 457 inﬂectens,
3309 408 3373 449 ac
3404 411 3507 449 na-

263 504 393 558 γραμ
406 487 593 557 μάτων
612 505 628 520 ο
656 488 926 558 Ἕλληνας
955 492 1071 554 τοῖς
1098 490 1295 555 ἔξωθεν
1326 488 1593 542 δυσωπῶν
1621 487 1822 556 λόγοις,

260 580 489 641 καὶτοῖς
521 577 786 649 ἀγράφοις
817 579 1005 651 νόμοις
1044 579 1144 652 τῆς
1180 579 1422 649 φύσεως·
1469 579 1827 650 Χριστιανοὺς

262 669 511 741 βεϐαιῶν·
541 669 908 741 προσηλῦτους
949 671 1268 742 οἰκοδομῶν,
1312 670 1407 726 καὶ
1452 670 1667 742 τρέφων
1712 671 1827 733 τοῖς

260 763 587 835 προσφόροις
609 763 954 833 διδάγμασιν,
974 763 1059 828 ὡς
1084 764 1379 836 φυτουργοὶ
1422 763 1491 818 τὰ
1521 764 1691 835 νεαρά
1714 763 1827 818 τῶν

261 856 457 926 φυτῶν,
500 859 563 926 τῇ
602 856 906 928 συμμέτρῳ
957 857 1053 911 καὶ
1096 856 1434 929 πεφεισμένῃ
1468 857 1575 911 τῶν
1619 856 1827 911 ὑδάτων

1925 494 2066 540 tura:
2093 485 2302 556 legibus
2334 501 2437 541 non
2475 486 2713 556 scriptis,
2767 486 3098 541 conﬁrmans
3146 484 3506 549 ChriStiauos.

1928 577 2232 649 proselytas
2278 588 2333 633 et
2390 578 2482 648 qui
2543 578 2663 633 tldei
2720 576 3086 634 accessissent
3121 575 3415 641 aediﬁcans,
3444 591 3510 631 ac

1927 669 2183 738 congruis
2212 668 2473 724 doctrinis
2503 669 2675 734 alens,
2705 669 2781 722 uti
2838 678 3047 723 satores
3099 666 3335 722 novellas
3359 668 3509 737 plan-

1932 771 2035 826 tas,
2074 764 2354 817 moderato
2403 778 2464 817 ac
2500 762 2764 831 castigato
2795 776 3057 830 aquarum
3093 760 3295 815 inlluxu
3325 761 3511 815 fovent

1928 869 1991 908 ac
2015 863 2281 910 recreant.
2337 853 2487 922 Quod
2528 868 2656 908 vero
2711 852 2827 919 ejus
2880 853 3113 907 maxime
3136 851 3246 906 vim
3294 851 3507 909 dicendi

255 947 502 1017 ἐπιρροῇ.
540 948 606 999 Ὅ
642 946 704 1000 δὲ
751 947 985 1017 μάλιστα
1025 946 1297 1001 δείκνυσιν
1338 947 1505 1002 αὑτοῦ
1536 948 1636 1019 τὴν
1665 950 1723 1004 ἐν
1747 948 1828 1003 λό-

1930 943 2192 1009 ostendit,
2219 942 2273 998 id
2305 958 2434 998 vero
2457 942 2844 1022 perdiscamus.

254 1054 367 1106 γοις
392 1038 567 1107 ισχὺν,
592 1036 1034 1108 «καταμάθωμεν.

328 1128 572 1198 Ἀθῆναι,
605 1128 762 1191 πόλις
809 1130 955 1182 ἐστὶν
991 1128 1384 1201 προκαθημένη
1429 1129 1527 1201 τῆς
1583 1131 1823 1201 Ἀχαΐας,

250 1219 397 1273 ἑστία
439 1219 639 1287 λόγων,
688 1218 765 1282 ὼς
818 1221 1078 1290 προεῖπον
1122 1219 1290 1291 αὐτὴν
1337 1222 1386 1273 οἱ
1428 1221 1822 1293 εὐφημοῦντες,

251 1310 422 1380 σοφῶν
446 1309 664 1381 ἀνδρῶν
691 1309 786 1363 καὶ
810 1310 919 1363 τῶν
950 1312 1007 1363 ἐν
1034 1311 1213 1381 λόγοις
1240 1311 1459 1376 ζώντων
1485 1312 1713 1366 παλαιὸν
1734 1316 1825 1386 ἐρ-

252 1403 561 1474 γαστήριον.
607 1403 761 1455 Ἐπεὶ
778 1404 956 1473 τοίνυν
976 1405 1005 1456 ό
1030 1401 1236 1466 Παῦλος
1265 1403 1326 1455 τὸ
1364 1402 1654 1474 Ἰλλυρικὸν
1680 1404 1825 1458 ἅπαν

248 1495 575 1567 διαδραμὼν,
606 1497 702 1550 καὶ
731 1496 1007 1567 πανταχοῦ
1041 1496 1201 1569 ῥίψας
1227 1497 1353 1561 τοὺς
1382 1497 1686 1569 σπινθῆρας
1726 1499 1826 1571 τῆς

250 1588 498 1652 πίστεως,
532 1587 630 1652 οὓς
666 1589 727 1642 τὸ
756 1588 983 1660 Πνεῦμα
1018 1588 1352 1659 παραλαϐὼν
1384 1590 1704 1662 άνερρίπιζε
1732 1593 1827 1646 καὶ

248 1678 553 1743 ἀσϐέστους
575 1681 782 1752 ἐτήρει,
802 1675 936 1752 ἦλθε
963 1681 1105 1735 κατά
1129 1681 1230 1753 τὴν
1258 1680 1447 1753 χρείαν
1461 1683 1558 1753 τῆς
1575 1683 1822 1756 περιόδου

2000 1124 2246 1193 Athenae,
2271 1125 2403 1180 urbs
2447 1133 2530 1181 est
2555 1125 2776 1180 Achaiae
2804 1123 3086 1194 primaria,
3136 1125 3505 1181 doctrinarum

1926 1219 2102 1282 sedes,
2142 1219 2217 1271 uti
2272 1218 2401 1272 olim
2453 1217 2789 1272 laudatorum
2843 1232 2940 1272 ore
2983 1218 3178 1273 meruit
3225 1218 3508 1282 celebrari,

1932 1308 2169 1363 virorum
2194 1310 2523 1377 sapientum,
2557 1324 2620 1364 ac
2645 1309 2947 1363 litterarum
3000 1310 3286 1364 colentium
3310 1310 3505 1369 studia.

1927 1403 2146 1473 antiqua
2171 1402 2408 1457 oIIicina.
2444 1402 2579 1469 Quia
2626 1417 2757 1474 ergo
2788 1402 2987 1458 Paulus
3025 1412 3193 1457 totum
3237 1401 3506 1473 Illyricum

1926 1506 2274 1560 percurrens,
2329 1506 2393 1546 ac
2452 1491 2655 1561 ubique
2710 1506 2973 1562 spargens
3031 1492 3303 1548 scintillas
3363 1494 3507 1557 ﬁdei,

1928 1597 2065 1653 quas
2103 1599 2305 1653 auspex
2337 1582 2571 1653 Spiritus
2612 1584 2885 1640 excitabat
2915 1584 2980 1650 “,
3014 1586 3269 1655 vivasque
3297 1600 3511 1655 semper

1928 1677 2219 1741 servabat,
2272 1676 2583 1731 necessario
2616 1676 2843 1731 circuitu
2895 1676 2961 1729 ad
2993 1676 3265 1745 sapientes
3291 1690 3510 1745 quoque

246 1770 335 1823 καὶ
359 1770 499 1841 πρὸς
523 1748 874 1840 τοὺς-σοφοῦς
910 1748 1241 1844 Ἀθηναίους.
1258 1748 1602 1847 ’ᾖρᾶγμαῆν
1622 1748 1825 1846 πολλῆς

1930 1767 2288 1825 Athenienses
2320 1778 2579 1825 venerat:
2609 1783 2695 1823 res
2722 1779 2837 1824 erat
2867 1769 3030 1824 multa
3065 1770 3221 1840 digna
3250 1769 3510 1826 sollicitu-

248 1860 516 1932 μερίμνης
561 1861 733 1926 ἀξιον,
782 1861 901 1926 πῶς
938 1862 1004 1917 ἂν
1046 1865 1075 1917 ό
1121 1866 1497 1938 πηνορράφος
1534 1869 1660 1931 τοὺς
1697 1871 1827 1939 περὶ

243 1952 374 2005 Θεοῦ
424 1953 622 2021 λόγους
676 1954 907 2017 ἐκείνοις
951 1955 1408 2028 δημηγορήσειεν,
1453 1960 1568 2023 τοῖς
1615 1959 1826 2027 ἀξιοῦσι

245 2041 382 2096 κατά
399 2043 911 2099 -παιδείανσπάντων
935 2044 1054 2115 ἀμα
1086 2045 1389 2116 βασιλεύειν
1411 2046 1734 2120 ἀνθρώπων.
1766 2050 1827 2103 Ὀ

243 2134 298 2188 δέ
334 2135 561 2205 μεγέθει
602 2135 841 2206 φύσεως,
887 2136 983 2189 καὶ
1004 2136 1224 2208 πλούτῳ
1246 2137 1347 2209 τῆς
1378 2138 1583 2193 ἄνωθεν
1619 2139 1828 2211 δωρεᾶς

245 2224 632 2296 ἐπαιρόμενος,
659 2227 757 2296 οὐχ
794 2227 891 2280 ἕνα
926 2227 1043 2281 τῶν
1058 2229 1372 2297 ὑποστέγων
1397 2230 1575 2301 δόμων
1599 2231 1829 2285 κατέλα-

243 2315 361 2383 ϐεν,
409 2316 534 2370 οὐδὲ
586 2318 677 2389 ἐφ’
713 2317 832 2383 ἐνὸς
874 2320 1238 2391 ἐργαστηρίου
1286 2322 1535 2389 καθίσας,
1591 2323 1827 2389 διάλεξιν

243 2410 560 2481 ἐποιήσατο,
599 2411 678 2475 ώς
704 2410 966 2466 εἰώθεσαν
999 2411 1094 2467 καὶ
1120 2414 1167 2465 οι
1197 2413 1403 2484 πρῶτοι
1427 2414 1535 2469 τῶν
1560 2416 1689 2487 παρ’
1728 2417 1827 2469 αὑ-

241 2503 356 2565 τοῖς
411 2502 719 2571 φιλοσόφων
776 2507 1012 2558 συνεῖναι
1058 2508 1172 2569 τοῖς
1214 2505 1604 2576 πλησιάζουσιν
1625 2524 1639 2538 ·
1691 2507 1827 2562 ἀλλὰ

245 2591 384 2663 πρὸς
421 2592 513 2645 τὸν
540 2593 763 2663 Ἄρειον
798 2593 973 2662 πάγον
1012 2593 1363 2666 ἀναδραμὼν,
1394 2595 1521 2648 ἔνθα
1562 2590 1630 2667 ἦν
1664 2595 1827 2669 βουλὴ

246 2681 462 2754 σκληρά
489 2683 581 2736 καὶ
616 2683 899 2753 ἐπίφοϐος,
928 2688 1048 2749 ταῖς
1074 2688 1319 2755 φονικαῖς
1351 2687 1530 2749 δίκαις
1576 2687 1828 2753 δικάζου-

250 2787 337 2826 σα·
370 2773 542 2844 εὑρὼν
575 2773 637 2827 δὲ
672 2775 876 2846 πλῆθος
900 2776 1019 2829 ἐκεῖ
1051 2776 1460 2847 συνειλεγμένον
1496 2778 1656 2841 πολὺ,
1696 2777 1827 2843 στάς

253 2858 577 2932 ἐδημηγόρει
638 2863 778 2934 ὑπὲρ
827 2863 952 2924 τοὺς
993 2862 1187 2928 ἐθάδας
1233 2866 1489 2936 ῥήτορας,
1536 2865 1663 2930 τοὺς
1703 2866 1824 2920 καθ’

255 2952 459 3025 ἡμέραν
501 2955 634 3027 παρ’
667 2956 851 3019 αὐτοῖς
891 2955 1345 3027 ἀγωνιζομένους.
1383 2955 1578 3012 Λαϐὼν
1625 2957 1683 3011 δὲ
1727 2957 1827 3029 τὴν

262 3042 425 3154 ἐρχὴν
474 3042 534 3108 ἐξ
572 3046 1016 3115 ἐπιγράμματος,
1069 3046 1207 3116 ὅπερ
1239 3040 1307 3117 ἦν
1352 3046 1825 3119 έγκεκολαμμένον
1852 3093 1898 3154 c

267 3133 442 3207 βωμῷ,
498 3136 754 3190 κάκεῖθεν
809 3138 994 3198 αὐτοῖς
1057 3137 1385 3210 εὐαφόρμως
1428 3138 1520 3192 τὸν
1554 3139 1827 3208 ἄγνωστον

271 3226 615 3295 καταγγείλας
650 3226 804 3292 θεὸν,
852 3229 946 3282 καὶ
978 3228 1268 3299 σύμπαντα
1321 3229 1415 3281 τὸν
1427 3229 1581 3299 λόγον
1630 3246 1831 3301 συμπεο

271 3316 587 3389 ρανάμενος,
620 3319 875 3373 τοσοῦτον
938 3320 1145 3391 ἀπέσχε
1200 3319 1298 3374 τοῦ
1360 3320 1436 3384 ώς
1478 3319 1692 3393 ἰδιώτης
1728 3322 1828 3392 τῆς

269 3404 451 3471 ἔξωθεν
483 3410 673 3478 σοφίας
705 3409 1028 3481 διαμαρτεῖν
1053 3411 1259 3481 στιλπερ)⁸
1294 3411 1421 3473 τοὺς
1444 3408 1653 3479 λόγους,
1687 3409 1828 3464 ὥστε

263 3498 349 3550 τὸν
371 3504 659 3572 κορυφαῖον
689 3502 799 3556 τῶν
843 3502 1243 3573 Ἀρεοπαγιτῶν
1268 3501 1358 3555 τὸν
1384 3501 1678 3567 Διονύσιον,
1713 3501 1829 3572 ἅμα

266 3589 362 3659 μὲν
402 3594 465 3663 τῇ
501 3594 720 3661 γυναικὶ
750 3592 943 3656 πείσας
976 3593 1294 3664 μετέστησε,
1325 3594 1417 3646 καὶ
1450 3593 1545 3646 τοῦ
1591 3593 1827 3665 Χριστοῦ

259 3683 544 3753 είργάσατο
574 3684 782 3748 δοῦλον,
825 3685 883 3751 ἐξ
925 3684 1041 3748 ἐνὸς
1085 3684 1294 3756 βωμοῦ,
1342 3687 1437 3739 καὶ
1481 3687 1680 3759 μικροῦ
1711 3688 1829 3740 ἐπι-

258 3776 598 3846 γράμματος,
636 3777 847 3831 πολλῶν
874 3778 1191 3849 ἀποστήσας
1225 3777 1443 3849 βωμῶν.

194 4042 207 4050 ’
318 4037 604 4093 Κατελθὼν
666 4039 724 4093 δὲ
787 4040 1013 4110 νικητὴς
1083 4038 1330 4104 ἐκεῖθεν,
1361 4024 1367 4029 ’
1401 4038 1530 4093 ἔνθα
1598 4039 1830 4112 μάλιστα

247 4133 433 4202 ῐσχυεν
452 4131 481 4183 ό
506 4131 803 4202 πολεμικὸς
835 4130 945 4183 τῶν
989 4130 1254 4203 Ἐλλήνων
1281 4129 1509 4207 δαίμων,
1538 4132 1746 4185 ἐκεῖθεν
1774 4131 1831 4186 δὲ

245 4223 491 4295 μεταϐὰς
517 4226 653 4294 πρὸς
676 4224 777 4294 τὴν
805 4223 1023 4293 γείτονα
1045 4224 1200 4278 πόλιν
1223 4223 1320 4294 τὴν
1347 4223 1632 4295 Κόρινθον,
1666 4220 1829 4279 οὖσαν

241 4316 343 4388 τῆς
387 4316 607 4385 Ἀχαΐας
634 4314 987 4387 μητρόπολιν,
1020 4315 1117 4369 καὶ
1167 4314 1406 4385 λαλήσας
1454 4317 1512 4368 ἐν
1554 4318 1675 4379 ταῖς
1705 4332 1831 4369 συν·-

1930 1860 2054 1915 dinc
2090 1878 2104 1916 :
2142 1874 2248 1930 qua
2272 1875 2401 1917 vero
2428 1862 2636 1916 ratione
2666 1863 2930 1917 coriarius
2952 1863 3133 1928 homo,
3168 1877 3264 1933 pro
3288 1864 3508 1919 concio-

1931 1964 1998 2004 ne
2041 1951 2107 2005 dc
2164 1952 2272 2006 Deo
2327 1953 2467 2021 apud
2506 1966 2600 2006 eos
2634 1963 2887 2007 oraturus
2923 1962 3088 2017 esset,
3136 1954 3237 2022 qui
3255 1955 3511 2010 universo

1931 2042 2089 2096 simul
2125 2043 2361 2097 hmnano
2390 2046 2598 2114 generi,
2629 2054 2687 2100 ut
2746 2046 3105 2100 eruditionem
3137 2054 3369 2116 spectes,
3415 2046 3511 2101 do-

1932 2135 2125 2189 minari
2160 2134 2364 2191 vellent
2388 2137 2416 2190 Ἰ
2440 2137 2528 2191 Ille
2580 2137 2927 2193 nihilominus
2951 2137 3114 2192 animi
3146 2152 3208 2193 ac
3228 2137 3369 2208 genii
3398 2151 3511 2192 ma-
3617 2184 3625 2197 ς

1928 2227 2229 2296 guitudine,
2261 2229 2590 2299 supernique
2608 2230 2733 2284 doni
2755 2230 2935 2285 ‘Iretus
2960 2230 3188 2297 divitiis,
3213 2244 3316 2284 non
3345 2244 3506 2283 unam

1930 2319 2167 2387 aliquam
2229 2321 2389 2389 petiit
2429 2321 2871 2391 subtegnlaneam
2929 2323 3172 2386 domum,
3231 2330 3391 2374 autve
3454 2320 3510 2375 in

1929 2412 2160 2479 quadam
2193 2411 2403 2467 ofﬁcina
2442 2413 2655 2478 sedens,
2706 2413 2979 2481 disputare
3028 2412 3211 2480 coepit,
3240 2411 3511 2479 quomodo

1932 2504 2096 2558 etiam
2132 2504 2290 2573 primi
2325 2519 2388 2557 ac
2437 2503 2690 2573 praecipui
2740 2506 2876 2573 apud
2900 2518 2993 2559 eos
3020 2503 3346 2572 philosophi,
3386 2517 3507 2557 cuiu

1931 2596 2017 2660 iis,
2061 2595 2150 2664 qui
2185 2596 2464 2665 propiores
2524 2596 2765 2661 adibant,
2806 2608 3169 2649 consuescere
3228 2593 3507 2659 solebant;

1930 2688 2021 2742 sed
2044 2688 2109 2741 ad
2144 2688 2319 2757 ipsum
2378 2686 2719 2757 Areopagum
2772 2701 3090 2751 excurrens,
3140 2686 3231 2740 ubi
3289 2700 3510 2741 severus

1930 2780 2147 2848 quidam
2178 2795 2241 2834 ac
2256 2778 2623 2835 “formidabilis
2652 2790 2892 2843 senatus,
2918 2778 3174 2848 capitales
3207 2792 3399 2834 causas
3424 2778 3509 2848 jn-

1931 2871 2139 2939 dicans,
2167 2873 2411 2936 sedebat,
2463 2873 2790 2941 inventaque
2822 2871 2952 2940 ,illic
3011 2870 3237 2929 collecta
3292 2868 3509 2939 c0piosa

1930 2962 2274 3019 multitudine
2305 2972 2481 3027 stans,
2515 2961 2730 3033 publica
2776 2961 3041 3016 concione
3074 2966 3358 3013 consuetos
3388 2972 3506 3012 ora-

1933 3064 2075 3110 tmes
2111 3055 2382 3120 vincebat,
2404 3069 2633 3125 quorum
2669 3054 2807 3122 apud
2858 3067 2951 3106 eos
2981 3052 3300 3120 eloquentia:
3330 3059 3506 3106 certa-

1934 3147 2076 3200 min’a
2130 3145 2368 3215 quotidie
2421 3154 2596 3199 erant.
2659 3143 2830 3198 Ducto
2863 3152 3039 3196 autem
3075 3140 3299 3196 exordio
3328 3141 3395 3194 ab
3424 3140 3506 3194 in-

1930 3236 2249 3309 scriptione,
2280 3252 2398 3305 qua:
2425 3236 2579 3290 altari
2617 3235 2882 3304 insculpta
2917 3244 3056 3299 erat,
3091 3232 3315 3303 ejusque
3349 3247 3508 3287 occa-

1929 3330 2083 3385 sione
2116 3331 2357 3399 ignotum
2390 3329 2471 3383 eis’
2503 3329 2669 3383 Deum
2715 3336 3013 3396 opportune
3069 3324 3422 3388 annuntians,
3449 3338 3511 3379 ac

1930 3424 2146 3476 demum
2185 3430 2294 3475 tota
2358 3419 2603 3475 absoluta
2659 3418 2925 3484 oratione,
2982 3426 3188 3470 tantum
3247 3415 3400 3470 abest
3454 3425 3511 3468 at

1931 3514 2093 3567 itliota
2126 3513 2214 3568 ille
2241 3528 2306 3568 ac
2336 3514 2503 3575 rudis,
2543 3513 2684 3583 quod
2737 3512 2804 3565 ad
2855 3519 3133 3565 externam
3188 3508 3508 3578 sapientiam

1930 3615 2155 3673 spectat,
2181 3604 2380 3675 aliquid
2449 3603 2678 3658 direntlo
2727 3602 3054 3671 peccaverit,
3090 3603 3329 3655 utetiam
3356 3614 3510 3655 sena-

1932 3708 2017 3751 tus
2046 3697 2305 3766 ejusmodi
2332 3696 2629 3765 principem
2682 3694 3018 3762 Dionysium,
3060 3708 3165 3745 una
3199 3708 3320 3747 cum
3345 3708 3512 3747 uxore

1936 3787 2099 3841 uictis
2127 3787 2561 3856 acquiescentem
2598 3786 2950 3847 converterit,
2981 3799 3045 3837 ac
3065 3783 3265 3837 Christi
3292 3799 3509 3838 servum

1930 3876 2275 3945 cﬂeceritLab
2302 3892 2407 3932 uno
2423 3876 2579 3930 altari
2606 3891 2670 3930 ac
2691 3890 2853 3944 parva
2880 3875 3110 3944 quadam
3141 3873 3509 3944 inscriptione,

1934 3988 1961 4025 a
2001 3969 2296 4024 multorum
2328 3969 2589 4037 religione
2615 3966 2866 4019 altarium
2891 3974 3162 4019 avertens.

2001 4061 2129 4116 Inde
2159 4076 2289 4115 vero
2323 4061 2497 4115 victor
2546 4058 2783 4123 rediens,
2834 4057 2923 4111 ubi
2957 4058 3189 4111 maxime
3220 4055 3371 4111 fortis
3395 4065 3512 4113 erat

1931 4153 2158 4208 bellicus
2212 4151 2493 4222 gentilium
2559 4152 2791 4211 dmmon,
2819 4165 2881 4204 ac
2912 4150 3035 4205 inde
3061 4150 3127 4202 ad
3157 4150 3387 4204 vicinam
3420 4165 3511 4202 ur-

1932 4246 2052 4299 bent
2077 4246 2395 4301 Corinthum
2456 4243 2747 4306 transiens,
2781 4228 2996 4296 Achaiae
3033 4241 3391 4309 metropolim,
3433 4239 3511 4294 lo.

1932 4353 2210 4408 quousque
2246 4339 2298 4392 in
2353 4337 2647 4408 syuagngis
2687 4336 2987 4399 doctrinam
3033 4333 3348 4399 salutarem,
3379 4332 3511 4386 abiit

237 4408 493 4475 αγωγαῖς
518 4405 579 4457 τὸ
608 4406 877 4477 σωτήριον
899 4404 1154 4476 δίδαγμα,
1178 4403 1349 4475 ᾤχετο
1377 4404 1526 4474 ἄγων
1555 4407 1830 4478 προσήλυ-

1934 4430 2185 4499 adjuncto
2227 4430 2368 4495 ﬁdei,
2432 4444 2535 4483 non
2578 4443 2683 4483 uno
2717 4426 2898 4495 aliquo
2940 4439 2969 4479 e
3003 4425 3206 4491 multis,
3242 4440 3336 4480 seu
3367 4424 3507 4495 vulgi

236 4514 354 4557 ταν,
388 4496 487 4566 οὐχ
512 4495 610 4550 ἒνα
641 4497 751 4549 τῶν
783 4496 1016 4561 πολλῶν,
1040 4498 1162 4551 οὐδὲ
1194 4498 1303 4551 τῶν
1326 4500 1709 4570 ἐπιτυχόντων,
1736 4502 1831 4556 ἀλ-

237 4587 309 4640 λὰ
340 4589 507 4640 αὑτὸν
530 4588 621 4640 τὸν
651 4589 1121 4659 ἀρχισυνάγωγον,
1155 4592 1291 4660 μετα
1318 4592 1413 4645 τοῦ
1447 4593 1650 4657 παντὸς
1678 4593 1830 4667 πλή-

135 4680 147 4695 ⁸
237 4678 375 4742 θους
393 4679 495 4749 τῆς
516 4680 710 4746 οἰκίας*
741 4681 837 4735 καὶ
866 4684 1096 4750 νικήσας
1130 4682 1239 4736 άπὸ
1260 4685 1504 4756 κορυφῆς
1525 4684 1615 4738 τὸν
1641 4686 1825 4756 νόμον,

235 4770 347 4824 καὶ
381 4770 680 4838 μεγαλῦνας
706 4772 799 4826 τὸν
828 4774 1080 4845 σταυρὸν,
1114 4773 1190 4838 ὼς
1220 4775 1420 4846 ὑψηλὸν
1440 4777 1717 4848 τρόπαιον,
1744 4778 1828 4831 οὓ-

233 4880 325 4916 τω
367 4861 622 4934 κάκείνην
651 4865 838 4935 ἀφῆκε
865 4866 965 4937 τὴν
993 4866 1168 4930 πόλιν,
1200 4867 1277 4938 τῷ
1301 4869 1521 4941 Χριστῷ
1548 4870 1827 4941 ὑποκύψα-

234 4973 369 5010 ωαν.
402 4953 512 5008 Τοῦ
535 4956 586 5009 δὲ
611 4959 807 5029 χρόνου
837 4959 1138 5031 προϊόντος,
1168 4962 1263 5014 καὶ
1289 4961 1384 5015 τοῦ
1418 4960 1578 5030 λόγου
1606 4963 1704 5034 τῆς
1728 4965 1835 5017 εὐ-

234 5048 466 5114 σεϐείας
490 5051 951 5122 προσκόπτοντος,
981 5051 1172 5123 ὥσπερ
1202 5070 1288 5117 τις
1319 5055 1622 5128 στρατηγὸς
1659 5056 1831 5109 διετέ-

231 5143 339 5196 λει·
374 5140 806 5213 προσκτώμενος
843 5143 921 5213 τῷ
973 5144 1185 5215 βασιλεῖ
1218 5144 1341 5199 καθ’
1372 5146 1585 5217 ἡμέραν
1626 5149 1830 5215 πόλεις,

233 5234 458 5304 κώμας,
488 5233 717 5304 ἀγροὺς,
758 5234 1083 5289 ὑποκόπτων
1120 5237 1189 5291 τὰ
1223 5236 1390 5309 νεῦρα
1439 5240 1532 5292 τοῦ
1566 5241 1833 5314 πρότερον

230 5326 576 5400 κρατοῦντος
600 5328 891 5398 τυράννου.

296 5417 599 5489 Μετῆλθεν
629 5415 723 5474 οῦν
757 5423 822 5474 ἐκ
849 5420 1117 5494 Κορίνθου
1153 5422 1288 5494 πρὸς
1316 5423 1415 5496 τὴν
1458 5424 1566 5479 τῶν
1598 5426 1831 5480 Πισίδων

227 5508 448 5582 χώραν,
485 5504 606 5563 εἶτα
628 5511 732 5581 τὴν
756 5511 1061 5566 Λυκαονίαν
1090 5512 1306 5576 καὶτὰς
1332 5514 1432 5586 τῆς
1461 5515 1700 5587 Φρυγίας
1728 5518 1826 5570 πό-
1847 5499 1873 5525 ’

302 5706 505 5763 “Act.
532 5724 665 5775 xm,
698 5711 766 5765 16
790 5727 943 5783 seqq.
1023 5713 1070 5744 "
1091 5713 1211 5767 Act.
1245 5729 1396 5781 xvm,
1428 5713 1480 5769 8.

1936 4521 2185 4587 homine,
2216 4536 2405 4575 verum
2460 4520 2699 4590 principe
2761 4520 2874 4589 ipso
2905 4518 3203 4589 Synagogae
3245 4533 3366 4573 cum
3401 4528 3507 4571 tota

1935 4613 2094 4668 domo
2125 4613 2191 4676 ¹’⁸,
2248 4624 2411 4675 atque
2468 4626 2495 4663 a
2536 4610 2740 4664 vertice
2795 4609 2921 4677 legis
2979 4609 3172 4671 victor,
3242 4621 3510 4674 crucequc

1933 4701 2170 4766 sublimi,
2211 4701 2383 4756 instar
2426 4700 2608 4768 tropaei
2652 4699 2940 4769 magniﬁce
2990 4698 3150 4760 elata,
3186 4695 3264 4751 sic
3297 4708 3511 4765 quoque

1933 4793 2075 4846 illam
2107 4794 2324 4861 reliquit
2347 4793 2616 4847 civitatem
2643 4791 2856 4846 Christo
2879 4805 2937 4845 se
2962 4790 3326 4844 inclinantem.
3351 4786 3511 4840 Tem-

1935 4885 2082 4953 poris
2119 4896 2297 4939 autem
2350 4900 2630 4955 processu,
2666 4899 2730 4939 ac
2754 4884 2971 4954 pietatis
3014 4897 3264 4938 sermone
3294 4892 3505 4950 promo-

1940 4987 2118 5042 vente,
2156 4978 2298 5033 velut
2333 4979 2438 5031 dux
2486 4978 2704 5047 quidam
2739 4975 2963 5031 eﬂ'ectus
2992 4984 3095 5035 est,
3148 4971 3257 5041 regi
3288 4971 3342 5025 in
3373 4969 3507 5033 dies,

1937 5072 2119 5137 nrbes,
2150 5071 2366 5141 oppida,
2414 5085 2573 5140 agros
2626 5070 2940 5141 acquirens;
3008 5081 3201 5122 nervos
3249 5052 3313 5121 ac
3347 5064 3509 5120 robur

1936 5162 2086 5232 prius
2118 5162 2444 5217 dominantis
2470 5163 2685 5234 tyranni
2725 5162 3028 5217 succidens.

2001 5425 2137 5479 Tum
2186 5440 2316 5483 vero
2359 5425 2621 5483 Corintho
2673 5425 2891 5481 transiit
2943 5423 3241 5491 Pisidiam,
3280 5425 3508 5496 deinque

1930 5515 2254 5588 Lycaoniam
2288 5532 2350 5571 ac
2391 5517 2634 5589 Phrygia:
2674 5517 2834 5572 nrbes
2864 5524 3078 5587 petens,
3114 5530 3178 5572 ac
3206 5515 3328 5571 inde
3368 5515 3507 5571 invi-
