4048 6194
498 242 607 300 995

1765 231 1841 285 Sa
1864 229 2134 284 ASTERII
2175 228 2479 284 AMASENI

3641 231 3757 288 296

500 372 627 413 sens
658 355 871 417 Asiam,
904 350 1350 422 postmodumque
1399 345 1787 409 Macedoniam,
1836 328 2090 399 continu;

2192 352 2290 407 ist;
2333 343 2675 411 καταλαϐὼν,
2723 344 2974 397 κάκεῖθεν
3008 344 3103 416 τὴν
3153 342 3336 396 Ἀσίαν
3381 344 3759 416 ἐπισκεψάμε-

504 452 588 507 nis
631 455 751 504 erat
771 446 916 515 orbi_s
961 453 1225 498 terrarum
1259 443 1447 496 doctor
1477 453 1707 493 :.coram
1742 437 1957 506 quidem
1981 451 2076 504 po-

501 542 634 596 sitos
663 553 912 595 sermone
942 535 1158 603 iuvans.
1194 534 1448 589 absentes
1472 545 1600 589 vero
1626 539 1949 587 convertens
1983 544 2077 598 per

502 629 791 695 Epistolas.
825 626 982 681 Solus
1008 626 1095 679 ille
1126 634 1233 688 est,
1265 623 1420 694 cujus
1447 636 1719 693 nunquam
1751 636 1925 692 genua
1953 635 2076 674 cum

501 735 713 789 semper
753 720 853 773 iter
890 724 1073 785 ageret
1107 724 1235 770 sunt
1263 714 1495 780 lassata;
1528 728 1591 769 ac
1622 728 1720 768 nec
1754 712 1933 782 lingua
1970 720 2078 764 tor-

504 810 637 878 puit.
691 807 834 862 nulla
878 807 1063 876 requie
1104 807 1170 861 ad
1219 805 1401 860 hostes
1444 819 1509 859 ac
1555 806 1760 858 amicos
1807 800 2079 871 Evangelii

504 899 757 969 mysteria
786 912 1069 953 enarrans.
1099 896 1179 951 Ac
1230 897 1447 966 quidem
1507 896 1627 951 talis
1675 893 1875 949 Paulus
1938 892 2080 961 quod

508 999 715 1061 spectat
744 991 810 1045 ad
838 990 1175 1054 doctrinam;
1209 989 1350 1058 quod
1379 997 1559 1042 autem
1602 988 1669 1040 ad
1708 986 1966 1054 reliquam
2004 986 2082 1038 vi-

505 1093 573 1137 tae
612 1082 1024 1152 philosophiam,
1061 1080 1238 1150 qualis
1288 1080 1461 1149 rogo?
1494 1080 1587 1148 qui
1629 1094 1841 1148 semper
1866 1076 2084 1148 iugiter—

503 1190 609 1244 quc
650 1173 908 1229 doctrina:
945 1174 1214 1237 assiduus,
1261 1187 1327 1227 ac
1370 1171 1663 1241 Evangelia
1705 1170 1968 1233 serviens,
2017 1183 2083 1222 ne

505 1281 697 1336 panem
746 1264 960 1334 quidem
1015 1264 1083 1318 ab
1136 1263 1317 1333 aliquo
1370 1264 1540 1333 gratis
1593 1260 1912 1327 referebat;
1952 1260 2081 1330 quin

507 1357 738 1413 interdiu
783 1358 997 1427 quidem
1044 1357 1302 1411 adversus
1340 1363 1628 1410 sexcentos
1672 1356 1851 1409 hostes
1900 1362 2079 1408 certa-

506 1466 627 1503 men
658 1450 904 1514 habebat,
942 1458 1101 1503 noctu
1140 1462 1288 1514 vero,
1332 1446 1670 1515 scalpellum,
1706 1444 1999 1515 pellesque.
2020 1458 2083 1498 ac

505 1542 640 1595 artis
693 1544 943 1595 versabat
999 1555 1155 1609 opus,
1207 1548 1265 1592 ut
1319 1552 1589 1592 annonam
1647 1537 1770 1591 inde
1840 1550 1906 1590 ac
1961 1535 2083 1588 vita:

507 1638 865 1683 commeatum
917 1638 1152 1697 pararet,
1206 1637 1264 1682 ut
1307 1627 1441 1682 nihil
1473 1640 1533 1680 se
1573 1641 1790 1695 gravem
1822 1624 2084 1694 praeberet

2180 452 2289 499 νος,
2316 431 2436 489 εἶτα
2463 435 2953 506 τὴν-Μακεδονίαν,
2981 436 3161 499 κοινὸς
3185 432 3256 506 ἦν
3286 436 3389 507 τῆς
3430 436 3761 507 οἰκουμένης

2178 525 2514 588 διδάσκαλος,
2556 525 2684 588 τοὺς
2722 525 2823 596 μὲν
2854 525 3162 597 ὁρωμένους
3189 527 3299 579 ἀπὸ
3329 524 3575 595 γλώττης
3610 526 3763 596 ὠφε-

2180 614 2307 680 λῶν,
2339 618 2465 679 τοὺς
2502 615 2558 669 δὲ
2598 614 2836 679 ἀπόντας
2872 615 2961 669 διὰ
2992 616 3102 669 τῶν
3141 616 3441 670 ἐπιστολῶν
3499 618 3761 689 ὲπιστρέο

2182 724 2313 776 φων·
2364 706 2527 778 μόνου
2560 706 2619 760 δὲ
2660 707 2892 771 ἐκείνου,
2923 708 2985 760 ού
3013 708 3142 776 γόνυ
3166 708 3404 779 ἔκαμνεν
3437 707 3621 763 ὁδεῦον
3644 710 3760 774 ἀεὶ,

2181 802 2242 853 ού
2276 800 2488 869 γλῶττα
2519 802 2743 871 ὲνάρκα.
2779 801 2918 874 πρὸς
2948 800 3175 873 ἐχθροὺς
3207 802 3302 855 καὶ
3324 802 3511 872 φίλους
3540 801 3767 856 ἀνελλι-

2183 892 2298 954 πῶς
2330 890 2604 957 διεξιοῦσα
2641 890 2734 946 τοῦ
2766 892 3099 962 Εύαγγελίου
3128 896 3421 966 μυστήρια.
3473 895 3633 950 Ἀλλά
3659 896 3766 969 τὴν

2186 984 2283 1055 μὲν
2315 983 2661 1038 διδασκαλίαν
2700 984 2960 1049 τοιοῦτος’
2992 986 3092 1058 τὴν
3117 986 3174 1040 δὲ
3196 986 3366 1057 ἄλλην
3389 986 3483 1040 τοῦ
3518 986 3635 1057 βίου
3665 1005 3767 1056 φι-

2182 1076 2458 1146 λοσοφίαν,
2484 1071 2599 1138 οἷος
2622 1074 2942 1147 ἄνθρωπος
2986 1078 3097 1130 Ἀεὶ
3121 1079 3217 1132 καὶ
3247 1079 3486 1148 συνεχῶς
3515 1077 3594 1148 τῷ
3616 1079 3772 1149 λόγῳ

2135 1166 2153 1184 ⁹
2183 1166 2629 1238 προσκαρτερῶν,
2685 1168 2779 1220 καὶ
2824 1168 2904 1238 τῷ
2951 1169 3283 1240 Εὑαγγελίῳ
3310 1169 3597 1233 δουλεύων,
3638 1169 3775 1223 οὐδὲ

2182 1260 2348 1327 ἄρτου
2375 1258 2584 1329 δωρεὰν
2619 1259 2769 1331 παρά
2793 1277 2939 1323 τινος
2960 1260 3266 1330 ἐκομίζετο·
3288 1261 3412 1314 ,ἀλλ’
3444 1262 3627 1333 ἡμέρα
3661 1262 3777 1331 μὲν

2182 1346 2294 1419 εἶχε
2344 1349 2436 1403 τὸν
2479 1350 2666 1419 ἀγῶνα
2703 1350 2795 1403 τὸν
2845 1350 2980 1422 πρὸς
3017 1351 3244 1422 μυρίους
3290 1352 3535 1425 ἐχθροὺς,
3569 1354 3667 1420 νὺξ
3705 1356 3773 1445 δῖ

2182 1443 2279 1513 τὴν
2308 1442 2525 1513 σμίλην,
2578 1444 2670 1497 καὶ
2707 1442 2775 1496 τὰ
2808 1444 3004 1513 σκύτη,
3045 1446 3139 1498 καὶ
3177 1444 3277 1514 τὴν
3310 1445 3417 1498 ἀπὸ
3444 1447 3543 1517 τῆς
3565 1442 3772 1518 τέχνηξ

2184 1533 2470 1603 ἐργασίαν
2513 1533 2579 1585 ἵν’
2604 1533 2811 1587 ἐκεῖθεν
2849 1532 2949 1606 ἔχῃ
2981 1534 3074 1588 τὸν
3105 1535 3469 1606 ἐπισιτισμὸν,
3506 1537 3772 1608 φαίνηται

2183 1622 2240 1677 δὲ
2262 1624 2429 1676 πᾶσιν
2460 1623 2771 1696 ἀνεπαχθὴς
2797 1623 3114 1690 ἀπόστολος,
3145 1624 3420 1690 ἀδάπανος
3448 1625 3645 1697 κῆρυξ,
3671 1629 3774 1681 καὶ

506 1720 832 1789 apostolum,
864 1730 919 1772 ut
947 1720 1354 1790 praedicatorem
1382 1717 1586 1785 absque
1622 1727 1859 1785 sumptu,
1894 1715 1984 1783 qni
2013 1714 2077 1766 ad

2192 1712 2374 1784 μέχρις
2399 1712 2563 1783 ἄρτου
2590 1712 2699 1765 τῶν
2724 1712 3039 1778 ξενιζόντων
3063 1713 3404 1784 φειδόμενος.

509 1826 675 1881 usque
704 1827 893 1879 panem
937 1812 1237 1881 hospitibus
1283 1819 1548 1879 parceret.

586 1904 739 1957 llune
777 1918 875 1958 nos
918 1916 1247 1966 sermonem,
1288 1898 1620 1963 sacerdotes,
1653 1898 1957 1961 audiamus,
1991 1898 2081 1966 qui

510 1999 703 2053 nedum
738 1980 1154 2063 comparticipes
1175 2006 1360 2046 sumus
1391 1990 1671 2055 altaribus,
1699 2004 1885 2044 verum
1919 1988 2082 2042 etiam

510 2090 578 2141 ab
607 2087 713 2143 illis
746 2085 937 2157 divites
965 2097 1173 2147 sumus,
1199 2096 1262 2135 ac
1286 2081 1337 2135 in
1368 2081 1577 2136 deliciis
1605 2080 1843 2149 agimus;
1872 2094 2085 2134 sacras-

510 2194 613 2247 que
640 2175 945 2238 facultates,
978 2182 1214 2227 nostram
1250 2173 1489 2242 ipsorum
1527 2172 1925 2242 possessionem
1952 2169 2085 2224 laci-

511 2286 664 2336 tnus;
692 2269 915 2338 quique,
947 2265 1150 2319 Christi
1181 2278 1343 2317 causa
1379 2263 1655 2330 subjectis,
1687 2271 1938 2330 tanquam
1970 2274 2086 2315 ser-

510 2361 591 2414 vis
622 2358 858 2429 graviter
897 2358 1263 2424 imperamus,
1315 2354 1455 2407 haud
1505 2353 1662 2422 plane.
1702 2350 2084 2413 sacerdotium,

511 2449 806 2506 dominatio
837 2455 952 2513 est;
980 2446 1110 2514 quin
1140 2446 1336 2514 potius,
1371 2454 1428 2497 ut
1449 2443 1572 2513 quis
1601 2441 1885 2511 intelligat,
1916 2442 2086 2496 servi-

514 2552 619 2596 tus.
649 2537 762 2593 Non
794 2537 1144 2606 magistratus
1181 2534 1504 2589 auctoritate
1534 2534 1877 2589 decernentis
1911 2533 2089 2602 digni-

515 2642 632 2696 tas,
685 2629 777 2685 scd
815 2629 1070 2682 modestae
1109 2642 1172 2680 ac
1205 2627 1481 2694 castigata:
1518 2625 1938 2695 dispensationis
1984 2625 2085 2678 mi-

514 2723 783 2779 nistratio.
809 2719 997 2775 Nonne
1024 2729 1343 2788 potestatem
1369 2717 1602 2771 habebat
1625 2716 1839 2770 divinus
1868 2716 2086 2783 Paulus,

514 2825 666 2869 utex
703 2813 876 2865 sacris
924 2812 1275 2864 manducaret
1329 2809 1642 2875 biberetqne
1693 2809 1768 2874 “;
1814 2823 1877 2861 ac
1919 2812 2091 2861 moti-

516 2920 637 2960 cum
692 2903 821 2973 quid
873 2900 1124 2971 stipendii
1188 2899 1450 2962 laborum,
1509 2900 1574 2951 ad
1642 2899 1904 2967 corporis,
1947 2898 2088 2967 quod

515 2996 755 3066 quotidie
801 2994 1129 3055 caedebatur,
1179 2990 1475 3046 fomentum
1518 3006 1581 3045 ac
1625 2988 1832 3056 curain,
1879 2990 2091 3059 accipe-

2256 1891 2455 1945 Τοῦτον
2483 1893 2572 1945 τὸν
2605 1893 2781 1961 λόγον,
2814 1896 2999 1965 ἱερεῖς,
3042 1895 3389 1966 ἀκούσωμεν,
3434 1899 3483 1950 oi
3518 1898 3593 1970 μὴ
3630 1914 3773 1968 συμ-

2190 1983 2531 2055 μεριζόμενοι
2587 1987 2699 2050 τοῖς
2760 1984 3166 2057 θυσιαστηρίοις
3219 1988 3414 2058 μόνον,
3479 1990 3617 2043 ἀλλὰ
3670 1990 3771 2045 καὶ

2187 2075 2543 2139 πλουτοῦντες
2570 2077 2666 2130 ἀπ’
2691 2076 2915 2130 ἐκείνων
2943 2078 3037 2132 καὶ
3064 2077 3399 2148 τρυφῶντες,
3430 2080 3524 2134 καὶ
3556 2079 3654 2152 τὴν
3685 2082 3770 2133 is-

2191 2167 2290 2239 ρὰν
2324 2169 2639 2239 περιουσίαν
2664 2168 2794 2221 ἴδιον
2822 2170 3006 2239 κτῆμα
3029 2171 3360 2242 ποιούμενοι,
3397 2173 3491 2227 καὶ
3521 2176 3634 2236 τοῖς
3663 2174 3777 2227 ὐπ-

2186 2264 2370 2329 ηκόοις
2392 2260 2478 2313 διὰ
2508 2259 2600 2313 τὸν
2629 2260 2864 2328 Χριστὸν
2891 2256 2980 2315 οἷα
3006 2262 3221 2329 δούλοις
3243 2264 3515 2335 φορτικῶς
3544 2266 3775 2319 ἐπιτάτ-

2188 2370 2390 2415 τοντες.
2423 2353 2537 2405 Οὐκ
2575 2352 2721 2405 ἐστιν
2759 2354 3010 2424 ίεροσύνη
3041 2354 3350 2420 δεσποτεία,
3393 2356 3530 2409 ἀλλὰ
3568 2356 3776 2427 μᾶλλον

2189 2443 2267 2513 τῷ
2299 2441 2531 2495 συνιέντι
2556 2443 2791 2496 δουλεία·
2822 2445 2923 2497 οὐκ
2948 2446 3274 2517 ἀρχοντικῆς
3298 2446 3583 2510 αὐθαδείας
3612 2447 3775 2513 ἀξίως

2194 2552 2291 2605 μα,
2347 2533 2461 2587 ἀλλ’
2523 2532 2787 2597 εύλαϐοῦς
2841 2536 3154 2606 οἰκονομίας
3204 2537 3467 2593 διακονία.
3520 2538 3613 2609 Μὴ
3669 2539 3775 2592 οὐκ

2192 2626 2347 2696 ἔσχεν
2374 2626 2620 2689 ἐξουσίαν
2661 2629 2690 2680 ό
2736 2626 3022 2691 θεσπέσιος
3070 2628 3281 2691 Παῦλος
3326 2629 3527 2683 ἐσθίειν
3558 2631 3651 2683 καὶ
3680 2630 3775 2683 πί-

2193 2734 2304 2769 νειν
2336 2717 2443 2769 ἀπὸ
2470 2717 2576 2769 τῶν
2611 2717 2791 2788 ἱερῶν,
2816 2718 2908 2772 καὶ
2941 2720 3135 2791 μικρὸν
3163 2719 3295 2788 γοῦν
3330 2721 3627 2791 λαμϐάνειν
3659 2721 3773 2775 τῶν

2195 2807 2402 2876 μυρίων
2430 2806 2603 2859 πόνων
2630 2808 2821 2877 γέρας,
2856 2811 2935 2873 είς
2961 2810 3261 2881 θεραπείαν
3298 2812 3634 2882 τυπτομένου
3669 2811 3771 2865 τοῦ

2194 2896 2445 2969 σώματος
2497 2899 2615 2952 καθ’
2647 2900 2898 2970 ήμέρανς
2947 2903 3086 2956 Ἀλλ’
3117 2904 3219 2957 οὐκ
3264 2906 3551 2975 ἐχρήσατο.
3582 2907 3648 2976 τῇ
3681 2904 3773 2970 ἐξ⁸

2192 2990 2370 3061 ουσία,
2411 2989 2500 3043 ἴνα
2524 2990 2689 3061 μηδὲν
2727 2993 2821 3046 ἐπὶ
2850 2994 2953 3065 γῆς
2994 2994 3193 3061 λαϐὼν,
3227 2995 3403 3049 πάντα
3443 2997 3501 3048 ὲν
3526 2998 3641 3060 τοῖς
3673 2997 3773 3051 οὐ·

517 3065 642 3143 ret?
672 3084 1019 3153 Nequaquam
1068 3091 1246 3136 tamen
1292 3096 1419 3135 usus
1448 3091 1531 3136 est
1558 3090 1842 3150 potestate,
1874 3091 1934 3135 ut
1955 3080 2088 3134 nihil

2195 3082 2372 3151 ρανοῖς
2414 3079 2687 3153 ἀποθήσῃ.
2723 3084 2815 3135 Διὸ
2854 3086 2948 3137 καὶ
2984 3084 3092 3137 τῶν
3121 3085 3260 3157 ὑπὲρ
3290 3084 3580 3157 ἄνθρωπον
3607 3087 3777 3157 ἠξιώ-

517 3179 571 3232 in
604 3188 746 3230 terra
778 3173 1077 3242 accipiens,
1112 3171 1293 3226 omnia
1335 3171 1386 3224 in
1425 3172 1579 3226 cretis
1612 3182 1917 3241 reponeret.
1953 3172 2095 3238 Qua-

518 3278 738 3338 propter
773 3267 960 3328 etiam,
992 3279 1116 3319 cum
1146 3265 1322 3318 adhuc
1349 3265 1499 3318 carni
1539 3265 1878 3333 corruptibili
1908 3266 2090 3335 alliga-

521 3369 607 3414 tus
634 3364 795 3416 esset,
830 3354 1122 3421 majoribus
1162 3367 1320 3421 quam
1353 3368 1448 3421 pro
1479 3352 1711 3406 humana
1762 3354 1969 3406 ratione
1998 3356 2093 3407 do-

520 3452 604 3505 nis
629 3459 818 3503 auctus
852 3454 969 3509 est,
1016 3452 1178 3514 atque
1215 3453 1271 3497 ut
1318 3445 1580 3497 bonorum
1622 3444 1949 3507 futurorum,
1997 3446 2094 3497 ho-

519 3553 821 3608 norumque
861 3552 974 3592 arvo
1002 3535 1090 3589 illo
1125 3535 1483 3604 repositorum
1522 3535 1743 3589 arrham
1791 3537 2090 3605 pignusque

518 3639 884 3692 convertetur,
911 3628 1210 3683 assumitur
1238 3640 1408 3695 usque
1437 3625 1505 3681 ad
1546 3626 1763 3679 tertium
1792 3626 1984 3681 coelum
2010 3628 2049 3657 ιτ
2078 3646 2089 3680 :

521 3725 865 3792 visionesque
891 3733 1127 3775 nostram
1148 3719 1448 3774 mortalium
1477 3730 1677 3774 sortem
1709 3731 2096 3789 exsuperantes

521 3818 697 3884 videt,
723 3831 785 3870 ac
815 3814 978 3869 verba
1008 3828 1208 3867 arcana
1232 3812 1401 3877 audit,
1435 3820 1493 3865 ut
1513 3811 1589 3866 ait
1617 3811 1751 3882 ipse,
1786 3826 2094 3881 quanquam

522 3907 574 3961 id
612 3906 855 3959 modeste
905 3918 1091 3974 agens,
1148 3918 1213 3958 ac
1262 3903 1584 3958 necessitate
1624 3903 1957 3974 compulsus,
2006 3918 2097 3957 Ca-

521 4013 760 4069 veusque
788 3997 985 4066 ubique
1006 3995 1251 4067 gloriari,
1287 4010 1464 4067 exque
1486 3994 1917 4066 przecelleutibus
1942 3995 2096 4050 donis

520 4090 629 4144 suis
659 4104 777 4143 sese
806 4087 1018 4143 eﬂ'crre.
1052 4085 1123 4142 Ut
1172 4096 1351 4141 tamen
1396 4102 1581 4141 eorum
1629 4101 1820 4142 sensus
1863 4086 2096 4154 compri-

523 4191 655 4245 mat,
691 4189 1088 4249 componatque
1129 4178 1194 4232 ad
1245 4178 1590 4241 modestiam,
1640 4177 1731 4244 qui
1763 4192 1858 4246 pro
1886 4178 2095 4245 exiguis

2193 3169 2282 3239 θη,
2322 3169 2402 3223 ἔτι
2429 3173 2495 3240 τῇ
2530 3171 2743 3243 φθαρτῇ
2773 3173 3157 3244 συνδεδεμένος
3191 3177 3375 3247 capaci;
3413 3177 3521 3230 Καὶ
3553 3177 3638 3230 ἴνα
3660 3177 3780 3231 τῶν

2198 3260 2497 3329 μελλόντων
2529 3260 2770 3329 ἀγαθῶν,
2817 3263 2913 3315 καὶ
2953 3264 3061 3317 τῶν
3111 3265 3227 3318 ἐκεῖ
3268 3266 3441 3337 τιμῶν
3477 3268 3781 3339 ἀρραϐῶνα

2196 3350 2449 3421 θεάσητε,
2498 3352 2939 3423 ἀναλαμϐάνεται
2995 3356 3093 3426 μὲν
3135 3356 3266 3429 ἄχρι
3306 3357 3488 3428 τρίτου
3517 3359 3775 3429 ούρανοῦ,

2198 3440 2383 3511 βλέπει
2438 3443 2495 3496 δὲ
2527 3444 2794 3509 ὀπτασίας
2836 3446 3399 3519 ύπερὸαινούσας¹τὺν
3429 3449 3617 3504 ἐνθάδε
3647 3450 3781 3521 κλῆ-

2200 3551 2312 3605 ρον,
2340 3536 2526 3590 ἀκούει
2567 3537 2623 3590 δὲ
2656 3538 2918 3609 ῥημάτων
2959 3541 3235 3612 ἀρρήτων,
3268 3542 3344 3605 ὼς
3391 3542 3551 3607 αὑτός
3590 3561 3782 3613 φησιν,

2204 3629 2297 3682 καὶ
2324 3628 2495 3682 ταῦτα
2521 3631 2846 3701 μετριάζων,
2873 3631 2965 3685 καὶ
2991 3632 3051 3696 ἐξ
3073 3634 3338 3703 ἀνάγκης,
3369 3636 3785 3708 ἀποδιδράσκων

2204 3720 2480 3793 πανταχοῦ
2525 3717 2585 3774 τδ
2627 3723 3085 3795 μεγαλαυχεῖσθαι
3114 3726 3207 3778 καὶ
3237 3726 3617 3797 ἐμπομπεύειν
3669 3730 3785 3794 τοῖς

2207 3812 2357 3877 ίδίοις
2389 3813 2870 3887 πλεονεκτήμασιν.
2907 3817 3026 3870 Ἷνα
3048 3817 3105 3870 δὲ
3145 3819 3468 3890 φρονήματα
3495 3820 3782 3873 καταστεί-

2204 3906 2269 3978 λῃ
2325 3907 2433 3961 τῶν
2494 3910 2586 3961 ἐπὶ
2643 3912 2856 3980 μικροῖς
2909 3910 3245 3981 φυσωμένων
3306 3913 3662 3983 χαρίσμασιν,
3725 3913 3785 3979 ὲξ

2202 3996 2449 4069 ἀνάγκης
2484 3998 2640 4066 ὀλίγα
2681 3999 2790 4053 τῶν
2831 3999 3046 4053 οἰκείων
3092 4006 3455 4073 παραγυμνοῖ,
3489 4004 3785 4059 καὶταῦτα

2202 4086 2376 4157 ἑτέρῳ
2406 4087 2685 4160 προσώπῳ
2707 4089 2972 4161 περιθεὶς,
3007 4090 3101 4144 καὶ
3127 4092 3315 4164 πόρρω
3340 4094 3439 4163 τῆς
3462 4095 3591 4167 περὶ
3616 4095 3786 4152 αὐτὸν

2202 4178 2457 4243 ὑπονοίας
2489 4180 2814 4249 ἀπαγαγών.
2896 4206 2899 4217 ι

522 4274 680 4328 donis
708 4271 983 4333 inﬂantur,
1014 4284 1179 4337 pauca
1207 4284 1271 4322 ex
1309 4268 1420 4321 suis
1457 4266 1602 4319 velut
1668 4276 1892 4322 coactus
1955 4270 2168 4338 operit:
2214 4264 2315 4322 nec‘
2351 4271 2400 4322 id
2444 4270 2604 4326 aliter
2642 4286 2804 4341 quam
2852 4283 3131 4345 assumpta
3168 4277 3257 4330 illa
3314 4293 3564 4348 persona,
3617 4292 3789 4351 atque

521 4380 735 4419 omnem
765 4366 830 4415 de
859 4378 917 4415 se
942 4363 1053 4430 ipse
1083 4360 1441 4427 suspicionem
1473 4356 1754 4411 amoliens.

594 4454 737 4508 Sane
766 4452 979 4521 quidem
1033 4450 1174 4503 Elias
1230 4449 1319 4503 ille
1361 4446 1670 4512 Thesbites,
1717 4464 1783 4501 eo
1834 4447 1979 4515 quod
2036 4448 2088 4499 in
2125 4454 2169 4506 ι)

430 4554 445 4559 “
521 4546 700 4618 specie
729 4542 871 4614 ignei
901 4555 1092 4595 currus
1132 4541 1183 4593 in
1228 4540 1395 4593 altum
1444 4540 1734 4592 subvectus
1764 4539 1854 4598 sit,
1900 4538 2096 4607 ubique

522 4639 861 4701 decantatur,
907 4648 972 4686 ac
1028 4633 1249 4686 multam
1302 4631 1497 4686 smcnlo
1530 4630 1939 4683 admirationem
1976 4630 2099 4684 reli-

522 4730 659 4801 quit.
714 4727 1004 4794 Quousque
1053 4736 1228 4778 autem
1294 4722 1636 4794 pervenerit,
1694 4736 1872 4777 sermo
1922 4721 2098 4777 nullus

522 4821 793 4892 exposuit.
836 4816 973 4872 Fors
996 4817 1140 4870 enim
1194 4816 1357 4870 etiam
1415 4814 1681 4868 modicum
1734 4831 1762 4867 a
1802 4824 1945 4869 terra
1998 4813 2101 4869 ela-

526 4926 612 4971 tus
650 4929 679 4968 a
711 4911 910 4965 virtute
956 4916 1150 4977 agente
1191 4904 1389 4977 ipsum,
1423 4904 1497 4958 illi
1535 4904 1651 4960 loco
1702 4904 1945 4960 redditus
1991 4914 2096 4966 est,

523 5025 630 5082 quo
657 5017 774 5064 erat
797 5002 1127 5060 domicilium
1186 5004 1492 5056 habiturus.
1528 5002 1597 5056 At
1631 4999 1782 5056 Pauli
1812 5002 2097 5057 translatio

526 5105 682 5172 longe
704 5096 966 5155 illustrior
997 5094 1100 5149 fuit
1134 5101 1297 5163 atque
1330 5094 1616 5157 celebrior,
1653 5096 1906 5162 adjuncto
1931 5097 2094 5148 etiam

526 5194 703 5250 medio
740 5192 806 5248 ad
834 5190 975 5262 quod
1028 5203 1196 5258 usque
1238 5186 1480 5243 sublatus
1517 5189 1617 5242 fuit
1650 5206 1664 5241 :
1698 5203 1820 5242 nam
1854 5202 1974 5241 cum
2009 5202 2095 5241 se-

527 5294 668 5354 ptem
699 5283 1042 5338 celebrentur
1063 5279 1208 5349 cmli,
1248 5294 1436 5348 parum
1480 5278 1635 5335 abest
1664 5288 1723 5333 ut
1762 5292 1828 5333 ne
1858 5278 2091 5332 medium

526 5383 803 5431 assecutus
836 5374 929 5429 sit.
961 5372 1080 5428 Jam
1113 5372 1245 5428 mihi
1279 5371 1485 5428 llebrzei
1515 5387 1734 5428 sensum
1765 5370 2093 5441 deprimant,

527 5478 778 5534 utagnum
813 5463 943 5532 quid
974 5464 1037 5518 de
1071 5463 1250 5534 Moyse
1291 5464 1607 5533 gloriantes,
1639 5463 1781 5533 quod
1820 5462 1965 5519 solus
2001 5479 2095 5519 us-

600 5660 644 5697 "
670 5658 690 5714 l
714 5660 835 5718 Cor.
872 5675 946 5725 ιιι,
971 5660 1025 5715 4.

2277 4445 2464 4510 Ἠλίας
2495 4448 2594 4518 μὲν
2632 4443 2727 4502 οὗν
2764 4451 2793 4502 δ
2821 4449 3107 4520 Θεσϐίτης,
3134 4452 3322 4523 ἐπειδὴ
3350 4456 3407 4507 ἐν
3442 4455 3558 4527 tes;
3598 4457 3790 4529 ἅρμα-

2203 4556 2293 4603 τος
2332 4542 2558 4613 πυρίνου
2598 4542 2678 4604 είς
2716 4541 2778 4594 τὸ
2812 4541 2945 4612 ὕψος
2987 4541 3217 4615 ἀνήχθη,
3249 4544 3433 4616 ᾅδεται
3479 4549 3789 4621 πανταχοῦ,

2206 4633 2301 4686 καὶ
2339 4632 2473 4688 πολὺ
2513 4632 2606 4687 τοῦ
2645 4633 2920 4703 θαύματος
2966 4632 3043 4704 τῷ
3077 4634 3177 4706 βίῳ
3216 4637 3499 4691 κατέλιπε·
3528 4641 3699 4712 μέχρι
3728 4644 3790 4698 δὲ

2208 4727 2374 4779 πόσου
2402 4726 2667 4796 ἔφθασεν,
2698 4726 2872 4789 οὐδεὶς
2910 4728 3221 4798 ἡρμήνευσε
3251 4727 3426 4797 λόγος.
3466 4730 3641 4801 Τυχδν
3673 4736 3788 4807 γὰρ

2208 4820 2302 4873 καὶ
2329 4818 2507 4886 ὀλίγον
2550 4819 2649 4903 τῇς
2679 4818 2783 4888 γῆς
2816 4819 3075 4889 ἐπαρθεὶς
3102 4819 3253 4892 παρὰ
3288 4821 3388 4892 τῆς
3418 4821 3660 4894 ἀγούσης
3688 4827 3787 4881 δυ-

2205 4908 2440 4979 νάμεως,
2466 4908 2700 4978 ἀπεδόθη
2723 4908 2800 4979 τῷ
2817 4910 2986 4979 τόπῳ,
3015 4908 3074 4961 ὃν
3102 4908 3291 4981 ἔλαχεν
3316 4916 3605 4969 κατοικεῖν.
3635 4916 3786 4970 Παύ-

2205 4999 2297 5053 λου
2327 4999 2442 5069 δὲή
2475 5000 2787 5071 μετάθεσις,
2835 5004 2929 5058 ἐπὶ
2973 5005 3134 5060 πλέον
3176 5009 3390 5078 ἐγένετο
3426 5009 3787 5082 λαμπροτέρα

2204 5093 2299 5146 καὶ⁸
2327 5092 2576 5165 εὐκλεὴς,
2611 5096 3010 5167 προσκειμένου
3038 5100 3133 5153 καὶ
3170 5101 3265 5155 τοῦ
3295 5102 3515 5174 μέτρου,
3542 5101 3627 5170 ἐφ’
3657 5102 3786 5155 ὅσον

2203 5184 2431 5256 ἀνήχθη.
2466 5186 2636 5241 Ἑπτὰ
2669 5186 2778 5260 γάρ
2808 5190 3054 5262 οὐρανῶν
3077 5192 3371 5264 ᾀδομένων,
3397 5192 3596 5266 μικροῦ
3637 5192 3783 5247 δέον-

2198 5295 2291 5341 τος
2345 5280 2571 5349 ἀφίκετο
2617 5280 2711 5335 τοῦ
2745 5283 2991 5355 ἡμίσεος.
3030 5286 3141 5340 Καί
3177 5304 3267 5358 μοι
3311 5287 3496 5341 λοιπὸν
3542 5285 3783 5357 Ἐδραίοι

2202 5370 2655 5428 ωταδαλέτωσαν
2717 5375 2811 5429 τοῦ
2869 5379 3234 5450 φρονήματος,
3278 5380 3371 5432 ἐπὶ
3431 5378 3510 5450 τῷ
3565 5380 3779 5451 Μωῦσῇ

2188 5462 2347 5532 ’μέγα
2368 5465 2708 5536 φρονοῦντες,
2744 5467 2825 5522 ὅτι
2852 5469 3010 5540 μόνος
3041 5469 3147 5533 ἕως
3166 5470 3264 5539 τῆς
3297 5469 3545 5542 κορυφῆς
3575 5468 3778 5540 ἔφθασα
