4048 6194
259 300 358 357 297

1162 297 1448 354 BOMlLIA
1492 299 1624 357 ιἰιι.
1670 301 1736 356 IN
1779 301 1880 358 SS.
1920 302 2209 360 PETRUM
2248 306 2337 362 ET
2381 304 2693 363 PAULUM.

3440 306 3548 366 «ηε

259 423 351 477 τοῦ
386 423 547 486 Σινιῖ,
577 424 674 477 καὶ
710 422 858 487 ἐντὸς
900 421 1120 492 ἐγένετο
1162 420 1257 476 τοῦ
1291 422 1493 492 γνόφου
1522 424 1618 479 καὶ
1641 425 1751 481 τῶν
1776 442 1861 479 νε·
1889 470 1897 488 Α

1982 443 2069 498 lue
2099 428 2167 483 ad
2201 429 2460 485 verticem
2513 429 2643 484 Sina
2689 429 3035 500 pervenerit,
3071 428 3324 501 intraque
3364 429 3550 503 caligi-

262 515 401 585 φῶν.
431 515 661 580 Παῦλος
691 516 787 588 μὲν
809 516 838 569 6
867 514 1027 586 ἐμὸς,
1051 514 1175 569 ἀντ).
1200 516 1300 587 μὲν
1325 516 1505 588 ὅρους,
1532 517 1669 589 πρὸς
1695 519 1862 590 ούραο

263 609 353 663 νον
389 608 651 678 ἀνῆλθενο
681 609 797 662 ἀντὶ
818 607 877 661 δὲ
910 606 1161 678 νεφέλης,
1197 607 1454 662 ἐπέκεινα
1478 608 1575 664 τοῦ
1602 610 1748 681 ὑπὲρ
1773 612 1863 665 νέ-

263 718 406 771 φους
457 698 620 771 ἀέρος
668 699 887 770 ῆλασεν.
945 698 1058 752 Καὶ
1104 698 1247 769 μάλα
1277 699 1523 764 εἰκότως.
1565 702 1714 756 Ἔδει
1754 703 1862 777 γὰρ

262 792 362 845 τὸν
429 791 574 844 κατὰ
639 790 873 862 Χριστὸν
943 789 1256 863 ἄνθρωπον,
1323 791 1584 847 τοσοῦτον
1641 793 1862 866 νικῆσαι

262 885 532 952 Μωῦσὲα,
582 885 703 938 ὅσον
756 883 819 937 τὸ
866 882 1206 953 Εὐαγγέλιον
1260 883 1582 956 ὑπερϐαίνει
1637 886 1731 941 τὸν
1776 886 1863 940 νό-

277 990 397 1049 pm.

360 1070 448 1122 Ἐν
466 1068 521 1123 δὲ
544 1070 663 1132 ταῖς
686 1066 1041 1137 θεὸφανείαις
1068 1069 1164 1123 καὶ
1190 1073 1303 1137 τοῖς
1331 1071 1483 1144 παρὰ
1503 1069 1640 1125 Θεοῦ
1672 1070 1866 1125 λαλου-

282 1162 481 1233 μένοις,
525 1160 615 1214 καὶ
661 1161 813 1225 ὃταυς
867 1159 1153 1231 δεδεμένος
1206 1162 1419 1226 ἐλύετο,
1479 1164 1576 1218 καὶ
1637 1162 1864 1235 ἀθυμῶν

275 1253 665 1326 ἐπρῥώννυτο,
695 1251 854 1324 ῦπαρ
877 1254 973 1307 καὶ
1004 1254 1140 1326 ὄναρ
1165 1254 1314 1324 αὐτῷ
1344 1254 1439 1309 τοῦ
1468 1251 1605 1310 Θεοῦ
1647 1270 1866 1328 χρημα·

274 1343 523 1407 τίζοντος,
555 1343 611 1396 τί
641 1342 728 1397 δεῖ
752 1343 849 1396 καὶ
861 1342 1062 1414 λέγειν,
1086 1345 1248 1399 όπότε
1275 1345 1396 1400 ούδέ
1422 1346 1584 1410 αὐτὸς
1611 1347 1712 1418 τὴν
1739 1348 1866 1401 ἐαυ-

270 1431 355 1486 τοῦ
376 1433 540 1505 χάριν
571 1432 924 1504 ἀπέκρυψεν,
962 1434 1099 1489 ἀλλὰ
1136 1440 1303 1490 πᾶσιν
1332 1436 1470 1509 ὁμοῦ
1531 1437 1720 1507 σαφῶς
1755 1438 1866 1492 ὰπ-

261 1524 557 1595 εκάλυψεν,
586 1524 764 1580 εἰπών
783 1541 798 1554 ⁸
833 1528 907 1580 El
946 1525 1205 1597 δοκιμὴν
1237 1527 1461 1596 ζητεῖτε
1504 1528 1698 1584 τοῦὲν
1729 1529 1861 1600 ἐμοὶ

263 1620 299 1670 1
325 1615 607 1683 κινοῦντος
617 1616 906 1685 Χριστοῦ;
915 1619 976 1672 Οἱ
999 1618 1099 1690 μὲν
1114 1618 1224 1691 γὰρ
1238 1619 1389 1673 ἄλλοι
1401 1619 1646 1685 τῶν,είτε
1663 1637 1870 1693 προφη-

260 1708 389 1774 τῶν,
402 1708 519 1761 εἴτε
538 1708 863 1764 ἀποστόλων
895 1709 1319 1782 ἐμπροθέσμους
1336 1708 1483 1783 εἶχον
1504 1712 1599 1765 καὶ
1611 1711 1868 1785 χρονικὰς

1965 534 2087 574 nem
2123 537 2188 576 ac
2219 522 2388 578 nubes
2409 523 2723 592 penetrarit.
2754 521 2904 577 Meus
2929 537 3064 578 sane
3088 522 3313 589 Paulus,
3348 525 3551 578 montis

1963 612 2177 681 quidem
2214 613 2353 679 loco,
2389 614 2455 667 ad
2502 613 3009 670 ctelmn.ascendit:
3064 611 3185 670 loco
3236 624 3417 669 autem
3456 631 3553 668 ne-

1965 701 2121 769 ιωιω,
2162 718 2326 774 supra
2376 719 2557 759 aerem
2607 704 2846 760 nubibus
2890 705 3175 762 celsiorem
3208 705 3423 760 .evasit.
3475 707 3552 759 Ac

1965 793 2126 863 plane
2168 795 2388 850 merito.
2421 794 2658 851 Decebat
2687 796 2829 850 enim
2864 796 3065 852 Christi
3118 797 3393 851 hominem
3430 807 3548 849 tan-

1968 898 2080 940 tum
2125 885 2345 958 Moysen
2381 901 2666 957 superare,
2693 896 2900 958 quanto
2941 886 3287 959 Evangelimn
3324 902 3544 959 praecen-

1967 977 2029 1032 lit
2066 977 2260 1050 legem.

2045 1068 2101 1123 ιη
2128 1069 2330 1124 divinis
2360 1080 2541 1125 autem
2581 1069 3010 1141 apparitionibus
3033 1111 3048 1134 ,
3083 1069 3284 1142 Deique
3323 1069 3390 1124 ad
3424 1086 3548 1127 eum

1966 1160 2334 1229 sermonibus,
2361 1171 2524 1231 utque
2563 1162 2776 1217 vinctus
2809 1162 3132 1231 solveretur,
3161 1178 3227 1218 ac
3256 1164 3430 1220 tristis
3458 1167 3552 1221 de-

1965 1251 2217 1324 iectoque
2276 1254 2460 1310 animo
2502 1256 2951 1310 corrolioraretnr
2978 1296 2994 1319 ,
3046 1259 3405 1326 respondente
3444 1257 3552 1314 Deo

1967 1360 2092 1402 cum
2117 1346 2170 1401 in
2205 1348 2411 1418 vigilia,
2441 1358 2550 1403 tum
2589 1348 2643 1403 in
2673 1350 2902 1415 somnis,
2931 1352 3059 1419 quid
3082 1351 3363 1407 enimvero
3386 1351 3552 1419 etiam

1968 1456 2103 1511 opus
2140 1441 2339 1507 dicere,
2364 1456 2488 1497 cum
2522 1457 2621 1497 nec
2652 1442 2742 1497 ille
2785 1442 2899 1512 ipse
2941 1445 3170 1514 gratiam
3215 1444 3363 1499 illam
3399 1458 3554 1499 suam

1968 1533 2185 1611 silentio
2219 1534 2501 1603 presserit,
2531 1534 2627 1589 sed
2660 1534 2821 1590 simul
2840 1535 3097 1591 omnibus
3124 1536 3325 1607 liquido
3347 1536 3557 1592 revela-

1968 1625 2130 1686 verit,
2181 1624 2404 1680 dicens:
2448 1623 2531 1679 An
2588 1625 2997 1692 experimentum
3048 1627 3288 1698 qua’n'tis
3314 1625 3429 1696 ejus
3460 1626 3555 1697 qui

1969 1713 2204 1785 loquitur
2241 1715 2296 1769 in
2318 1731 2400 1769 me
2437 1715 2682 1771 Christus
2720 1715 2801 1771 ‘9?
2847 1717 2951 1772 Alii
3003 1719 3218 1788 quidem
3274 1733 3398 1773 cum
3430 1733 3554 1788 pro-

261 1799 362 1864 si;
376 1798 594 1856 ἄνωθεν
618 1800 945 1872 ἐνεργείας·
1000 1801 1098 1855 καὶ
1149 1801 1284 1855 ποτὲ
1316 1801 1419 1874 μὲν
1451 1803 1636 1868 αὐτοῖς
1688 1803 1854 1874 συνῆν
1895 1847 1897 1853 ,

1982 1805 2161 1873 ιΙιειεε,
2195 1814 2308 1859 tum
2357 1805 2608 1873 apostoli,
2660 1806 2824 1861 certis
2852 1807 3171 1877 quibusdam
3222 1809 3557 1879 temporibus

264 1893 332 1946 τὺ
346 1893 530 1958 Θείον,
557 1893 693 1947 ποτέ
714 1892 772 1947 δὲ
803 1892 900 1948 καὶ
913 1892 975 1947 ού
996 1895 1201 1966 παρῆν.
1228 1893 1287 1948 '0
1308 1894 1366 1949 δέ
1381 1892 1670 1960 θεσπέσιος
1685 1888 1861 1961 οὗτος,

264 1984 463 2057 ῶσπερ
484 1980 641 2049 ἅπαξ
668 1983 796 2048 ναὸς
824 1982 903 2038 ῶν
934 1982 1215 2057 ἐξαίρετος
1244 1983 1342 2038 τοῦ
1376 1983 1512 2039 Θεοῦ
1541 1985 1869 2058 ἀποκληρωο

1968 1913 2033 1954 ac
2065 1899 2354 1955 momentis
2405 1899 2659 1955 delinitas
2686 1901 2955 1956 habebant
2981 1916 3245 1972 supernas
3281 1902 3556 1972 operatio-

1969 2003 2087 2055 ncs,
2119 2003 2186 2043 ac
2216 1989 2374 2044 modo
2434 1988 2539 2045 illis
2599 1989 2837 2044 divinmn
2887 1990 3075 2045 aderat
3113 1990 3344 2056 Numen,
3396 1993 3557 2049 modo

265 2077 382 2142 θεὶς
420 2075 579 2147 αὐτῷ
623 2075 764 2149 πρὸς
801 2075 1101 2149 ἐνοίκησιν,
1153 2074 1330 2141 οὕτως
1375 2077 1463 2132 ἀεὶ
1510 2077 1602 2131 τὸν
1633 2079 1869 2149 Χριστὸν

1982 2079 2132 2135 etiam
2167 2080 2374 2136 aberat.
2422 2080 2522 2137 Hic
2553 2090 2733 2136 autem
2765 2081 2847 2136 vir
2891 2081 3250 2146 admirabilis,
3300 2093 3556 2158 tanquam

267 2167 406 2242 εἶχε,
430 2171 531 2224 καὶ
561 2169 760 2241 βουλῆς
782 2170 1038 2243 εὑρετὴν,
1068 2171 1166 2224 καὶ
1190 2169 1364 2239 λόγων
1399 2169 1738 2237 διδάσκαλον,
1775 2171 1870 2225 καὶ

272 2262 533 2335 συνεργὸν
578 2260 688 2315 τῶν
732 2261 1101 2334 πραγμάτων.
1144 2261 1257 2316 Καὶ
1296 2262 1546 2333 Ἰωάννης
1577 2262 1676 2334 μέν
1714 2264 1744 2317 ό
1774 2260 1868 2316 τοῦ

268 2355 560 2412 Ζεϐεδαίου
603 2354 778 2427 μέγας
827 2354 1028 2420 ἔδοξεν,
1070 2355 1155 2409 ὅτι
1202 2353 1357 2427 παρὰ
1382 2355 1512 2419 τοὺς
1542 2354 1736 2419 ἄλλους
1767 2371 1872 2426 μα·

269 2446 446 2521 θητάς
474 2447 699 2519 θαρρῶν
725 2445 805 2518 τῷ
823 2446 1039 2519 Κυρίῳ,
1065 2447 1160 2500 ἐπὶ
1205 2446 1301 2501 τοῦ
1328 2446 1560 2521 στήθους
1586 2445 1753 2501 αὑτοῦ
1779 2449 1878 2501 ἁν-’

270 2541 517 2595 επαύετο
537 2555 556 2571 ο
590 2539 688 2593 καὶ
733 2538 824 2595 διὰ
860 2526 1295 2611 τοῦτο”μὰ.λιστα
1327 2539 1484 2613 παρὰ
1506 2539 1672 2595 πᾶσιν
1720 2542 1870 2594 ἐστιν

270 2632 544 2704 ὼοίδιμος.
573 2624 745 2697 οὗτος
770 2632 850 2697 δέ,
886 2630 1007 2697 πῶς
1036 2632 1140 2687 οὐκ
1173 2631 1240 2686 ἂν
1268 2633 1363 2686 καὶ
1402 2632 1545 2706 ὑπὲρ
1587 2630 1873 2706 ἄνθρωπον

270 2722 563 2795 νομισθείη
590 2722 844 2791 δικαίως,
875 2723 936 2788 ὃς
958 2740 1045 2794 γε,
1072 2724 1133 2778 οὐ
1160 2724 1253 2778 τὸν
1284 2726 1345 2778 ἐν
1374 2722 1591 2795 σώματι
1633 2720 1871 2796 Ἰησοῦν,

272 2815 414 2872 ἀλλὰ
439 2816 535 2870 τὸν
562 2815 770 2888 γυμνὸν
790 2817 894 2890 τῆς
926 2816 1130 2889 σαρκὸς
1189 2816 1365 2886 Λόγον
1392 2815 1515 2871 καθ’
1540 2815 1756 2889 ἡμέραν
1779 2815 1876 2872 ἀν-

276 2909 507 2977 έπαυεν,
527 2908 722 2975 σκεῦος
748 2908 1048 2983 εὔχρηστον
1074 2911 1170 2965 καὶ
1190 2909 1431 2983 καθαρὸν
1453 2909 1645 2966 ἐαυτὸν
1666 2909 1747 2983 τῷ
1771 2913 1878 2984 Δη-

281 3000 537 3074 μιουργῷ
576 3003 969 3075 καταστήσας;
1001 3004 1185 3075 Ἔχων
1226 3004 1285 3059 δὲ
1319 3002 1495 3058 πολλὰ
1538 3003 1635 3058 καὶ
1680 3020 1881 3057 παντο-

277 3093 427 3151 δαπὰ
456 3094 665 3164 λέγειν,
711 3095 812 3148 ὅσα
842 3096 871 3148 6
907 3094 1199 3160 θεσπέσιος
1247 3089 1400 3159 οὗτος
1455 3094 1635 3150 πάντα
1666 3095 1761 3148 τὸν
1788 3094 1881 3149 κό-

281 3204 419 3259 σμον
445 3186 723 3241 παιδεύων
755 3182 874 3240 εἷπε
907 3187 1003 3241 καὶ
1033 3186 1288 3260 ἔπραξεν,
1318 3186 1412 3241 ἐπὶ
1430 3186 1536 3257 γῆς
1563 3185 1658 3240 καὶ
1679 3184 1879 3239 θαλάσ-

283 3296 407 3351 σης,
462 3282 526 3334 ἐν
586 3279 979 3351 δικαστηρίοις,
1028 3281 1086 3333 ἐν
1139 3280 1390 3351 ἀγοραῖς,
1444 3280 1505 3333 ἐν
1549 3278 1764 3350 δήμοις,
1818 3280 1877 3332 ἐν

283 3368 601 3442 ἁγορεῦσιν,
628 3370 687 3423 ἐν
705 3368 898 3434 αὐλαῖς
921 3369 1206 3440 βασιλέων,
1236 3368 1377 3424 ἐκὼν
1412 3369 1725 3443 ὑπερϐαίνω
1740 3367 1878 3440 πρὸς

283 3461 347 3516 τὸ
376 3461 602 3533 πλῆθος.
634 3460 772 3517 Οὔτε
798 3463 910 3535 γὰρ
933 3463 1259 3535 συγγραφὴν
1285 3461 1604 3536 προύθέμην
1652 3459 1887 3531 πονῆσαι

287 3553 395 3608 τῶν
432 3554 631 3626 ἐκείνῳ
682 3553 1159 3627 κατωρθωμένων,
1201 3555 1291 3610 ἵνα
1330 3554 1493 3626 λείπῃ
1535 3553 1722 3625 μηδὲν,
1769 3551 1886 3605 ἀλλ’

290 3645 1023 3719 εὖφημίανὰνεργάσασθαι,
1079 3646 1175 3701 καὶ
1201 3645 1424 3719 ταύτην,
1457 3644 1543 3715 ἐφ’
1573 3644 1696 3698 ὅσον
1721 3644 1754 3717 ἡ
1779 3641 1888 3713 ἐμὴ

292 3736 523 3809 δύναμις
560 3740 875 3807 ἐξικνεῖται.
919 3738 1067 3803 Ἐνὸς
1113 3738 1172 3792 δέ
1211 3739 1375 3810 μόνου
1419 3737 1516 3791 τοῦ
1569 3734 1886 3791 τελευταίου

300 3831 581 3903 μνησθεὶς,
612 3830 952 3886 καταπαύσω
981 3830 1073 3885 τὸν
1103 3830 1286 3900 λόγον.

1972 2171 2138 2227 semel
2183 2170 2275 2227 Dei
2307 2172 2583 2240 peculiare
2609 2171 2866 2242 templum
2898 2170 2998 2241 ipsi
3041 2172 3106 2226 ad
3147 2171 3555 2227 inhabitandam

1972 2262 2239 2318 delectum
2274 2264 2731 2335 destinatumque,
2762 2265 2842 2320 sic
2869 2279 3085 2335 semper
3122 2265 3354 2323 habebat
3398 2263 3560 2321 Chri-

1972 2363 2138 2419 stum,
2176 2371 2300 2410 cmn
2324 2356 2536 2412 consilii
2570 2358 2928 2422 inventorem,
2956 2369 3067 2411 tum
3098 2373 3408 2413 sermomnn
3443 2373 3560 2413 tnu-

1974 2443 2238 2514 pistrum,
2286 2455 2401 2500 tum
2436 2447 2669 2518 denique
2711 2462 2933 2517 operum
2974 2449 3295 2519 adjutorem.
3328 2449 3407 2504 Ac
3432 2451 3558 2520 qui-

1976 2538 2098 2592 dem
2120 2534 2359 2593 Joannes
2387 2538 2633 2593 Zebedaal
2663 2538 2804 2593 Illius
2834 2553 3061 2609 magnus
3103 2540 3251 2595 visus
3280 2552 3384 2604 εει,
3414 2542 3561 2610 quod

1975 2626 2168 2696 majori
2227 2642 2342 2699 prae
2396 2627 2677 2698 discipulis
2737 2628 2856 2685 aliis
2895 2629 2963 2685 ad
3004 2629 3285 2686 Dominum
3342 2622 3559 2697 ﬁducia,

1976 2733 2143 2792 supra
2169 2720 2288 2792 ejus
2316 2731 2503 2793 pectus
2535 2720 2844 2796 recubuerit
2874 2721 2916 2758 "
2943 2737 2958 2774 :
2984 2720 3350 2790 quamobrem
3381 2723 3560 2777 maxi-

1978 2831 2068 2874 me
2097 2815 2240 2883 apud
2268 2826 2459 2870 omnes
2492 2814 2670 2869 clarus
2700 2813 2929 2869 habetur
2976 2823 3139 2885 atque
3167 2813 3417 2871 celebris.
3464 2814 3563 2871 Hic

1981 2917 2188 2972 autem,
2223 2906 2315 2977 qui
2346 2921 2453 2961 non
2480 2904 2605 2974 jure
2635 2904 2870 2961 humana
2904 2904 3081 2976 major
3106 2905 3418 2975 conditione
3462 2906 3562 2963 ha-

1980 3001 2194 3064 beatur,
2237 2998 2329 3070 qui
2359 2999 2612 3053 nimirum
2648 3014 2755 3054 non
2807 2998 2988 3054 Jesum
3040 3000 3093 3053 in
3147 3013 3410 3068 corpore,
3469 3001 3564 3056 sed

1983 3093 2185 3148 nudum
2209 3106 2372 3146 carne
2401 3090 2634 3145 Verbum
2663 3090 2904 3160 quotidie
2929 3089 3198 3153 reticeret.
3225 3106 3319 3145 vas
3347 3105 3406 3146 se
3433 3091 3567 3145 utile

1983 3200 2047 3239 ac
2071 3184 2326 3239 mundum
2353 3192 2615 3262 praestans
2636 3181 2949 3238 Conditori?
2974 3181 3239 3238 Caeterum
3270 3197 3390 3237 cum
3413 3183 3564 3252 plura

1985 3289 2049 3330 ac
2085 3274 2265 3329 omnis
2293 3276 2508 3344 generis
2536 3273 2684 3327 varia
2709 3272 2840 3328 mihi
2900 3273 3128 3331 dicenda
3165 3276 3362 3339 forent,
3419 3288 3568 3342 qum-
3661 3261 3664 3264 ’

1983 3379 2197 3437 cunque
2228 3363 2482 3420 nimirum
2507 3366 2588 3419 vir
2613 3364 2701 3420 hic
2722 3366 2936 3422 divinus
2967 3366 3223 3422 mundum
3253 3366 3565 3423 universum

1989 3457 2210 3523 docens,
2238 3456 2376 3511 dixit
2402 3455 2657 3526 fecitque,
2689 3467 2829 3512 terra
2853 3457 3055 3528 pariter
3077 3473 3142 3513 ac
3195 3459 3361 3521 mari;
3397 3458 3450 3513 in
3480 3458 3595 3529 ju-~

1991 3547 2147 3602 diciis
2177 3561 2241 3601 ac
2265 3545 2645 3610 tribunalibus,
2691 3545 2744 3600 in
2774 3544 2928 3612 loris,
2952 3547 3024 3602 ‘in
3055 3547 3287 3619 populis,
3326 3547 3378 3602 in
3431 3562 3567 3604 con-

1990 3640 2256 3704 cionibu,s,
2298 3638 2351 3692 in
2381 3653 2567 3707 regum
2591 3636 2754 3702 aulis,
2788 3648 2978 3707 sponte
3003 3649 3268 3709 praetereo
3309 3653 3420 3709 prae
3451 3639 3573 3693 illo-

1989 3746 2108 3785 rum
2140 3737 2284 3783 tanta
2307 3724 2671 3783 multitudine.
2695 3724 2805 3781 Nec
2824 3727 2967 3782 enim
2997 3730 3347 3784 constitutum
3373 3727 3571 3796 habeo,

1991 3829 2052 3873 ut
2082 3831 2263 3871 rerum
2299 3815 2368 3870 ab
2388 3830 2456 3872 eo
2477 3815 2735 3886 prun-lare
2787 3824 3063 3884 gestarum
3116 3819 3570 3871 commentarium

298 3900 636 3989 elucubrem,
683 3927 838 3980 itaut
869 3924 1003 3979 nihil
1041 3922 1321 3989 desit,sed
1353 3921 1413 3979 ut'
1438 3930 1724 3978 contexam
1772 3913 2174 3976 laudationem;
2233 3920 2485 3976 eamque,
2519 3919 2618 3975 pro
2674 3900 2813 3969 virili
2860 3911 3076 3973 tantum
3134 3919 3252 3961 mea
3289 3904 3568 3962 facultate.

299 4013 563 4082 Quocirca
589 4015 677 4071 ubi
701 4032 866 4070 unum
898 4017 1161 4070 duntaxat
1182 4025 1515 4084 postremum
1533 4023 1878 4084 suggessero,
1920 4005 2116 4061 faciam
2138 3996 2351 4054 dicendi
2381 3997 2561 4055 ﬁnem-

379 4106 600 4178 Ἐπειδὴ
634 4106 745 4178 γὰρ
774 4107 955 4161 πᾶσαν
990 4102 1359 4177 ἐκπεριελθὼν
1388 4104 1488 4174 τὴν
1537 4100 1887 4173 οἰκουμένην,

300 4201 390 4253 καί
413 4198 531 4263 θεὶς
561 4177 657 4253 ἐπὶ
683 4177 784 4269 τῆς
809 4197 1028 4270 λυχνίας
1055 4195 1148 4252 τδν
1175 4196 1354 4265 λόγον,
1394 4194 1570 4268 μέγαν
1592 4188 1766 4263 ἀνῆψε
1785 4189 1890 4261 τῆς

1984 4184 2195 4243 orbem,
2220 4194 2284 4235 ac
2312 4188 2617 4235 sermonem
2646 4192 2810 4249 super
2840 4177 3218 4233 candelabrum
3244 4194 3472 4248 ponens,
3502 4181 3576 4234 iu-
3693 4227 3702 4239 ,

300 4290 664 4362 εὐαγγελικῆς
716 4290 970 4359 γνώσεως
1022 4288 1115 4343 τὸν
1167 4288 1413 4360 πυρσὸν,
1465 4287 1695 4358 ἀφίκετο
1750 4281 1890 4356 πρὸς

2060 4091 2349 4158 Postquam
2371 4086 2515 4151 enim
2545 4066 2854 4141 universum
2881 4083 3303 4157 circumquaque
3333 4085 3573 4153 lustrans

1985 4285 2202 4348 gentem
2226 4269 2547 4342 evangelica:
2563 4268 2883 4334 cognitionis
2906 4282 2969 4323 ac
2980 4266 3222 4322 scientia:
3240 4268 3579 4325 accendisset

310 4378 639 4452 Ῥωμαίους,
665 4379 741 4443 ὡς
760 4378 1154 4449 βασιλεύουσαν
1178 4379 1351 4444 πόλιν,
1376 4378 1465 4433 ῖνα
1484 4378 1611 4440 τοὺς
1633 4373 1891 4448 κρατοῦν⁶

1992 4366 2196 4437 ignem,
2229 4363 2481 4427 Romam,
2501 4361 2706 4432 regiam
2729 4361 2916 4415 urbem
2947 4358 3099 4428 petit,
3116 4366 3174 4414 ut
3194 4362 3573 4416 universorum

298 4487 394 4537 τας
455 4470 571 4526 τῶν
642 4471 863 4525 πάντων
929 4468 1232 4543 ἀνθρώπων
1292 4468 1734 4542 μυσταγωγήσας
1797 4464 1895 4520 καὶ

300 4565 518 4629 πείσας,
562 4564 661 4616 καὶ
700 4563 1044 4635 κτησάμενος
1080 4561 1356 4633 μαθητὰς,
1392 4561 1458 4616 ἐκ
1493 4559 1587 4614 τοῦ
1615 4557 1896 4629 περιόντος

301 4661 409 4723 τοίς
428 4656 615 4720 ἄλλοις
642 4653 952 4727 ἀνθρώποις
981 4654 1363 4728 προσομιλοίη.
1384 4651 1576 4726 Εύρὼν
1602 4649 1660 4704 δέ
1688 4647 1898 4702 καὶτὸν

308 4749 513 4820 Πέτρον
538 4749 676 4810 ἐκεῖ,
707 4745 808 4817 τῆς
837 4747 1008 4818 αὐτῆς
1038 4745 1281 4817 ἐργάτην
1312 4743 1571 4814 σπουδῆς,
1609 4740 1705 4796 καὶ
1747 4739 1900 4812 ἱεράν

305 4856 425 4893 τινα
447 4841 543 4893 καὶ
574 4838 759 4894 ἔνθεον
802 4837 1070 4911 ξυνωρίδα
1108 4837 1457 4908 ζευξάμενος,
1479 4837 1537 4889 ἐν
1555 4834 1901 4900 συναγωγαῖς

306 4932 432 4997 τοὺς
460 4932 569 4987 ὑπὸ
594 4932 762 5004 νόμον
781 4931 1119 4994 ἐπαίδευσεν,
1150 4928 1210 4985 ἐν
1243 4929 1473 5002 ἀγοραῖς
1496 4927 1623 4989 τοὺς
1651 4923 1901 4987 ἐθνικοὺς

308 5025 654 5096 προσ-ἐκτᾶτο
669 5039 683 5055 ο
714 5023 812 5077 καλ,
836 5021 1082 5087 ποικίλος
1106 5017 1174 5093 ἦν
1194 5021 1304 5073 τῶν
1325 5017 1547 5088 ἀγαθῶν
1562 5016 1901 5078 διδάσκαλος,

308 5113 447 5169 Θεοῦ
469 5114 676 5183 γνῶσιν
708 5112 1026 5185 ἐμφανίζων
1048 5114 1147 5184 τὴν
1172 5109 1419 5182 καθαρὰν
1454 5107 1549 5161 καὶ
1588 5104 1901 5176 ἀκίϐδηλον,

310 5205 511 5277 ἠθικῆς
549 5206 756 5279 ἀρετῆς
797 5204 1030 5268 κανόνας
1082 5200 1426 5274 θεσμοθετῶν
1469 5197 1756 5272 ἀκριϐεῖς,
1799 5198 1908 5249 ἀπ-

316 5297 557 5353 ελαύνων
606 5299 799 5371 πόρρω
827 5296 937 5351 τῶν
970 5293 1273 5367 ἀνθρώπων
1309 5292 1528 5365 χορείας
1557 5290 1650 5343 καὶ
1687 5287 1856 5359 μέθην
1881 5327 1896 5352 ,

319 5393 409 5447 καὶ
429 5393 614 5446 πᾶσαν
637 5391 738 5464 τὴν
762 5389 1064 5445 ἀκόλαστον
1092 5386 1444 5460 ἡδυπάθειαν,
1476 5377 1510 5459 ᾖ
1542 5382 1775 5453 μάλιστα
1806 5379 1901 5434 καὶ

317 5482 378 5537 τὺ
400 5481 605 5556 πλῆθος
636 5480 806 5547 ἅπαν,
840 5482 936 5536 καὶ
967 5483 998 5535 6
1027 5480 1149 5533 τότε
1179 5478 1430 5549 βασιλεὺς
1462 5473 1720 5545 ἐνείχετο.
1744 5470 1900 5526 Καθ-

319 5573 495 5647 ῆψατο
516 5575 628 5647 γὰρ
650 5573 901 5646 σφοδρῶς
940 5570 1038 5627 τοῦ
1074 5571 1325 5643 Νέρωνος
1356 5572 1391 5641 ἡ
1425 5569 1524 5641 τῆς
1552 5566 1782 5638 ἀρίστης
1804 5561 1904 5618 καὶ

395 5774 440 5809 ⁸⁸
467 5773 509 5831 ll
544 5774 673 5832 Cor.
708 5790 826 5840 stu,
857 5774 911 5830 ὅ.
991 5772 1034 5805 ³⁸
1064 5768 1220 5826 Joan.
1252 5781 1371 5833 xm,
1405 5764 1496 5821 2'5.

569 5868 847 5933 Pnnoa.
881 5867 1003 5928 Gn.
1055 5862 1180 5927 XL.

1995 4457 2242 4512 dominos
2277 4455 2512 4519 docens,
2565 4467 2628 4507 ac
2680 4452 2734 4506 in
2765 4450 3089 4506 sententiam
3141 4465 3364 4520 cogens.
3415 4450 3579 4522 inque

1997 4545 2292 4617 discipulos
2339 4545 2609 4609 obtinens,
2663 4557 2729 4598 ex
2778 4541 3073 4598 abundanti
3115 4542 3425 4598 hominibus
3453 4542 3577 4597 reli-

1998 4642 2123 4710 quis
2152 4637 2599 4707 congrederetur.
2624 4635 2758 4690 Cum
2783 4642 2965 4688 autem
3003 4633 3115 4689 illic
3161 4648 3375 4704 quoque
3423 4648 3579 4704 repe-

2000 4735 2163 4789 risset
2208 4730 2452 4797 Petrum,
2496 4729 2548 4783 in
2600 4728 2743 4783 idem
2775 4726 2955 4782 studio
2992 4726 3389 4781 incumbentem
3419 4740 3579 4794 Opus,

2001 4836 2325 4893 sacramque
2373 4821 2663 4892 quamdam
2717 4835 2781 4874 ac
2813 4819 3049 4873 divinam
3079 4818 3256 4887 bigam
3295 4817 3580 4885 copulam,

2001 4931 2096 4971 eos
2125 4914 2219 4984 qui
2259 4923 2418 4968 erant
2452 4916 2552 4967 sub
2594 4914 2731 4981 lege,
2760 4912 2813 4965 in
2854 4911 3141 4982 synagogis
3168 4910 3417 4973 docebat,
3445 4924 3582 4979 gen-

2002 5010 2125 5065 tiles
2160 5008 2212 5061 iu
2244 5007 2377 5061 foris
2403 5006 2737 5069 lucrabatur,
2759 5019 2827 5059 ac
2856 5004 3041 5058 varius
3070 5003 3288 5074 quidam
3317 4997 3603 5056 bonurnm'

2004 5102 2197 5156 doctor
2222 5108 2361 5165 erat,
2395 5112 2584 5169 puram
2621 5096 2713 5151 Dei
2745 5098 3124 5165 sinceramque
3168 5095 3451 5148 scientiam
3491 5094 3586 5149 de-

2005 5193 2242 5256 clarans,
2272 5189 2491 5245 moralis
2515 5188 2733 5243 virtutis
2759 5198 3043 5244 accuratas
3064 5185 3274 5256 regulas
3307 5187 3580 5250 sanciens,

2008 5284 2238 5339 choreas
2272 5297 2336 5337 ac
2364 5281 2708 5345 ebrietatem,
2735 5294 3059 5349 omnemque
3082 5278 3349 5333 luxuriam
3381 5292 3446 5333 ac
3473 5288 3589 5332 tur-

2008 5390 2129 5445 pem
2171 5373 2521 5443 voluptatem,
2551 5372 2638 5426 cui
2676 5371 2928 5434 maxime,
2971 5386 3092 5424 cum
3134 5369 3286 5439 plebs
3310 5372 3585 5435 universa,

2010 5474 2121 5517 tum
2156 5465 2201 5520 is
2236 5465 2328 5535 qui
2360 5478 2539 5518 rerum
2571 5461 2899 5532 potiebatur,
2932 5460 3096 5514 dediti
3131 5471 3308 5526 erant,
3357 5463 3424 5516 ab
3484 5464 3590 5517 btt-

2009 5572 2165 5612 mana
2188 5555 2376 5627 procul
2399 5552 2792 5612 consuetudine
2811 5552 3101 5622 depellens.
3120 5549 3365 5610 Graviter
3394 5554 3589 5627 quippe

3237 5850 3309 5907 ιιι
