4048 6194
478 264 580 318 £99

1754 258 1815 313 S.
1857 258 2131 317 ASTERII
2168 260 2471 317 AMASENI

3635 260 3741 321 500

479 385 746 440 Neronem
793 384 1109 455 perstrinxit
1154 383 1373 453 optima:
1408 390 1677 449 castzeqne
1708 381 1797 437 illa
1827 397 2042 439 conver-

2163 382 2439 457 σώφρονος
2484 383 2755 447 πολιτείας
2803 384 3080 454 εἰσαγωγή
3104 401 3116 413 ·
3169 383 3261 436 καὶ
3307 382 3467 437 πλέον
3498 382 3746 456 ἀλγήσας

478 477 704 532 sationis
731 476 1045 540 lnsinuatio,
1096 472 1289 542 majori
1322 488 1353 527 a
1410 471 1733 527 labefactata
1787 471 2060 541 voluptate

483 569 733 622 aliut-tum
760 567 969 629 dolore,
998 580 1162 631 quam
1196 564 1240 619 si
1271 564 1498 634 imperio
1528 563 1641 631 ipso
1674 562 1861 632 pulsus
1885 571 2053 618 esset.

478 661 689 714 Etenim
747 666 863 712 erat
923 667 980 711 nt
1012 657 1148 711 alius
1193 656 1315 725 quis
1355 654 1567 709 subtilis
1619 654 1948 721 voluptatum
1978 651 2061 706 in-

482 763 665 805 ventor
687 763 848 819 atque
874 749 1097 814 artifex,
1128 748 1334 804 deliciis
1358 757 1573 815 captus,
1609 760 1674 800 ac
1697 746 1948 799 tibiarum
1999 758 2060 798 se

476 851 634 897 rautu
669 856 960 897 recreans:
992 842 1216 912 ignavus
1263 839 1548 907 mollisque
1577 853 1641 891 ac
1674 837 2054 901 elleminatus;

476 942 778 987 scortorum
809 946 1031 1002 przuses,
1074 947 1178 986 non
1230 946 1323 985 rex
1351 932 1613 984 virorum.
1651 927 1764 995 Qua
1799 927 1943 982 enim
1971 941 2054 980 ra-

478 1026 622 1077 tione
660 1022 889 1077 aliorum
926 1023 1314 1083 dominaretur,
1351 1020 1440 1089 qui
1466 1036 1531 1073 ne
1567 1018 1667 1072 sibi
1700 1017 1918 1086 quidem
1955 1018 2058 1070 im-

473 1131 664 1184 perare
687 1115 894 1168 sciret?
925 1113 983 1167 ld
1012 1128 1175 1167 unum
1205 1113 1430 1167 curabat
1454 1127 1518 1163 ac
1549 1109 1808 1164 sollicitus
1835 1108 2049 1179 agebat,

475 1216 534 1258 ut
565 1206 777 1275 pietatis
804 1219 868 1259 ac
902 1204 1170 1259 castitatis
1229 1204 1501 1258 doctorem
1545 1216 1611 1255 ex
1644 1202 1777 1255 urbe
1835 1201 2055 1255 exscin-

475 1298 645 1351 deret.
677 1298 755 1351 Ac
777 1313 903 1351 vero
929 1296 1155 1351 Herodis
1178 1294 1461 1351 aemulatus
1489 1295 1751 1356 auiumm,
1782 1293 2056 1362 apostolos

472 1388 527 1445 in
554 1403 829 1443 carcerem
864 1388 1044 1453 tradit,
1067 1388 1143 1441 uti
1180 1387 1269 1442 ille
1291 1386 1581 1448 Joannem,
1612 1385 1927 1454 habensque
1969 1386 2053 1440 al-

474 1480 642 1533 terius
667 1481 834 1533 instar
863 1478 1201 1544 llerodiadis,
1231 1479 1555 1549 impudicam
1598 1492 1662 1532 ac
1688 1478 1873 1531 veneri
1900 1493 2054 1569 mqu-

472 1573 704 1642 cipatam
752 1572 1105 1638 voluntatem,
1136 1570 1279 1626 Petri
1320 1585 1384 1626 ac
1417 1569 1568 1625 Pauli
1600 1579 1932 1637 quaerentem
1964 1585 2057 1625 ca-

473 1671 591 1734 put,
642 1664 904 1735 martyrio
958 1664 1150 1720 ambus
1186 1662 1504 1725 ceronavit;
1549 1661 1776 1716 alterum
1837 1663 2051 1732 quidem

2159 476 2260 548 τῆς
2293 476 2488 547 ἡδονῆς
2521 475 2942 545 καταλυόμενος,
2970 474 3002 545 ἢ
3037 475 3090 528 εῐ
3123 492 3207 537 τις
3258 474 3535 545 βασιλείας
3570 475 3746 545 αὐτῆς

2161 567 2502 635 ἐξεϐάλλετο.
2559 567 2670 620 Καὶ
2701 565 2810 638 γὰρ
2833 563 2924 638 ἦν,
2954 565 3113 637 εἴπερ
3147 584 3232 630 τις
3262 567 3449 631 ἄλλος,
3484 568 3746 641 σοφιστὴς

2161 656 2385 728 ἡδονῶν,
2414 656 2635 729 τρυφῶν
2668 656 2761 710 καὶ
2789 655 3244 727 καταυλούμενος,
3291 655 3424 726 βλὰξ
3466 657 3562 711 καὶ
3588 656 3744 728 θηλυ-

2158 749 2333 820 δρίας,
2358 748 2571 820 πορνῶν
2600 747 2915 820 ἐπιστάτης,
2962 748 3023 800 ού
3050 746 3299 818 βασιλεὺς
3342 747 3574 817 ἀνδρῶν.
3620 748 3750 811 Πῶς

2159 840 2268 912 γὰρ
2293 840 2359 895 ἂν
2387 840 2592 911 ἑτέρων
2623 839 2926 912 ἐκράτησεν
2968 841 2997 891 ὀ
3025 839 3199 910 ἀρχὴν
3220 837 3387 891 αὑτοῦ
3415 839 3488 910 μὴ
3513 836 3705 909 μαθών
3730 855 3747 903 ;

2157 933 2304 987 Μίαν
2323 931 2472 985 ἔθετο
2499 930 2772 1001 φροντίδα,
2805 931 2952 993 ὅπως
2984 930 3049 983 ἂν
3076 929 3303 999 ἐκκόψαι
3323 931 3385 982 ἐκ
3411 929 3511 999 τῆς
3535 929 3765 993 πόλεως

2157 1023 2252 1077 τὸν
2277 1022 2377 1094 τῆς
2401 1021 2684 1084 εὐσεϐείας
2726 1021 2817 1075 καὶ
2866 1019 3220 1092 σωφροσύνης
3251 1019 3591 1074 διδάσκαλον.
3633 1020 3749 1074 Καὶ

2158 1113 2406 1183 ζηλώσας
2456 1112 2549 1167 τὸν
2588 1112 2834 1184 Ἡρώδην
2882 1113 2981 1183 τῆς
3040 1110 3288 1182 γνώμης⁹
3351 1111 3554 1179 ἀπάγει
3615 1112 3749 1176 τοὺς

2157 1206 2490 1269 ἀποστόλους
2514 1208 2593 1270 είς
2608 1206 3000 1277 δεσμωτήριον,
3022 1205 3097 1268 ὡς
3117 1204 3208 1258 τὸν
3232 1205 3486 1276 Ἰωάννην
3506 1206 3740 1271 ἐκεῖνος,

2157 1297 2293 1368 ἔχων
2321 1297 2378 1351 δὲ
2408 1296 2531 1351 καθ’
2555 1295 2851 1366 ὁμοιότητα
2880 1294 3048 1365 ἀλλην
3096 1291 3432 1363 Ἡρωδιάδα,
3476 1291 3575 1363 τὴν
3611 1293 3767 1346 ἀχά-ρ

2154 1391 2349 1445 λαστον
2379 1391 2473 1444 καλ⁸
2502 1391 2788 1461 φιλήδονον
2816 1386 3063 1459 γνώμην,
3096 1386 3195 1457 τὴν
3231 1385 3501 1457 ζητοῦσαν
3530 1386 3749 1458 Πέτρου

2155 1484 2251 1536 καὶ
2296 1482 2507 1537 Παύλου
2546 1482 2645 1555 τὴν
2690 1479 2965 1552 κεφαλὴν,
3012 1478 3355 1550 ἀμφοτέρους
3399 1478 3626 1548 ἀνέδησε
3659 1477 3744 1548 τῷ

2157 1576 2407 1649 στεφάνῳ
2446 1576 2539 1630 τοῦ
2579 1576 2913 1649 μαρτυρίου,
2956 1574 3050 1628 τὸν
3100 1574 3198 1644 μὲν
3256 1571 3335 1642 τῷ
3380 1568 3520 1641 ξύλῳ
3574 1585 3751 1641 προσ-

2160 1668 2400 1739 ηλώσας,
2429 1667 2524 1721 τοῦ
2561 1668 2619 1722 δὲ
2640 1666 2855 1722 Παύλου
2893 1665 2991 1738 τὴν
3040 1664 3282 1736 κεφαλὴν
3316 1661 3583 1733 ἐκτεμὼν,
3607 1663 3771 1731 ἡμῖν

473 1756 692 1827 aﬂigens
726 1756 870 1825 ligno
894 1796 910 1816 .
941 1756 1091 1811 Pauli
1119 1771 1248 1812 vero
1274 1756 1543 1810 cervicem
1573 1754 1917 1817 abscindens,
1948 1769 2042 1809 no-

2155 1760 2248 1814 καὶ
2272 1759 2351 1831 τῷ
2386 1759 2574 1830 κόσμῳ
2600 1756 2914 1813 καταλιπὼν
2940 1756 3001 1810 τὸ
3033 1755 3142 1809 τῶν
3187 1754 3358 1824 ἁγίων
3380 1753 3572 1820 πάθος,
3601 1769 3748 1807 παν-

472 1848 663 1918 bisque
692 1863 754 1904 ac
776 1849 1029 1903 universo
1060 1848 1281 1911 mundo,
1313 1845 1503 1901 festum
1531 1843 1707 1898 lucem
1737 1856 1901 1914 atque
1924 1861 2055 1900 con-

470 1945 714 2002 ventum,
752 1950 816 1991 ac
854 1945 1015 1990 tantm
1038 1946 1417 2003 argumentum
1478 1932 1863 1999 solemnitatis,
1921 1951 2050 1990 san-

471 2036 682 2083 ctorum
718 2027 1023 2095 passionem
1052 2027 1386 2096 relinquens.

540 2114 667 2171 Haec
696 2116 872 2179 nobis,
907 2123 989 2170 ter
1012 2130 1110 2172 vos
1130 2118 1298 2183 beati,
1323 2134 1501 2174 annua
1533 2118 1617 2174 lex
1653 2132 1940 2175 recurrens
1970 2126 2056 2171 at-

472 2206 617 2272 tulit,
646 2221 740 2261 vos
763 2206 981 2276 quidem
1005 2207 1204 2277 ubique
1235 2223 1334 2264 ceu
1360 2209 1508 2265 orbis
1530 2224 1847 2265 communes
1873 2207 2051 2263 athle-

472 2310 555 2355 tas
573 2299 918 2369 prazdicans:
962 2309 1249 2370 vestroque
1268 2302 1497 2367 honore,
1528 2303 1807 2357 hominum
1844 2311 2054 2355 mentes

470 2390 538 2443 ad
587 2390 808 2444 meliora
835 2403 1187 2459 componens.
1226 2389 1453 2446 Virtutis
1494 2393 1691 2462 quippe
1725 2392 1896 2446 honor
1940 2390 2055 2455 plu-

468 2485 606 2537 rium
652 2493 911 2555 provocat
958 2468 1357 2540 mmulatiouem
1395 2501 1408 2538 :
1455 2487 1506 2540 in
1534 2487 1750 2542 Christo
1788 2485 1912 2541 Jesu
1949 2486 2049 2540 Do-

468 2573 615 2630 mino
658 2582 870 2640 nostro,
919 2573 1005 2629 cui
1070 2572 1242 2644 gloria
1290 2588 1356 2629 ac
1411 2574 1693 2645 imperium
1731 2572 1782 2627 in
1824 2571 2041 2627 smcnla.

466 2666 656 2723 Amen.

1212 2754 1306 2811 IX.

678 2844 750 2899 In
785 2853 1023 2899 sanctum
1058 2854 1350 2915 martyrem
1374 2841 1607 2898 Phocum
1647 2842 1783 2914 (42).

538 3006 767 3064 Pulchra
794 3016 878 3063 est
923 3021 987 3063 ac
1030 3006 1182 3063 utilis
1213 3006 1437 3062 honesta
1482 3003 1782 3060 colentibus
1832 3014 2046 3062 saneto-

2156 1852 2373 1929 ήγυριν,
2409 1852 2504 1905 καὶ
2547 1850 2816 1913 τοσαύτης
2848 1850 3041 1920 ἑορτῆς
3082 1849 3359 1920 ἀφορμήν.

2220 2114 2411 2170 Ταῦτα
2435 2116 2591 2185 ἡμῖν,
2629 2107 2675 2166 ὦ
2713 2112 3125 2185 τρισμακάριοι,
3165 2111 3395 2181 ἤνεγκεν
3442 2109 3473 2161 ὁ
3519 2108 3748 2179 ἐτήσιος

2155 2208 2337 2278 νόμος,
2368 2207 2514 2277 ὑμᾶς
2542 2204 2643 2276 μὲν
2680 2204 3074 2277 ἀνακηρύττων
3102 2200 3380 2272 πανταχοῦ
3405 2200 3481 2264 ὡς
3521 2199 3748 2263 κοινοὺς

2153 2300 2251 2370 τῆς
2284 2297 2609 2367 οἰκουμένης
2627 2295 2903 2367 ἀθλητὰς,⁶
2927 2293 3152 2364 βελτιῶν
3185 2293 3244 2346 δὲ
3267 2292 3365 2356 τὰς
3393 2290 3501 2345 τῶν
3522 2290 3749 2363 ἀνθρώ-

2156 2408 2272 2443 πων
2315 2389 2540 2460 γνώμας
2575 2387 2665 2443 διὰ
2698 2389 2796 2459 τῆς
2843 2386 3116 2458 ὑμετέρας
3159 2384 3347 2455 τιμῆς.
3396 2382 3593 2456 ’Λρετὴ
3626 2382 3747 2454 γὰρ

2153 2480 2465 2551 τιμωμένη,
2498 2479 2724 2542 πολλοὺς
2770 2476 3149 2549 ὲγείρει⁹πρὺς
3191 2474 3352 2547 ζῆλον
3373 2491 3386 2506 υ
3427 2475 3485 2528 ἐν
3512 2474 3747 2545 Χριστῷ

2165 2567 2340 2640 Ἰησοῦ
2373 2567 2450 2639 τῷ
2476 2566 2665 2640 Κυρίῳ
2695 2565 2851 2637 ήμῶν
2869 2608 2883 2632 ,
2916 2560 2961 2633 ᾧ
2988 2567 3021 2635 ὴ
3048 2564 3195 2633 δόξα,
3227 2565 3321 2619 καὶ
3341 2564 3404 2618 τὸ
3430 2563 3631 2635 κράτος
3656 2565 3746 2628 είς

2154 2661 2278 2724 τοὺς
2318 2658 2536 2724 αἰῶνας.
2587 2659 2778 2731 Ἀμήν.

2908 2753 2986 2806 Θ.

2302 2842 2619 2914 Ἐγιιώμων
2643 2847 2731 2911 είς
2748 2844 3334 2915 ἄγιονλεςρομάρτιῳα
3357 2841 3587 2897 (tamira

2215 3001 2371 3074 Καλὴ
2404 3001 2499 3056 καὶ
2531 3002 2890 3074 συμφέρουσα
2925 3004 3037 3067 τοῖς
3064 3003 3425 3073 ἁσκουμένοις
3462 3003 3532 3056 τὰ
3559 3021 3739 3057 σπου-

469 3117 584 3156 rum
611 3098 891 3156 memoria.
921 3095 1130 3154 Nedum
1152 3098 1307 3154 enim
1338 3111 1454 3164 eos,
1478 3096 1568 3168 qui
1596 3095 1810 3152 virtutis
1836 3112 1900 3151 ac
1932 3096 2042 3167 pie-

2147 3093 2291 3163 δαῖα,
2336 3095 2443 3151 τῶν
2480 3097 2653 3165 ἁγίων
2688 3098 2720 3168 ἡ
2762 3097 2970 3169 μνήμη.
3019 3096 3095 3149 Οὐ
3144 3095 3254 3169 γὰρ
3301 3096 3447 3169 λόγῳ
3484 3096 3740 3152 παιδεύει

536 3280 649 3352 (ιὲ)
680 3281 755 3360 ΕΞ
819 3280 954 3360 Regf
1004 3281 1123 3335 cod.
1151 3280 1366 3360 emend.
1397 3293 1464 3334 ex
1496 3280 1554 3333 P.
1583 3277 1749 3334 Sirm.
1783 3288 2036 3360 antngra-

536 3295 649 3352 tu)
683 3295 755 3335 ex
822 3295 954 3403 urg.
1004 3295 1123 3335 eoa.
1151 3295 1366 3334 emenu.
1397 3295 1464 3334 ex
1496 3295 1554 3333 ι’.
1583 3295 1749 3334 διτηι.
1783 3295 2036 3360 autogra-

465 3354 594 3421 pho.
623 3381 696 3392 —
721 3351 864 3405 Duos
940 3354 1124 3422 hocas,
1160 3352 1362 3422 ambos
1380 3360 1433 3403 et
1464 3361 1754 3422 martyres,
1783 3348 2037 3422 et_Smo-

466 3418 535 3491 pe
581 3422 861 3485 oriundos,
914 3421 1143 3474 alterum
1192 3419 1569 3491 hortulanum.
1610 3418 1780 3491 'cujus
1840 3418 2039 3474 festum

466 3487 604 3559 apud
638 3491 855 3546 Latinos
896 3499 1093 3560 agatur
1141 3504 1198 3543 ιιι
1229 3487 1408 3560 Nonas
1440 3488 1681 3560 Martias,
1713 3489 1941 3560 alterum
1973 3505 2041 3545 ex

466 3557 737 3629 piscatore
775 3557 1104 3631 episcopum,
1167 3558 1519 3631 cujuspridie
1570 3558 1692 3614 ldus
1734 3557 1943 3631 Julius;
1974 3574 2038 3615 ac

465 3626 557 3700 qui
612 3631 770 3685 ambo
809 3626 959 3700 apud
1014 3626 1241 3700 Grmcos
1283 3626 1357 3683 22
1409 3626 1714 3700 Septembr.
1764 3630 2034 3700 colantur,

464 3698 708 3768 pluribus
740 3701 897 3754 tradit
932 3699 1196 3755 Baronius
1228 3699 1279 3753 in
1310 3709 1421 3752 not.
1465 3701 1531 3752 ad
1560 3699 1835 3770 Martyrol.
1867 3698 2027 3755 Rom.

464 3771 534 3827 M
556 3770 701 3826 Julii.
740 3771 937 3839 Sicque
980 3771 1135 3840 plane
1185 3771 1415 3824 diversis
1438 3771 1628 3825 diebus
1651 3771 1788 3839 apud
1813 3770 2034 3825 Latinos

466 3843 759 3911 consignati
814 3842 1099 3902 Itabz‘tttttr,
1140 3854 1203 3894 ac
1234 3841 1571 3911 distinguunt
1616 3841 1790 3895 (irasci
1839 3840 1912 3894 22
1942 3842 2030 3895 illa

463 3907 817 3981 Septembris,
856 3912 1159 3977 peeularius
1204 3907 1539 3965 celebra—tiles
1573 3911 1767 3981 Ριιοοῳ
1793 3911 2031 3981 episcopi

462 3979 813 4050 ac‘iuartyris
863 3983 1075 4041 festum,
1113 3982 1169 4034 in
1214 3981 1368 4049 cujus
1402 3982 1657 4035 honorem
1690 3979 1923 4037 ol'lieium
1951 3979 2034 4036 to-

380 4072 388 4078 ·
462 4060 576 4121 tum
607 4052 961 4121 compositum
1000 4060 1102 4115 est,
1140 4052 1408 4119 simulque
1441 4053 1756 4106 memoriam
1805 4060 2030 4121 agentes

463 4120 658 4177 ΡΙιοοω
686 4123 906 4175 alterius
938 4136 1002 4173 ex
1041 4122 1323 4174 hortulauo
1355 4124 1630 4191 martyris.
1662 4120 1890 4181 quorum
1914 4138 2030 4175 aut-

462 4191 655 4246 borum
685 4192 846 4246 resin
881 4192 1184 4261 b’ynaxario
1222 4191 1445 4244 seorsim
1478 4192 1937 4261 complectuntur;
1964 4207 2027 4245 ac

464 4262 717 4331 pleraque
760 4262 847 4316 hic
894 4259 960 4315 ab
993 4262 1205 4315 Asterio
1249 4263 1481 4328 ascripta
1518 4259 1709 4331 Phocge
1741 4261 2028 4331 hortulano

462 4328 747 4398 miracula,
785 4331 1025 4384 tribuunt
1066 4331 1144 4402 illi
1175 4332 1447 4399 episcopo,
1484 4345 1641 4402 quem
1667 4329 1787 4384 ideo
1816 4328 2031 4402 θαυμα-

459 4402 692 4472 τουργόν
720 4411 948 4472 vocant,
986 4416 1089 4472 non
1126 4400 1360 4455 Phocum
1392 4400 1756 4472 hortulanum,
1789 4411 1844 4453 ut
1871 4400 2030 4468 plane

462 4468 686 4526 neceSse
714 4474 784 4526 sit
812 4470 978 4525 fuisse
1022 4471 1296 4524 Asterium
1341 4470 1571 4523 nominis
1603 4470 2036 4539 tequivocatione
2071 4468 2113 4523 D

463 4544 767 4608 deceptum,
804 4554 866 4594 ac
898 4542 946 4595 ei
982 4541 1262 4603 accidisse,
1289 4540 1429 4610 quod
1468 4539 1729 4606 Gregorio
1757 4541 1955 4594 accidit
1979 4542 2031 4595 itt

461 4611 755 4682 Cypriano,
796 4610 1044 4665 eumdem
1091 4608 1322 4665 facienti
1359 4608 1681 4681 Cyprianum
1728 4624 1942 4682 magum
1981 4621 2036 4664 et

462 4680 787 4751 Cyprianum
837 4682 1168 4751 episcopum,
1205 4697 1340 4749 quos
1381 4680 1560 4734 vetera
1606 4695 1696 4751 ac;
1721 4680 2033 4735 fidelissima

463 4749 807 4807 tmnunnenta
848 4749 1088 4806 diversos
1146 4766 1264 4805 esse
1306 4759 1593 4805 testantur.
1656 4749 1831 4819 thue
1884 4753 1956 4805 ita
2003 4768 2033 4805 a

461 4822 595 4877 viris
628 4824 813 4887 tantis,
854 4837 953 4875 nec
995 4824 1129 4874 adeo
1170 4822 1391 4883 dissitis,
1432 4819 1535 4874 ista
1583 4832 1797 4889 peccata
1841 4822 1950 4875 sint
1980 4837 2033 4875 ιιι

462 4904 772 4947 sanctorum
810 4891 1054 4955 historia,
1089 4892 1215 4959 quid
1253 4892 1447 4945 mirum
1492 4889 1640 4955 plura
1679 4891 1932 4960 deinceps
1961 4894 2033 4947 si-

462 4962 576 5016 mili
598 4978 785 5018 errore
809 4965 861 5016 in
889 4962 1033 5022 aliis,
1054 4976 1116 5014 ac
1135 4961 1203 5030 ab
1232 4961 1350 5015 aliis
1376 4962 1753 5016 remotioribus
1777 4962 2035 5030 peccari?

463 5034 565 5099 Qui
613 5034 867 5102 ascripsit
913 5032 1123 5102 titulum
1159 5028 1325 5101 Regio
1368 5032 1487 5085 cod.
1525 5046 1591 5086 ex
1622 5047 1729 5100 quo
1756 5028 2032 5101 peculiare

462 5101 770 5167 exordium,
797 5103 1034 5169 illudque
1077 5101 1230 5171 plane
1271 5113 1541 5165 ornatum,
1579 5103 1811 5162 edimus.
1848 5102 2036 5170 appel-

462 5172 625 5227 lando
653 5174 1045 5246 ίερομάρτυρα,
1087 5172 1258 5246 videri
1291 5171 1863 5246 episcopunt_Pltocat_n
1891 5172 2037 5246 indi-

463 5246 623 5296 cavit.
653 5241 827 5296 Potuit
851 5241 1062 5297 Phocus
1086 5243 1401 5295 hortulanus
1425 5242 1619 5294 Asterii
1641 5248 1798 5294 atate
1821 5242 1892 5293 ita
1918 5241 2036 5295 cla-

464 5328 608 5376 rere,
641 5327 705 5366 ac
749 5314 944 5369 celebri
974 5315 1107 5366 adeo
1145 5312 1399 5366 memoria
1431 5312 1481 5364 in
1514 5310 1684 5364 Ponto
1712 5310 1934 5375 habere,
1977 5320 2037 5365 ut

462 5383 769 5451 episeOpum
805 5383 1030 5437 Phocum
1058 5398 1157 5451 apu
1183 5387 1192 5433 Ι
1221 5383 1400 5452 plures
1425 5380 1712 5452 Asiaticos,
1748 5381 2035 5452 ipsumque

463 5449 598 5504 adeo
642 5452 937 5516 Asterium,
968 5449 1245 5505 tiliusearit
1277 5451 1454 5521 :quod
1501 5450 1551 5521 in
1604 5449 1723 5503 aliis
1766 5450 2036 5505 accidisse

461 5523 686 5583 scimus,
719 5531 774 5574 ut
814 5524 865 5575 itt
894 5522 953 5575 S.
989 5521 1046 5575 P.
1077 5522 1139 5575 Ν.
1173 5521 1473 5582 Dorniuico,
1501 5520 1722 5588 ejusque
1747 5522 2034 5588 cognomi-

464 5609 529 5645 ne
562 5592 839 5646 Dominico
867 5606 894 5643 a
921 5591 1030 5644 Silo
1064 5606 1126 5644 eo
1155 5590 1468 5658 antiquiori,
1512 5590 1562 5642 in
1596 5590 1914 5657 quibusdam
1950 5589 2035 5645 io-

459 5664 539 5714 cis
571 5661 857 5730 llispauiat.
888 5662 1039 5727 Quod
1074 5662 1145 5713 ait
1175 5660 1454 5723 Duronius,
1490 5674 1703 5728 passum
1735 5676 1854 5715 esse
1897 5660 2036 5714 Pho-

459 5747 580 5786 cam
611 5731 949 5788 ltor'ttlamuu
981 5731 1298 5796 Antiochiae,
1350 5744 1452 5785 non
1497 5730 1731 5801 Sinope;
1772 5740 2034 5804 pttl'ilqttc

1133 5847 1147 5879 I

2138 3278 2413 3350 accepisse
2459 3292 2528 3350 exp
2575 3276 2732 3350 R_om.
2774 3277 3153 3350 Martyrologio
3190 3295 3249 3334 ut
3292 3278 3475 3334 Nonas
3527 3277 3738 3346 Martii,

2141 3346 2290 3405 nullo
2327 3350 2487 3403 modo
2518 3348 2569 3402 in
2606 3346 2835 3401 Phor-am
2881 3346 3246 3413 hortulanum,
3276 3365 3341 3404 ac
3366 3364 3525 3415 quem
3569 3350 3733 3408 Aste-

2143 3421 2258 3475 rius
2307 3419 2565 3484 celebrat,
2614 3420 2902 3472 autetiam
2943 3418 3116 3474 (ἔτωεί
3154 3420 3338 3474 colunt
3364 3420 3436 3474 22
3478 3420 3734 3488 Septem.

2144 3490 2396 3561 quadrat.
2427 3492 2504 3561 Ae
2533 3489 2694 3561 plane
2723 3488 2865 3561 alius
2908 3494 2981 3544 sit
3021 3488 3190 3561 Syrus
3208 3490 3316 3561 ille
3350 3500 3554 3561 martyr
3577 3490 3738 3546 Pho-

2144 3558 2238 3616 cas
2269 3558 2497 3630 Romani
2528 3559 2892 3628 Martyrologii
2928 3576 2988 3614 ac
3012 3558 3173 3630 Greg.
3205 3558 3506 3625 Turonen.,
3543 3576 3593 3617 c.
3632 3564 3734 3627 99,

2144 3646 2173 3683 a
2217 3630 2426 3684 duobus
2461 3628 2703 3683 Ponticis
2738 3644 2801 3683 ac
2835 3628 3275 3700 Asiaticis,qnos
3319 3641 3525 3684 tantum
3565 3631 3734 3689 (irrc-

2141 3701 2245 3766 cia,
2272 3710 2331 3755 ut
2359 3701 2702 3769 peculiariter
2733 3715 2882 3765 suos,
2912 3716 2975 3755 ac
3007 3701 3058 3753 in
3096 3701 3316 3755 dimeesi
3358 3700 3731 3770 Constinopo-

2142 3771 2305 3825 litaua
2339 3786 2546 3839 passos.
2571 3771 2670 3841 sibi
2695 3770 2951 3841 colendos
2980 3774 3267 3839 acceperit.
3313 3771 3547 3839 Excepto
3572 3774 3727 3841 enim

2142 3842 2385 3907 nomine,
2422 3841 2551 3895 nihil
2584 3839 2777 3895 Pliucm
2798 3840 2871 3893 illi
2902 3857 3022 3894 cum
3050 3842 3247 3911 duplici
3278 3842 3499 3895 Pontico
3532 3858 3593 3897 ac
3632 3842 3725 3899 Si-

2141 3913 2389 3980 nopensi,
2439 3912 2672 3965 maxime
2706 3926 2826 3963 cum
2864 3912 3147 3966 hortulauo
3191 3923 3394 3973 iiustro,
3430 3927 3728 3969 commune

2142 3980 2410 4051 invenias,
2439 3996 2538 4036 nec
2569 3982 2765 4043 locum,
2794 3996 2892 4035 nec
2917 3983 3131 4034 modum
3161 3984 3447 4051 passionis,
3469 3997 3568 4037 nec
3598 3985 3729 4039 vita

2141 4050 2475 4122 institutum,
2505 4068 2603 4106 nec
2641 4051 2924 4122 miraCula.
2974 4050 3536 4122 Verha'Martyrologii
3569 4065 3721 4119 sunt,

2138 4134 2199 4192 ac
2233 4120 2678 4192 Gregoriicitati,
2706 4136 2835 4192 cap.
2854 4121 2947 4175 illo
2975 4122 3042 4177 99
3074 4122 3148 4175 De
3172 4120 3339 4191 gloria
3376 4133 3674 4192 martyrum
3700 4141 3722 4180 :

2134 4190 2427 4245 Antiochiae
2469 4189 2679 4244 Natalis
2705 4189 2992 4263 siphara:
3027 4189 3293 4263 martyris,
3318 4198 3407 4262 qui
3432 4189 3543 4257 post
3575 4195 3721 4247 ntul-

2138 4270 2239 4325 tas,
2266 4278 2393 4329 quas
2418 4277 2509 4323 pro
2537 4263 2742 4314 nomine
2765 4261 3122 4328 Redemptoris
3154 4261 3338 4329 passus
3364 4273 3441 4316 est
3465 4264 3720 4332 injurias,

2136 4332 2363 4400 qualiter
2389 4332 2454 4384 de
2481 4332 2701 4402 antiquo
2732 4333 2823 4385 illo
2853 4341 3087 4399 serpente
3114 4334 3530 4402 triumphaverit,
3561 4335 3721 4390 hodie

2136 4416 2339 4469 quoque
2369 4400 2574 4470 pupulis
2598 4418 2658 4454 eo
2685 4402 2940 4474 miraculo
2962 4400 3284 4474 declaratur,
3312 4405 3453 4473 quod
3495 4406 3545 4457 si
3571 4407 3737 4474 quisw

2136 4473 2279 4538 piunt
2317 4490 2348 4524 α
2394 4482 2629 4540 serpente
2681 4487 2885 4526 morsus
2913 4470 3092 4540 fuerit,
3127 4484 3182 4526 ut
3210 4470 3434 4541 jannam
3477 4470 3718 4529 basilica:

2136 4543 2386 4611 martyris
2419 4543 2911 4611 rredenrpnttigerit,
2939 4544 3208 4610 confestim
3242 4554 3493 4598 evacuata
3521 4546 3721 4600 virtute

2134 4608 2314 4664 veneni
2359 4623 2600 4667 sanatur.
2635 4608 2781 4665 Nihil
2828 4612 3018 4665 horum
3040 4608 3128 4665 vel
3158 4614 3427 4676 Asterius,
3463 4615 3545 4667 vel
3576 4615 3721 4669 alius

2135 4683 2447 4751 quisquam.
2480 4692 2704 4751 excepto
2747 4682 2977 4735 Barouio
3016 4683 3312 4744 divinante,
3347 4699 3409 4737 ac
3441 4685 3603 4739 Surio
3646 4701 3718 4740 ex

2138 4751 2229 4805 illo
2271 4752 2629 4817 exscribente,
2677 4751 2729 4803 in
2781 4751 3097 4805 alterutrum
3144 4754 3375 4807 Phocam
3426 4753 3717 4809 Ponticum

2137 4822 2287 4885 dicit,
2346 4836 2578 4887 eumque
2622 4821 2775 4888 plura
2832 4822 3091 4875 miracula
3135 4823 3397 4886 referant,
3438 4822 3723 4892 quomodo

2136 4905 2232 4944 eos
2268 4901 2411 4944 tanta
2470 4892 2555 4943 illa
2609 4892 2782 4944 virtus
2822 4892 3052 4958 pellendi
3092 4908 3316 4957 venena,
3366 4895 3477 4949 sola
3529 4896 3710 4954 latuit.

2135 4974 2295 5037 quam
2322 4976 2480 5037 unum
2517 4961 2569 5014 in
2609 4959 2746 5037 S_yro
2785 4959 2961 5037 Phoea
2994 4961 3305 5037 Gregorius.
3341 4980 3404 5019 ac
3436 4965 3709 5037 Martyro-

2137 5030 2333 5105 logium
2370 5032 2595 5105 μοιιιιιηζ
2627 5030 2710 5105 ita_
2731 5031 3080 5105 praedicavit?
3108 5030 3245 5105 'Milti
3283 5048 3413 5105 ergo
3453 5030 3594 5089 alius
3628 5050 3717 5105 est

2140 5099 2347 5171 Phocus
2376 5100 2464 5154 ille
2494 5115 2522 5153 a
2561 5099 2818 5165 Ponticis,
2857 5116 2955 5156 nec
2986 5103 3029 5155 si
3063 5104 3188 5171 quid
3228 5099 3477 5160 Asterius
3513 5104 3714 5159 confu-
3782 5131 3793 5138 -

2137 5171 2234 5232 dit,
2274 5170 2326 5223 in
2373 5186 2438 5224 eo
2494 5172 2762 5240 putandus
2787 5180 2871 5225 est
2901 5170 3230 5239 contudisset,
3260 5177 3353 5230 sed
3391 5176 3442 5228 iu
3473 5177 3589 5230 suis
3620 5178 3715 5230 Si-

2136 5239 2505 5311 nopensibus.
2526 5239 2775 5311 EpiseOpi
2834 5242 3089 5311 reliquias
3120 5244 3280 5299 tradit
3308 5245 3425 5299 Αάο
3453 5246 3505 5301 in
3538 5244 3716 5300 Chro-

2136 5310 2252 5380 nico
2287 5326 2375 5363 an.
2408 5310 2531 5376 lOl,
2568 5309 2828 5380 Viennam
2878 5309 3045 5368 fuisse
3084 5315 3391 5380 translatas,
3419 5329 3484 5370 ac
3521 5315 3574 5369 in
3606 5319 3712 5371 55.

2134 5370 2527 5447 Apostolorum
2552 5370 2770 5435 basilica
2822 5384 3113 5438 collocatas
3141 5401 3155 5436 :
3182 5402 3285 5437 non
3316 5370 3496 5439 tamen
3527 5370 3717 5442 narrat

2137 5465 2243 5519 quo
2287 5452 2342 5524 id
2377 5462 2614 5521 tempore
2652 5462 2858 5521 gestum
2885 5454 2978 5517 sit,
3009 5455 3102 5507 sed
3144 5464 3348 5509 tantum
3391 5455 3560 5509 relvrt.
3589 5471 3713 5524 pas—

2136 5535 2255 5574 sum
2292 5520 2497 5576 illustri
2528 5520 2786 5591 martyrio
2821 5525 3151 5593 temporibus
3188 5524 3429 5594 Traiani.
3455 5520 3610 5593 Quod
3641 5532 3709 5582 dc

2135 5604 2252 5645 arte
2289 5593 2405 5665 ejus
2447 5594 2823 5665 gulieruatoria
2873 5608 2973 5665 seu
3005 5594 3217 5648 nautica
3263 5593 3390 5665 ante
3421 5598 3714 5665 episcopa-

2140 5671 2246 5714 tum
2306 5663 2504 5716 habent
2556 5664 2723 5732 ipsius
2782 5673 2900 5716 acta
2952 5662 3140 5716 Latina
3188 5668 3325 5733 apud
3370 5662 3627 5732 Petrum,
3657 5677 3713 5721 et

2140 5732 2292 5800 alios,
2340 5733 2406 5786 sit
2443 5733 2580 5785 torto
2617 5733 2871 5802 :tllit‘lum,
2898 5748 2962 5787 es
3000 5733 3164 5790 multa
3211 5732 3299 5792 illa
3339 5746 3630 5792 nautarum
3656 5741 3710 5794 ia
