4034 6204
393 306 496 361 505

1665 297 1725 353 S.
1769 294 2044 354 ASTERII
2081 295 2386 351 AMASENI

3553 289 3660 348 501

395 423 566 489 Isaac,
596 421 800 488 Iacob;
837 435 900 476 ac
928 434 1049 474 cum
1085 417 1321 472 virorum
1381 415 1777 480 recordatione,
1814 416 1977 471 totius

2095 431 2170 468 νου
2197 410 2354 484 ῥίζης
2379 410 2899 482 ἀποϐλαστήσαντας
2916 451 2930 474 ,
2953 410 3042 464 τὸν
3077 408 3282 475 Ἰσαὰκ,
3311 408 3404 463 τὸν
3443 405 3661 471 Ἰακὼϐ,

395 531 583 571 eorum
613 514 852 569 historiae
885 518 1212 580 spectatores
1264 507 1396 560 fiunt
1427 524 1442 563 :
1476 506 1553 558 sic
1583 515 1636 560 et
1665 521 1764 575 ego
1794 505 1974 567 hodie,

402 620 481 662 ter
503 606 640 662 beati
676 605 866 658 Phoca:
891 599 1195 654 venerabile
1231 598 1508 652 delubrum
1535 597 1751 662 adiens,
1778 612 1842 650 ex
1875 595 1974 649 loci

399 695 600 763 specie,
627 690 868 745 omnium
899 687 1056 741 simul
1105 702 1224 756 qua:
1251 686 1316 740 de
1348 685 1437 738 illo
1484 695 1632 754 gesta
1665 694 1974 751 narrantur,

401 784 660 838 memoria
715 778 941 850 repleor.
1001 777 1169 831 Video
1205 776 1539 847 professione
1601 775 1974 839 hortulanum,

401 873 586 929 animo
641 869 964 940 simplicem,
1001 867 1318 937 hospitalem
1348 909 1363 933 ,
1420 867 1708 922 maritima:
1743 866 1978 937 regionis

399 957 656 1014 eximium
687 957 869 1018 decus,
906 956 957 1009 in
1009 955 1457 1010 mediterraneam
1496 955 1818 1019 beneficum,
1851 970 1976 1010 san-

401 1059 546 1106 ctum
606 1031 758 1104 illum
795 1058 1142 1114 sanctorum;
1200 1065 1263 1104 ac
1297 1049 1384 1110 iis,
1419 1049 1510 1118 qui
1565 1047 1766 1103 Christi
1817 1063 1977 1102 causa

399 1143 675 1200 consecuti
705 1151 834 1197 sunt
863 1141 1108 1208 gloriam,
1143 1141 1311 1211 gloria
1352 1141 1542 1208 potiori
1577 1148 1814 1194 aut-turn.
1906 1145 1920 1156 ‘

475 1324 589 1397 (45)
626 1321 794 1378 Sacer
833 1321 1046 1392 quidem
1079 1331 1162 1376 est
1184 1334 1246 1374 ac
1267 1319 1480 1374 divinus
1507 1320 1786 1374 universus
1821 1332 1983 1387 gene-

405 1430 653 1472 rosorum
695 1427 758 1468 ac
782 1411 999 1468 fortium
1049 1420 1346 1481 martyrum
1382 1409 1676 1480 catalogus,
1709 1408 1979 1479 passione,

403 1505 640 1562 debitam
668 1519 766 1573 pro
789 1501 1040 1572 passione
1065 1501 1302 1556 referens
1325 1501 1574 1571 gratiam,
1611 1516 1674 1555 ac
1697 1500 1980 1570 sanguine,

406 1612 505 1668 pro
530 1594 792 1666 sanguine
828 1593 1061 1647 debitam
1093 1592 1332 1646 omnium
1365 1591 1630 1646 Salvatori
1654 1591 1868 1645 solvens
1897 1604 1980 1644 re-

405 1688 860 1743 munerationem.
913 1682 1114 1739 Verum
1179 1685 1232 1738 in
1292 1683 1374 1738 his
1435 1684 1587 1754 ipsis,
1622 1699 1728 1738 non
1769 1698 1871 1736 una
1903 1692 1985 1737 est

404 1779 647 1834 omnium
687 1778 879 1849 gloria,
935 1792 1036 1832 nec
1077 1792 1182 1830 una
1228 1791 1480 1830 mensura
1513 1777 1722 1832 cunctis
1757 1775 1984 1845 atqualia
2016 1763 2060 1819 Β

405 1872 662 1928 attributa
695 1879 821 1925 sunt
848 1870 1067 1940 prauuia
1100 1887 1113 1925 :
1143 1869 1271 1938 quin
1312 1870 1541 1938 primum
1579 1881 1632 1924 ct
1669 1868 1985 1931 secundum,

405 1978 474 2018 ne
495 1973 803 2019 sanctorum
832 1962 1048 2031 quidem
1068 1946 1261 2032 cffugit
1289 1962 1585 2031 catalogus.
1604 1961 1787 2028 ‘llu’jus
1811 1971 1986 2015 autem

407 2055 512 2122 rei,
536 2063 594 2107 ut
617 2053 876 2117 arbitror,
908 2041 1200 2116 causaest,
1224 2053 1368 2122 quod
1401 2053 1471 2105 sit
1494 2052 1651 2122 jndex
1679 2061 1984 2115 accuratus,

407 2161 509 2203 nec
535 2145 829 2216 quidquam
860 2145 912 2199 in
950 2153 1156 2214 partem
1193 2143 1418 2198 alteram
1453 2143 1648 2196 innecti
1683 2151 1863 2211 queat.
1908 2141 1991 2194 Iu-

409 2249 594 2293 tuetur
621 2237 767 2292 enin’t
797 2244 850 2290 el
883 2234 1268 2305 suppliciorum
1298 2234 1744 2304 magnitudinem,
1779 2244 1834 2286 et
1858 2230 1990 2285 tole-

408 2330 601 2385 rantis
631 2329 993 2384 constantiam
1021 2343 1036 2392 ;
1079 2327 1507 2394 cxamiuansque
1541 2325 1858 2390 certamina,
1893 2337 1989 2391 pro

407 2421 725 2476 meritorum
750 2419 961 2473 ratione
995 2417 1214 2473 athletis
1241 2417 1515 2472 distribuit
1543 2415 1780 2485 pra‘mia.
1803 2413 1989 2482 Neque

407 2525 537 2566 vero
565 2509 869 2566 mirandum
919 2518 1022 2573 est,
1063 2509 1132 2564 ita
1179 2525 1208 2562 a
1252 2508 1369 2563 ﬂeo
1405 2508 1661 2562 honorari
1694 2506 1976 2577 ‘justitiam

408 2621 530 2658 cum
568 2619 634 2659 ne
675 2602 728 2657 in
759 2601 1012 2658 humanis
1042 2601 1256 2672 quidem
1299 2600 1656 2669 imperatores
1682 2614 1745 2653 ac
1789 2612 1992 2668 ageno-

411 2698 596 2759 thctte,
635 2695 782 2750 viros
814 2691 1005 2756 fortes,
1051 2701 1144 2746 aut
1181 2694 1409 2764 pugiles,
1451 2691 1738 2761 :rqua‘liter
1775 2691 1992 2745 univer-

407 2801 500 2842 sos
531 2785 802 2850 habeant;
850 2783 945 2839 sed
986 2784 1204 2853 cuique,
1264 2798 1362 2852 pro
1419 2783 1494 2837 rei
1540 2783 1798 2853 praeclare
1831 2793 1993 2853 gestze

409 2875 593 2938 modo,
627 2875 768 2928 dona
799 2889 1040 2941 congrua
1073 2875 1386 2928 decernant.

484 2963 609 3020 Haec
662 2973 846 3018 autem
905 2963 1178 3029 disserui,
1231 2979 1342 3035 quo
1370 2964 1565 3031 virum,
1623 2967 1711 3036 qui
1749 2966 1991 3022 hodierni

411 3064 712 3110 conventus
743 3053 896 3110 nobis
926 3054 1157 3124 praebuit
1186 3068 1432 3117 causam,
1463 3055 1648 3121 sociis,
1701 3070 1766 3110 ac
1800 3056 1992 3127 pugili-

411 3150 533 3216 bus,
575 3148 665 3220 qui
707 3145 923 3204 eosdem
978 3145 1312 3201 desudarunt
1365 3162 1596 3218 agones,
1649 3146 1991 3204 illustriorem
2020 3116 2066 3178 θ

409 3241 725 3307 ostendam;
777 3253 903 3293 nam
961 3237 1053 3292 alii
1119 3237 1359 3308 quidem,
1393 3253 1568 3310 neque
1609 3239 1811 3294 omnes
1858 3241 1994 3310 apud

411 3347 602 3387 omnes
635 3340 760 3386 sunt
792 3333 925 3400 noti,
951 3348 1125 3403 neque
1148 3332 1425 3387 hominum
1456 3347 1709 3386 sermone
1739 3334 1993 3386 virtutem

412 3423 742 3479 celebratam
773 3422 976 3478 habent
1008 3440 1022 3475 :
1068 3423 1302 3478 Phocam
1357 3432 1537 3476 autem
1591 3437 1749 3476 nemo
1783 3431 1867 3477 est
1903 3422 1994 3492 qui

415 3519 669 3586 ignoret:
713 3515 806 3569 sed
854 3515 1125 3584 quomodo
1180 3513 1312 3569 solis
1368 3514 1552 3568 radius
1616 3512 1993 3569 universorum

413 3607 584 3662 oculis
631 3607 931 3676 explicatus
986 3615 1115 3662 est:
1179 3606 1253 3662 ita
1312 3605 1476 3661 etiam
1533 3604 1691 3676 hujus
1742 3606 1996 3677 martyris

414 3700 558 3752 fama
615 3699 855 3753 omnium
885 3714 1045 3754 aures
1074 3699 1497 3767 circumsonuit;
1529 3709 1690 3771 atque
1715 3708 1768 3756 ut
1808 3701 1996 3770 paucis

413 3791 614 3857 dicam,
633 3799 894 3861 quotquot
923 3790 1204 3846 Dominum
1226 3790 1502 3846 Christum
1521 3803 1804 3862 noverunt,
1835 3793 1996 3850 iidem

413 3898 629 3956 quoque
653 3884 772 3952 ejus
799 3884 1301 3940 noverunt'fidelem
1327 3901 1569 3941 servum.
1595 3884 1794 3942 Verum
1825 3887 1998 3942 enim-

415 3993 546 4034 vero
579 3977 801 4044 relictis,
843 3978 889 4032 si
918 3978 1148 4043 videtur,
1179 3993 1296 4048 quae
1325 3977 1413 4034 ille
1444 3995 1565 4036 cum
1587 3979 1710 4036 aliis
1748 3981 1996 4037 encomia

415 4069 582 4126 habet
607 4069 934 4135 communia,
967 4070 1198 4125 eximias
1229 4071 1488 4143 martyris
1538 4072 1726 4130 laudes
1746 4113 1760 4142 ,
1794 4083 1998 4146 marty-

417 4177 536 4216 rum
569 4163 878 4217 amantibus
911 4162 1064 4218 vobis
1088 4163 1404 4218 recensebo.

492 4254 638 4309 Tulit
667 4255 848 4325 itaque
877 4264 1126 4310 sanctum
1163 4253 1306 4310 hunc
1349 4255 1546 4323 virum,
1609 4271 1882 4326 magnum,
1912 4256 1996 4310 in-

417 4363 609 4418 quam,
643 4347 772 4401 illud
822 4345 1260 4402 Christianorum
1295 4347 1662 4415 commodum,
1686 4348 1864 4404 vicina
1911 4346 1996 4403 Si-

2077 507 2171 560 καῖ
2199 505 2335 577 μετὰ
2360 507 2457 575 τῆς
2496 505 2717 575 μνήμης
2743 502 2852 556 τῶν
2878 501 3105 574 ἀνδρῶν,
3146 501 3274 572 δλης
3310 499 3414 570 τῆς
3432 499 3530 553 ἐπ’
3565 501 3664 553 αύ-

2076 598 2203 660 τοὺς
2234 597 2475 668 ἱστορίας
2508 595 2748 662 γίνονται
2781 593 3003 648 θεαταί*
3035 591 3178 646 οὕτω
3211 590 3368 660 κάγὼ
3399 591 3661 662 σήμερον,

2079 690 2169 744 τὸν
2190 688 2370 758 τίμιον
2398 686 2561 758 σηκὸν
2585 685 2679 739 τοῦ
2701 684 3100 758 τρισμακαρίου
3125 685 3288 737 Φωκᾶ
3306 681 3661 742 καταλαϐὼν,

2080 783 2143 834 ἐκ
2175 778 2270 832 τοῦ
2298 778 2466 832 τόπου
2498 776 2813 849 πληροῦμαι
2849 777 2950 847 τῆς
2999 777 3222 847 μνήμης
3266 775 3490 830 πάντων
3524 774 3669 846 όμοῦ

2080 871 2188 925 τῶν
2237 871 2325 924 ἐπ’
2364 867 2513 940 αύτῷ
2562 868 2872 940 λεγομένων
2917 867 3308 938 διηγημάτων
3348 865 3532 936 βλέπω
3575 866 3671 918 τόν

2082 961 2361 1036 κηπουρὸν
2387 961 2449 1014 τὸ
2489 961 2849 1032 ἐπιτήδευμα,
2881 959 2973 1013 τδν
3017 958 3294 1014 ἄπλαστον
3330 958 3427 1028 τὴν
3459 957 3668 1028 ψυχὴν,

2080 1052 2174 1106 τὸν
2213 1050 2489 1121 φιλόξενον
2509 1091 2523 1115 ,
2552 1048 2645 1102 τὸν
2673 1048 2774 1118 τῆς
2804 1047 3079 1119 παραλίας
3108 1047 3410 1118 ἐξαίρετον,
3443 1046 3534 1101 τὸν
3566 1046 3674 1116 τῆς

2086 1140 2370 1213 μεσογείου
2397 1137 2714 1210 εὐεργέτην,
2743 1136 2851 1191 τῶν
2885 1137 3056 1206 ἁγίων
3085 1137 3178 1190 τὸν
3213 1139 3367 1207 ἆγιον
3387 1177 3402 1203 ,
3431 1137 3528 1192 καὶ
3557 1135 3672 1189 τῶν

2082 1228 2488 1300 δεδοξασμένων
2524 1227 2614 1281 διὰ
2646 1225 2879 1296 Χριστὸν
2908 1224 3272 1296 ἐνδοξότερον.

2166 1323 2331 1396 ’ἱερὸς
2384 1321 2481 1392 μὲν
2519 1319 2627 1391 γὰρ
2669 1320 2764 1374 καὶ
2809 1318 3096 1382 Θεσπέσιος
3146 1319 3292 1382 ἆπας
3334 1319 3363 1370 ὁ
3402 1316 3509 1370 τῶν
3544 1333 3667 1384 γενο

2085 1417 2247 1472 ναίων
2281 1413 2574 1487 μαρτύρων
2605 1411 2904 1481 κατάλογος
2923 1452 2938 1476 ,
2971 1410 3134 1466 πάθει
3165 1411 3263 1481 τὴν
3287 1409 3430 1481 ὑπὲρ
3459 1408 3674 1472 πάθους

2085 1506 2319 1570 ἀποδοὺς
2351 1503 2533 1576 χάριν,
2568 1503 2761 1574 αἵματι
2794 1503 2851 1556 δέ
2879 1501 2978 1574 τὴν
3007 1501 3148 1574 ὑπὲρ
3176 1501 3406 1572 αἳματος
3433 1499 3512 1571 τῷ
3550 1501 3672 1554 Σωο

2085 1599 2212 1670 τῆρι
2239 1596 2347 1651 τῶν
2371 1596 2508 1649 ὅλων
2533 1593 2768 1666 ἀμοιϐήν
2798 1593 3182 1665 ἐκπληρώσας.
3214 1594 3362 1666 Πλὴν
3396 1596 3455 1648 ἐν
3483 1593 3672 1656 αύτοτς

2085 1690 2326 1755 τούτοις,
2360 1688 2422 1742 ού
2462 1688 2560 1758 μία
2601 1685 2708 1741 τῶν
2755 1687 2974 1742 πάντων
3007 1688 3041 1757 ή
3076 1686 3226 1751 δόξα,
3277 1685 3401 1739 ούδέ
3448 1684 3583 1756 πρὸς
3605 1685 3675 1736 ἒν

2091 1780 2288 1852 μέτρον
2320 1778 2410 1832 ἴσα
2436 1777 2506 1832 τὰ
2538 1777 2678 1848 γέρα
2705 1779 2818 1842 τοῖς
2841 1778 2984 1842 ὅλοις
3013 1776 3470 1850 ἀποκεκλήρωται
3488 1794 3500 1806 °
3531 1775 3673 1830 ἀλλὰ

2089 1867 2150 1921 τὸ
2171 1865 2386 1940 πρῶτον
2428 1865 2524 1920 καὶ
2550 1864 2822 1938 δεύτερον,
2851 1866 2970 1920 ούδέ
3003 1869 3032 1921 ό
3059 1866 3169 1922 τῶν
3205 1868 3374 1936 ἁγίων
3413 1865 3676 1936 ἐκφεύγει

2089 1959 2408 2029 κατάλογος.
2441 1960 2622 2013 Αἴτιον
2648 1958 2704 2012 δὲ
2737 1953 2890 2031 οἶμαι
2933 1959 3148 2024 τούτου,
3181 1961 3242 2014 τὸ
3269 1959 3392 2014 λίαν
3427 1961 3673 2033 ἀπηκρι-

2091 2048 2334 2119 ϐωμένον
2355 2047 2447 2102 τοῦ
2471 2047 2657 2120 κριτοῦ
2683 2051 2776 2102 καὶ
2797 2049 3182 2121 ἀπρόσκλιτον.
3221 2049 3424 2123 Ἔφορᾷ
3443 2051 3549 2124 γὰρ
3578 2051 3680 2105 καὶ

2089 2140 2370 2212 τιμωριῶν
2401 2141 2627 2212 μεγέθη,
2664 2142 2760 2195 καὶ
2797 2143 3092 2215 καρτερίας
3121 2145 3422 2210 ἐνστάσεις,
3449 2146 3542 2198 καὶ
3572 2143 3672 2214 βα-

2096 2230 2328 2296 σανίζων
2374 2231 2442 2285 τὰ
2485 2231 2882 2304 ἀγωνίσματα,
2929 2232 3027 2297 τὰς
3065 2232 3200 2305 πρὸς
3247 2233 3406 2300 ἀξίαν
3438 2233 3678 2308 ἀμοιδάς

2091 2323 2336 2393 διανέμει
2365 2324 2479 2385 τοῖς
2508 2321 2788 2393 ἀθληταῖς.
2823 2324 2934 2376 Καὶ
2977 2323 3280 2395 παράδοξον
3309 2323 3582 2396 οὐδαμῶς,
3624 2326 3681 2380 ιι

2093 2415 2245 2487 παρά
2281 2413 2417 2468 Θεοῦ
2448 2415 2593 2469 οὕτω
2615 2417 2838 2487 τιμᾶται
2865 2415 3183 2478 τὸδίκαιον,
3206 2416 3367 2471 ὁπότε
3411 2419 3507 2472 καὶ
3542 2417 3682 2489 παρ’

2092 2509 2225 2577 ήμῖν
2275 2507 2572 2578 στρατηγοὶ
2605 2509 2699 2561 καὶ
2743 2507 3078 2578 ἀγωνοθέται
3126 2508 3224 2562 ούκ
3281 2508 3386 2563 ἴσοι
3434 2509 3678 2578 γίνονται

2092 2601 2204 2664 τοῖς
2242 2598 2578 2670 ἀριστεῦσιν,
2607 2600 2641 2671 ἢ
2672 2603 2786 2663 τοῖς
2813 2601 3140 2670 ἀγωνισταῖς
3160 2619 3172 2632 ·
3206 2601 3342 2656 ἀλλά
3366 2602 3432 2674 δὴ
3458 2602 3680 2676 ἑκάστῳ

2082 2690 2236 2746 κατὰ
2257 2690 2547 2765 τὸμέτρον
2569 2692 2664 2746 τοῦ
2694 2692 3142 2766 κατορθώματος,
3179 2693 3277 2758 τὰς
3309 2693 3517 2766 δωρεάς
3545 2695 3678 2759 ἀναο

2094 2782 2355 2852 λογούσας
2381 2784 2789 2856 ἐπιψηφίζουσι.

2167 2957 2352 3014 Ταῦτα
2383 2959 2441 3013 δὲ
2481 2958 2716 3033 διῆλθον,
2745 2961 2834 3014 ἵνα
2867 2960 3048 3027 δείξω,
3099 2961 3175 3025 ώς
3217 2962 3246 3014 ό
3274 2963 3512 3034 σήμερον
3545 2963 3684 3034 ήμῐν

2097 3051 2392 3124 παρασχὼν
2430 3051 2522 3106 τοῦ
2554 3052 2814 3123 συλλόγου
2850 3057 2949 3126 τήν
2990 3053 3266 3126 ἀφορμὴν,
3310 3053 3416 3108 τῶν
3449 3055 3686 3128 ἑταίρων

2097 3145 2193 3199 καὶ
2232 3145 2646 3215 συναγωνιστῶν
2672 3147 2786 3200 ἐστι
2816 3146 3294 3218 περιφανέστερος.
3327 3147 3392 3200 Οἱ
3437 3147 3536 3217 μὲν
3570 3146 3684 3218 γάρ

2097 3236 2270 3300 ἄλλοι,
2297 3237 2356 3290 ού
2397 3237 2597 3301 πάντες
2632 3237 2782 3308 παρὰ
2814 3239 2950 3291 πᾶσι
2991 3236 3376 3310 γνωρίζονται,
3420 3238 3540 3292 οὐδὲ
3593 3238 3688 3308 βεεν

2098 3329 2373 3400 δοημένην
2387 3329 2566 3401 ἔχουσι
2591 3329 2688 3401 τὴν
2705 3329 3074 3402 ἀνδραγαθίαν
3099 3347 3112 3361 ·
3132 3318 3327 3384 Φωκᾶν
3342 3334 3388 3362 ⁸⁸
3412 3331 3513 3384 οὐκ
3535 3331 3686 3384 ἔστιν

2096 3421 2157 3485 ὃς
2183 3422 2388 3491 ἀγνοεῖο
2408 3422 2523 3474 ἀλλ’
2546 3421 2734 3493 ὥσπερ
2759 3423 2918 3488 ἀκτὶς
2943 3425 2976 3494 ή
2997 3421 3090 3477 τοῦ
3115 3423 3264 3494 ἡλίου
3291 3424 3456 3477 πᾶσιν
3477 3421 3687 3493 ὀφθαλ-

2101 3515 2222 3585 μοῖς
2255 3514 2610 3586 ἐφήπλωται,
2651 3514 2792 3570 οὕτω
2831 3515 2926 3570 καὶ
2960 3517 2994 3586 ή
3033 3514 3126 3568 τοῦ
3166 3516 3443 3589 μάρτυρος
3486 3515 3684 3570 τούτου

2099 3605 2258 3677 φήμη
2323 3607 2505 3661 πᾶσαν
2559 3607 2730 3680 ἀκοὴν
2787 3608 3124 3680 περιήχησε’
3169 3609 3262 3662 καὶ
3300 3609 3392 3664 ἴνα
3446 3607 3689 3662 συνελὼν

2100 3696 2242 3750 εἴπω
2263 3737 2276 3760 ,
2306 3699 2422 3752 ὅσοι
2445 3699 2535 3752 τὸν
2579 3701 2856 3770 Δεσπότην
2897 3699 3203 3772 ἐγνώρισαν
3233 3699 3468 3772 Χριστὸν
3489 3741 3505 3765 ,
3534 3694 3689 3756 οὗτοι

2099 3790 2194 3842 καὶ
2225 3788 2316 3843 τὸν
2349 3790 2542 3844 πιστὸν
2571 3790 2757 3844 δοῦλον
2787 3788 3092 3862 ἐγνώρισαν
3115 3809 3130 3824 ο
3175 3790 3376 3862 μᾶλλον
3407 3791 3486 3856 δὲ,
3516 3793 3564 3845 εί
3593 3792 3687 3845 δο-

2099 3883 2206 3948 κέῖ,
2237 3883 2346 3936 τῶν
2375 3883 2571 3937 κοινῶν
2608 3884 2746 3954 πρὸς
2781 3885 2908 3948 τοὺς
2940 3883 3131 3947 ἄλλους
3161 3885 3452 3956 ἐγκωμίων
3475 3885 3692 3957 ἀφέμε-

2099 3991 2210 4042 νος,
2234 3973 2303 4027 τά
2322 3973 2576 4046 ἐξαίρετα
2601 3973 2694 4027 τοῦ
2729 3975 3005 4047 μάρτυρος
3054 3975 3371 4048 διηγήματα
3413 3976 3542 4049 ύμῖν
3570 3979 3690 4041 τοῖς

2100 4063 2462 4137 φιλομὰρτυσι
2495 4063 2850 4137 διηγήσομαι.

2176 4261 2412 4330 Ἤνεγκε
2447 4261 2626 4317 τοίνυν
2668 4263 2760 4318 τὸν
2796 4263 2950 4333 ἅγιον
2993 4264 3162 4337 ἄνδρα
3193 4263 3416 4332 τοῦτον,
3451 4267 3507 4320 τὸ
3541 4267 3691 4338 μέγα

2104 4355 2446 4426 Χριστιανῶν
2481 4354 2695 4424 ὄφελος,
2725 4359 2758 4428 ή
2787 4359 2983 4426 γείτων
3008 4357 3248 4428 Σινώπη,
3294 4359 3450 4424 πόλις
3479 4361 3691 4432 ἀρχαία

417 4454 582 4509 nope,
631 4439 851 4508 antiqua
880 4440 1070 4494 civitas
1096 4453 1161 4492 ac
1191 4447 1334 4504 nota,
1389 4438 1610 4495 fortium
1659 4441 1900 4496 virorum
1931 4456 1990 4496 ac

2103 4447 2198 4502 καὶ
2234 4446 2544 4520 γνώριμος,
2588 4447 2820 4521 εὔπορος
2856 4451 3142 4523 καρτερῶν
3165 4453 3208 4484 ’⁷
3254 4454 3346 4506 καὶ
3375 4453 3693 4524 φιλοσόφων

417 4529 860 4600 philosOphorum
897 4528 1068 4584 ferax.
1128 4529 1205 4584 Ne
1253 4531 1374 4600 quis
1401 4531 1544 4586 enim
1591 4533 1723 4587 mihi
1765 4533 1818 4588 in
1859 4549 2000 4604 pra:-

417 4624 716 4680 seutiaruiu
746 4621 1019 4678 diversam
1045 4621 1359 4691 religionem
1388 4633 1638 4694 reputet;
1670 4627 1763 4680 sed
1799 4625 1849 4681 id
1884 4636 2000 4681 tan-

419 4729 556 4779 tum,
590 4731 716 4768 num
754 4715 976 4769 omnino
1005 4715 1370 4770 studiosorum
1405 4717 1643 4770 virorum
1675 4717 1856 4772 nutrix
1885 4717 2000 4774 fue-

417 4811 488 4864 rit
517 4824 580 4864 ac
611 4821 826 4878 parens.
862 4805 996 4865 Vitae
1018 4817 1196 4862 autem
1220 4807 1456 4864 studium
1497 4809 1546 4863 ei
1571 4817 1687 4864 erat
1717 4809 1856 4866 horti
1885 4811 2000 4865 cul-

419 4913 562 4967 tura,
597 4914 758 4971 quem
790 4898 861 4953 ibi
893 4909 1021 4954 ante
1051 4909 1265 4968 portam
1297 4898 1536 4954 civitatis
1568 4900 1620 4954 in
1648 4899 1834 4955 Isthmi
1857 4902 1996 4956 ostio

417 4995 722 5064 possidens,
743 4991 1033 5064 diligenter
1058 4991 1292 5058 colebat,
1324 5003 1384 5045 ut
1409 4991 1512 5046 sibi
1538 5006 1603 5046 ac
1632 4991 1998 5062 indigentibus

416 5091 562 5137 esset
585 5083 708 5138 vitae
734 5081 1007 5138 solatium.
1041 5079 1150 5137 Sed
1176 5091 1230 5135 et
1261 5080 1588 5150 hospitibus,
1643 5091 1892 5152 prompto
1934 5096 1998 5137 ac

419 5173 586 5229 alacri
609 5175 809 5239 animo,
843 5189 1062 5244 parvam
1089 5188 1152 5227 ac
1184 5187 1472 5244 pauperem
1495 5171 1718 5228 domum
1752 5182 1994 5242 apertam

419 5264 654 5320 volebat.
681 5266 818 5320 Cum
844 5276 1024 5320 autem
1057 5265 1330 5322 habitaret
1371 5267 1425 5321 in
1455 5267 1538 5319 via
1587 5265 1821 5335 publica,
1871 5281 1994 5336 qua:

422 5353 799 5422 suppetebant,
849 5356 1262 5412 adventantibus
1318 5357 1623 5411 communia
1664 5356 1988 5427 promebat;

423 5460 488 5501 ac
515 5444 610 5501 Lot
651 5449 866 5516 quidam
895 5449 1126 5516 medius,
1157 5465 1260 5506 non
1283 5449 1684 5505 Sodomitarum
1715 5451 1810 5506 sed
1834 5450 1992 5505 Sino-

2101 4539 2332 4612 ἀνδρῶν.
2368 4541 2462 4613 Μὴ
2494 4541 2602 4612 γάρ
2637 4541 2730 4613 μοί
2769 4559 2853 4607 τις
2885 4542 3186 4612 λογιζέσθω
3211 4544 3306 4598 νῦν
3332 4545 3393 4598 τὸ
3417 4544 3518 4616 τῆς
3549 4545 3692 4617 θρη-

2100 4631 2286 4695 σκείας
2310 4630 2588 4704 διάφορον,
2612 4632 2728 4686 ἀλλ’
2752 4635 2802 4687 εί
2835 4635 3140 4690 σπουδαίων
3161 4637 3297 4701 ὅλως
3322 4636 3530 4710 ἀνδρῶν
3558 4655 3690 4709 τρο-

2099 4721 2198 4791 φὸς
2221 4724 2314 4777 καὶ⁵
2339 4724 2523 4796 μήτηρ
2541 4723 2776 4796 ἐδείχθη.
2813 4725 3096 4798 Ἐπιτήδευ
3105 4744 3180 4797 μα
3193 4727 3249 4781 δὲ
3268 4726 3418 4799 αὐτῷ
3430 4727 3521 4781 τοῦ
3540 4727 3688 4797 βίου,

2101 4816 2278 4886 κήπου
2308 4816 2554 4888 γεωργία
2581 4817 2676 4871 καὶ
2705 4817 3028 4888 ἐπιμέλεια,
3053 4819 3222 4891 ὅνπερ
3241 4819 3407 4874 αὑτοῦ
3438 4837 3539 4874 που
3577 4822 3692 4893 πρὸ

2099 4905 2202 4976 τῆς
2233 4906 2412 4978 πύλης
2441 4907 2536 4961 τοῦ
2565 4907 2758 4972 ἄστεος
2797 4911 2891 4964 ἐπὶ
2913 4909 3006 4964 τοῦ
3038 4911 3307 4982 στόματος
3330 4912 3424 4966 τοῦ
3465 4911 3686 4983 ’ἰσθμοῦ

2095 5015 2263 5069 κεκτη
2273 4999 2450 5071 μένος,
2465 5001 2624 5071 ήσκει
2643 5001 2943 5070 φιλοπόνως
2954 5046 2966 5063 .
2981 5001 3160 5073 ἐαυτῷ
3173 5003 3392 5068 καὶτοῖς
3409 5003 3689 5074 δεομένοις

2096 5089 2448 5162 παραμυθίαν
2472 5091 2566 5144 τοῦ
2591 5091 2732 5163 βίου.
2755 5092 2976 5163 Ἤνοιγε
2999 5094 3058 5148 δέ
3082 5096 3177 5148 καὶ
3205 5097 3316 5158 τοῖς
3343 5093 3522 5162 ξένοις
3541 5094 3691 5165 μάλα

2096 5181 2392 5254 προθύμως
2440 5182 2538 5254 τὴν
2585 5182 2788 5254 μικρὰν
2823 5185 2917 5237 καὶ
2946 5183 3248 5256 πενομένην
3293 5185 3501 5239 ἑστίαν.
3555 5185 3693 5239 Ἐπ-

2096 5272 2260 5328 οικῶν
2287 5273 2343 5326 δὲ
2373 5276 2438 5344 τῇ
2469 5273 2748 5345 λεωφόρῳ,
2785 5272 2942 5327 κοινὰ
2970 5277 3084 5337 τοῖς
3104 5273 3430 5346 ἐπιδημοῦσι
3464 5273 3694 5344 προετι-

2102 5365 2183 5419 θει
2216 5367 2284 5420 τὰ
2321 5367 2486 5422 ὄνταο
2537 5368 2632 5420 καὶ
2663 5366 2827 5438 μέσος
2865 5367 2909 5398 ⁸⁸
2960 5362 3027 5438 ἦν
3062 5365 3206 5422 Λὼτ.
3255 5366 3317 5420 ού
3355 5364 3691 5437 Σοδομιτῶν,

2100 5453 2236 5507 ἀλλὰ
2269 5453 2579 5509 Σινωπέων.
2613 5455 2720 5508 Τοῦ
2753 5457 2809 5510 δέ
2838 5457 3032 5528 χρόνον
3062 5455 3436 5529 προελθόντος,
3470 5457 3566 5530 τήν
3594 5457 3692 5514 ἔνο

494 5587 541 5619 “
584 5586 737 5643 Deest
770 5598 948 5658 negat.
982 5592 1033 5644 in
1077 5591 1236 5646 Sirut.
1287 5591 1489 5645 codice.
1573 5592 1616 5623 "
1654 5591 1817 5646 Sirut.
1852 5607 1984 5658 γενα

2095 5633 2106 5647 .
2183 5592 2228 5623 ’⁸
2253 5591 2417 5647 Sirm.
2441 5589 2580 5654 νέος.

497 5726 608 5800 (45)
652 5726 851 5782 Desunt
873 5727 1050 5780 omnia
1074 5691 1355 5796 superiora
1400 5728 1453 5781 in
1483 5728 1816 5798 autographo
1845 5727 1906 5782 lt.
1934 5725 1995 5781 P.
2026 5728 2318 5792 Sirtuuudi,
2362 5740 2411 5783 et
2449 5728 2586 5799 apud
2629 5726 2871 5812 Suriutu.
