4034 6204
334 261 446 316 515

333 467 471 560 δῶσι
505 468 830 543 καθημέραν
867 475 964 545 τῆς
1005 479 1224 549 μερίδος
1268 483 1358 537 τὸν
1393 485 1630 560 ὠνητήν.
1670 493 1915 551 Ἐπειδὰν

331 559 395 614 δὲ
421 561 592 654 ὅρμος
619 563 812 627 αὐτοὺς
840 565 1190 640 ὑποδέξηται,
1221 575 1314 627 καὶ
1339 577 1418 640 είς
1453 559 1912 654 γῆνίάφίκωνται,

340 649 626 722 μερίζεται
650 654 710 706 τὸ
744 656 1012 729 ἀργύριον
1047 666 1158 726 τοῖς
1191 667 1448 721 πεινῶσιο
1499 649 1713 747 τοῦτοή
1756 649 1914 751 μερὶς

334 740 436 795 τοῦ
459 745 635 810 (traxi,
662 751 910 819 πενήτων
936 753 1250 824 εὐεργεσία,

414 833 686 906 Τεθήπασι
717 841 909 896 τοῦτον
932 847 1026 898 καὶ
1055 846 1296 916 βασιλεῖς
1319 850 1410 906 τὸν
1440 858 1913 928 καρτερικώτατον

334 927 431 1024 ara-1
461 929 722 1024 φιλόθεον.
740 935 836 988 καὶ
862 937 1166 1009 φιλοτίμοις
1182 945 1484 1015 κειμηλίοις
1505 953 1910 1024 κατακοσμοῦσι

324 1019 424 1072 τοῦ
457 1023 822 1092 περιϐλέπτου
865 1029 1097 1101 πένητος
1124 1034 1216 1086 τὸν
1253 1037 1401 1092 ναόν.
1445 1040 1813 1098 Φιλονεικοῦσι
1850 1046 1910 1100 δὲ

317 1111 374 1206 οῖ
432 1113 804 1188 ἑπιγινόμενοι
837 1121 966 1185 τοὺς
1022 1125 1427 1200 πρεσϐυτέρους
1481 1133 1905 1206 ὑπερϐαλέσθαι.

321 1203 436 1301 {Kal
488 1206 644 1262 ούπω
692 1211 1027 1284 θαυμαστὸν,
1074 1221 1123 1273 εί
1165 1220 1267 1291 τῆς
1303 1203 1908 1301 Ῥωμαίων-ἡγεμονίας

320 1298 518 1392 ἄνδρες
557 1302 922 1372 φιλευσεϐεἰς,
962 1309 1186 1382 θεσμοῖς
1225 1317 1319 1369 καὶ
1363 1318 1550 1390 νόμοις
1593 1298 1903 1392 σύντροφοι,

319 1390 498 1458 οὕτως
526 1393 774 1462 εὐλαϐῶς
798 1399 978 1470 ἔχουσι
1009 1405 1140 1476 περὶ
1168 1407 1260 1461 τὸν
1289 1407 1596 1482 θεράποντα
1640 1390 1738 1466 τοῦ
1767 1390 1902 1486 Χρι-

321 1484 474 1553 στοῦ,
505 1488 669 1542 ὁπότε
711 1493 809 1544 καὶ
849 1495 930 1557 εἰς
965 1494 1278 1570 βαρϐάρους
1305 1501 1444 1573 ἔφθη
1473 1503 1535 1557 τὸ
1568 1504 1781 1576 θαῦμα·
1810 1484 1904 1560 καὶ

318 1579 526 1644 πάντες
551 1583 601 1635 οί
627 1583 955 1654 ἀγριώτατοι
983 1588 1208 1658 Σκύθαι,
1248 1592 1361 1647 ὅσοι
1384 1594 1448 1667 δὴ
1474 1596 1575 1668 τὴν
1603 1597 1902 1668 ἀντιπέρας

314 1670 416 1724 τοῦ
461 1673 715 1738 Εὐξείνου
751 1676 952 1732 Πόντου
994 1681 1224 1753 ἧπειρον
1257 1685 1548 1756 νέμονται,
1597 1687 1901 1751 Μαιώτιδος

1414 277 1697 338 llOMlLlA
1738 287 1804 342 Χ.
1849 289 1914 344 ΙΝ
1956 291 2056 349 SS.
2099 295 2498 358 MAll'IYRES.

332 367 491 438 οὗτος
524 377 552 429 ὁ
584 374 788 448 κλῆρος
821 384 920 454 τῆς
942 382 1242 455 ἀγορασίας
1275 392 1502 461 περιϊὼν
1541 398 1810 466 ἅπαντας,
1845 403 1918 456 δί-

3486 320 3590 379 3H

1946 413 1991 466 Α
2019 411 2306 479 emptionis
2339 417 2619 473 universos
2649 419 2858 486 obiens,
2880 423 3048 492 partis
3086 433 3382 495 emptorem
3408 432 3588 498 quoti-

2019 501 2106 556 die
2136 507 2396 576 suggerit.
2433 506 2723 579 Postquam
2748 522 2927 568 autem
2960 529 3053 571 eos
3077 528 3266 587 portus
3288 523 3584 592 exceperit,

2017 595 2359 653 distribuitur
2397 599 2659 659 fatnelicis
2691 604 2916 661 collecta
2955 611 3180 678 pecunia
3219 629 3232 665 :
3269 613 3430 683 idque
3466 630 3593 685 pars

2014 687 2209 746 Phocte
2257 703 2360 759 est,
2399 710 2695 766 pauperum
2722 699 3099 758 beneﬁcentia.

2089 866 2220 922 Eum
2257 885 2470 941 quoque
2520 889 2674 943 reges
2721 876 3078 944 admirantur,
3120 881 3211 950 qui
3262 880 3586 940 fortissimus

2013 956 2402 1030 religiosusque
2461 964 2772 1031 exstiterit,
2867 969 3304 1040 suspiciendique
3337 975 3584 1043 pauperis

2011 1050 2177 1104 aedem
2200 1067 2433 1120 sacram,
2470 1056 2740 1124 przeclaris
2765 1073 2829 1113 ac
2859 1060 3161 1130 magniﬁcis
3189 1077 3456 1119 exornant
3485 1067 3583 1122 do-

2011 1139 2197 1195 nariis.
2235 1140 2598 1209 Contendunt,
2627 1147 2976 1217 quijuniores
2999 1151 3282 1218 accedunt,
3315 1169 3575 1222 superare

2009 1241 2237 1288 veteres.
2278 1232 2384 1289 Nec
2407 1235 2520 1303 jam
2546 1239 2761 1306 mirum,
2790 1249 2850 1295 ut
2881 1241 3103 1298 Romani
3162 1245 3372 1314 imperii
3409 1249 3581 1302 homi-

2009 1337 2106 1379 nes
2143 1325 2236 1395 pii,
2267 1342 2495 1396 quormn
2553 1331 2662 1386 vita
2723 1333 2930 1404 regitur
2961 1335 3202 1392 moribus
3242 1348 3405 1409 atque
3452 1340 3582 1411 legi-

2007 1415 2126 1480 bus,
2154 1432 2324 1487 usque
2351 1419 2485 1475 adeo
2513 1419 2717 1477 Christi
2764 1422 3021 1480 fanmlum
3069 1439 3420 1496 venerentur,
3456 1447 3578 1488 cum

2005 1508 2072 1562 ad
2113 1523 2283 1580 usque
2315 1510 2575 1568 barbaros
2597 1518 2905 1586 pervenerit
2937 1519 3261 1587 admiratio;
3291 1521 3574 1578 ferissimi-

2005 1614 2108 1668 que
2137 1616 2328 1657 omnes
2381 1602 2619 1676 Scythae,
2677 1617 2960 1678 quotquot,
3028 1611 3283 1680 inquam,
3334 1615 3581 1672 habitant

2005 1690 2367 1747 continentem
2397 1708 2459 1749 ex
2484 1696 2711 1750 adverso
2741 1695 2926 1752 Pontis
2945 1699 3139 1755 Euxini
3163 1718 3178 1767 ;
3207 1704 3404 1758 accola:
3429 1704 3581 1761 lacus

315 1762 540 1834 λίμνης,
568 1767 663 1819 καὶ
693 1769 939 1839 ποταμοῦ
965 1772 1226 1837 Τανάῖδος
1253 1777 1556 1848 πρόσοικοι,
1589 1779 1704 1832 ὅσοι
1732 1795 1790 1831 τε
1811 1779 1899 1834 τὸν

2006 1778 2288 1850 Maeotidis,
2319 1799 2382 1838 ac
2410 1782 2554 1840 ﬁuvii
2585 1785 2864 1853 Tanaidis,
2903 1805 2966 1845 ac
3008 1762 3314 1863 quicunque
3338 1795 3581 1852 incolunt

317 1857 599 1945 Βὸσπορον
626 1861 858 1927 οἰκοῦσι,
894 1865 988 1918 καὶ⁵
1025 1867 1152 1938 ἄχρι
1183 1869 1408 1934 Φάσιδος
1442 1871 1689 1944 ποταμοῦ
1722 1890 1903 1945 παρα-

313 1928 609 2017 τέίνονται,
636 1954 837 2018 πάντες
884 1950 1028 2010 οὗτοι
1075 1958 1430 2032 δορυφοροῦσι
1480 1963 1556 2034 τῷ
1601 1964 1900 2035 κηπουρῷο

314 2043 435 2103 τοῖς
495 2041 552 2094 δὲ
603 2045 770 2098 πᾶσιν
823 2045 972 2102 ἔθεσι
1021 2048 1116 2101 καὶ
1165 2051 1562 2122 ἐπιτηδεύμασι
1615 2053 1904 2118 διεστῶτες

314 2133 498 2202 ἡμῶν,
545 2136 626 2198 εἰς
669 2135 828 2190 τοῦτο
867 2138 1027 2208 μόνον
1068 2141 1452 2212 ὁμογνώμονες
1491 2145 1753 2213 γίνονται,
1802 2147 1901 2218 τὴν

314 2224 621 2297 ἀγριότητα
645 2228 757 2282 τῶν
780 2230 1002 2301 τρόπων
1023 2231 1128 2286 ὑπὸ
1157 2233 1260 2305 τῆς
1298 2235 1556 2307 ἀληθείας
1604 2238 1696 2308 ὲςη
1707 2239 1904 2309 μερού-

320 2334 490 2386 μενοι.
543 2313 640 2384 Εἷς
705 2321 835 2389 γοῦν
867 2322 1052 2394 ἄρχων
1103 2322 1199 2380 καὶ
1260 2327 1514 2397 βασιλεὺς
1564 2329 1775 2384 ἐκεῖθεν
1809 2330 1900 2384 τὸν

316 2408 581 2476 στένρανον
613 2411 715 2482 τῆς
769 2415 1012 2487 κεφαλῆς
1039 2417 1398 2489 ἀποθέμενος,
1435 2420 1621 2493 χρυσῷ
1659 2423 1753 2476 καὶ
1805 2423 1900 2478 ἄν·

314 2500 434 2554 Θεσι
463 2501 627 2556 λίθων
660 2506 1166 2580 περιλαμπόμενον,
1190 2511 1285 2564 καὶ¹
1311 2512 1405 2567 τὸν
1435 2513 1660 2586 θώρακα
1687 2515 1779 2569 τὸν
1804 2533 1900 2570 πο-

311 2589 540 2662 λεμικὸν
571 2595 796 2660 ἀποδὺς,
873 2597 1004 2662 ὕλας
1050 2600 1245 2671 ἔχοντα
1301 2602 1532 2656 πλούτου
1585 2604 1899 2678 (ἀλαζονικὴ

308 2686 425 2757 γὰρ
467 2689 559 2742 καὶ
609 2686 957 2763 θρυπτομένη
1006 2692 1114 2745 τῶν
1174 2693 1466 2766 βαρϐάρων
1514 2698 1548 2766 ἡ
1577 2698 1895 2769 πανοπλία)·

309 2779 558 2849 ἔπεμψεν
599 2781 887 2853 ἀμφότερα
930 2783 1286 2855 ἀναθήματα,
1333 2785 1424 2840 διὰ
1471 2787 1567 2841 τοῦ
1621 2789 1900 2862 μάρτυρος

305 2871 387 2943 τῷ
415 2871 538 2944 Θεῷ
569 2873 664 2926 καὶ
686 2874 970 2944 δυνάμεως
986 2876 1078 2928 καὶ
1098 2875 1406 2949 ἀξιώματος
1427 2878 1770 2952 καθιερώσας
1797 2882 1900 2947 τάς

304 2966 586 3036 ἀφορμάς.
623 2966 896 3038 Πρόδηλον
933 2967 1064 3040 γὰρ,
1109 2967 1186 3032 ὡς
1219 2971 1248 3023 ὁ
1303 2970 1399 3041 μὲν
1469 2971 1736 3043 στέφανος
1787 2975 1890 3045 τῆς

308 3057 593 3126 βασιλείας
622 3054 691 3130 ἦν
746 3061 1133 3132 χαριστήριονο
1175 3062 1204 3115 ὁ
1248 3061 1305 3116 δὲ
1340 3061 1543 3134 θώραξ,
1599 3064 1702 3136 τῆς
1753 3066 1895 3121 κατά

308 3150 588 3221 πολέμους
616 3151 818 3222 ἰσχύος.

377 3244 496 3307 Τὰς
543 3244 603 3297 δὲ
655 3243 896 3316 συνεχῶς
930 3247 1023 3301 ἐπὶ
1059 3245 1274 3312 τούτοις
1304 3247 1707 3320 συμϐαινούσας
1740 3249 1897 3322 εύερ-

304 3351 368 3402 γε
381 3335 502 3398 σίας
529 3334 619 3388 διὰ
645 3335 754 3388 τῶν
781 3337 838 3389 ὲν
871 3337 1147 3410 ὀνείρασιν
1174 3338 1372 3409 ὄψεων,
1415 3341 1510 3394 καὶ
1549 3340 1638 3396 διὰ
1664 3341 1774 3396 τῶν
1809 3342 1897 3395 θε-

308 3427 580 3498 ραπειῶν,
613 3421 689 3481 ὧν
718 3429 768 3481 οἱ
805 3429 1104 3500 κάμνοντες
1158 3430 1513 3498 ἀπολαύουσι,
1541 3433 1660 3498 πῶς
1701 3434 1768 3488 ἄν
1811 3451 1895 3500 τις

306 3520 401 3571 καὶ
431 3518 778 3591 διηγήσαιτο,
807 3521 1071 3575 ἀδυνάτου
1104 3523 1452 3590 καθεστῶτος
1489 3531 1608 3591 ταῖς
1654 3527 1895 3584 καθέκα-

308 3628 438 3665 στον
466 3613 775 3683 ἐνεργείαις
809 3616 1100 3684 ἐπαφεῖναι
1139 3615 1231 3668 τὸν
1257 3616 1449 3686 λὸγον;
1498 3618 1688 3690 Ἡμεῖς
1715 3619 1894 3674 τοίνυν

307 3705 549 3758 ἐνταῦθα
581 3704 865 3776 λήξαντες,
899 3707 1054 3771 δόξαν
1083 3708 1160 3779 τῷ
1204 3708 1419 3781 Σωτῆρι
1477 3708 1894 3783 προσοίσωμεν,

307 3791 368 3849 οὗ
399 3795 581 3851 δοῦλοι
605 3799 788 3852 πιστοὶ
816 3800 1085 3872 τοσαύτης
1112 3800 1424 3873 ἠξιώθησαν
1454 3803 1675 3874 χάριτος
1697 3845 1712 3868 ,
1754 3804 1896 3858 ὥστε

310 3892 452 3961 ergo;
482 3892 665 3944 πᾶσαν
693 3893 882 3963 χρείαν
912 3896 1006 3947 καὶ
1037 3897 1361 3967 περίστασιν
1382 3935 1396 3959 ,
1437 3895 1582 3950 κατά
1612 3897 1711 3967 τὴν
1730 3896 1897 3951 δοθεῖ-

314 3999 413 4036 σαν
445 3984 632 4045 αὐτοῖς
655 3983 885 4056 δωρεὰν,
922 3987 1049 4052 τοὺς
1071 3988 1398 4058 ὁμοδούλους
1433 3988 1741 4060 εὐεργετεῖν
1763 4006 1776 4018 ·
1803 3990 1897 4042 καὶ

311 4076 487 4130 ταῦτα
528 4077 668 4148 μετά
691 4077 788 4149 τὴν
816 4079 1023 4133 ἐνθένδε
1051 4079 1258 4150 ἄφιξιν,
1294 4081 1388 4134 καὶ
1407 4081 1497 4135 τὸν
1520 4081 1613 4136 τοῦ
1646 4081 1899 4153 σώματος

313 4170 627 4242 χωρισμόν·
668 4164 742 4224 ὧν
770 4173 804 4242 ἡ
838 4173 1024 4243 μνήμη
1060 4171 1198 4244 μετά
1225 4172 1320 4225 τοῦ
1355 4171 1517 4244 ἔργου
1541 4171 1660 4226 καθ’
1685 4173 1897 4246 ἡμέραν

310 4260 586 4333 διατρέχει
617 4262 801 4326 πόλεις
827 4263 918 4316 καὶ
943 4262 1156 4334 κώμας.
1188 4263 1464 4334 πανταχοῦ
1485 4263 1576 4317 τὸν
1606 4265 1897 4337 εὐεργέτην

314 4353 671 4425 κηρύσσουσα
706 4353 934 4426 Κύριον·
1084 4356 1285 4428 πρέπει
1317 4358 1469 4410 πᾶσα
1513 4352 1701 4426 [δόξα,
1756 4355 1894 4428 καὶ]

1921 3132 1968 3191 (ν

2007 1869 2367 1940 Bosphorum,
2401 1881 2456 1928 et
2503 1874 2570 1928 ad
2599 1873 2885 1932 Phasidem
2917 1893 3089 1951 usque
3125 1879 3344 1938 ﬂuvium
3390 1895 3579 1941 exten-

2005 1963 2248 2029 duntur;
2309 1980 2517 2033 omnes,
2573 1967 2813 2037 inquam,
2875 1971 2954 2036 hi,
3005 1973 3328 2044 obsequium
3395 1977 3575 2034 olitori

2003 2065 2262 2124 prarstent
2293 2074 2307 2111 :
2344 2073 2576 2130 cumque
2630 2061 2874 2117 moribus
2920 2067 3173 2120 omnibus
3212 2083 3275 2122 ac
3321 2070 3517 2124 studiis
3547 2089 3576 2125 ιι

2004 2149 2157 2203 nobis
2187 2147 2462 2216 diﬂerant,
2490 2149 2592 2206 hac
2634 2168 2738 2205 ttna
2780 2169 2839 2208 re
2871 2155 2984 2210 sola
3031 2157 3184 2212 nobis
3210 2162 3576 2227 consentiunt,

2003 2248 2058 2294 ut
2088 2254 2274 2296 eorum
2333 2240 2520 2297 feritas
2575 2258 2785 2298 morum
2841 2261 2870 2299 a
2924 2247 3152 2303 veritate
3205 2265 3562 2308 mansuescat.

2003 2330 2155 2386 Unus
2180 2343 2329 2389 certe
2361 2333 2509 2389 illinc
2533 2335 2783 2406 princeps
2837 2353 3058 2408 rexque,
3085 2355 3340 2397 coronam
3387 2347 3576 2414 capitis

2001 2423 2297 2490 deponens,
2355 2440 2489 2480 auro
2536 2441 2599 2480 ac
2646 2443 2979 2497 gemmarum
3015 2429 3237 2488 ﬁoribus
3291 2436 3576 2504 magniﬁco

1999 2511 2386 2580 splendentem,
2412 2529 2726 2586 exuensque
2753 2519 3006 2588 pretiosa:
3032 2523 3271 2576 materia!
3329 2524 3573 2582 bellicam

1997 2599 2219 2655 loricam
2243 2601 2462 2675 (quippe
2477 2605 2706 2675 superba
2739 2617 2820 2660 est
2842 2623 2902 2662 ac
2921 2608 3194 2664 luxuriosa
3221 2611 3570 2670 barbarorum

1998 2696 2322 2765 armatura),
2353 2705 2579 2765 utraque
2604 2699 3007 2765 misitdonaria,
3035 2703 3140 2756 Deo
3165 2718 3258 2770 per
3285 2717 3573 2776 martyrem

1999 2787 2250 2855 potentiae
2281 2803 2345 2842 ac
2374 2788 2654 2857 dignitatis
2688 2804 3015 2846 consecrans
3048 2808 3386 2864 argumenta.
3446 2799 3572 2854 Cla-

1999 2893 2118 2932 rum
2143 2880 2284 2934 enim
2309 2893 2413 2947 est,
2446 2882 2656 2939 misisse
2688 2899 2970 2952 coronam,
3026 2897 3084 2941 ut
3134 2903 3230 2956 pro
3259 2904 3420 2957 regno
3450 2907 3576 2959 gra-

2001 2969 2103 3024 tias
2124 2981 2313 3040 ageret
2337 2989 2352 3026 :
2390 2971 2613 3028 loricam
2644 2989 2796 3041 vero,
2827 2983 2886 3030 ut
2907 2991 3002 3046 pro
3031 2977 3226 3033 virtute
3255 2979 3466 3034 bellica.

2069 3259 2199 3326 Qua:
2225 3267 2404 3314 autem
2431 3269 2648 3329 propter
2669 3259 2780 3316 haec
2814 3260 3068 3325 continue
3101 3261 3354 3317 eveniunt
3403 3263 3564 3318 henc-

1998 3351 2119 3406 ﬁcia
2152 3367 2248 3422 per
2286 3349 2523 3406 visiones
2574 3352 2625 3405 in
2681 3352 2908 3418 somnis,
2965 3367 3028 3408 ac
3077 3355 3407 3419 curationes,
3441 3371 3575 3423 quas

1997 3442 2186 3511 aegroti
2216 3451 2643 3512 consequuntur,
2677 3458 2784 3513 quo
2840 3445 2961 3512 quis
3023 3446 3182 3499 modo
3237 3449 3572 3510 narraverit,

1997 3550 2119 3591 cum
2151 3549 2330 3590 sermo
2359 3534 2426 3589 ad
2479 3535 2685 3606 singula
2741 3539 3002 3592 accedere
3049 3554 3153 3592 non
3208 3538 3419 3608 possit?
3469 3538 3574 3593 Nos

1998 3641 2127 3696 ergo
2175 3627 2261 3683 hic
2292 3626 2600 3682 desinentes
2621 3667 2636 3690 ,
2669 3627 2935 3685 Salvatori
2991 3629 3214 3697 gloriam
3249 3629 3573 3694 oﬁ’eremus,

1998 3719 2150 3788 cujus
2172 3719 2312 3775 servi
2345 3719 2530 3776 ﬁdeles
2556 3729 2762 3775 tantam
2788 3721 3013 3792 gratiam
3041 3730 3167 3776 sunt
3189 3723 3485 3785 consecuti,
3519 3733 3574 3775 ut

2001 3809 2052 3864 in
2079 3810 2225 3864 omni
2261 3810 2584 3865 necessitate
2613 3826 2676 3864 ac
2703 3827 2852 3875 casu,
2880 3825 2978 3875 pro
3027 3825 3288 3864 concesso
3329 3810 3408 3864 cis
3434 3811 3574 3864 douu

1999 3904 2274 3958 conservis
2308 3903 2421 3958 suis
2438 3901 2778 3957 benefaciaut
2811 3916 2824 3950 :
2867 3900 3025 3968 idque
3044 3909 3325 3968 postquam
3358 3899 3425 3952 ab
3476 3901 3574 3954 hu-

1999 3995 2172 4051 manis
2214 3994 2576 4060 excesserint,
2615 3991 2928 4062 fuerintque
2981 3993 3213 4062 separati
3248 4008 3279 4047 a
3321 4007 3572 4063 corpore.

1998 4089 2237 4157 Quorum
2273 4085 2535 4142 memoria
2560 4085 2774 4153 elﬁcax,
2827 4086 3070 4156 quotidie
3117 4086 3418 4156 pervadens
3443 4087 3574 4141 civi-

2001 4190 2137 4236 tates
2188 4195 2254 4236 ac
2307 4179 2499 4244 vicos,
2564 4179 2765 4249 ubique
2824 4178 3225 4234 benefactorem
3287 4177 3572 4232 Dominum

1999 4272 2292 4345 praedicat:
2325 4287 2482 4344 quem
2509 4273 2665 4328 decet
2696 4271 2874 4326 omnis
2914 4271 3105 4340 gloria,
3143 4271 3336 4335 honor,
3380 4279 3433 4324 et
3475 4286 3573 4338 po-

2002 4375 2195 4430 testas,
2226 4381 2289 4420 ac
2320 4362 2736 4436 magniﬁcentia,
2765 4377 2908 4417 nunc
2936 4372 2991 4417 et
3045 4362 3096 4417 in
3127 4361 3319 4417 saecula
3350 4363 3574 4418 Surculu-

313 4447 468 4520 τιμὴ,
509 4448 605 4501 καὶ
634 4447 853 4518 κράτος,
893 4449 986 4501 καὶ
1029 4449 1492 4528 μεγαλοπρέπεια,
1540 4447 1636 4503 νῦν
1688 4449 1782 4503 καὶ
1814 4450 1895 4513 είς
1926 4470 1970 4524 D
2003 4474 2140 4514 mm,
2173 4459 2366 4515 Amen,

315 4543 440 4605 τοὺς
471 4541 677 4606 αἰῶνας
700 4540 806 4594 τῶν
837 4540 1070 4597 αἰώνων.
1117 4543 1312 4614 Ἀμήν.

1083 4654 1136 4708 l’.

519 4767 846 4839 Ἐγκώμιον
875 4771 962 4835 εἰς
990 4769 1130 4836 τοὺς
1155 4769 1364 4839 ἁγίους
1378 4769 1707 4838 μάρτιιρας.

401 4858 597 4926 Ἔστιν,
629 4861 705 4924 ὼς
731 4861 924 4925 ἔοικεν,
950 4863 1044 4915 καὶ
1079 4861 1230 4934 παρά
1262 4863 1372 4914 τῶν
1392 4862 1594 4934 σφόδρα
1619 4861 1899 4933 δυσμενῶν

389 5095 498 5162 (49)
541 5095 616 5148 Ex
680 5093 923 5148 bibliollt.
986 5093 1246 5148 cardinal.
1315 5092 1586 5147 Columna)
1619 5094 1651 5155 ,'
1697 5112 1750 5148 ιι.
1805 5095 1890 5161 12,

315 5168 662 5221 "scribente
692 5181 756 5216 ac
789 5166 1224 5219 couttnttnicattle
1253 5165 1314 5218 ll.
1342 5165 1404 5215 P.
1433 5162 1546 5215 Jac.
1577 5163 1886 5218 Sirtttundo.

315 5265 380 5276 -
404 5235 721 5308 Opportune
755 5236 966 5308 tandem
1006 5234 1296 5308 detectam.
1321 5250 1411 5308 Aac
1453 5235 1890 5308 lrumrmissimea

317 5304 636 5361 doctissimo
695 5305 937 5372 perinde,
994 5321 1058 5359 ac
1116 5304 1508 5358 humanissimo
1554 5304 1670 5359 viro
1720 5307 1782 5359 ll.
1831 5306 1890 5360 P.

314 5374 520 5431 Iacobo
553 5374 849 5430 Sirmundu
881 5389 1218 5430 communem
1260 5376 1475 5437 factam,
1521 5391 1640 5428 cum
1673 5378 1756 5430 vix
1787 5393 1889 5430 non

317 5447 540 5516 prmium
577 5446 785 5499 Asturii
811 5445 1012 5515 reliqua
1037 5446 1366 5516 excudissgt.
1395 5459 1501 5515 quo
1534 5446 1746 5499 tandem
1776 5447 1894 5501 loco

322 5514 559 5571 maxime
589 5514 987 5597 desiderabam,
1034 5525 1250 5597 ac_post
1286 5514 1480 5597 Phoceu
1516 5517 1765 5587 martyris
1803 5533 1898 5597 cn-

317 5589 582 5650 couuium,
616 5601 817 5653 ponere
863 5585 1030 5640 licuit.
1088 5585 1298 5640 Titulus
1342 5585 1557 5653 quidem
1601 5585 1902 5641 co'nnuuuis

316 5669 436 5737 est;
469 5657 619 5713 velut
651 5657 794 5737 dicta
833 5655 905 5711 sit
948 5656 1000 5710 itt
1047 5665 1314 5737 martyres
1339 5655 1593 5737 absolute
1619 5672 1900 5737 ,_quorunr

319 5726 499 5786 (ἕνπτὶ
531 5734 652 5799 post
686 5724 1056 5784 Pentecostem
1098 5724 1238 5784 diem
1271 5725 1545 5785 celebrem
1578 5724 1796 5788 habent.
1826 5727 1900 5782 uti

2266 4774 2571 4828 Encomium
2608 4774 2659 4826 iu
2694 4783 2901 4826 sanctos
2925 4755 3178 4844 martyres
3209 4771 3343 4842 (49).

2075 4866 2245 4927 Licet,
2276 4879 2332 4922 ut
2365 4869 2599 4932 videtur,
2631 4871 2792 4922 etiam
2831 4883 2860 4921 a
2902 4869 3248 4922 vehementer
3276 4866 3497 4921 infensis
3523 4878 3573 4921 ct

2003 5095 2114 5178 fere
2143 5112 2238 5178 [tos
2263 5097 2521 5178 mncapite
2546 5096 2907 5153 Kalendarum
2942 5095 3342 5178 Novembrium,
3381 5095 3573 5178 fastum

2002 5167 2252 5223 Omnium
2282 5165 2630 5246 'Sanctorum
2670 5188 2683 5223 :
2720 5185 2776 5224 re
2817 5166 3352 5246 tamen_vera_dicta
3384 5177 3486 5246 est,
3523 5167 3573 5218 in

2003 5248 2179 5292 certos
2214 5239 2473 5317 quosdam
2517 5248 2808 5317 martyres,
2843 5255 2907 5293 ac
2947 5237 3089 5290 velut
3117 5236 3265 5317 urbis
3300 5235 3574 5317 tutelarcs.

2005 5308 2056 5362 in
2098 5325 2200 5378 qua
2234 5304 2374 5362 tunc
2408 5304 2674 5390 Asterius
2697 5319 2877 5379 egeret
2907 5325 2921 5361 :
2955 5323 3092 5376 quos
3138 5304 3224 5360 ille
3279 5307 3576 5390 praecipuo?

2002 5379 2146 5432 inter
2180 5389 2442 5460 martyres
2477 5377 2699 5458 indicat,
2739 5377 3090 5460 'cutneorum
3119 5377 3576 5460 κορυφαίουςααὶ

2003 5448 2334 5519 προστάτας,
2363 5448 2479 5516 ipso
2499 5448 2678 5519 Statim
2711 5447 2934 5519 exordio
2965 5457 3143 5500 vocat.
3167 5447 3329 5519 Forte
3359 5447 3575 5500 excide-

2001 5517 2126 5570 runt
2161 5517 2633 5597 npminanpropria
2659 5517 2879 5597 illorum
2912 5528 3234 5597 martyrum,
3267 5517 3317 5597 in
3347 5530 3572 5597 quorum

2003 5587 2115 5641 haec
2164 5585 2455 5668 Natalitiis.
2495 5587 2739 5642 Asterius
2769 5585 3068 5668 oraverat,
3103 5585 3182 5667 vel
3225 5586 3384 5640 etiam
3435 5593 3574 5668 rutila

2003 5666 2128 5712 sunt
2153 5658 2222 5713 ab
2251 5674 2336 5725 co,
2367 5657 2456 5726 qui
2495 5667 2782 5712 tractatum
2814 5658 2923 5712 sibi
2960 5658 3200 5726 reposuit
3230 5670 3441 5726 acfsnte
3470 5654 3571 5706 Ec-

2003 5728 2203 5794 clesiae,
2239 5744 2332 5800 pro
2366 5725 2453 5787 die
2481 5727 2618 5786 festo
2643 5728 2884 5786 omniunt
2931 5725 3255 5798 martyrum.
3288 5725 3574 5782 Commen-
