  <div class='ocr_page' id='page_1' title='image "/cluster/home/n/w/nwhite01/storage/ocr_20150623/40/hvd.32044073501843/165.png"; bbox 0 0 4034 6204; ppageno 0'>
   <div class='ocr_carea' id='block_1_1' title="bbox 401 213 508 273">
    <p class='ocr_par' dir='ltr' id='par_1_1' title="bbox 401 213 508 273">
     <span class='ocr_line' id='line_1_1' title="bbox 401 213 508 273; baseline -0.019 0"><span class='ocrx_word' id='word_1_1' title='bbox 401 213 508 273; x_wconf 78' lang='lat'><strong>615</strong></span> 
     </span>
    </p>
   </div>
   <div class='ocr_carea' id='block_1_2' title="bbox 1682 206 2405 266">
    <p class='ocr_par' dir='ltr' id='par_1_2' title="bbox 1682 206 2405 266">
     <span class='ocr_line' id='line_1_2' title="bbox 1682 206 2405 266; baseline -0.006 -1"><span class='ocrx_word' id='word_1_2' title='bbox 1682 210 1741 265; x_wconf 87' lang='lat' dir='ltr'><strong>S.</strong></span> <span class='ocrx_word' id='word_1_3' title='bbox 1782 207 2059 266; x_wconf 77' lang='lat' dir='ltr'><strong>ASTEBII</strong></span> <span class='ocrx_word' id='word_1_4' title='bbox 2097 206 2405 263; x_wconf 75' lang='lat' dir='ltr'><strong>AMASENI</strong></span> 
     </span>
    </p>
   </div>
   <div class='ocr_carea' id='block_1_3' title="bbox 3516 200 3678 256">
    <p class='ocr_par' dir='ltr' id='par_1_3' title="bbox 3516 200 3678 256">
     <span class='ocr_line' id='line_1_3' title="bbox 3516 200 3678 256; baseline -0.019 0"><span class='ocrx_word' id='word_1_5' title='bbox 3516 200 3678 256; x_wconf 37' lang='lat'><strong>‘315</strong></span> 
     </span>
    </p>
   </div>
   <div class='ocr_carea' id='block_1_4' title="bbox 402 314 2015 401">
    <p class='ocr_par' dir='ltr' id='par_1_4' title="bbox 402 326 2015 401">
     <span class='ocr_line' id='line_1_4' title="bbox 402 326 2015 401; baseline -0.004 -16"><span class='ocrx_word' id='word_1_6' title='bbox 402 330 837 401; x_wconf 75' lang='lat' dir='ltr'><strong>implacabilibus</strong></span> <span class='ocrx_word' id='word_1_7' title='bbox 886 330 1145 395; x_wconf 87' lang='lat' dir='ltr'><strong>inimicis,</strong></span> <span class='ocrx_word' id='word_1_8' title='bbox 1179 329 1393 384; x_wconf 90' lang='lat' dir='ltr'><strong>lucrum</strong></span> <span class='ocrx_word' id='word_1_9' title='bbox 1427 327 1644 397; x_wconf 84' lang='lat' dir='ltr'><strong>aliquod</strong></span> <span class='ocrx_word' id='word_1_10' title='bbox 1693 326 1777 381; x_wconf 94' lang='lat' dir='ltr'><strong>vel</strong></span> <span class='ocrx_word' id='word_1_11' title='bbox 1811 328 1982 380; x_wconf 78' lang='lat' dir='ltr'><strong>maxi-</strong></span> <span class='ocrx_word' id='word_1_12' title='bbox 2012 381 2015 392; x_wconf 21' lang='grc' dir='ltr'><strong>γ</strong></span> 
     </span>
    </p>
   </div>
   <div class='ocr_carea' id='block_1_5' title="bbox 2115 314 3678 401">
    <p class='ocr_par' dir='ltr' id='par_1_5' title="bbox 2115 314 3678 393">
     <span class='ocr_line' id='line_1_5' title="bbox 2115 314 3678 393; baseline -0.007 -14"><span class='ocrx_word' id='word_1_13' title='bbox 2115 327 2182 381; x_wconf 75' lang='grc' dir='ltr'>ιαὶ</span> <span class='ocrx_word' id='word_1_14' title='bbox 2211 321 2581 379; x_wconf 77' lang='grc' dir='ltr'>ἀδιαλλάκτων</span> <span class='ocrx_word' id='word_1_15' title='bbox 2610 320 2820 393; x_wconf 76' lang='grc' dir='ltr'>ἐχθρῶν</span> <span class='ocrx_word' id='word_1_16' title='bbox 2848 319 3196 391; x_wconf 69' lang='grc' dir='ltr'><strong>ὠφεληθῆναι</strong></span> <span class='ocrx_word' id='word_1_17' title='bbox 3213 318 3283 371; x_wconf 69' lang='grc' dir='ltr'><strong>τὰ</strong></span> <span class='ocrx_word' id='word_1_18' title='bbox 3307 314 3555 388; x_wconf 67' lang='grc' dir='ltr'>μιγιστω</span> <span class='ocrx_word' id='word_1_19' title='bbox 3578 320 3678 369; x_wconf 71' lang='grc' dir='ltr'>καὶ</span> 
     </span>
    </p>
   </div>
   <div class='ocr_carea' id='block_1_6' title="bbox 410 415 1992 495">
    <p class='ocr_par' dir='ltr' id='par_1_6' title="bbox 410 415 1992 495">
     <span class='ocr_line' id='line_1_6' title="bbox 410 415 1992 495; baseline -0.002 -21"><span class='ocrx_word' id='word_1_20' title='bbox 410 438 555 477; x_wconf 85' lang='grc' dir='ltr'>ιιιιιιιι</span> <span class='ocrx_word' id='word_1_21' title='bbox 587 438 780 495; x_wconf 87' lang='lat' dir='ltr'><strong>capere</strong></span> <span class='ocrx_word' id='word_1_22' title='bbox 812 441 826 478; x_wconf 91' lang='lat'><strong>:</strong></span> <span class='ocrx_word' id='word_1_23' title='bbox 856 438 919 477; x_wconf 89' lang='lat' dir='ltr'><strong>ac</strong></span> <span class='ocrx_word' id='word_1_24' title='bbox 941 436 1060 475; x_wconf 90' lang='lat' dir='ltr'><strong>cum</strong></span> <span class='ocrx_word' id='word_1_25' title='bbox 1094 419 1300 488; x_wconf 87' lang='lat' dir='ltr'><strong>reliqua</strong></span> <span class='ocrx_word' id='word_1_26' title='bbox 1335 420 1458 473; x_wconf 70' lang='lat' dir='ltr'><strong>vita:</strong></span> <span class='ocrx_word' id='word_1_27' title='bbox 1494 415 1833 489; x_wconf 75' lang='lat' dir='ltr'><strong>experientia</strong></span> <span class='ocrx_word' id='word_1_28' title='bbox 1863 431 1992 485; x_wconf 80' lang='lat' dir='ltr'><strong>pro-</strong></span> 
     </span>
    </p>
   </div>
   <div class='ocr_carea' id='block_1_7' title="bbox 410 507 1996 582">
    <p class='ocr_par' dir='ltr' id='par_1_7' title="bbox 410 507 1996 582">
     <span class='ocr_line' id='line_1_7' title="bbox 410 507 1996 582; baseline -0.004 -15"><span class='ocrx_word' id='word_1_29' title='bbox 410 512 522 577; x_wconf 87' lang='lat' dir='ltr'><strong>bat,</strong></span> <span class='ocrx_word' id='word_1_30' title='bbox 554 523 667 567; x_wconf 92' lang='lat' dir='ltr'><strong>tum</strong></span> <span class='ocrx_word' id='word_1_31' title='bbox 694 528 812 582; x_wconf 76' lang='lat' dir='ltr'><strong>qum</strong></span> <span class='ocrx_word' id='word_1_32' title='bbox 838 514 996 567; x_wconf 85' lang='lat' dir='ltr'><strong>modo</strong></span> <span class='ocrx_word' id='word_1_33' title='bbox 1023 523 1147 566; x_wconf 90' lang='lat' dir='ltr'><strong>sunt</strong></span> <span class='ocrx_word' id='word_1_34' title='bbox 1170 512 1463 568; x_wconf 88' lang='lat' dir='ltr'><strong>celebrata.</strong></span> <span class='ocrx_word' id='word_1_35' title='bbox 1494 508 1605 564; x_wconf 77' lang='lat' dir='ltr'><strong>Nisi</strong></span> <span class='ocrx_word' id='word_1_36' title='bbox 1635 508 1776 562; x_wconf 90' lang='lat' dir='ltr'><strong>enim</strong></span> <span class='ocrx_word' id='word_1_37' title='bbox 1811 507 1996 562; x_wconf 83' lang='lat' dir='ltr'><strong>diabo-</strong></span> 
     </span>
    </p>
   </div>
   <div class='ocr_carea' id='block_1_8' title="bbox 305 596 1996 669">
    <p class='ocr_par' dir='ltr' id='par_1_8' title="bbox 305 596 1996 669">
     <span class='ocr_line' id='line_1_8' title="bbox 305 596 1996 669; baseline 0.002 -22"><span class='ocrx_word' id='word_1_38' title='bbox 305 641 312 647; x_wconf 89' lang='lat'><strong>.</strong></span> <span class='ocrx_word' id='word_1_39' title='bbox 409 598 495 653; x_wconf 84' lang='lat' dir='ltr'><strong>lus</strong></span> <span class='ocrx_word' id='word_1_40' title='bbox 520 600 857 653; x_wconf 82' lang='lat' dir='ltr'><strong>Christianos</strong></span> <span class='ocrx_word' id='word_1_41' title='bbox 883 609 1200 669; x_wconf 88' lang='lat' dir='ltr'><strong>persecutus</strong></span> <span class='ocrx_word' id='word_1_42' title='bbox 1227 609 1396 663; x_wconf 89' lang='lat' dir='ltr'><strong>esset,</strong></span> <span class='ocrx_word' id='word_1_43' title='bbox 1426 615 1489 653; x_wconf 91' lang='lat' dir='ltr'><strong>ac</strong></span> <span class='ocrx_word' id='word_1_44' title='bbox 1515 598 1777 653; x_wconf 88' lang='lat' dir='ltr'><strong>adversus</strong></span> <span class='ocrx_word' id='word_1_45' title='bbox 1810 596 1996 651; x_wconf 85' lang='lat' dir='ltr'><strong>Eccle-</strong></span> 
     </span>
    </p>
   </div>
   <div class='ocr_carea' id='block_1_9' title="bbox 411 687 1999 758">
    <p class='ocr_par' dir='ltr' id='par_1_9' title="bbox 411 687 1999 758">
     <span class='ocr_line' id='line_1_9' title="bbox 411 687 1999 758; baseline -0.002 -17"><span class='ocrx_word' id='word_1_46' title='bbox 411 688 546 741; x_wconf 82' lang='lat' dir='ltr'><strong>siam</strong></span> <span class='ocrx_word' id='word_1_47' title='bbox 600 688 797 742; x_wconf 90' lang='lat' dir='ltr'><strong>bellum</strong></span> <span class='ocrx_word' id='word_1_48' title='bbox 833 689 1185 758; x_wconf 83' lang='lat' dir='ltr'><strong>suscepisset,</strong></span> <span class='ocrx_word' id='word_1_49' title='bbox 1224 688 1397 742; x_wconf 92' lang='lat' dir='ltr'><strong>nullos</strong></span> <span class='ocrx_word' id='word_1_50' title='bbox 1427 687 1750 743; x_wconf 82' lang='lat' dir='ltr'><strong>haberemus</strong></span> <span class='ocrx_word' id='word_1_51' title='bbox 1786 696 1999 755; x_wconf 86' lang='lat' dir='ltr'><strong>marty-</strong></span> 
     </span>
    </p>
   </div>
   <div class='ocr_carea' id='block_1_10' title="bbox 416 775 1998 844">
    <p class='ocr_par' dir='ltr' id='par_1_10' title="bbox 416 775 1998 844">
     <span class='ocr_line' id='line_1_10' title="bbox 416 775 1998 844; baseline -0.001 -14"><span class='ocrx_word' id='word_1_52' title='bbox 416 777 641 831; x_wconf 89' lang='lat' dir='ltr'><strong>res:iis</strong></span> <span class='ocrx_word' id='word_1_53' title='bbox 698 787 876 832; x_wconf 89' lang='lat' dir='ltr'><strong>autem</strong></span> <span class='ocrx_word' id='word_1_54' title='bbox 914 793 1018 833; x_wconf 91' lang='lat' dir='ltr'><strong>non</strong></span> <span class='ocrx_word' id='word_1_55' title='bbox 1079 779 1443 844; x_wconf 78' lang='lat' dir='ltr'><strong>exstantibus,</strong></span> <span class='ocrx_word' id='word_1_56' title='bbox 1502 788 1692 834; x_wconf 72' lang='lat' dir='ltr'><strong>riimsm</strong></span> <span class='ocrx_word' id='word_1_57' title='bbox 1750 792 1815 831; x_wconf 91' lang='lat' dir='ltr'><strong>ac</strong></span> <span class='ocrx_word' id='word_1_58' title='bbox 1867 775 1998 831; x_wconf 83' lang='lat' dir='ltr'><strong>nihil</strong></span> 
     </span>
    </p>
   </div>
   <div class='ocr_carea' id='block_1_11' title="bbox 414 864 1995 937">
    <p class='ocr_par' dir='ltr' id='par_1_11' title="bbox 414 864 1995 937">
     <span class='ocr_line' id='line_1_11' title="bbox 414 864 1995 937; baseline 0 -20"><span class='ocrx_word' id='word_1_59' title='bbox 414 864 602 920; x_wconf 76' lang='lat' dir='ltr'><strong>hilaris</strong></span> <span class='ocrx_word' id='word_1_60' title='bbox 673 866 916 936; x_wconf 81' lang='lat' dir='ltr'><strong>festaque</strong></span> <span class='ocrx_word' id='word_1_61' title='bbox 968 867 1076 922; x_wconf 87' lang='lat' dir='ltr'><strong>vita</strong></span> <span class='ocrx_word' id='word_1_62' title='bbox 1127 868 1280 922; x_wconf 90' lang='lat' dir='ltr'><strong>nobis</strong></span> <span class='ocrx_word' id='word_1_63' title='bbox 1330 877 1600 937; x_wconf 81' lang='lat' dir='ltr'><strong>ageretur.</strong></span> <span class='ocrx_word' id='word_1_64' title='bbox 1658 864 1799 933; x_wconf 87' lang='lat' dir='ltr'><strong>Quid</strong></span> <span class='ocrx_word' id='word_1_65' title='bbox 1852 865 1995 920; x_wconf 90' lang='lat' dir='ltr'><strong>enim</strong></span> 
     </span>
    </p>
   </div>
   <div class='ocr_carea' id='block_1_12' title="bbox 414 954 2001 1028">
    <p class='ocr_par' dir='ltr' id='par_1_12' title="bbox 414 954 2001 1028">
     <span class='ocr_line' id='line_1_12' title="bbox 414 954 2001 1028; baseline 0.001 -19"><span class='ocrx_word' id='word_1_66' title='bbox 414 954 747 1013; x_wconf 80' lang='lat' dir='ltr'><strong>solemnibus</strong></span> <span class='ocrx_word' id='word_1_67' title='bbox 790 960 939 1015; x_wconf 79' lang='lat' dir='ltr'><strong>hisce</strong></span> <span class='ocrx_word' id='word_1_68' title='bbox 997 960 1355 1016; x_wconf 89' lang='lat' dir='ltr'><strong>conventibus</strong></span> <span class='ocrx_word' id='word_1_69' title='bbox 1413 958 1718 1028; x_wconf 88' lang='lat' dir='ltr'><strong>comparari</strong></span> <span class='ocrx_word' id='word_1_70' title='bbox 1783 956 2001 1025; x_wconf 86' lang='lat' dir='ltr'><strong>queat?</strong></span> 
     </span>
    </p>
   </div>
   <div class='ocr_carea' id='block_1_13' title="bbox 416 1048 2002 1119">
    <p class='ocr_par' dir='ltr' id='par_1_13' title="bbox 416 1048 2002 1119">
     <span class='ocr_line' id='line_1_13' title="bbox 416 1048 2002 1119; baseline 0.003 -19"><span class='ocrx_word' id='word_1_71' title='bbox 416 1048 622 1115; x_wconf 83' lang='lat' dir='ltr'><strong>Quidve</strong></span> <span class='ocrx_word' id='word_1_72' title='bbox 674 1050 810 1105; x_wconf 89' lang='lat' dir='ltr'><strong>adeo</strong></span> <span class='ocrx_word' id='word_1_73' title='bbox 857 1051 1166 1107; x_wconf 84' lang='lat' dir='ltr'><strong>venerabile</strong></span> <span class='ocrx_word' id='word_1_74' title='bbox 1214 1066 1277 1106; x_wconf 88' lang='lat' dir='ltr'><strong>ac</strong></span> <span class='ocrx_word' id='word_1_75' title='bbox 1336 1051 1681 1119; x_wconf 66' lang='lat' dir='ltr'><strong>praeclarum,</strong></span> <span class='ocrx_word' id='word_1_76' title='bbox 1719 1066 1883 1119; x_wconf 88' lang='lat' dir='ltr'><strong>quam</strong></span> <span class='ocrx_word' id='word_1_77' title='bbox 1940 1060 2002 1104; x_wconf 84' lang='lat' dir='ltr'><strong>ut</strong></span> 
     </span>
    </p>
   </div>
   <div class='ocr_carea' id='block_1_14' title="bbox 416 1141 1997 1213">
    <p class='ocr_par' dir='ltr' id='par_1_14' title="bbox 416 1141 1997 1213">
     <span class='ocr_line' id='line_1_14' title="bbox 416 1141 1997 1213; baseline 0.002 -22"><span class='ocrx_word' id='word_1_78' title='bbox 416 1142 604 1195; x_wconf 86' lang='lat' dir='ltr'><strong>urbem</strong></span> <span class='ocrx_word' id='word_1_79' title='bbox 626 1151 793 1197; x_wconf 90' lang='lat' dir='ltr'><strong>totam</strong></span> <span class='ocrx_word' id='word_1_80' title='bbox 827 1143 1098 1198; x_wconf 74' lang='lat' dir='ltr'><strong>mcenibus</strong></span> <span class='ocrx_word' id='word_1_81' title='bbox 1130 1143 1332 1199; x_wconf 80' lang='lat' dir='ltr'><strong>effundi</strong></span> <span class='ocrx_word' id='word_1_82' title='bbox 1364 1143 1572 1206; x_wconf 87' lang='lat' dir='ltr'><strong>videas,</strong></span> <span class='ocrx_word' id='word_1_83' title='bbox 1609 1153 1777 1213; x_wconf 88' lang='lat' dir='ltr'><strong>atque</strong></span> <span class='ocrx_word' id='word_1_84' title='bbox 1812 1141 1878 1194; x_wconf 88' lang='lat' dir='ltr'><strong>ad</strong></span> <span class='ocrx_word' id='word_1_85' title='bbox 1901 1155 1997 1195; x_wconf 84' lang='lat' dir='ltr'><strong>sa-</strong></span> 
     </span>
    </p>
   </div>
   <div class='ocr_carea' id='block_1_15' title="bbox 420 1232 2003 1305">
    <p class='ocr_par' dir='ltr' id='par_1_15' title="bbox 420 1232 2003 1305">
     <span class='ocr_line' id='line_1_15' title="bbox 420 1232 2003 1305; baseline -0.001 -20"><span class='ocrx_word' id='word_1_86' title='bbox 420 1248 573 1286; x_wconf 87' lang='lat' dir='ltr'><strong>crum</strong></span> <span class='ocrx_word' id='word_1_87' title='bbox 639 1232 815 1287; x_wconf 91' lang='lat' dir='ltr'><strong>locum</strong></span> <span class='ocrx_word' id='word_1_88' title='bbox 880 1234 1213 1303; x_wconf 75' lang='lat' dir='ltr'><strong>procedere,</strong></span> <span class='ocrx_word' id='word_1_89' title='bbox 1268 1251 1400 1305; x_wconf 89' lang='lat' dir='ltr'><strong>pura</strong></span> <span class='ocrx_word' id='word_1_90' title='bbox 1458 1234 1570 1289; x_wconf 91' lang='lat' dir='ltr'><strong>illic</strong></span> <span class='ocrx_word' id='word_1_91' title='bbox 1623 1232 2003 1289; x_wconf 75' lang='lat' dir='ltr'><strong>sincerissima:</strong></span> 
     </span>
    </p>
   </div>
   <div class='ocr_carea' id='block_1_16' title="bbox 415 1323 2003 1395">
    <p class='ocr_par' dir='ltr' id='par_1_16' title="bbox 415 1323 2003 1395">
     <span class='ocr_line' id='line_1_16' title="bbox 415 1323 2003 1395; baseline 0.006 -24"><span class='ocrx_word' id='word_1_92' title='bbox 415 1323 632 1390; x_wconf 75' lang='lat' dir='ltr'><strong>pietatis</strong></span> <span class='ocrx_word' id='word_1_93' title='bbox 660 1325 915 1394; x_wconf 86' lang='lat' dir='ltr'><strong>mysteria</strong></span> <span class='ocrx_word' id='word_1_94' title='bbox 950 1327 1384 1382; x_wconf 84' lang='lat' dir='ltr'><strong>celebraturam?</strong></span> <span class='ocrx_word' id='word_1_95' title='bbox 1442 1326 1614 1381; x_wconf 89' lang='lat' dir='ltr'><strong>Porro</strong></span> <span class='ocrx_word' id='word_1_96' title='bbox 1667 1341 1791 1380; x_wconf 88' lang='lat' dir='ltr'><strong>vera</strong></span> <span class='ocrx_word' id='word_1_97' title='bbox 1831 1326 2003 1395; x_wconf 87' lang='lat' dir='ltr'><strong>pietas</strong></span> 
     </span>
    </p>
   </div>
   <div class='ocr_carea' id='block_1_17' title="bbox 418 1418 1994 1490">
    <p class='ocr_par' dir='ltr' id='par_1_17' title="bbox 418 1418 1994 1490">
     <span class='ocr_line' id='line_1_17' title="bbox 418 1418 1994 1490; baseline 0 -21"><span class='ocrx_word' id='word_1_98' title='bbox 418 1418 524 1481; x_wconf 81' lang='lat' dir='ltr'><strong>es‘t,</strong></span> <span class='ocrx_word' id='word_1_99' title='bbox 555 1426 612 1471; x_wconf 93' lang='lat' dir='ltr'><strong>ut</strong></span> <span class='ocrx_word' id='word_1_100' title='bbox 646 1433 738 1472; x_wconf 92' lang='lat' dir='ltr'><strong>eos</strong></span> <span class='ocrx_word' id='word_1_101' title='bbox 767 1420 1122 1475; x_wconf 85' lang='lat' dir='ltr'><strong>veneratione</strong></span> <span class='ocrx_word' id='word_1_102' title='bbox 1149 1434 1213 1474; x_wconf 91' lang='lat' dir='ltr'><strong>ac</strong></span> <span class='ocrx_word' id='word_1_103' title='bbox 1243 1420 1543 1475; x_wconf 90' lang='lat' dir='ltr'><strong>honoribus</strong></span> <span class='ocrx_word' id='word_1_104' title='bbox 1574 1432 1994 1490; x_wconf 83' lang='lat' dir='ltr'><strong>prosequamur,</strong></span> 
     </span>
    </p>
   </div>
   <div class='ocr_carea' id='block_1_18' title="bbox 420 1507 2002 1587">
    <p class='ocr_par' dir='ltr' id='par_1_18' title="bbox 420 1507 2002 1587">
     <span class='ocr_line' id='line_1_18' title="bbox 420 1507 2002 1587; baseline 0.001 -28"><span class='ocrx_word' id='word_1_105' title='bbox 420 1507 510 1574; x_wconf 90' lang='lat' dir='ltr'><strong>qui</strong></span> <span class='ocrx_word' id='word_1_106' title='bbox 573 1508 697 1563; x_wconf 82' lang='lat' dir='ltr'><strong>forti</strong></span> <span class='ocrx_word' id='word_1_107' title='bbox 736 1526 832 1587; x_wconf 86' lang='lat' dir='ltr'><strong>pro</strong></span> <span class='ocrx_word' id='word_1_108' title='bbox 865 1511 1092 1566; x_wconf 92' lang='lat' dir='ltr'><strong>Domino</strong></span> <span class='ocrx_word' id='word_1_109' title='bbox 1147 1512 1327 1567; x_wconf 88' lang='lat' dir='ltr'><strong>animo</strong></span> <span class='ocrx_word' id='word_1_110' title='bbox 1366 1521 1638 1567; x_wconf 89' lang='lat' dir='ltr'><strong>tormenta</strong></span> <span class='ocrx_word' id='word_1_111' title='bbox 1669 1510 1826 1580; x_wconf 84' lang='lat' dir='ltr'><strong>passi.</strong></span> <span class='ocrx_word' id='word_1_112' title='bbox 1856 1516 2002 1572; x_wconf 86' lang='lat' dir='ltr'><strong>sunt,</strong></span> 
     </span>
    </p>
   </div>
   <div class='ocr_carea' id='block_1_19' title="bbox 420 1600 2007 1674">
    <p class='ocr_par' dir='ltr' id='par_1_19' title="bbox 420 1600 2007 1674">
     <span class='ocr_line' id='line_1_19' title="bbox 420 1600 2007 1674; baseline 0.003 -24"><span class='ocrx_word' id='word_1_113' title='bbox 420 1612 484 1653; x_wconf 88' lang='lat' dir='ltr'><strong>ac</strong></span> <span class='ocrx_word' id='word_1_114' title='bbox 528 1600 813 1656; x_wconf 85' lang='lat' dir='ltr'><strong>adversum</strong></span> <span class='ocrx_word' id='word_1_115' title='bbox 849 1604 1041 1659; x_wconf 86' lang='lat' dir='ltr'><strong>mortis</strong></span> <span class='ocrx_word' id='word_1_116' title='bbox 1093 1620 1404 1674; x_wconf 90' lang='lat' dir='ltr'><strong>supremum</strong></span> <span class='ocrx_word' id='word_1_117' title='bbox 1443 1604 1734 1658; x_wconf 90' lang='lat' dir='ltr'><strong>discrimen</strong></span> <span class='ocrx_word' id='word_1_118' title='bbox 1765 1602 2007 1657; x_wconf 76' lang='lat' dir='ltr'><strong>decerta-</strong></span> 
     </span>
    </p>
   </div>
   <div class='ocr_carea' id='block_1_20' title="bbox 2094 405 3685 484">
    <p class='ocr_par' dir='ltr' id='par_1_20' title="bbox 2094 405 3685 484">
     <span class='ocr_line' id='line_1_20' title="bbox 2094 405 3685 484; baseline -0.008 -13"><span class='ocrx_word' id='word_1_119' title='bbox 2094 417 2253 471; x_wconf 76' lang='grc' dir='ltr'>τοῦτο</span> <span class='ocrx_word' id='word_1_120' title='bbox 2298 415 2586 478; x_wconf 83' lang='grc' dir='ltr'>δείκνυσιν,</span> <span class='ocrx_word' id='word_1_121' title='bbox 2613 413 2649 483; x_wconf 85' lang='grc' dir='ltr'>ἥ</span> <span class='ocrx_word' id='word_1_122' title='bbox 2681 429 2740 465; x_wconf 88' lang='grc' dir='ltr'><strong>τε</strong></span> <span class='ocrx_word' id='word_1_123' title='bbox 2766 412 2898 484; x_wconf 77' lang='grc' dir='ltr'>ἄλλη</span> <span class='ocrx_word' id='word_1_124' title='bbox 2931 410 3027 465; x_wconf 82' lang='grc' dir='ltr'><strong>τοῦ</strong></span> <span class='ocrx_word' id='word_1_125' title='bbox 3062 410 3176 481; x_wconf 87' lang='grc' dir='ltr'>βίου</span> <span class='ocrx_word' id='word_1_126' title='bbox 3225 411 3421 479; x_wconf 86' lang='grc' dir='ltr'>πεῖρα,</span> <span class='ocrx_word' id='word_1_127' title='bbox 3465 405 3560 459; x_wconf 76' lang='grc' dir='ltr'><strong>καὶ</strong></span> <span class='ocrx_word' id='word_1_128' title='bbox 3608 406 3685 459; x_wconf 76' lang='grc' dir='ltr'><strong>τὰ</strong></span> 
     </span>
    </p>
   </div>
   <div class='ocr_carea' id='block_1_21' title="bbox 2096 495 3680 580">
    <p class='ocr_par' dir='ltr' id='par_1_21' title="bbox 2096 495 3680 580">
     <span class='ocr_line' id='line_1_21' title="bbox 2096 495 3680 580; baseline -0.008 -19"><span class='ocrx_word' id='word_1_129' title='bbox 2096 508 2301 580; x_wconf 78' lang='grc' dir='ltr'><strong>ἀρτίως</strong></span> <span class='ocrx_word' id='word_1_130' title='bbox 2327 504 2647 576; x_wconf 79' lang='grc' dir='ltr'><strong>τελούμενα.</strong></span> <span class='ocrx_word' id='word_1_131' title='bbox 2675 504 2738 557; x_wconf 84' lang='lat' dir='ltr'><strong>El</strong></span> <span class='ocrx_word' id='word_1_132' title='bbox 2764 502 2838 574; x_wconf 81' lang='grc' dir='ltr'>μὴ</span> <span class='ocrx_word' id='word_1_133' title='bbox 2872 503 2981 575; x_wconf 80' lang='grc' dir='ltr'><strong>γὰρ</strong></span> <span class='ocrx_word' id='word_1_134' title='bbox 3010 500 3229 568; x_wconf 74' lang='grc' dir='ltr'>ἐδίωξεν</span> <span class='ocrx_word' id='word_1_135' title='bbox 3262 498 3624 579; x_wconf 71' lang='grc' dir='ltr'>Χριστιανοὺς</span> <span class='ocrx_word' id='word_1_136' title='bbox 3651 495 3680 548; x_wconf 86' lang='grc' dir='ltr'><strong>ὁ</strong></span> 
     </span>
    </p>
   </div>
   <div class='ocr_carea' id='block_1_22' title="bbox 2095 582 3687 664">
    <p class='ocr_par' dir='ltr' id='par_1_22' title="bbox 2095 582 3687 664">
     <span class='ocr_line' id='line_1_22' title="bbox 2095 582 3687 664; baseline -0.008 -13"><span class='ocrx_word' id='word_1_137' title='bbox 2095 598 2366 662; x_wconf 74' lang='grc' dir='ltr'>διάϐολος,</span> <span class='ocrx_word' id='word_1_138' title='bbox 2403 595 2499 650; x_wconf 70' lang='grc' dir='ltr'>καὶ</span> <span class='ocrx_word' id='word_1_139' title='bbox 2526 595 2618 647; x_wconf 75' lang='grc' dir='ltr'><strong>τὸν</strong></span> <span class='ocrx_word' id='word_1_140' title='bbox 2645 592 2787 648; x_wconf 88' lang='grc' dir='ltr'><strong>κατά</strong></span> <span class='ocrx_word' id='word_1_141' title='bbox 2810 593 2908 664; x_wconf 89' lang='grc' dir='ltr'><strong>τῆς</strong></span> <span class='ocrx_word' id='word_1_142' title='bbox 2950 590 3275 663; x_wconf 81' lang='grc' dir='ltr'>Ἑκκλησίας</span> <span class='ocrx_word' id='word_1_143' title='bbox 3298 582 3468 661; x_wconf 76' lang='grc' dir='ltr'>ἤρατο</span> <span class='ocrx_word' id='word_1_144' title='bbox 3522 586 3687 657; x_wconf 74' lang='grc' dir='ltr'>πόλε-</span> 
     </span>
    </p>
   </div>
   <div class='ocr_carea' id='block_1_23' title="bbox 2102 678 3685 762">
    <p class='ocr_par' dir='ltr' id='par_1_23' title="bbox 2102 678 3685 762">
     <span class='ocr_line' id='line_1_23' title="bbox 2102 678 3685 762; baseline -0.007 -18"><span class='ocrx_word' id='word_1_145' title='bbox 2102 708 2222 762; x_wconf 89' lang='grc' dir='ltr'>μον,</span> <span class='ocrx_word' id='word_1_146' title='bbox 2279 690 2380 743; x_wconf 77' lang='grc' dir='ltr'>οὐκ</span> <span class='ocrx_word' id='word_1_147' title='bbox 2426 689 2492 743; x_wconf 86' lang='grc' dir='ltr'>ἂν</span> <span class='ocrx_word' id='word_1_148' title='bbox 2526 689 2747 759; x_wconf 71' lang='grc' dir='ltr'>εἴχομεν</span> <span class='ocrx_word' id='word_1_149' title='bbox 2804 686 3088 757; x_wconf 88' lang='grc' dir='ltr'>μάρτυρας</span> <span class='ocrx_word' id='word_1_150' title='bbox 3113 700 3127 715; x_wconf 75' lang='grc' dir='ltr'><strong>ο</strong></span> <span class='ocrx_word' id='word_1_151' title='bbox 3182 680 3477 755; x_wconf 86' lang='grc' dir='ltr'>μαρτύρων</span> <span class='ocrx_word' id='word_1_152' title='bbox 3516 680 3574 733; x_wconf 80' lang='grc' dir='ltr'>δὲ</span> <span class='ocrx_word' id='word_1_153' title='bbox 3605 678 3685 750; x_wconf 77' lang='grc' dir='ltr'>μὴ</span> 
     </span>
    </p>
   </div>
   <div class='ocr_carea' id='block_1_24' title="bbox 2097 774 3684 853">
    <p class='ocr_par' dir='ltr' id='par_1_24' title="bbox 2097 774 3684 853">
     <span class='ocr_line' id='line_1_24' title="bbox 2097 774 3684 853; baseline -0.008 -15"><span class='ocrx_word' id='word_1_154' title='bbox 2097 784 2287 847; x_wconf 76' lang='grc' dir='ltr'>ὄντων,</span> <span class='ocrx_word' id='word_1_155' title='bbox 2324 780 2645 853; x_wconf 71' lang='grc' dir='ltr'>σκυθρωπδς</span> <span class='ocrx_word' id='word_1_156' title='bbox 2671 784 2704 851; x_wconf 83' lang='grc' dir='ltr'>ἠ</span> <span class='ocrx_word' id='word_1_157' title='bbox 2714 779 2830 850; x_wconf 88' lang='grc' dir='ltr'><strong>μῶν</strong></span> <span class='ocrx_word' id='word_1_158' title='bbox 2855 781 2885 833; x_wconf 81' lang='grc' dir='ltr'>ὁ</span> <span class='ocrx_word' id='word_1_159' title='bbox 2906 778 3021 850; x_wconf 85' lang='grc' dir='ltr'>βίος</span> <span class='ocrx_word' id='word_1_160' title='bbox 3050 777 3262 846; x_wconf 78' lang='grc' dir='ltr'>ἐγίνετο</span> <span class='ocrx_word' id='word_1_161' title='bbox 3278 774 3373 828; x_wconf 76' lang='grc' dir='ltr'><strong>καὶ</strong></span> <span class='ocrx_word' id='word_1_162' title='bbox 3406 774 3684 844; x_wconf 81' lang='grc' dir='ltr'><strong>ἀνέορτος.</strong></span> 
     </span>
    </p>
   </div>
   <div class='ocr_carea' id='block_1_25' title="bbox 2099 862 3689 946">
    <p class='ocr_par' dir='ltr' id='par_1_25' title="bbox 2099 862 3689 946">
     <span class='ocr_line' id='line_1_25' title="bbox 2099 862 3689 946; baseline -0.007 -17"><span class='ocrx_word' id='word_1_163' title='bbox 2099 876 2167 929; x_wconf 89' lang='grc' dir='ltr'>Τί</span> <span class='ocrx_word' id='word_1_164' title='bbox 2187 875 2307 946; x_wconf 81' lang='grc' dir='ltr'>γὰρ</span> <span class='ocrx_word' id='word_1_165' title='bbox 2329 873 2583 938; x_wconf 75' lang='grc' dir='ltr'><strong>ἀντάξιον</strong></span> <span class='ocrx_word' id='word_1_166' title='bbox 2609 872 2813 926; x_wconf 86' lang='grc' dir='ltr'>τούτων</span> <span class='ocrx_word' id='word_1_167' title='bbox 2845 870 2953 924; x_wconf 85' lang='grc' dir='ltr'><strong>τῶν</strong></span> <span class='ocrx_word' id='word_1_168' title='bbox 2983 868 3383 940; x_wconf 87' lang='grc' dir='ltr'>πανηγύρεων;</span> <span class='ocrx_word' id='word_1_169' title='bbox 3430 868 3484 919; x_wconf 86' lang='grc' dir='ltr'><strong>τί</strong></span> <span class='ocrx_word' id='word_1_170' title='bbox 3512 866 3571 919; x_wconf 75' lang='grc' dir='ltr'>δὲ</span> <span class='ocrx_word' id='word_1_171' title='bbox 3591 862 3689 918; x_wconf 62' lang='lat' dir='ltr'><strong>ob-</strong></span> 
     </span>
    </p>
   </div>
   <div class='ocr_carea' id='block_1_26' title="bbox 2097 956 3688 1035">
    <p class='ocr_par' dir='ltr' id='par_1_26' title="bbox 2097 956 3688 1035">
     <span class='ocr_line' id='line_1_26' title="bbox 2097 956 3688 1035; baseline -0.008 -15"><span class='ocrx_word' id='word_1_172' title='bbox 2097 983 2210 1030; x_wconf 84' lang='grc' dir='ltr'><strong>τως</strong></span> <span class='ocrx_word' id='word_1_173' title='bbox 2245 963 2447 1035; x_wconf 79' lang='grc' dir='ltr'>σεμνὸν</span> <span class='ocrx_word' id='word_1_174' title='bbox 2486 963 2580 1016; x_wconf 84' lang='grc' dir='ltr'>καὶ</span> <span class='ocrx_word' id='word_1_175' title='bbox 2612 961 2891 1032; x_wconf 85' lang='grc' dir='ltr'>πάγκαλον</span> <span class='ocrx_word' id='word_1_176' title='bbox 2912 1000 2927 1024; x_wconf 88' lang='grc'><strong>,</strong></span> <span class='ocrx_word' id='word_1_177' title='bbox 2970 961 3047 1024; x_wconf 85' lang='grc' dir='ltr'>ὡς</span> <span class='ocrx_word' id='word_1_178' title='bbox 3080 960 3144 1014; x_wconf 80' lang='grc' dir='ltr'>τὸ</span> <span class='ocrx_word' id='word_1_179' title='bbox 3177 958 3333 1013; x_wconf 86' lang='grc' dir='ltr'>πόλιν</span> <span class='ocrx_word' id='word_1_180' title='bbox 3360 958 3489 1029; x_wconf 86' lang='grc' dir='ltr'>ὅλην</span> <span class='ocrx_word' id='word_1_181' title='bbox 3532 956 3688 1020; x_wconf 76' lang='grc' dir='ltr'>ἰδεῖν,</span> 
     </span>
    </p>
   </div>
   <div class='ocr_carea' id='block_1_27' title="bbox 2105 1048 3691 1126">
    <p class='ocr_par' dir='ltr' id='par_1_27' title="bbox 2105 1048 3691 1126">
     <span class='ocr_line' id='line_1_27' title="bbox 2105 1048 3691 1126; baseline -0.006 -18"><span class='ocrx_word' id='word_1_182' title='bbox 2105 1055 2357 1126; x_wconf 83' lang='grc' dir='ltr'>παγγενῆ</span> <span class='ocrx_word' id='word_1_183' title='bbox 2393 1052 2733 1124; x_wconf 84' lang='grc' dir='ltr'>ὲκφοιτῶσαν</span> <span class='ocrx_word' id='word_1_184' title='bbox 2756 1052 2849 1106; x_wconf 81' lang='grc' dir='ltr'>τοῦ</span> <span class='ocrx_word' id='word_1_185' title='bbox 2878 1053 3089 1115; x_wconf 76' lang='grc' dir='ltr'>ἄστεος,</span> <span class='ocrx_word' id='word_1_186' title='bbox 3123 1049 3269 1121; x_wconf 71' lang='grc' dir='ltr'>ἱερὸν</span> <span class='ocrx_word' id='word_1_187' title='bbox 3293 1049 3349 1102; x_wconf 76' lang='grc' dir='ltr'>δὲ</span> <span class='ocrx_word' id='word_1_188' title='bbox 3386 1048 3551 1101; x_wconf 87' lang='grc' dir='ltr'>τόπον</span> <span class='ocrx_word' id='word_1_189' title='bbox 3580 1064 3691 1100; x_wconf 82' lang='grc' dir='ltr'>κα-</span> 
     </span>
    </p>
   </div>
   <div class='ocr_carea' id='block_1_28' title="bbox 2102 1140 3694 1218">
    <p class='ocr_par' dir='ltr' id='par_1_28' title="bbox 2102 1140 3694 1218">
     <span class='ocr_line' id='line_1_28' title="bbox 2102 1140 3694 1218; baseline -0.007 -16"><span class='ocrx_word' id='word_1_190' title='bbox 2102 1145 2576 1218; x_wconf 78' lang='grc' dir='ltr'>ταλαμϐάνουσαν,</span> <span class='ocrx_word' id='word_1_191' title='bbox 2609 1143 2894 1206; x_wconf 79' lang='grc' dir='ltr'>εὐσεϐείας</span> <span class='ocrx_word' id='word_1_192' title='bbox 2940 1141 3319 1214; x_wconf 85' lang='grc' dir='ltr'>ἀληθεστάτης</span> <span class='ocrx_word' id='word_1_193' title='bbox 3360 1140 3535 1194; x_wconf 80' lang='grc' dir='ltr'>τελεῖν</span> <span class='ocrx_word' id='word_1_194' title='bbox 3587 1157 3694 1192; x_wconf 84' lang='grc' dir='ltr'>κα-</span> 
     </span>
    </p>
   </div>
   <div class='ocr_carea' id='block_1_29' title="bbox 2103 1231 3692 1309">
    <p class='ocr_par' dir='ltr' id='par_1_29' title="bbox 2103 1231 3692 1309">
     <span class='ocr_line' id='line_1_29' title="bbox 2103 1231 3692 1309; baseline -0.008 -18"><span class='ocrx_word' id='word_1_195' title='bbox 2103 1236 2248 1309; x_wconf 79' lang='grc' dir='ltr'>θαρὰ</span> <span class='ocrx_word' id='word_1_196' title='bbox 2271 1236 2549 1307; x_wconf 75' lang='grc' dir='ltr'><strong>μυστήρια</strong></span> <span class='ocrx_word' id='word_1_197' title='bbox 2576 1253 2590 1299; x_wconf 88' lang='grc'>;</span> <span class='ocrx_word' id='word_1_198' title='bbox 2625 1233 2894 1288; x_wconf 76' lang='grc' dir='ltr'>Εὐσέϐεια</span> <span class='ocrx_word' id='word_1_199' title='bbox 2918 1233 2974 1287; x_wconf 83' lang='grc' dir='ltr'>δὲ</span> <span class='ocrx_word' id='word_1_200' title='bbox 3008 1231 3234 1304; x_wconf 80' lang='grc' dir='ltr'>ἀληθὴς,</span> <span class='ocrx_word' id='word_1_201' title='bbox 3263 1231 3325 1284; x_wconf 80' lang='grc' dir='ltr'>τὸ</span> <span class='ocrx_word' id='word_1_202' title='bbox 3351 1231 3692 1302; x_wconf 77' lang='grc' dir='ltr'>προσκυνεῖν</span> 
     </span>
    </p>
   </div>
   <div class='ocr_carea' id='block_1_30' title="bbox 2102 1323 3695 1400">
    <p class='ocr_par' dir='ltr' id='par_1_30' title="bbox 2102 1323 3695 1400">
     <span class='ocr_line' id='line_1_30' title="bbox 2102 1323 3695 1400; baseline -0.006 -18"><span class='ocrx_word' id='word_1_203' title='bbox 2102 1346 2163 1382; x_wconf 89' lang='grc' dir='ltr'><strong>τε</strong></span> <span class='ocrx_word' id='word_1_204' title='bbox 2186 1329 2284 1382; x_wconf 73' lang='grc' dir='ltr'>καὶ</span> <span class='ocrx_word' id='word_1_205' title='bbox 2306 1346 2359 1381; x_wconf 89' lang='grc' dir='ltr'><strong>τι</strong></span> <span class='ocrx_word' id='word_1_206' title='bbox 2367 1330 2475 1400; x_wconf 82' lang='grc' dir='ltr'><strong>μᾷν</strong></span> <span class='ocrx_word' id='word_1_207' title='bbox 2495 1328 2622 1391; x_wconf 74' lang='grc' dir='ltr'>τοὺς</span> <span class='ocrx_word' id='word_1_208' title='bbox 2638 1326 2705 1380; x_wconf 83' lang='grc' dir='ltr'><strong>δι’</strong></span> <span class='ocrx_word' id='word_1_209' title='bbox 2732 1328 2944 1381; x_wconf 80' lang='grc' dir='ltr'>ἐκεῖνον</span> <span class='ocrx_word' id='word_1_210' title='bbox 2960 1325 3106 1397; x_wconf 86' lang='grc' dir='ltr'>πάθη</span> <span class='ocrx_word' id='word_1_211' title='bbox 3135 1323 3420 1396; x_wconf 89' lang='grc' dir='ltr'>καρτερῶς</span> <span class='ocrx_word' id='word_1_212' title='bbox 3444 1323 3695 1391; x_wconf 80' lang='grc' dir='ltr'>ἐνεγκόν-</span> 
     </span>
    </p>
   </div>
   <div class='ocr_carea' id='block_1_31' title="bbox 2102 1411 3693 1490">
    <p class='ocr_par' dir='ltr' id='par_1_31' title="bbox 2102 1411 3693 1490">
     <span class='ocr_line' id='line_1_31' title="bbox 2102 1411 3693 1490; baseline -0.005 -17"><span class='ocrx_word' id='word_1_213' title='bbox 2102 1437 2224 1483; x_wconf 91' lang='grc' dir='ltr'>τας,</span> <span class='ocrx_word' id='word_1_214' title='bbox 2273 1419 2370 1473; x_wconf 68' lang='grc' dir='ltr'>καὶ</span> <span class='ocrx_word' id='word_1_215' title='bbox 2414 1417 2932 1490; x_wconf 76' lang='grc' dir='ltr'><strong>παρατεταγμένους</strong></span> <span class='ocrx_word' id='word_1_216' title='bbox 2982 1417 3122 1489; x_wconf 80' lang='grc' dir='ltr'>πρὸς</span> <span class='ocrx_word' id='word_1_217' title='bbox 3152 1417 3245 1470; x_wconf 82' lang='grc' dir='ltr'>τὸν</span> <span class='ocrx_word' id='word_1_218' title='bbox 3301 1415 3531 1485; x_wconf 77' lang='grc' dir='ltr'>ἔσχατον</span> <span class='ocrx_word' id='word_1_219' title='bbox 3589 1411 3693 1466; x_wconf 77' lang='grc' dir='ltr'>τοῦ</span> 
     </span>
    </p>
   </div>
   <div class='ocr_carea' id='block_1_32' title="bbox 2083 1503 3686 1581">
    <p class='ocr_par' dir='ltr' id='par_1_32' title="bbox 2083 1503 3686 1581">
     <span class='ocr_line' id='line_1_32' title="bbox 2083 1503 3686 1581; baseline -0.004 -17"><span class='ocrx_word' id='word_1_220' title='bbox 2083 1508 2348 1564; x_wconf 90' lang='grc' dir='ltr'>-θανάτου</span> <span class='ocrx_word' id='word_1_221' title='bbox 2375 1509 2618 1563; x_wconf 88' lang='grc' dir='ltr'>κίνδυνον</span> <span class='ocrx_word' id='word_1_222' title='bbox 2636 1527 2647 1539; x_wconf 89' lang='grc'><strong>·</strong></span> <span class='ocrx_word' id='word_1_223' title='bbox 2674 1503 2751 1564; x_wconf 84' lang='grc' dir='ltr'>ὧν</span> <span class='ocrx_word' id='word_1_224' title='bbox 2773 1512 3060 1581; x_wconf 82' lang='grc' dir='ltr'>κορυφαῖοι</span> <span class='ocrx_word' id='word_1_225' title='bbox 3101 1508 3192 1563; x_wconf 75' lang='grc' dir='ltr'>καὶ</span> <span class='ocrx_word' id='word_1_226' title='bbox 3231 1507 3529 1581; x_wconf 75' lang='grc' dir='ltr'>προστάται</span> <span class='ocrx_word' id='word_1_227' title='bbox 3560 1522 3686 1574; x_wconf 77' lang='grc' dir='ltr'>τυγο</span> 
     </span>
    </p>
   </div>
   <div class='ocr_carea' id='block_1_33' title="bbox 2108 1600 3694 1673">
    <p class='ocr_par' dir='ltr' id='par_1_33' title="bbox 2108 1600 3694 1673">
     <span class='ocr_line' id='line_1_33' title="bbox 2108 1600 3694 1673; baseline -0.003 -18"><span class='ocrx_word' id='word_1_228' title='bbox 2108 1601 2361 1673; x_wconf 89' lang='grc' dir='ltr'>χάνουσιν</span> <span class='ocrx_word' id='word_1_229' title='bbox 2413 1602 2464 1654; x_wconf 87' lang='grc' dir='ltr'><strong>οί</strong></span> <span class='ocrx_word' id='word_1_230' title='bbox 2500 1602 2740 1673; x_wconf 81' lang='grc' dir='ltr'>σήμερον</span> <span class='ocrx_word' id='word_1_231' title='bbox 2761 1603 2910 1673; x_wconf 79' lang='grc' dir='ltr'>ἡμᾶς</span> <span class='ocrx_word' id='word_1_232' title='bbox 2940 1601 3461 1673; x_wconf 77' lang='grc' dir='ltr'>δημαγωγήσαντες·</span> <span class='ocrx_word' id='word_1_233' title='bbox 3496 1600 3694 1672; x_wconf 71' lang='grc' dir='ltr'>ἄνδρες</span> 
     </span>
    </p>
   </div>
   <div class='ocr_carea' id='block_1_34' title="bbox 421 1686 2015 1765">
    <p class='ocr_par' dir='ltr' id='par_1_34' title="bbox 421 1691 2015 1765">
     <span class='ocr_line' id='line_1_34' title="bbox 421 1691 2015 1765; baseline 0.002 -23"><span class='ocrx_word' id='word_1_234' title='bbox 421 1701 647 1757; x_wconf 87' lang='lat' dir='ltr'><strong>verunt;</strong></span> <span class='ocrx_word' id='word_1_235' title='bbox 704 1710 934 1762; x_wconf 85' lang='lat' dir='ltr'><strong>quorum</strong></span> <span class='ocrx_word' id='word_1_236' title='bbox 978 1695 1251 1765; x_wconf 86' lang='lat' dir='ltr'><strong>principes</strong></span> <span class='ocrx_word' id='word_1_237' title='bbox 1279 1705 1425 1758; x_wconf 90' lang='lat' dir='ltr'><strong>sunt,</strong></span> <span class='ocrx_word' id='word_1_238' title='bbox 1468 1709 1533 1748; x_wconf 88' lang='lat' dir='ltr'><strong>ac</strong></span> <span class='ocrx_word' id='word_1_239' title='bbox 1559 1694 1746 1759; x_wconf 87' lang='lat' dir='ltr'><strong>duces,</strong></span> <span class='ocrx_word' id='word_1_240' title='bbox 1781 1691 1872 1760; x_wconf 85' lang='lat' dir='ltr'><strong>qui</strong></span> <span class='ocrx_word' id='word_1_241' title='bbox 1905 1706 2015 1765; x_wconf 38' lang='lat' dir='ltr'><strong>nos.</strong></span> 
     </span>
    </p>
   </div>
   <div class='ocr_carea' id='block_1_35' title="bbox 2115 1686 3695 1765">
    <p class='ocr_par' dir='ltr' id='par_1_35' title="bbox 2115 1690 3695 1760">
     <span class='ocr_line' id='line_1_35' title="bbox 2115 1690 3695 1760; baseline -0.003 -12"><span class='ocrx_word' id='word_1_242' title='bbox 2115 1694 2196 1748; x_wconf 69' lang='grc' dir='ltr'><strong>διὰ</strong></span> <span class='ocrx_word' id='word_1_243' title='bbox 2227 1693 2392 1749; x_wconf 81' lang='grc' dir='ltr'>καλὸν</span> <span class='ocrx_word' id='word_1_244' title='bbox 2438 1693 2687 1755; x_wconf 84' lang='grc' dir='ltr'>θάνατον,</span> <span class='ocrx_word' id='word_1_245' title='bbox 2740 1692 3029 1748; x_wconf 68' lang='grc' dir='ltr'>ἀθάνατοι*</span> <span class='ocrx_word' id='word_1_246' title='bbox 3063 1692 3150 1746; x_wconf 82' lang='grc' dir='ltr'>διὰ</span> <span class='ocrx_word' id='word_1_247' title='bbox 3191 1691 3251 1744; x_wconf 75' lang='grc' dir='ltr'>τὸ</span> <span class='ocrx_word' id='word_1_248' title='bbox 3279 1690 3695 1760; x_wconf 70' lang='grc' dir='ltr'>καταφρονῆσαι</span> 
     </span>
    </p>
   </div>
   <div class='ocr_carea' id='block_1_36' title="bbox 421 1777 2003 1850">
    <p class='ocr_par' dir='ltr' id='par_1_36' title="bbox 421 1777 2003 1850">
     <span class='ocr_line' id='line_1_36' title="bbox 421 1777 2003 1850; baseline 0.005 -23"><span class='ocrx_word' id='word_1_249' title='bbox 421 1777 579 1831; x_wconf 80' lang='lat' dir='ltr'><strong>lmdie</strong></span> <span class='ocrx_word' id='word_1_250' title='bbox 611 1782 661 1832; x_wconf 88' lang='lat' dir='ltr'><strong>in</strong></span> <span class='ocrx_word' id='word_1_251' title='bbox 696 1784 1011 1835; x_wconf 84' lang='lat' dir='ltr'><strong>concionem</strong></span> <span class='ocrx_word' id='word_1_252' title='bbox 1043 1792 1347 1847; x_wconf 89' lang='lat' dir='ltr'><strong>vocarunt;</strong></span> <span class='ocrx_word' id='word_1_253' title='bbox 1402 1783 1501 1836; x_wconf 88' lang='lat' dir='ltr'><strong>viri</strong></span> <span class='ocrx_word' id='word_1_254' title='bbox 1537 1780 1812 1846; x_wconf 87' lang='lat' dir='ltr'><strong>nimirum,</strong></span> <span class='ocrx_word' id='word_1_255' title='bbox 1865 1796 2003 1850; x_wconf 76' lang='lat' dir='ltr'><strong>pra:-</strong></span> 
     </span>
    </p>
   </div>
   <div class='ocr_carea' id='block_1_37' title="bbox 420 1871 1999 1941">
    <p class='ocr_par' dir='ltr' id='par_1_37' title="bbox 420 1871 1999 1941">
     <span class='ocr_line' id='line_1_37' title="bbox 420 1871 1999 1941; baseline -0.001 -17"><span class='ocrx_word' id='word_1_256' title='bbox 420 1871 581 1925; x_wconf 71' lang='lat' dir='ltr'><strong>clarae</strong></span> <span class='ocrx_word' id='word_1_257' title='bbox 640 1875 827 1927; x_wconf 83' lang='lat' dir='ltr'><strong>mortis</strong></span> <span class='ocrx_word' id='word_1_258' title='bbox 882 1875 1040 1929; x_wconf 85' lang='lat' dir='ltr'><strong>titulo</strong></span> <span class='ocrx_word' id='word_1_259' title='bbox 1089 1875 1458 1938; x_wconf 87' lang='lat' dir='ltr'><strong>immortales;</strong></span> <span class='ocrx_word' id='word_1_260' title='bbox 1508 1874 1632 1928; x_wconf 74' lang='lat' dir='ltr'><strong>vitze</strong></span> <span class='ocrx_word' id='word_1_261' title='bbox 1666 1882 1999 1941; x_wconf 88' lang='lat' dir='ltr'><strong>contemptu,</strong></span> 
     </span>
    </p>
   </div>
   <div class='ocr_carea' id='block_1_38' title="bbox 424 1964 2003 2036">
    <p class='ocr_par' dir='ltr' id='par_1_38' title="bbox 424 1964 2003 2036">
     <span class='ocr_line' id='line_1_38' title="bbox 424 1964 2003 2036; baseline 0.002 -23"><span class='ocrx_word' id='word_1_262' title='bbox 424 1972 685 2029; x_wconf 85' lang='lat' dir='ltr'><strong>perpetuo</strong></span> <span class='ocrx_word' id='word_1_263' title='bbox 717 1965 989 2030; x_wconf 80' lang='lat' dir='ltr'><strong>viventes;</strong></span> <span class='ocrx_word' id='word_1_264' title='bbox 1028 1966 1232 2035; x_wconf 88' lang='lat' dir='ltr'><strong>quique</strong></span> <span class='ocrx_word' id='word_1_265' title='bbox 1281 1981 1504 2036; x_wconf 82' lang='lat' dir='ltr'><strong>regnum</strong></span> <span class='ocrx_word' id='word_1_266' title='bbox 1558 1964 1823 2034; x_wconf 86' lang='lat' dir='ltr'><strong>sanguine</strong></span> <span class='ocrx_word' id='word_1_267' title='bbox 1849 1978 2003 2018; x_wconf 84' lang='lat' dir='ltr'><strong>eom-</strong></span> 
     </span>
    </p>
   </div>
   <div class='ocr_carea' id='block_1_39' title="bbox 427 2055 2003 2118">
    <p class='ocr_par' dir='ltr' id='par_1_39' title="bbox 427 2055 2003 2118">
     <span class='ocr_line' id='line_1_39' title="bbox 427 2055 2003 2118; baseline 0.004 -13"><span class='ocrx_word' id='word_1_268' title='bbox 427 2055 705 2118; x_wconf 81' lang='lat' dir='ltr'><strong>inutarint,</strong></span> <span class='ocrx_word' id='word_1_269' title='bbox 769 2071 834 2110; x_wconf 90' lang='lat' dir='ltr'><strong>ac</strong></span> <span class='ocrx_word' id='word_1_270' title='bbox 886 2059 1068 2111; x_wconf 88' lang='lat' dir='ltr'><strong>carnis</strong></span> <span class='ocrx_word' id='word_1_271' title='bbox 1124 2058 1349 2113; x_wconf 78' lang='lat' dir='ltr'><strong>insidias</strong></span> <span class='ocrx_word' id='word_1_272' title='bbox 1381 2058 1435 2111; x_wconf 93' lang='lat' dir='ltr'><strong>in</strong></span> <span class='ocrx_word' id='word_1_273' title='bbox 1467 2056 1786 2112; x_wconf 82' lang='lat' dir='ltr'><strong>beneﬁcium</strong></span> <span class='ocrx_word' id='word_1_274' title='bbox 1821 2066 2003 2111; x_wconf 89' lang='lat' dir='ltr'><strong>verte-</strong></span> 
     </span>
    </p>
   </div>
   <div class='ocr_carea' id='block_1_40' title="bbox 426 2144 2013 2219">
    <p class='ocr_par' dir='ltr' id='par_1_40' title="bbox 426 2144 2013 2219">
     <span class='ocr_line' id='line_1_40' title="bbox 426 2144 2013 2219; baseline 0.004 -23"><span class='ocrx_word' id='word_1_275' title='bbox 426 2144 555 2197; x_wconf 84' lang='lat' dir='ltr'><strong>rint.</strong></span> <span class='ocrx_word' id='word_1_276' title='bbox 591 2144 684 2200; x_wconf 88' lang='lat' dir='ltr'><strong>Sic</strong></span> <span class='ocrx_word' id='word_1_277' title='bbox 739 2147 915 2216; x_wconf 86' lang='lat' dir='ltr'><strong>plane,</strong></span> <span class='ocrx_word' id='word_1_278' title='bbox 951 2164 1073 2203; x_wconf 90' lang='lat' dir='ltr'><strong>enm</strong></span> <span class='ocrx_word' id='word_1_279' title='bbox 1100 2150 1240 2204; x_wconf 90' lang='lat' dir='ltr'><strong>bona</strong></span> <span class='ocrx_word' id='word_1_280' title='bbox 1281 2150 1532 2204; x_wconf 85' lang='lat' dir='ltr'><strong>voluntas</strong></span> <span class='ocrx_word' id='word_1_281' title='bbox 1586 2148 1793 2219; x_wconf 64' lang='lat' dir='ltr'><strong>auriga?</strong></span> <span class='ocrx_word' id='word_1_282' title='bbox 1839 2147 2013 2202; x_wconf 79' lang='lat' dir='ltr'><strong>instar</strong></span> 
     </span>
    </p>
   </div>
   <div class='ocr_carea' id='block_1_41' title="bbox 427 2235 2010 2311">
    <p class='ocr_par' dir='ltr' id='par_1_41' title="bbox 427 2235 2010 2311">
     <span class='ocr_line' id='line_1_41' title="bbox 427 2235 2010 2311; baseline 0.004 -25"><span class='ocrx_word' id='word_1_283' title='bbox 427 2235 738 2302; x_wconf 62' lang='lat' dir='ltr'><strong>praesederit</strong></span> <span class='ocrx_word' id='word_1_284' title='bbox 762 2238 964 2293; x_wconf 89' lang='lat' dir='ltr'><strong>homini</strong></span> <span class='ocrx_word' id='word_1_285' title='bbox 989 2255 1005 2307; x_wconf 91' lang='lat'><strong>;</strong></span> <span class='ocrx_word' id='word_1_286' title='bbox 1036 2241 1248 2311; x_wconf 84' lang='lat' dir='ltr'><strong>sibique</strong></span> <span class='ocrx_word' id='word_1_287' title='bbox 1276 2239 1396 2309; x_wconf 87' lang='lat' dir='ltr'><strong>ejus</strong></span> <span class='ocrx_word' id='word_1_288' title='bbox 1425 2239 1694 2309; x_wconf 89' lang='lat' dir='ltr'><strong>appetitus</strong></span> <span class='ocrx_word' id='word_1_289' title='bbox 1729 2251 1917 2292; x_wconf 86' lang='lat' dir='ltr'><strong>omnes</strong></span> <span class='ocrx_word' id='word_1_290' title='bbox 1944 2252 2010 2292; x_wconf 80' lang='lat' dir='ltr'><strong>ac</strong></span> 
     </span>
    </p>
   </div>
   <div class='ocr_carea' id='block_1_42' title="bbox 425 2325 2008 2400">
    <p class='ocr_par' dir='ltr' id='par_1_42' title="bbox 425 2325 2008 2400">
     <span class='ocr_line' id='line_1_42' title="bbox 425 2325 2008 2400; baseline -0.007 -7"><span class='ocrx_word' id='word_1_291' title='bbox 425 2325 749 2393; x_wconf 69' lang='lat' dir='ltr'><strong>&quot;Silationes</strong></span> <span class='ocrx_word' id='word_1_292' title='bbox 799 2329 1187 2400; x_wconf 83' lang='lat' dir='ltr'><strong>subjugaverit,</strong></span> <span class='ocrx_word' id='word_1_293' title='bbox 1227 2347 1289 2387; x_wconf 87' lang='lat' dir='ltr'><strong>ac</strong></span> <span class='ocrx_word' id='word_1_294' title='bbox 1341 2331 1485 2386; x_wconf 90' lang='lat' dir='ltr'><strong>velut</strong></span> <span class='ocrx_word' id='word_1_295' title='bbox 1540 2330 1807 2392; x_wconf 84' lang='lat' dir='ltr'><strong>habenas,</strong></span> <span class='ocrx_word' id='word_1_296' title='bbox 1840 2327 2008 2382; x_wconf 88' lang='lat' dir='ltr'><strong>animi</strong></span> 
     </span>
    </p>
   </div>
   <div class='ocr_carea' id='block_1_43' title="bbox 427 2416 2014 2493">
    <p class='ocr_par' dir='ltr' id='par_1_43' title="bbox 427 2416 2014 2493">
     <span class='ocr_line' id='line_1_43' title="bbox 427 2416 2014 2493; baseline 0.003 -24"><span class='ocrx_word' id='word_1_297' title='bbox 427 2416 697 2484; x_wconf 81' lang='lat' dir='ltr'><strong>cogitatus</strong></span> <span class='ocrx_word' id='word_1_298' title='bbox 759 2428 969 2476; x_wconf 89' lang='lat' dir='ltr'><strong>attente</strong></span> <span class='ocrx_word' id='word_1_299' title='bbox 1037 2423 1327 2493; x_wconf 84' lang='lat' dir='ltr'><strong>sobrieque</strong></span> <span class='ocrx_word' id='word_1_300' title='bbox 1366 2418 2014 2491; x_wconf 75' lang='lat' dir='ltr'><strong>perteuderit,exstimu—</strong></span> 
     </span>
    </p>
   </div>
   <div class='ocr_carea' id='block_1_44' title="bbox 2105 1781 3701 1860">
    <p class='ocr_par' dir='ltr' id='par_1_44' title="bbox 2105 1781 3701 1860">
     <span class='ocr_line' id='line_1_44' title="bbox 2105 1781 3701 1860; baseline -0.004 -19"><span class='ocrx_word' id='word_1_301' title='bbox 2105 1787 2270 1860; x_wconf 79' lang='grc' dir='ltr'>ζωῆς,</span> <span class='ocrx_word' id='word_1_302' title='bbox 2297 1787 2499 1851; x_wconf 77' lang='grc' dir='ltr'>ζῶντες</span> <span class='ocrx_word' id='word_1_303' title='bbox 2516 1787 2632 1841; x_wconf 86' lang='grc' dir='ltr'>ἀεί·</span> <span class='ocrx_word' id='word_1_304' title='bbox 2663 1786 2755 1841; x_wconf 82' lang='grc' dir='ltr'><strong>τοῦ</strong></span> <span class='ocrx_word' id='word_1_305' title='bbox 2777 1786 3009 1857; x_wconf 85' lang='grc' dir='ltr'>αἵματος</span> <span class='ocrx_word' id='word_1_306' title='bbox 3038 1786 3134 1857; x_wconf 81' lang='grc' dir='ltr'><strong>τήν</strong></span> <span class='ocrx_word' id='word_1_307' title='bbox 3155 1783 3434 1854; x_wconf 82' lang='grc' dir='ltr'>βασιλείαν</span> <span class='ocrx_word' id='word_1_308' title='bbox 3462 1781 3701 1846; x_wconf 78' lang='grc' dir='ltr'>ἀλλαξά-</span> 
     </span>
    </p>
   </div>
   <div class='ocr_carea' id='block_1_45' title="bbox 2092 1872 3702 1948">
    <p class='ocr_par' dir='ltr' id='par_1_45' title="bbox 2092 1872 3702 1948">
     <span class='ocr_line' id='line_1_45' title="bbox 2092 1872 3702 1948; baseline -0.003 -18"><span class='ocrx_word' id='word_1_309' title='bbox 2092 1893 2282 1948; x_wconf 62' lang='grc' dir='ltr'>ημενοι,</span> <span class='ocrx_word' id='word_1_310' title='bbox 2307 1877 2402 1930; x_wconf 79' lang='grc' dir='ltr'>καὶ</span> <span class='ocrx_word' id='word_1_311' title='bbox 2419 1877 2519 1948; x_wconf 80' lang='grc' dir='ltr'>τὴν</span> <span class='ocrx_word' id='word_1_312' title='bbox 2542 1876 2824 1931; x_wconf 81' lang='grc' dir='ltr'>ἐπίϐουλον</span> <span class='ocrx_word' id='word_1_313' title='bbox 2848 1875 3026 1948; x_wconf 81' lang='grc' dir='ltr'>σάρκα</span> <span class='ocrx_word' id='word_1_314' title='bbox 3055 1874 3351 1946; x_wconf 81' lang='grc' dir='ltr'>εὐεργέτην</span> <span class='ocrx_word' id='word_1_315' title='bbox 3383 1873 3481 1943; x_wconf 87' lang='grc' dir='ltr'><strong>τῆς</strong></span> <span class='ocrx_word' id='word_1_316' title='bbox 3516 1872 3702 1942; x_wconf 63' lang='grc' dir='ltr'>ψυχῆς</span> 
     </span>
    </p>
   </div>
   <div class='ocr_carea' id='block_1_46' title="bbox 2107 1964 3701 2040">
    <p class='ocr_par' dir='ltr' id='par_1_46' title="bbox 2107 1964 3701 2040">
     <span class='ocr_line' id='line_1_46' title="bbox 2107 1964 3701 2040; baseline -0.003 -19"><span class='ocrx_word' id='word_1_317' title='bbox 2107 1968 2502 2039; x_wconf 82' lang='grc' dir='ltr'>ἀποφήναντες.</span> <span class='ocrx_word' id='word_1_318' title='bbox 2533 1966 2721 2031; x_wconf 79' lang='grc' dir='ltr'>υῦτως</span> <span class='ocrx_word' id='word_1_319' title='bbox 2752 1969 3069 2040; x_wconf 84' lang='grc' dir='ltr'>προαίρεσις</span> <span class='ocrx_word' id='word_1_320' title='bbox 3098 1966 3446 2038; x_wconf 82' lang='grc' dir='ltr'>ἀγαθὴ,ὅταν</span> <span class='ocrx_word' id='word_1_321' title='bbox 3477 1964 3701 2036; x_wconf 80' lang='grc' dir='ltr'>ἡνιόχου</span> 
     </span>
    </p>
   </div>
   <div class='ocr_carea' id='block_1_47' title="bbox 2109 2055 3705 2132">
    <p class='ocr_par' dir='ltr' id='par_1_47' title="bbox 2109 2055 3705 2132">
     <span class='ocr_line' id='line_1_47' title="bbox 2109 2055 3705 2132; baseline -0.001 -22"><span class='ocrx_word' id='word_1_322' title='bbox 2109 2057 2265 2130; x_wconf 86' lang='grc' dir='ltr'>δίκην</span> <span class='ocrx_word' id='word_1_323' title='bbox 2293 2056 2578 2128; x_wconf 82' lang='grc' dir='ltr'>ὲφεστῶσα</span> <span class='ocrx_word' id='word_1_324' title='bbox 2655 2058 2732 2130; x_wconf 83' lang='grc' dir='ltr'><strong>τῷ</strong></span> <span class='ocrx_word' id='word_1_325' title='bbox 2745 2058 3017 2131; x_wconf 82' lang='grc' dir='ltr'>ἀνθρώπῳ</span> <span class='ocrx_word' id='word_1_326' title='bbox 3034 2076 3047 2089; x_wconf 87' lang='grc'><strong>·</strong></span> <span class='ocrx_word' id='word_1_327' title='bbox 3081 2057 3352 2129; x_wconf 73' lang='grc' dir='ltr'>ύποζεύξῃ</span> <span class='ocrx_word' id='word_1_328' title='bbox 3372 2058 3427 2111; x_wconf 78' lang='grc' dir='ltr'>δὲ</span> <span class='ocrx_word' id='word_1_329' title='bbox 3444 2058 3579 2127; x_wconf 75' lang='grc' dir='ltr'>αὐτῇ</span> <span class='ocrx_word' id='word_1_330' title='bbox 3596 2055 3705 2120; x_wconf 85' lang='grc' dir='ltr'><strong>τάς</strong></span> 
     </span>
    </p>
   </div>
   <div class='ocr_carea' id='block_1_48' title="bbox 2109 2146 3703 2221">
    <p class='ocr_par' dir='ltr' id='par_1_48' title="bbox 2109 2146 3703 2221">
     <span class='ocr_line' id='line_1_48' title="bbox 2109 2146 3703 2221; baseline 0 -22"><span class='ocrx_word' id='word_1_331' title='bbox 2109 2146 2289 2218; x_wconf 81' lang='grc' dir='ltr'>ὁρμὰς</span> <span class='ocrx_word' id='word_1_332' title='bbox 2306 2148 2484 2213; x_wconf 84' lang='grc' dir='ltr'>πάσας</span> <span class='ocrx_word' id='word_1_333' title='bbox 2508 2149 2602 2203; x_wconf 71' lang='grc' dir='ltr'>καὶ</span> <span class='ocrx_word' id='word_1_334' title='bbox 2622 2149 2691 2203; x_wconf 75' lang='grc' dir='ltr'><strong>τὰ</strong></span> <span class='ocrx_word' id='word_1_335' title='bbox 2724 2150 3035 2221; x_wconf 81' lang='grc' dir='ltr'>κινήματα,</span> <span class='ocrx_word' id='word_1_336' title='bbox 3075 2150 3170 2203; x_wconf 69' lang='grc' dir='ltr'><strong>καὶ</strong></span> <span class='ocrx_word' id='word_1_337' title='bbox 3216 2148 3590 2221; x_wconf 86' lang='grc' dir='ltr'>προσεχόντως</span> <span class='ocrx_word' id='word_1_338' title='bbox 3620 2147 3703 2209; x_wconf 83' lang='grc' dir='ltr'>ὡς</span> 
     </span>
    </p>
   </div>
   <div class='ocr_carea' id='block_1_49' title="bbox 2112 2238 3708 2314">
    <p class='ocr_par' dir='ltr' id='par_1_49' title="bbox 2112 2238 3708 2314">
     <span class='ocr_line' id='line_1_49' title="bbox 2112 2238 3708 2314; baseline 0 -23"><span class='ocrx_word' id='word_1_339' title='bbox 2112 2239 2269 2310; x_wconf 82' lang='grc' dir='ltr'>ήνίας</span> <span class='ocrx_word' id='word_1_340' title='bbox 2300 2239 2541 2313; x_wconf 83' lang='grc' dir='ltr'>διατείνῃ</span> <span class='ocrx_word' id='word_1_341' title='bbox 2569 2242 2696 2306; x_wconf 80' lang='grc' dir='ltr'>τοὺς</span> <span class='ocrx_word' id='word_1_342' title='bbox 2725 2241 3040 2313; x_wconf 81' lang='grc' dir='ltr'>λογισμοὺς,</span> <span class='ocrx_word' id='word_1_343' title='bbox 3069 2242 3266 2314; x_wconf 89' lang='grc' dir='ltr'>ἀργίαν</span> <span class='ocrx_word' id='word_1_344' title='bbox 3290 2240 3574 2302; x_wconf 86' lang='grc' dir='ltr'>νύττουσα,</span> <span class='ocrx_word' id='word_1_345' title='bbox 3603 2238 3708 2292; x_wconf 63' lang='grc' dir='ltr'><strong>καὶ⁸</strong></span> 
     </span>
    </p>
   </div>
   <div class='ocr_carea' id='block_1_50' title="bbox 2113 2328 3704 2406">
    <p class='ocr_par' dir='ltr' id='par_1_50' title="bbox 2113 2328 3704 2406">
     <span class='ocr_line' id='line_1_50' title="bbox 2113 2328 3704 2406; baseline -0.001 -22"><span class='ocrx_word' id='word_1_346' title='bbox 2113 2330 2351 2403; x_wconf 75' lang='grc' dir='ltr'>ὀξύτητα</span> <span class='ocrx_word' id='word_1_347' title='bbox 2375 2332 2611 2406; x_wconf 77' lang='grc' dir='ltr'>ἄμετρον</span> <span class='ocrx_word' id='word_1_348' title='bbox 2623 2334 3045 2389; x_wconf 85' lang='grc' dir='ltr'>ἀναστέλλουσα·</span> <span class='ocrx_word' id='word_1_349' title='bbox 3076 2334 3175 2405; x_wconf 82' lang='grc' dir='ltr'>οὐχ</span> <span class='ocrx_word' id='word_1_350' title='bbox 3205 2328 3317 2387; x_wconf 79' lang='grc' dir='ltr'>οἷόν</span> <span class='ocrx_word' id='word_1_351' title='bbox 3340 2350 3398 2385; x_wconf 88' lang='grc' dir='ltr'>τε</span> <span class='ocrx_word' id='word_1_352' title='bbox 3416 2328 3704 2399; x_wconf 75' lang='grc' dir='ltr'>ἄτακτονῆ</span> 
     </span>
    </p>
   </div>
   <div class='ocr_carea' id='block_1_51' title="bbox 2124 2424 3377 2499">
    <p class='ocr_par' dir='ltr' id='par_1_51' title="bbox 2124 2424 3377 2499">
     <span class='ocr_line' id='line_1_51' title="bbox 2124 2424 3377 2499; baseline 0.004 -23"><span class='ocrx_word' id='word_1_353' title='bbox 2124 2424 2463 2480; x_wconf 73' lang='grc' dir='ltr'>ἐπικίνδυνον</span> <span class='ocrx_word' id='word_1_354' title='bbox 2488 2426 2746 2496; x_wconf 80' lang='grc' dir='ltr'>γενέσθαι</span> <span class='ocrx_word' id='word_1_355' title='bbox 2771 2427 2865 2481; x_wconf 82' lang='grc' dir='ltr'><strong>τοῦ</strong></span> <span class='ocrx_word' id='word_1_356' title='bbox 2894 2427 3007 2498; x_wconf 81' lang='grc' dir='ltr'>βίου</span> <span class='ocrx_word' id='word_1_357' title='bbox 3042 2426 3133 2481; x_wconf 78' lang='grc' dir='ltr'>τὸν</span> <span class='ocrx_word' id='word_1_358' title='bbox 3158 2426 3377 2499; x_wconf 82' lang='grc' dir='ltr'>δρόμον.</span> 
     </span>
    </p>
   </div>
   <div class='ocr_carea' id='block_1_52' title="bbox 429 2506 3710 2588">
    <p class='ocr_par' dir='ltr' id='par_1_52' title="bbox 429 2506 3710 2588">
     <span class='ocr_line' id='line_1_52' title="bbox 429 2506 3710 2588; baseline 0.005 -30"><span class='ocrx_word' id='word_1_359' title='bbox 429 2506 592 2560; x_wconf 82' lang='lat' dir='ltr'><strong>laudo</strong></span> <span class='ocrx_word' id='word_1_360' title='bbox 628 2508 918 2577; x_wconf 72' lang='lat' dir='ltr'><strong>ignaviam,</strong></span> <span class='ocrx_word' id='word_1_361' title='bbox 948 2526 1010 2566; x_wconf 89' lang='lat' dir='ltr'><strong>ac</strong></span> <span class='ocrx_word' id='word_1_362' title='bbox 1035 2513 1255 2567; x_wconf 89' lang='lat' dir='ltr'><strong>nimiam</strong></span> <span class='ocrx_word' id='word_1_363' title='bbox 1285 2512 1657 2568; x_wconf 89' lang='lat' dir='ltr'><strong>incitationem</strong></span> <span class='ocrx_word' id='word_1_364' title='bbox 1685 2509 2013 2576; x_wconf 81' lang='lat' dir='ltr'><strong>cohibenda,</strong></span> <span class='ocrx_word' id='word_1_365' title='bbox 2053 2516 2239 2585; x_wconf 87' lang='lat' dir='ltr'><strong>nequit</strong></span> <span class='ocrx_word' id='word_1_366' title='bbox 2268 2516 2385 2574; x_wconf 80' lang='lat' dir='ltr'><strong>ﬁeri</strong></span> <span class='ocrx_word' id='word_1_367' title='bbox 2416 2528 2474 2573; x_wconf 91' lang='lat' dir='ltr'><strong>ut</strong></span> <span class='ocrx_word' id='word_1_368' title='bbox 2524 2522 2652 2574; x_wconf 64' lang='lat' dir='ltr'><strong>vita</strong></span> <span class='ocrx_word' id='word_1_369' title='bbox 2702 2536 2897 2576; x_wconf 87' lang='lat' dir='ltr'><strong>cursus</strong></span> <span class='ocrx_word' id='word_1_370' title='bbox 2946 2519 3355 2588; x_wconf 78' lang='lat' dir='ltr'><strong>incompositus,</strong></span> <span class='ocrx_word' id='word_1_371' title='bbox 3380 2532 3442 2572; x_wconf 91' lang='lat' dir='ltr'><strong>ac</strong></span> <span class='ocrx_word' id='word_1_372' title='bbox 3464 2515 3710 2586; x_wconf 76' lang='lat' dir='ltr'><strong>periculo</strong></span> 
     </span>
    </p>
   </div>
   <div class='ocr_carea' id='block_1_53' title="bbox 428 2599 1013 2667">
    <p class='ocr_par' dir='ltr' id='par_1_53' title="bbox 428 2599 1013 2667">
     <span class='ocr_line' id='line_1_53' title="bbox 428 2599 1013 2667; baseline 0.009 -15"><span class='ocrx_word' id='word_1_373' title='bbox 428 2599 745 2667; x_wconf 89' lang='lat' dir='ltr'><strong>coujunctus</strong></span> <span class='ocrx_word' id='word_1_374' title='bbox 766 2605 1013 2657; x_wconf 86' lang='lat' dir='ltr'><strong>exsistat.</strong></span> 
     </span>
    </p>
   </div>
   <div class='ocr_carea' id='block_1_54' title="bbox 498 2691 2018 2765">
    <p class='ocr_par' dir='ltr' id='par_1_54' title="bbox 498 2691 2018 2765">
     <span class='ocr_line' id='line_1_54' title="bbox 498 2691 2018 2765; baseline 0.004 -22"><span class='ocrx_word' id='word_1_375' title='bbox 498 2692 689 2760; x_wconf 85' lang='lat' dir='ltr'><strong>Itaque</strong></span> <span class='ocrx_word' id='word_1_376' title='bbox 722 2691 982 2746; x_wconf 90' lang='lat' dir='ltr'><strong>habemus</strong></span> <span class='ocrx_word' id='word_1_377' title='bbox 1023 2702 1312 2764; x_wconf 77' lang='lat' dir='ltr'><strong>martyres,</strong></span> <span class='ocrx_word' id='word_1_378' title='bbox 1344 2695 1432 2763; x_wconf 90' lang='lat' dir='ltr'><strong>qui</strong></span> <span class='ocrx_word' id='word_1_379' title='bbox 1470 2694 1665 2750; x_wconf 85' lang='lat' dir='ltr'><strong>nedum</strong></span> <span class='ocrx_word' id='word_1_380' title='bbox 1699 2696 1821 2750; x_wconf 70' lang='lat' dir='ltr'><strong>vita:</strong></span> <span class='ocrx_word' id='word_1_381' title='bbox 1851 2695 2018 2765; x_wconf 85' lang='lat' dir='ltr'><strong>probe</strong></span> 
     </span>
    </p>
   </div>
   <div class='ocr_carea' id='block_1_55' title="bbox 432 2783 2016 2856">
    <p class='ocr_par' dir='ltr' id='par_1_55' title="bbox 432 2783 2016 2856">
     <span class='ocr_line' id='line_1_55' title="bbox 432 2783 2016 2856; baseline 0.002 -19"><span class='ocrx_word' id='word_1_382' title='bbox 432 2783 773 2837; x_wconf 71' lang='lat' dir='ltr'><strong>instituenda:</strong></span> <span class='ocrx_word' id='word_1_383' title='bbox 834 2783 1078 2852; x_wconf 87' lang='lat' dir='ltr'><strong>magistri</strong></span> <span class='ocrx_word' id='word_1_384' title='bbox 1136 2786 1266 2852; x_wconf 90' lang='lat' dir='ltr'><strong>sint,</strong></span> <span class='ocrx_word' id='word_1_385' title='bbox 1319 2786 1413 2840; x_wconf 86' lang='lat' dir='ltr'><strong>sed</strong></span> <span class='ocrx_word' id='word_1_386' title='bbox 1465 2788 1556 2855; x_wconf 90' lang='lat' dir='ltr'><strong>qui</strong></span> <span class='ocrx_word' id='word_1_387' title='bbox 1597 2787 1761 2840; x_wconf 89' lang='lat' dir='ltr'><strong>etiam</strong></span> <span class='ocrx_word' id='word_1_388' title='bbox 1810 2785 2016 2856; x_wconf 87' lang='lat' dir='ltr'><strong>peccati</strong></span> 
     </span>
    </p>
   </div>
   <div class='ocr_carea' id='block_1_56' title="bbox 433 2873 2011 2946">
    <p class='ocr_par' dir='ltr' id='par_1_56' title="bbox 433 2873 2011 2946">
     <span class='ocr_line' id='line_1_56' title="bbox 433 2873 2011 2946; baseline 0.003 -19"><span class='ocrx_word' id='word_1_389' title='bbox 433 2880 799 2928; x_wconf 68' lang='lat' dir='ltr'><strong>accusatores.</strong></span> <span class='ocrx_word' id='word_1_390' title='bbox 861 2873 974 2940; x_wconf 87' lang='lat' dir='ltr'><strong>Qua</strong></span> <span class='ocrx_word' id='word_1_391' title='bbox 1025 2885 1200 2928; x_wconf 86' lang='lat' dir='ltr'><strong>autem</strong></span> <span class='ocrx_word' id='word_1_392' title='bbox 1252 2884 1459 2946; x_wconf 87' lang='lat' dir='ltr'><strong>martyr</strong></span> <span class='ocrx_word' id='word_1_393' title='bbox 1498 2876 1704 2932; x_wconf 86' lang='lat' dir='ltr'><strong>ratione</strong></span> <span class='ocrx_word' id='word_1_394' title='bbox 1764 2884 2011 2943; x_wconf 85' lang='lat' dir='ltr'><strong>accuset,</strong></span> 
     </span>
    </p>
   </div>
   <div class='ocr_carea' id='block_1_57' title="bbox 434 2964 2019 3036">
    <p class='ocr_par' dir='ltr' id='par_1_57' title="bbox 434 2964 2019 3036">
     <span class='ocr_line' id='line_1_57' title="bbox 434 2964 2019 3036; baseline 0.003 -19"><span class='ocrx_word' id='word_1_395' title='bbox 434 2978 499 3017; x_wconf 82' lang='lat' dir='ltr'><strong>ac</strong></span> <span class='ocrx_word' id='word_1_396' title='bbox 527 2972 679 3017; x_wconf 87' lang='lat' dir='ltr'><strong>vocet</strong></span> <span class='ocrx_word' id='word_1_397' title='bbox 703 2964 754 3017; x_wconf 90' lang='lat' dir='ltr'><strong>in</strong></span> <span class='ocrx_word' id='word_1_398' title='bbox 778 2965 1004 3030; x_wconf 88' lang='lat' dir='ltr'><strong>crimen,</strong></span> <span class='ocrx_word' id='word_1_399' title='bbox 1033 2964 1106 3020; x_wconf 86' lang='lat' dir='ltr'><strong>ita</strong></span> <span class='ocrx_word' id='word_1_400' title='bbox 1131 2966 1343 3035; x_wconf 87' lang='lat' dir='ltr'><strong>accipe:</strong></span> <span class='ocrx_word' id='word_1_401' title='bbox 1366 2966 1500 3021; x_wconf 88' lang='lat' dir='ltr'><strong>Cum</strong></span> <span class='ocrx_word' id='word_1_402' title='bbox 1526 2967 1615 3022; x_wconf 90' lang='lat' dir='ltr'><strong>ille</strong></span> <span class='ocrx_word' id='word_1_403' title='bbox 1638 2983 1734 3036; x_wconf 80' lang='lat' dir='ltr'><strong>per</strong></span> <span class='ocrx_word' id='word_1_404' title='bbox 1759 2978 2019 3025; x_wconf 86' lang='lat' dir='ltr'><strong>constan-</strong></span> 
     </span>
    </p>
   </div>
   <div class='ocr_carea' id='block_1_58' title="bbox 436 3052 2020 3129">
    <p class='ocr_par' dir='ltr' id='par_1_58' title="bbox 436 3052 2020 3129">
     <span class='ocr_line' id='line_1_58' title="bbox 436 3052 2020 3129; baseline 0.005 -23"><span class='ocrx_word' id='word_1_405' title='bbox 436 3053 566 3107; x_wconf 90' lang='lat' dir='ltr'><strong>tiam</strong></span> <span class='ocrx_word' id='word_1_406' title='bbox 596 3052 826 3108; x_wconf 74' lang='lat' dir='ltr'><strong>llammze</strong></span> <span class='ocrx_word' id='word_1_407' title='bbox 853 3055 994 3125; x_wconf 79' lang='lat' dir='ltr'><strong>ignis</strong></span> <span class='ocrx_word' id='word_1_408' title='bbox 1026 3056 1198 3110; x_wconf 89' lang='lat' dir='ltr'><strong>vietor</strong></span> <span class='ocrx_word' id='word_1_409' title='bbox 1228 3059 1519 3126; x_wconf 80' lang='lat' dir='ltr'><strong>exstiterit,</strong></span> <span class='ocrx_word' id='word_1_410' title='bbox 1541 3060 1727 3129; x_wconf 83' lang='lat' dir='ltr'><strong>quidni</strong></span> <span class='ocrx_word' id='word_1_411' title='bbox 1776 3071 1827 3114; x_wconf 91' lang='lat' dir='ltr'><strong>tu</strong></span> <span class='ocrx_word' id='word_1_412' title='bbox 1865 3060 2020 3114; x_wconf 82' lang='lat' dir='ltr'><strong>luxu-</strong></span> 
     </span>
    </p>
   </div>
   <div class='ocr_carea' id='block_1_59' title="bbox 436 3134 2021 3223">
    <p class='ocr_par' dir='ltr' id='par_1_59' title="bbox 436 3134 2021 3223">
     <span class='ocr_line' id='line_1_59' title="bbox 436 3134 2021 3223; baseline 0.003 -23"><span class='ocrx_word' id='word_1_413' title='bbox 436 3146 574 3201; x_wconf 89' lang='lat' dir='ltr'><strong>riam</strong></span> <span class='ocrx_word' id='word_1_414' title='bbox 606 3146 857 3201; x_wconf 90' lang='lat' dir='ltr'><strong>castitate</strong></span> <span class='ocrx_word' id='word_1_415' title='bbox 899 3146 1122 3202; x_wconf 85' lang='lat' dir='ltr'><strong>domas?</strong></span> <span class='ocrx_word' id='word_1_416' title='bbox 1146 3134 1281 3202; x_wconf 83' lang='lat' dir='ltr'><strong>Cum</strong></span> <span class='ocrx_word' id='word_1_417' title='bbox 1323 3160 1532 3223; x_wconf 87' lang='lat' dir='ltr'><strong>martyr</strong></span> <span class='ocrx_word' id='word_1_418' title='bbox 1583 3151 1785 3206; x_wconf 90' lang='lat' dir='ltr'><strong>nullam</strong></span> <span class='ocrx_word' id='word_1_419' title='bbox 1815 3151 2021 3207; x_wconf 84' lang='lat' dir='ltr'><strong>divitia-</strong></span> 
     </span>
    </p>
   </div>
   <div class='ocr_carea' id='block_1_60' title="bbox 435 3232 2020 3308">
    <p class='ocr_par' dir='ltr' id='par_1_60' title="bbox 435 3232 2020 3308">
     <span class='ocr_line' id='line_1_60' title="bbox 435 3232 2020 3308; baseline 0.001 -14"><span class='ocrx_word' id='word_1_420' title='bbox 435 3253 555 3294; x_wconf 82' lang='lat' dir='ltr'><strong>rum</strong></span> <span class='ocrx_word' id='word_1_421' title='bbox 583 3253 647 3292; x_wconf 89' lang='lat' dir='ltr'><strong>ac</strong></span> <span class='ocrx_word' id='word_1_422' title='bbox 675 3232 1052 3307; x_wconf 77' lang='lat' dir='ltr'><strong>peeuniarum‘,</strong></span> <span class='ocrx_word' id='word_1_423' title='bbox 1104 3255 1240 3308; x_wconf 88' lang='lat' dir='ltr'><strong>quas</strong></span> <span class='ocrx_word' id='word_1_424' title='bbox 1266 3240 1596 3307; x_wconf 83' lang='lat' dir='ltr'><strong>dimittebat,</strong></span> <span class='ocrx_word' id='word_1_425' title='bbox 1629 3244 1892 3298; x_wconf 84' lang='lat' dir='ltr'><strong>rationem</strong></span> <span class='ocrx_word' id='word_1_426' title='bbox 1923 3245 2020 3298; x_wconf 87' lang='lat' dir='ltr'><strong>ba-</strong></span> 
     </span>
    </p>
   </div>
   <div class='ocr_carea' id='block_1_61' title="bbox 432 3328 2021 3402">
    <p class='ocr_par' dir='ltr' id='par_1_61' title="bbox 432 3328 2021 3402">
     <span class='ocr_line' id='line_1_61' title="bbox 432 3328 2021 3402; baseline 0.003 -18"><span class='ocrx_word' id='word_1_427' title='bbox 432 3328 646 3392; x_wconf 82' lang='lat' dir='ltr'><strong>buerit,</strong></span> <span class='ocrx_word' id='word_1_428' title='bbox 697 3329 882 3397; x_wconf 83' lang='lat' dir='ltr'><strong>quidni</strong></span> <span class='ocrx_word' id='word_1_429' title='bbox 937 3340 991 3383; x_wconf 90' lang='lat' dir='ltr'><strong>tu</strong></span> <span class='ocrx_word' id='word_1_430' title='bbox 1036 3330 1261 3397; x_wconf 67' lang='lat' dir='ltr'><strong>justititr</strong></span> <span class='ocrx_word' id='word_1_431' title='bbox 1318 3347 1483 3385; x_wconf 82' lang='lat' dir='ltr'><strong>causa</strong></span> <span class='ocrx_word' id='word_1_432' title='bbox 1539 3349 1741 3402; x_wconf 87' lang='lat' dir='ltr'><strong>paucos</strong></span> <span class='ocrx_word' id='word_1_433' title='bbox 1773 3349 2021 3389; x_wconf 87' lang='lat' dir='ltr'><strong>nummos</strong></span> 
     </span>
    </p>
   </div>
   <div class='ocr_carea' id='block_1_62' title="bbox 434 3418 2021 3493">
    <p class='ocr_par' dir='ltr' id='par_1_62' title="bbox 434 3418 2021 3493">
     <span class='ocr_line' id='line_1_62' title="bbox 434 3418 2021 3493; baseline 0.002 -18"><span class='ocrx_word' id='word_1_434' title='bbox 434 3419 778 3475; x_wconf 82' lang='lat' dir='ltr'><strong>contemnis?</strong></span> <span class='ocrx_word' id='word_1_435' title='bbox 798 3418 932 3474; x_wconf 90' lang='lat' dir='ltr'><strong>Cum</strong></span> <span class='ocrx_word' id='word_1_436' title='bbox 963 3430 1166 3493; x_wconf 78' lang='lat' dir='ltr'><strong>martyr</strong></span> <span class='ocrx_word' id='word_1_437' title='bbox 1197 3420 1616 3491; x_wconf 86' lang='lat' dir='ltr'><strong>nolueritgenus</strong></span> <span class='ocrx_word' id='word_1_438' title='bbox 1646 3440 1712 3479; x_wconf 88' lang='lat' dir='ltr'><strong>ac</strong></span> <span class='ocrx_word' id='word_1_439' title='bbox 1762 3424 2021 3478; x_wconf 78' lang='lat' dir='ltr'><strong>fariiiliam</strong></span> 
     </span>
    </p>
   </div>
   <div class='ocr_carea' id='block_1_63' title="bbox 439 3512 2023 3582">
    <p class='ocr_par' dir='ltr' id='par_1_63' title="bbox 439 3512 2023 3582">
     <span class='ocr_line' id='line_1_63' title="bbox 439 3512 2023 3582; baseline 0.004 -17"><span class='ocrx_word' id='word_1_440' title='bbox 439 3513 723 3581; x_wconf 72' lang='lat' dir='ltr'><strong>pnelatum</strong></span> <span class='ocrx_word' id='word_1_441' title='bbox 767 3512 903 3578; x_wconf 86' lang='lat' dir='ltr'><strong>Deo,</strong></span> <span class='ocrx_word' id='word_1_442' title='bbox 940 3513 1033 3567; x_wconf 88' lang='lat' dir='ltr'><strong>sed</strong></span> <span class='ocrx_word' id='word_1_443' title='bbox 1063 3514 1130 3568; x_wconf 89' lang='lat' dir='ltr'><strong>ab</strong></span> <span class='ocrx_word' id='word_1_444' title='bbox 1176 3529 1367 3579; x_wconf 82' lang='lat' dir='ltr'><strong>uxore,</strong></span> <span class='ocrx_word' id='word_1_445' title='bbox 1417 3514 1626 3582; x_wconf 88' lang='lat' dir='ltr'><strong>liheris,</strong></span> <span class='ocrx_word' id='word_1_446' title='bbox 1667 3517 2023 3572; x_wconf 78' lang='lat' dir='ltr'><strong>charissimus</strong></span> 
     </span>
    </p>
   </div>
   <div class='ocr_carea' id='block_1_64' title="bbox 439 3603 2024 3678">
    <p class='ocr_par' dir='ltr' id='par_1_64' title="bbox 439 3603 2024 3678">
     <span class='ocr_line' id='line_1_64' title="bbox 439 3603 2024 3678; baseline 0.003 -21"><span class='ocrx_word' id='word_1_447' title='bbox 439 3604 727 3673; x_wconf 79' lang='lat' dir='ltr'><strong>abiunctus</strong></span> <span class='ocrx_word' id='word_1_448' title='bbox 762 3603 869 3669; x_wconf 90' lang='lat' dir='ltr'><strong>sit;</strong></span> <span class='ocrx_word' id='word_1_449' title='bbox 911 3605 1095 3673; x_wconf 90' lang='lat' dir='ltr'><strong>quidni</strong></span> <span class='ocrx_word' id='word_1_450' title='bbox 1131 3614 1185 3658; x_wconf 89' lang='lat' dir='ltr'><strong>tu</strong></span> <span class='ocrx_word' id='word_1_451' title='bbox 1217 3605 1597 3674; x_wconf 79' lang='lat' dir='ltr'><strong>impensiorem</strong></span> <span class='ocrx_word' id='word_1_452' title='bbox 1634 3608 1866 3678; x_wconf 78' lang='lat' dir='ltr'><strong>castigas</strong></span> <span class='ocrx_word' id='word_1_453' title='bbox 1895 3607 2024 3662; x_wconf 76' lang='lat' dir='ltr'><strong>alle-</strong></span> 
     </span>
    </p>
   </div>
   <div class='ocr_carea' id='block_1_65' title="bbox 440 3698 2024 3771">
    <p class='ocr_par' dir='ltr' id='par_1_65' title="bbox 440 3698 2024 3771">
     <span class='ocr_line' id='line_1_65' title="bbox 440 3698 2024 3771; baseline 0.003 -20"><span class='ocrx_word' id='word_1_454' title='bbox 440 3706 588 3752; x_wconf 82' lang='lat' dir='ltr'><strong>ctum</strong></span> <span class='ocrx_word' id='word_1_455' title='bbox 620 3715 635 3752; x_wconf 88' lang='lat'><strong>:</strong></span> <span class='ocrx_word' id='word_1_456' title='bbox 666 3698 932 3768; x_wconf 89' lang='lat' dir='ltr'><strong>quinimo,</strong></span> <span class='ocrx_word' id='word_1_457' title='bbox 965 3713 1186 3768; x_wconf 75' lang='lat' dir='ltr'><strong>propter</strong></span> <span class='ocrx_word' id='word_1_458' title='bbox 1221 3699 1397 3771; x_wconf 87' lang='lat' dir='ltr'><strong>aliqua</strong></span> <span class='ocrx_word' id='word_1_459' title='bbox 1426 3700 1518 3756; x_wconf 89' lang='lat' dir='ltr'><strong>tibi</strong></span> <span class='ocrx_word' id='word_1_460' title='bbox 1552 3699 1692 3756; x_wconf 75' lang='lat' dir='ltr'><strong>forte</strong></span> <span class='ocrx_word' id='word_1_461' title='bbox 1722 3701 2024 3757; x_wconf 83' lang='lat' dir='ltr'><strong>necessitu-</strong></span> 
     </span>
    </p>
   </div>
   <div class='ocr_carea' id='block_1_66' title="bbox 440 3791 2028 3862">
    <p class='ocr_par' dir='ltr' id='par_1_66' title="bbox 440 3791 2028 3862">
     <span class='ocr_line' id='line_1_66' title="bbox 440 3791 2028 3862; baseline 0.001 -16"><span class='ocrx_word' id='word_1_462' title='bbox 440 3791 567 3846; x_wconf 82' lang='lat' dir='ltr'><strong>dine</strong></span> <span class='ocrx_word' id='word_1_463' title='bbox 596 3791 917 3862; x_wconf 86' lang='lat' dir='ltr'><strong>conjnnctas</strong></span> <span class='ocrx_word' id='word_1_464' title='bbox 964 3807 1243 3862; x_wconf 85' lang='lat' dir='ltr'><strong>personas,</strong></span> <span class='ocrx_word' id='word_1_465' title='bbox 1279 3792 1542 3861; x_wconf 84' lang='lat' dir='ltr'><strong>justitiam</strong></span> <span class='ocrx_word' id='word_1_466' title='bbox 1586 3793 1897 3856; x_wconf 88' lang='lat' dir='ltr'><strong>conculcas,</strong></span> <span class='ocrx_word' id='word_1_467' title='bbox 1928 3806 2028 3847; x_wconf 90' lang='lat' dir='ltr'><strong>nec</strong></span> 
     </span>
    </p>
   </div>
   <div class='ocr_carea' id='block_1_67' title="bbox 444 3882 2023 3956">
    <p class='ocr_par' dir='ltr' id='par_1_67' title="bbox 444 3882 2023 3956">
     <span class='ocr_line' id='line_1_67' title="bbox 444 3882 2023 3956; baseline 0 -18"><span class='ocrx_word' id='word_1_468' title='bbox 444 3884 536 3938; x_wconf 87' lang='lat' dir='ltr'><strong>Dei</strong></span> <span class='ocrx_word' id='word_1_469' title='bbox 579 3884 824 3938; x_wconf 89' lang='lat' dir='ltr'><strong>timorem</strong></span> <span class='ocrx_word' id='word_1_470' title='bbox 870 3883 1129 3955; x_wconf 87' lang='lat' dir='ltr'><strong>reputas?</strong></span> <span class='ocrx_word' id='word_1_471' title='bbox 1178 3883 1313 3941; x_wconf 85' lang='lat' dir='ltr'><strong>Cum</strong></span> <span class='ocrx_word' id='word_1_472' title='bbox 1349 3895 1557 3956; x_wconf 82' lang='lat' dir='ltr'><strong>martyr</strong></span> <span class='ocrx_word' id='word_1_473' title='bbox 1582 3882 1827 3939; x_wconf 83' lang='lat' dir='ltr'><strong>Numinis</strong></span> <span class='ocrx_word' id='word_1_474' title='bbox 1854 3899 2023 3938; x_wconf 89' lang='lat' dir='ltr'><strong>causa</strong></span> 
     </span>
    </p>
   </div>
   <div class='ocr_carea' id='block_1_68' title="bbox 442 3975 2028 4047">
    <p class='ocr_par' dir='ltr' id='par_1_68' title="bbox 442 3975 2028 4047">
     <span class='ocr_line' id='line_1_68' title="bbox 442 3975 2028 4047; baseline 0.002 -20"><span class='ocrx_word' id='word_1_475' title='bbox 442 3978 618 4045; x_wconf 80' lang='lat' dir='ltr'><strong>ipsum</strong></span> <span class='ocrx_word' id='word_1_476' title='bbox 649 3975 861 4030; x_wconf 79' lang='lat' dir='ltr'><strong>exuerit</strong></span> <span class='ocrx_word' id='word_1_477' title='bbox 892 3991 1123 4045; x_wconf 84' lang='lat' dir='ltr'><strong>corpus,</strong></span> <span class='ocrx_word' id='word_1_478' title='bbox 1157 3978 1343 4047; x_wconf 88' lang='lat' dir='ltr'><strong>quidni</strong></span> <span class='ocrx_word' id='word_1_479' title='bbox 1380 3987 1433 4032; x_wconf 90' lang='lat' dir='ltr'><strong>tu</strong></span> <span class='ocrx_word' id='word_1_480' title='bbox 1462 3977 1546 4033; x_wconf 85' lang='lat' dir='ltr'><strong>vel</strong></span> <span class='ocrx_word' id='word_1_481' title='bbox 1589 3976 1851 4031; x_wconf 81' lang='lat' dir='ltr'><strong>modicam</strong></span> <span class='ocrx_word' id='word_1_482' title='bbox 1888 3975 2028 4030; x_wconf 86' lang='lat' dir='ltr'><strong>umi-</strong></span> 
     </span>
    </p>
   </div>
   <div class='ocr_carea' id='block_1_69' title="bbox 445 4068 2027 4139">
    <p class='ocr_par' dir='ltr' id='par_1_69' title="bbox 445 4068 2027 4139">
     <span class='ocr_line' id='line_1_69' title="bbox 445 4068 2027 4139; baseline 0.004 -23"><span class='ocrx_word' id='word_1_483' title='bbox 445 4082 725 4136; x_wconf 79' lang='lat' dir='ltr'><strong>cam,qua</strong></span> <span class='ocrx_word' id='word_1_484' title='bbox 783 4068 984 4122; x_wconf 87' lang='lat' dir='ltr'><strong>nudum</strong></span> <span class='ocrx_word' id='word_1_485' title='bbox 1048 4079 1218 4139; x_wconf 80' lang='lat' dir='ltr'><strong>tegas,</strong></span> <span class='ocrx_word' id='word_1_486' title='bbox 1278 4070 1617 4125; x_wconf 89' lang='lat' dir='ltr'><strong>contemnis?</strong></span> <span class='ocrx_word' id='word_1_487' title='bbox 1649 4070 1773 4126; x_wconf 71' lang='lat' dir='ltr'><strong>Haec</strong></span> <span class='ocrx_word' id='word_1_488' title='bbox 1804 4070 1903 4124; x_wconf 88' lang='lat' dir='ltr'><strong>sibi</strong></span> <span class='ocrx_word' id='word_1_489' title='bbox 1959 4083 2027 4124; x_wconf 78' lang='lat' dir='ltr'><strong>ex</strong></span> 
     </span>
    </p>
   </div>
   <div class='ocr_carea' id='block_1_70' title="bbox 447 4158 2028 4231">
    <p class='ocr_par' dir='ltr' id='par_1_70' title="bbox 447 4158 2028 4231">
     <span class='ocr_line' id='line_1_70' title="bbox 447 4158 2028 4231; baseline 0.001 -20"><span class='ocrx_word' id='word_1_490' title='bbox 447 4158 676 4214; x_wconf 81' lang='lat' dir='ltr'><strong>adverso</strong></span> <span class='ocrx_word' id='word_1_491' title='bbox 701 4159 1021 4228; x_wconf 90' lang='lat' dir='ltr'><strong>composita,</strong></span> <span class='ocrx_word' id='word_1_492' title='bbox 1064 4171 1306 4215; x_wconf 91' lang='lat' dir='ltr'><strong>nostram</strong></span> <span class='ocrx_word' id='word_1_493' title='bbox 1338 4170 1572 4231; x_wconf 88' lang='lat' dir='ltr'><strong>arguunt</strong></span> <span class='ocrx_word' id='word_1_494' title='bbox 1601 4176 1813 4215; x_wconf 88' lang='lat' dir='ltr'><strong>morum</strong></span> <span class='ocrx_word' id='word_1_495' title='bbox 1849 4160 2028 4230; x_wconf 84' lang='lat' dir='ltr'><strong>pravi-</strong></span> 
     </span>
    </p>
   </div>
   <div class='ocr_carea' id='block_1_71' title="bbox 2205 2692 3708 2766">
    <p class='ocr_par' dir='ltr' id='par_1_71' title="bbox 2205 2692 3708 2766">
     <span class='ocr_line' id='line_1_71' title="bbox 2205 2692 3708 2766; baseline -0.001 -19"><span class='ocrx_word' id='word_1_496' title='bbox 2205 2695 2443 2766; x_wconf 86' lang='grc' dir='ltr'>Ἐχομεν</span> <span class='ocrx_word' id='word_1_497' title='bbox 2490 2694 2669 2748; x_wconf 89' lang='grc' dir='ltr'>τοίνυν</span> <span class='ocrx_word' id='word_1_498' title='bbox 2716 2696 2842 2758; x_wconf 73' lang='grc' dir='ltr'>τοὺς</span> <span class='ocrx_word' id='word_1_499' title='bbox 2891 2694 3195 2766; x_wconf 83' lang='grc' dir='ltr'>μάρτυρας,</span> <span class='ocrx_word' id='word_1_500' title='bbox 3242 2694 3304 2747; x_wconf 84' lang='grc' dir='ltr'><strong>ού</strong></span> <span class='ocrx_word' id='word_1_501' title='bbox 3348 2692 3708 2747; x_wconf 75' lang='grc' dir='ltr'>διδασκάλους</span> 
     </span>
    </p>
   </div>
   <div class='ocr_carea' id='block_1_72' title="bbox 2128 2772 3710 2855">
    <p class='ocr_par' dir='ltr' id='par_1_72' title="bbox 2128 2772 3710 2855">
     <span class='ocr_line' id='line_1_72' title="bbox 2128 2772 3710 2855; baseline -0.001 -20"><span class='ocrx_word' id='word_1_502' title='bbox 2128 2783 2286 2855; x_wconf 86' lang='grc' dir='ltr'>μόνον</span> <span class='ocrx_word' id='word_1_503' title='bbox 2306 2772 2314 2780; x_wconf 68' lang='grc'><strong>’</strong></span> <span class='ocrx_word' id='word_1_504' title='bbox 2334 2783 2545 2855; x_wconf 84' lang='grc' dir='ltr'>ἀγαθῆς</span> <span class='ocrx_word' id='word_1_505' title='bbox 2578 2783 2873 2848; x_wconf 84' lang='grc' dir='ltr'>πολιτείας,</span> <span class='ocrx_word' id='word_1_506' title='bbox 2922 2782 3058 2837; x_wconf 87' lang='grc' dir='ltr'><strong>ἀλλά</strong></span> <span class='ocrx_word' id='word_1_507' title='bbox 3096 2782 3192 2835; x_wconf 69' lang='grc' dir='ltr'>καὶ</span> <span class='ocrx_word' id='word_1_508' title='bbox 3233 2780 3575 2851; x_wconf 82' lang='grc' dir='ltr'>κατηγόρους</span> <span class='ocrx_word' id='word_1_509' title='bbox 3600 2780 3710 2850; x_wconf 79' lang='grc' dir='ltr'><strong>τῆς</strong></span> 
     </span>
    </p>
   </div>
   <div class='ocr_carea' id='block_1_73' title="bbox 2044 2871 3708 2969">
    <p class='ocr_par' dir='ltr' id='par_1_73' title="bbox 2044 2871 3708 2969">
     <span class='ocr_line' id='line_1_73' title="bbox 2044 2871 3708 2969; baseline -0.003 -40"><span class='ocrx_word' id='word_1_510' title='bbox 2044 2907 2089 2969; x_wconf 75' lang='lat' dir='ltr'>c</span> <span class='ocrx_word' id='word_1_511' title='bbox 2125 2877 2419 2947; x_wconf 84' lang='grc' dir='ltr'>ἁμαρτίας.</span> <span class='ocrx_word' id='word_1_512' title='bbox 2475 2872 2600 2940; x_wconf 86' lang='grc' dir='ltr'>Πῶς</span> <span class='ocrx_word' id='word_1_513' title='bbox 2648 2876 2694 2930; x_wconf 75' lang='grc' dir='ltr'>δ’</span> <span class='ocrx_word' id='word_1_514' title='bbox 2747 2874 2813 2929; x_wconf 81' lang='grc' dir='ltr'>ἂν</span> <span class='ocrx_word' id='word_1_515' title='bbox 2866 2874 3077 2944; x_wconf 82' lang='grc' dir='ltr'>γένοιτο</span> <span class='ocrx_word' id='word_1_516' title='bbox 3121 2873 3331 2944; x_wconf 83' lang='grc' dir='ltr'>μάρτυς</span> <span class='ocrx_word' id='word_1_517' title='bbox 3377 2871 3708 2942; x_wconf 84' lang='grc' dir='ltr'>κατήγορος,</span> 
     </span>
    </p>
   </div>
   <div class='ocr_carea' id='block_1_74' title="bbox 2124 2965 3714 3037">
    <p class='ocr_par' dir='ltr' id='par_1_74' title="bbox 2124 2965 3714 3037">
     <span class='ocr_line' id='line_1_74' title="bbox 2124 2965 3714 3037; baseline -0.004 -14"><span class='ocrx_word' id='word_1_518' title='bbox 2124 2969 2358 3024; x_wconf 78' lang='grc' dir='ltr'>ἄκουσον</span> <span class='ocrx_word' id='word_1_519' title='bbox 2378 2984 2390 2996; x_wconf 90' lang='grc'><strong>·</strong></span> <span class='ocrx_word' id='word_1_520' title='bbox 2423 2970 2486 3023; x_wconf 86' lang='lat' dir='ltr'><strong>El</strong></span> <span class='ocrx_word' id='word_1_521' title='bbox 2523 2971 2730 3031; x_wconf 78' lang='grc' dir='ltr'>ἐκεῖνος</span> <span class='ocrx_word' id='word_1_522' title='bbox 2763 2967 2983 3037; x_wconf 80' lang='grc' dir='ltr'>ἐνίκησε</span> <span class='ocrx_word' id='word_1_523' title='bbox 3014 2966 3187 3037; x_wconf 85' lang='grc' dir='ltr'>φλόγα</span> <span class='ocrx_word' id='word_1_524' title='bbox 3208 2965 3381 3036; x_wconf 76' lang='grc' dir='ltr'>πυρὸς</span> <span class='ocrx_word' id='word_1_525' title='bbox 3410 2968 3476 3036; x_wconf 82' lang='grc' dir='ltr'>τῇ</span> <span class='ocrx_word' id='word_1_526' title='bbox 3508 2981 3714 3036; x_wconf 82' lang='grc' dir='ltr'>καρτε-</span> 
     </span>
    </p>
   </div>
   <div class='ocr_carea' id='block_1_75' title="bbox 2132 3054 3709 3132">
    <p class='ocr_par' dir='ltr' id='par_1_75' title="bbox 2132 3054 3709 3132">
     <span class='ocr_line' id='line_1_75' title="bbox 2132 3054 3709 3132; baseline -0.003 -19"><span class='ocrx_word' id='word_1_527' title='bbox 2132 3060 2243 3132; x_wconf 76' lang='grc' dir='ltr'>ρίᾳ,</span> <span class='ocrx_word' id='word_1_528' title='bbox 2277 3061 2341 3114; x_wconf 80' lang='grc' dir='ltr'>σὺ</span> <span class='ocrx_word' id='word_1_529' title='bbox 2387 3059 2504 3123; x_wconf 86' lang='grc' dir='ltr'><strong>πῶς</strong></span> <span class='ocrx_word' id='word_1_530' title='bbox 2546 3059 2804 3131; x_wconf 87' lang='grc' dir='ltr'>πορνείαν</span> <span class='ocrx_word' id='word_1_531' title='bbox 2834 3058 2896 3110; x_wconf 87' lang='grc' dir='ltr'><strong>ού</strong></span> <span class='ocrx_word' id='word_1_532' title='bbox 2934 3056 3217 3128; x_wconf 48' lang='grc' dir='ltr'>δαμάζειςί</span> <span class='ocrx_word' id='word_1_533' title='bbox 3245 3056 3311 3126; x_wconf 81' lang='grc' dir='ltr'>τῇ</span> <span class='ocrx_word' id='word_1_534' title='bbox 3346 3054 3709 3126; x_wconf 72' lang='grc' dir='ltr'>σωφροσύνης</span> 
     </span>
    </p>
   </div>
   <div class='ocr_carea' id='block_1_76' title="bbox 2112 3146 3712 3223">
    <p class='ocr_par' dir='ltr' id='par_1_76' title="bbox 2112 3146 3712 3223">
     <span class='ocr_line' id='line_1_76' title="bbox 2112 3146 3712 3223; baseline -0.005 -18"><span class='ocrx_word' id='word_1_535' title='bbox 2112 3153 2191 3213; x_wconf 43' lang='lat' dir='ltr'><strong>,Ei</strong></span> <span class='ocrx_word' id='word_1_536' title='bbox 2211 3153 2239 3205; x_wconf 85' lang='grc' dir='ltr'><strong>ὁ</strong></span> <span class='ocrx_word' id='word_1_537' title='bbox 2269 3150 2479 3223; x_wconf 84' lang='grc' dir='ltr'>μάρτυς</span> <span class='ocrx_word' id='word_1_538' title='bbox 2501 3150 2601 3204; x_wconf 80' lang='grc' dir='ltr'>οὐκ</span> <span class='ocrx_word' id='word_1_539' title='bbox 2629 3149 2819 3221; x_wconf 75' lang='grc' dir='ltr'>ἐλέησε</span> <span class='ocrx_word' id='word_1_540' title='bbox 2854 3147 3098 3203; x_wconf 80' lang='grc' dir='ltr'>πλοῦτον</span> <span class='ocrx_word' id='word_1_541' title='bbox 3131 3146 3191 3200; x_wconf 82' lang='grc' dir='ltr'>ὃν</span> <span class='ocrx_word' id='word_1_542' title='bbox 3234 3146 3384 3218; x_wconf 80' lang='grc' dir='ltr'>ῆφίει</span> <span class='ocrx_word' id='word_1_543' title='bbox 3422 3146 3517 3199; x_wconf 76' lang='grc' dir='ltr'>καὶ</span> <span class='ocrx_word' id='word_1_544' title='bbox 3566 3146 3712 3217; x_wconf 82' lang='grc' dir='ltr'>χρή-</span> 
     </span>
    </p>
   </div>
   <div class='ocr_carea' id='block_1_77' title="bbox 2131 3241 3715 3318">
    <p class='ocr_par' dir='ltr' id='par_1_77' title="bbox 2131 3241 3715 3318">
     <span class='ocr_line' id='line_1_77' title="bbox 2131 3241 3715 3318; baseline -0.002 -21"><span class='ocrx_word' id='word_1_545' title='bbox 2131 3261 2296 3318; x_wconf 85' lang='grc' dir='ltr'>ματα,</span> <span class='ocrx_word' id='word_1_546' title='bbox 2323 3242 2410 3297; x_wconf 82' lang='grc' dir='ltr'><strong>διά</strong></span> <span class='ocrx_word' id='word_1_547' title='bbox 2427 3243 2480 3297; x_wconf 89' lang='grc' dir='ltr'><strong>τί</strong></span> <span class='ocrx_word' id='word_1_548' title='bbox 2505 3244 2571 3297; x_wconf 77' lang='grc' dir='ltr'>σὺ</span> <span class='ocrx_word' id='word_1_549' title='bbox 2594 3242 2777 3313; x_wconf 82' lang='grc' dir='ltr'>ὀλίγου</span> <span class='ocrx_word' id='word_1_550' title='bbox 2800 3243 2860 3296; x_wconf 78' lang='grc' dir='ltr'>οὐ</span> <span class='ocrx_word' id='word_1_551' title='bbox 2883 3244 3244 3313; x_wconf 77' lang='grc' dir='ltr'>καταφρονεῖς</span> <span class='ocrx_word' id='word_1_552' title='bbox 3267 3242 3530 3313; x_wconf 80' lang='grc' dir='ltr'>ἀργυρίου</span> <span class='ocrx_word' id='word_1_553' title='bbox 3566 3241 3715 3312; x_wconf 77' lang='grc' dir='ltr'>ὑπὲρ</span> 
     </span>
    </p>
   </div>
   <div class='ocr_carea' id='block_1_78' title="bbox 2128 3331 3715 3405">
    <p class='ocr_par' dir='ltr' id='par_1_78' title="bbox 2128 3331 3715 3405">
     <span class='ocr_line' id='line_1_78' title="bbox 2128 3331 3715 3405; baseline -0.003 -17"><span class='ocrx_word' id='word_1_554' title='bbox 2128 3334 2473 3405; x_wconf 85' lang='grc' dir='ltr'>δικαιοσύνης</span> <span class='ocrx_word' id='word_1_555' title='bbox 2491 3350 2505 3400; x_wconf 91' lang='grc'><strong>;</strong></span> <span class='ocrx_word' id='word_1_556' title='bbox 2524 3335 2593 3387; x_wconf 80' lang='lat' dir='ltr'><strong>El</strong></span> <span class='ocrx_word' id='word_1_557' title='bbox 2617 3336 2645 3387; x_wconf 87' lang='grc' dir='ltr'>ὁ</span> <span class='ocrx_word' id='word_1_558' title='bbox 2673 3333 2881 3405; x_wconf 84' lang='grc' dir='ltr'>μάρτυς</span> <span class='ocrx_word' id='word_1_559' title='bbox 2902 3334 3057 3403; x_wconf 80' lang='grc' dir='ltr'>γένος</span> <span class='ocrx_word' id='word_1_560' title='bbox 3081 3331 3215 3386; x_wconf 84' lang='grc' dir='ltr'>Θεοῦ</span> <span class='ocrx_word' id='word_1_561' title='bbox 3236 3334 3295 3387; x_wconf 85' lang='grc' dir='ltr'><strong>ού</strong></span> <span class='ocrx_word' id='word_1_562' title='bbox 3323 3332 3715 3404; x_wconf 81' lang='grc' dir='ltr'>προετίμησεν,</span> 
     </span>
    </p>
   </div>
   <div class='ocr_carea' id='block_1_79' title="bbox 2129 3424 3718 3498">
    <p class='ocr_par' dir='ltr' id='par_1_79' title="bbox 2129 3424 3718 3498">
     <span class='ocr_line' id='line_1_79' title="bbox 2129 3424 3718 3498; baseline -0.001 -17"><span class='ocrx_word' id='word_1_563' title='bbox 2129 3426 2244 3481; x_wconf 83' lang='grc' dir='ltr'>ἀλλ’</span> <span class='ocrx_word' id='word_1_564' title='bbox 2289 3425 2594 3498; x_wconf 81' lang='grc' dir='ltr'>ἀπεζεύχθη</span> <span class='ocrx_word' id='word_1_565' title='bbox 2636 3426 2913 3495; x_wconf 85' lang='grc' dir='ltr'>γυναικὸς,</span> <span class='ocrx_word' id='word_1_566' title='bbox 2956 3426 3191 3488; x_wconf 85' lang='grc' dir='ltr'>παίδων,</span> <span class='ocrx_word' id='word_1_567' title='bbox 3232 3424 3536 3495; x_wconf 82' lang='grc' dir='ltr'>φιλτάτων·</span> <span class='ocrx_word' id='word_1_568' title='bbox 3592 3424 3718 3488; x_wconf 81' lang='grc' dir='ltr'><strong>πῶς</strong></span> 
     </span>
    </p>
   </div>
   <div class='ocr_carea' id='block_1_80' title="bbox 2133 3517 3716 3590">
    <p class='ocr_par' dir='ltr' id='par_1_80' title="bbox 2133 3517 3716 3590">
     <span class='ocr_line' id='line_1_80' title="bbox 2133 3517 3716 3590; baseline -0.001 -18"><span class='ocrx_word' id='word_1_569' title='bbox 2133 3519 2197 3572; x_wconf 79' lang='grc' dir='ltr'>σὺ</span> <span class='ocrx_word' id='word_1_570' title='bbox 2227 3519 2287 3572; x_wconf 83' lang='grc' dir='ltr'><strong>ού</strong></span> <span class='ocrx_word' id='word_1_571' title='bbox 2316 3518 2565 3584; x_wconf 83' lang='grc' dir='ltr'>κολάζεις</span> <span class='ocrx_word' id='word_1_572' title='bbox 2601 3518 2701 3590; x_wconf 83' lang='grc' dir='ltr'>τὴν</span> <span class='ocrx_word' id='word_1_573' title='bbox 2728 3517 3102 3590; x_wconf 83' lang='grc' dir='ltr'>προσπάθειαν</span> <span class='ocrx_word' id='word_1_574' title='bbox 3128 3559 3141 3581; x_wconf 82' lang='grc'><strong>.</strong></span> <span class='ocrx_word' id='word_1_575' title='bbox 3176 3518 3263 3573; x_wconf 62' lang='grc' dir='ltr'><strong>διὰ</strong></span> <span class='ocrx_word' id='word_1_576' title='bbox 3310 3518 3367 3572; x_wconf 82' lang='grc' dir='ltr'>δὲ</span> <span class='ocrx_word' id='word_1_577' title='bbox 3417 3518 3716 3589; x_wconf 83' lang='grc' dir='ltr'>πρόσωπα,</span> 
     </span>
    </p>
   </div>
   <div class='ocr_carea' id='block_1_81' title="bbox 2132 3606 3715 3680">
    <p class='ocr_par' dir='ltr' id='par_1_81' title="bbox 2132 3606 3715 3680">
     <span class='ocr_line' id='line_1_81' title="bbox 2132 3606 3715 3680; baseline 0.003 -21"><span class='ocrx_word' id='word_1_578' title='bbox 2132 3606 2294 3678; x_wconf 80' lang='grc' dir='ltr'>τυχὸν</span> <span class='ocrx_word' id='word_1_579' title='bbox 2325 3606 2509 3677; x_wconf 81' lang='grc' dir='ltr'>σχέσιν</span> <span class='ocrx_word' id='word_1_580' title='bbox 2538 3607 2674 3680; x_wconf 75' lang='grc' dir='ltr'>πρὸς</span> <span class='ocrx_word' id='word_1_581' title='bbox 2701 3609 2763 3662; x_wconf 79' lang='grc' dir='ltr'>σὲ</span> <span class='ocrx_word' id='word_1_582' title='bbox 2788 3608 3120 3680; x_wconf 78' lang='grc' dir='ltr'>οἰκειότητος</span> <span class='ocrx_word' id='word_1_583' title='bbox 3141 3608 3354 3680; x_wconf 79' lang='grc' dir='ltr'>ἔχοντα,</span> <span class='ocrx_word' id='word_1_584' title='bbox 3389 3607 3715 3678; x_wconf 73' lang='grc' dir='ltr'>ὑπερπηδᾷς</span> 
     </span>
    </p>
   </div>
   <div class='ocr_carea' id='block_1_82' title="bbox 2132 3697 3717 3773">
    <p class='ocr_par' dir='ltr' id='par_1_82' title="bbox 2132 3697 3717 3773">
     <span class='ocr_line' id='line_1_82' title="bbox 2132 3697 3717 3773; baseline 0.001 -22"><span class='ocrx_word' id='word_1_585' title='bbox 2132 3698 2193 3751; x_wconf 72' lang='grc' dir='ltr'>τὸ</span> <span class='ocrx_word' id='word_1_586' title='bbox 2230 3697 2458 3765; x_wconf 86' lang='grc' dir='ltr'>δίκαιον,</span> <span class='ocrx_word' id='word_1_587' title='bbox 2493 3699 2589 3753; x_wconf 69' lang='grc' dir='ltr'>καὶ</span> <span class='ocrx_word' id='word_1_588' title='bbox 2611 3699 2706 3753; x_wconf 80' lang='grc' dir='ltr'>τοῦ</span> <span class='ocrx_word' id='word_1_589' title='bbox 2751 3699 2888 3754; x_wconf 81' lang='grc' dir='ltr'>Θεοῦ</span> <span class='ocrx_word' id='word_1_590' title='bbox 2917 3701 3007 3755; x_wconf 73' lang='grc' dir='ltr'>τὸν</span> <span class='ocrx_word' id='word_1_591' title='bbox 3034 3700 3199 3770; x_wconf 75' lang='grc' dir='ltr'>φόϐον</span> <span class='ocrx_word' id='word_1_592' title='bbox 3239 3700 3617 3773; x_wconf 72' lang='grc' dir='ltr'>παραλογίζῃς</span> <span class='ocrx_word' id='word_1_593' title='bbox 3649 3699 3717 3753; x_wconf 74' lang='lat' dir='ltr'><strong>El</strong></span> 
     </span>
    </p>
   </div>
   <div class='ocr_carea' id='block_1_83' title="bbox 2131 3788 3722 3863">
    <p class='ocr_par' dir='ltr' id='par_1_83' title="bbox 2131 3788 3722 3863">
     <span class='ocr_line' id='line_1_83' title="bbox 2131 3788 3722 3863; baseline 0.007 -22"><span class='ocrx_word' id='word_1_594' title='bbox 2131 3790 2161 3841; x_wconf 86' lang='grc' dir='ltr'>ὀ</span> <span class='ocrx_word' id='word_1_595' title='bbox 2196 3789 2409 3862; x_wconf 86' lang='grc' dir='ltr'>μάρτυς</span> <span class='ocrx_word' id='word_1_596' title='bbox 2437 3789 2498 3843; x_wconf 84' lang='grc' dir='ltr'>τὸ</span> <span class='ocrx_word' id='word_1_597' title='bbox 2529 3790 2688 3863; x_wconf 91' lang='grc' dir='ltr'>σῶμα</span> <span class='ocrx_word' id='word_1_598' title='bbox 2732 3790 2820 3845; x_wconf 83' lang='grc' dir='ltr'><strong>διὰ</strong></span> <span class='ocrx_word' id='word_1_599' title='bbox 2865 3790 2999 3844; x_wconf 81' lang='grc' dir='ltr'>Θεὸν</span> <span class='ocrx_word' id='word_1_600' title='bbox 3029 3790 3343 3857; x_wconf 79' lang='grc' dir='ltr'>ὲξεδύσατο,</span> <span class='ocrx_word' id='word_1_601' title='bbox 3390 3790 3507 3855; x_wconf 86' lang='grc' dir='ltr'><strong>πῶς</strong></span> <span class='ocrx_word' id='word_1_602' title='bbox 3551 3788 3722 3852; x_wconf 79' lang='grc' dir='ltr'>αὐτὸς</span> 
     </span>
    </p>
   </div>
   <div class='ocr_carea' id='block_1_84' title="bbox 2132 3877 3717 3955">
    <p class='ocr_par' dir='ltr' id='par_1_84' title="bbox 2132 3877 3717 3955">
     <span class='ocr_line' id='line_1_84' title="bbox 2132 3877 3717 3955; baseline -0.002 -20"><span class='ocrx_word' id='word_1_603' title='bbox 2132 3882 2251 3945; x_wconf 81' lang='grc' dir='ltr'>ἐνὸς</span> <span class='ocrx_word' id='word_1_604' title='bbox 2282 3882 2342 3936; x_wconf 82' lang='grc' dir='ltr'>οὐ</span> <span class='ocrx_word' id='word_1_605' title='bbox 2375 3885 2743 3955; x_wconf 84' lang='grc' dir='ltr'>καταφρονεῖς</span> <span class='ocrx_word' id='word_1_606' title='bbox 2770 3883 3095 3953; x_wconf 86' lang='grc' dir='ltr'>χιτωνίσκου</span> <span class='ocrx_word' id='word_1_607' title='bbox 3122 3883 3201 3947; x_wconf 88' lang='grc' dir='ltr'><strong>είς</strong></span> <span class='ocrx_word' id='word_1_608' title='bbox 3234 3884 3444 3949; x_wconf 79' lang='grc' dir='ltr'>σκέπην</span> <span class='ocrx_word' id='word_1_609' title='bbox 3461 3877 3717 3951; x_wconf 80' lang='grc' dir='ltr'>γυμνοῦς</span> 
     </span>
    </p>
   </div>
   <div class='ocr_carea' id='block_1_85' title="bbox 2135 3970 3721 4046">
    <p class='ocr_par' dir='ltr' id='par_1_85' title="bbox 2135 3970 3721 4046">
     <span class='ocr_line' id='line_1_85' title="bbox 2135 3970 3721 4046; baseline -0.001 -22"><span class='ocrx_word' id='word_1_610' title='bbox 2135 3972 2323 4026; x_wconf 82' lang='grc' dir='ltr'>Ταῦτα</span> <span class='ocrx_word' id='word_1_611' title='bbox 2343 3973 2594 4045; x_wconf 83' lang='grc' dir='ltr'>ἀλλήλοις</span> <span class='ocrx_word' id='word_1_612' title='bbox 2624 3972 3097 4046; x_wconf 79' lang='grc' dir='ltr'>ἀντεξεταζόμενα</span> <span class='ocrx_word' id='word_1_613' title='bbox 3133 3975 3231 4045; x_wconf 81' lang='grc' dir='ltr'>τὴν</span> <span class='ocrx_word' id='word_1_614' title='bbox 3274 3973 3552 4045; x_wconf 82' lang='grc' dir='ltr'>ἡμετέραν</span> <span class='ocrx_word' id='word_1_615' title='bbox 3585 3970 3721 4023; x_wconf 86' lang='grc' dir='ltr'>δυσ-</span> 
     </span>
    </p>
   </div>
   <div class='ocr_carea' id='block_1_86' title="bbox 2132 4060 3724 4137">
    <p class='ocr_par' dir='ltr' id='par_1_86' title="bbox 2132 4060 3724 4137">
     <span class='ocr_line' id='line_1_86' title="bbox 2132 4060 3724 4137; baseline -0.003 -20"><span class='ocrx_word' id='word_1_616' title='bbox 2132 4064 2362 4137; x_wconf 83' lang='grc' dir='ltr'>τροπίαν</span> <span class='ocrx_word' id='word_1_617' title='bbox 2412 4066 2643 4136; x_wconf 80' lang='grc' dir='ltr'>ἐλέγχει.</span> <span class='ocrx_word' id='word_1_618' title='bbox 2687 4066 2759 4119; x_wconf 86' lang='grc' dir='ltr'><em>Ἢ</em></span> <span class='ocrx_word' id='word_1_619' title='bbox 2802 4065 2980 4119; x_wconf 84' lang='grc' dir='ltr'>τοίνυν</span> <span class='ocrx_word' id='word_1_620' title='bbox 3032 4067 3109 4130; x_wconf 83' lang='grc' dir='ltr'>ὼς</span> <span class='ocrx_word' id='word_1_621' title='bbox 3166 4064 3531 4127; x_wconf 78' lang='grc' dir='ltr'>διδασκάλους</span> <span class='ocrx_word' id='word_1_622' title='bbox 3590 4060 3724 4124; x_wconf 71' lang='grc' dir='ltr'>τοὺς</span> 
     </span>
    </p>
   </div>
   <div class='ocr_carea' id='block_1_87' title="bbox 2137 4154 3721 4231">
    <p class='ocr_par' dir='ltr' id='par_1_87' title="bbox 2137 4154 3721 4231">
     <span class='ocr_line' id='line_1_87' title="bbox 2137 4154 3721 4231; baseline -0.004 -19"><span class='ocrx_word' id='word_1_623' title='bbox 2137 4157 2329 4227; x_wconf 84' lang='grc' dir='ltr'>ἁγίους</span> <span class='ocrx_word' id='word_1_624' title='bbox 2360 4156 2720 4229; x_wconf 86' lang='grc' dir='ltr'>αίδεσθῶμεν,</span> <span class='ocrx_word' id='word_1_625' title='bbox 2771 4159 2804 4231; x_wconf 79' lang='grc' dir='ltr'><strong>ἢ</strong></span> <span class='ocrx_word' id='word_1_626' title='bbox 2849 4160 2925 4225; x_wconf 83' lang='grc' dir='ltr'>ὡς</span> <span class='ocrx_word' id='word_1_627' title='bbox 2958 4160 3298 4230; x_wconf 80' lang='grc' dir='ltr'>κατηγόρους</span> <span class='ocrx_word' id='word_1_628' title='bbox 3343 4154 3675 4226; x_wconf 73' lang='grc' dir='ltr'>φοϐηθῶμεν</span> <span class='ocrx_word' id='word_1_629' title='bbox 3704 4169 3721 4183; x_wconf 75' lang='grc' dir='ltr'><strong>ο</strong></span> 
     </span>
    </p>
   </div>
   <div class='ocr_carea' id='block_1_88' title="bbox 451 4237 2015 4325">
    <p class='ocr_par' dir='ltr' id='par_1_88' title="bbox 451 4250 2015 4322">
     <span class='ocr_line' id='line_1_88' title="bbox 451 4250 2015 4322; baseline 0.001 -18"><span class='ocrx_word' id='word_1_630' title='bbox 451 4262 641 4308; x_wconf 80' lang='lat' dir='ltr'><strong>latent.</strong></span> <span class='ocrx_word' id='word_1_631' title='bbox 680 4250 772 4306; x_wconf 72' lang='grc' dir='ltr'><strong>νει</strong></span> <span class='ocrx_word' id='word_1_632' title='bbox 803 4266 931 4322; x_wconf 84' lang='lat' dir='ltr'><strong>ergo</strong></span> <span class='ocrx_word' id='word_1_633' title='bbox 951 4260 1193 4319; x_wconf 89' lang='lat' dir='ltr'><strong>sanctos,</strong></span> <span class='ocrx_word' id='word_1_634' title='bbox 1220 4263 1277 4307; x_wconf 92' lang='lat' dir='ltr'><strong>ut</strong></span> <span class='ocrx_word' id='word_1_635' title='bbox 1305 4253 1596 4322; x_wconf 83' lang='lat' dir='ltr'><strong>magistros</strong></span> <span class='ocrx_word' id='word_1_636' title='bbox 1628 4266 1975 4307; x_wconf 88' lang='lat' dir='ltr'><strong>revereamur</strong></span> <span class='ocrx_word' id='word_1_637' title='bbox 2005 4266 2015 4316; x_wconf 85' lang='lat'><strong>;</strong></span> 
     </span>
    </p>
   </div>
   <div class='ocr_carea' id='block_1_89' title="bbox 2115 4237 3810 4325">
    <p class='ocr_par' dir='ltr' id='par_1_89' title="bbox 2135 4237 3810 4322">
     <span class='ocr_line' id='line_1_89' title="bbox 2135 4237 3810 4322; baseline -0.004 -19"><span class='ocrx_word' id='word_1_638' title='bbox 2135 4249 2399 4322; x_wconf 80' lang='grc' dir='ltr'>δείξωμεν</span> <span class='ocrx_word' id='word_1_639' title='bbox 2427 4250 2483 4304; x_wconf 83' lang='grc' dir='ltr'>δὲ</span> <span class='ocrx_word' id='word_1_640' title='bbox 2509 4250 2601 4304; x_wconf 79' lang='grc' dir='ltr'>τὸν</span> <span class='ocrx_word' id='word_1_641' title='bbox 2642 4251 2851 4304; x_wconf 79' lang='grc' dir='ltr'>ἑαυτῶν</span> <span class='ocrx_word' id='word_1_642' title='bbox 2898 4250 3012 4321; x_wconf 86' lang='grc' dir='ltr'>βίον</span> <span class='ocrx_word' id='word_1_643' title='bbox 3058 4253 3168 4314; x_wconf 88' lang='grc' dir='ltr'>τοῖς</span> <span class='ocrx_word' id='word_1_644' title='bbox 3219 4247 3549 4320; x_wconf 87' lang='grc' dir='ltr'>τιμωμένοις</span> <span class='ocrx_word' id='word_1_645' title='bbox 3587 4244 3725 4298; x_wconf 82' lang='grc' dir='ltr'>ἀκό-</span> <span class='ocrx_word' id='word_1_646' title='bbox 3793 4237 3810 4248; x_wconf 87' lang='grc'><em>’</em></span> 
     </span>
    </p>
   </div>
   <div class='ocr_carea' id='block_1_90' title="bbox 449 4336 2015 4415">
    <p class='ocr_par' dir='ltr' id='par_1_90' title="bbox 449 4343 2015 4415">
     <span class='ocr_line' id='line_1_90' title="bbox 449 4343 2015 4415; baseline -0.001 -18"><span class='ocrx_word' id='word_1_647' title='bbox 449 4343 533 4397; x_wconf 77' lang='lat' dir='ltr'><strong>\‘cl</strong></span> <span class='ocrx_word' id='word_1_648' title='bbox 572 4353 630 4398; x_wconf 91' lang='lat' dir='ltr'><strong>ut</strong></span> <span class='ocrx_word' id='word_1_649' title='bbox 661 4354 1008 4400; x_wconf 86' lang='lat' dir='ltr'><strong>accusatores</strong></span> <span class='ocrx_word' id='word_1_650' title='bbox 1042 4346 1358 4411; x_wconf 86' lang='lat' dir='ltr'><strong>timeamus;</strong></span> <span class='ocrx_word' id='word_1_651' title='bbox 1398 4345 1571 4414; x_wconf 90' lang='lat' dir='ltr'><strong>iisque</strong></span> <span class='ocrx_word' id='word_1_652' title='bbox 1603 4344 1707 4415; x_wconf 84' lang='lat' dir='ltr'><strong>ipsi</strong></span> <span class='ocrx_word' id='word_1_653' title='bbox 1743 4353 2015 4399; x_wconf 60' lang='lat' dir='ltr'><strong>consents</strong></span> 
     </span>
    </p>
   </div>
   <div class='ocr_carea' id='block_1_91' title="bbox 2115 4336 3726 4415">
    <p class='ocr_par' dir='ltr' id='par_1_91' title="bbox 2137 4336 3726 4411">
     <span class='ocr_line' id='line_1_91' title="bbox 2137 4336 3726 4411; baseline -0.002 -20"><span class='ocrx_word' id='word_1_654' title='bbox 2137 4337 2326 4392; x_wconf 89' lang='grc' dir='ltr'>λουθον</span> <span class='ocrx_word' id='word_1_655' title='bbox 2348 4356 2364 4370; x_wconf 71' lang='grc' dir='ltr'><strong>ο</strong></span> <span class='ocrx_word' id='word_1_656' title='bbox 2400 4338 2716 4411; x_wconf 84' lang='grc' dir='ltr'>πεισθῶμεν</span> <span class='ocrx_word' id='word_1_657' title='bbox 2760 4340 2819 4394; x_wconf 77' lang='grc' dir='ltr'>δὲ</span> <span class='ocrx_word' id='word_1_658' title='bbox 2865 4341 2961 4395; x_wconf 68' lang='grc' dir='ltr'><strong>κα)⁸</strong></span> <span class='ocrx_word' id='word_1_659' title='bbox 3003 4342 3165 4411; x_wconf 76' lang='grc' dir='ltr'>ἡμεῖς</span> <span class='ocrx_word' id='word_1_660' title='bbox 3193 4339 3364 4403; x_wconf 76' lang='grc' dir='ltr'>οὕτως</span> <span class='ocrx_word' id='word_1_661' title='bbox 3395 4336 3535 4408; x_wconf 79' lang='grc' dir='ltr'>Θεῷ,</span> <span class='ocrx_word' id='word_1_662' title='bbox 3564 4336 3644 4400; x_wconf 78' lang='grc' dir='ltr'>ὡς</span> <span class='ocrx_word' id='word_1_663' title='bbox 3675 4336 3726 4389; x_wconf 74' lang='lat' dir='ltr'><strong>oi</strong></span> 
     </span>
    </p>
   </div>
   <div class='ocr_carea' id='block_1_92' title="bbox 452 4430 2015 4507">
    <p class='ocr_par' dir='ltr' id='par_1_92' title="bbox 452 4434 2015 4506">
     <span class='ocr_line' id='line_1_92' title="bbox 452 4434 2015 4506; baseline -0.002 -16"><span class='ocrx_word' id='word_1_664' title='bbox 452 4450 610 4490; x_wconf 89' lang='lat' dir='ltr'><strong>neam</strong></span> <span class='ocrx_word' id='word_1_665' title='bbox 667 4436 1020 4490; x_wconf 80' lang='lat' dir='ltr'><strong>exhibeamus</strong></span> <span class='ocrx_word' id='word_1_666' title='bbox 1051 4436 1260 4490; x_wconf 89' lang='lat' dir='ltr'><strong>vivendi</strong></span> <span class='ocrx_word' id='word_1_667' title='bbox 1307 4436 1597 4500; x_wconf 86' lang='lat' dir='ltr'><strong>rationem,</strong></span> <span class='ocrx_word' id='word_1_668' title='bbox 1649 4444 1787 4506; x_wconf 85' lang='lat' dir='ltr'><strong>quos</strong></span> <span class='ocrx_word' id='word_1_669' title='bbox 1829 4434 2015 4490; x_wconf 75' lang='lat' dir='ltr'><strong>bOIIOI‘t</strong></span> 
     </span>
    </p>
   </div>
   <div class='ocr_carea' id='block_1_93' title="bbox 2115 4430 3726 4507">
    <p class='ocr_par' dir='ltr' id='par_1_93' title="bbox 2136 4430 3726 4507">
     <span class='ocr_line' id='line_1_93' title="bbox 2136 4430 3726 4507; baseline -0.003 -22"><span class='ocrx_word' id='word_1_670' title='bbox 2136 4432 2279 4500; x_wconf 78' lang='grc' dir='ltr'>ἅγιοι</span> <span class='ocrx_word' id='word_1_671' title='bbox 2300 4434 2419 4495; x_wconf 80' lang='grc' dir='ltr'>ταῖς</span> <span class='ocrx_word' id='word_1_672' title='bbox 2440 4432 2681 4498; x_wconf 76' lang='grc' dir='ltr'>ἐντολαῖς</span> <span class='ocrx_word' id='word_1_673' title='bbox 2697 4434 3128 4507; x_wconf 74' lang='grc' dir='ltr'>ὲπειθάρχὴσαν,</span> <span class='ocrx_word' id='word_1_674' title='bbox 3153 4434 3248 4487; x_wconf 72' lang='grc' dir='ltr'>καὶ</span> <span class='ocrx_word' id='word_1_675' title='bbox 3272 4432 3370 4497; x_wconf 78' lang='grc' dir='ltr'><strong>τὰς</strong></span> <span class='ocrx_word' id='word_1_676' title='bbox 3387 4430 3726 4500; x_wconf 75' lang='grc' dir='ltr'>ἐπαγγελίας</span> 
     </span>
    </p>
   </div>
   <div class='ocr_carea' id='block_1_94' title="bbox 453 4524 2015 4598">
    <p class='ocr_par' dir='ltr' id='par_1_94' title="bbox 453 4525 2015 4594">
     <span class='ocr_line' id='line_1_94' title="bbox 453 4525 2015 4594; baseline -0.001 -15"><span class='ocrx_word' id='word_1_677' title='bbox 453 4525 833 4594; x_wconf 89' lang='lat' dir='ltr'><strong>prosequimur</strong></span> <span class='ocrx_word' id='word_1_678' title='bbox 859 4540 874 4577; x_wconf 89' lang='lat'><strong>:</strong></span> <span class='ocrx_word' id='word_1_679' title='bbox 908 4535 1068 4594; x_wconf 90' lang='lat' dir='ltr'><strong>atque</strong></span> <span class='ocrx_word' id='word_1_680' title='bbox 1099 4526 1151 4579; x_wconf 90' lang='lat' dir='ltr'><strong>in</strong></span> <span class='ocrx_word' id='word_1_681' title='bbox 1188 4539 1310 4580; x_wconf 89' lang='lat' dir='ltr'><strong>eum</strong></span> <span class='ocrx_word' id='word_1_682' title='bbox 1335 4525 1496 4578; x_wconf 89' lang='lat' dir='ltr'><strong>etiam</strong></span> <span class='ocrx_word' id='word_1_683' title='bbox 1520 4525 1739 4578; x_wconf 88' lang='lat' dir='ltr'><strong>modum</strong></span> <span class='ocrx_word' id='word_1_684' title='bbox 1770 4525 1877 4580; x_wconf 88' lang='lat' dir='ltr'><strong>Deo</strong></span> <span class='ocrx_word' id='word_1_685' title='bbox 1901 4526 2015 4580; x_wconf 87' lang='lat' dir='ltr'><strong>obe-</strong></span> 
     </span>
    </p>
   </div>
   <div class='ocr_carea' id='block_1_95' title="bbox 2115 4524 2656 4598">
    <p class='ocr_par' dir='ltr' id='par_1_95' title="bbox 2138 4524 2656 4598">
     <span class='ocr_line' id='line_1_95' title="bbox 2138 4524 2656 4598; baseline 0.01 -21"><span class='ocrx_word' id='word_1_686' title='bbox 2138 4524 2368 4595; x_wconf 72' lang='grc' dir='ltr'>βεϐαίως</span> <span class='ocrx_word' id='word_1_687' title='bbox 2400 4525 2656 4598; x_wconf 75' lang='grc' dir='ltr'>ἤλπισαν.</span> 
     </span>
    </p>
   </div>
   <div class='ocr_carea' id='block_1_96' title="bbox 453 4616 2034 4687">
    <p class='ocr_par' dir='ltr' id='par_1_96' title="bbox 453 4616 2034 4687">
     <span class='ocr_line' id='line_1_96' title="bbox 453 4616 2034 4687; baseline 0.001 -18"><span class='ocrx_word' id='word_1_688' title='bbox 453 4620 686 4682; x_wconf 78' lang='lat' dir='ltr'><strong>diaruus,</strong></span> <span class='ocrx_word' id='word_1_689' title='bbox 712 4617 765 4669; x_wconf 93' lang='lat' dir='ltr'><strong>iu</strong></span> <span class='ocrx_word' id='word_1_690' title='bbox 790 4632 949 4686; x_wconf 86' lang='lat' dir='ltr'><strong>quem</strong></span> <span class='ocrx_word' id='word_1_691' title='bbox 984 4616 1057 4670; x_wconf 89' lang='lat' dir='ltr'><strong>illi</strong></span> <span class='ocrx_word' id='word_1_692' title='bbox 1093 4617 1612 4687; x_wconf 86' lang='lat' dir='ltr'><strong>obtemperaverunt</strong></span> <span class='ocrx_word' id='word_1_693' title='bbox 1650 4616 1943 4681; x_wconf 88' lang='lat' dir='ltr'><strong>mandatis,</strong></span> <span class='ocrx_word' id='word_1_694' title='bbox 1970 4633 2034 4671; x_wconf 89' lang='lat' dir='ltr'><strong>ac</strong></span> 
     </span>
    </p>
   </div>
   <div class='ocr_carea' id='block_1_97' title="bbox 455 4710 1392 4779">
    <p class='ocr_par' dir='ltr' id='par_1_97' title="bbox 455 4710 1392 4779">
     <span class='ocr_line' id='line_1_97' title="bbox 455 4710 1392 4779; baseline -0.002 -15"><span class='ocrx_word' id='word_1_695' title='bbox 455 4710 717 4779; x_wconf 88' lang='lat' dir='ltr'><strong>promissa</strong></span> <span class='ocrx_word' id='word_1_696' title='bbox 748 4710 977 4763; x_wconf 81' lang='lat' dir='ltr'><strong>ﬁrmiter</strong></span> <span class='ocrx_word' id='word_1_697' title='bbox 1016 4719 1392 4776; x_wconf 85' lang='lat' dir='ltr'><strong>speraverunt.</strong></span> 
     </span>
    </p>
   </div>
   <div class='ocr_carea' id='block_1_98' title="bbox 526 4799 2041 4870">
    <p class='ocr_par' dir='ltr' id='par_1_98' title="bbox 526 4799 2041 4870">
     <span class='ocr_line' id='line_1_98' title="bbox 526 4799 2041 4870; baseline -0.001 -14"><span class='ocrx_word' id='word_1_698' title='bbox 526 4800 663 4868; x_wconf 82' lang='lat' dir='ltr'><strong>Spes</strong></span> <span class='ocrx_word' id='word_1_699' title='bbox 712 4815 946 4870; x_wconf 88' lang='lat' dir='ltr'><strong>namque</strong></span> <span class='ocrx_word' id='word_1_700' title='bbox 996 4799 1323 4870; x_wconf 83' lang='lat' dir='ltr'><strong>spiritalium</strong></span> <span class='ocrx_word' id='word_1_701' title='bbox 1351 4800 1640 4865; x_wconf 80' lang='lat' dir='ltr'><strong>bonorum,</strong></span> <span class='ocrx_word' id='word_1_702' title='bbox 1661 4802 1830 4869; x_wconf 91' lang='lat' dir='ltr'><strong>proba</strong></span> <span class='ocrx_word' id='word_1_703' title='bbox 1857 4800 2041 4855; x_wconf 87' lang='lat' dir='ltr'><strong>admo-</strong></span> 
     </span>
    </p>
   </div>
   <div class='ocr_carea' id='block_1_99' title="bbox 455 4876 2015 4963">
    <p class='ocr_par' dir='ltr' id='par_1_99' title="bbox 455 4892 2015 4963">
     <span class='ocr_line' id='line_1_99' title="bbox 455 4892 2015 4963; baseline -0.001 -16"><span class='ocrx_word' id='word_1_704' title='bbox 455 4892 581 4947; x_wconf 87' lang='lat' dir='ltr'><strong>dum</strong></span> <span class='ocrx_word' id='word_1_705' title='bbox 611 4892 945 4947; x_wconf 74' lang='lat' dir='ltr'><strong>lortituzlinis</strong></span> <span class='ocrx_word' id='word_1_706' title='bbox 975 4906 1040 4946; x_wconf 90' lang='lat' dir='ltr'><strong>ac</strong></span> <span class='ocrx_word' id='word_1_707' title='bbox 1076 4892 1377 4948; x_wconf 70' lang='lat' dir='ltr'><strong>tolerantiae</strong></span> <span class='ocrx_word' id='word_1_708' title='bbox 1403 4893 1615 4948; x_wconf 81' lang='lat' dir='ltr'><strong>exsistit</strong></span> <span class='ocrx_word' id='word_1_709' title='bbox 1642 4892 1887 4959; x_wconf 77' lang='lat' dir='ltr'><strong>doctrix;</strong></span> <span class='ocrx_word' id='word_1_710' title='bbox 1921 4907 2015 4963; x_wconf 83' lang='lat' dir='ltr'><strong>qua</strong></span> 
     </span>
    </p>
   </div>
   <div class='ocr_carea' id='block_1_100' title="bbox 2115 4876 3436 4963">
    <p class='ocr_par' dir='ltr' id='par_1_100' title="bbox 2135 4876 3436 4957">
     <span class='ocr_line' id='line_1_100' title="bbox 2135 4876 3436 4957; baseline -0.01 -18"><span class='ocrx_word' id='word_1_711' title='bbox 2135 4883 2322 4956; x_wconf 83' lang='grc' dir='ltr'>τερίας</span> <span class='ocrx_word' id='word_1_712' title='bbox 2350 4885 2383 4954; x_wconf 84' lang='grc' dir='ltr'>ἠ</span> <span class='ocrx_word' id='word_1_713' title='bbox 2414 4880 2522 4935; x_wconf 84' lang='grc' dir='ltr'><strong>τῶν</strong></span> <span class='ocrx_word' id='word_1_714' title='bbox 2571 4878 2794 4950; x_wconf 91' lang='grc' dir='ltr'>ἀγαθῶν</span> <span class='ocrx_word' id='word_1_715' title='bbox 2850 4878 2959 4957; x_wconf 84' lang='grc' dir='ltr'><strong>τῶν</strong></span> <span class='ocrx_word' id='word_1_716' title='bbox 3011 4876 3218 4948; x_wconf 85' lang='grc' dir='ltr'>νοητῶν</span> <span class='ocrx_word' id='word_1_717' title='bbox 3249 4876 3436 4937; x_wconf 65' lang='lat' dir='ltr'><strong>1-:le;-</strong></span> 
     </span>
    </p>
   </div>
   <div class='ocr_carea' id='block_1_101' title="bbox 456 4984 2035 5054">
    <p class='ocr_par' dir='ltr' id='par_1_101' title="bbox 456 4984 2035 5054">
     <span class='ocr_line' id='line_1_101' title="bbox 456 4984 2035 5054; baseline 0 -14"><span class='ocrx_word' id='word_1_718' title='bbox 456 4986 735 5052; x_wconf 87' lang='lat' dir='ltr'><strong>nimirum,</strong></span> <span class='ocrx_word' id='word_1_719' title='bbox 770 4984 919 5040; x_wconf 87' lang='lat' dir='ltr'><strong>velut</strong></span> <span class='ocrx_word' id='word_1_720' title='bbox 949 4984 1201 5041; x_wconf 86' lang='lat' dir='ltr'><strong>idoneum</strong></span> <span class='ocrx_word' id='word_1_721' title='bbox 1255 4985 1472 5054; x_wconf 82' lang='lat' dir='ltr'><strong>pignus,</strong></span> <span class='ocrx_word' id='word_1_722' title='bbox 1512 4995 1770 5053; x_wconf 85' lang='lat' dir='ltr'><strong>certaque</strong></span> <span class='ocrx_word' id='word_1_723' title='bbox 1796 4984 2035 5040; x_wconf 88' lang='lat' dir='ltr'><strong>arrhabo</strong></span> 
     </span>
    </p>
   </div>
   <div class='ocr_carea' id='block_1_102' title="bbox 2222 4781 3731 4861">
    <p class='ocr_par' dir='ltr' id='par_1_102' title="bbox 2222 4781 3731 4861">
     <span class='ocr_line' id='line_1_102' title="bbox 2222 4781 3731 4861; baseline -0.008 -18"><span class='ocrx_word' id='word_1_724' title='bbox 2222 4788 2422 4861; x_wconf 83' lang='grc' dir='ltr'>Ἀγαθὴ</span> <span class='ocrx_word' id='word_1_725' title='bbox 2454 4789 2563 4861; x_wconf 77' lang='grc' dir='ltr'><strong>γὰρ</strong></span> <span class='ocrx_word' id='word_1_726' title='bbox 2592 4785 2800 4859; x_wconf 74' lang='grc' dir='ltr'>σφόδρα</span> <span class='ocrx_word' id='word_1_727' title='bbox 2831 4781 3153 4850; x_wconf 79' lang='grc' dir='ltr'>διδάσκαλος</span> <span class='ocrx_word' id='word_1_728' title='bbox 3184 4784 3435 4857; x_wconf 81' lang='grc' dir='ltr'>ἀνδρείας</span> <span class='ocrx_word' id='word_1_729' title='bbox 3467 4782 3562 4834; x_wconf 63' lang='grc' dir='ltr'>καὶ</span> <span class='ocrx_word' id='word_1_730' title='bbox 3592 4796 3731 4850; x_wconf 82' lang='grc' dir='ltr'>καρ-</span> 
     </span>
    </p>
   </div>
   <div class='ocr_carea' id='block_1_103' title="bbox 2910 4869 3733 4957">
    <p class='ocr_par' dir='ltr' id='par_1_103' title="bbox 2910 4869 3733 4948">
     <span class='ocr_line' id='line_1_103' title="bbox 2910 4869 3733 4948; baseline -0.01 -17"><span class='ocrx_word' id='word_1_731' title='bbox 2910 4878 2959 4931; x_wconf 75' lang='lat' dir='ltr'><strong>3v</strong></span> <span class='ocrx_word' id='word_1_732' title='bbox 3011 4876 3218 4948; x_wconf 85' lang='grc' dir='ltr'>νοητῶν</span> <span class='ocrx_word' id='word_1_733' title='bbox 3249 4876 3436 4937; x_wconf 79' lang='grc' dir='ltr'>ὲλπίς’</span> <span class='ocrx_word' id='word_1_734' title='bbox 3492 4873 3615 4944; x_wconf 71' lang='grc' dir='ltr'>ἥτις</span> <span class='ocrx_word' id='word_1_735' title='bbox 3657 4869 3733 4934; x_wconf 86' lang='grc' dir='ltr'>ὡς</span> 
     </span>
    </p>
   </div>
   <div class='ocr_carea' id='block_1_104' title="bbox 2140 4962 3735 5047">
    <p class='ocr_par' dir='ltr' id='par_1_104' title="bbox 2140 4962 3735 5047">
     <span class='ocr_line' id='line_1_104' title="bbox 2140 4962 3735 5047; baseline -0.009 -17"><span class='ocrx_word' id='word_1_736' title='bbox 2140 4978 2393 5047; x_wconf 75' lang='grc' dir='ltr'>ἐνέχυρον</span> <span class='ocrx_word' id='word_1_737' title='bbox 2418 4973 2727 5040; x_wconf 81' lang='grc' dir='ltr'>ἀξιόπιστον</span> <span class='ocrx_word' id='word_1_738' title='bbox 2748 4972 2843 5024; x_wconf 70' lang='grc' dir='ltr'>καὶ</span> <span class='ocrx_word' id='word_1_739' title='bbox 2868 4967 3125 5042; x_wconf 68' lang='grc' dir='ltr'><strong>ἀρῥαὸὼν</strong></span> <span class='ocrx_word' id='word_1_740' title='bbox 3155 4965 3402 5037; x_wconf 79' lang='grc' dir='ltr'>ἀσφαλὴς</span> <span class='ocrx_word' id='word_1_741' title='bbox 3433 4962 3735 5034; x_wconf 73' lang='grc' dir='ltr'>ἐγκειμένη</span> 
     </span>
    </p>
   </div>
   <div class='ocr_carea' id='block_1_105' title="bbox 457 5057 2015 5147">
    <p class='ocr_par' dir='ltr' id='par_1_105' title="bbox 457 5076 2015 5147">
     <span class='ocr_line' id='line_1_105' title="bbox 457 5076 2015 5147; baseline -0.001 -16"><span class='ocrx_word' id='word_1_742' title='bbox 457 5076 654 5132; x_wconf 84' lang='lat' dir='ltr'><strong>animis</strong></span> <span class='ocrx_word' id='word_1_743' title='bbox 712 5078 989 5143; x_wconf 83' lang='lat' dir='ltr'><strong>insidens,</strong></span> <span class='ocrx_word' id='word_1_744' title='bbox 1063 5078 1361 5147; x_wconf 87' lang='lat' dir='ltr'><strong>periculmu</strong></span> <span class='ocrx_word' id='word_1_745' title='bbox 1424 5092 1587 5131; x_wconf 89' lang='lat' dir='ltr'><strong>omne</strong></span> <span class='ocrx_word' id='word_1_746' title='bbox 1685 5076 2015 5145; x_wconf 71' lang='lat' dir='ltr'><strong>imperculso</strong></span> 
     </span>
    </p>
   </div>
   <div class='ocr_carea' id='block_1_106' title="bbox 2115 5057 3735 5147">
    <p class='ocr_par' dir='ltr' id='par_1_106' title="bbox 2140 5057 3735 5147">
     <span class='ocr_line' id='line_1_106' title="bbox 2140 5057 3735 5147; baseline -0.009 -24"><span class='ocrx_word' id='word_1_747' title='bbox 2140 5068 2259 5134; x_wconf 83' lang='grc' dir='ltr'>τοῖς</span> <span class='ocrx_word' id='word_1_748' title='bbox 2289 5068 2588 5138; x_wconf 79' lang='grc' dir='ltr'>λογισμοῖς,</span> <span class='ocrx_word' id='word_1_749' title='bbox 2630 5064 2811 5119; x_wconf 88' lang='grc' dir='ltr'>πάντα</span> <span class='ocrx_word' id='word_1_750' title='bbox 2837 5063 3120 5119; x_wconf 78' lang='grc' dir='ltr'>κελεύεται</span> <span class='ocrx_word' id='word_1_751' title='bbox 3158 5060 3401 5115; x_wconf 84' lang='grc' dir='ltr'>κίνδυνον</span> <span class='ocrx_word' id='word_1_752' title='bbox 3435 5059 3568 5131; x_wconf 76' lang='grc' dir='ltr'>ὁρᾷν</span> <span class='ocrx_word' id='word_1_753' title='bbox 3592 5057 3735 5147; x_wconf 48' lang='grc' dir='ltr'>ἀκαξ</span> 
     </span>
    </p>
   </div>
   <div class='ocr_carea' id='block_1_107' title="bbox 454 5167 2033 5255">
    <p class='ocr_par' dir='ltr' id='par_1_107' title="bbox 454 5167 2033 5255">
     <span class='ocr_line' id='line_1_107' title="bbox 454 5167 2033 5255; baseline 0.001 -35"><span class='ocrx_word' id='word_1_754' title='bbox 454 5168 610 5239; x_wconf 86' lang='lat' dir='ltr'><strong>jubet</strong></span> <span class='ocrx_word' id='word_1_755' title='bbox 633 5170 903 5239; x_wconf 80' lang='lat' dir='ltr'><strong>aspicere,</strong></span> <span class='ocrx_word' id='word_1_756' title='bbox 933 5184 996 5224; x_wconf 86' lang='lat' dir='ltr'><strong>ac</strong></span> <span class='ocrx_word' id='word_1_757' title='bbox 1025 5169 1204 5239; x_wconf 87' lang='lat' dir='ltr'><strong>reipsa</strong></span> <span class='ocrx_word' id='word_1_758' title='bbox 1254 5168 1399 5221; x_wconf 79' lang='lat' dir='ltr'><strong>ferre</strong></span> <span class='ocrx_word' id='word_1_759' title='bbox 1449 5177 1690 5222; x_wconf 85' lang='lat' dir='ltr'><strong>strenue.</strong></span> <span class='ocrx_word' id='word_1_760' title='bbox 1741 5168 1923 5234; x_wconf 80' lang='lat' dir='ltr'><strong>Atque</strong></span> <span class='ocrx_word' id='word_1_761' title='bbox 1957 5167 2033 5255; x_wconf 61' lang='lat' dir='ltr'><strong>id,</strong></span> 
     </span>
    </p>
   </div>
   <div class='ocr_carea' id='block_1_108' title="bbox 459 5257 2036 5316">
    <p class='ocr_par' dir='ltr' id='par_1_108' title="bbox 459 5257 2036 5316">
     <span class='ocr_line' id='line_1_108' title="bbox 459 5257 2036 5316; baseline -0.003 -2"><span class='ocrx_word' id='word_1_762' title='bbox 459 5271 824 5315; x_wconf 83' lang='lat' dir='ltr'><strong>consentanea</strong></span> <span class='ocrx_word' id='word_1_763' title='bbox 862 5262 1097 5316; x_wconf 79' lang='lat' dir='ltr'><strong>maxime</strong></span> <span class='ocrx_word' id='word_1_764' title='bbox 1125 5261 1352 5315; x_wconf 88' lang='lat' dir='ltr'><strong>ratione.</strong></span> <span class='ocrx_word' id='word_1_765' title='bbox 1415 5258 1508 5314; x_wconf 88' lang='lat' dir='ltr'><strong>Sic</strong></span> <span class='ocrx_word' id='word_1_766' title='bbox 1541 5260 1684 5314; x_wconf 89' lang='lat' dir='ltr'><strong>enim</strong></span> <span class='ocrx_word' id='word_1_767' title='bbox 1719 5257 1831 5311; x_wconf 81' lang='lat' dir='ltr'><strong>fere</strong></span> <span class='ocrx_word' id='word_1_768' title='bbox 1859 5258 2036 5313; x_wconf 83' lang='lat' dir='ltr'><strong>homi-</strong></span> 
     </span>
    </p>
   </div>
   <div class='ocr_carea' id='block_1_109' title="bbox 460 5349 2042 5425">
    <p class='ocr_par' dir='ltr' id='par_1_109' title="bbox 460 5349 2042 5425">
     <span class='ocr_line' id='line_1_109' title="bbox 460 5349 2042 5425; baseline 0 -20"><span class='ocrx_word' id='word_1_769' title='bbox 460 5349 621 5405; x_wconf 81' lang='lat' dir='ltr'><strong>nibus</strong></span> <span class='ocrx_word' id='word_1_770' title='bbox 646 5361 836 5408; x_wconf 86' lang='lat' dir='ltr'><strong>natura</strong></span> <span class='ocrx_word' id='word_1_771' title='bbox 861 5363 1240 5425; x_wconf 86' lang='lat' dir='ltr'><strong>comparatum</strong></span> <span class='ocrx_word' id='word_1_772' title='bbox 1277 5361 1379 5420; x_wconf 78' lang='lat' dir='ltr'><strong>cst,</strong></span> <span class='ocrx_word' id='word_1_773' title='bbox 1408 5360 1463 5406; x_wconf 86' lang='lat' dir='ltr'><strong>ut</strong></span> <span class='ocrx_word' id='word_1_774' title='bbox 1489 5351 1554 5406; x_wconf 88' lang='lat' dir='ltr'><strong>iis</strong></span> <span class='ocrx_word' id='word_1_775' title='bbox 1592 5349 1893 5414; x_wconf 83' lang='lat' dir='ltr'><strong>laboribus,</strong></span> <span class='ocrx_word' id='word_1_776' title='bbox 1927 5350 2042 5421; x_wconf 86' lang='lat' dir='ltr'><strong>qui-</strong></span> 
     </span>
    </p>
   </div>
   <div class='ocr_carea' id='block_1_110' title="bbox 465 5570 2046 5639">
    <p class='ocr_par' dir='ltr' id='par_1_110' title="bbox 465 5570 2046 5639">
     <span class='ocr_line' id='line_1_110' title="bbox 465 5570 2046 5639; baseline 0.001 -14"><span class='ocrx_word' id='word_1_777' title='bbox 465 5575 558 5625; x_wconf 76' lang='grc' dir='ltr'>ιιιι</span> <span class='ocrx_word' id='word_1_778' title='bbox 591 5570 816 5627; x_wconf 72' lang='lat' dir='ltr'><strong>Vossius</strong></span> <span class='ocrx_word' id='word_1_779' title='bbox 849 5571 990 5627; x_wconf 77' lang='lat' dir='ltr'><strong>hanc</strong></span> <span class='ocrx_word' id='word_1_780' title='bbox 1031 5576 1177 5630; x_wconf 89' lang='lat' dir='ltr'><strong>hom.</strong></span> <span class='ocrx_word' id='word_1_781' title='bbox 1215 5576 1266 5629; x_wconf 91' lang='lat' dir='ltr'><strong>in</strong></span> <span class='ocrx_word' id='word_1_782' title='bbox 1297 5586 1409 5631; x_wconf 88' lang='lat' dir='ltr'><strong>not.</strong></span> <span class='ocrx_word' id='word_1_783' title='bbox 1448 5574 1513 5628; x_wconf 83' lang='lat' dir='ltr'><strong>ad</strong></span> <span class='ocrx_word' id='word_1_784' title='bbox 1537 5591 1577 5629; x_wconf 86' lang='grc' dir='ltr'><strong>ιι</strong></span> <span class='ocrx_word' id='word_1_785' title='bbox 1614 5571 1673 5628; x_wconf 83' lang='grc'><strong>5.</strong></span> <span class='ocrx_word' id='word_1_786' title='bbox 1716 5570 1960 5639; x_wconf 68' lang='grc' dir='ltr'>Ειιιιιπξιιι</span> <span class='ocrx_word' id='word_1_787' title='bbox 1990 5572 2046 5626; x_wconf 80' lang='lat' dir='ltr'><strong>iu</strong></span> 
     </span>
    </p>
   </div>
   <div class='ocr_carea' id='block_1_111' title="bbox 471 5640 2047 5724">
    <p class='ocr_par' dir='ltr' id='par_1_111' title="bbox 471 5640 2047 5724">
     <span class='ocr_line' id='line_1_111' title="bbox 471 5640 2047 5724; baseline -0.001 -24"><span class='ocrx_word' id='word_1_788' title='bbox 471 5640 752 5715; x_wconf 68' lang='lat' dir='ltr'><strong>Martyres,</strong></span> <span class='ocrx_word' id='word_1_789' title='bbox 778 5641 834 5697; x_wconf 89' lang='lat' dir='ltr'><strong>in</strong></span> <span class='ocrx_word' id='word_1_790' title='bbox 869 5642 982 5712; x_wconf 83' lang='lat' dir='ltr'><strong>ipsa</strong></span> <span class='ocrx_word' id='word_1_791' title='bbox 1011 5655 1278 5716; x_wconf 84' lang='lat' dir='ltr'><strong>repertam</strong></span> <span class='ocrx_word' id='word_1_792' title='bbox 1316 5645 1639 5701; x_wconf 79' lang='lat' dir='ltr'><strong>bibliotheca</strong></span> <span class='ocrx_word' id='word_1_793' title='bbox 1675 5641 2047 5724; x_wconf 81' lang='lat' dir='ltr'><strong>Columneusi,</strong></span> 
     </span>
    </p>
   </div>
   <div class='ocr_carea' id='block_1_112' title="bbox 2143 5145 3736 5234">
    <p class='ocr_par' dir='ltr' id='par_1_112' title="bbox 2143 5145 3736 5234">
     <span class='ocr_line' id='line_1_112' title="bbox 2143 5145 3736 5234; baseline -0.013 -17"><span class='ocrx_word' id='word_1_794' title='bbox 2143 5163 2490 5234; x_wconf 85' lang='grc' dir='ltr'>ταπλήκτως,</span> <span class='ocrx_word' id='word_1_795' title='bbox 2530 5160 2625 5212; x_wconf 74' lang='grc' dir='ltr'>καὶ</span> <span class='ocrx_word' id='word_1_796' title='bbox 2674 5159 2861 5229; x_wconf 74' lang='grc' dir='ltr'>φέρειν</span> <span class='ocrx_word' id='word_1_797' title='bbox 2895 5159 2951 5210; x_wconf 83' lang='grc' dir='ltr'>ὲν</span> <span class='ocrx_word' id='word_1_798' title='bbox 2980 5160 3047 5228; x_wconf 79' lang='grc' dir='ltr'>τῇ</span> <span class='ocrx_word' id='word_1_799' title='bbox 3097 5155 3263 5226; x_wconf 72' lang='grc' dir='ltr'>πείρᾳ</span> <span class='ocrx_word' id='word_1_800' title='bbox 3307 5150 3575 5221; x_wconf 81' lang='grc' dir='ltr'>γενναίως</span> <span class='ocrx_word' id='word_1_801' title='bbox 3596 5162 3611 5176; x_wconf 90' lang='grc'><strong>·</strong></span> <span class='ocrx_word' id='word_1_802' title='bbox 3639 5145 3736 5198; x_wconf 68' lang='grc' dir='ltr'>καὶ</span> 
     </span>
    </p>
   </div>
   <div class='ocr_carea' id='block_1_113' title="bbox 2146 5239 3736 5322">
    <p class='ocr_par' dir='ltr' id='par_1_113' title="bbox 2146 5239 3736 5322">
     <span class='ocr_line' id='line_1_113' title="bbox 2146 5239 3736 5322; baseline -0.011 -14"><span class='ocrx_word' id='word_1_803' title='bbox 2146 5255 2307 5309; x_wconf 76' lang='grc' dir='ltr'>τοῦτο</span> <span class='ocrx_word' id='word_1_804' title='bbox 2334 5253 2642 5318; x_wconf 84' lang='grc' dir='ltr'>ἀκολούθως</span> <span class='ocrx_word' id='word_1_805' title='bbox 2676 5251 2983 5322; x_wconf 77' lang='grc' dir='ltr'>συμϐαίνει.</span> <span class='ocrx_word' id='word_1_806' title='bbox 3022 5249 3186 5302; x_wconf 76' lang='grc' dir='ltr'>Φύσει</span> <span class='ocrx_word' id='word_1_807' title='bbox 3219 5246 3329 5316; x_wconf 89' lang='grc' dir='ltr'><strong>γάρ</strong></span> <span class='ocrx_word' id='word_1_808' title='bbox 3379 5259 3498 5304; x_wconf 87' lang='grc' dir='ltr'><strong>πως</strong></span> <span class='ocrx_word' id='word_1_809' title='bbox 3536 5239 3736 5310; x_wconf 76' lang='grc' dir='ltr'>ἐλάχο-</span> 
     </span>
    </p>
   </div>
   <div class='ocr_carea' id='block_1_114' title="bbox 2153 5329 3739 5418">
    <p class='ocr_par' dir='ltr' id='par_1_114' title="bbox 2153 5329 3739 5418">
     <span class='ocr_line' id='line_1_114' title="bbox 2153 5329 3739 5418; baseline -0.013 -17"><span class='ocrx_word' id='word_1_810' title='bbox 2153 5363 2252 5418; x_wconf 86' lang='grc' dir='ltr'><strong>μεν</strong></span> <span class='ocrx_word' id='word_1_811' title='bbox 2333 5345 2609 5417; x_wconf 77' lang='grc' dir='ltr'>ἀνθρωποι</span> <span class='ocrx_word' id='word_1_812' title='bbox 2682 5341 3077 5413; x_wconf 77' lang='grc' dir='ltr'>μαλακίζεσθαι</span> <span class='ocrx_word' id='word_1_813' title='bbox 3126 5338 3191 5393; x_wconf 85' lang='grc' dir='ltr'>ἂν</span> <span class='ocrx_word' id='word_1_814' title='bbox 3242 5336 3334 5391; x_wconf 69' lang='grc' dir='ltr'><strong>καὶ</strong></span> <span class='ocrx_word' id='word_1_815' title='bbox 3400 5329 3739 5407; x_wconf 74' lang='grc' dir='ltr'>χαυνοῦσθαι</span> 
     </span>
    </p>
   </div>
   <div class='ocr_carea' id='block_1_115' title="bbox 2155 5555 3738 5637">
    <p class='ocr_par' dir='ltr' id='par_1_115' title="bbox 2155 5555 3738 5637">
     <span class='ocr_line' id='line_1_115' title="bbox 2155 5555 3738 5637; baseline -0.009 -14"><span class='ocrx_word' id='word_1_816' title='bbox 2155 5586 2220 5624; x_wconf 74' lang='lat' dir='ltr'><strong>ex</strong></span> <span class='ocrx_word' id='word_1_817' title='bbox 2247 5583 2354 5637; x_wconf 90' lang='lat' dir='ltr'><strong>qua</strong></span> <span class='ocrx_word' id='word_1_818' title='bbox 2391 5567 2493 5625; x_wconf 85' lang='lat' dir='ltr'><strong>sibi</strong></span> <span class='ocrx_word' id='word_1_819' title='bbox 2537 5566 2696 5621; x_wconf 79' lang='lat' dir='ltr'><strong>Pater</strong></span> <span class='ocrx_word' id='word_1_820' title='bbox 2727 5562 3056 5637; x_wconf 85' lang='lat' dir='ltr'><strong>Sirmundus</strong></span> <span class='ocrx_word' id='word_1_821' title='bbox 3096 5560 3485 5631; x_wconf 74' lang='lat' dir='ltr'><strong>exscripserat,</strong></span> <span class='ocrx_word' id='word_1_822' title='bbox 3535 5555 3738 5627; x_wconf 82' lang='lat' dir='ltr'><strong>quibus</strong></span> 
     </span>
    </p>
   </div>
   <div class='ocr_carea' id='block_1_116' title="bbox 2157 5634 3016 5709">
    <p class='ocr_par' dir='ltr' id='par_1_116' title="bbox 2157 5634 3016 5709">
     <span class='ocr_line' id='line_1_116' title="bbox 2157 5634 3016 5709; baseline -0.01 -13"><span class='ocrx_word' id='word_1_823' title='bbox 2157 5634 2364 5709; x_wconf 77' lang='lat' dir='ltr'><strong>primus</strong></span> <span class='ocrx_word' id='word_1_824' title='bbox 2394 5638 2551 5697; x_wconf 78' lang='lat' dir='ltr'><strong>anuis</strong></span> <span class='ocrx_word' id='word_1_825' title='bbox 2591 5638 2774 5695; x_wconf 69' lang='lat' dir='ltr'><strong>[lenite</strong></span> <span class='ocrx_word' id='word_1_826' title='bbox 2804 5634 3016 5705; x_wconf 71' lang='lat' dir='ltr'><strong>agebat.</strong></span> 
     </span>
    </p>
   </div>
  </div>
