4048 6194
346 213 444 268 sn
1427 204 1712 261 HOMILIA
1751 203 1818 261 Χ.
1862 204 1931 259 IN
1963 205 2065 262 SS.
2101 201 2494 260 MARTYRES.
3500 181 3604 260 alii

345 328 485 402 πρὸς
512 327 648 392 τοὺς
681 324 1020 397 ἀγεράστους
1070 323 1178 376 τῶν
1232 323 1444 377 πόνωνο
1509 324 1836 396 ἐρρωμένως
1882 323 1939 377 δέ

2003 355 2014 385 ι
2050 323 2151 378 bus
2183 321 2317 377 nihil
2340 321 2550 393 prtemii
2578 320 2912 390 propositum
2941 321 3033 387 sit,
3073 320 3264 378 molles
3285 336 3348 377 ac
3385 326 3601 378 resoluti

341 418 669 475 τούναντίον
710 415 924 471 ἐκείνων
975 413 1497 486 ἀντιλαμϐάνεσθαι,
1543 408 1619 469 ὧν
1669 411 1807 470 ἆθλα
1844 416 1938 470 κα.)⁵

2016 415 2354 481 .eﬂiciamur;
2368 429 2569 483 eosque
2587 413 2819 467 vicissim
2837 413 3003 481 vegeti
3021 426 3087 467 ac
3112 413 3317 468 alacres
3332 413 3605 479 adeamus,

348 513 519 585 τιμαὶ
545 511 702 574 τέλος
738 509 889 565 εἰσίν.
929 506 1022 560 Διὸ
1048 506 1248 570 πάντες
1285 504 1561 577 μάρτυρες
1593 505 1672 577 τῷ
1703 506 1937 575 εὐαγγε-

2038 508 2130 578 qui
2163 507 2380 576 praemia
2411 521 2473 561 ac
2508 506 2739 560 honores
2762 503 2921 559 finem
2974 504 3217 559 habent..
3246 505 3606 571 Quamobrem

349 604 498 677 λικῷ
531 604 812 676 γράμματι
855 597 1219 671 προσέχοντες
1243 597 1335 651 τὸν
1367 596 1513 663 νοῦν,
1552 598 1609 652 ἐν
1631 591 1676 666 ᾧ
1701 596 1935 670 προτρέ-

2037 599 2271 653 universi
2299 608 2472 665 marty
2484 611 2592 659 res,
2607 596 2929 666 evangelicae
2966 595 3040 649 illi
3063 595 3354 663 Scriptura;
3367 598 3605 652 animum

350 714 476 752 πων
528 698 654 760 τοὺς
699 693 875 766 ἱεροὺς
918 690 1160 762 ἀθλητὰς
1193 689 1290 743 καὶ
1344 688 1624 759 φιλοθέους
1670 691 1699 742 ὁ
1733 689 1937 761 Κύριος

2035 688 2374 751 adhibentes,
2413 700 2516 755 qua
2576 685 2831 741 Dominus
2893 701 3077 740 sacros
3134 685 3338 755 pugiles
3390 702 3455 742 ac
3513 687 3606 743 Del

351 789 530 858 λέγει·
565 786 694 840 Ἐάν
711 804 798 852 τις
820 780 1183 854 ὁμολογήσει
1207 798 1284 851 με
1309 782 1650 850 ἔμπροσθεν
1676 780 1796 835 τῶν
1827 781 1934 835 άν-

2035 791 2278 836 amantes
2311 780 2580 843 hortatur,
2611 780 2831 835 dicens:
2876 778 2937 833 Si
2965 780 3083 849 quis
3135 779 3472 846 conﬁtebitur
3527 796 3608 834 me

358 878 618 949 θρώπων,
640 875 1000 946 ὁμολογήσω
1019 875 1207 929 αὑτὸν
1223 873 1563 943 ἔμπροσθεν
1578 873 1687 928 τοῦ
1705 874 1934 941 Πατρός

2036 889 2210 928 coram
2237 873 2553 937 hominibus,
2576 873 2866 941 conﬁtebor
2891 889 3006 925 eum
3025 887 3200 925 coram
3224 871 3387 926 Patre
3402 888 3515 927 meo
3540 872 3605 939 ³⁹,

356 989 497 1042 μου.
523 970 690 1040 ’Υπὲρ
727 967 939 1038 ταύτης
963 967 1062 1037 τῆς
1091 964 1377 1036 ὁμολογίας
1391 964 1628 1037 ἡνεγκαν
1645 965 1935 1036 ἀτρέπτοις

2033 982 2133 1038 pro
2155 961 2228 1020 ea'
2243 965 2604 1032 confessione,
2646 966 2884 1020 immotis
2910 966 3107 1019 animis
3159 974 3374 1020 acutum
3405 965 3604 1019 ferrum

360 1066 473 1126 τοῖς
504 1062 773 1131 λογισμοῖς
822 1058 1043 1131 σίδηρον
1092 1056 1446 1128 τεθηγμένον,
1511 1058 1606 1109 καὶ
1653 1057 1932 1128 πυρκαϊᾶς

2036 1058 2353 1124 tolerarunt,
2383 1073 2448 1112 ac
2477 1073 2633 1126 rogos
2659 1056 3109 1122 conscenderunt,
3141 1072 3445 1128 corpusque
3468 1057 3607 1112 fera-

357 1154 641 1224 ἐπέϐησαν,
698 1151 794 1204 καὶ
843 1149 1051 1223 θηρίων
1097 1149 1360 1219 στόμασιν
1406 1148 1622 1202 ἔκδοτον
1665 1149 1725 1202 τὸ
1772 1148 1933 1220 σῶμα

2033 1170 2151 1209 rum
2207 1153 2458 1208 faucibus
2515 1154 2821 1208 vorandum
2873 1153 3245 1223 praebuerunt,
3280 1167 3346 1207 ac
3403 1153 3608 1222 quique

352 1244 647 1316 παρέσχον,
676 1241 919 1305 καὶτοὺς
938 1240 1113 1304 νῶτας
1132 1239 1360 1302 ἕκαστος
1387 1238 1671 1309 ὑπέθηκαν
1690 1237 1929 1309 μάστιξι,

2033 1245 2190 1301 dorsa
2216 1246 2383 1315 virgis
2412 1245 2780 1315 subjecerunt,
2808 1245 3086 1314 lateraque
3122 1247 3445 1317 ungularum
3473 1261 3605 1301 acu-

346 1338 436 1390 καὶ
465 1338 585 1399 ταῖς
615 1335 829 1404 ἀκμαῖς
854 1333 963 1387 τῶν
996 1331 1203 1402 ὀνύχων
1230 1332 1328 1395 τὰς
1356 1330 1595 1402 πλευρὰς
1618 1329 1931 1401 ἐταράχθη-

2032 1336 2131 1393 leis
2179 1338 2361 1392 laniati
2414 1338 2669 1407 fuerunt;
2741 1337 2917 1393 ferrea
2970 1338 3187 1393 vincula
3246 1338 3606 1408 pertulerunt,

342 1445 439 1482 σαν
469 1427 538 1491 ³⁷,
575 1426 797 1497 δεσμῶν
844 1423 954 1478 τῶν
1007 1423 1098 1476 διὰ
1139 1422 1360 1494 σιδήρου
1383 1422 1691 1493 ἠνέσχοντο,
1724 1422 1819 1473 καὶ
1849 1421 1931 1473 δε-

2031 1429 2507 1500 tenebricososque
2578 1446 2826 1486 carceres
2871 1430 3196 1487 domicilium
3252 1431 3610 1496 habuerunt;

344 1517 679 1588 σμωτηρίων
710 1516 949 1587 ἤνεγκαν
972 1514 1218 1569 σκοτεινὰ
1235 1512 1576 1595 καταγώγια·
1604 1511 1931 1582 ἐπιέσθησαν

2043 1522 2201 1578 famis
2255 1524 2584 1579 necessitate
2647 1523 2894 1592 oppressi
2966 1531 3127 1587 sunt,
3189 1537 3254 1576 ac
3310 1521 3399 1576 siti
3455 1531 3607 1576 exta~

339 1610 395 1664 δὲ
420 1609 592 1681 λιμῷ.
639 1610 735 1663 καὶ
768 1609 913 1679 δίψει
966 1602 1454 1679 κατεξηράνθησαν
1479 1623 1494 1636 ·
1518 1607 1835 1679 παρέθηκαν
1871 1607 1928 1661 δὲ

2034 1616 2305 1681 buerunt;
2347 1615 2518 1669 instar
2561 1614 2817 1684 lapidum.
2878 1614 3044 1669 facies
3076 1612 3408 1668 caedentibus
3440 1628 3608 1682 expo-

340 1696 448 1777 ᾖ³⁸
472 1668 666 1766 λίθους
717 1701 788 1754 τὰ
835 1668 1111 1772 πρόσωπα
1137 1668 1251 1763 τοῖς
1296 1668 1617 1771 ῥαπίζουσιν
1641 1716 1655 1730 ο
1690 1668 1931 1770 ηκουσαν

2033 1715 2293 1771 suerunt;
2328 1704 2575 1774 injurias,
2616 1714 2674 1759 ut
2707 1704 2855 1760 surdi
2891 1705 3197 1771 audierunt;
3248 1703 3396 1758 velut
3449 1704 3605 1767 muti,

339 1795 447 1849 τῶν
470 1793 690 1866 ὕϐρεων
727 1793 804 1857 ὠς
826 1793 1001 1862 κωφοί
1020 1809 1035 1824 ’
1068 1790 1384 1863 ἐσιώπησαν
1418 1790 1554 1862 πρὸς
1582 1792 1709 1855 τοὺς
1739 1791 1929 1844 ὀνειδίο

2032 1796 2099 1850 ad
2134 1809 2229 1852 eos
2261 1795 2351 1866 qui
2381 1794 2592 1864 probris
2617 1810 2679 1850 ac
2698 1794 2883 1849 sannis
2916 1794 3249 1863 exciperent,
3294 1794 3561 1848 siluerunt
3588 1810 3605 1858 ;

340 1887 535 1953 ζοντας
570 1886 669 1939 καὶ
715 1883 1161 1955 λοιδορουμένους
1214 1883 1290 1947 ὼς
1314 1881 1533 1937 ἄλαλοι·
1594 1881 1785 1953 δήμοις
1837 1883 1932 1936 καὶ

2032 1888 2223 1947 mediis
2246 1887 2458 1959 populis
2484 1903 2548 1942 ac
2573 1886 2800 1941 theatris
2834 1887 3124 1956 ignominia
3150 1887 3395 1953 producti
3435 1897 3563 1942 sunt
3588 1905 3605 1953 ;

344 1976 598 2050 θεάτροις
627 1975 1118 2048 ἐνεπομπεύθησαν
1142 1988 1157 2002 ⁸
1207 1973 1583 2046 περιήχθησαν
1613 1975 1789 2047 ἀγορᾷ
1837 1975 1931 2028 καὶ

2036 1987 2147 2039 toto
2177 1980 2378 2035 nudato
2421 1995 2654 2050 corpore
2705 1995 2799 2048 per
2843 1978 3022 2033 forum
3062 1993 3125 2033 ac
3165 1978 3368 2048 plateas
3394 1978 3610 2033 fuerunt

346 2069 611 2142 ἀμφόδοις
656 2070 715 2122 ἐν
751 2066 1072 2139 ὁλογύμνοις
1111 2070 1225 2131 τοῖς
1271 2066 1553 2138 σώμασιν·
1591 2067 1690 2121 οὐκ
1739 2067 1931 2140 ἄνδρες

2113 2073 2427 2139 cumducti;
2486 2086 2588 2127 nec
2631 2071 2732 2125 viri
2759 2080 2988 2137 tantum,
3020 2070 3116 2125 sed
3165 2070 3337 2124 etiam
3373 2067 3611 2134 feminae,
3706 2079 3711 2087 '

351 2162 528 2232 μόνον,
558 2160 698 2215 ἀλλὰ
727 2162 823 2214 καὶ
866 2163 1128 2231 γυναῖκες
1147 2200 1164 2226 ,
1200 2161 1261 2214 τὸ
1298 2158 1704 2231 σχετλιώτατον.
1749 2161 1931 2216 Ἀλλοι

2033 2164 2176 2233 quod
2219 2162 2499 2217 miseriam
2535 2176 2750 2215 onmem
2782 2162 2999 2216 vincere
3036 2158 3305 2214 videatur.
3336 2159 3437 2214 Alii
3489 2160 3612 2229 igne

350 2255 482 2326 πυρὶ
509 2252 966 2324 κατεφλέχθησαν
986 2271 1000 2285 ·
1029 2254 1204 2326 ἕτεροι
1224 2254 1313 2307 διὰ
1336 2252 1603 2324 χειμῶνος
1622 2254 1927 2325 ἐπάγησαν·

2035 2258 2251 2311 fuerunt
2279 2253 2570 2317 combusti,
2598 2252 2686 2307 alii
2714 2252 2910 2309 hiemis
2956 2252 3076 2322 gelu
3099 2251 3477 2321 obriguerunt,
3512 2268 3610 2307 va-

351 2345 616 2410 ποικίλοις
646 2346 872 2418 τρόποις
900 2346 999 2410 τάς
1016 2346 1295 2418 ἀριστείας
1313 2348 1448 2418 ἡμῖν
1481 2343 1932 2417 κατεμερίσαντο,

2035 2348 2132 2403 riis
2161 2346 2336 2401 modis
2361 2345 2619 2416 praeclara
2649 2345 2804 2401 nobis
2828 2343 3064 2398 facinora
3106 2343 3291 2411 partiti
3326 2354 3470 2407 sunt,
3504 2359 3614 2413 quo

350 2436 433 2489 ἵνα
472 2436 733 2500 πεσόντες
766 2436 1082 2506 νικήσωσιν.

2036 2439 2313 2503 cadentes,
2347 2452 2411 2491 at:
2438 2445 2633 2501 morte,
2663 2436 2897 2489 victores
2919 2433 3286 2489 efficerentur.

415 2525 517 2579 Διά
571 2525 732 2579 τοῦτο
771 2524 842 2578 τὰ
885 2524 1083 2597 εὐσεϐῆ
1134 2524 1361 2597 σώματα
1393 2524 1605 2597 σεμνῶς
1658 2525 1934 2597 περιστεί-

2106 2530 2311 2585 Idcirco
2337 2530 2423 2599 pia
2466 2542 2695 2596 corpora
2742 2525 2950 2580 decenti
2979 2535 3170 2581 ornatu
3193 2536 3611 2595 componentes,

351 2617 568 2684 λαντες,
601 2617 674 2671 τὰ
720 2616 892 2689 σκεύη
942 2617 1041 2687 τῆς
1075 2616 1335 2688 ἐκλογῆς,
1371 2618 1441 2671 τὰ
1490 2618 1597 2671 τῶν
1645 2618 1933 2690 μακαρίων

2034 2621 2426 2679 benedictionis
2451 2636 2574 2674 vasa
2605 2618 2714 2682 illa,
2735 2619 3013 2672 beatorum
3035 2618 3338 2671 animorum
3365 2631 3568 2684 organa
3592 2654 3608 2679 ,

351 2711 533 2781 ψυχῶν
566 2710 807 2783 δργανα,
854 2708 956 2773 τὰς
988 2710 1163 2772 οἰκίας
1195 2708 1305 2762 τῶν
1350 2709 1654 2779 φιλοσόφων
1687 2709 1931 2775 ἐνοίκων,

2034 2715 2474 2785 philosophorum
2518 2711 2785 2780 hospitum
2821 2709 3040 2776 domos,
3080 2722 3180 2763 ceu
3214 2708 3608 2777 pretiosissima

351 2805 424 2866 ὡς
455 2801 719 2874 κειμήλια
750 2801 1091 2871 πολυτίμητα
1121 2800 1200 2873 τῷ
1231 2802 1390 2854 παντὶ
1437 2800 1537 2872 βίῳ
1565 2800 1931 2872 φυλάσσομεν,

2037 2807 2259 2876 pignora
2312 2804 2364 2857 in
2420 2817 2579 2858 omne
2626 2800 2883 2856 saeculum
2924 2816 3348 2866 conservamus,
3402 2801 3610 2868 iisque,

353 2894 702 2967 φρουροῦμεν
723 2894 780 2947 δὲ
805 2894 989 2957 αὐτοῖς
1015 2892 1091 2957 ὡς
1120 2892 1407 2966 ἡμετέροις
1439 2892 1930 2965 πλεονεκτήμασιν,

2039 2906 2292 2968 tanquam
2329 2894 2613 2966 prtecipuis
2645 2893 2799 2948 donis
2838 2893 3039 2948 nostris
3067 2892 3342 2945 munimur
3363 2931 3379 2957 ,
3415 2907 3479 2946 ac
3511 2891 3609 2948 Ec-

354 2986 445 3038 καὶ
478 2987 595 3048 τοῖς
625 2983 894 3056 μάρτυσιν
916 2985 951 3055 ἡ
988 2982 1282 3054 Ἐκκλησία
1312 2984 1639 3057 τετείχισται
1668 2987 1744 3050 ὡς
1780 2986 1935 3050 πόλις

2036 2989 2223 3053 clesia,
2256 2997 2553 3059 martyrum
2600 2986 2875 3048 satellitio,
2914 2984 3059 3039 haud
3091 2998 3248 3038 secus
3282 2994 3445 3054 atque
3478 2985 3612 3039 civi-

352 3074 598 3139 6πλίταις
620 3075 913 3143 γενναίοις,
942 3074 1036 3128 καὶ
1066 3074 1335 3147 πάνδημοι
1370 3077 1707 3149 πανηγύρεις
1751 3078 1935 3150 ἁθροί-

2037 3092 2118 3138 tas
2147 3088 2475 3135 armatorum
2508 3093 2664 3137 mauu
2686 3119 2702 3143 ,
2733 3077 3035 3148 protegitur
3054 3115 3071 3142 ,
3117 3088 3493 3145 cogunturque
3524 3091 3614 3130 ce-

353 3165 560 3230 ζονται,
592 3165 689 3218 καὶ
727 3165 826 3236 τῆς
857 3164 1152 3236 θυμηδείας
1181 3165 1289 3219 τῶν
1321 3167 1525 3239 ἑορτῶν
1564 3167 1931 3241 ἀπολαύομεν.

2034 3173 2214 3229 lettres
2266 3171 2446 3243 p0puli
2500 3170 2664 3225 totius
2711 3179 3042 3232 conventus,
3096 3182 3161 3222 ac
3210 3167 3614 3223 solemnitatum

352 3258 410 3311 Οἱ
444 3260 500 3311 δὲ
533 3259 657 3321 ταῖς
699 3257 1072 3329 ἀνθρωπικαῖς
1112 3259 1494 3331 περιστάσεσιν
1541 3261 1574 3331 ἦ
1627 3266 1934 3335 συμφοραῖς

2029 3264 2415 3337 iucunditatem
2460 3261 2831 3331 percipimus,
2882 3274 2945 3315 ac
3013 3260 3079 3314 iis
3126 3273 3460 3314 recreemur.
3512 3260 3613 3326 Qui

352 3352 690 3424 πιεζόμενοι,
725 3352 802 3416 ὡς
834 3352 928 3406 ἐπί
965 3370 1020 3406 τι
1052 3353 1435 3425 κρησφύγετον
1464 3353 1565 3418 τὰς
1597 3353 1935 3418 ἀναπαύσεις

2035 3356 2284 3412 humana:
2344 3354 2469 3410 vitae
2535 3352 2776 3409 adversis
2847 3352 3062 3407 casibus
3108 3365 3172 3406 ac
3216 3350 3613 3406 calamitatibus

347 3443 458 3497 τῶν
523 3442 945 3514 τρισμακαρίων
1018 3442 1358 3496 σπεύδουσιν.
1433 3441 1781 3515 Πρεσϐευτάς
1833 3440 1934 3493 αὐ-

2035 3460 2320 3514 vexantur,
2355 3447 2501 3503 velut
2539 3448 2605 3501 ad
2640 3444 2848 3517 asylum
2881 3443 3153 3514 quoddam
3189 3457 3256 3499 ac
3284 3443 3607 3515 perfugium,

347 3535 474 3594 τοὺς
530 3534 642 3586 τῶν
685 3531 862 3604 εὐχῶν
885 3530 982 3587 καί
1003 3534 1342 3604 αἰτημάτων,
1378 3531 1468 3586 διά
1509 3532 1569 3586 τὸ
1600 3530 1936 3604 ὑπερϐάλλον

2030 3544 2103 3598 ad
2137 3551 2221 3597 ter
2256 3543 2533 3596 beatorum
2575 3543 2814 3610 requiem
2857 3553 2921 3594 ac
2959 3538 3184 3603 solatia,
3221 3537 3418 3594 festiue
3453 3551 3610 3594 acce-

350 3622 459 3693 τῆς
485 3621 821 3695 παρρησίας,
849 3620 1127 3694 ποιοῦμεν.
1170 3622 1449 3677 Ἐντεῦθεν
1480 3621 1661 3676 πενίαι
1690 3618 1932 3687 λύονται,

2036 3634 2192 3688 dunt.
2232 3632 2458 3687 Precum
2493 3630 2614 3685 illos
2654 3645 2718 3685 ac
2747 3630 3052 3684 orationum
3096 3630 3483 3684 intercessores
3512 3628 3608 3682 ad—

352 3715 448 3768 καὶ
484 3700 830 3787 ἰατρεύονται
860 3713 1029 3778 νόσοι,
1065 3712 1158 3767 καὶ
1191 3714 1467 3787 ἀρχόντων
1505 3712 1727 3767 ἀπειλαὶ
1758 3712 1938 3783 κοιμί-

2038 3726 2319 3788 bibemus,
2359 3732 2578 3791 propter
2619 3722 2993 3784 excellentem,
3047 3735 3150 3789 qua
3201 3720 3437 3788 pollent,
3472 3719 3611 3773 fidu-

354 3804 535 3871 ζονται
558 3824 573 3837 ο
606 3805 796 3861 πασῶν
836 3806 893 3859 δὲ
939 3806 1048 3860 τῶν
1090 3805 1343 3877 ταραχῶν
1389 3806 1483 3859 καὶ
1530 3802 1811 3876 χειμώνων
1842 3805 1936 3859 τοῦ

2036 3818 2197 3873 ciam.
2224 3816 2295 3870 lis
2326 3814 2592 3885 praesidiis
2616 3813 2867 3869 levantur
2891 3809 3226 3879 paupertatis
3250 3811 3611 3875 incommoda,

353 3898 470 3971 βίου
512 3898 732 3971 λιμένες
781 3899 919 3953 είσὶν
968 3898 1173 3963 εὔδιοι,
1219 3900 1270 3952 οἱ
1310 3900 1446 3971 ἱεροὶ
1489 3896 1601 3951 τῶν
1646 3896 1951 3971 μαρτύρων

2036 3916 2296 3965 curantur
2346 3905 2554 3971 morbi,
2608 3918 2673 3958 ac
2738 3902 3043 3973 principum
3102 3900 3265 3956 mina:
3320 3900 3613 3964 sedantur,

352 3993 532 4064 σηκοὶ.
2037 4000 2394 4068 omniumque
2418 3995 2599 4052 saeculi
2636 3994 2909 4050 turbinum
2949 4009 3013 4049 ac
3063 4001 3441 4062 tempestatum
3475 4002 3616 4047 tran-

2037 4090 2190 4163 quilli
2231 4099 2439 4159 portus,
2464 4102 2621 4142 sacra
2661 4094 2962 4157 martyrum
2998 4084 3218 4141 delubra
3248 4086 3538 4139 exsistunt.

420 4174 612 4238 υῦτως
646 4174 871 4245 πατὴρ,
921 4165 955 4243 ἧ
1011 4175 1193 4246 μήτηρ
1239 4172 1490 4245 ἀραμένη
1536 4173 1626 4227 τὸν
1656 4172 1938 4246 ἄρρωστον

2112 4181 2172 4237 1n
2203 4183 2349 4238 hunc
2379 4179 2595 4234 modum
2626 4188 2801 4248 pater,
2832 4192 2925 4232 seu
2963 4190 3159 4246 parens
3197 4176 3367 4229 altera
3387 4215 3405 4244 ,
3459 4175 3613 4230 infir-

352 4267 537 4332 παῖδα,
580 4265 678 4319 καὶ
708 4256 1099 4334 περιστείλασα
1126 4268 1249 4330 ταῖς
1276 4266 1564 4335 ἀγκάλαις,
1598 4266 1932 4337 παρατρέχει

2048 4290 2192 4329 mam
2229 4272 2430 4342 prolem
2464 4272 2682 4338 tollens,
2705 4270 2943 4340 atquein
2969 4268 3122 4323 ulnas
3151 4268 3450 4336 suscipiens
3472 4283 3616 4321 com-

354 4359 452 4428 μὲν
475 4360 692 4431 ἰατρεῖα
723 4359 818 4411 καὶ
857 4358 1096 4428 ἰατροὺς,
1133 4357 1227 4410 ἐπὶ
1257 4356 1313 4410 δὲ
1350 4357 1572 4429 ἄτεχνον
1600 4357 1937 4426 καταφεύγει

2045 4365 2426 4434 plectensque,
2466 4364 2703 4419 medicas
2735 4363 2953 4431 quidem
2984 4360 3247 4428 oﬂiciuas,
3285 4375 3351 4415 ac
3378 4361 3621 4416 medicos

353 4450 609 4523 βοήθειαν
629 4467 643 4481 ο
676 4451 770 4503 καὶ
820 4447 958 4519 πρὸς
987 4448 1084 4503 ἕνα
1110 4449 1219 4502 τῶν
1250 4449 1542 4521 μαρτύρων
1573 4448 1803 4503 ἐλθοῦσα
1823 4490 1838 4514 ,
1870 4450 1939 4504 δι’

2044 4458 2387 4523 transcurrit,
2417 4457 2482 4511 ad
2508 4457 2767 4512 auxilium
2799 4472 2930 4511 vero
2965 4457 3101 4510 artis
3130 4471 3327 4524 expers
3353 4453 3618 4525 confugit,

353 4542 561 4595 ἐκείνου
587 4540 668 4611 τῷ
693 4540 941 4615 Δεσπότῃ
972 4540 1240 4612 προσάγει
1265 4539 1362 4611 τὴν
1392 4542 1633 4612 αἴτησιν,
1663 4541 1940 4608 τοιαύταις

2042 4562 2202 4621 atque
2232 4550 2301 4606 ad
2336 4566 2500 4605 unum
2539 4550 2772 4618 aliquem
2815 4557 3110 4619 martyrum
3142 4549 3347 4614 adiens,
3378 4560 3470 4614 per
3492 4560 3615 4598 eum

354 4633 674 4705 κεχρημένη
714 4632 853 4703 πρὸς
888 4632 979 4685 τὸν
1012 4632 1242 4703 μεσίτην
1294 4635 1531 4700 φωναῖςο
1572 4651 1591 4685 ι
1630 4632 1826 4688 Παθὼν
1852 4633 1940 4687 διὰ

2042 4643 2270 4699 Domino
2312 4643 2610 4697 orationem
2657 4640 2835 4706 oﬂ'i-rt,
2889 4640 3067 4693 verbis
3100 4637 3427 4707 ejuscemodi
3471 4651 3621 4691 com-

354 4726 607 4797 Χριστὸν,
642 4724 975 4795 πρέσϐευσον
1009 4725 1150 4795 ὑπὲρ
1184 4724 1390 4789 πάθους
1418 4726 1513 4778 καὶ
1545 4725 1725 4780 νόσου.
1760 4726 1939 4796 ’Ἑχων

2040 4737 2247 4805 pellans
2274 4750 2419 4800 eum,
2441 4748 2598 4804 quem
2634 4734 2988 4788 mediatorem
3019 4731 3234 4785 asciscit
3264 4748 3278 4783 :
3310 4749 3328 4782 ι
3364 4730 3465 4797 Qui
3498 4746 3616 4801 pro-

354 4816 692 4888 παρρησίαν,
724 4814 925 4888 χρῆσον
958 4815 1117 4885 λόγον
1140 4818 1253 4879 τοῖς
1278 4815 1607 4887 ὁμοδούλοις.
1640 4819 1702 4871 Εἰ
1733 4818 1939 4873 καὶτὸν

2090 4837 2166 4881 ter
2216 4826 2490 4882 Christum
2523 4840 2584 4880 es
2630 4840 2856 4895 passus,
2905 4822 3179 4878 iutercede
3224 4836 3321 4890 pro
3369 4823 3618 4891 passione
3674 4812 3688 4831 ‘

352 4908 621 4979 ἡμέτερον
655 4905 770 4977 βίον
804 4906 1067 4972 ἀπέλιπες
1088 4946 1113 4978 ,γ
1151 4906 1287 4960 ἀλλά
1331 4907 1462 4976 γοῦν
1506 4904 1652 4974 οἶδας
1681 4908 1750 4962 τά
1790 4909 1935 4983 πάθη

2048 4918 2362 4987 morboque.
2398 4918 2499 4983 Qui
2533 4917 2728 4971 fiducia
2775 4916 2946 4987 polles
2974 4953 2990 4980 ,
3026 4914 3300 4971 conservis
3338 4917 3618 4969 commoda

349 4998 451 5070 τῆς
478 4999 903 5070 ἀνθρωπότητος
924 5015 939 5028 ·
992 4999 1375 5071 παρεκάλεσας
1405 5002 1498 5054 καὶ
1524 4999 1588 5054 σύ
1633 5016 1761 5054 ποτε
1795 5003 1938 5074 μάρ-

2044 5022 2368 5065 set'tuonetn.
2411 5007 2649 5063 Tametsi
2704 5008 2910 5062 desiisti
2964 5008 3014 5063 in
3060 5007 3307 5061 humanis
3357 5022 3510 5074 esse,
3567 5019 3622 5062 at

350 5106 523 5161 τυρας
568 5093 700 5164 πρὶν
721 5092 974 5160 γενέσθαι
1000 5094 1230 5166 μάρτυς.
1259 5095 1393 5148 Τότε
1416 5094 1594 5167 ζητῶν
1615 5095 1935 5167 ἐλάμϐανες,

2046 5102 2184 5157 nosti
2218 5116 2337 5169 qua:
2380 5099 2490 5154 sint
2515 5098 2799 5169 passiones
2841 5113 2905 5152 ac
2939 5097 3109 5152 morbi
3139 5097 3355 5150 humani
3383 5098 3619 5167 generis.

353 5178 449 5233 νῦν
477 5181 619 5252 ἔχων
646 5181 890 5253 χάρισαι.
929 5178 1021 5247 Εἰς
1063 5183 1127 5236 τὸ
1159 5184 1328 5257 γέρας
1358 5184 1418 5238 τὸ
1464 5185 1577 5249 σὸν,
1623 5185 1846 5258 αἴτησον
1876 5189 1938 5241 τὸ

2047 5193 2125 5248 Tu
2152 5208 2364 5263 quoque
2384 5192 2656 5262 quondam
2677 5201 2940 5260 martyres
2957 5188 3276 5253 obsecrasti,
3306 5192 3622 5260 priusquam

356 5272 546 5345 κέρδος
576 5274 730 5345 ἡμῖν.
778 5272 1080 5349 Ἰαθείημεν
1105 5276 1183 5349 τῷ
1230 5276 1306 5349 σῷ
1349 5276 1576 5349 μώλωπι
1594 5319 1609 5342 ,
1637 5278 1714 5342 ὡς
1741 5280 1819 5351 τῷ
1843 5280 1936 5335 τοῦ

2045 5285 2157 5356 ipse
2179 5296 2382 5354 martyr
2401 5283 2709 5339 exsisteres.
2726 5280 2989 5348 Accepisti
3015 5290 3140 5335 tunc
3161 5295 3438 5350 quaerens;
3463 5283 3622 5338 modo

356 5363 595 5436 Χριστοῦ
638 5367 667 5420 ὁ
714 5366 937 5439 κόσμος.
992 5388 1011 5420 ›
1076 5368 1270 5433 Ἀλλος
1318 5370 1410 5424 ἐπὶ
1451 5370 1629 5441 γάμον
1673 5370 1937 5436 σπεύδων,

2047 5394 2167 5434 cum
2206 5377 2409 5432 habeas
2433 5416 2449 5443 ,
2488 5376 2706 5446 largire.
2744 5358 2857 5427 Tui
2888 5372 3093 5444 pra‘mii
3129 5373 3345 5429 cumulo
3377 5374 3620 5444 pustula,

357 5454 646 5527 προοίμιον
674 5460 914 5512 ποιεῖται
947 5458 1055 5514 τῶν
1092 5460 1350 5532 θαλάμων
1389 5461 1487 5532 τὴν
1518 5456 1575 5516 ἐν
1621 5464 1955 5542 μαρτυρίοις·

2049 5467 2189 5536 quod
2227 5477 2412 5525 nostro
2441 5467 2598 5525 cedat
2651 5464 2957 5523 commodo.
2996 5459 3111 5522 Tuo
3142 5480 3400 5524 sanentur
3432 5465 3622 5534 livore,

454 5651 496 5680 ³⁷
520 5652 643 5727 ch.
692 5658 995 5729 ὲσπαράχθ.
1075 5660 1116 5690 ³⁸
1155 5660 1229 5715 ἴον.
1284 5661 1378 5724 ὡς.
1463 5662 1505 5692 ³³
1548 5661 1732 5717 Matth.
1776 5680 1827 5730 κ,
1858 5662 1944 5717 5'2.
