4048 6194
421 267 528 327 δι’)

1711 270 1768 326 S.
1811 269 2082 328 ASTEllll
2130 271 2436 328 AMASENI

3587 271 3706 328 25Ξο

427 389 503 440 ιιιὶ
539 385 768 440 mundus
795 385 965 439 livore
1006 383 1230 439 Christi.
1271 403 1287 437 t
1335 387 1484 442 Alius
1527 388 1592 442 ad
1630 388 1847 458 nuptias
1886 404 2005 458 per-

2124 391 2306 461 εύχήνο
2349 389 2439 442 καί
2477 405 2558 452 τις
2590 389 2668 452 εἰς
2712 386 2876 440 πλοῦν
2909 388 3290 459 ἐπειγόμενος,
3322 387 3386 440 οὐ
3430 386 3705 459 πρότερον

427 493 579 548 gens,
603 475 824 532 thalami
848 475 1126 532 exordium
1153 475 1300 538 facil,
1320 494 1453 547 quas
1469 479 1518 533 itt
1541 479 1812 551 martyriis
1829 494 2014 548 preces

432 570 623 625 fundit.
642 567 774 636 Quis
801 568 924 621 item
948 567 1000 621 in
1020 567 1298 636 procinctu
1325 571 1706 640 navigationis,
1741 587 1846 624 non
1865 571 2012 639 prius

429 665 582 718 navis
622 665 876 716 rudentes
905 659 1104 721 solvit.
1149 676 1310 729 quant
1369 663 1536 716 maris
1577 663 1861 717 Dominum
1917 679 2014 732 per

427 765 696 824 martyres
725 752 1074 817 invocaverit;
1104 752 1474 806 tnendicornm
1518 769 1679 822 porro
1706 755 1920 823 populi,
1949 770 2014 810 ac

431 859 723 915 pauperum
750 855 960 907 turmre,
987 854 1285 914 martyntm
1306 844 1548 912 requiem
1577 859 1640 899 ac
1667 845 2011 900 refectionem

432 939 573 992 lares
597 952 909 991 communes
936 938 1156 991 habent.
1188 934 1399 1004 Ubique
1428 947 1606 992 autem
1645 947 1912 992 terrarum
1944 953 2009 991 ac

435 1029 599 1082 utaris
621 1027 975 1082 decantantnr
1005 1037 1290 1098 martyres.
1318 1025 1372 1080 Id
1406 1026 1564 1096 plane
1589 1041 1826 1096 congrue
1853 1037 2014 1095 atque

432 1121 628 1174 nterito
691 1138 706 1174 :
763 1135 868 1174 non
920 1120 1062 1174 cnim
1123 1119 1398 1174 communi
1465 1119 1673 1174 ratione
1730 1129 2015 1189 gesserunt

428 1213 720 1283 justitiam,
754 1215 849 1270 sed
885 1215 1001 1283 ipso
1032 1229 1260 1282 corpore
1291 1212 1593 1281 bajularunt
1619 1229 1872 1279 crucem;
1909 1229 2014 1269 non

435 1307 812 1376 disperserunt
867 1308 1146 1376 pecunias,
1181 1306 1275 1361 sed
1315 1307 1631 1375 sanguinem
1670 1305 2013 1372 ell‘nderunt;

438 1416 544 1454 non
576 1400 813 1453 miserati
851 1411 979 1454 sunt
1011 1416 1301 1471 pauperem
1330 1442 1345 1466 ,
1379 1402 1474 1455 sed
1523 1417 1622 1455 nec
1653 1401 1736 1455 sui
1774 1400 2013 1472 ipsorum

436 1505 562 1549 sunt
598 1495 835 1559 ntiserti;
879 1511 986 1549 non
1041 1496 1342 1549 invisernnt
1383 1494 1635 1549 alllit-tnut
1672 1495 1723 1548 itt
1755 1509 1974 1549 carcere
1997 1535 2012 1560 ,

437 1588 530 1641 sed
592 1587 692 1655 ipsi
746 1597 966 1641 catenas
1033 1596 1404 1656 portaverant.
1468 1586 1831 1654 Quamobrem
1894 1600 2012 1640 eam

437 1683 665 1752 gloriam
697 1699 759 1736 ac
783 1683 1043 1738 honorent
1077 1681 1352 1737 consecuti
1381 1691 1527 1746 sunt,
1555 1697 1675 1750 qua:
1695 1682 1864 1751 aequis
1896 1696 2010 1734 uto-

437 1775 522 1828 dis
556 1773 828 1841 patientim
859 1774 1123 1844 ejusmodi
1157 1791 1219 1828 ac
1245 1775 1406 1828 malis
1432 1775 1803 1842 responderet.

512 1862 566 1918 lu
603 1865 745 1919 hunc
777 1865 958 1934 itaque
1000 1866 1216 1919 modum
1261 1873 1570 1935 martyres:
1614 1864 1785 1930 διοιώί
1828 1877 2016 1918 eorum

438 1956 648 2026 tyranni
698 1971 763 2010 ac
800 1959 1110 2022 occisnres,
1166 1955 1256 2024 qui
1303 1956 1410 2008 alta
1451 1953 1768 2025 sapiebant,
1821 1970 1884 2009 ac
1929 1971 2020 2009 su-

439 2047 605 2113 perha
641 2047 1140 2113 connuinahantur;
1175 2047 1266 2115 qui
1312 2063 1475 2118 super
1509 2046 1754 2100 excelsos
1793 2049 2020 2101 thronos

439 2140 716 2206 sederunt,
748 2154 847 2194 nec
877 2154 1030 2193 suum
1065 2139 1361 2208 principem
1399 2138 1784 2210 agnoverunt?
1817 2137 2019 2208 [logie-

442 2242 569 2288 rttttt
605 2233 814 2286 leonum
858 2232 1069 2288 instar:
1115 2232 1298 2302 pardis
1349 2230 1587 2286 velocius
1620 2239 2018 2299 cucurrerunt,

441 2323 584 2376 ursis
612 2324 843 2377 ferocius
878 2323 1330 2391 discerpserunt,
1376 2321 1520 2376 velut
1554 2321 1661 2392 lttpi
1707 2322 2020 2392 sanguinem

439 2412 766 2479 ell'udcrunt,
801 2423 1055 2482 tanquam
1093 2413 1279 2483 vulpes
1309 2412 1491 2467 dolum
1529 2413 1793 2468 fecerunt.
1829 2414 1865 2468 li
1895 2429 2022 2468 vero

441 2503 576 2557 tales
622 2502 807 2572 iacent
856 2503 988 2573 ipsis
1034 2505 1262 2558 mortuis
1308 2505 1803 2560 abominabiliores.
1846 2505 2020 2560 Vitam

440 2609 591 2649 suam
619 2595 892 2650 oblivione
921 2595 1275 2658 obtexcrunt,
1311 2597 1580 2650 infernum
1617 2597 1814 2652 habent
1834 2597 2021 2668 sepul-

435 2703 590 2745 crttnt
616 2729 630 2753 ,
663 2689 984 2760 titulumque
1023 2691 1395 2758 impietatem,
1456 2705 1518 2745 ac
1579 2690 1894 2745 memoriam
1934 2691 2018 2744 in-

440 2781 696 2844 l‘antiant;
735 2783 1006 2836 incassum
1062 2797 1156 2836 eos
1203 2782 1472 2849 penitet,
1518 2780 1717 2834 frustra
1767 2789 2012 2850 gemunt.

441 2871 548 2926 Eos
592 2882 808 2936 autem,
861 2885 996 2940 quos
1044 2871 1115 2925 illi
1165 2871 1632 2934 dehonestaruut,
1687 2871 2018 2941 sempiterna

439 2965 653 3032 excepit
707 2964 966 3018 memoria
995 3004 1009 3029 ,
1069 2979 1133 3018 ac
1179 2963 1296 3017 laus
1334 2962 1472 3018 senii
1517 2977 1734 3032 expers.
1771 2962 2019 3029 Quandin

2113 483 2213 553 τῆς
2243 481 2379 546 νεώς
2408 481 2521 534 λύει
2553 479 2623 534 τὰ
2655 479 2950 550 πείσματα,
2986 481 3113 550 πρὶν
3144 478 3211 533 ἄν
3251 479 3340 532 τδν
3370 479 3466 547 τῆς
3491 476 3703 532 θαλάσ-

2118 591 2216 643 σης
2274 572 2550 642 Δεσπότην
2605 570 2693 624 διὰ
2747 569 2853 622 τῶν
2919 569 3211 641 μαρτύρων
3262 568 3690 640 ἐπικαλέσηται·

2119 663 2348 733 πτωχῶν
2375 664 2432 717 δὲ
2471 663 2635 732 φυλαὶ
2663 662 2756 715 καὶ
2790 664 3036 731 πενήτων
3067 661 3226 732 ἑσμοὶ
3283 661 3468 732 κοινὴν
3509 661 3704 715 ἑστίαν

2116 757 2406 826 κέκτηνται
2452 755 2551 826 τὴν
2594 753 2704 806 τῶν
2753 753 3044 823 μαρτύρων
3083 753 3390 807 ἀνάπαυσιν
3419 769 3432 782 ο
3480 751 3708 824 ᾅδονται

2114 845 2171 898 δὲ
2201 843 2475 914 πανταχοῦ
2500 844 2606 915 γῆς
2627 844 2721 897 καὶ
2744 843 3014 914 Θαλάττης
3035 845 3082 896 οἱ
3111 842 3404 915 μάρτυρες.
3432 843 3705 907 Είκότως,

2117 937 2212 991 καὶ
2241 937 2376 1009 πρὸς
2405 936 2582 1003 ἀξίαν.
2621 937 2696 989 Οὐ
2729 935 2858 1008 γὰρ,
2888 935 2962 998 ῶς
2985 933 3189 1000 πολλοὶ,
3219 934 3319 1005 τὴν
3351 934 3712 1007 δικαιοσύνην

2119 1027 2486 1098 κατώρθωσαν
2505 1043 2518 1058 ’
2557 1023 2793 1098 αύτῷδὲ
2824 1025 2902 1097 τῷ
2940 1026 3152 1097 σώματι
3182 1025 3273 1078 τὸν
3305 1025 3536 1096 σταυρὸν
3568 1026 3711 1081 ἐδά-

2121 1137 2361 1174 στασαν·
2408 1120 2468 1173 ού
2505 1120 2764 1192 χρήματα
2816 1118 3150 1190 ὲσκόρπισαν
3179 1159 3192 1181 ,
3257 1118 3369 1172 ἀλλ’
3423 1115 3564 1190 αἷμα
3614 1119 3714 1186 ἐξ·

2126 1215 2310 1284 έχεον·
2345 1213 2405 1266 ού
2442 1213 2652 1284 πένητα
2675 1211 2967 1284 οἴκτειραν,
3003 1211 3118 1266 ἀλλ’
3150 1211 3375 1275 ἑαυτοὺς
3405 1212 3506 1265 οὐκ
3537 1211 3713 1283 ήλέη-

2119 1316 2249 1357 σαν⁶
2291 1303 2390 1355 ούκ
2419 1303 2478 1355 ἐν
2509 1301 2866 1374 δεσμωτηρίῳ
2907 1301 2998 1355 τὸν
3069 1301 3455 1372 κεκακωμένον
3501 1302 3713 1354 ἐπεσκ-

2117 1395 2338 1465 έψαντο,
2374 1393 2488 1448 ἀλλ’
2510 1394 2664 1447 αὐτοὶ
2703 1393 2802 1458 τὰς
2831 1392 3048 1458 ἁλύσεις
3079 1391 3364 1465 ὲφόρεσαν.
3402 1392 3500 1446 Διά
3541 1393 3711 1446 τοῦτο

2115 1491 2215 1558 τῆς
2246 1487 2525 1559 ὑπομονῆς
2558 1487 2654 1542 καὶ
2685 1486 2786 1558 τῆς
2808 1485 3104 1552 κακώσεως
3137 1486 3462 1559 ἀντίρροπον
3490 1487 3591 1558 τὴν
3615 1485 3711 1541 56-

2118 1579 2216 1647 ξαν
2251 1581 2345 1634 καὶ
2367 1581 2464 1652 τὴν
2491 1577 2656 1651 τιμήν
2681 1578 3098 1651 ἐκαρπώσαντο.

2192 1841 2256 1913 Ut
2287 1859 2384 1930 μὲν
2411 1854 2503 1912 οὖν
2537 1858 2812 1931 μάρτυρες
2837 1858 2980 1913 οὕτω
3004 1878 3016 1890 ·
3051 1861 3100 1914 οί
3129 1860 3184 1914 δὲ
3209 1861 3416 1915 τούτων
3440 1862 3703 1936 τύραννοι

2121 1953 2215 2006 καὶ
2255 1953 2436 2021 φονεῖς
2482 1951 2608 2016 ποῦ,
2646 1953 2694 2005 οἱ
2741 1951 2809 2006 τὰ
2843 1953 3023 2025 ὑψηλά
3075 1956 3475 2026 φρονήσαντες,
3507 1956 3604 2011 καὶ
3632 1957 3713 2010 τὰ

2121 2045 2446 2118 ὑπερήφανα
2474 2043 2901 2116 ἀπειλήσαντες,
2949 2047 2998 2098 οί
3035 2047 3127 2099 ἐπὶ
3175 2046 3380 2118 θρόνων
3413 2048 3712 2121 μετεώρων

2122 2132 2440 2204 καθήμενοι,
2472 2133 2565 2186 καὶ
2585 2133 2678 2186 τὸν
2706 2134 2913 2188 ἑαυτῶν
2938 2135 3172 2206 ἄρχοντα
3199 2137 3274 2207 μὴ
3299 2137 3670 2209 γνωρίσαντες
3693 2156 3709 2203 ς

2133 2224 2536 2298 Ἐδρυχήσαντο
2573 2225 2714 2295 ὑπὲρ
2739 2226 2868 2290 τοὺς
2901 2226 3142 2292 λέοντας,
3176 2227 3409 2300 ἔδραμον
3437 2231 3577 2302 ὑπὲρ
3605 2232 3713 2296 τὰς

2123 2316 2449 2388 παρδάλεις,
2496 2317 2811 2390 ἑσπάραξαν
2853 2318 2994 2390 ὑπὲρ
3042 2318 3140 2384 τὰς
3181 2321 3453 2392 ἄρκτους,
3483 2321 3713 2392 ἐξέχεαν

2123 2408 2330 2479 αἵματα
2359 2409 2499 2462 κατὰ
2523 2410 2651 2474 τοὺς
2679 2409 2898 2474 λύκους,
2930 2411 3347 2483 ἑκακούργησαν
3377 2412 3454 2476 ώς
3481 2415 3534 2468 αί
3564 2413 3712 2467 ἀλώ-

2124 2517 2312 2565 πεκες.
2368 2502 2590 2554 Κεῖνται
2650 2501 2758 2556 τῶν
2810 2501 2979 2556 ὄντων
3028 2503 3236 2576 νεκρῶν
3293 2503 3712 2577 μυσαρώτεροι,

2123 2592 2262 2667 λήθῃ
2292 2593 2568 2663 ἐκάλυψαν
2595 2593 2695 2664 τὴν
2714 2593 2858 2664 ζωὴν
2885 2593 3064 2647 αὐτῶν
3085 2613 3098 2626 ·
3124 2595 3305 2665 έχουσι
3337 2595 3392 2649 δὲ
3419 2597 3589 2666 τάφον
3615 2598 3714 2651 τὸν

2123 2686 2281 2758 ᾅδην,
2314 2687 2408 2740 καὶ
2432 2685 2634 2758 στήλην
2658 2686 2757 2758 τὴν
2784 2686 3060 2754 ἀσέϐειαν,
3087 2688 3180 2741 καὶ
3211 2690 3432 2760 μνήμην
3459 2690 3557 2761 τὴν
3589 2691 3714 2744 ἀτι-

2127 2778 2283 2850 μίαν·
2343 2779 2694 2850 μετανοοῦσιν
2747 2779 2982 2851 ἀνόνητα
3011 2821 3023 2840 ,
3084 2780 3358 2834 στένουσιν
3419 2781 3709 2853 ἄπρακτα.

2123 2871 2261 2933 Τοὺς
2293 2869 2349 2923 δὲ
2381 2869 2529 2942 παρὰ
2568 2870 2772 2924 τούτων
2803 2871 3150 2934 αἰκισθέντας
3192 2872 3462 2938 διεδέξατο
3515 2876 3712 2946 μνήμη

2122 2962 2389 3033 ἄληκτος,
2435 2964 2662 3034 ἀγήρως
2701 2963 2940 3027 ἔπαινος.
2975 2964 3055 3018 Τά
3087 2965 3196 3037 γὰρ
3244 2965 3557 3038 διηγήματα
3610 2971 3714 3021 καὶ

439 3057 584 3111 cnim
625 3072 802 3111 rerum
844 3065 1120 3126 gestarum
1165 3054 1536 3109 narrationem
1568 3065 1730 3126 atque
1765 3055 2018 3122 honores,

2124 3053 2222 3118 τὰς
2252 3054 2416 3127 τιμὰς
2437 3057 2485 3109 οί
2519 3055 2962 3128 μεθηλικέστεροι
2995 3059 3144 3129 παρὰ
3169 3058 3278 3113 τῶν
3316 3059 3716 3132 πρεσϐυτέρων

439 3157 598 3202 aetate
618 3146 862 3215 jnniores
886 3165 914 3201 a
950 3146 1256 3203 senioribus
1283 3147 1604 3217 suscipiunt,
1656 3163 1898 3218 avusque
1927 3163 2023 3202 ne-

440 3241 576 3308 poti,
615 3239 728 3294 sive
761 3241 925 3294 etiam
963 3249 1119 3307 pater
1144 3241 1274 3304 lilio,
1310 3256 1499 3295 eorum
1542 3241 1759 3294 tradunt
1788 3240 2018 3308 cultum,

441 3328 799 3382 immortalem
841 3329 1050 3382 laudent
1079 3328 1360 3382 clliciunt:
1399 3345 1464 3382 ac
1505 3344 1602 3382 ceu
1644 3328 2012 3383 inviolabilem

439 3417 731 3488 quamdam
789 3419 1193 3484 lnereditatem,
1229 3418 1391 3472 hasce
1441 3419 1640 3473 saeculo
1674 3417 2024 3473 celebritates

442 3526 538 3580 per
587 3509 959 3565 successiones
1005 3519 1353 3567 conservatas
1401 3509 1776 3564 transmittunt
1825 3526 1841 3564 :
1893 3509 2023 3578 qttitt

442 3621 556 3660 rem
584 3619 800 3675 quoque
826 3602 1012 3660 multis
1047 3603 1362 3658 ltmreditate
1389 3603 1720 3658 chariorent.
1749 3599 1884 3656 Nam
1921 3603 2024 3657 ha:-

445 3696 690 3751 reditatis
714 3694 876 3762 bona,
907 3694 988 3750 vel
1020 3695 1107 3750 fur
1145 3693 1448 3761 abstulerit,
1483 3694 1562 3749 vel
1591 3693 1762 3749 hostis
1800 3709 2028 3763 accepe-

443 3789 513 3842 rit
537 3788 691 3858 spolii
719 3788 837 3842 loco
856 3829 870 3854 ,
901 3786 983 3841 vel
1025 3801 1205 3842 rerum
1237 3789 1502 3842 adversus
1529 3801 1694 3842 casus
1718 3801 2024 3841 evacuaveo-

444 3883 548 3936 rit:
595 3880 833 3934 virorum
884 3889 1064 3934 autem
1117 3891 1430 3934 sanctorum
1483 3880 1762 3934 memoria:
1817 3879 2013 3935 restant

443 3974 638 4039 lucent,
667 3971 840 4027 nullus
871 3973 1133 4027 exciderit
1156 3989 1352 4038 annus,
1409 3973 1653 4042 qttandiu
1683 3972 1812 4026 anni
1839 3981 2022 4041 erunt,

443 4079 507 4118 ac
528 4073 710 4118 curret
732 4071 942 4132 tempus
957 4101 973 4125 ,
1008 4062 1316 4132 cmlumqne
1344 4062 1561 4117 habebit
1579 4063 1772 4127 solem,
1794 4077 1858 4117 ac
1881 4072 2024 4118 terra

443 4164 626 4224 pascet
671 4169 801 4210 suas
843 4154 1186 4219 animantes,
1237 4169 1496 4223 mareque
1550 4155 1675 4206 item
1728 4153 2021 4224 proprias:

442 4247 723 4318 qttinimo,
753 4257 810 4302 ut
843 4246 1025 4302 verius
1061 4246 1263 4311 dicam,
1309 4246 1392 4300 his
1426 4259 1644 4315 quoque
1675 4247 2019 4300 cessantibus

443 4339 753 4402 elementis,
783 4338 998 4393 tametsi
1051 4345 1242 4408 putent
1279 4337 1442 4405 aliqui
1469 4377 1483 4400 ,
1526 4351 1800 4406 nunquam
1843 4346 2023 4391 tamen

2127 3149 2532 3221 ὑποδεχόμενοι,
2568 3152 2662 3206 καὶ
2707 3153 2929 3217 πάππος
2977 3154 3221 3225 ὲγγόνῳ,
3253 3155 3286 3227 ἢ
3337 3155 3518 3228 πατὴρ
3552 3157 3716 3212 παιδὶ

2127 3241 2513 3315 παραδιδόντες
2558 3243 2657 3314 τὴν
2704 3245 2783 3308 είς
2827 3245 3024 3308 αὐτοὺς
3073 3243 3394 3318 θεραπείαν,
3439 3248 3718 3303 ἀθάνατον

2128 3333 2340 3387 ποιοῦσι
2391 3333 2482 3386 τὸν
2525 3333 2763 3388 ἔπαινον·
2816 3335 2910 3389 καὶ
2950 3335 3140 3408 ὥσπερ
3185 3336 3309 3391 τινὰ
3341 3337 3716 3410 κληρονομίαν

2127 3425 2323 3480 ἄσυλον
2367 3424 2465 3490 τὰς
2492 3425 2685 3498 ἑορτὰς
2704 3426 2906 3492 ταύτας
2931 3429 2988 3482 ὲν
3020 3427 3295 3499 διαδοχαῖς
3326 3429 3487 3495 σώζει
3516 3432 3544 3484 ὁ
3574 3429 3715 3500 βίος,

2126 3519 2159 3590 ἢ
2221 3519 2419 3590 μᾶλλον
2471 3519 2565 3572 καὶ
2617 3518 2986 3591 κληρονομίας
3032 3520 3361 3592 τιμιώτατον
3395 3521 3440 3554 ⁸ο
3495 3521 3714 3594 χρῆμα.

2128 3610 2514 3683 κληρονομίας
2547 3609 2646 3682 μὲν
2671 3611 2782 3682 γὰρ
2814 3612 2883 3666 τὰ
2937 3612 3096 3676 καλὰ,
3132 3611 3164 3683 ἧ
3195 3611 3398 3685 λῃστής
3435 3614 3714 3683 ἀφείλετο,

2127 3703 2160 3774 ἦ
2195 3703 2448 3774 πολέμιος
2485 3703 2727 3775 λάφυρον
2757 3703 2949 3758 ἔλαϐεν
2971 3743 2986 3767 ,
3019 3705 3051 3775 ἦ
3090 3705 3418 3775 περίστασις
3452 3707 3718 3776 πραγμά-

2127 3809 2234 3846 των
2273 3792 2539 3848 ἐκένωσεν
2558 3810 2572 3825 ·
2609 3795 2780 3864 ἁγίων
2805 3794 2862 3849 δὲ
2887 3793 3097 3866 ἀνδρῶν
3123 3795 3323 3868 ἑορτήν
3350 3795 3525 3861 οὐδεὶς
3553 3798 3718 3851 ὲκκό-

2127 3883 2216 3954 ψει
2243 3883 2522 3948 ἐνιαυτὸς,
2570 3884 2763 3956 μέχρις
2805 3883 2868 3938 ἂν
2901 3880 3034 3938 ὦσιν
3087 3884 3357 3948 ἐνιαυτοὶ,
3393 3885 3484 3939 καὶ
3521 3886 3722 3957 χρόνος

2127 3975 2345 4046 τρέχει,
2373 3975 2602 4048 οὐρανὸς
2634 3976 2733 4050 ἔχῃ
2761 3977 2850 4031 τὸν
2869 3977 3040 4049 ἥλιον,
3073 3978 3168 4031 καὶ
3196 3978 3267 4049 γῆ
3295 3977 3477 4049 βόσκει
3503 3979 3572 4032 τὰ
3598 3979 3713 4032 ίδια

2130 4065 2264 4131 ζῶα,
2301 4068 2395 4122 καὶ
2423 4067 2668 4123 θάλασσα
2695 4068 2766 4122 τὰ
2794 4067 3070 4141 ἐξαίρετα.
3107 4069 3180 4123 Τὸ
3207 4069 3264 4122 δὲ
3289 4069 3486 4142 ἀληθὲς
3515 4073 3719 4134 εἰπεῖν,

2129 4159 2222 4212 καὶ
2265 4158 2375 4212 τῶν
2417 4159 2698 4230 στοιχείων
2748 4161 3124 4232 παυσαμένων
3175 4161 3401 4227 τούτων,
3455 4163 3557 4217 κᾶν
3604 4181 3722 4218 τισι

2128 4248 2293 4314 δοκεῖ,
2326 4251 2623 4323 μαρτύρων
2676 4251 2772 4306 καὶ
2817 4252 3051 4308 δικαίων.
3074 4253 3134 4308 οὐ
3170 4253 3530 4326 σϐεσθήσεται
3560 4255 3721 4322 δόξα,

2131 4340 2251 4394 οὐδὲ
2279 4341 2672 4414 συναποθνήξει
2704 4344 2770 4414 τῇ
2803 4342 3137 4414 δημιουργίᾳ
3175 4343 3245 4397 τὰ
3283 4345 3402 4397 κατ’
3429 4343 3681 4408 ἐκείνους
3706 4363 3719 4376 ·

445 4440 740 4502 martyrum
793 4444 856 4483 ac
897 4429 1170 4498 iustorum
1225 4427 1396 4495 gloria
1461 4429 1859 4496 exstinguetur,
1928 4444 2019 4483 nec

2131 4431 2266 4486 ἀλλά
2289 4433 2410 4487 τότε
2451 4435 2545 4488 καὶ
2581 4433 2782 4506 μᾶλλον
2813 4434 3164 4507 ἀνθήσουσιν,
3198 4435 3334 4507 πρὸς
3371 4435 3466 4507 τὴν
3503 4435 3728 4508 ἀψθαρ·

443 4539 568 4576 ιοιιιιι
613 4531 796 4578 creato
832 4521 1033 4575 tttundo
1075 4522 1272 4577 visibili
1305 4523 1624 4588 morientur,
1667 4538 1789 4593 qua:
1832 4537 2021 4577 eorum

2129 4541 2220 4577 τον
2253 4523 2398 4596 ζωὴν
2433 4525 2942 4598 μετακοσμηθείσης
2971 4527 3068 4598 τῆς
3096 4525 3536 4599 ἀνθρωπότητος.

442 4618 676 4674 eelchris
707 4619 982 4673 memoria:
1003 4625 1169 4684 sunt;
1204 4618 1332 4688 quin
1361 4629 1416 4674 et
1442 4617 1630 4688 majori
1674 4630 1806 4674 tunc
1862 4619 2057 4674 decore
2107 4618 2410 4687 ﬂorebunt,
2467 4633 2822 4680 transmutata
2870 4623 2922 4677 itt
2983 4624 3147 4678 vitam
3201 4625 3564 4694 incorruptam
3619 4626 3727 4680 htt-

447 4730 608 4769 mana
637 4722 850 4770 natura.

518 4809 670 4865 Licet
701 4815 880 4863 autent
913 4807 1206 4865 incredulis
1229 4848 1246 4875 ,
1285 4823 1349 4865 ac
1397 4809 1461 4866 iis
1489 4810 1579 4882 qui
1611 4811 1678 4866 de
1706 4813 1887 4867 futura
1928 4826 2025 4882 spe

446 4911 632 4958 nostra
661 4901 961 4972 ambigunt,
987 4915 1053 4954 ex
1087 4901 1152 4956 iis
1177 4917 1295 4971 qua:
1317 4917 1431 4958 aevo
1462 4902 1564 4958 hoc
1593 4914 1847 4975 aguntur,
1876 4915 2024 4960 certa

447 4998 600 5050 bona:
639 5003 836 5048 nostra:
875 4993 1293 5062 exspectationis
1325 4994 1573 5065 accipere
1597 4999 1844 5067 pignora.
1881 4997 2022 5052 Ecce

443 5087 590 5140 enim
640 5099 736 5154 per
779 5086 1092 5141 universum
1151 5086 1336 5140 orbem
1392 5088 1646 5156 impletus
1687 5099 1770 5144 est
1822 5089 2026 5144 Christi

445 5179 772 5234 athletarum
805 5179 1076 5246 circulus,
1131 5195 1228 5234 nec
1274 5189 1358 5233 est
1400 5179 1550 5234 locus
1588 5181 1747 5248 ullus,
1784 5197 1891 5251 quo
1924 5197 2032 5235 non

444 5287 632 5326 corum
662 5273 919 5328 memoria
945 5274 1246 5335 habeatur;
1275 5273 1511 5342 annique
1540 5284 1782 5342 tempora
1813 5273 2029 5339 omnia,

447 5373 610 5417 terrae
633 5363 792 5417 donis
819 5380 884 5418 ac
933 5364 1176 5436 frugibus
1225 5370 1432 5438 potiora
1469 5365 1707 5437 pugilum
1741 5374 1914 5435 gesta,
1944 5381 2033 5419 ce-

450 5454 740 5510 lebraturis
775 5472 839 5508 ac
891 5456 1024 5511 festa
1076 5462 1366 5530 agentibus
1398 5459 1706 5516 conferunt.
1762 5459 2028 5525 Quocirca

453 5555 512 5602 ttt
560 5546 757 5614 aliquis
796 5547 1016 5603 sedulus
1068 5565 1212 5608 esset
1263 5566 1559 5626 martyrum
1591 5568 1818 5618 amans,
1873 5560 2034 5622 atquc

522 5727 568 5762 ⁸ο
605 5728 676 5783 ι’σ.
709 5728 1056 5802 τιμιώτερον.

2216 4812 2463 4876 Ἔξεστιν
2484 4807 2541 4860 δὲ
2566 4809 2677 4870 τοῖς
2707 4805 2975 4872 ἀπίστοις,
3010 4803 3106 4858 καὶ
3137 4821 3200 4857 πε
3209 4805 3264 4877 ρὶ
3292 4805 3392 4876 τῆς
3415 4803 3728 4876 μελλούσης

2135 4901 2348 4963 ἐλπίδος
2389 4898 2544 4970 ἡμῶν
2575 4896 3032 4968 ἀμφιϐάλλουσιν,
3079 4897 3188 4950 ἀπὸ
3221 4897 3330 4950 τῶν
3365 4898 3422 4948 ἐν
3455 4895 3593 4966 τῷδε
3645 4897 3730 4966 τῷ

2138 4995 2237 5065 βίῳ
2285 4990 2696 5065 πραττομένων,
2741 4987 2842 5059 τῆς
2899 4987 3113 5060 ἀγαθῆς
3173 4989 3502 5062 προσδοκίας
3558 4989 3728 5059 ήμῶι

2135 5086 2327 5141 λαϐεῖν
2373 5082 2566 5154 βέϐαια
2609 5081 2678 5134 τὰ
2707 5081 2961 5152 ἐνέχυρα.
3025 5082 3155 5136 Ἰδοὺ
3204 5082 3313 5153 γὰρ
3361 5080 3728 5154 πεπλήρωται

2133 5177 2285 5250 παρὰ
2313 5176 2414 5246 τῆς
2446 5173 2770 5246 οἰκουμένης
2797 5174 2996 5238 κύκλος
3021 5175 3127 5228 τῶν
3174 5173 3421 5244 ἀθλητῶν
3446 5172 3540 5226 τοῦ
3579 5173 3724 5246 Χρι-

2135 5270 2286 5336 στοῦ,
2323 5269 2419 5323 καί
2448 5269 2555 5331 πᾶς
2592 5268 2760 5331 τόπος
2801 5266 2912 5337 ἔχει
2958 5266 3066 5320 τῶν
3106 5266 3276 5335 ἁγίων
3305 5267 3404 5338 τὴν
3457 5267 3686 5337 μνήμην
3713 5286 3746 5303 ·ν

2136 5365 2336 5426 πάντες
2366 5361 2422 5414 δὲ
2459 5358 2637 5430 καιροὶ
2670 5359 2954 5430 κρείττονα
2980 5357 3085 5412 τῶν
3117 5357 3225 5410 ἀπὸ
3261 5357 3364 5428 γῆς
3393 5355 3585 5428 δώρων
3629 5359 3723 5411 καὶ

2135 5453 2552 5526 βλαστημάτων,
2604 5449 2673 5503 τὰ
2710 5451 2818 5504 τῶν
2864 5448 3182 5518 ἀγωνιστῶν
3228 5453 3341 5513 τοῖς
3393 5448 3720 5520 ἑορτάζουσι

2111 5548 2450 5622 »χαρίζονται
2489 5545 2824 5618 διηγήματα.
2870 5543 2957 5607 Ὠς
2993 5543 3044 5596 εί
3073 5558 3157 5602 τις
3185 5536 3253 5612 ἦν
3285 5540 3573 5606 σπουδαῖος
3603 5539 3714 5596 τῶν
