4048 6194
197 285 278 339 ιιι
1265 274 1546 334 ιιολιιιιιλ
1575 273 1646 329 Χ.
1675 273 1738 328 IN
1777 273 1880 330 SS.
1919 273 2326 332 MARTYRES.

3363 277 3466 334 522

195 394 481 468 μαρτύρων
523 389 709 462 φίλος,
763 388 920 442 ἔθετο
943 389 1000 443 δὲ
1039 387 1300 462 φροντίδα
1336 390 1448 452 τοῖς
1489 386 1598 440 τῶν
1637 386 1775 439 ὅλων

1900 385 2120 438 nnnium
2155 383 2515 455 passionibus,
2561 382 2682 437 ἶριδεί
2716 382 2874 440 vellet
2915 383 3235 441 celebritate
3269 387 3467 457 litare,

194 484 592 558 πανηγυρίζειν
625 479 874 537 πάθεσιν.
913 480 1013 532 οὐκ
1039 479 1111 533 ’ἂν
1140 478 1352 550 ἡμέραν
1376 476 1650 550 παρῆλθεν
1681 475 1774 529 τοῦ

190 577 440 634 ἐνιαυτοῦ
471 576 742 646 ἀνέορτον.
791 574 971 626 Πᾶσαι
999 572 1106 643 γὰρ
1153 572 1334 642 ἔχουσι
1369 571 1655 642 κρείττονα
1681 568 1774 622 τοῦ

189 670 424 742 ἡλιακοῦ
466 668 661 723 κύκλου
702 667 927 736 κόσμον,
959 665 1026 720 τά
1064 665 1173 718 τῶν
1209 664 1472 733 γενναίων
1502 663 1776 734 ἀνδραγα-

193 765 442 835 θήματα.
487 758 698 828 Ἐπειδὴ
729 757 840 828 γὰρ
865 760 894 811 ὁ
924 761 1035 820 τοῖς
1062 757 1246 820 καλοῖς
1298 754 1774 825 ἀντιτεταγμένος,

198 850 434 923 σφοδρδν
476 848 603 919 προς
631 847 692 899 τὸ
730 847 1032 918 μυστήριον
1066 843 1406 916 Χριστιανῶν
1451 843 1774 914 ἐπηρίσατο,

203 945 414 1006 πάντας
457 941 508 994 δὲ
555 940 780 993 πάσσων
826 941 893 1009 τῇ
929 938 1096 1002 κόνει,
1133 940 1243 1001 τοῖς
1292 936 1440 999 ίδίοις
1469 937 1776 1007 φρονήμασι

204 1035 460 1108 χωννύειν
514 1031 871 1094 ἐσπούδαζεν.
933 1030 1026 1084 καὶ
1082 1030 1259 1101 μάτην
1312 1027 1620 1097 ἐνασχολεῖν
1667 1031 1778 1092 τοῖς

210 1124 589 1198 ἐπιτηδεύμασι
622 1123 717 1176 τοῦ
766 1121 940 1192 πηλοῦ
963 1137 976 1151 ο
1015 1121 1256 1192 ἀρίστων
1279 1117 1488 1190 ἀνδρῶν
1522 1117 1725 1189 πλῆθος
1753 1121 1780 1172 ὁ

212 1221 338 1284 Θεὸς
363 1217 579 1285 ἀλείψας
610 1218 723 1278 τοῖς
754 1213 1204 1286 παραγγέλμασι,
1233 1213 1328 1264 καὶ⁸
1356 1211 1779 1283 παιδοτριϐήσας

208 1312 338 1381 πρὸς
367 1309 661 1380 καρτερίαν
705 1309 801 1360 καὶ
833 1307 1083 1378 δύναμιν,
1115 1304 1442 1381 ἁντέστησεν
1470 1303 1547 1375 τῷ
1575 1305 1783 1358 ἀναιδεῖ

203 1380 291 1458 καὶ
334 1401 609 1471 ἐπιϐούλῳ
660 1400 762 1469 τῆς
806 1380 1240 1471 ἁνθρωπὸτητος.
1297 1391 1456 1450 Οὗτοι
1496 1395 1552 1449 δέ
1595 1396 1779 1451 καινὸν

202 1491 553 1562 ἠγωνίσαντο,
587 1490 681 1544 καὶ
719 1490 782 1542 οὐ
826 1489 917 1542 τὸν
948 1488 1150 1561 συνήθη
1185 1487 1392 1556 ἀγῶνα.
1434 1487 1508 1541 Οὐ
1549 1485 1655 1560 γὰρ
1687 1487 1779 1541 τύ-

198 1601 418 1648 πτοντες
463 1584 500 1654 ἢ
541 1581 847 1655 ρηγνύντες
891 1582 1200 1654 ἐκράτησαν
1226 1594 1242 1609 ·
1296 1577 1434 1634 ἀλλὰ
1480 1578 1783 1650 πάσχοντες

199 1677 529 1748 ἠρίστευσαν
564 1676 663 1729 καὶ
699 1674 1050 1747 σφαζόμενοι.

269 1853 380 1907 Καὶ
413 1853 593 1913 ποῖον,
629 1851 776 1923 ἐρεῖς
798 1851 831 1915 ,’
856 1850 885 1903 ὁ
918 1850 1226 1922 ἀκροατὴς,
1265 1851 1466 1923 κράτος
1509 1849 1784 1922 πολέμους

203 1947 280 2009 τίς
315 1945 372 1998 δὲ
404 1942 762 2014 εὐδοκίμησις
789 1939 926 2012 αῦτη
952 1982 966 2007 ,
1017 1942 1076 1996 τὸ
1122 1942 1526 2015 στρεϐλωθῆναι
1554 1942 1651 1996 καὶ
1681 1959 1787 2014 μα-

209 2036 510 2109 στιχθῆναι,
541 2036 636 2088 καὶ
669 2033 807 2106 πρός
837 2051 900 2102 γε
934 2033 1022 2087 διὰ
1073 2034 1277 2106 πυρὸς,
1313 2035 1346 2106 ἢ
1383 2035 1591 2105 ξίφους,
1624 2034 1657 2105 ἢ
1687 2053 1788 2088 κα-

211 2127 420 2192 κώσεως
462 2123 861 2197 δεσμωτηρίων
907 2123 1216 2180 καταλῦσαι
1266 2125 1356 2178 τὸν
1411 2123 1567 2195 βίον;
1628 2124 1789 2178 Ἀλλὰ

214 2222 380 2292 μάθε,
428 2219 509 2282 ὡς
558 2219 610 2272 οῖ
653 2217 795 2289 ὑπὲρ
839 2215 1118 2280 εὐσεϐείας
1169 2216 1419 2288 πόλεμοι,
1461 2215 1788 2271 ἀπεναντίον

213 2307 595 2383 κατορθοῦνται
628 2306 738 2360 τῶν
767 2305 964 2360 ἄλλων.
996 2308 1056 2359 Οἱ
1087 2306 1183 2377 μὲν
1209 2307 1319 2377 γὰρ
1346 2307 1404 2358 ἐν
1432 2304 1510 2375 τῷ
1533 2303 1790 2375 φονεῦσαι

211 2398 303 2466 τὴν
329 2395 612 2467 ἀριστείαν
647 2394 831 2465 έχουσι
856 2411 870 2423 ο
905 2395 954 2447 οἱ
985 2393 1060 2456 δὲ,
1099 2394 1186 2447 διά
1221 2394 1315 2448 τοῦ
1351 2394 1542 2448 παθεῖν
1568 2395 1661 2449 καὶ
1695 2413 1791 2448 πε-

213 2489 318 2540 σεῖν
347 2484 700 2556 ἐνεργοῦνται
749 2484 855 2556 τὴν
903 2485 1080 2556 νίκην.
1136 2485 1424 2558 Παρρησία
1469 2485 1527 2538 δὲ
1567 2485 1791 2540 δικαίων

212 2579 410 2633 ἑκτελεῖ
441 2580 541 2643 τὰς
568 2578 712 2650 ὑπὲρ
739 2576 832 2630 τοῦ
867 2577 1072 2647 κόσμου
1109 2576 1406 2648 πρεσϐείας
1429 2595 1442 2609 ·
1471 2577 1568 2632 καὶ
1602 2577 1791 2632 ἔλαθεν

212 2672 238 2722 ὁ
286 2669 478 2741 ἐχθρὸς
539 2670 655 2731 τοῖς
716 2666 979 2731 ἐναντίοις
1046 2665 1376 2738 περιπεσὼν,
1427 2666 1461 2737 ἢ
1517 2665 1788 2722 ἐϐούλετο.

216 2765 404 2826 Ὀσους
434 2761 545 2832 γὰρ
577 2758 811 2830 ἔσφαξεν
849 2760 1306 2831 μαρτυρήσαντας
1329 2799 1342 2819 ,
1373 2756 1664 2822 τοσούτους
1698 2759 1793 2812 ἀν-

217 2854 438 2927 θμίιπων
483 2852 717 2926 βοηθοὺς
765 2849 1198 2922 παρεσκεύασεν.
1250 2849 1361 2903 Καὶ
1401 2849 1493 2902 ἐπὶ
1528 2849 1710 2922 πάσης
1736 2849 1792 2903 δὲ

217 2945 456 3017 πράξεως
484 2945 646 2998 τοῦτο
676 2943 902 3015 πάσχων
940 2942 1252 3016 εὑρίσκεται
1275 2961 1288 2973 ο
1323 2942 1445 2996 ὅθεν
1481 2943 1795 3015 ἐμποδίζειν

218 3039 374 3090 οῖεται
421 3037 524 3106 τὴν
576 3033 882 3100 εὐσέϐειαν,
933 3031 1333 3098 κατασκευάζει
1376 3033 1473 3104 τῆς
1511 3033 1791 3098 εὐσεϐείας

1891 494 1958 530 ne
1991 477 2133 531 diem
2186 476 2402 544 quidem
2452 477 2502 529 in
2554 491 2697 530 anno
2742 490 2847 529 non
2900 476 3099 532 festum
3142 480 3467 548 prmteriret.

1896 568 2142 624 Universi
2174 567 2375 624 etenim
2405 568 2565 622 solari
2601 569 2715 639 ipso
2737 568 2896 638 globo
2927 568 3279 626 illustriorem
3309 590 3469 628 num-

1889 661 2020 714 dum
2045 699 2061 724 ,
2093 659 2352 729 prmclara
2400 670 2749 713 strenuorum
2804 659 3042 713 vit-orum
3083 659 3348 717 facinora'
3374 666 3475 720 ha-

1886 752 2035 806 bent.
2061 750 2197 818 Quia
2218 753 2360 805 enim
2395 749 2460 813 is,
2488 751 2578 819 qui
2611 750 2764 805 bonis
2786 753 3128 819 adversatur,
3153 755 3204 808 vi
3235 758 3471 812 tttaxima

1889 843 2318 898 Christianorum
2373 842 2698 896 moliebatur
2741 845 3076 913 pessundare
3126 847 3476 916 mysterium,

1888 934 2280 1004 universosque
2328 933 2627 988 furfuribus
2675 949 3011 1005 aspergens,
3045 938 3220 1006 sensis_
3251 940 3364 994 suis
3409 957 3476 995 ac

1889 1025 2174 1082 affectibus
2224 1028 2455 1082 obruere
2485 1027 2777 1092 nitebatur,
2833 1043 2896 1084 ac
2939 1043 3095 1084 casso
3133 1030 3336 1099 labore,
3371 1032 3466 1088 luti

1887 1117 2144 1187 Operibns
2173 1133 2476 1190 occupare;
2519 1128 2866 1173 strennorum
2917 1119 3062 1176 Deus
3097 1122 3335 1178 virorum
3380 1140 3475 1179 co-

1890 1205 2032 1274 piam
2087 1207 2306 1262 monitis
2357 1207 2672 1274 instruens,
2707 1217 2870 1278 atque
2904 1210 2970 1264 ad
3019 1211 3354 1268 tolerandum
3409 1231 3478 1270 ac

1892 1296 2114 1351 virtutis
2135 1298 2402 1353 edendum
2420 1301 2694 1368 specimen
2714 1340 2729 1363 ,
2761 1300 3016 1356 erudiens
3043 1302 3471 1374 infortnansque,

1892 1388 2184 1458 impudenti
2206 1391 2303 1455 illi,
2330 1406 2393 1446 ac
2422 1392 2632 1447 insidiis
2658 1393 2949 1448 humanum
2984 1396 3254 1466 appetenti
3283 1411 3475 1466 genus,

1890 1481 2111 1551 ohjecit.
2176 1481 2239 1536 Hi
2273 1497 2402 1539 vero
2453 1498 2652 1538 novum
2688 1486 3054 1551 desudarunt,
3092 1503 3156 1542 ac
3187 1489 3319 1543 nihil
3350 1505 3478 1546 con-

1893 1582 2108 1628 suetum
2174 1585 2472 1630 certamen.
2505 1574 2615 1630 Nec
2645 1577 2789 1630 enim
2815 1578 3072 1632 caedendo
3097 1594 3161 1634 ac
3187 1579 3332 1635 acies
3363 1597 3478 1652 per-

1891 1661 2177 1734 fringendo
2209 1666 2442 1720 victores
2483 1667 2856 1735 exstiterunt,
2894 1670 2989 1725 scd
3023 1672 3275 1740 patiendo
3313 1680 3478 1743 atque

1815 1761 1859 1818 Β
1888 1754 2053 1809 occisi
2090 1765 2310 1824 strenue
2343 1757 2670 1812 habuerunt.

1961 1845 2145 1914 Qualis
2168 1863 2318 1913 vero,
2350 1848 2580 1920 inquies,
2617 1849 2848 1916 auditor,
2880 1851 3004 1908 belli
3023 1853 3283 1908 victoria?
3307 1854 3480 1922 Quod-

1891 1951 2019 1992 nam
2049 1945 2225 1994 autem
2278 1955 2446 2010 genus
2478 1941 2606 1997 illud
2657 1945 2932 2010 facinoris,
2962 1956 3016 1998 ut
3049 1947 3331 2000 tormentis
3357 1947 3480 2016 quis

1892 2042 1957 2081 ae
1983 2028 2299 2083 verberibus
2345 2028 2699 2098 subjiciatur;
2739 2035 2805 2086 ad
2854 2033 2968 2087 haec
3001 2041 3208 2096 autem,
3241 2041 3298 2087 ut
3329 2033 3476 2102 igni,

1891 2117 1974 2170 vel
2001 2117 2201 2189 gladio,
2235 2130 2329 2174 aut
2393 2122 2630 2176 carceris
2673 2125 3036 2179 maceratione
3078 2125 3228 2178 finiat
3262 2125 3473 2181 vitam?

1893 2206 2090 2263 Verum
2120 2211 2357 2274 noveris,
2395 2227 2516 2282 quae
2548 2212 2685 2267 bella
2724 2215 3050 2285 suscipimus
3074 2216 3290 2286 pietatis
3313 2232 3464 2288 ergo,

1893 2315 2053 2357 secus
2090 2302 2202 2371 geri
2236 2313 2399 2372 atque
2451 2304 2577 2359 alia.
2613 2303 2744 2360 Nam
2798 2305 2901 2360 alia
2938 2307 3154 2375 quidem
3198 2307 3374 2374 bella,
3415 2310 3472 2366 in

1892 2395 2130 2448 cmdibus
2179 2410 2240 2447 ae
2289 2404 2470 2465 strage
2508 2398 2779 2460 hostium,
2825 2397 3153 2453 fortitudinis
3195 2401 3476 2470 specimen

1895 2487 2134 2552 habent;
2173 2485 2288 2539 lucc
2317 2497 2498 2540 autem
2570 2488 2896 2542 certantium
2931 2490 3180 2558 passione
3213 2507 3276 2544 ac
3309 2502 3482 2546 morte

1895 2577 2174 2631 victoriam
2205 2577 2442 2646 pariunt.
2477 2577 2646 2632 Porro
2675 2577 2849 2634 sancti
2875 2619 2890 2640 ,
2919 2593 3016 2647 pro
3047 2594 3108 2634 ea
3136 2596 3241 2649 qua
3273 2581 3475 2650 pollent

1901 2669 2121 2738 fiducia,
2159 2671 2340 2726 mundi
2379 2671 2768 2726 intercessores
2798 2671 3090 2740 exsistunt,
3124 2673 3482 2744 nesciensquo

1897 2762 2070 2817 hostis
2097 2803 2112 2828 ,
2146 2763 2196 2816 in
2229 2777 2416 2817 eorum
2445 2778 2566 2833 qua:
2607 2763 2842 2818 habebat
2869 2765 3164 2834 proposita,
3197 2767 3476 2821 contraria

1898 2852 2103 2907 incidit.
2138 2853 2278 2921 Quot
2313 2854 2455 2908 enim
2489 2853 2754 2926 martyrio
2782 2854 3099 2917 perfunctos
3134 2855 3372 2921 occidit,
3404 2864 3483 2911 to:

1899 2946 2177 3000 hominum
2232 2945 2509 3015 adjutores
2553 2944 2702 3001 fecit.
2758 2941 3082 3016 Videasque,
3124 2945 3176 2999 in
3227 2946 3480 3000 omulhus

1898 3053 2017 3107 qure
2045 3038 2382 3108 designavit,
2417 3037 2517 3092 hoc
2551 3037 2724 3108 ipsum
2764 3052 2981 3107 passum
3023 3053 3162 3093 esse.
3204 3037 3356 3094 Unde
3382 3053 3482 3106 pu.

337 3127 588 3198 αὔξησιν.
628 3125 718 3197 Τῷ
753 3125 863 3197 γὰρ
899 3124 1068 3197 μωρῷ
1096 3126 1193 3179 καλ⁵
1221 3124 1436 3196 ἄφρονι,
1466 3125 1544 3188 είς
1571 3125 1791 3179 τούναν-

1900 3139 1976 3182 tat
2025 3128 2210 3197 pietati
2253 3141 2311 3182 se
2350 3126 2792 3196 impedimentum
2819 3126 3148 3188 allaturum;
3219 3127 3344 3182 inde
3391 3142 3489 3182 au-

216 3219 318 3274 τίον
364 3223 393 3274 ὁ
439 3219 609 3290 σοφὸς
653 3219 786 3283 Θεὸς
830 3219 1140 3292 περιίστησι
1186 3218 1256 3272 τὰ
1287 3218 1649 3290 βουλεύματα.
1683 3219 1795 3272 Καὶ⁸

214 3309 362 3365 τοῦτο
406 3314 522 3374 τοῖς
576 3309 897 3382 πράγμασιν
927 3308 1158 3362 ἑκάστου
1206 3309 1402 3381 καιροῦ
1443 3309 1789 3381 παρακολου-

218 3403 426 3470 θοῦντες
459 3404 812 3475 εὑρίσκομεν,
852 3403 951 3474 τὴν
980 3402 1194 3456 ἔκθεσιν
1221 3402 1316 3456 τοῦ
1355 3402 1656 3468 Μωῦσέως,
1693 3402 1795 3475 τὴν

217 3496 411 3565 πρᾶσιν
435 3496 534 3550 τοῦ
574 3497 794 3568 Ἰωσήφ.
842 3495 1017 3560 Εὐθὺς
1041 3495 1098 3550 ἐν
1130 3495 1270 3568 ἀρχῇ
1299 3495 1390 3549 τὸν
1419 3494 1673 3567 δεύτερον
1697 3495 1793 3550 άν-

217 3587 425 3660 θρωπον
484 3588 578 3642 τὸν
656 3587 824 3641 Ἀϐελ
875 3588 1188 3658 ἐφόνευσεν,
1246 3587 1336 3641 ἵνα
1390 3587 1500 3641 τῶν
1556 3585 1796 3640 εὐσεϐῶν

217 3676 418 3748 ἐκκόψῃ
450 3675 515 3729 τὸ
539 3676 782 3748 σπέρμα,
819 3677 914 3730 καί⁷
937 3662 1248 3748 τοῦμπαλιν
1280 3675 1525 3746 ¹ἐγένετο.
1568 3678 1796 3732 Ἔκτοτε

216 3767 322 3839 γάρ
343 3768 659 3842 ἀνδροφόνοι
685 3769 968 3839 μισοῦνται
1003 3768 1270 3841 σφοδρῶς,
1301 3767 1359 3834 ἐξ
1389 3761 1451 3823 οὗ
1475 3769 1616 3824 Κάῐν
1647 3769 1798 3844 παρὰ

216 3858 308 3911 τοῦ
337 3858 472 3912 Θεοῦ
501 3858 811 3930 κατηράθη.
844 3858 919 3911 Τὸ
951 3857 1046 3911 τοῦ
1080 3856 1342 3930 Χριστοῦ,
1370 3857 1453 3910 ὅτι
1491 3858 1797 3928 ἐνήργησεν

224 3951 301 4014 εἰς
341 3937 632 4015 Ἰουδαίους
680 3953 708 4004 ὁ
747 3951 1025 4016 Σατανᾶς,
1061 3949 1147 4004 ῖνα
1180 3947 1569 4021 σταυρώσωσιν
1613 3947 1796 4004 αὐτόν.

221 4043 291 4096 Τὸ
317 4044 445 4098 αὐτὸ
486 4044 552 4116 δὴ
582 4045 679 4098 καὶ
720 4041 813 4097 ἐπὶ
849 4047 963 4106 τοῖς
994 4043 1231 4114 μάρτυσι
1267 4040 1559 4105 πέπονθεν,
1591 4034 1667 4095 ὧν
1699 4057 1800 4096 κα·

223 4137 545 4208 ταφρονοῦσι
573 4136 760 4190 πολλοὶ
782 4135 1041 4199 ὐπουδίας
1064 4137 1248 4200 άνείας
1272 4136 1338 4200 ⁸¹,
1371 4132 1797 4201 ἐξευτελίζοντες

223 4226 397 4281 αὐτῶν
431 4227 494 4282 τὸ
530 4226 775 4298 ἀξίωμα.
829 4227 943 4280 Οὐκ
989 4226 1276 4298 ἄνθρωπός
1317 4229 1496 4294 ἐστιν;
1527 4227 1629 4280 οὐκ
1676 4225 1799 4279 ἐδακ-

224 4321 430 4393 πανήθη
458 4320 520 4374 τὸ
547 4319 748 4390 σῶμα;
780 4321 881 4373 οὐκ
909 4321 967 4373 ἐν
993 4320 1198 4390 ὀλίγοις
1227 4319 1522 4392 λειψάνοις,
1551 4320 1645 4373 καὶ
1676 4318 1801 4373 τού-

1898 3231 2173 3293 ειιιοηιιιιιι
2228 3221 2414 3290 pietati
2492 3221 2733 3276 asciscit.
2782 3222 2874 3277 Dei
2932 3236 3164 3291 namque
3191 3220 3488 3290 sapientia,

1897 3314 2063 3370 Stulto
2094 3314 2168 3368 illi
2210 3330 2276 3368 ac
2319 3315 2510 3370 insano
2553 3315 2778 3371 consilia
2822 3314 2875 3369 in
2909 3314 3243 3370 contrarium
3278 3314 3442 3368 vertit
3468 3352 3486 3377 .

1899 3407 2061 3478 idque
2087 3407 2182 3474 ita,
2222 3407 2485 3478 cuiusque
2519 3408 2777 3478 temporis
2817 3421 2904 3463 res
2942 3416 3125 3479 gestas
3149 3404 3478 3468 recolentes.

1899 3499 2097 3556 habere
2153 3500 2498 3567 invenimus;
2561 3508 2737 3571 puta,
2797 3498 3004 3571 Moysis
3061 3497 3490 3568 “positionem.

1899 3591 2262 3647 venditionem
2291 3590 2534 3662 Josephi.
2570 3590 2768 3646 Statim
2800 3589 2854 3646 in
2887 3589 3154 3660 principio
3185 3589 3485 3646 secundum

1900 3681 2173 3737 hominem
2223 3681 2445 3735 Abelem
2477 3681 2675 3736 occidit
2698 3719 2714 3744 ,
2741 3695 2848 3752 quo
2881 3682 3095 3750 piorum
3141 3680 3491 3734 exscinderet

1900 3787 2121 3837 semen;
2153 3785 2310 3826 secus
2341 3781 2521 3826 autem
2568 3771 2769 3826 evenit.
2802 3770 2882 3823 Ab
2920 3785 2985 3825 eo
3030 3771 3173 3824 enim
3217 3777 3484 3839 tempore,

1899 3874 2008 3931 quo
2057 3859 2199 3913 Deus
2268 3858 2547 3913 maledixit
2603 3855 2776 3924 Cain,
2826 3857 2975 3927 gravi
3033 3857 3316 3911 homicidae
3366 3858 3491 3910 odio

1902 3953 2188 4009 habentur.
2221 3951 2311 4006 Sic
2343 3952 2396 4005 in
2449 3949 2690 4014 Christo,
2731 3963 2891 4018 quem
2933 3947 3164 4004 Satanas
3193 3948 3338 4002 cruci
3371 3947 3491 4003 alli-

1902 4045 2130 4117 gendum
2167 4044 2217 4098 in
2259 4041 2569 4098 Judaorum
2598 4043 2810 4096 animos
2859 4040 3104 4096 immisit.
3148 4041 3264 4097 Hoc
3307 4041 3494 4113 utique

1903 4136 2076 4207 ipsmn
2127 4133 2200 4189 illi
2251 4132 2305 4187 in
2357 4132 2686 4204 martyrihus
2738 4131 2954 4199 accidit,
3010 4147 3241 4202 quorum
3305 4132 3492 4203 plures

1903 4230 2289 4285 subterraneas
2325 4227 2619 4282 memorias
2671 4234 2967 4296 spernunt,
3000 4240 3186 4280 eorum
3217 4225 3494 4280 elevamus

1906 4338 1970 4378 ac
2009 4322 2096 4375 vili
2128 4323 2422 4392 pendentes
2454 4319 2792 4390 dignitatem.
2841 4317 3034 4373 Nonne
3057 4358 3074 4384 ,
3107 4317 3378 4387 inquiunt,
3405 4318 3495 4373 ille

224 4429 329 4476 τοις
371 4412 828 4484 ἐγκεχωσμὲνοις,
877 4411 1112 4484 αὐτῶνή
1169 4413 1393 4485 μνήμης
1451 4413 1704 4468 Μάλιστα
1737 4410 1791 4482 δὴ

1909 4415 2071 4470 Ιιοηιο
2119 4415 2242 4470 est?
2298 4429 2480 4469 nonne
2521 4426 2719 4482 corpus
2763 4409 3107 4481 absumptum
3145 4409 3272 4465 est?
3317 4423 3495 4465 nonne

223 4503 388 4557 ταῦτα
418 4504 686 4576 Ἕλληνες
734 4505 829 4557 καὶ
862 4504 1185 4575 Εὐνομιανοί
1230 4523 1393 4576 φασιν
1413 4523 1426 4538 ο
1471 4506 1715 4577 εἴπωμεν
1743 4503 1800 4557 δὲ

226 4598 354 4666 πρὸς
383 4598 752 4670 ἀμφοτέρους.

304 4777 490 4847 Ἡμεῖς
526 4777 814 4848 μάρτυρας
858 4777 919 4829 οὐ
969 4775 1404 4849 προσκυνοῦμεν,
1443 4773 1581 4829 άλλὰ
1625 4772 1802 4845 τιμῶ-

228 4884 347 4936 μεν,
389 4869 459 4932 ὡς
499 4869 762 4941 γνησίους
816 4869 1204 4941 προσκυνητὰς
1235 4867 1404 4922 Θεοῦο
1455 4868 1517 4921 οὐ
1570 4865 1804 4937 σέϐομεν

227 4958 538 5030 ἀνθρώπους
565 5000 580 5025 ,
620 4959 975 5031 θαυμάζομεν
1019 4961 1076 5016 δὲ
1131 4962 1257 5024 τοὺς
1291 4961 1350 5014 ἐν
1391 4958 1568 5033 καιρῷ
1601 4975 1806 5029 πειραο

228 5052 377 5121 σμῶν
391 5051 573 5116 καλῶς
598 5051 962 5116 σεϐασθέντας
990 5052 1128 5124 θεῷ.
1156 5052 1246 5106 Ἑν
1275 5051 1473 5125 θήκαις
1496 5051 1809 5122 φιλοκάλοις

225 5142 615 5214 ἁποτιθέμεθα,
646 5143 740 5197 καὶ
763 5143 948 5207 οἴκους
980 5145 1080 5216 τῆς
1103 5143 1462 5209 ἀναπαύσεως
1497 5144 1806 5217 ἐγείρομεν,

227 5237 340 5297 mi;
389 5239 764 5300 κατασκευαῖς
809 5237 1282 5309 μεγαλοπρεπεῖς,
1342 5237 1430 5292 ῖνα
1471 5232 1811 5309 ζηλὼσωμεν

234 5324 319 5388 ..ξς
361 5329 470 5380 τῶν
502 5327 686 5392 καλῶς
723 5327 1167 5399 τελευτησάντων
1208 5329 1374 5400 τιμάς
1398 5346 1412 5363 ·
1440 5329 1541 5383 οὐκ
1575 5328 1810 5400 ἄμισθον

227 5414 278 5468 re
311 5418 411 5489 τὴν
443 5420 524 5482 είς
554 5420 752 5484 αὐτοὺς
801 5421 1037 5492 σπουδὴν
1063 5421 1482 5492 ἐπιδεικνύμεθα
1503 5462 1517 5486 ,
1555 5421 1690 5476 ἀλλὰ
1711 5425 1810 5494 τῆς

229 5511 565 5581 ιροστασίας
636 5511 818 5566 αὐτῶν
866 5513 966 5584 τῆς
1039 5513 1176 5586 πρὸς
1245 5514 1376 5567 Θεὸν
1436 5513 1809 5588 ἀπολαύομεν.

306 5736 350 5764 ⁸⁸
387 5733 686 5801 ὐπονδαίας
702 5717 706 5720 ’
724 5737 933 5804 maia;

1912 4523 2103 4562 eorum
2133 4507 2395 4564 memoria
2419 4507 2472 4562 in
2503 4504 2748 4576 pauculis
2776 4504 3040 4574 reliquiis,
3071 4503 3246 4573 iisque
3272 4501 3497 4572 sepultis

1914 4601 2086 4670 posita
2113 4601 2238 4655 est?
2283 4598 2410 4656 llatc
2437 4599 2593 4669 plane
2623 4594 2852 4667 gentiles
2884 4593 3180 4664 objiciunt,
3210 4609 3274 4658 ac
3318 4593 3496 4649 Euno-

1915 4689 2082 4744 miani
2109 4705 2126 4755 ;
2168 4703 2264 4742 nos
2295 4703 2423 4743 vero
2452 4687 2520 4742 ad
2547 4696 2805 4756 utrosque
2833 4685 3097 4740 dicamus.

1987 4779 2096 4836 Nos
2148 4780 2372 4836 minime
2416 4779 2659 4852 gentium
2715 4777 3005 4832 adoramus
3049 4783 3347 4847 martyres,
3403 4774 3496 4830 sed

1916 4882 2172 4943 tanquam
2206 4874 2351 4928 veris
2380 4873 2472 4928 Dei
2501 4871 2883 4927 adoratoribus
2925 4868 3184 4926 habemus
3209 4868 3497 4924 honorem.

1916 4963 2032 5019 Non
2081 4964 2312 5020 colimus
2357 4963 2642 5029 homines;
2702 4963 2797 5018 sed
2869 4975 2964 5017 eos
3007 4960 3363 5024 admiramur,
3406 4960 3500 5030 qui

1918 5067 2158 5125 tempore
2206 5056 2644 5127 persecutionum
2717 5053 2771 5108 in
2829 5053 2923 5108 Dei
2984 5051 3241 5123 praeclare
3292 5051 3498 5108 cultum

1916 5146 2185 5217 absumpti
2216 5154 2362 5201 sunt.
2396 5145 2451 5200 ln
2486 5144 2677 5199 loculis
2707 5159 2773 5198 ac
2813 5141 3074 5213 sepulcris
3110 5141 3336 5208 pulchre
3387 5143 3500 5196 ela-

1920 5241 2128 5296 boratis
2155 5239 2498 5310 deponimus,
2522 5237 2921 5306 strueturisque
2968 5233 3280 5304 magnificas
3310 5249 3500 5290 eorum
3555 5294 3560 5299 _

1916 5332 2268 5402 rcquictionis
2299 5332 2607 5387 excitamus
2643 5329 2828 5385 domos
2856 5368 2871 5391 ,
2904 5337 2960 5382 ut
2994 5341 3186 5382 eorum
3225 5327 3318 5397 qui
3365 5343 3504 5398 prm-

1912 5424 2058 5480 clare
2084 5424 2190 5479 vita
2222 5423 2390 5480 functi
2419 5431 2567 5488 sunt,
2603 5423 2840 5478 honores
2864 5420 3201 5476 aemulemur.
3237 5420 3348 5477 Nec
3373 5435 3503 5475 vero

1911 5517 2160 5574 mercede
2203 5531 2432 5572 vacuum
2483 5515 2536 5571 in
2589 5528 2685 5571 eos
2729 5512 3053 5571 exhibemus
3100 5513 3360 5584 studium,
3407 5513 3504 5568 sed
