4048 6194
437 290 544 345 523

1713 271 1771 327 S.
1812 269 2087 326 ASTERII
2128 268 2430 324 AMASENI

3585 264 3694 319 3‘24

435 420 623 461 eorum
670 380 811 471 apud
864 399 1033 455 Deum
1073 392 1375 466 patrocinio
1408 388 1658 446 fruimur.
1694 390 1830 457 Quia
1866 370 2019 444 entm'

2141 386 2351 459 Ἐπειδὴ
2377 386 2485 460 γὰρ
2530 364 2630 440 οῦκ
2662 385 2823 457 ἀρκεῖ
2867 385 2900 455 ἡ
2936 380 3183 454 ἡμετέρα
3210 379 3343 452 εὐχὴ
3370 375 3697 447 δυσωπῆσαι

368 482 371 483 ν
436 512 547 551 non
579 493 757 551 valent
790 498 988 546 nostra:
1019 499 1209 556 preces
1253 483 1418 538 Deum
1467 482 1741 537 inﬂectere
1763 521 1779 546 ,
1815 495 1880 535 ac
1913 479 2017 533 im-

439 601 655 656 petraro
699 580 1039 639 necessitatis
1078 586 1350 646 tempore,
1392 590 1456 630 ac
1511 574 1741 628 molesta
1790 570 2017 626 calami-

440 692 550 735 tate
576 697 591 732 :
625 676 822 746 quippe
846 689 968 728 cum
996 680 1178 725 nostra
1208 668 1384 723 oratio
1414 682 1522 722 non
1574 665 1877 720 obsecratio
1925 663 2012 727 sit,

438 774 533 826 ειιό
560 769 870 825 delictorum
898 762 1342 819 commemoratio
1361 799 1377 825 ,
1405 759 1609 813 idcirco
1635 758 1699 811 ad
1728 769 2020 811 conservos

440 860 780 930 confugimus
836 857 1064 911 Domino
1124 853 1511 919 charissimos,
1561 861 1618 902 ut
1672 864 1768 919 pro
1821 847 2022 917 quibus

442 953 657 1023 egregie
698 966 761 1005 ac
805 964 869 1006 ex
920 949 1122 1002 virtute
1151 953 1407 1017 egerunt,
1454 943 1656 997 nostris
1704 940 1778 994 illi
1813 938 2022 995 delictis

445 1043 781 1098 medeantur.
831 1039 1111 1106 Quodnam
1152 1052 1282 1105 ergo
1329 1036 1470 1090 istud
1512 1033 1736 1095 crimen,
1774 1040 1832 1084 ut
1876 1044 2022 1083 mar-

447 1135 652 1205 tyribus
674 1133 935 1187 honorem
970 1130 1250 1191 habentes,
1286 1127 1384 1196 ipsi
1415 1140 1630 1195 quoque
1662 1122 1877 1193 placere
1912 1120 2022 1173 Deo

445 1223 797 1281 studcamus?
822 1221 965 1293 quod
988 1259 1003 1285 ,
1054 1222 1293 1289 inquam,
1327 1218 1555 1277 crimen.
1590 1224 1648 1269 ut
1677 1214 1742 1268 ad
1768 1222 2026 1284 patronos

438 1316 820 1386 confugiamus
837 1312 862 1363 Y
894 1312 999 1367 Sed
1021 1321 1075 1367 et
1107 1320 1196 1365 tua
1219 1311 1474 1379 deinceps
1495 1309 1865 1378 exquirantus,
1896 1320 2024 1359 num

446 1410 538 1479 qui
564 1422 807 1470 accusas.
843 1406 957 1474 ipse
984 1404 1061 1458 sis
1098 1404 1167 1457 ab
1192 1401 1338 1456 omni
1370 1401 1599 1455 mundus
1627 1399 1876 1453 crimine.
1907 1395 2024 1463 Qua

449 1502 657 1556 itl'vero
680 1500 928 1562 ratione,
962 1512 1083 1551 cum
1120 1505 1408 1551 sexcentos
1445 1503 1687 1547 mortuus
1737 1492 1984 1546 homines
2008 1529 2025 1551 .

447 1608 554 1648 non
581 1593 785 1646 honore
812 1587 1184 1659 prosequaris,
1217 1586 1310 1642 sed
1342 1593 1393 1638 ut
1428 1586 1558 1638 deos
1585 1582 1817 1637 adores?

524 1680 718 1736 Nonne
773 1688 829 1735 tu
885 1678 1138 1734 Cererem
1188 1691 1254 1731 ac
1307 1674 1733 1744 Proserpinam,
1787 1687 1887 1744 pro
1940 1680 2028 1726 tua

454 1775 717 1838 amentia,
754 1774 980 1827 deorum
1017 1773 1223 1826 honore
1249 1769 1470 1832 auxisti,
1501 1767 1715 1835 duoque
1748 1764 2031 1819 muliebria

450 1846 1046 1934 templa’exstruxisti,
1090 1875 1166 1925 ac
1217 1860 1454 1915 bonoras
1496 1857 1733 1911 victimis
1782 1857 2031 1922 feminas,

448 1956 711 2022 varioque
755 1951 905 2006 omni
960 1950 1136 2005 cultus
1183 1964 1386 2019 genere
1435 1947 1679 2003 adoras?
1715 1945 2033 2000 Nnnnetuae

450 2043 728 2111 religionis
755 2042 901 2097 velut
930 2050 1092 2112 caput
1119 2055 1183 2095 ac
1215 2054 1450 2104 summa,
1483 2038 1741 2110 mysteria
1787 2046 1917 2093 sunt
1943 2038 2032 2092 illa

449 2134 747 2200 Eleusinia,
800 2149 863 2189 ac
897 2132 1127 2204 populus
1168 2131 1380 2197 Atticae,
1426 2130 1717 2200 Hellasque
1755 2130 2029 2195 universa,

451 2226 792 2282 celebranda:
822 2239 984 2278 causa
1015 2223 1271 2276 vanitatis
1302 2221 1505 2292 pariter
1535 2221 1851 2277 concurrit?
1883 2221 2033 2277 Nou-

452 2335 521 2375 ne
554 2319 662 2373 illic
688 2317 954 2374 obscurus
983 2315 1071 2370 ille
1102 2316 1416 2378 descensus,
1454 2329 1519 2368 ac
1547 2313 1770 2367 honesta
1814 2313 1899 2367 illa
1947 2329 2035 2368 sa-

451 2413 691 2467 cerdotis
736 2424 801 2465 ac
828 2410 990 2474 vatis,
1039 2423 1162 2462 cum
1208 2407 1409 2461 femina
1437 2406 1716 2463 sacerdote
1744 2405 2031 2476 colloquia,

451 2505 620 2560 solius
659 2517 783 2558 cum
806 2500 917 2557 sola
940 2500 966 2555 ‘!
992 2498 1182 2554 Nonne
1210 2499 1634 2569 exstinguuntur
1663 2498 1830 2562 faces,
1861 2499 2034 2570 pluri-

453 2611 686 2665 musque
736 2609 802 2649 ac
852 2591 1267 2648 innumerabilis
1320 2590 1570 2660 populus,
1605 2607 1758 2646 suam
1795 2591 2033 2660 ipsorum

454 2689 691 2744 salutem
723 2686 1084 2748 arbitrantur,
1115 2698 1235 2751 quae
1279 2683 1358 2736 sic
1396 2682 1451 2736 in
1495 2682 1733 2736 tenebris
1758 2682 1826 2736 ab
1853 2682 2037 2736 ambo-

456 2782 555 2834 bus
584 2774 759 2829 tiunt?
794 2772 984 2828 Nonne
1016 2784 1069 2826 tu
1102 2764 1418 2841 Dionysium
1442 2771 1756 2825 Thebanum
1785 2781 1844 2825 ut
1876 2771 2034 2827 deum

456 2868 650 2922 adoras
693 2865 914 2935 (etenim
950 2863 1180 2934 patriam
1214 2863 1356 2925 dico,
1417 2875 1524 2930 quo
1556 2862 1825 2916 hominem
1868 2877 2035 2916 nove-

455 2959 576 3012 ris.
611 2971 805 3026 nempe
852 2955 1138 3010 vinitorem
1189 2955 1404 3017 virum,
1470 2968 1533 3006 ac
1590 2953 1713 3007 vino
1763 2953 2035 3020 deditum,

452 3031 732 3102 ebt’iusum
797 3056 1224 3101 comessatorem
1260 3083 1276 3110 ,
1337 3043 1429 3112 qui
1485 3043 1738 3113 populum
1812 3045 2040 3112 turpiter

467 3140 837 3195 lascivientem
890 3138 1105 3207 agmine
1150 3135 1412 3199 traheret,
1467 3149 1530 3188 ea
1584 3135 1867 3190 facientem
1921 3151 2041 3205 qua:

464 3231 775 3286 luxuriosos
800 3243 1071 3299 ganeones
1095 3237 1304 3291 notent,
1330 3227 1522 3296 pocula
1558 3241 1685 3281 vero
1719 3228 2038 3280 miscentem

469 3339 593 3376 cum
639 3323 828 3376 Sileno
873 3336 1022 3387 sene,
1056 3334 1121 3375 ac
1145 3335 1269 3375 cum
1305 3319 1520 3390 Satyris
1557 3319 1611 3373 in
1644 3318 1874 3389 tripudia
1909 3318 2041 3373 etla-

460 3410 578 3482 sis),
609 3410 784 3480 epulis
827 3425 892 3466 ac
937 3425 1089 3465 mero
1136 3408 1499 3478 indulgentem
1528 3429 1540 3464 :
1570 3408 1743 3462 virum
1788 3406 2039 3479 denique,

461 3503 569 3557 vini
599 3519 664 3558 ac
693 3500 925 3572 crapula
966 3501 1165 3555 mundo
1207 3497 1478 3554 fabulam?
1511 3497 1696 3554 Nonne
1726 3508 1780 3552 tu
1811 3496 2027 3554 Herculi

459 3593 740 3649 exsistenti
784 3594 921 3658 viro,
966 3602 1220 3662 tauquam
1283 3591 1418 3646 deus
1454 3599 1621 3659 esset,
1667 3591 1915 3645 victimas
1957 3571 2075 3645 of-t

461 3688 595 3756 fers,
643 3690 867 3743 robusto
909 3687 1137 3751 homini,
1196 3694 1494 3757 potensque
1542 3698 1606 3738 ac
1654 3683 1795 3739 forte
1845 3684 2041 3756 adepto

461 3795 702 3850 corpus;
747 3780 1052 3847 adorasque
1085 3777 1229 3847 quod
1269 3777 1466 3847 saepius
1495 3784 1714 3831 strenue
1749 3776 1941 3848 egerit,
1975 3792 2040 3831 ac

461 3871 700 3927 ferarum
736 3871 1002 3926 edomitor
1034 3868 1227 3924 fuerit?
1256 3866 1395 3935 Quid
1434 3883 1564 3923 vero
1613 3883 1802 3924 rursus
1840 3866 2041 3923 Αἰδου-

461 3961 663 4031 lapium
714 3961 889 4024 illum,
941 3974 1191 4028 magnam
1249 3960 1398 4014 orbis
1444 3969 1651 4029 partem
1686 3960 1738 4017 iu
1774 3959 1940 4013 ferula
1974 3974 2037 4014 ac

468 4054 645 4108 ferrea
680 4050 865 4122 pixide
905 4061 1177 4119 vagatum,
1236 4065 1420 4117 nonne
1462 4049 1595 4104 colis
1625 4063 1688 4103 ac
1717 4050 2044 4107 admiraris?

468 4146 581 4203 Nec
606 4161 758 4211 sane,
795 4146 897 4201 hoc
925 4155 976 4199 te
1010 4144 1209 4208 facere,
1246 4142 1462 4198 inﬁcias
1494 4146 1642 4199 ieris.
1676 4144 1885 4215 Quippe
1910 4145 2041 4201 orbe

464 4248 580 4294 toto
610 4235 885 4315 exstantia
916 4235 1135 4304 templa,
1194 4231 1524 4304 Esculapio,
1556 4235 1797 4304 inquam,
1825 4235 2039 4291 Herculi

469 4345 535 4385 ac
582 4328 836 4400 Dionysio
882 4341 1062 4391 sacra,
1099 4336 1201 4381 tuae
1247 4326 1386 4381 illius
1431 4327 1686 4382 vanitatis
1725 4341 2041 4399 argumenta

2117 479 2247 533 Θεὸν
2281 480 2341 533 ὲν
2372 476 2549 549 καιρῷ
2578 476 2823 547 ἀνάγκης
2848 476 2943 528 καὶ
2973 473 3261 546 συμφορᾶς
3317 472 3383 541 (ἡ
3432 468 3543 540 γὰρ
3572 468 3698 537 δέη-

2121 590 2206 636 σις
2227 572 2382 644 ἡμῶν
2452 572 2512 624 οὐ
2549 569 2894 643 παράκλησίς
2935 570 3102 631 ἐστιν,
3124 565 3259 621 ἀλλὰ
3286 563 3699 635 ἁμαρτημάτων

2121 662 2458 733 ὑπόμνησις)
2486 702 2499 726 ,
2539 661 2626 717 διὰ
2660 660 2818 714 τοῦτο
2842 662 2955 723 τοῖς
2987 656 3374 728 ἀγαπωμένοις
3409 653 3560 726 παρὰ
3600 652 3696 707 τοῦ

2121 752 2390 806 Δεσπότου
2414 750 2722 823 ὁμοδούλοις
2743 751 3054 823 προσφεύγο
3061 765 3180 820 μεν,
3201 748 3287 799 ἵνα
3303 747 3499 798 ἐκεῖνοι
3512 745 3569 797 ὲν
3587 745 3702 807 τοῖς

2125 845 2275 908 ἰδίοις
2323 842 2712 915 κατορθώμασι
2738 842 2807 896 τὰ
2833 841 3079 913 ἡμέτερα
3108 835 3488 910 θεραπεύσωσι
3521 834 3707 905 πλημ-

2126 936 2262 1007 μελή
2272 953 2432 1006 ματα.
2452 937 2609 989 Ποῖον
2631 931 2725 988 οὖν
2748 933 3021 1004 ἔγκλημα,
3036 932 3117 984 ὅτι
3134 930 3401 1001 τιμῶντες
3422 928 3706 999 μάρτυρας

2124 1027 2218 1079 καὶ
2246 1026 2399 1081 αὐτοὶ
2424 1026 2794 1096 σπουδάζομεν
2821 1023 3079 1097 ἀρέσκειν
3103 1020 3222 1091 Θεῷ
3245 1038 3259 1087 ;
3283 1019 3363 1084 τίς
3393 1016 3705 1089 κατηγορία

2125 1118 2458 1189 προστάταις
2489 1116 2885 1190 προσνρεύγεινς
2920 1113 3292 1184 Ἐξετάσωμεν
3320 1110 3505 1164 λοιπὸν
3523 1109 3709 1164 καὶτὰ

2129 1208 2218 1275 σὰ,
2253 1211 2302 1263 εἰ
2330 1209 2424 1264 τοῦ
2450 1209 2799 1281 ἐγκλήματος
2834 1209 2862 1261 ό
2886 1208 3193 1278 κατήγορος
3220 1202 3568 1275 καθαρεύεις.
3595 1201 3710 1255 Καὶ

2127 1301 2265 1368 πῶς,
2297 1302 2356 1367 ὅς
2378 1320 2441 1375 γε
2478 1301 2705 1374 μυρίους
2729 1300 2839 1355 τῶν
2862 1297 3169 1354 τεθνεώτων
3196 1292 3499 1366 ἀνθρώπων
3536 1293 3599 1346 οὐ
3620 1310 3711 1346 τι-

2129 1392 2258 1464 μᾷς,
2289 1390 2404 1446 ἀλλ’
2428 1393 2504 1457 ὠς
2528 1391 2682 1456 θεοὺς
2711 1391 3065 1462 προσκυνεῖς;

2200 1663 2277 1718 Οὐ
2312 1662 2376 1716 σὺ
2409 1660 2702 1732 Δήμητραν
2742 1655 2836 1710 καὶ
2866 1653 3053 1726 Κόρην
3085 1651 3190 1707 ὑπὸ
3218 1652 3318 1723 τῆς
3356 1649 3543 1712 ἀνοίας
3577 1663 3714 1702 σαυ-

2132 1755 2227 1810 τοῦ
2269 1753 2537 1817 ὲθέωσαςο
2586 1749 2787 1821 ὲδείμω
2832 1747 2891 1802 δὲ
2943 1746 3036 1801 δύο
3083 1743 3336 1814 γυναίους
3382 1741 3561 1805 ναοὺς,
3614 1736 3715 1792 καὶ

2132 1846 2343 1909 θυσίαις
2398 1842 2600 1905 ταύτας
2650 1840 2850 1915 τιμᾷς,
2907 1836 3000 1891 καὶ
3052 1833 3333 1897 παντοίαις
3387 1828 3717 1902 προσκυνεῖς

2132 1935 2494 2007 θεραπείαιςς
2531 1931 2606 1985 Ού
2647 1914 2942 1999 κεφάλαιον
2980 1926 3077 1996 τῆς
3110 1922 3211 1994 σῆς
3239 1914 3627 2007 θρησκείας
3658 1917 3718 2007 έν

2145 2001 2406 2080 Ἐλευσῖνι
2433 2021 2728 2094 μυστήρια,
2752 2014 3035 2086 καὶδῆμος
3062 2009 3325 2073 Ἀττικὸς,
3345 2008 3491 2076 καὶή
3523 2001 3719 2065 Ἑλλὰς

2133 2120 2284 2172 πᾶσα
2316 2115 2586 2186 συναίρει,
2622 2113 2710 2165 ἵνα
2742 2108 2937 2180 τελέσῃ
2968 2104 3338 2177 ματαιότητα;
3371 2100 3486 2153 Οὐκ
3517 2097 3633 2150 ἐκεῖ
3657 2094 3721 2146 τὸ

2121 2210 2463 2266 ’καταϐάσιον
2494 2206 2557 2259 τὸ
2593 2202 2884 2263 σκοτεινὸν,
2916 2198 3010 2252 καὶ
3034 2198 3089 2250 αἱ
3123 2194 3317 2265 σεμναὶ
3346 2190 3441 2244 τοῦ
3469 2184 3743 2262 ίεροφάνι

2131 2321 2226 2358 του
2262 2300 2399 2374 πρὸς
2423 2298 2522 2370 τὴν
2555 2296 2758 2367 ἱέρειαν
2805 2289 3107 2361 συντυχίαι,
3146 2287 3310 2359 μόνου
3342 2282 3477 2355 πρὸς
3515 2281 3720 2351 μόνηνς

2134 2396 2246 2465 Οὐχ
2280 2395 2335 2447 αἱ
2378 2390 2661 2462 λαμπάδες
2696 2386 3037 2449 σϐέννυνται,
3070 2381 3164 2435 καὶ
3198 2382 3227 2433 ὁ
3257 2377 3422 2440 πολὺς
3453 2375 3548 2428 καὶ
3621 2375 3723 2426 ἁν-

2134 2485 2432 2559 αρίθμητος
2448 2482 2617 2555 δῆμος
2661 2480 2761 2552 τὴν
2781 2476 3051 2548 σωτηρίαν
3080 2470 3257 2526 αὐτῶν
3286 2465 3421 2525 εἶναι
3443 2464 3725 2538 νομίζουσι

2136 2579 2205 2633 τὰ
2226 2580 2286 2631 ὲν
2312 2575 2391 2647 τῷ
2421 2575 2598 2644 σκότῳ
2634 2570 2784 2643 παρᾶ
2824 2568 2930 2622 τῶν
2956 2566 3049 2619 δύο
3074 2562 3454 2637 πραττόμενα;
3486 2559 3559 2612 Ού
3597 2556 3663 2609 σὺ
3693 2556 3724 2607 ό

2134 2671 2226 2725 τὸν
2279 2666 2513 2739 Θηϐαῖον
2559 2663 2812 2716 Διόνυσον
2873 2660 2949 2724 ὡς
2999 2657 3118 2711 θεὸν
3173 2650 3493 2724 προσκυνῶν
3547 2648 3727 2721 (λέγω

2136 2762 2245 2835 γὰρ
2273 2760 2372 2831 τὴν
2399 2757 2651 2830 πατρίδα,
2672 2756 2758 2810 ἵνα
2777 2752 3049 2825 γνωρίσῃς
3079 2749 3170 2804 τὸν
3202 2743 3529 2820 ἄνθρωπον),
3555 2742 3726 2835 ἀνδρα

2137 2834 2381 2925 γεωργὸν
2426 2849 2686 2921 ἀμπέλων
2731 2846 2827 2899 καὶ
2873 2844 3143 2913 φίλοινον,
3180 2838 3478 2911 κωμαστὴν
3526 2834 3726 2925 arripe:-

2139 2923 2265 3005 νον,
2310 2940 2478 3012 δῆμον
2527 2935 2921 3008 ὲπισυρόμενον
2971 2928 3385 3003 ἀσχημονοῦντα
3430 2928 3499 2997 τῇ
3552 2923 3727 2996 μέθῃ,

2144 3036 2327 3088 ἐκεῖνα
2366 3030 2643 3092 ποιοῦντα,
2690 3027 2727 3082 ἃ
2769 3027 2894 3091 τοὺς
2934 3023 3181 3087 ἀσώτους
3226 3018 3532 3093 στηλιτεύει
3594 3016 3730 3069 ἀκο-

2148 3124 2552 3184 λασταίνοντας,
2609 3117 2875 3191 μεθύοντα
2914 3116 2970 3170 δὲ
3028 3114 3166 3187 μετὰ
3193 3112 3289 3168 τοῦ
3333 3111 3586 3183 γέροντος
3631 3106 3729 3160 τοῦ

2150 3214 2397 3287 Σιληνοῦ,
2436 3214 2530 3266 καὶ
2567 3213 2680 3273 τοῖς
2721 3206 3165 3281 φιλοσκιρτηταῖς
3201 3201 3465 3273 Σατύροις
3495 3197 3731 3253 συνδιαιο

2148 3308 2411 3380 τώμενον,
2447 3306 2542 3359 καὶ
2580 3302 2820 3375 ἱστορίαν
2856 3300 3028 3373 μέθης
3060 3297 3190 3353 ὅντα
3219 3295 3296 3367 τῷ
3322 3294 3455 3365 βίῳ;
3491 3291 3565 3345 Οὐ
3597 3290 3663 3343 σὺ
3700 3291 3734 3342 ὁ

2148 3402 2227 3472 τῷ
2261 3396 2435 3471 ἀνδρί
2456 3395 2738 3469 Ἠρακλεῖ,
2770 3393 2847 3459 ὡς
2893 3390 3029 3464 θεῷ,
3058 3388 3159 3454 τὰς
3191 3388 3383 3451 θυσίας
3416 3386 3732 3457 προσάγων,

2150 3489 2423 3563 ἀνθρώπῳ
2458 3486 2776 3561 ρωμαλαίῳ,
2815 3484 2975 3556 σῶμα
3000 3481 3216 3554 λαχόντι
3245 3478 3473 3546 ,δυνατὸν
3504 3476 3597 3531 καὶ
3632 3476 3735 3529 civ-

2150 3585 2345 3657 δρεῖον,
2371 3581 2463 3636 καὶ
2487 3579 2664 3643 σέϐεις
2689 3578 2917 3645 ἐκεῖνον,
2947 3576 3132 3646 ἐπειδὴ
3162 3576 3219 3627 ὲν
3242 3572 3457 3636 πολλοῖς
3483 3569 3741 3642 ἠρίστευ-

2152 3692 2262 3740 σεν,
2287 3674 2379 3727 καὶ
2400 3672 2602 3744 θηρίων
2622 3670 2995 3744 περιεγένετο;
3020 3668 3084 3720 Τί
3109 3667 3165 3722 δὲ
3191 3665 3353 3731 πάλιν
3376 3665 3464 3719 τὸν
3504 3661 3739 3730 Ἀσκλη-

2152 3771 2273 3823 πιὸν
2312 3769 2405 3823 τὸν
2440 3770 2497 3822 ἐν
2528 3765 2605 3838 τῷ
2654 3763 2884 3835 νάρθηκι
2927 3760 3099 3815 πολλὰ
3142 3758 3237 3812 καὶ
3280 3760 3346 3829 τῇ
3402 3755 3738 3838 σιδηροθήκῃ

2152 3837 2635 3932 περινοστήσαντα,
2674 3852 2734 3906 ού
2767 3851 2945 3913 σέϐεις
2970 3848 3064 3902 καὶ
3092 3846 3367 3918 τέθηπας;
3398 3844 3509 3896 Καὶ
3538 3841 3640 3894 οὐκ
3666 3837 3736 3892 ἂν

2152 3950 2465 4024 ἀρνηθείης,
2491 3949 2567 4013 ὡς
2597 3948 2657 4000 ού
2688 3944 2846 3999 τοῦτο
2871 3943 3065 4007 ποιεῖς.
3097 3942 3159 3993 Ol.
3192 3938 3301 4010 γὰρ
3330 3933 3604 4006 πανταχοῦ
3635 3933 3737 4003 τῆς

2151 4045 2474 4118 οἰκουμένης
2499 4041 2639 4106 ναοὶ,
2672 4038 2739 4093 τὰ
2767 4035 3120 4107 Ἀσκληπιεῖα
3149 4031 3312 4100 λέγω,
3345 4028 3439 4082 καί
3467 4026 3536 4118 τα
3566 4023 3739 4095 Ἦρα-

2152 4140 2327 4206 κλεια,
2371 4137 2466 4191 καὶ
2492 4134 2562 4188 τὰ
2596 4130 2848 4187 Διοιύσια
2876 4128 3085 4197 ἔλεγχοι
3114 4125 3332 4178 ἑστᾶσιν
3358 4120 3457 4189 τῆς
3492 4117 3590 4187 σῆς
3627 4129 3746 4185 μαέ

2151 4232 2466 4302 ταιότητος·
2502 4227 2597 4281 καὶ
2641 4224 2813 4287 οὕτως
2863 4219 2973 4289 ἐγὼ
3023 4219 3119 4290 μὲν
3149 4215 3324 4277 ἁθῶος
3364 4208 3738 4275 ἀπελεύσομαι

2150 4326 2244 4380 τοῦ
2289 4300 2630 4396 ἐγκλήματος
2656 4320 2737 4390 (οὐ
2781 4317 2890 4389 γὰρ
2940 4313 3230 4387 προσκυνῶ
3273 4310 3573 4381 μάρτυρας,
3612 4300 3741 4396 οὐδὲ

470 4421 764 4485 exsistunt,
820 4420 1005 4490 sicque
1052 4433 1151 4488 ego
1189 4419 1400 4487 quidem
1445 4433 1475 4472 a
1526 4418 1750 4474 crimine
1790 4392 1941 4475 liber
1978 4438 2036 4478 ac

2151 4417 2356 4489 νομίζω
2377 4392 2573 4484 θεούς)·
2600 4414 2663 4467 σὺ
2689 4410 2744 4465 δὲ
2778 4410 3027 4478 πέφηνας
3052 4406 3367 4477 ἐνεχόμενος
3395 4401 3504 4462 τοῖς
3534 4392 3740 4502 ὲγκλήῗ

466 4512 747 4568 absolutus
789 4511 949 4564 abibo
999 4512 1129 4581 (non
1179 4512 1323 4565 enim
1379 4509 1545 4565 adoro
1597 4519 1891 4582 martyres,
1949 4529 2047 4568 nec

468 4606 600 4660 deos
637 4603 889 4672 reputo);
933 4609 986 4656 te
1021 4614 1151 4655 vero
1186 4600 1354 4669 liquet
1390 4599 1559 4655 teneri
1592 4599 1933 4666 criminibus,
1961 4602 2045 4657 id-

468 4712 575 4766 que
614 4709 739 4749 cum
782 4707 969 4748 eorum
1006 4690 1143 4746 alios
1176 4705 1295 4745 reos
1325 4704 1472 4758 agas,
1509 4687 1564 4742 in
1592 4702 1781 4742 eorum
1816 4704 2044 4755 morem,

468 4789 584 4860 qui,
611 4786 749 4842 mala
779 4794 970 4856 agente
993 4784 1343 4849 conscientia,
1371 4781 1580 4853 priores
1603 4781 1701 4851 ipsi
1722 4782 1968 4838 innoxios
1992 4784 2043 4838 iu

2159 4526 2345 4581 μασιν,
2391 4508 2485 4563 καὶ
2520 4505 2695 4560 ταῦτα
2728 4500 3047 4573 κατηγορῶν
3078 4498 3311 4571 ἐτέρωνο
3344 4493 3534 4560 ὥσπερ
3566 4489 3615 4540 oi
3647 4485 3741 4539 διὰ

2154 4602 2322 4656 κακὸν
2368 4600 2607 4664 συνειδὸς
2647 4591 3188 4670 προκατηγοροῦντες
3241 4586 3349 4640 τῶν
3402 4578 3734 4637 ἀνευθύνων.

2166 4693 2512 4767 Ἀνθρώπους
2543 4668 2775 4764 γὰρξοὺ
2812 4689 2969 4751 θεοὺς
3016 4677 3337 4756 προσκυνῶν
3376 4668 3735 4735 ἁποδέδειξαι.

2154 4785 2340 4839 Ταῦτα
2370 4785 2506 4858 πρὸς
2535 4783 2625 4838 τὸν
2658 4780 2869 4836 ὲθνικὸν
2900 4780 2964 4832 ὲκ
2998 4772 3207 4831 πολλῶν
3237 4772 3414 4840 ὀλίγα.

467 4878 671 4935 crimen
712 4882 931 4932 vocant.
977 4872 1184 4943 Quippe
1214 4873 1502 4943 probatum
1548 4879 1652 4937 est,
1706 4872 1954 4927 homines
2025 4882 2077 4929 te
2113 4876 2361 4940 adorare,
2435 4890 2539 4929 nou
2579 4873 2728 4928 deos.
2779 4870 2956 4923 Pauca
3006 4869 3119 4921 [nec
3164 4880 3194 4918 ο
3240 4862 3422 4921 multis
3472 4859 3741 4917 adversus

471 4975 744 5047 gentilem.

540 5066 701 5123 Novae
748 5075 931 5122 autem
984 5063 1234 5120 factionis
1285 5062 1482 5127 Judmi,
1541 5064 1669 5133 quid
1722 5063 1925 5119 mirum
1985 5074 2044 5119 ut

470 5172 737 5233 martyres
780 5160 1139 5221 inhonoretis,
1191 5159 1281 5227 qui
1328 5160 1602 5212 Christum
1650 5160 1907 5229 spernitis
1950 5175 2046 5214 ve-

468 5253 705 5322 strisque
737 5253 980 5323 ipsorum
1011 5253 1354 5309 sermonibus
1385 5253 1452 5304 ab
1480 5250 1792 5320 aequalitate
1820 5260 2046 5320 paterna

469 5346 755 5414 separatis,
810 5346 1009 5416 quique
1052 5344 1194 5412 loca,
1242 5345 1442 5415 quibus
1488 5343 1857 5412 requieverlnt
1890 5358 2046 5398 sacra

471 5448 744 5504 corpora,
812 5436 957 5489 velut
1010 5434 1236 5505 profana
1301 5447 1366 5487 ac
1435 5432 1711 5487 immunda
1767 5430 2048 5488 caveatis?

475 5526 787 5592 Enimvero,
836 5528 926 5596 qui
972 5542 1076 5581 non
1123 5526 1373 5596 cogitatis
1413 5524 1567 5596 quod
1601 5537 1780 5594 operte
1812 5518 2083 5595 pretium'

473 5628 556 5673 est
615 5618 798 5675 timete
822 5617 1115 5674 Christiani
1161 5617 1606 5688 appellationem,
1637 5617 1727 5685 qui
1758 5630 1880 5670 cum
1914 5630 2045 5683 gen-

476 5712 658 5769 tilibus
698 5721 963 5784 martyres
1003 5710 1128 5765 odio
1174 5708 1437 5763 habeatis.
1488 5709 1565 5762 Au
1623 5707 1845 5762 nescitis
1889 5706 2046 5763 Chri-

2225 5065 2287 5117 Ui
2314 5061 2371 5116 δὲ
2399 5062 2502 5133 τῆς
2532 5061 2660 5126 νέας
2693 5060 2934 5122 στάσεως
2972 5057 3235 5122 Ἰουδαῖοι,
3267 5054 3320 5110 τί
3347 5047 3660 5124 θαυμαστὸν
3686 5047 3740 5100 εξ

2157 5154 2439 5228 μάρτυρας
2478 5151 2797 5225 ἀτιμάζετε,
2828 5150 3062 5223 Χριστὸν
3108 5147 3452 5211 ἀθετοῦντες,
3496 5140 3592 5198 καὶ
3635 5139 3743 5212 τῆς

2153 5246 2471 5319 ὁμοιότητος
2494 5248 2594 5318 τῆς
2622 5244 2759 5316 πρὸς
2788 5244 2879 5298 τὸν
2909 5242 3131 5314 Πατέρα
3158 5242 3217 5295 ὲν
3238 5241 3351 5304 τοῖς
3384 5238 3535 5300 ἰδίοις
3556 5232 3742 5304 λόγοις

2155 5336 2500 5410 χωρίζοντες,
2528 5334 2920 5407 φυλαττόμενοι
2972 5331 3028 5387 δὲ
3055 5332 3184 5396 τοὺς
3210 5330 3432 5407 τόπους,
3460 5327 3535 5390 Cu;
3569 5323 3741 5396 βεϐή-

2154 5406 2299 5494 λους,
2335 5431 2391 5482 ὲν
2415 5421 2496 5493 οἷς
2525 5425 2752 5498 σώματα
2778 5406 2917 5495 ἅγια
2950 5406 3367 5486 ἀναπέπαυται;
3405 5418 3545 5473 Ἀλλ’
3579 5415 3630 5471 οἳ
3662 5415 3743 5489 μὴ

2156 5521 2237 5586 είς
2270 5520 2475 5574 ἔννοιαν
2501 5518 2682 5573 ἔλθετε
2708 5518 2803 5573 τοῦ
2838 5516 3144 5589 γινομένου,
3174 5512 3449 5586 φοϐήθητε
3479 5513 3746 5583 Χριστια-

2151 5614 2231 5666 νοὶ
2263 5611 2565 5683 λεγόμενοι,
2617 5612 2753 5682 μετὰ
2792 5610 2851 5665 δὲ
2896 5608 3162 5681 Ἐλλήνων
3202 5604 3489 5680 μισοῦντες
3532 5603 3745 5677 μάρτυ-

2154 5724 2274 5778 ρας.
2332 5707 2444 5759 Οὐκ
2499 5706 2634 5772 ἴστε,
2689 5706 2764 5771 ὡς
2818 5692 3476 5776 ἀρχιμάρτυςιχριστδς,
3524 5696 3744 5773 πρῶτος
