4048 6194
303 283 411 339 5Ξ5

1418 281 1701 338 llOMILIA
1738 283 1816 371 Χῖ
1844 283 1905 338 IN
1948 282 2047 340 SS.
2092 284 2495 344 MARTYRES.

3489 292 3606 352 525

299 403 514 467 παθὼν,
561 404 659 458 καὶ
684 405 803 466 τοῖς
836 400 1051 466 δοῦλοις
1077 401 1169 456 τὸν
1203 401 1363 473 ζῆλον
1396 403 1593 473 desis;
1624 398 1759 457 Εἶτα
1790 403 1903 474 μετ’

2018 411 2160 457 stum
2190 402 2492 472 principem
2531 415 2653 457 esse
2683 413 3007 474 martyrum,
3041 407 3132 476 qui
3169 407 3376 478 primus
3403 423 3598 480 passus

300 497 512 550 ἐκεῖνον
540 494 838 564 Στέφανος,
877 494 906 546 ὀ
947 492 1287 565 φερωνύμως
1330 494 1432 564 τῆς
1460 495 1604 549 κατά
1648 495 1782 550 Θεὸν
1814 495 1908 548 εὑ-

292 588 483 656 metu;
514 588 857 658 ἀγωνιστής·
890 587 1095 650 πάντες
1119 586 1171 639 ei
1203 585 1329 657 ἑξῆς
1362 586 1604 658 μαθηταὶ
1637 587 1733 641 καὶ
1766 587 1908 642 άπό-

296 683 511 737 στολοι.
542 680 655 735 Καὶ
695 677 1016 749 ἐπίσκεψαι,
1050 677 1140 732 διὰ
1176 679 1305 749 μιᾶς
1339 676 1553 751 ὕϐρεως
1587 680 1748 745 ὅσους
1787 680 1908 735 άτι-

299 773 543 842 μάζεις·
594 772 848 843 Ἰωάννην
878 770 973 824 τὸν
1016 771 1348 843 Βαπτιστὴν,
1408 772 1664 828 Ἰάκωϐον
1692 773 1785 827 τὸν
1821 773 1909 828 λε-

301 866 542 935 γόμενον
578 863 806 932 ἀδελφὺν
844 863 941 917 τοῦ
986 864 1217 936 Κυρίου,
1258 864 1484 936 Πέτρον,
1516 865 1750 930 Παῦλον,
1785 865 1905 920 Θω-

312 960 424 1028 μᾶν
445 957 681 1029 (τούτους
704 956 781 1020 ὡς
802 956 1119 1029 προστάτας
1139 954 1392 1028 ὀνομάζω
1418 957 1527 1011 τῶν
1561 957 1902 1031 μαρτύρων)⁶

312 1051 503 1105 ἔπειτα
541 1051 600 1104 τὸ
636 1051 870 1123 ἄπειρον
917 1049 1121 1122 πλῆθος
1165 1049 1277 1102 τῶν
1329 1049 1713 1105 ἀποθανόντοιν
1760 1050 1904 1122 ὑπὲρ

314 1146 415 1216 τῆς
445 1145 603 1214 ζωῆς.
639 1143 732 1214 Μὴ
782 1142 980 1215 μικρόν
1013 1160 1096 1197 σοι
1127 1141 1342 1207 τούτοις
1389 1144 1785 1215 προσκρούειν;
1826 1145 1899 1215 μὴ

312 1235 490 1303 ὀλίγος
529 1234 628 1305 τῆς
668 1232 875 1304 ἔχθρας
911 1234 939 1285 ό
965 1232 1244 1298 κίνδυνος;
1287 1231 1504 1286 Τούτων
1536 1232 1768 1297 ἕκαστος
1810 1232 1904 1287 τὸν

308 1326 548 1380 διάϐολον
583 1326 727 1396 μετὰ
757 1325 860 1395 τῆς
895 1323 1168 1397 φρατρίας
1199 1323 1307 1377 τῶν
1333 1323 1604 1395 δαιμόνων
1630 1323 1911 1395 ἐνίκησεν,

306 1419 559 1488 ἀγγέλοις
589 1419 651 1473 δὲ
685 1419 987 1491 ἐνεγράφη,
1041 1418 1136 1473 καὶ
1189 1421 1436 1490 τηρεῖται
1493 1418 1571 1482 ὡς
1622 1418 1905 1489 εὐδόκιμος

304 1512 543 1583 ἀθλητὴς
566 1514 636 1583 τῇ
664 1511 970 1582 ἀναῤῥήσει
996 1510 1096 1581 τῆς
1127 1509 1480 1573 ἀναστάσεως
1501 1526 1515 1540 ·
1551 1511 1904 1583 παραστήσε-

302 1622 394 1658 ται
426 1604 486 1658 δὲ
526 1607 600 1676 τῇ
623 1603 944 1674 ’ἐπιφανείᾳ
975 1601 1067 1656 τοῦ
1109 1601 1244 1656 Θεοῦ
1284 1603 1381 1656 καὶ
1431 1602 1684 1674 Σωτῆρος
1721 1602 1902 1674 ἡμῶν,

306 1697 540 1767 ἀνοίγων
571 1697 632 1751 ἐν
664 1696 953 1768 παρρησίᾳ
982 1695 1046 1749 τὸ
1075 1695 1270 1767 στόμα,
1309 1695 1809 1767 ἐπευφραινόμενος
1836 1698 1902 1768 τῇ

2010 494 2102 559 sil,
2147 508 2213 547 ac
2265 494 2437 549 servis
2485 493 2890 550 aemulationem
2939 497 3248 554 dimiserit?
3292 499 3430 569 Post
3471 516 3596 557 eum

2010 585 2321 655 Stephanus
2354 602 2450 656 pro
2479 587 2716 643 nominis
2749 588 2838 644 ille
2882 590 3117 658 ratione,
3164 592 3272 647 Deo
3311 605 3631 677 consentan

2009 694 2125 733 nea:
2169 693 2234 733 ac
2287 678 2553 753 religiosae
2609 680 2877 736 claritatis
2932 683 3097 753 pugil.
3154 683 3293 738 Tum
3339 682 3630 756 discipuli‘

2009 785 2199 824 omnes
2251 784 2315 824 ac
2361 771 2613 840 apostoli.
2669 771 2802 827 Vide
2834 784 3014 829 autem
3063 791 3165 829 una
3206 777 3402 848 injuria
3431 795 3594 849 quam

2010 863 2208 918 multos
2252 864 2455 932 probro
2509 865 2735 930 afﬁcias,
2780 866 3043 922 Joannem
3078 868 3402 941 Baptislam,
3439 871 3598 928 Jacoo

2009 954 2135 1007 bum
2192 953 2342 1008 illum
2400 955 2613 1010 Domini
2673 956 2896 1012 fratrem
2954 959 3305 1029 appellatum,
3347 964 3596 1030 Petrum,

2007 1043 2256 1110 Paulum,
2287 1044 2552 1102 Thomam
2581 1047 2705 1120 (hos
2737 1050 2964 1106 nomino
2995 1060 3252 1121 tanquam
3291 1065 3597 1126 martyrum

2006 1136 2225 1206 duces);
2278 1141 2344 1195 ad
2394 1141 2529 1205 haec,
2585 1142 2903 1197 immensam
2936 1158 3126 1199 eorum
3162 1146 3592 1212 multitudinem,

2006 1230 2097 1298 qui
2130 1230 2253 1285 vita:
2279 1245 2441 1286 causa
2478 1242 2654 1287 morte
2698 1232 2938 1289 defuncti
2980 1245 3124 1291 sunt.
3176 1235 3443 1292 Parumne
3496 1238 3593 1294 tibi

2007 1330 2067 1374 ut
2094 1321 2192 1378 hos
2226 1321 2506 1378 oﬁ‘endas?
2530 1323 2743 1380 Levene
2773 1326 3074 1395 periculum
3117 1337 3175 1383 ut
3210 1344 3397 1383 eorum
3422 1329 3594 1385 hostis

2008 1413 2305 1470 habearis?
2367 1414 2567 1472 llorum
2625 1418 2855 1485 quilibet
2922 1419 3197 1476 diabolum
3256 1422 3412 1487 vicit,
3483 1437 3594 1477 una

2006 1517 2128 1557 cum
2176 1502 2481 1558 dsernonum
2541 1504 2686 1560 iualo
2737 1505 3011 1573 sodalitio,
3063 1507 3271 1574 fuitque
3326 1508 3594 1578 ascriptus

2008 1593 2323 1661 angelorum
2371 1595 2644 1666 collegio,
2693 1610 2758 1651 ac
2813 1607 3073 1667 tanquam
3132 1599 3394 1668 probatus
3441 1599 3592 1672 pugil

2010 1687 2226 1755 publico
2268 1690 2542 1757 przncouio
2572 1689 2929 1747 celebrandus
2966 1692 3017 1747 in
3048 1695 3448 1749 resurrectione
3474 1708 3597 1750 ser-

303 1789 404 1862 θέᾳ
440 1789 550 1844 τῶν
579 1787 848 1858 ἀγγέλων,
883 1792 951 1860 τῇ
984 1788 1111 1860 δόξῃ
1134 1787 1229 1842 τοῦ
1257 1787 1393 1842 Θεοῦ
1437 1790 1755 1861 μακαρίζων
1777 1791 1903 1847 ἐαυ-

2012 1787 2188 1833 vatnr.
2219 1779 2433 1834 Astabit
2479 1781 2622 1836 enim
2672 1790 2729 1837 et
2776 1783 2910 1853 ipse,
2956 1784 3064 1839 Deo
3093 1800 3158 1839 ac
3189 1784 3471 1840 Salvatore
3496 1800 3596 1841 no-

300 1882 417 1945 τὸν,
450 1883 561 1935 τῶν
600 1880 905 1953 μαστίγων,
944 1881 1053 1935 τῶν
1082 1880 1320 1952 δεσμῶν.
1355 1880 1464 1934 τῶν
1492 1880 1901 1953 στρεϐλώσεων,

300 1977 403 2047 τῆς
426 1974 748 2050 ἐπικερδοῦς
787 1975 1043 2046 τελευτῆς
1067 1991 1081 2007 ⁸
1116 1975 1200 2029 ὅτι
1233 1975 1333 2047 τῆς
1360 1974 1719 2046 ἀτελευτήτου
1756 1974 1903 2047 ζωῆς

301 2068 455 2141 αὐτῷ
479 2068 755 2139 γεγένητα
767 2086 785 2121 ι
821 2066 1104 2139 πρόξενος.
1394 2108 1399 2115 .
1573 2109 1576 2111 .

391 2248 527 2303 Ἀλλ’
560 2249 690 2302 ὅταν
720 2248 926 2303 τούτων
958 2246 1221 2321 ἀκούσης,
1263 2240 1381 2299 οἶδα
1432 2244 1470 2299 ἃ
1511 2246 1751 2318 φρονεῖς,
1808 2243 1905 2299 καὶ

300 2340 517 2409 λέγεις’
572 2339 830 2403 Δεκτικὸς
872 2337 1028 2407 κάγὼ
1059 2336 1167 2391 τῶν
1214 2335 1435 2407 ὁμοίων.
1475 2336 1755 2407 Ἃννζήσω
1782 2336 1903 2390 κατ’

301 2432 529 2505 ἀρετὴν,
560 2433 623 2485 οὐ
652 2432 873 2505 χείρων,
897 2430 1007 2485 οὐδ’
1027 2430 1348 2501 ἀτιμότερος
1369 2428 1479 2484 τῶν
1502 2429 1601 2483 νῦν
1629 2428 1904 2501 θαυμαζο-

305 2523 487 2594 μένων
532 2522 753 2594 ἔσομαι.
796 2521 1050 2576 Μάλιστα
1095 2520 1194 2591 μὲν
1245 2515 1361 2582 οὖν,
1415 2516 1675 2583 ἀλαζόνος
1729 2518 1906 2574 ταῦτα

301 2617 378 2670 τὰ
411 2618 657 2689 ῥήματα,
689 2612 1028 2676 δικαιοῦντος
1057 2612 1252 2668 ἑαυτὸν
1282 2610 1424 2666 κατὰ
1443 2612 1535 2665 τὸν
1560 2610 1904 2683 μεγάλαυχον

299 2711 622 2781 ⁴Ειαρισαῖιιν,
658 2708 753 2761 καὶ
796 2706 980 2777 πάσης
1011 2704 1401 2777 ταπεινότητος
1435 2702 1579 2769 ξένα.
1630 2705 1903 2777 Πρόδηλον

300 2801 383 2866 δὲ,
412 2800 490 2865 ὡς
514 2802 544 2853 ὁ
573 2800 648 2870 μὴ
673 2797 940 2871 πρότερον
963 2795 1340 2859 ταπεινωθεὶς,
1374 2798 1456 2860 εἰς
1491 2795 1623 2867 ὕψος
1655 2797 1755 2851 οὐκ
1778 2798 1907 2852 ἀνα-

302 2893 514 2947 ϐαίνειο
556 2891 834 2961 ἀπόφασις
884 2888 993 2961 γάρ
1032 2891 1165 2946 ἐστι,
1198 2888 1526 2959 Δεσποτική.
1578 2889 1696 2943 Ἵνα
1727 2888 1787 2943 δέ
1816 2888 1904 2953 τίς

306 3001 393 3039 σοι
427 2982 743 3057 ἐνεχυρίζῃ,
786 2983 869 3036 ὅτι
904 2983 1111 3055 γενήσῃ
1141 2979 1423 3045 τοιοῦτος..
1457 2981 1519 3035 οὐ
1552 2979 1746 3045 θέλεις,
1781 2982 1902 3037 εἰπέ

306 3093 422 3148 μοι,
455 3074 767 3145 αἰδεσθῆναι
794 3075 921 3138 τοὺς
950 3072 1047 3145 τὴν
1069 3072 1187 3126 ὁδόν
1219 3088 1301 3125 σοι
1336 3072 1436 3143 τῆς
1462 3073 1741 3137 εὐσεϐείας
1765 3074 1901 3146 τέμ-

2006 1882 2123 1927 stro
2152 1880 2470 1942 apparente,
2506 1889 2675 1945 osque
2717 1876 2925 1945 aperiet
2946 1875 2998 1929 in
3030 1876 3246 1942 ﬁducia,
3280 1879 3591 1949 angelorum

2008 1964 2161 2020 laetus
2200 1965 2535 2034 spectaculo,
2591 1966 2682 2021 Dei
2722 1979 2782 2021 se
2824 1967 2995 2036 gloria
3031 1967 3596 2045 beatumpraedicans

2011 2071 2041 2111 a
2073 2056 2412 2124 verberibus,
2439 2056 2691 2123 vinculis,
2717 2060 3028 2128 tormentis,
3059 2070 3234 2117 morte
3259 2061 3375 2117 utili
3402 2081 3416 2117 :
3448 2065 3594 2134 quod

2006 2162 2069 2204 ea
2092 2148 2421 2205 immortalis
2454 2150 2504 2204 ei
2536 2151 2645 2206 vita
2679 2153 2993 2208 accesserit.

2081 2239 2284 2298 Verum
2315 2244 2430 2299 scio
2458 2244 2587 2314 quid
2618 2245 2733 2301 haec
2767 2244 2992 2302 audiens
3033 2247 3260 2315 sentias,
3293 2262 3357 2303 ac
3399 2248 3548 2304 dicas
3576 2266 3592 2303 :

2008 2332 2138 2389 Sum
2166 2344 2220 2388 et
2262 2334 2377 2405 ipse
2425 2336 2611 2391 talium
2662 2351 2855 2406 capax.
2908 2337 3065 2391 Modo
3107 2339 3284 2393 vivam
3319 2353 3350 2392 e
3379 2339 3595 2394 virtutis

2009 2425 2237 2492 ratione,
2291 2426 2429 2481 nihil
2479 2427 2721 2484 deterior
2769 2438 2861 2483 aut
2903 2429 3100 2483 minori
3134 2430 3339 2483 honore
3380 2429 3595 2485 futurus

2005 2532 2146 2582 snitu,
2194 2519 2264 2575 ab
2317 2520 2383 2574 iis
2430 2534 2569 2589 quos
2623 2536 2766 2575 nunc
2820 2520 3183 2574 adrnirat‘nur.
3222 2520 3386 2575 Plane
3424 2535 3592 2578 vero:

2005 2620 2131 2666 sunt
2161 2612 2276 2667 huic
2301 2612 2466 2667 animi
2502 2612 2809 2681 arrogantis
2839 2610 3031 2679 verba,
3077 2611 3191 2680 ejus
3229 2612 3317 2681 qui
3353 2612 3594 2682 seipsqu

2000 2702 2265 2773 justificat
2311 2719 2461 2760 more
2484 2703 2803 2774 jactabundi
2848 2703 2992 2760 illius
3053 2703 3306 2760 Pharisaei
3329 2704 3397 2769 ",
3432 2714 3595 2775 atque

2007 2796 2075 2850 ab
2099 2796 2243 2850 omni
2268 2796 2589 2852 humilitatis
2612 2810 2771 2851 sensu
2798 2795 2994 2851 aliena.
3025 2795 3210 2850 Palam
3240 2811 3368 2852 vero
3393 2796 3581 2866 liquet.

2006 2887 2110 2943 nisi
2149 2889 2273 2960 quis
2308 2889 2459 2958 prius
2490 2904 2551 2943 se
2578 2888 2692 2958 ipse
2722 2888 3111 2953 humiliaverit,
3146 2904 3251 2943 non
3286 2889 3594 2959 provehen-

2006 2980 2133 3033 dum
2182 2980 2250 3034 ad
2300 2981 2352 3034 id
2393 2980 2537 3051 quod
2587 2989 2672 3036 est
2712 2979 2880 3035 altum
2916 2995 2979 3049 ac
3010 2980 3280 3035 sublime:
3315 2981 3590 3036 Dominica

2008 3090 2246 3145 namque
2285 3075 2553 3128 sententia
2584 3082 2687 3129 est.
2723 3072 2862 3140 Quin
2899 3082 2957 3127 ut
2999 3072 3195 3142 aliquis
3235 3073 3394 3128 talem
3434 3083 3483 3129 te
3509 3074 3594 3128 fu-

303 3186 521 3231 νοντας,
553 3169 679 3232 τοὺς
725 3167 956 3237 ὁδηγοὺς
991 3165 1100 3223 τῶν
1148 3166 1353 3230 καλῶν,
1384 3167 1511 3230 τοὺς
1545 3166 1902 3232 διδασκάλους

2005 3177 2184 3223 turum
2228 3177 2391 3231 ,certo
2439 3167 2724 3238 Spondeat,
2768 3183 2971 3238 ergone
3020 3166 3180 3232 nolis,
3234 3168 3462 3222 obsecro
3506 3177 3580 3232 te,

302 3259 408 3330 τῆς
460 3258 687 3330 ἀρετῆς,
730 3258 859 3325 τοὺς
918 3256 1320 3323 παιδεύσαντας
1364 3274 1422 3311 σε
1466 3258 1764 3329 καρτερίαν
1806 3259 1903 3313 καὶ

301 3350 543 3406 θανάτου
572 3349 1011 3422 καταφρόνησινς
1048 3349 1208 3420 Παρὰ
1236 3350 1343 3403 τῶν
1370 3349 1753 3428 μαθητιῖιντοῦ
1785 3349 1901 3422 βίου

300 3443 501 3496 τούτου
531 3440 953 3513 εὐγνωμοσύνην
982 3439 1282 3511 διδάχθητι,
1310 3441 1392 3494 ὅτι
1421 3441 1597 3510 ὅμοιοι
1625 3443 1901 3514 γινόμενοι

301 3534 413 3589 τῶν
443 3532 790 3600 διδαξάντων,
833 3533 928 3587 καὶ
964 3532 1116 3586 οὐδὲν
1156 3531 1259 3602 τῆς
1302 3516 1500 3603 τέχνης
1539 3532 1897 3598 ἐλλείποντες,

301 3628 457 3697 ὅμως
489 3624 602 3697 τῶν
628 3624 988 3679 διδασκόντων
1015 3622 1233 3694 φιλοῦσι
1266 3624 1334 3678 τά
1376 3625 1570 3697 στήθη,
1604 3625 1905 3690 αίδοῦνται,

303 3715 638 3787 εὐφημοῦσι,
675 3716 783 3769 τῶν
812 3716 1097 3788 πρωτείων
1123 3717 1543 3789 παραχωροῦσι,
1574 3717 1905 3790 θεραπεύου-

305 3825 395 3863 σιν
420 3809 495 3872 ὡς
510 3808 770 3879 πατέρας.
788 3807 966 3861 Πολλὰ
980 3807 1073 3861 καὶ
1094 3806 1517 3878 τελευτήσαντες
1548 3807 1692 3877 ᾂγιοι
1714 3808 1904 3875 δύναν-

300 3918 422 3964 ται⁹
460 3900 557 3954 καὶ
595 3899 922 3964 ἀπελθόντες
966 3899 1061 3953 τοῦ
1110 3899 1227 3972 βίου
1271 3882 1657 3971 εὐεργετοῦσιν
1688 3899 1901 3972 ἀνθρώ-

302 4009 472 4059 πουςο
508 3992 603 4047 καὶ
648 3993 859 4065 μάρτυς
888 3992 997 4047 τῶν
1029 3993 1340 4065 λεγομένων
1371 3994 1400 4046 ὁ
1438 3993 1759 4059 Ἐλισσαῖος,
1799 3997 1903 4050 πά-

301 4086 394 4139 λαι
427 4085 537 4157 μὲν
572 4083 820 4139 ἀπελθὼν
860 4086 954 4139 τοῦ
999 4085 1115 4156 βίου
1154 4085 1248 4138 καὶ
1283 4072 1592 4156 κοιμηθεὶς,
1636 4086 1902 4165 ἀθάνατον
1935 4142 1941 4148 ,

300 4177 360 4231 δέ
387 4177 484 4231 καὶ
510 4177 813 4248 ἀχώριστον
840 4176 938 4248 τὴν
970 4176 1065 4230 τοῦ
1098 4177 1234 4231 Θεοῦ
1267 4176 1660 4259 χάρινλαόὼν,
1688 4176 1768 4250 τῷ
1795 4178 1903 4250 χώ·-

306 4287 440 4341 ματι
464 4268 908 4342 παρεδρεύουσαν
939 4268 1033 4322 καὶ
1069 4271 1185 4337 τοῖς
1214 4268 1444 4345 ἀψύχοις
1470 4269 1713 4334 ὀστέοις.⁸
1739 4266 1902 4336 Οἶδας

301 4363 435 4433 γάρ,
469 4364 499 4415 ὁ
529 4361 816 4431 φιλόπονος
859 4359 968 4414 τῶν
1015 4360 1249 4433 Γραφῶν
1287 4359 1554 4431 μαθητὴς,
1591 4362 1675 4424 ὃτι
1708 4362 1901 4434 νεκρός

299 4470 387 4518 τις
426 4453 582 4527 παρὰ
609 4454 719 4507 τῶν
747 4453 964 4523 οἰκείων
993 4454 1074 4517 εἰς
1102 4452 1199 4524 τὴν
1240 4451 1483 4524 ἐκφορὰν
1514 4453 1895 4545 κομιζόμενοςν
1931 4489 1974 4545 β

301 4546 517 4619 λῃστῶν
548 4546 742 4618 ἀθρόον
773 4546 807 4618 ἢ
845 4544 1116 4615 πολεμίων
1168 4544 1606 4610 καταλαϐόντων,
1637 4540 1726 4600 οἷα
1752 4544 1898 4624 φιλεῖ

304 4638 630 4708 συμβαίνειν
667 4641 959 4711 ἐνίσυνοχῇ
1005 4638 1101 4692 καὶ
1136 4636 1369 4709 θορύϐῳ,
1421 4637 1769 4710 ἐπιρριφοεὶς
1818 4638 1921 4718 τῷ,

302 4720 461 4802 τάᾴῳ
507 4732 603 4786 τοῦ
633 4731 1032 4805 τρισμακαρίου
1066 4733 1368 4804 προφήτου,
1396 4730 1593 4804 ἀθρόον
1614 4730 1893 4805 ἐψυχώθη,

301 4824 401 4876 καὶ
447 4824 585 4896 πρὸς
630 4825 759 4888 τοὺς
809 4824 1021 4890 ζῶντας
1072 4824 1350 4879 ἀνέλυσεν.
1404 4823 1469 4877 Τί
1526 4820 1621 4879 οὖν
1662 4823 1894 4896 ἐροῦμεν

297 4916 440 4989 πρὸς
469 4918 533 4970 τὸ
559 4918 884 4988 γενόμενον;
932 4916 1023 4989 Μὴ
1056 4916 1311 4989 αἴσθησιν
1345 4913 1460 4989 εἶχε
1502 4919 1613 4973 τῶν
1654 4935 1892 4991 πραττο-

298 5019 478 5088 μένων
503 5018 799 5084 detractos;
848 5018 926 5090 μὴ
952 5019 1120 5090 εὐχὴν
1159 5014 1497 5087 άνέπεμιιιιεν,
1636 5012 1776 5083 ὑπὲρ
1799 5009 1893 5064 τοῦ

295 5110 590 5183 παιδαρίου
636 5112 737 5183 τῆς
785 5112 1144 5184 Σαμαρίτιδος
1159 5112 1241 5179 ⁸¹;
1301 5110 1441 5164 Ἀλλ’
1474 5108 1628 5162 οὐδὲν
1651 5105 1894 5162 τοιοῦτον

293 5202 509 5257 δίδωσιν
559 5206 694 5274 ἡμῖν
756 5206 959 5258 ἐννοεῖν
1006 5207 1042 5275 ἡ
1093 5203 1204 5258 τῶν
1253 5201 1592 5275 πραγμάτων
1635 5198 1889 5270 ἀλήθεια.

303 5295 518 5348 Ἐκειτο
545 5294 655 5365 γάρ
683 5295 791 5367 πρὸ
821 5295 1031 5350 πολλῶν
1060 5295 1170 5348 τῶν
1197 5295 1405 5366 χρόνων
1437 5295 1466 5347 ό
1493 5293 1720 5356 δίκαιος,
1760 5291 1889 5344 ἀνα-

297 5384 546 5450 Αυθέντος
573 5384 670 5441 τοῦ
698 5387 950 5459 σώματος
973 5387 1111 5460 πρὸς
1135 5388 1225 5441 τὸν
1248 5387 1482 5458 συγγενῆ
1509 5384 1639 5457 χοῦν
1664 5384 1760 5437 καὶ
1786 5382 1889 5454 τὴν

2004 3262 2072 3317 iis
2099 3260 2301 3317 habere
2332 3260 2713 3327 reverentiam,
2749 3259 2838 3328 qui
2875 3258 2968 3314 tibi
2995 3258 3209 3328 pietatis
3235 3258 3377 3313 viam
3409 3258 3592 3315 initia-

2002 3355 2238 3413 verunt?
2270 3354 2361 3423 qui
2412 3354 2687 3410 bonorum
2734 3353 2954 3409 fuerunt
2981 3352 3196 3409 duces?
3232 3352 3324 3424 qui
3378 3353 3594 3408 virtutis

1978 3446 2301 3502 .doctores?
2360 3446 2452 3516 qui
2509 3448 2577 3502 ad
2640 3445 3030 3510 tolerantiam,
3093 3458 3163 3498 ac
3220 3444 3414 3499 mortis
3462 3458 3594 3499 con.

2009 3549 2271 3611 temptum
2330 3538 2693 3594 erudierunt?
2762 3538 2918 3592 Disce
2981 3551 3010 3590 a
3069 3534 3253 3591 saeculi
3318 3535 3474 3606 lmjus
3528 3549 3596 3590 ac

2003 3633 2192 3687 mundi
2235 3630 2535 3702 discipulis,
2587 3630 2787 3700 probos
2820 3646 2885 3685 ac
2918 3638 3103 3700 gratos
3137 3642 3338 3694 mores,
3382 3636 3441 3680 ut
3469 3643 3590 3682 cum

1973 3724 2282 3794 .magistris
2327 3724 2535 3779 similes
2573 3725 2844 3787 evadant,
2897 3736 2996 3775 nec
3046 3721 3130 3775 eis
3178 3720 3475 3790 quidquam
3523 3720 3594 3773 de

2003 3820 2137 3873 artis
2177 3818 2369 3888 peritia
2399 3816 2559 3882 desit,
2614 3816 2995 3885 magistrorum
3047 3821 3224 3866 tamen
3276 3811 3595 3865 osculentur

2010 3918 2653 3982 peetora,rerereantur,
2688 3905 2937 3959 laudibus
2960 3903 3264 3969 celebrent,
3295 3902 3374 3957 eis
3400 3915 3593 3957 conen-

2004 4004 2133 4059 dant
2171 4001 2397 4083 primas,
2426 3999 2608 4054 colant
2639 4009 2697 4051 ιιι
2729 4005 2929 4066 patres.
2964 3993 3130 4049 Multa
3160 3994 3333 4050 sancti
3373 3993 3579 4060 valent,

2005 4096 2229 4151 tametsi
2288 4093 2399 4149 vita
2471 4091 2687 4157 functi,
2757 4103 2989 4158 eumque
3054 4087 3335 4157 migrarint
3393 4103 3423 4141 a
3486 4102 3593 4142 sae-

2004 4188 2144 4253 culo,
2175 4185 2456 4242 beneflciis
2488 4195 2666 4238 tamen
2706 4181 3021 4253 impertiunt
3051 4179 3300 4233 homines
3326 4197 3341 4233 :
3371 4194 3435 4233 ac
3467 4178 3592 4248 qui-
3642 4239 3649 4247 _

2007 4282 2127 4337 dem
2159 4279 2370 4336 Eliseus
2403 4279 2565 4333 fidem
2598 4277 2810 4331 abunde
2839 4274 2998 4330 dictis
3029 4271 3230 4326 astruit
3260 4290 3273 4327 :
3303 4272 3394 4343 qui
3431 4273 3591 4326 nimi-

2002 4391 2145 4439 rum,
2192 4387 2316 4428 cum
2359 4371 2449 4427 diu
2492 4379 2619 4424 ante
2647 4385 2675 4423 ο
2710 4367 2909 4423 saeculo
2949 4369 3254 4440 migrasset,
3295 4380 3359 4421 ac
3398 4364 3590 4419 mortis

2003 4475 2252 4516 somnum
2304 4458 2624 4530 accepisset,
2659 4457 3019 4513 immortalem
3050 4467 3227 4513 tamen
3257 4472 3323 4513 ac
3351 4455 3583 4510 indivul-

2002 4569 2118 4611 sam
2153 4552 2245 4608 Dei
2274 4553 2505 4623 gratiam
2550 4550 2842 4621 acceperit,
2877 4551 3086 4607 tumulo
3126 4551 3481 4613 assidentem,
3516 4562 3583 4602 ac

2002 4645 2233 4701 mortuis
2263 4644 2481 4701 ossibus
2510 4644 2830 4698 haerentem.
2871 4642 3046 4709 Nosti,
3092 4644 3343 4713 quisquis
3364 4639 3587 4697 exsistis

1999 4740 2273 4799 studiosus
2319 4738 2723 4807 Scripturarum
2769 4736 3090 4804 discipulus,
3145 4744 3203 4789 ut
3249 4750 3373 4789 cum
3436 4746 3584 4787 mor-

2001 4841 2127 4886 tuus
2173 4829 2368 4899 aliquis
2410 4830 2842 4884 necessariorum
2885 4843 3014 4883 cura
3051 4827 3243 4880 funere
3270 4825 3583 4888 efferretur,

1998 4922 2512 4993 supervenientibus
2564 4932 2788 4992 repente
2825 4920 3144 4976 latrunculis
3168 4921 3282 4974 sive
3316 4917 3581 4983 hostibus,

1999 5015 2075 5069 uti
2109 5014 2268 5069 facile
2307 5013 2360 5066 in
2396 5013 2664 5081 angustiis
2694 5014 2961 5083 ejusmodi
2993 5028 3057 5066 ac
3088 5010 3397 5066 turbatione
3439 5009 3586 5063 acci-

1997 5106 2075 5160 dit
2127 5105 2270 5159 inter
2339 5102 2483 5158 beati
2534 5104 2812 5173 pmphetaa
2880 5102 3186 5171 sepulcrum
3259 5099 3580 5170 proiectus,

1999 5196 2292 5253 confestim
2377 5195 2647 5266 receperit
2705 5196 2967 5260 animam,
3041 5203 3207 5262 atque
3278 5194 3346 5247 ad
3418 5193 3581 5245 vitam

1999 5288 2306 5345 redierit“.
2336 5287 2473 5354 Quid
2504 5301 2634 5357 ergo
2660 5286 2854 5341 dicturi
2886 5299 3074 5340 sumus
3097 5299 3195 5354 pro
3222 5298 3290 5338 eo
3316 5285 3457 5356 quod
3483 5282 3585 5339 fuit

1998 5381 2246 5451 gestum?
2293 5394 2495 5449 ergone
2540 5394 2761 5435 sensum
2818 5376 3007 5439 habuit
3042 5379 3129 5432 vir
3174 5376 3356 5446 justus
3387 5392 3581 5433 eorum

297 5475 563 5546 ὁμόφυλον
592 5478 763 5533 κόνιν.
792 5479 1065 5552 Πρόδηλον
1085 5480 1140 5534 δὲ
1162 5479 1523 5550 καθέστηκεν,
1548 5478 1624 5542 ὡς
1644 5475 1883 5542 δοξάζων

2003 5490 2114 5546 quae
2154 5474 2514 5546 gererentur?
2557 5487 2827 5545 precesne
2868 5471 3075 5535 emisit,
3128 5471 3278 5526 velut
3327 5486 3423 5542 pro
3473 5470 3583 5525 lilio

294 5566 329 5621 ὁ
354 5566 488 5633 Θεὸς
523 5570 613 5625 ἀεὶ
655 5572 751 5626 καὶ
782 5572 923 5644 μετὰ
963 5573 1119 5636 τέλος
1161 5574 1288 5637 τοὺς
1332 5572 1497 5636 ἰδίους
1537 5569 1883 5643 ἀνθρώπους,

1993 5566 2348 5622 Sunamitidis
2376 5566 2465 5620 u?
2500 5564 2695 5620 Verum
2724 5563 2857 5621 nihil
2886 5562 3177 5634 ejusmodi,
3210 5578 3390 5620 rerum
3424 5563 3581 5617 nobis

372 5751 417 5787 ⁵³
439 5752 604 5815 Vocat
638 5758 915 5832 Scriptura
951 5762 1278 5837 Σωμανῐτιν.
1364 5761 1407 5794 ⁵³
1436 5759 1569 5815 Luc.
1602 5774 1755 5828 xvrn,
1784 5758 1841 5814 ll
1872 5774 1903 5813 si

2081 5755 2125 5790 ιδ
2155 5754 2223 5811 ιν
2262 5752 2397 5828 Reg.
2445 5767 2568 5822 xm,
2594 5753 2685 5810 2!.
2712 5824 2725 5830 α
2768 5752 2813 5786 ⁸⁵
2848 5751 2915 5808 W
2938 5749 3095 5826 _Reg.
3130 5765 3205 5816 tv,
3235 5748 3325 5804 '55.
