4048 6194
345 215 448 274 δῖῗ

1627 207 1686 262 S.
1724 198 2000 256 ASTER“
2039 195 2340 254 ASIASENI

3525 166 3630 223 328

348 334 554 390 veritas
595 328 946 401 cogitandum
984 322 1201 392 ingerit.
1244 319 1381 375 Nam
1409 317 1494 373 vir
1522 317 1700 387 justus
1734 332 1763 370 a
1797 315 1936 371 mul-
1964 373 1969 384 ,

2072 315 2167 386 περὶ
2207 312 2302 375 τὰς
2339 310 2513 382 θήκας
2558 304 2737 361 αὐτῶν
2785 301 2878 357 καὶ
2917 299 3015 363 τὰς
3045 292 3380 354 ἀναπαύσεις
3409 288 3630 358 θαυμα-

2520 400 2524 401 ⁷
2607 399 2627 401 “
2726 397 2746 401 ’“
2881 394 2893 401 ·
2938 390 2999 401 ····
3171 388 3182 401 ·
3224 386 3238 401 ι
3323 382 3363 401 Α
3409 377 3597 401 .,_n_s-

357 428 431 483 tis
453 427 562 494 jam
594 425 757 476 annis
805 416 1013 472 tuinulo
1038 413 1275 482 iacebat,
1317 424 1624 480 corpusque
1659 409 1711 464 in
1744 423 1944 478 cogna-

355 528 469 569 tum
506 512 810 582 pulverem,
861 521 927 560 ac
958 503 1042 558 sui
1073 503 1290 572 generis
1314 501 1547 565 cineres,
1582 499 1756 554 fuerat
1787 513 1942 553 reso-

356 608 547 661 lutum.
597 601 795 672 Liquet
835 608 1040 662 autem,
1079 597 1268 660 Deum,
1303 593 1392 663 qui
1437 592 1681 647 addictos
1712 591 1810 661 ipsi
1849 591 1947 646 lto-

361 698 560 760 mines,
593 703 717 764 post
745 692 914 746 etiam
945 699 1172 744 mortem
1203 699 1417 755 semper
1448 683 1732 749 elaritlcet,
1783 681 1948 736 mira-

362 790 485 845 bilia
517 789 631 842 haec
659 784 731 840 ad
758 783 1003 852 sepulcra
1032 794 1244 844 eorum,
1287 791 1353 832 ac
1407 775 1529 830 loca
1573 776 1767 844 quibus
1799 773 1949 843 quie-

363 890 546 944 scunt,
579 877 796 948 operari
827 873 1106 937 miracula,
1134 886 1240 941 quo
1271 868 1482 941 posteri
1505 876 1768 939 perpetua
1807 867 1951 922 serie

363 974 558 1044 pignus
588 972 848 1026 habentes
883 966 1154 1037 praeclara:
1185 962 1633 1025 conversationis.
1676 959 1802 1015 vita:
1833 975 1953 1014 cur-

362 1083 482 1121 sum
543 1075 944 1119 consuntmeut.
1013 1059 1216 1114 Eodem
1289 1056 1448 1111 modo
1519 1053 1667 1108 Elius
1724 1051 1954 1121 hujusce

362 1169 661 1228 prmceptor
723 1155 1033 1225 prophetm,
1105 1157 1226 1221 post
1289 1163 1458 1217 equos
1523 1146 1828 1202 ﬂainmeos
1889 1160 1954 1200 ae

364 1249 578 1318 igneum
606 1261 846 1307 currum,
899 1244 951 1298 in
989 1241 1091 1296 alia
1128 1254 1295 1310 agt-ns
1323 1238 1476 1302 vita;
1516 1252 1578 1291 ac
1614 1236 1682 1290 ab
1706 1236 1956 1291 humanis

364 1338 432 1392 ad
463 1339 638 1392 locum
689 1335 951 1403 migrans,
989 1347 1148 1402 qucnt
1176 1340 1262 1384 est
1284 1336 1640 1390 consecutus,
1677 1326 1954 1396 amplissi-

366 1431 560 1484 simum
617 1444 729 1483 sua:
784 1427 997 1481 virtutis
1049 1423 1300 1479 melotem
1352 1421 1568 1492 reliquit
1632 1421 1956 1491 symbolum.

369 1521 612 1576 Tametsi
645 1518 834 1590 quanti
897 1516 984 1570 illa
1026 1515 1184 1585 pretii
1222 1510 1544 1568 videbatur?
1583 1509 1726 1565 Nihil
1763 1509 1961 1580 quippe

369 1614 514 1669 aliud
556 1622 676 1667 erat
721 1625 883 1682 quam
933 1608 1087 1680 pellis
1137 1616 1374 1671 mortua,
1429 1621 1529 1659 usu
1569 1602 1680 1672 jam
1712 1619 1776 1658 ac
1807 1613 1960 1657 vetu-

2043 405 2262 476 τουργεῖ
2287 402 2358 456 τά
2387 399 2693 472 παράδοξι’
2725 397 2811 450 ἵνα
2847 394 2897 448 οἱ
2933 390 3133 457 ζῶντες
3159 386 3248 440 ἀεὶ
3277 382 3372 437 καὶ
3405 377 3633 452 μεθηλι-

2045 499 2314 567 κέστεροι,
2365 495 2617 566 ἐνέχυρον
2665 490 2879 560 ἔχοντες
2916 486 3016 554 τῆς
3063 480 3292 554 ἀρίστης
3327 473 3630 536 πολιτείας,

2047 565 2314 660 ἐξανύωσι
2345 565 2481 658 βίον.
2521 582 2794 645 Ὡσαύτως
2825 579 2922 633 καὶ
2949 575 3135 638 Ἠλίας
3165 575 3194 626 6
3224 567 3320 623 τοῦ
3349 565 3636 660 προφήτου

2048 681 2240 736 τούτου
2269 674 2623 748 καθηγεμὼν,
2664 670 2805 745 μετά
2830 670 2958 732 τοὺς
2988 663 3286 737 φλογώδεις
3311 660 3509 720 ἵππους
3541 655 3640 748 καὶ

2049 773 2110 826 τὸ
2157 769 2381 841 πύρινον
2401 742 2568 838 ’ἀρ-μα
2612 742 2676 818 ἐν’
2701 761 2838 832 ἄλλῃ
2872 755 3145 830 βιωτεύων
3173 752 3306 820 ζωῇ,
3346 742 3642 841 καὶᾼάπελα

2053 863 2163 918 θὼν
2204 835 2265 927 ἐξ
2293 835 2594 932 ἀνθρώπων
2637 857 2716 920 εἱς
2752 854 2843 907 τὸν
2879 849 3056 922 χῶρον
3102 845 3161 899 ὃν
3206 843 3418 932 ἔλαχεν,
3453 835 3644 932 ἱκανὸν

2052 957 2154 1028 τῆς
2211 927 2407 1008 ἐαυτού
2440 951 2720 1021 δυνάμεως
2753 942 3021 1016 σύμϐολον
3069 938 3286 1009 ἀφῆκεν
3465 927 3646 1028 μηλωῖ

2053 1018 2172 1120 τήν.
2218 1047 2408 1103 Καίτοι
2455 1018 2619 1097 πόσου
2657 1039 2801 1103 τινὸς
2847 1036 2973 1102 ἀξία
3019 1032 3263 1103 ὑπῆρχεν
3295 1023 3512 1094 ὲκείνη;
3565 1018 3644 1071 Οὐ

2055 1119 2165 1214 γάρ
2191 1136 2258 1212 ἦν
2287 1138 2414 1194 ἄλλο
2444 1155 2520 1203 τι,
2569 1137 2603 1206 ἢ
2648 1133 2826 1205 δέρμα
2856 1128 3047 1200 νεκρὸν
3077 1125 3170 1178 καὶ
3205 1119 3407 1214 φαύλον
3436 1119 3500 1170 ἐκ

2056 1206 2358 1304 λαίότητος,
2392 1230 2580 1302 Ὅμως
2611 1227 2669 1280 δὲ
2697 1227 2790 1279 καὶ
2817 1225 2846 1276 ὁ
2885 1219 3156 1293 Ἰορδάνης
3187 1213 3358 1285 αὐτὴν
3384 1206 3650 1304 ὑπεστέλ-

2057 1325 2200 1390 λετο,
2234 1299 2332 1377 καὶ
2359 1299 2480 1392 δίχα
2510 1319 2572 1372 τὸ
2602 1317 2746 1390 ὕδωρ
2798 1313 3075 1385 ἐτέμνετο,
3103 1307 3199 1364 καὶ
3225 1299 3649 1392 διακεκριμένον

2061 1386 2324 1489 εἱστηκει,
2367 1386 2556 1484 ὥσπερ
2610 1386 2840 1465 ἐπὶντοῦ
2897 1403 3073 1476 Ἰησοῦ
3117 1403 3181 1456 τὸ
3216 1392 3552 1489 παλαιδνηδς
3579 1386 3650 1462 ἦν

2060 1485 2231 1574 τύπος
2259 1507 2352 1562 τοῦ
2387 1506 2690 1579 μέλλοντος.
2719 1501 2906 1573 Παρῆν
2928 1499 2984 1553 δὲ
3009 1497 3101 1552 καὶ
3127 1492 3282 1549 ἀπὼν
3304 1493 3332 1545 6
3355 1485 3654 1579 Θεσὸίτης,

2064 1601 2159 1656 καὶ
2182 1601 2244 1654 τὸ
2270 1576 2472 1670 ἔνδυμα
2509 1596 2602 1651 τοῦ
2645 1594 2933 1664 φιλοσόφου
2961 1589 3227 1654 ἐδεξιοῦτο
3251 1585 3343 1638 τὸν
3377 1576 3651 1654 μαθητὴν,

370 1717 513 1762 state
558 1671 787 1760 inutilis.
833 1671 986 1755 lianc
1029 1699 1380 1754 nihilominus
1411 1697 1525 1766 ipse
1567 1671 1957 1750 reformidahat

2072 1693 2280 1764 ὶσφαλῆ
2306 1691 2398 1745 τοῦ
2431 1690 2680 1762 ποταμοῦ
2705 1685 3074 1760 χαριζομένης
3102 1681 3200 1753 τὴν
3227 1676 3524 1766 περαίωσιν
3547 1671 3654 1766 τῆς

369 1799 644 1860 Jordanis,
672 1795 975 1864 mediaque
1022 1791 1372 1846 scindebatur
1411 1803 1574 1857 aqua,
1621 1802 1686 1842 ac
1717 1787 1955 1842 discreta

371 1894 572 1957 stabat,
606 1905 709 1959 qua
744 1889 875 1944 olim
906 1886 1115 1940 ratione
1150 1883 1251 1938 sub
1281 1881 1433 1948 Jesu,
1466 1881 1557 1951 qui
1593 1880 1755 1934 l'uturi
1788 1881 1958 1950 ﬁgura

375 1982 497 2038 fuit.
555 1982 760 2037 Aderat
804 1987 1006 2042 autem,
1061 1990 1182 2030 cum
1228 1973 1391 2029 etiam
1433 1973 1648 2027 abesset
1676 1971 1962 2027 Thesbites

374 2073 482 2138 ille,
536 2087 600 2127 ac
645 2067 951 2142 philosophi
1019 2065 1438 2131 indumentum,
1489 2062 1811 2133 discipulum
1863 2063 1959 2118 de-

374 2162 666 2228 mulcebat,
699 2169 992 2232 prazstante
1026 2158 1117 2214 Dei
1154 2155 1465 2221 clementia,
1515 2165 1574 2209 ut
1617 2155 1662 2210 is
1705 2163 1820 2209 toto
1863 2153 1963 2208 llu-

383 2271 505 2310 men
539 2256 829 2320 transiret,
866 2260 1294 2320 sanctorumque
1329 2248 1659 2304 indumentis
1702 2248 1959 2302 honorem

380 2349 636 2412 habente,
669 2356 924 2416 tanquam
955 2344 1192 2398 animata
1233 2352 1436 2397 essent.
1465 2341 1642 2410 Atque
1671 2350 1729 2395 ut
1755 2339 1962 2409 perspi-

376 2457 478 2496 cue
507 2440 683 2511 palam
726 2448 896 2503 esset,
939 2435 1262 2491 miraculum
1311 2434 1443 2490 illud
1477 2435 1529 2487 in
1565 2433 1805 2497 llumiue,
1854 2448 1959 2487 non

377 2531 734 2604 percutientis
764 2529 960 2584 merito
987 2536 1262 2598 patratum
1295 2541 1436 2588 esse,
1467 2526 1561 2580 sed
1590 2525 1706 2593 ejus
1741 2525 1962 2578 honoris

378 2639 562 2688 causa,
595 2624 684 2692 qui
710 2622 1058 2682 excessisset,
1092 2633 1156 2673 ac
1186 2617 1379 2672 fuisset
1408 2627 1742 2685 assumptus.
1785 2615 1964 2669 Elis-eo

377 2730 574 2784 aquam
619 2713 971 2782 percutiente,
1026 2709 1227 2762 ﬂuebat
1277 2707 1367 2762 illa
1419 2706 1771 2760 nihilominus
1816 2719 1964 2760 more

2064 1762 2158 1841 τού
2186 1762 2320 1838 Θεοῦ
2351 1781 2784 1854 φιλανθρωπίας,
2813 1776 2905 1832 καὶ
2935 1775 3004 1829 τὰ
3032 1771 3306 1842 ἐνδύματα
3337 1765 3446 1820 τῶν
3477 1762 3654 1832 ἁγίων

2065 1877 2334 1950 τιμώσης,
2374 1876 2449 1941 ὡς
2478 1875 2715 1946 ἔμψυχα.
2749 1869 2859 1925 Καὶ
2893 1869 2979 1922 ἵνα
3017 1863 3208 1936 δειχθῇ
3257 1856 3532 1950 καθαρῶς,
3567 1854 3653 1950 δτι

2067 1943 2283 2043 ’τὸ-περί
2327 1971 2418 2024 τὸν
2470 1943 2712 2038 ποταμδν
2775 1958 3268 2032 θαυματούργημα,
3313 1952 3376 2006 ού
3412 1947 3514 2043 διὰ-

2069 2036 2247 2117 αἰτίαν
2295 2061 2511 2132 ἐγένετο
2558 2036 2653 2112 τογῦ
2704 2057 3034 2127 πλήττοντος
3080 2049 3142 2104 τὸ
3195 2046 3359 2114 ὓδωρ,
3394 2039 3531 2096 ἀλλὰ
3563 2036 3658 2091 διὰ

2067 2155 2166 2227 τὴν
2193 2155 2359 2226 τιμὴν
2403 2153 2497 2206 τοῦ
2543 2150 2824 2222 οἰχομένου
2865 2145 2960 2202 καὶ
3006 2139 3440 2213 ἀναληφθέντοςο
3478 2133 3658 2188 πατά-

2070 2249 2259 2314 ξαντος
2285 2247 2346 2300 τὸ
2372 2246 2516 2318 ὕδωρ
2546 2245 2641 2298 τοῦ
2685 2239 3012 2306 Ἐλισσαίου,
3041 2235 3193 2310 ἔρρει
3220 2231 3283 2284 τὸ
3349 2228 3492 2298 ὕδωρ
3529 2241 3659 2318 συνο

2068 2341 2236 2413 ήθως,
2277 2339 2431 2393 οὐδὲν
2469 2317 2734 2400 πεπονθὸς
2782 2332 2986 2388 καινόν.
3033 2325 3252 2397 Ἐπειδὴ
3293 2325 3349 2378 δὲ
3369 2317 3661 2413 ἀποτυ-χῷν

2071 2411 2392 2502 ἐπεϐόησεν,
2426 2430 2550 2484 Ποῦ
2575 2429 2649 2496 δή
2679 2427 2850 2480 ἐστιν
2881 2427 2914 2479 ό
2945 2421 3090 2487 Θεὸς
3138 2416 3368 2477 Ἠλίου,
3404 2413 3500 2466 καὶ
3531 2411 3664 2502 βοη-

2073 2541 2194 2586 σας,
2224 2522 2289 2575 ἐκ
2319 2521 2571 2592 δευτέρου
2602 2517 2882 2581 καθίκετο,
2909 2514 3069 2576 εὐθὺς
3098 2516 3127 2569 6
3153 2506 3395 2578 ποταμὸς
3421 2499 3660 2572 διασχὼν

2075 2613 2132 2666 τὸ
2167 2613 2399 2687 ῥεῖθρον,
2445 2611 2657 2684 γυμνὴν
2703 2611 2870 2678 ἔδειξε
2899 2609 2998 2682 τὴν
3029 2605 3221 2680 ξηρὰν,
3258 2601 3354 2657 καλ⁸
3384 2595 3662 2662 πεζεύσας

2073 2708 2102 2760 6
2135 2708 2424 2778 προφήτης
2455 2709 2534 2770 εἱς
2561 2707 2622 2759 τὸ
2653 2706 2826 2778 πέραν
2850 2703 3098 2774 ἀφίκετο.

379 2803 560 2865 solito,
602 2817 724 2857 cum
771 2801 906 2856 nihil
935 2801 983 2855 ci
1020 2798 1143 2853 novi
1171 2798 1480 2852 accidisset.
1513 2798 1581 2850 At
1607 2796 1697 2851 ubi
1768 2796 1856 2851 ille
1921 2797 2182 2854 frustrato
2243 2813 2435 2854 camatu
2501 2800 2833 2856 clamasset:
2871 2797 2970 2853 Ubi
3003 2809 3077 2853 est
3107 2797 3244 2853 Deus
3285 2796 3418 2851 Elia:
3439 2790 3524 2845 ⁵⁸2
3548 2786 3665 2846 cla'

382 2910 645 2966 mausque
697 2896 891 2951 iterum
933 2908 1102 2964 aquas
1134 2891 1428 2961 attigisset,
1471 2905 1596 2946 mox
1677 2891 1878 2947 ﬂumen
1921 2893 2096 2949 divisa
2166 2894 2390 2963 ﬂuento,

382 2992 547 3060 pedes
573 2991 641 3047 ad
670 2991 840 3060 ripam
866 2989 1092 3044 alteram
1125 2987 1392 3058 pervenit.

456 3083 659 3153 Joscph
683 3094 889 3150 autem,
928 3098 1034 3138 non
1085 3092 1192 3137 tam
1237 3079 1497 3152 peculiari
1527 3079 1719 3136 aﬂectn
1753 3090 1962 3152 patrem
1993 3091 2036 3148 ο

364 3179 698 3234 defunctum
747 3192 958 3242 amans,
1007 3192 1167 3246 quam
1218 3176 1395 3245 gentis
1445 3176 1854 3244 patriarcham,
1905 3192 1969 3232 ac

385 3270 602 3340 generis
645 3277 809 3338 caput
863 3270 1160 3335 honoraris,
1189 3268 1306 3338 ejus
1335 3283 1400 3322 ex
1441 3266 1680 3339 Egypto
1715 3267 1973 3336 reliquias

388 3359 592 3417 celebri
627 3360 764 3414 adeo
794 3359 940 3412 cultu
976 3359 1192 3412 reduxit
1226 3359 1296 3423 ⁸⁷,
1321 3368 1379 3411 ιιι
1404 3357 1615 3428 Moyses
1643 3374 1762 3412 cum
1789 3360 1971 3414 mutuli

387 3454 560 3509 creati
595 3466 660 3505 ac
689 3451 914 3506 historia
965 3450 1195 3520 reliqua,
1241 3450 1379 3504 hanc
1427 3465 1644 3520 quoque
1701 3449 1974 3504 narratio-

395 3559 520 3599 nem
567 3541 771 3598 muudo
802 3541 1143 3606 trademlam,
1179 3557 1243 3596 ac
1269 3541 1573 3596 litterarum
1611 3541 1976 3618 monumentis

391 3637 824 3706 consignandam
852 3635 1148 3706 putaverit.
1178 3633 1414 3687 Rursum
1446 3648 1576 3688 vero
1599 3632 1836 3699 Pharao,
1859 3635 1974 3704 ipsa

392 3730 597 3799 vigilia,
649 3738 707 3782 ut
755 3729 831 3783 ita
889 3728 1011 3798 quis
1065 3726 1233 3790 dicat,
1283 3724 1553 3780 sublatqu
1605 3726 1670 3780 ab
1713 3725 1885 3780 oculis
1911 3725 1978 3780 ab

393 3821 592 3876 lsraele
641 3821 1045 3888 pt‘oﬁcisccnte,
1103 3817 1400 3888 Josephum
1457 3817 1640 3872 amisit
1683 3817 1749 3871 ⁸⁸.
1809 3816 1980 3872 Porro

395 3915 598 3983 ubique
657 3927 857 3982 corpus
913 3926 1100 3967 comes
1153 3910 1347 3982 populo
1403 3911 1636 3976 aderat,
1702 3911 1980 3980 multaque

400 4022 532 4059 cura
557 4019 654 4059 ceu
677 4005 808 4074 quid
837 4004 1034 4058 bonum
1071 4018 1137 4058 ac
1171 4013 1436 4071 praestans
1461 4003 1783 4067 ducebatur,
1819 4012 1982 4072 atque

403 4109 462 4152 ut
489 4107 602 4151 tuta
645 4105 1024 4151 sescentorum
1074 4097 1233 4148 trium
1279 4095 1508 4150 millium
1551 4111 1616 4151 ac
1653 4097 1980 4165 quingento-

404 4205 522 4242 rum
560 4188 926 4241 multitudinis
973 4187 1214 4241 virorum
1246 4185 1314 4250 ⁸⁸,
1357 4201 1386 4239 a
1433 4186 1590 4241 malis
1637 4186 1883 4243 defensio
1917 4202 1982 4242 ac

400 4279 590 4344 tuitio;
622 4294 794 4348 eaque
824 4277 1125 4333 reverentia
1157 4278 1242 4331 avi
1276 4293 1465 4332 urnam
1494 4279 1981 4348 prosequebantur,

402 4387 509 4442 qua
538 4385 751 4426 sacram
786 4386 970 4424 arcam
1001 4378 1313 4439 portantem
1357 4370 1452 4424 Dei
1489 4369 1682 4439 legem.
1720 4371 1980 4438 Quocirca

2468 2896 2663 2952 nudam
2715 2896 2923 2952 aridam
2963 2896 3218 2960 ostendit,
3288 2897 3662 2967 prophetaque

2155 3087 2212 3139 '0
2240 3085 2296 3139 δὲ
2337 3085 2537 3157 Ἰωσὴφ
2582 3086 2674 3141 τὸν
2731 3083 2925 3139 Ἰακὼϐ
2970 3083 3392 3158 τελευτήσαντα,
3443 3086 3541 3153 οὐχ
3585 3081 3663 3145 ὡς

2077 3177 2292 3248 πατέρα
2316 3177 2572 3230 τοσοῦτον
2611 3177 2921 3242 ἰδιαζόντως
2951 3175 3319 3245 ἀγαπῶν,.....
3348 3175 3442 3229 τοῦ
3475 3175 3665 3238 ἔθνους

2077 3271 2424 3342 πατριάρχην
2461 3270 2654 3342 τιμῶν,
2701 3269 2841 3342 μετά
2878 3270 2978 3342 τῆς
3024 3267 3461 3340 πολυθρυλλήτου
3506 3266 3667 3339 θεραο

2077 3361 2238 3426 πείας
2278 3363 2494 3434 ἐκείνης
2537 3363 2826 3432 ἀπήγαγεν
2865 3361 2923 3428 ἐξ
2968 3361 3247 3429 Αίγύπτου
3283 3359 3343 3415 τὸ
3389 3359 3662 3430 λείψανον,

2077 3453 2343 3518 ὥστε-τὸν
2376 3456 2613 3509 Μωῦσέα
2643 3455 2780 3525 μετὰ
2805 3455 2904 3527 τῆς
2925 3454 3018 3510 τοῦ
3046 3455 3250 3525 κόσμου
3275 3453 3541 3523 γενέσεως
3571 3453 3669 3506 κιιὶ⁵

2079 3546 2178 3616 τῆς
2204 3545 2396 3618 λοιπῆς
2415 3547 2674 3620 ἱστορίας,
2703 3548 3053 3620 ἀνάγραπτον
3081 3546 3265 3600 δοῦναι
3292 3547 3386 3600 καὶ
3412 3545 3570 3599 τοῦτο
3587 3546 3670 3616 τῷ

2083 3640 2182 3712 βίῳ
2196 3642 2461 3714 διήγημα.
2490 3642 2688 3712 Ἰωσὴφ
2710 3642 2768 3696 δὲ
2785 3643 2946 3697 πάλιν
2969 3642 3117 3714 ὕπαρ
3137 3641 3289 3715 παρὰ
3317 3641 3413 3696 τοῦ
3449 3641 3670 3714 Ἰσραὴλ

2081 3733 2359 3799 ὣεύοντος
2385 3737 2448 3788 ἐκ
2476 3736 2584 3789 τῶν
2611 3734 2928 3806 ὀφθαλμῶν,
2959 3735 3034 3799 ὼς
3056 3735 3122 3788 ἂν
3148 3734 3292 3788 εἴποι
3318 3751 3421 3799 τις,
3451 3734 3668 3806 ἐκλάπη

2082 3829 2110 3880 6
2137 3825 2357 3898 Φαραώ·
2390 3824 2666 3896 πανταχοῦ
2700 3825 2757 3879 δὲ
2789 3826 3088 3898 συμπαρῆν
3133 3825 3210 3897 τῷ
3235 3825 3349 3897 λαῷ
3396 3825 3458 3878 τὸ
3481 3826 3669 3896 σῶμα,

2083 3919 2178 3973 καὶ
2219 3919 2382 3990 ἤγετο
2423 3920 2541 3989 μετ’
2570 3917 2909 3988 ἐπιμελείας,
2953 3919 3028 3983 ὡς
3058 3918 3261 3987 ἀγαθόν
3293 3936 3346 3972 τι
3379 3919 3472 3972 καὶ
3499 3917 3676 3986 ἀλεξὶ-

2085 4026 2252 4064 κακον
2283 4009 2650 4081 φυλακτήριον
2680 4010 2917 4078 ἁσφαλές
2947 4010 3053 4063 τῶν
3077 4010 3341 4082 ἐξήκοντα
3371 4011 3671 4084 μυριάδων.

2086 4099 2196 4152 Καὶ
2221 4099 2487 4170 τοσαύτην
2518 4095 2663 4170 εἶχον
2689 4098 2786 4170 τὴν
2831 4099 2966 4152 αἰδῶ
2999 4101 3126 4170 περὶ
3160 4101 3260 4173 τὴν
3288 4100 3533 4172 λάρνακα
3576 4101 3674 4156 τοῦ

2086 4188 2450 4260 προπάτορος,
2481 4190 2613 4259 ὅσην
2645 4189 2770 4260 περὶ
2794 4188 2891 4260 τὴν
2921 4188 3082 4258 ἁγίαν
3117 4191 3367 4256 κιϐωτὸν,
3397 4193 3428 4263 ἢ
3460 4191 3553 4245 τὸν
3575 4190 3674 4244 τοῦ

2087 4278 2222 4333 Θεοῦ
2270 4280 2434 4351 νόμον
2481 4278 2800 4345 ἐόἀσταζεν.
2849 4281 2941 4334 Διὸ
2979 4283 3073 4338 καὶ
3125 4282 3293 4337 Δαϐὶδ
3335 4283 3680 4357 παρακαλῶν

2090 4386 2193 4423 που
2224 4367 2316 4422 τὸν
2356 4370 2512 4433 Θεὸν,
2553 4369 2714 4424 ἵλεων
2757 4366 2899 4425 εἷναι
2928 4373 3020 4426 καὶ
3050 4373 3254 4445 εὐμενῆ
3295 4374 3374 4446 τῷ
3405 4375 3543 4447 λαῷ,
3576 4379 3677 4430 καὶ

401 4469 568 4522 etiam
613 4465 782 4520 David
814 4465 1046 4534 quodam
1093 4465 1212 4521 loco
1257 4467 1424 4520 Deum
1467 4467 1760 4520 obsecrans
1805 4467 1969 4537 propi-

2092 4463 2311 4535 μυρίαις
2341 4458 2512 4518 αὑτὸν
2538 4466 2657 4529 ταῖς
2689 4465 2916 4531 ἱκεσίαις
2944 4465 3275 4540 ἐκλιπαρῶν,
3311 4468 3399 4522 ἵνα
3425 4467 3524 4541 τὴν
3550 4485 3680 4523 συν-

407 4562 539 4614 tium
568 4559 681 4613 fore
706 4557 902 4629 popqu
931 4572 994 4612 ac
1019 4557 1362 4626 placabilem,
1389 4557 1985 4629 innumerabilibusque

406 4649 894 4718 supplicationibus
926 4649 1228 4708 obtestans.
1265 4657 1322 4700 ut
1348 4647 1504 4716 juges
1534 4658 1835 4717 mutuoque
1866 4663 1987 4706 suc-

404 4743 673 4798 cedaneas
711 4740 1080 4795 calamitatum
1134 4736 1320 4808 plagas
1363 4739 1584 4804 sistens,
1632 4737 1807 4793 fausta
1859 4755 1983 4794 rur-

406 4850 528 4890 sum
582 4834 918 4906 providentia
986 4831 1320 4888 llierusalem
1357 4831 1717 4900 gubernaret,
1768 4847 1830 4887 ac
1878 4847 1982 4899 qua

411 4928 539 4982 olim
581 4927 877 4997 gubernata
928 4930 1097 4988 esset,
1133 4923 1202 4976 ita
1247 4923 1362 4976 ait:
1395 4921 1498 4987 Qui
1528 4923 1664 4992 regis
1692 4921 1883 4986 Israel,
1908 4925 1990 4976 iu-

411 5019 562 5074 teude
585 5034 604 5074 :
632 5019 721 5090 qui
747 5016 964 5070 deducis
987 5015 1120 5069 relut
1155 5031 1297 5068 ovem
1327 5013 1520 5079 Ioseph
1549 5013 1616 5068 '°.
1643 5014 1813 5069 Deum
1843 5016 1986 5070 enim

411 5110 628 5166 ﬂectere
685 5110 904 5173 nititur,
949 5107 1391 5163 charissimorum
1446 5124 1510 5161 ac
1537 5108 1835 5161 amicorum
1892 5122 1992 5161 no-

413 5203 560 5256 mina
607 5204 660 5256 lu
718 5203 952 5257 medium
997 5202 1294 5263 adducens.
1330 5200 1664 5269 solertcrque
1699 5200 1988 5253 admodum

413 5292 858 5362 supplicationem
912 5295 1047 5360 ohit,
1113 5294 1292 5362 impia:
1350 5293 1559 5348 scelera
1603 5291 1987 5357 multitudinis,

414 5392 728 5438 Sanctorum
780 5384 999 5439 Patrqu
1043 5384 1494 5455 appellationibus
1532 5383 1676 5438 velut
1705 5383 1886 5438 celans
1926 5397 1989 5437 ac

415 5476 694 5546 obtegens.

500 5651 624 5713 “1V
653 5656 785 5728 Reg.
817 5674 873 5726 tt,
910 5661 992 5714 Η.
1038 5663 1113 5730 ,³⁵⁷
1145 5661 1280 5717 Gen.
1319 5660 1570 5727 xux,29.
1632 5661 1675 5691 "
1699 5660 1869 5716 Exod.
1907 5675 1969 5713 χι)

2072 5659 2138 5714 .9.
2217 5657 2258 5691 ⁸³
2293 5658 2446 5714 .‘uui.
2487 5674 2520 5723 t,
2557 5657 2624 5712 ιο

2091 4557 2190 4628 εχῆ
2237 4557 2329 4611 καὶ
2368 4556 2668 4629 ἐπάλληλον
2699 4559 2806 4614 τῶν
2840 4559 3136 4634 συμφορῶν
3176 4563 3382 4634 στήσας
3432 4563 3678 4634 πληγὴν,

2091 4649 2254 4703 πάλιν
2288 4652 2346 4703 ἐν
2371 4649 2549 4723 ἀγαθῇ
2583 4651 2813 4722 προνοίᾳ
2842 4651 3014 4723 διοικῇ
3046 4653 3147 4724 τὴν
3185 4653 3568 4726 Ἰερουσαλὴμ,
3599 4654 3682 4718 ὠς

2090 4744 2151 4796 τὸ
2180 4744 2462 4816 πρότερον,
2493 4743 2635 4798 οὕτω
2658 4744 2819 4816 φησί’
2845 4744 2899 4798 '0
2927 4758 3257 4813 ποιμαίνων
3277 4749 3384 4801 τὸν
3410 4746 3680 4815 Ἰσραὴλ,

2093 4838 2418 4906 πρόσσχες⁸
2438 4837 2472 4890 ό
2496 4837 2728 4907 ὁδηγῶν
2756 4837 2901 4893 ὡσεί
2942 4838 3241 4907 «pacator
3277 4839 3385 4894 τὸν
3429 4839 3679 4910 Ἰωσήφ.

2095 4931 2344 4982 Δυσωπεῖ
2369 4931 2476 5000 γὰρ
2508 4930 2600 4982 τὸν
2627 4929 2760 4984 Θεὸν
2783 4927 2895 4995 τοῖς
2923 4932 3030 4986 τῶν
3061 4933 3359 5005 ἀγαπητῶν
3386 4933 3480 4986 καὶ
3507 4933 3683 5002 φίλων

2096 5020 2374 5091 ὀνόμασιν,
2409 5022 2504 5074 καὶ
2543 5021 2666 5074 λίαν
2697 5023 3021 5094 εὐμηχάνως
3058 5023 3156 5096 τὴν
3199 5025 3482 5096 ἱκετηρίαν
3519 5042 3684 5096 μετα-

2097 5109 2415 5181 χειρίζεται,
2441 5113 2534 5166 τοῦ
2555 5111 2987 5185 δυσσεϐήσαντος
3015 5115 3250 5188 πλήθους
3276 5117 3376 5180 τὰς
3399 5115 3683 5187 ἁμαρτίας

2097 5198 2206 5256 οἷον
2233 5203 2554 5276 ἑγκρύπτων
2583 5205 2676 5259 καὶ
2707 5207 2922 5263 σκέπων
2948 5211 3067 5273 ταῖς
3087 5208 3194 5264 τῶν
3222 5209 3394 5278 ἁγίων
3417 5207 3687 5282 Πατέρων

2101 5313 2505 5369 προσηγοριαις.

2746 5659 2802 5719 ,"°
2833 5656 2975 5713 ἕδεσι.
3009 5671 3194 5722 usis,
3224 5656 3279 5711 2.
