4048 6194
425 211 527 268 351
1696 207 1753 263 S.
1797 202 2068 263 ASTERZI
2108 203 2406 263 AMASENI
3563 204 3672 263 333

432 338 777 393 amittentes.
827 348 946 389 cmn
985 332 1115 387 nihil
1164 331 1251 387 hic
1296 329 1461 402 Moysi
1511 341 1859 399 suppeteret,
1893 346 1992 400 qua

2100 328 2480 390 ἀπολέσαντες·
2511 326 2613 380 οὐκ
2660 326 2800 397 ἔχων
2845 326 2874 379 ό
2918 324 3158 396 Μωῦσῆς
3183 324 3483 398 τηνικαῦτα
3523 326 3673 390 ὅπως

432 427 715 484 Dominum
763 425 1037 495 discipulis
1082 424 1357 494 placaret,
1405 439 1739 477 mrumnosus
1787 426 1992 478 tandem

2106 419 2244 489 ὑπὲρ
2275 419 2382 472 τῶν
2440 417 2698 489 μαθητῶν
2748 416 3098 487 ἐξιλεώσηται
3150 417 3244 471 τὸν
3297 416 3593 489 Δεσπότην,
3644 416 3677 471 ό

430 521 751 591 paedagogus
782 520 846 571 ad
882 525 1092 587 patrum
1140 515 1454 569 memoriam
1503 514 1777 586 confugit,
1826 516 1992 583 iisque

2106 509 2449 578 παιδαγωγὸς
2469 512 2498 562 ό
2518 508 2873 579 πολύμοχθος,
2902 509 3237 577 καταφεύγει
3268 509 3405 578 πρὸς
3426 508 3523 579 τὴν
3547 508 3679 578 μνη-

434 615 533 668 sibi
561 610 846 681 adjunctis,
874 607 1313 676 supplicationem
1342 608 1555 675 promit.
1581 608 1671 662 Sic
1696 608 1839 661 enim
1876 607 1952 660 ait
1982 624 1992 661 :

2107 617 2212 670 μην
2227 599 2335 652 τῶν
2357 598 2627 670 πατέρων,
2647 599 2740 651 καὶ
2761 601 2872 670 μετ’
2893 598 3113 651 ἐκείνων
3132 599 3232 669 τὴν
3256 596 3537 669 ἱκετηρίαν
3553 612 3680 668 προ-

432 704 561 759 Esto
611 702 882 771 placabilis
939 716 1095 771 super
1149 699 1386 768 nequitia
1442 698 1668 768 pepuli:
1726 700 1992 752 recordare

2104 689 2373 744 ϐάλλεται·
2407 689 2570 759 φησὶν
2591 690 2668 742 ’δέ
2696 689 2887 752 οὕτως*
2919 691 3116 755 ’1.1εως
3145 687 3324 759 γενοῦ
3357 688 3456 740 ἐπὶ
3483 685 3558 754 τῇ
3573 703 3679 739 κα-

434 797 731 858 Abralmm,
788 792 942 846 Isaac
974 801 1021 845 et
1062 789 1230 845 Jacob
1278 806 1543 843 servorum
1584 801 1823 853 tuorum,
1880 790 2001 858 qui-

433 884 527 937 llus
551 882 748 952 jurain
789 898 881 948 per
905 882 1264 948 tentetipsum,
1314 879 1786 948 multiplicaturum
1831 890 1880 932 te
1920 894 2001 932 se-

431 992 549 1029 men
603 991 780 1027 eorum
821 973 950 1027 sicut
998 971 1174 1026 stellas
1208 971 1321 1025 cwli
1355 970 1424 1025 “.
1458 971 1587 1024 Erat
1624 971 1842 1037 grandis
1880 975 1955 1023 ira
1982 1011 1997 1031 .

432 1065 582 1118 furor
623 1063 1071 1135 indeprecabilis:
1122 1061 1208 1115 ubi
1269 1073 1442 1114 tamen
1488 1060 1704 1128 sapiens
1747 1076 1808 1114 ac
1836 1060 1994 1114 indu-

429 1156 595 1211 εει-ἱείς
644 1155 896 1223 supplex,
949 1164 1158 1221 patrum
1202 1167 1462 1220 personas
1510 1154 1878 1217 adhibuisset,
1930 1169 1991 1206 ac

428 1263 613 1303 senum
684 1246 877 1299 umltas
937 1244 1354 1298 intercessiones
1430 1258 1496 1297 ex
1559 1247 1814 1297 memoria
1882 1243 1994 1298 Deo

426 1340 738 1406 obiecisset.
770 1337 994 1389 llamime
1017 1335 1188 1387 instar
1217 1348 1427 1403 pmnam
1460 1335 1751 1399 exstinxit,
1783 1343 1996 1404 patrum

426 1432 546 1485 oleo
575 1428 956 1484 insanientium
1000 1427 1232 1481 llliorum
1265 1427 1480 1481 vulnera
1514 1442 1736 1483 curans.

496 1608 708 1663 Relicto
752 1604 946 1676 Moysis
992 1603 1164 1667 libro,
1214 1602 1278 1656 ad
1330 1602 1494 1657 libros
1528 1603 1728 1671 Regum
1789 1604 1985 1659 transi.

2102 779 2203 845 κίᾳ
2243 778 2350 832 τοῦ
2375 779 2550 844 λαοῦ,
2575 779 2861 847 μνησθεὶς
2895 780 3157 847 Ἀϐραὰμ,
3178 778 3274 832 καί
3312 777 3538 841 Ἰσαὰκ,
3576 778 3676 832 καὶ

2115 867 2325 924 Ἰακὼϐ
2337 867 2452 933 τῶν
2466 868 2583 921 σοῦ
2607 867 2850 922 οἰκετῶν
2863 868 2929 932 ⁸⁷,
2953 862 3044 926 οἷς
3062 865 3301 936 ὤμοσας
3321 866 3473 919 κατὰ
3494 882 3679 918 σεαυ-

2101 961 2227 1026 τοῦ,
2261 960 2560 1027 π.1ηοὗνιιι
2583 960 2649 1014 τὸ
2674 960 2911 1029 σπέρμα
2937 958 3138 1015 αὐτῶν
3156 961 3238 1025 ὡς
3258 959 3331 1013 τὰ
3359 958 3550 1026 ἄστρα
3569 957 3681 1012 τοῦ

2101 1052 2380 1120 οὐρανοῦ.
2408 1052 2635 1122 Μεγάλη
2668 1053 2701 1122 ἠ
2727 1053 2884 1124 ὀργὴ,
2913 1052 3006 1106 καὶ
3024 1054 3059 1106 ὁ
3087 1050 3256 1122 θυμὸς
3278 1050 3678 1122 ἀπαραίτητοςο

2102 1143 2216 1198 ἀλλ’
2256 1147 2285 1198 ὁ
2332 1145 2495 1214 σοφὸς
2540 1146 2636 1199 καὶ
2674 1145 2981 1215 εὐμήχανος
3021 1143 3227 1213 ἱκέτης,
3256 1140 3326 1196 τὰ
3355 1143 3675 1212 προσωπεῖα

2102 1235 2456 1306 περιθέμενος
2488 1236 2598 1291 τῶν
2638 1237 2828 1304 ἀγίων,
2859 1236 2952 1290 καὶ
2986 1235 3086 1298 τὰς
3120 1233 3320 1296 πολλὰς
3346 1231 3455 1284 τῶν
3482 1232 3679 1302 γερόνς

2100 1343 2208 1379 των
2271 1326 2360 1379 διὰ
2412 1326 2514 1394 τῆς
2574 1328 2795 1397 μνήμης
2845 1325 2922 1395 τῷ
2965 1323 3083 1395 Θεῷ
3141 1322 3675 1394 ἀπορρίψας⁶³ηη

2098 1416 2321 1471 ἔσϐεσεν
2344 1419 2419 1481 ὡς
2443 1418 2615 1486 φλόγα
2637 1417 2736 1489 τὴν
2760 1417 3048 1488 τιμωρίαν⁸
3077 1416 3330 1488 πατρικῷ
3378 1416 3541 1487 ἐλαίῳ
3566 1415 3680 1470 τῶν

2105 1510 2380 1580 μανέντων
2405 1509 2535 1562 υίῶν
2561 1509 2900 1581 θεραπεύσας
2926 1509 2994 1563 τά
3020 1509 3329 1580 τραύματα.

2171 1600 2503 1654 Καταλιπὼν
2529 1601 2628 1671 τὴν
2646 1601 2942 1672 Μωσαῖκὴν
2973 1600 3173 1671 βίϐλον,
3211 1601 3303 1655 ἐπὶ
3339 1600 3438 1665 τὰς
3460 1600 3680 1671 βίϐλους

429 1701 638 1756 Etenim
691 1699 801 1753 illic
854 1711 1066 1766 quoque
1122 1696 1288 1748 lilium
1347 1695 1549 1749 videbis
1603 1694 1991 1765 imlulgeutimn

2099 1691 2206 1744 τῶν
2239 1691 2509 1748 Βασιλέων
2541 1692 2824 1764 μετάϐηθι.
2860 1692 3020 1762 Ὀψει
3046 1693 3156 1765 γὰρ
3186 1694 3349 1747 κάκεῖ
3370 1694 3535 1748 παῖδα
3557 1710 3680 1763 φει-

427 1798 771 1845 consecutum
794 1830 808 1854 ,
841 1802 906 1841 eo
934 1787 1076 1855 quod
1109 1785 1287 1854 proles
1316 1794 1399 1839 est
1434 1787 1604 1854 patris
1638 1783 1730 1838 Dei
1764 1788 1999 1840 :unantis

429 1897 491 1935 ac
521 1881 613 1951 pii.
650 1880 699 1934 is
745 1893 906 1948 porro
954 1876 1408 1932 celebratissimus
1453 1875 1541 1930 ille
1585 1873 1836 1929 Salomon
1889 1885 1993 1931 est.

427 1974 561 2027 (lum
593 1972 736 2026 enim
781 1970 868 2023 ille
902 1982 1154 2038 processu
1188 1966 1472 2036 temporis,
1508 1968 1700 2021 nedum
1734 1967 1999 2037 passioni-

426 2064 526 2119 hus
554 2063 943 2123 dominaretur,
969 2060 1060 2114 sed
1090 2071 1142 2113 et
1167 2058 1270 2113 illis
1289 2075 1479 2113 servus
1498 2058 1751 2124 ellectus,
1780 2075 1843 2112 ac
1874 2059 1997 2113 vita:

428 2155 674 2226 neglectu
702 2151 1257 2207 iucontiueuIiSsimus
1284 2151 1498 2205 luxuria
1527 2154 1783 2214 evadens,
1812 2161 1993 2219 pater-

428 2262 550 2301 nam
576 2260 788 2314 quoque
815 2244 1066 2313 pietatem
1097 2257 1161 2296 ac
1193 2242 1504 2312 religionem
1534 2251 1793 2296 mutasset
1821 2280 1836 2305 ,
1865 2242 1997 2311 legis

424 2338 783 2400 otl‘ensiones,
845 2333 984 2388 idola
1037 2333 1345 2398 fabricatis,
1397 2333 1474 2385 ait
1521 2331 1589 2385 ad
1640 2346 1762 2384 eum
1814 2333 1992 2386 Dens:

426 2425 684 2481 Sciudeus
712 2422 949 2477 scindam
976 2437 1189 2492 regnum
1219 2431 1366 2474 tuum
1386 2460 1402 2482 ,
1438 2433 1485 2475 et
1512 2419 1650 2474 dabo
1684 2420 1817 2472 illud
1848 2436 1995 2474 servo

425 2527 515 2569 tuo
542 2530 561 2568 :
588 2522 937 2569 verumtamen
993 2513 1049 2565 in
1112 2511 1291 2566 diebus
1325 2513 1430 2564 tuis
1465 2528 1566 2564 non
1608 2511 1802 2587 faciant
1840 2510 1992 2576 lucc,

424 2620 633 2677 propter
678 2605 846 2659 David
881 2613 1081 2673 putrem
1113 2615 1302 2658 tuum:
1334 2608 1401 2658 de
1440 2621 1596 2656 mmm
1628 2603 1731 2671 ﬁlii
1782 2604 1857 2655 tui
1905 2620 1995 2656 ar-

425 2700 615 2769 cipiam
670 2697 803 2751 illud
848 2697 918 2747 ⁵⁵.
953 2695 1084 2749 llmc
1131 2711 1227 2748 nos
1278 2695 1501 2748 historia
1553 2695 1752 2757 docet;
1798 2694 1890 2747 sed
1939 2701 1994 2746 et

426 2788 765 2840 Psalmormn
797 2786 1064 2839 canticum
1100 2789 1287 2838 eodem
1317 2798 1477 2836 sensu
1510 2784 1621 2836 haec
1652 2783 1811 2836 habet
1838 2800 1851 2836 :
1884 2781 1992 2836 Ju-

425 2878 545 2930 nior
583 2878 702 2946 fui;
748 2877 938 2930 etenim
974 2875 1163 2939 senui;
1213 2881 1261 2927 et
1298 2891 1399 2926 non
1434 2875 1537 2927 vidi
1561 2877 1766 2942 justum
1803 2873 1994 2927 dereli-

425 2978 564 3022 ctum
588 3009 602 3035 ,
634 2983 726 3022 nec
763 2983 934 3021 semen
969 2967 1081 3036 ejus
1111 2980 1351 3035 quaerens
1381 2950 1673 3034 pauent”.

497 3168 601 3235 At,
630 3176 689 3220 ut
723 3166 951 3231 videtur,
997 3166 1086 3220 ubi
1122 3163 1288 3219 semel
1333 3164 1511 3218 anima
1564 3174 1753 3220 contra
1796 3167 1997 3220 verita-

424 3267 531 3314 tem
562 3257 760 3309 audere
790 3255 1218 3323 praesumpserit,
1255 3268 1417 3323 atque
1441 3269 1505 3308 eo
1533 3264 1677 3309 statu
1710 3256 1908 3321 habet,
1936 3265 1996 3310 ut

425 3350 550 3403 vita:
585 3347 731 3410 loco,
776 3362 973 3399 novum
1006 3346 1205 3414 aliquid
1237 3346 1411 3399 moliri
1446 3361 1643 3399 vesane
1678 3348 1993 3413 existimet,

426 3439 561 3493 nihil
585 3446 700 3500 est,
728 3436 866 3504 quod
896 3437 960 3488 ad
993 3444 1196 3488 rectam
1232 3450 1295 3487 ac
1326 3450 1390 3489 ex
1421 3435 1613 3487 ordine
1638 3436 1991 3506 compositam

426 3530 566 3582 viam
600 3535 881 3582 convertat
913 3547 924 3581 :
956 3525 1085 3595 quin
1122 3526 1327 3579 frenum
1363 3526 1617 3579 mordens
1639 3566 1655 3593 ,
1693 3541 1790 3582 ceu
1821 3527 1996 3595 pullus

424 3618 922 3687 quidamtractatu
965 3614 1229 3680 dilIicilis,
1283 3616 1334 3669 in
1380 3616 1695 3670 barathrum
1741 3618 1991 3687 proruit;

423 3722 637 3763 sessore
659 3709 841 3762 animo
868 3723 930 3762 ac
960 3716 1138 3760 tuente
1157 3747 1172 3771 ,
1202 3707 1585 3761 vehementiori
1614 3710 1666 3762 in
1700 3711 1993 3779 nequitiam

418 3801 713 3870 agitatione
757 3809 1053 3866 superato:
1093 3800 1235 3867 quod
1281 3800 1466 3868 utique
1508 3800 1606 3855 hos
1635 3816 1850 3870 quoque
1889 3802 1996 3855 Eu-

418 3893 715 3948 :uomianos
748 3891 997 3945 factitare
1043 3891 1266 3945 videas:
1304 3892 1382 3944 sic
1420 3891 1562 3944 cnim
1594 3891 1866 3947 lubentius
1902 3908 1997 3961 ap-

408 3984 705 4053 pellantur,
737 3998 897 4052 quam
940 3982 1146 4036 Christi
1192 3984 1474 4048 homines;
1506 3985 1596 4051 qui
1640 3983 1807 4037 Deum
1846 3984 1996 4039 blas-

410 4077 675 4144 phement
696 4114 711 4139 ,
747 4075 836 4128 Dei
870 4074 1114 4127 homines
1160 4074 1358 4141 probro
1397 4073 1635 4128 alliciant
1667 4117 1683 4141 ,
1716 4077 1996 4145 magisque

422 4165 538 4219 loca
573 4173 913 4226 averseutur,
948 4163 1142 4230 quibus
1170 4163 1341 4215 sancti
1393 4164 1734 4230 requiescunt
1760 4205 1777 4229 ,
1831 4180 1992 4234 quam

420 4256 588 4310 sobrii
621 4255 885 4311 lttun'tnes'
911 4253 1133 4314 altaria,
1167 4250 1502 4321 profanaque
1546 4268 1609 4306 ac
1654 4255 1855 4321 polluta
1886 4255 1994 4309 dae-

2098 1783 2221 1847 δοῦς
2251 1784 2587 1854 ἀξιούμενον,
2620 1784 2752 1838 διότι
2778 1784 3024 1856 γέννημα
3058 1781 3127 1857 ἦν
3165 1784 3418 1854 φιλοθέου
3444 1787 3674 1858 πατρός.

2100 1874 2347 1946 Σολομὼν
2385 1876 2442 1929 δέ
2474 1877 2622 1930 ἐστιν
2660 1869 2815 1940 οὗτος
2842 1878 2872 1929 ό
2901 1876 3355 1950 πολυθρύλλητοςο
3381 1877 3442 1942 δς
3484 1877 3679 1949 ἐπειδὴ

2099 1967 2377 2038 προϊόντος
2430 1967 2522 2021 τοῦ
2570 1968 2763 2039 χρόνου
2809 1967 2909 2021 οὐκ
2951 1964 3022 2040 ἦν
3052 1968 3162 2023 τῶν
3193 1968 3382 2023 παθῶν
3407 1968 3681 2040 αὐτοκρά-

2096 2076 2230 2131 τωρ,
2284 2058 2469 2122 δοῦλος
2526 2058 2581 2112 δὲ
2614 2059 2833 2130 μᾶλλον,
2903 2059 3001 2113 καὶ
3060 2059 3459 2130 ἀκρατέστερος
3520 2076 3679 2130 σωμ-

2097 2147 2332 2221 εραστης
2363 2148 2451 2202 διά
2478 2149 2578 2220 τὴν
2606 2149 2935 2221 ἀπροσεξίαν
2949 2148 3044 2205 τοῦ
3081 2150 3217 2220 βίου,
3254 2150 3544 2221 μετέϐαλεν
3579 2151 3680 2205 καὶ

2095 2239 2194 2312 τὴν
2222 2240 2479 2312 πατρῴαν
2504 2240 2805 2304 εὐσέϐειαν,
2833 2241 3026 2295 εἴδωλα
3058 2240 3350 2313 μορφώσας
3380 2242 3450 2295 τά
3480 2240 3574 2295 τοῦ
3595 2242 3681 2297 vdo

2100 2348 2201 2401 μου
2235 2332 2655 2404 προσκόμματα·
2688 2335 2822 2405 rpncl.
2855 2335 2991 2407 πρὸς
3011 2335 3173 2390 αὑτὸν
3201 2338 3230 2390 ό
3257 2337 3410 2401 Θεός’
3436 2336 3689 2406 Διαρὥ

2096 2438 2225 2478 σων
2249 2423 2542 2493 δωρῤήεω
2569 2425 2685 2494 τὴν
2709 2428 3039 2491 ,Βασιλείαν
3066 2444 3205 2494 σου,
3235 2430 3338 2483 καί
3368 2427 3547 2483 δώσω
3564 2432 3681 2483 αὐ-

2095 2514 2211 2584 τὴν
2239 2514 2319 2580 τῷ
2351 2515 2548 2585 δούλῳ
2578 2532 2714 2572 σου·
2745 2519 2912 2588 πλὴν
2945 2520 3015 2574 ἐν
3040 2520 3169 2588 ταῖς
3196 2521 3441 2591 ἡμέραις
3465 2537 3582 2575 σου
3600 2523 3681 2577 οὐ

2095 2606 2330 2676 ποιήσω
2389 2606 2576 2662 ταῦτα
2626 2608 2723 2665 διὰ
2776 2611 2954 2665 Δαϐὶδ
2996 2612 3105 2665 τὸν
3154 2612 3381 2681 πατέρα
3422 2630 3559 2669 σου·
3603 2615 3677 2669 ἐκ

2100 2701 2301 2769 χειρὸς
2360 2701 2469 2755 τοῦ
2525 2702 2661 2756 υἱοῦ
2721 2719 2839 2756 σου
2897 2703 3170 2774 λήψομαι
3224 2706 3433 2772 αὑτήν.
3489 2707 3678 2761 Ταῦτα

2094 2789 2243 2858 ἡμᾶς
2281 2790 2314 2860 η
2348 2790 2559 2858 ἱστορία
2606 2790 2871 2845 παιδεύεν
2905 2791 3144 2847 διδάσκει
3178 2794 3235 2849 δὲ
3277 2796 3371 2850 καὶ
3407 2796 3519 2868 ᾠδὴ
3563 2797 3679 2851 τῶν

2096 2879 2341 2950 Ψαλμῶν
2369 2880 2437 2933 τὰ
2465 2882 2626 2951 ὃμοια
2672 2882 2969 2950 Νεώτερος
3014 2883 3197 2953 ἤμην’
3250 2888 3347 2941 καὶ
3383 2888 3495 2958 γὰρ
3530 2889 3675 2959 ὲτή-

2022 3012 2065 3071 c
2090 2986 2273 3038 ρασαο
2306 2972 2406 3025 καὶ
2439 2974 2550 3026 οὐκ
2575 2970 2739 3027 εἶδον
2760 2974 3005 3028 δίκαιον
3035 2977 3676 3050 ἐγκαταλελειμμένον,

2097 3061 2240 3114 οὐδὲ
2264 3061 2329 3115 τό
2362 3063 2599 3133 σπέρμα
2626 3064 2812 3117 αὐτοῦ
2840 3063 3056 3130 ζητοῦν
3083 3066 3321 3135 ἄρτους.

2180 3155 2339 3220 ’Λλλ“,
2454 3157 2651 3222 ἔοικεν,
2684 3158 2903 3212 ἐπειδὰν
2942 3158 3088 3226 ἅπαξ
3114 3159 3259 3231 ψυχὴ
3287 3162 3386 3231 τῆς
3414 3160 3679 3232 ἀληθείας

2097 3247 2593 3320 καταθρασύνηται,
2650 3251 2744 3303 καὶ
2799 3251 2892 3306 τοῦ
2961 3256 3302 3324 καινοτομεῖν
3349 3253 3678 3325 ἐκπλήκτως

2101 3339 2221 3392 ἀντὶ
2245 3339 2339 3393 τοῦ
2376 3341 2474 3412 ζῇν
2502 3343 2559 3394 ἐν
2580 3341 2728 3409 τάξει
2762 3342 3148 3415 προϐέϐληται,
3174 3345 3328 3399 οὐδὲν
3355 3346 3522 3417 αὐτὴν
3554 3347 3678 3399 ἐπι-

2099 3432 2351 3502 στρέφειν
2375 3434 2556 3487 ίκανὺν
2581 3437 2661 3498 εἰς
2681 3434 2779 3507 τὴν
2813 3435 3028 3489 εὐθεῖαν
3057 3437 3151 3496 κσᾲ
3174 3436 3513 3508 τεταγμένην
3532 3437 3674 3491 ὁδόν

2097 3521 2391 3575 ἐνδακοῦσα
2428 3521 2485 3575 δὲ
2512 3523 2602 3576 τὸν
2627 3523 2859 3595 χαλινὸν,
2889 3525 3076 3598 ὥσπερ
3107 3542 3193 3588 τις
3220 3525 3400 3589 πῶλος
3427 3526 3680 3598 δυσήνιος

2097 3611 2322 3682 φέρεται
2372 3614 2507 3687 πρὸς
2563 3614 2624 3668 τὸ
2675 3615 2966 3687 βάραθρον,
3015 3619 3227 3671 νικῶσα
3258 3618 3352 3671 τὸν
3394 3617 3676 3688 ἀναϐάτην

2096 3703 2220 3756 νοῦν
2249 3707 2315 3775 τῇ
2343 3705 2478 3775 πρὸς
2508 3706 2606 3777 τὴν
2640 3707 2840 3760 κακίαν
2868 3709 3035 3778 ὁρμῇ·
3067 3706 3256 3773 ὥσπερ
3305 3707 3370 3778 δὴ
3417 3706 3513 3760 καὶ
3544 3706 3677 3769 τοὺς

2096 3794 2463 3866 Εὑνομιανοὺς
2501 3796 2723 3861 τούτους
2751 3797 2898 3852 ἔστιν
2932 3798 3078 3852 ἰδεῖν.
3103 3797 3289 3861 Οὕτως
3322 3797 3431 3868 γὰρ
3458 3795 3676 3867 φιλοῦσα

2095 3887 2376 3941 καλεῖσθαι
2426 3888 2645 3959 μᾶλλον,
2697 3890 2730 3960 ἢ
2785 3885 2879 3942 τοῦ
2930 3888 3163 3960 Χριστοῦ
3205 3888 3501 3960 ἄνθρωποι,
3540 3888 3675 3941 Θεὸν

2097 3979 2564 4051 βλασφημοῦντες,
2597 3983 2724 4045 τοὺς
2754 3979 3068 4052 ἀνθρώπους
3093 3979 3185 4033 τοῦ
3212 3979 3346 4033 Θεοῦ
3377 3979 3674 4050 ἀτιμάζον-

2093 4088 2203 4137 τες,
2241 4071 2442 4142 μᾶλλον
2465 4073 2522 4126 δέ
2550 4074 2934 4142 ἐντρεπόμενοι
2964 4073 3061 4136 τὰς
3084 4071 3193 4125 τῶν
3226 4074 3395 4141 ἁγίων
3426 4071 3677 4125 ἀναπαύ-

2097 4177 2229 4225 σεις,
2264 4162 2297 4231 ἢ
2324 4164 2372 4215 οί
2404 4164 2805 4233 σωφρονοῦντες
2846 4167 2971 4228 τοὺς
2996 4164 3342 4235 βωμοὺς,καὶ
3363 4166 3489 4228 τοὺς
3512 4164 3675 4237 βεϐήο
3748 4214 3771 4239 I

2094 4250 2218 4317 λους
2247 4255 2341 4306 καὶ
2370 4255 2494 4317 τοὺς
2535 4255 2943 4326 μεμιασμένους
2986 4257 3096 4309 τῶν
3130 4257 3330 4310 τόπων.
3384 4246 3584 4328 Ἐχρῆν
3615 4257 3675 4311 δὲ

422 4359 639 4397 monutn
691 4344 861 4397 sacris
929 4344 1068 4395 loca.
1109 4342 1275 4396 Porro
1310 4357 1406 4411 par
1446 4352 1604 4407 erat,
1634 4353 1692 4397 ut
1720 4346 1809 4413 qui
1845 4345 1991 4414 ejus-

2095 4342 2219 4405 τοὺς
2276 4342 2370 4413 τῆς
2409 4343 2668 4407 ἀπονοίας
2713 4345 2949 4407 ἐκείνους
2988 4346 3253 4417 ἀσκητεκ,
3306 4348 3400 4400 καὶ
3436 4348 3497 4399 τὸ
3530 4347 3675 4402 κατὰ

425 4433 565 4486 modi
622 4433 906 4485 dementiae
955 4433 1207 4495 student,
1265 4432 1465 4501 quique
1520 4437 1877 4488 temeritatem
1933 4437 1985 4490 in

412 4536 610 4575 omnes
638 4520 852 4573 virtutis
884 4518 1003 4573 loco
1050 4521 1281 4585 habent,
1316 4522 1396 4574 vel
1441 4521 1633 4575 saltem
1679 4524 1984 4581 daemonum

423 4621 799 4665 revererentur
818 4624 1011 4674 voces,
1037 4610 1180 4664 clara
1201 4613 1376 4681 palam
1402 4629 1533 4667 voce
1553 4617 1982 4670 contestantimn

417 4704 673 4757 virtutem
728 4710 1075 4772 martyrum;
1133 4719 1195 4755 ac
1247 4716 1516 4772 quemque
1572 4702 1785 4758 illorum
1842 4707 1988 4761 Velut

420 4806 738 4864 praesentem
761 4834 781 4858 ,
816 4802 976 4862 atque
1007 4808 1100 4848 eos
1139 4794 1207 4847 ab
1235 4796 1489 4848 obsessis‘
1520 4795 1827 4850 hominibus
1868 4798 1988 4851 abi-

420 4896 633 4953 gentem
661 4894 823 4959 atque
849 4882 1118 4953 l'ugautem
1137 4922 1152 4946 ,
1182 4898 1248 4936 ex
1277 4883 1492 4937 nomine
1524 4883 1984 4951 compellanlium.

420 4980 547 5032 Sive
577 4987 757 5031 autent
800 4976 921 5045 quis
966 4990 1028 5027 ea
1063 4973 1190 5028 velit
1225 4976 1483 5028 adversus
1527 4975 1834 5030 immundos
1878 4977 1989 5044 spi-

422 5070 555 5124 ritus
600 5080 855 5139 praestare
909 5066 1123 5137 pietatis
1156 5067 1475 5120 athletarum
1524 5070 1836 5136 exercitus,
1876 5072 1991 5124 sive

420 5159 676 5232 angelos,
731 5157 823 5229 qui
875 5159 941 5211 ad
990 5157 1323 5226 eorum,qui
1377 5162 1561 5226 requie
1590 5158 1774 5211 donati
1826 5169 1985 5222 sunt,

400 5251 677 5303 .honorem
737 5250 907 5305 sacris
955 5265 1141 5304 eorum
1185 5248 1420 5303 delubris
1486 5250 1789 5313 assideant,
1847 5250 1984 5303 nihil

421 5340 663 5392 interest.
692 5335 823 5391 Nam
855 5336 1111 5406 quidquid
1149 5335 1378 5398 dicatur,
1421 5337 1486 5389 ad
1520 5351 1704 5389 eorum
1751 5337 1976 5407 glorianti

416 5438 532 5491 est,
564 5428 654 5496 qui
684 5425 885 5482 Christi
915 5444 1076 5483 causa
1121 5438 1293 5482 morte
1335 5437 1460 5481 sunt
1499 5429 1757 5482 defuncti.
1809 5425 1982 5483 Porro

489 5538 537 5571 ιι
562 5539 745 5625 Enim],
771 5554 963 5625 sxa",
988 5539 1075 5625 i‘l,
1109 5540 1191 5625 ll’i.
1268 5542 1313 5574 ⁸⁸
1355 5539 1417 5594 Ill
1450 5541 1578 5612 Reg.
1616 5558 1697 5606 xi,
1734 5545 1817 5611 ll,
1854 5546 1943 5602 12.

2102 5547 2244 5604 Paul.
2283 5566 2445 5605 χιλιί
2472 5591 2487 5616 ,
2520 5553 2607 5609 (ὶὸ.
2676 5556 2683 5561 ⁷
2713 5555 2755 5586 ’⁷
2802 5554 2939 5625 Lego
2969 5554 3182 5611 ἱκετῶν.

417 5610 730 5684 πρεσϐείας,
769 5612 848 5663 vel
878 5611 1004 5678 quid
1035 5613 1227 5665 simtte.

2098 4433 2311 4486 πᾶντων
2333 4430 2532 4503 θράσος
2556 4433 2758 4506 ἀρετὴν
2781 4434 3121 4505 νομίζοντας,
3142 4435 3241 4500 τὰς
3265 4436 3393 4505 γοῦν
3423 4436 3533 4490 τῶν
3557 4436 3675 4498 δαι-

2099 4524 2273 4594 μόνων
2317 4524 2628 4597 αίδεσθῆναι
2674 4528 2879 4597 φωνὰς,
2936 4528 3245 4599 κραζόντων
3286 4530 3379 4582 καὶ
3425 4528 3677 4600 βοώντων

2094 4612 2362 4686 λαμπρῶς
2409 4616 2519 4670 τῶν
2565 4617 2857 4689 μαρτύρων
2888 4618 2987 4690 τὴν
3022 4619 3269 4691 δύναμιν,
3310 4622 3405 4674 καὶ
3441 4621 3676 4691 ὀνόμασι

2097 4706 2404 4760 καλούντων
2450 4708 2697 4773 ἕκαστον,
2724 4708 2802 4772 ὡς
2840 4706 3186 4781 παρεστῶτα,
3224 4711 3317 4764 καὶ
3344 4710 3679 4771 ἀπελαύνον-

2095 4814 2184 4861 τα,
2219 4799 2313 4851 καὶ
2339 4799 2708 4869 φυγαδεύοντα
2738 4799 2846 4854 τῶν
2873 4803 3317 4873 τυραννουμένων
3344 4801 3676 4872 ἀνθρώπων.

2092 4888 2215 4941 Εἴτε
2257 4888 2315 4942 δὲ
2349 4890 2418 4943 τὰ
2457 4878 2774 4962 συστήματα
2806 4892 2916 4945 τῶν
2958 4886 3207 4965 ἀθλητῶν
3252 4895 3354 4966 τῆς
3386 4894 3676 4958 εὐσεϐείας

2093 4978 2267 5032 ἐθέλοι
2300 4997 2383 5043 τις
2405 4982 2647 5050 ἐνεργεῖν
2669 4983 2810 5037 κατά
2834 4985 2941 5037 τῶν
2963 4986 3286 5058 ἀκαθάρτων
3320 4988 3670 5056 πνευμάτων,

2092 5069 2201 5121 εἴτε
2255 5070 2521 5138 ἀγγέλους
2572 5075 2651 5136 είς
2688 5073 2850 5146 τιμὴν
2877 5074 2985 5129 τῶν
3014 5078 3483 5148 ἀναπεπαυμένων
3526 5096 3675 5150 παρ-

2093 5159 2409 5231 εδρεύοντας
2440 5167 2550 5227 τοῖς
2582 5165 2755 5232 ἀγίοις
2781 5170 2986 5239 σηκοῖς,
3022 5170 3172 5223 οὐδὲν
3191 5169 3451 5241 διαφέρει’
3478 5170 3674 5223 ὁπότε-

2097 5268 2187 5321 ρον
2218 5251 2324 5323 γὰρ
2354 5251 2420 5306 ἂν
2443 5253 2688 5324 λέγηται,
2717 5256 2841 5321 δόξα
2870 5258 2978 5311 τῶν
3015 5260 3154 5328 ὑπὲρ
3187 5262 3285 5330 τῆς
3323 5262 3403 5323 είς
3432 5261 3674 5330 Χριστὸν

2092 5343 2313 5415 ἀγάπης
2353 5346 2467 5399 ἐστὶ
2497 5345 2792 5402 παθόντων.
2825 5349 3093 5421 Πρόδηλον
3128 5352 3184 5404 δὲ
3228 5352 3505 5419 φαίνονται
3534 5358 3674 5403 καθο

2092 5435 2306 5506 ημὲραν
2333 5438 2388 5490 αἱ
2422 5438 2527 5491 τῶν
2557 5441 2850 5513 μαρτύρων
2880 5443 3209 5513 εὐεργεσίαι,
3236 5443 3390 5497 ἄλλαι
3416 5461 3473 5497 τε
3508 5444 3671 5499 ἄλλαι

3295 5557 3343 5589 ⁸⁸
3375 5558 3464 5611 ἵσ.
3500 5561 3669 5619 λείπ.
