4048 6194
393 165 497 225 535

1652 156 1710 217 S'.
1751 160 2025 220 ASTERII
2063 162 2364 223 AMASENI

3512 162 3630 220 33$

393 284 509 337 foro
535 277 921 351 aliquantulum
946 293 1069 334 cum
1098 277 1241 332 notis
1268 274 1671 343 ambulassem,
1702 278 1849 340 illinc
1874 295 1950 336 me

2063 283 2182 352 ρᾶς,
2213 283 2419 337 ἐκεῖθεν
2451 283 2530 368 εἰς
2560 281 2626 341 τὸ,
2647 280 2740 336 τοῦ
2769 280 2904 336 Θεοῦ
2944 282 3138 352 τέμνος
3175 278 3450 349 ἀφικόμην
3477 276 3631 345 εὒξῦο
3657 360 3665 368 .

391 375 442 427 in
474 372 564 426 Dei
599 371 855 439 templum
886 370 999 425 otio
1020 375 1276 423 oraturus
1302 367 1505 437 recepi.
1531 366 1665 423 Cum
1701 385 1828 424 vero
1855 377 1957 427 hoc

389 479 603 534 quoque
639 470 997 525 consecutus,
1032 475 1195 514 unam
1227 461 1515 528 quamdam
1547 475 1616 515 ex
1660 463 1960 531 pumicibus

392 557 677 609 transirem
696 593 711 617 ,
743 552 849 606 vidi
880 554 931 606 in
956 566 1016 604 ea
1046 551 1312 621 picturam
1343 552 1626 618 quamdam
1654 591 1669 617 ,
1695 554 1848 624 cujus
1877 571 1961 610 me

389 648 595 715 species
638 644 859 699 omnino
897 641 1054 711 cepit.
1106 641 1347 696 Dixisses
1378 641 1745 712 Euphranoris
1790 647 1959 701 artill-

389 742 537 793 ciunr
560 752 712 799 esse,
743 745 833 789 aut
864 749 1051 789 eorum
1083 732 1343 800 alicujus,
1377 735 1469 802 qui
1506 734 1633 790 olim
1666 736 1956 804 plttt'itttttut

390 829 670 897 dignitatis
699 828 920 899 pictura:
948 806 1306 881 conciliarunt
1336 825 1484 894 (5i),
1520 842 1625 879 non
1655 826 1815 881 aliter
1842 829 1959 897 pitt-

390 933 606 991 geutes.
637 933 796 988 quam
828 917 870 971 si
898 918 1049 969 vivas
1082 916 1135 968 iu
1165 914 1365 969 talmlis
1391 915 1591 969 formas
1611 917 1955 973 exhiberem.

388 1016 657 1069 Adesdum
706 1028 856 1077 vero,
900 1011 942 1065 si
995 1009 1182 1065 voles:
1223 1011 1420 1081 quippe
1466 1011 1627 1065 etiam
1675 1026 1817 1065 nunc
1862 1025 1959 1080 per

392 1120 602 1177 tempus
628 1120 886 1160 enarrare
920 1103 1048 1157 licet
1081 1120 1094 1157 :
1127 1117 1334 1171 egoque
1366 1102 1625 1171 picturam
1658 1118 1953 1174 exponam.

391 1198 571 1265 Neque
599 1196 743 1251 enim
775 1210 873 1249 nos
902 1209 1175 1248 musarum
1239 1193 1441 1248 alumni
1488 1192 1697 1263 pejores
1734 1197 1955 1266 pictori-

388 1290 485 1342 bus
515 1288 722 1340 colores
752 1287 1033 1339 habemus.

434 1380 625 1437 ,Sacra
661 1377 903 1445 quaedam
936 1375 1134 1429 lemina
1164 1414 1179 1432 .
1214 1376 1533 1453 intemerata
1571 1377 1752 1449 virgo,
1795 1392 1951 1432 suam

386 1473 499 1528 Deo
562 1468 866 1522 castitatem
942 1467 1186 1523 dicavit:
1242 1466 1600 1535 Euphemiam
1657 1456 1952 1538 appellant.

2063 391 2223 443 μενος
2247 376 2304 427 ἐν
2327 363 2510 445 σχολῇ,
2545 374 2632 437 Ὠς
2663 374 2719 449 δὲ
2753 376 2846 429 καὶ
2874 374 3066 427 τούτου
3095 370 3297 443 τυχὼν,
3318 371 3415 424 ’ἕνα
3434 369 3500 440 δὴ
3523 368 3637 423 τῶν

2059 466 2371 534 ὑποστέγων
2401 466 2617 537 δρόμων
2639 465 2904 530 ἐϐάδιζον,
2933 460 3072 518 εἶδον
3095 466 3212 517 ἐκεῖ
3238 464 3459 534 γραφήν
3486 477 3634 522 τινα.

2059 558 2150 612 καί
2182 575 2248 629 με
2280 558 2562 630 κατάκρας
2594 554 2737 611 εἷλεν
2764 559 2809 589 ⁸⁸
2840 560 2873 629 ή
2907 557 3023 611 θέα.
3067 556 3418 631 Εδφράνορος
3461 554 3528 608 ἂν
3555 548 3637 607 ci-

2059 667 2158 711 πες
2192 645 2332 703 εἶναι
2359 648 2420 701 τὺ
2446 648 2838 719 φιλοτέχνημα,
2869 648 2903 719 ἡ
2932 664 3076 711 τινος
3112 646 3337 700 ἐκείνων
3385 643 3494 697 τῶν
3527 660 3637 697 πα·-
3683 644 3693 654 ⁵

2058 740 2244 804 λαιῶν,
2278 740 2328 794 οἳ
2374 740 2474 812 τὴν
2522 740 2799 812 γραφικὴν
2837 735 2977 810 ἦραν
3019 739 3099 802 εἰς
3145 737 3307 809 μέγα,
3358 734 3637 806 ἐμψύχους

2057 831 2238 898 ὀλίγου
2284 830 2495 893 δέοντος
2541 831 2908 901 ἐργασάμενοι
2953 829 3208 891 πίνακας.
3265 824 3437 897 Δεῦρο
3478 825 3547 890 δ’,
3582 825 3637 877 si

2059 922 2237 993 βούλει
2270 924 2386 991 (καὶ
2416 922 2522 992 γ’ἀρ
2552 923 2715 994 σχολὴ
2765 922 2860 976 νῦν
2901 922 3280 993 διηγήματος),
3317 920 3511 992 φράσω
3548 935 3637 973 σοι

2055 1015 2155 1088 τὴν
2182 1013 2419 1086 γραφήν.
2459 1014 2594 1068 Οὑδέ
2639 1014 2749 1087 γάρ
2782 1014 3088 1086 φαυλότερα
3122 1013 3339 1077 πάντως
3384 1013 3493 1066 τῶν
3522 1010 3638 1076 ζω-

2056 1110 2281 1182 γράφων
2333 1107 2570 1183 [παῖδες]
2617 1110 2668 1161 οἱ
2729 1106 2944 1177 μουσῶν
2995 1106 3180 1169 παῖδες
3253 1105 3449 1176 ἔχομεν
3494 1104 3641 1176 φάρ-

2059 1216 2231 1270 μακα.

3400 1272 3427 1286 ο

2123 1380 2264 1451 Γυνή
2298 1396 2381 1442 τις
2404 1378 2548 1449 ἱερά,
2568 1374 2837 1447 παρθένος
2862 1371 3294 1445 ἀκήρατος,Θεῷ
3321 1372 3366 1403 ⁸³
3393 1372 3493 1442 τὴν
3523 1387 3635 1425 σωο

2055 1470 2329 1543 φροσύνην
2356 1467 2758 1539 καθιερώσασαν
2814 1465 3097 1536 Εὑφημίαν
3132 1463 3386 1517 καλοῦσιν
3436 1464 3633 1534 αὑτήν.

385 1562 519 1617 Cum
553 1571 731 1625 autem
774 1560 1097 1629 quandoque
1140 1569 1402 1628 tyrannus
1442 1562 1557 1629 pios
1598 1560 1844 1616 homines
1890 1576 1950 1616 ac

2054 1564 2328 1636 Τυράννου
2356 1561 2412 1615 δέ
2445 1576 2575 1613 ποτε
2616 1559 2741 1621 τοὺς
2773 1556 3130 1619 εὐσεϐοῦντας
3158 1556 3493 1619 ἐλαύνοντος,
3522 1555 3633 1620 μά-

386 1654 726 1710 Cbristianos
774 1662 1209 1720 persequeretur,
1268 1652 1357 1706 illa
1410 1654 1702 1707 admodum
1759 1653 1950 1708 alacris

2052 1654 2124 1709 λα
2160 1652 2453 1727 προθύμως
2486 1652 2580 1704 τὸν
2608 1649 2702 1704 ἐπὶ
2729 1648 2945 1718 Θανάτῳ
2968 1648 3142 1700 εἵλετο
3173 1646 3436 1701 κίνδυνον.
3464 1648 3529 1700 Oi
3571 1646 3634 1699 δὲ

385 1747 509 1800 vitze
536 1743 706 1798 aleam
739 1754 930 1813 sponte
962 1744 1112 1805 adiit.
1140 1743 1300 1798 Cives
1328 1753 1544 1809 autem,
1571 1745 1794 1814 ejusque
1821 1746 1950 1799 socii

2054 1748 2120 1818 δὴ
2169 1734 2383 1800 πολῖται
2444 1743 2540 1797 καὶ
2596 1741 2844 1795 κοινωνοὶ
2894 1740 2994 1810 τῆς
3034 1738 3350 1810 θρησκείας,
3394 1739 3534 1809 ὑπὲρ
3563 1734 3633 1811 ἧς

390 1837 695 1908 religionis,
730 1852 828 1904 pro
869 1852 973 1905 qua
1020 1851 1082 1889 ea
1131 1844 1358 1889 mortem
1400 1837 1570 1900 obiit,
1603 1851 1697 1889 ceu
1739 1836 1955 1890 fortitu-

387 1932 529 1984 dinis
585 1947 648 1984 ac
705 1928 1015 1983 sanctitatis
1063 1927 1233 1995 gloria
1291 1927 1552 1994 insignem
1607 1928 1952 1983 admirationi

388 2021 678 2085 habentes,
716 2020 856 2073 haud
893 2018 1079 2087 procul
1111 2016 1307 2086 templo
1338 2017 1453 2088 (52)
1485 2018 1789 2087 sepulcrum
1821 2019 1954 2072 tedi-

316 2157 335 2176 .
393 2117 614 2168 licantes
680 2128 743 2166 ac
811 2111 987 2180 posito
1049 2110 1258 2176 loculo,
1324 2110 1560 2164 honores
1610 2112 1659 2164 ei
1711 2110 1953 2180 publicos

386 2204 644 2257 adhibent
664 2241 679 2261 ,
712 2216 950 2254 annuum
992 2198 1109 2267 ejus
1156 2199 1469 2253 certaminis
1499 2199 1638 2254 diem
1659 2240 1676 2265 ,
1704 2215 1949 2254 commn—

388 2308 512 2348 nem
542 2308 606 2345 ac
637 2291 804 2345 totius
832 2289 1010 2359 populi
1055 2302 1320 2344 conventu
1356 2290 1531 2342 lzetam
1573 2288 1834 2345 facientes
1854 2304 1947 2343 ce-

387 2376 892 2451 leliritatetn.,Sact'i
945 2377 1160 2447 quidem
1213 2391 1685 2432 sacramentorum
1727 2379 1817 2432 Dei
1865 2380 1950 2433 in-

386 2481 678 2541 terpretes,
723 2469 836 2539 jugi
892 2483 1141 2523 sermone
1184 2468 1498 2522 memoriam
1532 2470 1838 2549 honorant,‘
1863 2486 1957 2541 po-

387 2564 646 2634 pulosque
674 2563 1056 2619 convenientes
1077 2599 1092 2624 ,
1127 2570 1188 2616 ut
1218 2561 1325 2615 illa
1373 2563 1646 2630 patientiae
1675 2573 1953 2619 certamen

386 2655 868 2718 consummaverit,
932 2654 1080 2708 onmi
1128 2652 1309 2707 studio
1367 2653 1697 2721 informant;
1766 2656 1858 2710 sed
1900 2666 1955 2709 et

392 2749 565 2816 pictor
596 2745 782 2814 pietati
818 2754 875 2799 et
908 2745 1025 2814 ipse
1060 2744 1319 2825 studens,
1366 2745 1499 2797 artis
1539 2759 1736 2812 Opera,
1782 2745 1950 2799 histo-

388 2840 522 2892 riam
555 2848 719 2892 totam
765 2836 818 2889 iu
868 2835 1123 2897 sindone,
1157 2849 1320 2903 quam
1362 2833 1507 2888 licuit
1569 2836 1685 2888 viva
1733 2850 1953 2903 expres-

2054 1836 2423 1906 ἐτελεύτησεν,
2452 1835 2527 1899 ὡς
2555 1833 2805 1903 ἀνδρείαν
2833 1832 2967 1903 όμοῧ
3000 1831 3093 1884 καὶ
3118 1830 3268 1900 ἱεράν
3298 1831 3394 1900 τὴν
3426 1830 3635 1902 παρθέ-

2056 1947 2146 1984 νον
2173 1927 2572 1999 θαυμάσαντες,
2606 1925 2833 1995 πλησίον
2877 1921 2971 1983 τοῦ
3013 1921 3158 1993 ἱεροῦ
3188 1921 3287 1992 τὴν
3319 1921 3495 1993 Θήκην
3525 1922 3636 1976 δει-

2062 2020 2318 2091 μάμενοι,
2346 2014 2707 2086 καταθέμενοι
2743 2031 2803 2066 τε
2836 2013 2935 2084 τὴν
2962 2012 3230 2083 λάρνακα,
3254 2012 3418 2082 τιμάς
3445 2012 3633 2066 τελοῦ-

2061 2128 2145 2163 σιν
2186 2109 2347 2179 αὑτῇ,
2381 2108 2480 2178 τὴν
2517 2108 2734 2177 ἐτήσιον
2761 2106 2974 2177 ἑορτὴν,
3011 2103 3203 2175 καινὴν
3233 2103 3279 2135 ⁸⁸
3306 2105 3400 2156 καὶ
3430 2103 3635 2173 πάνδη-

2059 2218 2159 2272 μον
2186 2199 2463 2263 ποιοῦντες
2500 2202 2831 2269 πανήγυριν.
2863 2197 2929 2249 Oi.
2972 2196 3072 2267 μὲν
3108 2191 3200 2249 οὖν
3232 2195 3339 2272 τῷν
3373 2194 3467 2250 τοῦ
3496 2194 3636 2248 Θεοῦ

2060 2269 2372 2361 μυστηρίων
2396 2289 2708 2360 ἱεροφάνται
2760 2286 2854 2340 καὶ
2881 2285 3026 2356 λόγῳ
3049 2284 3252 2356 τιμῶσι
3282 2269 3378 2356 τὴν
3413 2286 3635 2355 μνήμην
3679 2333 3683 2337 .

2058 2381 2165 2443 ἀεὶ,
2199 2380 2294 2433 καὶ
2323 2382 2473 2442 ὅπως
2502 2378 2781 2445 ἐξετέλεσε
2824 2377 2918 2431 τὸν
2955 2380 3053 2448 τῆς
3092 2377 3383 2447 καρτερίας
3422 2377 3637 2445 ἀγῶνα,

2058 2470 2332 2542 ἐπιμελῶς
2359 2470 2487 2533 τοὺς
2519 2470 2799 2531 συνιόντας
2829 2467 2992 2530 λαοὺς
3018 2468 3441 2522 ἑκδιδάσκουσιν.
3486 2467 3544 2521 ’0
3576 2468 3637 2522 δὲ

2056 2566 2122 2635 δὴ
2151 2564 2441 2635 ζωγράφος
2465 2562 2704 2616 εὐσεϐῶν
2734 2561 2830 2616 καὶ
2859 2561 3044 2624 αὐτὸς.
3078 2560 3166 2613 διὰ
3186 2562 3285 2629 τῆς
3309 2562 3503 2631 τέχνης
3531 2579 3637 2614 κα-

2054 2656 2124 2707 τὰ
2165 2656 2413 2726 δύναμιν,
2447 2656 2625 2708 πᾶσαν
2658 2654 2755 2725 τὴν
2779 2652 3018 2723 ἱστορίαν
3049 2653 3106 2705 ἐν
3137 2653 3331 2706 σινδόνι
3360 2653 3633 2724 χαράξας,

2056 2745 2217 2799 αὐτοῦ
2273 2763 2376 2799 που
2414 2746 2542 2817 περὶ
2585 2747 2684 2816 τὴν
2737 2745 2909 2816 Θήκην
2960 2744 3101 2815 ἱερὸν
3145 2743 3380 2815 ἀνέθηκε
3428 2744 3635 2816 θέαμα.

2059 2840 2210 2909 Ἔχει
2232 2839 2288 2893 δὲ
2313 2832 2416 2893 ὧδε
2440 2839 2502 2892 τὸ
2527 2836 2913 2907 φιλοτέχνημαο

385 2931 536 2985 sione
581 2928 906 2999 designans,
958 2926 1155 2980 ibidem
1188 2924 1344 2995 juxta
1388 2926 1695 2997 sepulcrum
1743 2944 1954 2984 sacrant
1996 2931 2062 2986 ad
2114 2931 2482 3002 Spectaculum
2522 2931 2773 3001 appendit
2813 2928 3088 2985 tabellam.
3124 2928 3217 2987 Sic
3259 2940 3440 2986 autem
3468 2930 3635 2986 habet

386 3024 521 3078 artis
561 3023 663 3077 hoc
692 3022 1008 3091 praeclarum
1036 3034 1172 3089 opus
1200 3035 1214 3074 :

453 3113 619 3168 Sedet
654 3086 818 3182 judex
880 3086 1087 3164 throuo—
1120 3109 1384 3176 sublimis,
1443 3111 1638 3166 acerbo
1688 3127 1751 3167 ac
1809 3114 1944 3168 truci

2131 3112 2364 3184 Ύψηλδς
2392 3113 2484 3165 ἐπὶ
2528 3111 2717 3184 θρόνου
2748 3086 3068 3182 καθέδρυται
3104 3111 3386 3183 δικαστὴς,
3430 3111 3636 3184 πικρὸν

386 3206 530 3258 vultu
565 3214 831 3257 contuens
895 3203 1175 3269 virginem.
1228 3202 1334 3256 Ars
1389 3204 1585 3271 quippe
1619 3205 1670 3258 in
1727 3206 1948 3260 inanimi

385 3309 599 3367 quoque
633 3294 854 3347 materia
886 3293 1159 3355 irascitur,
1215 3309 1336 3346 cum
1371 3292 1533 3349 lubet.
1565 3295 1731 3351 Porro
1757 3298 1951 3352 adsunt

388 3387 733 3457 magistratus
764 3383 1041 3447 satellites,
1078 3399 1140 3439 ac
1173 3384 1371 3439 milites
1402 3399 1508 3438 non
1534 3387 1721 3453 pauci:
1754 3402 1815 3441 ac
1829 3389 1951 3456 qui-

354 3480 509 3531 'dem
589 3474 1103 3529 commentarienses
1160 3474 1368 3528 tabulas
1422 3475 1600 3530 ferunt
1642 3491 1708 3531 ac
1746 3481 1948 3549 stylos;

383 3583 616 3636 quorum
649 3566 784 3620 alter
818 3580 1033 3619 manum
1065 3580 1095 3619 e
1129 3580 1255 3619 cera
1281 3565 1540 3631 edocens,
1570 3568 1777 3623 intense
1811 3570 1955 3640 aspi-

385 3660 533 3712 i-itin
564 3666 828 3711 astantem
853 3654 1056 3725 judicio
1106 3656 1392 3722 virginem,
1454 3666 1616 3712 totam
1667 3657 1955 3714 deﬂectens

378 3750 607 3813 faciem,
651 3759 903 3815 tanquam
928 3746 1113 3817 jubeat
1144 3747 1285 3817 loqui
1314 3748 1531 3813 clarius,
1560 3758 1617 3819 ιιι
1638 3765 1707 3804 ne
1743 3750 1955 3806 dilllcile

386 3842 631 3902 atnliens,
655 3839 915 3893 mendosa
950 3839 1173 3904 scribat,
1212 3856 1275 3895 ac
1309 3842 1465 3908 digna
1512 3845 1950 3911 reprehensione.

385 3932 737 3988 Astatautem
775 3932 926 4001 virgo
977 3930 1118 4000 pulla
1184 3943 1357 3997 veste,
1407 3948 1471 3989 ac
1502 3935 1660 4004 pallio
1712 3937 1953 4005 philoso-

386 4021 569 4093 phiam
606 4018 872 4088 prefessa;
908 4029 966 4073 ut.
994 4021 1207 4089 quidem
1227 4024 1433 4091 putavit
1458 4029 1650 4094 pictor,
1682 4026 1794 4096 ipso
1815 4042 1951 4097 quo-

372 4127 495 4182 que
527 4112 676 4166 vultu
707 4112 915 4179 lepida;
945 4122 1003 4165 ut
1039 4121 1218 4167 autem
1273 4114 1385 4183 ipse
1432 4119 1707 4183 existimo,
1739 4120 1953 4189 egregie

382 4212 579 4259 ornato
610 4203 894 4258 virtutibus
924 4204 1126 4258 animo.
1160 4204 1369 4261 Din-out
1420 4219 1600 4262 autem
1660 4212 1727 4263 ad
1764 4213 1952 4278 praesi-

383 4299 506 4352 dem
537 4298 642 4352 duo
674 4298 869 4351 milites
893 4313 908 4359 ;
935 4296 1073 4350 alter
1098 4297 1316 4365 quidem
1348 4310 1471 4354 ante
1523 4302 1783 4368 trahens;
1816 4302 1951 4357 alter

383 4403 513 4444 vero
544 4404 572 4442 a
605 4402 755 4458 tergo
788 4402 1004 4457 urgens.
1049 4385 1220 4441 Porro
1257 4389 1477 4457 virginis
1508 4391 1721 4445 habitus
1746 4392 1950 4461 pudore

2054 3203 2148 3256 καὶ
2192 3203 2454 3273 δυσμενὲς
2490 3202 2698 3271 βλέπων
2746 3202 2825 3264 εἰς
2861 3200 2960 3271 τὴν
3030 3200 3293 3272 παρθένον
3333 3202 3638 3273 (ὀργίζεται

2053 3295 2182 3365 γάρ,
2207 3294 2284 3347 ὅτ’
2318 3293 2384 3353 ἂν
2424 3293 2602 3364 ἐθέλῃ,
2634 3293 2735 3345 κάν
2761 3295 2880 3356 ταῖς
2911 3292 3138 3362 ἀψύχοις
3171 3291 3323 3357 ὕλαις
3352 3295 3384 3363 ἡ
3416 3294 3627 3367 τέχνη).

2052 3386 2346 3458 Δορυφόροι
2375 3383 2431 3436 δέ
2455 3383 2552 3452 τῆς
2586 3383 2757 3452 ἀρχῆς
2807 3381 2901 3434 καὶ
2948 3380 3276 3449 στρατιῶται
3312 3382 3512 3436 πολλοί·
3572 3385 3628 3436 οἱ

2058 3477 2175 3546 μὲν,
2210 3473 2318 3527 τῶν
2367 3474 2773 3543 ὑπομνημάτων
2829 3473 3239 3544 ὑπογραφείσας
3290 3472 3506 3537 δέλτους
3537 3474 3633 3543 φέ-

2056 3582 2240 3638 ροντες
2295 3563 2391 3618 καὶ
2448 3564 2737 3635 γραφίδας’
2774 3557 2851 3617 ὧν
2890 3563 3116 3636 Θάτερος
3152 3564 3464 3638 ἀναρτήσας
3520 3566 3633 3620 ἀπὸ

2051 3658 2144 3712 τοῦ
2189 3656 2361 3728 κηροῦ
2410 3656 2508 3728 τὴν
2555 3659 2730 3727 χεῖρα,
2777 3654 2961 3725 βλέπει
2994 3656 3128 3727 πρὸς
3164 3657 3263 3727 τὴν
3304 3657 3629 3728 κρινομένην

2054 3750 2316 3822 σφοδρῶς,
2354 3749 2472 3802 ὅλον
2498 3748 2749 3811 ἐκκλίνας
2775 3748 2838 3800 τὸ
2860 3748 3169 3819 πρόσωπον,
3195 3747 3383 3817 ὥσπερ
3412 3747 3628 3800 κελευόο

2056 3858 2211 3912 μενος
2243 3842 2379 3911 αὐτῇ
2416 3840 2777 3912 γεγωνότερον
2806 3839 3005 3903 λαλεῖν,
3040 3840 3123 3892 ἵνα
3147 3840 3219 3911 μὴ
3248 3840 3470 3912 κάμνων
3497 3840 3633 3911 περὶ

2050 3910 2147 4004 τὴν
2176 3910 2376 4003 ἀκοὴν,
2396 3910 2708 4001 ἐσφαλμένα
2735 3930 2921 4002 γράφῃ
2949 3931 3043 3985 καὶ
3074 3910 3397 4001 ἐπιλήψιμα.
3420 3910 3629 4003 Ἔστη-

2051 4041 2115 4079 κε
2142 4025 2200 4078 δὲ
2254 4025 2289 4094 ἡ
2345 4022 2612 4094 παρθένος
2643 4024 2701 4074 ὲν
2738 4023 2883 4094 φαιῷ
2915 4023 3122 4094 χιτῶνι,
3163 4025 3257 4076 καὶ
3288 4023 3486 4094 ἱματίῳ
3526 4023 3633 4094 τὴν

2051 4113 2364 4185 φιλοσοφίαν
2390 4112 2751 4183 σημαίνουσα·
2768 4113 2844 4177 ὡς
2870 4114 2970 4184 μὲν
3012 4114 3156 4180 ἔδοξε
3189 4112 3266 4184 τῷ
3285 4116 3505 4183 γραφεῖ,
3532 4112 3632 4168 καὶ

2048 4206 2146 4277 τὴν
2166 4205 2287 4274 δψιν
2315 4204 2524 4257 ἀστείαν
2566 4203 2643 4267 ὡς
2665 4204 2723 4257 δέ
2765 4205 2890 4274 ἐμοὶ
2914 4206 3081 4271 δοκεῖ,
3109 4206 3208 4278 τὴν
3232 4207 3410 4277 ψυχὴν
3431 4206 3636 4262 κεκαλ-

2049 4296 2366 4367 λωπισμένη
2395 4298 2513 4359 ταῖς
2534 4297 2777 4367 ἀρεταῖς.
2822 4297 3050 4365 ’Δγουσι
3073 4298 3132 4351 δέ
3171 4298 3342 4371 αὐτὴν
3370 4299 3506 4371 πρὸς
3532 4300 3633 4354 τὸν

2052 4390 2289 4461 ἄρχοντα
2318 4388 2411 4442 δύο
2450 4387 2798 4459 στρατιῶται,
2829 4390 2857 4442 ὁ
2884 4388 2985 4459 μὲν
3005 4389 3179 4443 ἐλκων
3210 4391 3302 4444 ἐπὶ
3335 4390 3397 4444 τὸ
3415 4391 3628 4463 πρόσω,
3668 4380 3677 4384 -

383 4493 449 4535 ac
474 4479 778 4534 constantia
843 4478 1037 4531 mistus
1088 4479 1280 4534 enitet.
1332 4479 1555 4533 Inclinat
1618 4482 1854 4549 quidem,
1884 4497 1945 4537 ac

2052 4481 2076 4532 ό
2102 4479 2159 4532 δὲ
2188 4478 2415 4532 κατόπιν
2448 4478 2700 4546 ἐπείγων.
2753 4478 3103 4551 Κεκραμένον
3141 4481 3236 4550 τῆς
3265 4480 3531 4551 παρθένου
3562 4481 3631 4535 τὸ

379 4581 579 4621 cernua
624 4564 817 4620 oculos
878 4565 1115 4621 demittit
1171 4575 1424 4636 tanquam
1478 4573 1716 4624 virorum
1747 4572 1944 4626 erube-

2051 4563 2182 4639 ἦθος
2204 4568 2342 4621 αιδοῖ
2394 4568 2488 4622 καὶ
2545 4568 2885 4641 στερρότητι.
2918 4569 3083 4622 Νεύει
3116 4571 3213 4640 μὲν
3244 4572 3353 4641 γάρ
3384 4573 3461 4635 εἰς
3493 4570 3625 4642 γῆν,

447 4679 587 4761 "_S.
620 4676 847 4761 yic‘eph.
880 4674 1043 4761 εἶχεν.
1069 4750 1081 4761 _
1120 4680 1165 4712 ⁸³
1200 4680 1261 4738 S.
1296 4681 1512 4755 Niceph.
1547 4687 1823 4759 ἀκήρατον
1855 4689 1950 4760 Θεᾷ

2073 4688 2118 4721 ⁸⁵
2154 4688 2243 4743 Sic
2273 4705 2486 4758 quoque
2547 4700 2699 4743 vetus
2728 4695 2735 4699 '
2767 4687 3076 4756 interpres;
3140 4698 3363 4757 prtestat
3394 4690 3623 4761 κοινήν,
3706 4694 3711 4699 ’

376 4749 517 4819 quod
543 4760 597 4805 et
620 4748 677 4802 S.
711 4748 961 4818 Nicephf
996 4750 1176 4806 habet.

441 4861 558 4929 (51)
598 4862 701 4927 Qui
735 4862 856 4915 olim
887 4863 1166 4930 plurimum
1199 4863 1471 4930 dignitatis
1510 4863 1727 4928 pidum:
1766 4864 1940 4916 conci-

374 4931 593 4994 liorum,
616 4931 690 4985 Οἳ
712 4930 826 5000 τὴν
851 4932 1149 5002 γραφικὴν
1176 4931 1330 5000 ἦραν
1347 4935 1434 4998 εις
1454 4931 1607 5002 μέγα
1659 4931 1750 4986 Sic
1777 4934 1937 4986 etiant

376 5006 508 5055 alter
544 5005 735 5065 interit.
774 5002 906 5055 Male
943 5010 1116 5054 autem
1148 5003 1481 5064 Anastasius,
1516 5005 1699 5069 legens
1725 5003 1933 5071 Ἥραν,

372 5072 463 5139 qui
487 5074 828 5137 scrtilrtibiiem
852 5071 1132 5135 thnonem,
1156 5084 1280 5135 etc.,
1310 5074 1439 5123 uilnl
1473 5086 1620 5126 certe
1652 5072 1935 5126 ltarbaruttt

376 5145 547 5209 magis
605 5158 666 5196 ac
710 5145 962 5207 ineptum.
1016 5144 1150 5206 Quid
1202 5159 1343 5195 enim
1393 5142 1478 5194 h'c
1527 5144 1593 5193 ad
1627 5139 1937 5195 lunonem?

372 5206 578 5271 Quidve
616 5206 925 5277 sculptibilis
985 5211 1125 5264 Juno
1177 5213 1232 5264 in
1285 5211 1694 5278 magnitudinem
1744 5221 1935 5273 erecta,

371 5287 478 5331 etc.
508 5278 678 5345 Quam
705 5292 846 5334 esset
865 5300 896 5335 e
925 5298 978 5334 re
1006 5283 1331 5342 Christiana,
1365 5289 1421 5331 ut
1445 5281 1729 5350 purissima
1753 5279 1939 5335 Gm‘ce

372 5355 553 5402 vetera
594 5353 840 5413 concilia,
877 5354 1065 5404 tierent
1089 5364 1143 5406 et
1175 5349 1399 5403 Latine?

443 5416 556 5487 (52)
593 5416 757 5471 llaua
799 5421 979 5483 procul
1029 5421 1237 5484 templo,
1291 5420 1558 5485 πλησίον
1602 5418 1708 5483 τοῦ
1752 5420 1932 5486 lepor}.

377 5484 598 5559 videtur
626 5489 941 5543 Anastasius
990 5491 1179 5559 legisse
1227 5484 1489 5558 ἱερατείου
1514 5508 1528 5520 °
1560 5506 1679 5559 cum
1712 5490 1780 5542 ita
1800 5484 1936 5542 red-

375 5557 453 5613 dit
487 5575 500 5612 :
530 5556 695 5614 Juxta
736 5556 1216 5613 sacrarium'tlreca
1262 5556 1580 5614 coruino-ta.
1628 5557 1751 5614 Fuit
1793 5559 1934 5615 forte

2046 4863 2349 4938 sepulcrum
2397 4864 2502 4938 hoc
2556 4865 2614 4916 ἐν
2654 4866 2730 4937 τῷ
2765 4868 3002 4938 προνάῳ,
3060 4883 3123 4923 ac
3171 4871 3429 4926 nartheee
3476 4873 3625 4928 Alla-

2043 4936 2208 4997 tiano,
2237 4934 2318 5011 vel
2337 4937 2496 5011 etiam
2522 4947 2675 5011 extra
2698 4934 2915 5011 omnino
2932 4934 3241 5011 ecclesiam,
3263 4943 3406 5011 quod
3430 4939 3623 4999 (ἴε-ποθ

2040 5011 2251 5079 sonant,
2282 5004 2421 5055 hami
2455 5014 2628 5057 tamen
2665 5007 2818 5074 longe
2848 5009 2916 5061 ab
2942 5008 3049 5071 illa,
3087 5004 3235 5063 velut
3260 5004 3309 5064 in
3348 5015 3613 5079 peculiari

2039 5071 2256 5149 sacello,
2297 5087 2361 5149 at:
2413 5079 2691 5149 martyrio,
2722 5071 2870 5149 q'uod
2916 5089 3128 5131 vocant.
3188 5071 3360 5134 Alter.
3385 5082 3618 5149 interpr.

2038 5142 2256 5195 omittit.
2290 5142 2441 5206 Quod
2473 5142 2672 5196 dictum
2703 5148 3042 5210 Anastasius,
3068 5164 3132 5202 ae
3159 5164 3342 5203 vocem
3369 5142 3619 5207 oms...

2042 5212 2312 5287 retineat._
2346 5226 2443 5287 ne;
2478 5211 2802 5287 Latina_ulla
2835 5217 3089 5283 explicet,
3135 5232 3233 5271 suo
3264 5234 3413 5273 more
3461 5221 3616 5287 facit,

2036 5296 2142 5349 quo
2177 5280 2546 5351 βαρϐαρίζειν.
2570 5299 2631 5337 ac
2660 5283 2848 5338 Latine
2873 5280 3110 5340 (Ira-cari
3148 5290 3429 5343 reddendis
3458 5280 3621 5343 (ine;

2035 5352 2113 5403 eis
2150 5362 2316 5427 aiuat,
2349 5355 2422 5427 oti
2471 5355 2721 5427 maxime
2750 5359 2800 5408 in
2855 5356 3185 5425 Theophane
3223 5369 3388 5427 patet.
3448 5359 3618 5416 Nobis

2034 5431 2117 5472 est
2156 5423 2501 5498 conditorium
2528 5438 2546 5498 ς
2572 5426 2883 5498 sepulcrum
2936 5423 3207 5497 amplum,
3223 5423 3412 5498 lapide
3456 5441 3616 5486 strtt-

2035 5502 2207 5553 ctum,
2237 5491 2287 5543 in
2305 5506 2417 5561 quo
2434 5494 2466 5562 ἡ
2498 5491 2650 5566 κλίνη
2685 5495 2908 5550 locatur.
