4048 6194
359 346 452 401 ιιι

1254 343 1700 423 HOMILIA‘XII.
1747 342 1816 398 1N
1862 342 2147 401 LAUDEM
2189 343 2249 400 S.
2303 343 2663 407 STEPHANI.

3510 344 3622 403 36‘!

360 460 575 525 ϐοντος,
609 465 703 517 καὶ
754 463 1044 528 πονοῦντος
1077 462 1138 517 τὸ
1176 466 1460 536 κήρυγμα,
1499 458 1655 531 οὗτος
1697 462 1951 520 εἰσελθὼν

2087 463 2305 533 iamque
2334 480 2396 519 ac
2425 466 2698 534 regionem
2749 480 2815 520 ex
2834 480 2853 496 '
2874 467 3090 534 regione
3115 480 3176 522 ac
3203 465 3476 535 provincia
3504 483 3621 521 mu-

364 555 450 619 εις
474 555 538 608 τὺ
567 555 796 619 στάδιον,
828 555 923 608 καὶ
966 556 1224 626 ἀρπάσας
1276 556 1385 610 τῶν
1417 558 1814 628 ἀγωνισμάτων
1854 557 1945 611 τὸν

2057 562 2224 617 lares,
2289 553 2627 624 instaresqne
2676 554 2861 617 verbo,
2915 554 3190 624 ingressus
3245 553 3333 608 hic
3366 553 3621 616 stadium,

371 652 661 715 οτὲφανον,
699 645 973 715 μετελθὼν
1030 647 1113 712 είς
1143 647 1236 701 τὸν
1268 648 1494 719 οὐρανὸν
1541 648 1821 718 ἐδοξάσθη·
1872 648 1952 703 ἔτι

2087 645 2523 715 ertaminumque
2583 647 2798 712 rapiens
2849 661 3129 710 coronam,
3180 654 3229 699 te
3289 646 3505 699 interim
3567 644 3626 699 in

345 738 473 787 ,τοῦ
508 736 636 815 περί
669 735 772 805 γῆν
798 736 1189 807 στρεφομένουο
1210 738 1305 791 καὶ
1337 739 1398 791 τὸ
1430 738 1634 809 μεῖζον,
1668 738 1834 793 αὑτοῦ
1859 737 1952 792 τοῦ

2058 746 2202 791 terra
2232 747 2504 802 versante,
2537 737 2734 791 caelum
2767 751 3075 805 capessens,
3117 736 3340 805 gloriam
3398 736 3626 803 adeptus

382 824 591 896 [Ia-:96;
622 825 714 879 καὶ
744 826 876 879 Υίοῦ
895 825 1185 891 καλοῦντος
1204 827 1367 881 αὑτὸν
1394 827 1483 882 διά
1509 829 1608 900 τῆς
1637 828 1955 900 θαυμαστῆς

2085 835 2141 880 :st
2169 844 2186 881 :
2222 828 2472 896 quodque
2498 825 2673 892 majus
2706 827 2976 891 videatur,
3013 840 3134 878 cum
3166 824 3336 893 ipsum
3369 822 3527 876 Pater
3560 838 3624 876 ae

348 916 655 981 ὀπτασίας.
698 918 889 982 Οὕτως
945 919 1043 989 μὲν
1075 919 1167 973 καὶ
1210 922 1239 974 6
1276 920 1503 993 Πέτρος
1539 921 1632 975 καὶ
1679 923 1842 993 ἀρκεῖ
1888 922 1957 976 τά

382 1011 658 1082 εἰρημένα.
677 1011 964 1082 Τολμηρὺν
992 1012 1101 1083 γάρ
1122 1013 1484 1067 ἑπιπλεῖστον
1509 1014 1637 1085 περὶ
1674 1015 1958 1085 πρωτείων

384 1101 702 1172 ἁμιλλᾶσθαι
734 1101 1033 1173 πατράσιν.
1063 1103 1290 1174 ’ῐδωμεν
1318 1103 1374 1157 δὲ
1402 1104 1496 1157 καὶ
1525 1102 1592 1156 τά
1628 1102 1716 1166 σά,
1734 1102 1957 1157 Ἰάκωϐε

385 1191 569 1260 ἁδελφὲ
602 1191 695 1245 τοῦ
745 1191 1016 1246 Ἰωάννου.
1048 1191 1451 1263 Εύαγγελιστὴς
1474 1190 1527 1247 εἷ
1548 1193 1643 1247 τοῦ
1697 1193 1958 1265 Χριστοῦ,

380 1280 595 1350 θήραμα
620 1279 876 1353 δεύτερον
920 1283 1059 1353 μετά
1101 1282 1323 1355 Πέτρον.
1354 1282 1466 1336 Καὶ
1489 1283 1571 1346 τίς
1604 1283 1705 1337 ούκ
1726 1284 1792 1338 ἂν
1823 1285 1961 1353 ἀγα-

380 1370 532 1442 σθείη
568 1388 663 1424 σου
693 1372 797 1442 τῆς
824 1372 1096 1439 πίστεως;
1128 1374 1305 1427 Μόνον
1328 1374 1438 1446 γὰρ
1460 1374 1717 1446 ἐκλήθης,
1746 1377 1840 1429 καίὶ
1857 1393 1963 1447 μη·

376 1464 465 1516 δὲν
498 1463 781 1535 μελλήσας
807 1466 1141 1536 ὑπήκουσας.
1172 1466 1481 1530 Κατέλιπες
1509 1466 1647 1536 μετὰ
1698 1467 1798 1537 τῆς
1829 1485 1964 1540 πορ-

378 1554 568 1624 θμίδος
598 1556 695 1608 καὶ
730 1556 823 1609 τὸν
854 1556 1062 1626 πατέρα
1093 1556 1183 1610 τὸν
1200 1557 1503 1611 Ζεϐεδαῖον*
1521 1557 1963 1628 ὴκολούθησαςδὲ

300 1669 305 1673 ’
381 1649 475 1702 καὶ
508 1648 588 1719 τῷ
607 1648 831 1720 Χριστῷ
858 1649 935 1713 ὡς
961 1651 1184 1720 γνήσιος
1226 1633 1495 1721 μαθητής.
1541 1651 1782 1715 Ἔπαθες
1827 1651 1964 1723 ὑπὲρ

378 1744 483 1809 τῆς
514 1740 795 1805 εὐσεϐείας
826 1726 1138 1813 προθύμως,
1178 1742 1445 1815 ὁμολογῶ·
1488 1744 1731 1815 μαχαίρᾳ
1768 1743 1876 1815 γάρ
1906 1740 1985 1798 σε⁸

2060 918 2228 973 Filius
2289 918 2494 973 visione
2542 918 2632 971 illa
2688 917 2991 974 admirabili
3047 923 3323 970 vocarent.
3376 913 3467 967 Sic
3511 912 3626 981 ipse

2064 1010 2278 1073 Petrus,
2317 1011 2489 1080 deque
2511 1025 2576 1066 eo
2607 1011 2747 1065 dicta
2776 1009 3061 1064 sutiiciant.
3117 1007 3353 1062 Summa:
3392 1011 3628 1073 nam'qne

2063 1102 2411 1170 impudentia:
2444 1112 2547 1168 est,
2578 1102 2972 1157 contentiosins
3003 1103 3068 1155 de
3115 1101 3349 1169 primatu
3377 1113 3496 1150 eum
3527 1110 3627 1167 pa-

2062 1193 2234 1248 tribus
2264 1203 2507 1259 certare,
2560 1196 2896 1264 honorisque
2930 1193 3333 1263 prmrogativam
3383 1191 3463 1244 eis
3492 1189 3629 1243 invi-

2062 1284 2213 1338 dere.
2241 1285 2532 1341 Videamus
2566 1295 2746 1340 autem
2776 1295 2831 1340 et
2876 1296 2987 1351 tua,
3037 1283 3236 1338 Jacobe
3277 1281 3498 1338 Joannis
3522 1280 3632 1335 ira-

2064 1384 2148 1429 ter
2179 1374 2246 1430 ⁷³.
2272 1374 2473 1430 Christi
2505 1376 2725 1431 exsistis
2756 1390 2956 1444 praeco,
3012 1376 3239 1429 alterum
3286 1388 3315 1427 a
3349 1373 3507 1427 Petro
3539 1386 3634 1423 an-

2062 1464 2298 1533 cnpium.
2326 1465 2459 1531 Quis
2488 1480 2744 1519 vero'non
2801 1473 2947 1518 tuam
2985 1465 3279 1519 admiretur
3315 1460 3634 1517 lidem?So-

2067 1553 2174 1608 lum
2213 1556 2358 1611 enim
2391 1565 2634 1621 vocatus,
2668 1556 2811 1610 nulla
2835 1556 3017 1611 statim
3048 1572 3195 1609 mora
3225 1553 3631 1622 obtemperasti.

2067 1642 2182 1700 Una
2213 1660 2334 1699 cum
2368 1646 2635 1709 navicula,
2675 1648 2837 1700 etiam
2890 1647 3209 1700 Zebedaeum
3257 1652 3466 1713 patrem
3512 1641 3636 1696 reli-

2068 1737 2251 1804 qnisti,
2285 1736 2559 1791 Christum
2613 1752 2867 1808 sequens,
2929 1737 3006 1791 uti
3052 1750 3212 1790 vetus
3240 1746 3638 1805 gernnmnsqne

395 1832 645 1905 Ἡρώδης
683 1836 714 1887 6
752 1833 1018 1903 τύραννος
1053 1835 1398 1906 διεχρήσατο’
1437 1835 1572 1889 ἀλλά
1595 1836 1731 1907 μετὰ
1759 1836 1964 1905 Στέφα-

2085 1828 2380 1902 liscipnlns.
2416 1829 2595 1884 Alacri
2640 1831 2820 1888 animo
2870 1830 3061 1889 lateor.
3089 1844 3186 1897 pro
3219 1825 3478 1895 religione
3514 1839 3639 1894 pas-

384 1942 478 1978 vov
508 1925 726 1989 πολλοῖς
753 1924 979 1997 ὕστερον
1013 1926 1246 1996 χρόνοις.
1266 1926 1377 1980 Καὶ
1404 1925 1459 1979 τί
1477 1926 1604 1989 τοὺς
1628 1926 1961 1981 καθέκαστον

385 2018 661 2088 ὀνομάζω,
712 2019 875 2072 ὁπότε
908 2019 1048 2072 κατά
1092 2019 1310 2072 πάντων
1355 2017 1490 2090 ὁμοῦ
1538 2018 1648 2071 τῶν
1682 2019 1873 2088 ἁγίων,
1903 2019 1965 2073 τὸ

384 2110 485 2166 τοῦ
537 2109 837 2182 μαρτυρίου
869 2110 1117 2183 βραδεῖω
1134 2110 1394 2176 ἀνείλετο,
1424 2110 1637 2180 πρῶτος
1664 2110 1756 2165 τὸν
1787 2110 1970 2165 διάϐο-

387 2203 481 2259 λον
510 2203 982 2275 παραταξάμενος,
1013 2204 1107 2257 καὶ
1145 2204 1361 2276 πρῶτος
1382 2205 1628 2275 νικήσας,
1658 2202 1969 2275 μιμησάμεο

388 2312 481 2359 νος
497 2295 589 2349 τὸν
616 2294 802 2356 Δαϐὶδ,
822 2296 871 2347 εί
893 2294 986 2348 καὶ
1007 2294 1073 2349 δι’
1092 2295 1447 2366 ἀντιστρόφου
1479 2294 1571 2349 τοῦ
1608 2294 1964 2366 πράγματοςς

388 2386 575 2450 Δίθοις
601 2387 632 2439 6
661 2385 826 2439 Δαϐὶδ
872 2385 962 2440 τὸν
990 2384 1184 2440 Γολιάθ
1214 2385 1462 2455 ἐνίκησε,
1508 2385 1677 2449 λίθοις
1713 2385 1809 2438 καὶ
1841 2384 1970 2438 Στέ-

391 2494 561 2545 φανός
585 2476 677 2530 τὸν
701 2476 970 2531 διάϐολον·
1003 2477 1117 2530 ἀλλ’
1154 2479 1184 2531 6
1212 2476 1331 2547 μὲν,
1357 2472 1441 2541 οἷς
1464 2476 1687 2536 ,ἔϐαλεν
1722 2478 1750 2530 6
1786 2476 1863 2534 δὲ.
1894 2470 1976 2540 οἷς

390 2567 617 2638 δϐλήθη.
646 2567 839 2637 Ἥμεῖς
865 2568 946 2629 δὲ,
971 2567 1000 2620 6
1021 2566 1255 2640 Χριστοῦ
1284 2567 1429 2632 λαὸς,
1462 2568 1539 2632 ὡς
1564 2565 1838 2639 ἠστρατιά
1855 2568 1976 2620 τότε

392 2657 492 2711 τοῦ
527 2657 766 2729 Ἰσραὴλ,
800 2657 1093 2728 κράζωμεν
1125 2657 1218 2710 καὶ
1250 2656 1602 2728 εὐφημῶμεν
1623 2656 1692 2711 τά
1713 2657 1974 2721 ἐπινίκια,

391 2750 473 2813 ὡς
492 2749 734 2819 παρόντα
759 2749 1065 2820 βλέποντες,
1092 2748 1169 2812 ὡς
1199 2748 1412 2803 ἑστῶτα
1441 2747 1831 2820 θαυμάζοντες.

2073 1936 2168 1975 sus
2192 1921 2495 1976 occubuiin
2523 1938 2539 1977 :
2573 1923 2774 1992 quippe
2796 1937 2955 1993 quem
2986 1921 3222 1975 Herodes
3270 1929 3530 1989 tyrannus
3552 1930 3640 1969 nco

2075 2013 2269 2069 ciderit
2295 2012 2471 2083 gladio
2495 2014 2547 2047 ⁷*
2574 2031 2591 2067 :
2627 2029 2809 2068 verum
2844 2011 3028 2067 multis
3058 2011 3110 2065 id
3134 2009 3290 2063 annis
3314 2023 3342 2060 a
3378 2001 3641 2073 Stephani

2076 2123 2230 2162 nece.
2262 2107 2325 2160 At
2359 2105 2488 2176 quid
2545 2105 2817 2176 sigillatim
2866 2115 3108 2173 quosque
3176 2099 3378 2164 refero,
3429 2094 3645 2165 quando

2074 2198 2344 2253 universis
2382 2197 2544 2253 etiam
2601 2197 2803 2251 sanctis
2855 2195 3017 2252 simul
3073 2193 3348 2262 praeripuit
3383 2187 3644 2258 palmam;

2076 2290 2282 2358 primus
2312 2289 2482 2342 aciem
2525 2290 2788 2342 adversus
2841 2287 3113 2341 diabolum
3159 2285 3458 2342 instruens,
3487 2286 3665 2345 atque,

2078 2382 2145 2434 de
2172 2380 2265 2434 illo
2287 2380 2565 2435 victoriam
2594 2379 2855 2445 referens,
2886 2378 3138 2432 Davidem
3163 2376 3422 2435 imitatus,
3457 2384 3649 2439 quam-

2078 2470 2164 2525 vis
2190 2470 2266 2523 rei
2296 2470 2490 2524 ordine
2541 2470 2778 2525 inverso.
2833 2467 2973 2522 Vicit
3013 2466 3179 2520 David
3226 2463 3438 2518 Golith
3465 2459 3651 2526 lapidi-

2079 2562 2182 2616 bus
2204 2561 2274 2626 ",
2302 2560 2435 2616 vicit
2465 2568 2517 2614 et
2540 2560 2849 2629 Stephanus
2898 2557 2965 2611 iis
3017 2568 3231 2624 quoque
3276 2550 3546 2607 diabolum
3577 2546 3646 2601 ⁷⁸.

2081 2651 2174 2708 Ille
2214 2652 2583 2713 nihilominus,
2606 2650 2801 2720 quibus
2832 2647 3135 2718 percuSsit;
3192 2646 3278 2699 hic
3313 2651 3515 2704 autem,
3539 2640 3652 2708 qui-

2082 2748 2184 2802 bus
2214 2759 2505 2817 percussus
2532 2755 2634 2799 est.
2682 2743 2790 2798 Nos
2824 2752 3003 2796 autem
3052 2738 3252 2794 Christi
3308 2734 3552 2806 populus.
3590 2741 3649 2783 ut

392 2844 525 2898 olim
559 2842 776 2898 lsraelis
826 2842 1097 2895 exercitus
1159 2841 1506 2896 snstollamns
1553 2855 1760 2904 vocem,
1790 2839 2107 2909 faustisque
2157 2838 2206 2893 ei
2235 2835 2719 2893 acclamationibus
2747 2848 2848 2903 pro
2898 2828 3122 2886 victoria
3177 2841 3472 2893 canamus,
3511 2823 3653 2878 velut

394 2946 723 3005 prmsentem
754 2934 1110 2998 intueremur,
1140 2949 1203 2988 ac
1250 2948 1434 2987 coram
1471 2941 1702 2989 stantem
1728 2934 2142 2987 admirarentur.
2592 2930 2597 2935 ’

471 3026 653 3089 Καλὸς
678 3025 776 3096 μὲν
801 3025 910 3096 γάρ
926 3024 1071 3089 ἇπας
1111 3026 1141 3078 6
1171 3025 1270 3093 τῆς
1314 3024 1593 3088 εὐσεϐείας
1625 3022 1979 3095 ὑπερμαχῶν,

2158 3020 2423 3075 Pra-elara
2455 3033 2585 3074 sane
2610 3018 2769 3073 laude
2814 3017 3007 3087 dignus
3051 3021 3338 3070 censeatur
3368 3009 3544 3080 quivis
3569 3023 3656 3062 re-

398 3118 507 3173 κᾶν
534 3118 803 3190 δεύτερος,
830 3116 931 3171 κᾶν
955 3116 1137 3190 τρίτος
1156 3119 1269 3181 τοῖς
1294 3116 1703 3187 προαθλήσασιν
1732 3116 1985 3186 ἐπιγένη-

396 3225 515 3266 cur
534 3210 597 3263 οὐ
628 3209 734 3281 μὴν
748 3208 989 3280 τοιούτου
1017 3207 1294 3278 θαύματος
1304 3208 1474 3273 ἄξιος.
1497 3202 1668 3277 οὗπερ
1693 3209 1722 3262 6
1747 3206 1979 3281 πρῶτος.

411 3298 478 3354 '0
527 3299 626 3370 μὲν
682 3298 953 3369 δεύτερος,
1000 3298 1147 3370 ζήλῳ
1194 3297 1287 3352 τοῦ
1333 3297 1696 3369 προλαϐόντος
1739 3296 1986 3378 ὲναχθεὶς

394 3391 551 3463 πρὸς
569 3389 666 3461 τὴν
708 3389 960 3461 μίμησιν,
1014 3388 1188 3453 οὕτως
1215 3385 1333 3442 εἶτα
1373 3389 1607 3461 ὲλκύσθη
1650 3389 1789 3460 πρὸς
1817 3405 1986 3442 σπου-

401 3482 528 3553 δήνο
556 3484 585 3535 6
603 3482 661 3536 δὲ
697 3481 881 3552 μηδενὶ
911 3481 1247 3551 καθηγεμόνι
1274 3479 1641 3552 χρησάμενος,
1669 3479 1898 3552 εὑρετὴς
1930 3479 1987 3532 δὲ

404 3572 650 3643 γεγονὼς
672 3571 768 3625 τοῦ
807 3569 997 3636 καλοῦ,
1028 3570 1253 3634 εἰκότως
1288 3572 1388 3642 τὴν
1421 3570 1514 3625 τοῦ
1546 3571 1813 3643 πρωτείου
1838 3570 1989 3640 δέχε-

406 3680 504 3718 ται
533 3662 731 3733 ψῆφον.
781 3660 1006 3733 Μεγάλη
1046 3657 1138 3715 οὖν
1166 3663 1199 3733 ἡ
1231 3661 1326 3714 τοῦ
1362 3661 1552 3733 ἀνδρὸς
1583 3662 1879 3734 προθυμία·
1909 3661 1989 3714 διὸ

415 3754 626 3825 μεγάλη
657 3753 749 3807 καὶ
778 3756 811 3823 ἠ
840 3753 993 3823 τιμή·
1042 3752 1310 3815 ἀθάνατος
1354 3751 1408 3804 δὲ
1440 3753 1473 3820 ἡ
1507 3753 1717 3822 μνήμη,
1752 3751 1818 3821 ἣν
1869 3749 1990 3804 οὔτε

410 3843 553 3916 λήθη
585 3844 884 3918 ἐκάλυψεν,
903 3843 1028 3897 οὔτε
1060 3845 1250 3915 χρόνος
1276 3840 1627 3912 ἠμαύρωσεν
1665 3840 1802 3893 ἀλλά
1829 3839 1993 3908 γενεά

412 3935 482 3989 lx
514 3936 704 4002 γενεᾶς
728 3933 1076 4005 διαδεχομένη
1100 3932 1168 3986 τὰ
1187 3933 1518 4004 διηγήματα.
1540 3930 1756 4002 Ταύτην
1780 3931 1995 4004 ἀπαραμ-

418 4024 598 4088 ϐάτως
624 4024 723 4096 τὴν
773 4023 964 4095 ἑορτὴν
996 4023 1351 4093 ἐπιτελοῦμεν
1382 4023 1566 4093 ἱερεῖς,
1596 4021 1736 4086 λαοὶ,
1783 4021 1992 4086 παῖδες,

421 4116 634 4186 ἄνδρες,
683 4118 961 4183 γυναῖκες.
1020 4115 1331 4187 Σκοπητέον
1367 4114 1427 4168 δὲ
1464 4114 1558 4169 καὶ
1608 4113 1706 4185 τὴν
1756 4113 1995 4185 ἱστορίαν

414 4206 727 4277 αὐτὴν,⁴ῖνα
755 4208 814 4258 ὲν
841 4206 957 4278 χρῷ
985 4206 1094 4260 τῶν
1129 4206 1468 4278 πραγμάτων
1517 4200 1818 4279 γενόμενοι,
1863 4208 1997 4279 μᾶλ-

416 4296 721 4351 λονδὲ’τδν
759 4298 929 4370 ἄνδρα
968 4296 1353 4370 θαυμάσωμεν.
1816 4296 1840 4308 ”

2066 4276 2079 4309 \

2088 3111 2307 3182 ligionis
2337 3120 2727 3181 propugnator,
2754 3107 3001 3176 quamvis
3048 3104 3338 3166 secundus,
3375 3100 3655 3161 tertiusve.

2088 3201 2407 3257 certaminis
2458 3201 2628 3254 aleam
2679 3198 2904 3262 subeat;
2967 3203 3275 3251 nontamen
3323 3206 3386 3246 ea
3416 3190 3656 3244 admira-

2087 3295 2257 3359 tione,
2282 3307 2453 3363 eaque
2481 3292 2661 3354 laude,
2718 3305 2820 3359 qua
2871 3289 3098 3359 primus.
3158 3285 3440 3340 Secundus
3488 3280 3659 3342 enim,

2087 3383 2290 3455 prioris
2314 3381 2654 3437 annulatione
2677 3379 2741 3433 ad
2767 3377 3086 3434 imitandum
3115 3376 3342 3431 adactus
3362 3381 3511 3440 ;tutn
3537 3370 3661 3424 inde

2090 3477 2163 3532 ita
2195 3476 2456 3547 percitus,
2496 3473 2563 3528 ad
2615 3480 2887 3527 certamen
2930 3470 3137 3541 appulit
3176 3468 3416 3522 animum
3452 3480 3468 3531 ;
3523 3463 3663 3517 alter

2086 3584 2219 3624 vero
2252 3568 2402 3624 nullo
2435 3567 2636 3639 pra'vio
2669 3580 2799 3621 usus
2819 3564 2979 3627 duce,
3008 3563 3229 3632 ipseque
3251 3560 3521 3623 exsistens
3537 3556 3660 3610 boni

2092 3661 2361 3725 inventor,
2397 3659 2521 3728 jure
2553 3658 2746 3713 merito
2793 3655 3089 3726 principem
3151 3655 3330 3708 locum
3361 3657 3527 3705 tenet.
3553 3646 3664 3701 Ma-

2092 3761 2196 3818 gna
2227 3750 2407 3818 itaque
2432 3747 2532 3800 viri
2598 3745 2758 3815 hujus
2809 3744 3455 3809 alacritas;magnusqne
3501 3736 3663 3790 etiam

2094 3839 2298 3894 idcirco
2341 3849 2395 3892 et
2454 3839 2650 3901 honos,
2690 3834 3120 3899 immortalisque
3170 3830 3453 3891 memoria,
3500 3841 3663 3895 quam

2098 3946 2271 4000 neque
2293 3931 2494 3987 oblivio
2520 3930 2626 3983 ulla
2658 3925 2993 3988 obscuravit,
3032 3936 3208 3991 neque
3267 3929 3483 3988 tempus
3529 3916 3667 3971 obli-

2097 4023 2294 4077 teravit
2326 4040 2340 4077 :
2365 4022 2492 4090 quin
2523 4020 2634 4076 imo
2662 4021 2762 4076 alia
2789 4019 3002 4090 aliaquo
3024 4032 3121 4089 per
3147 4013 3544 4071 successionem
3570 4025 3665 4079 ge-

2099 4115 2328 4179 neratio,
2354 4112 2606 4184 prteclara
2642 4113 2830 4168 merita
2852 4112 3153 4167 enarranda
3187 4106 3439 4176 suscepit.
3462 4103 3669 4157 Idcirco

2098 4207 2240 4262 diem
2279 4208 2420 4263 hunc
2454 4207 2648 4262 festum
2674 4206 2793 4276 jure
2808 4214 3085 4275 perpetuo,
3113 4200 3442 4262 sacerdotes,
3467 4193 3667 4266 pepuli,

2101 4301 2276 4370 pueri,
2313 4301 2412 4356 viri
2464 4317 2528 4357 ac
2566 4301 2839 4365 mulieres,
2869 4297 3224 4350 celebramus.
3260 4289 3459 4345 Verum
3495 4288 3669 4355 ipsam

419 4391 573 4460 prius
599 4399 856 4446 acenrate
886 4393 1239 4447 discutiamus
1274 4392 1580 4456 historiam,
1604 4404 1677 4448 ut
1715 4393 1783 4448 ad
1816 4407 1986 4462 usque
2024 4393 2101 4449 rei
2166 4404 2345 4449 cutem
2379 4395 2547 4459 ducti,
2613 4392 2802 4463 majori
2851 4392 3026 4445 virum
3085 4384 3444 4442 admiratione
3482 4392 3671 4450 prose-

418 4495 667 4551 ψιθιηιιτ.

501 4573 725 4646 Πρῶτος
753 4553 825 4644 ἦν
855 4574 963 4629 τῶν
996 4575 1134 4629 κατά
1171 4576 1406 4650 Χριστὸν
1441 4578 1705 4631 διακόνων
1732 4579 1761 4631 6
1796 4578 1980 4647 Στέφα

2176 4579 2308 4635 Erat
2337 4579 2638 4649 Stephanus
2669 4575 2873 4632 Christi
2924 4574 3274 4630 diaeonorum
3310 4568 3517 4639 primus
3547 4576 3675 4618 san-

422 4683 534 4730 νος,
583 4667 917 4736 ἡγιασμένος
957 4669 1025 4737 τῇ
1078 4668 1281 4738 χάριτι,
1328 4668 1520 4731 σκεῦος
1571 4668 1998 4739 πεπληρωμένον

422 4754 520 4809 τοῦ
550 4755 890 4826 Πνεύματος,
921 4756 1043 4809 καθ’
1074 4757 1288 4830 ἡμέραν
1324 4757 1555 4828 βεϐαιῶν
1582 4758 1709 4820 τοὺς
1745 4757 1998 4824 οἰκείους,

426 4849 524 4901 καὶ
554 4848 680 4912 τοὺς
707 4847 1093 4919 πλανωμένους
1109 4849 1247 4921 πρὸς
1268 4848 1365 4920 τὴν
1396 4849 1609 4904 εὐθεῖαν
1644 4849 2001 4920 ὑποστρέφων

424 4940 566 4994 ὁδόν.
608 4937 829 5011 Ἐπειδὴ
853 4938 910 4992 δὲ
938 4939 1291 5012 σφοδρότερον
1316 4939 1491 5011 εἴχετο
1510 4940 1608 5011 τῆς
1632 4939 1998 5005 διδασκαλίας,

431 5031 633 5102 μᾶλλον
661 5032 813 5104 παρά
837 5032 962 5096 τοὺς
984 5032 1206 5096 λοιποὺς
1238 5031 1583 5095 ἀποστόλους,
1611 5032 1737 5096 τοὺς
1777 5031 2002 5102 ἐχθροὺς

432 5121 641 5175 ἰλύπει·
675 5122 772 5176 καὶ
823 5121 929 5194 πρὸ
957 5123 1203 5186 ἐκείνων,
1236 5121 1327 5175 τὸν
1379 5120 1592 5192 πρῶτον
1637 5121 1876 5193 δυσμενῆ
1913 5120 2005 5173 τὸν

434 5211 702 5267 διάϐολον.
751 5211 1027 5284 Πυρώδεις
1086 5203 1194 5284 γὰρ
1251 5212 1458 5276 ἐκεῖνος
1509 5212 1635 5276 τοὺς
1697 5210 2007 5281 ὀφθαλμοὺς

434 5305 715 5374 ιφίστησι,
763 5304 858 5358 καὶ
886 5305 1075 5377 ἄγριον
1105 5303 1419 5375 βλέποντας,
1452 5305 1563 5367 τοῖς
1592 5302 1789 5373 μᾶλλον
1816 5303 1882 5373 τῇ
1921 5302 2010 5354 εύ-

510 5489 560 5520 ’³
590 5488 775 5546 Matth.
812 5503 888 5552 tv,
911 5488 1006 5542 2i.
1078 5488 1124 5521 "
1161 5488 1282 5543 Act.
1312 5503 1414 5550 xu,
1438 5486 1492 5552 t,
1526 5485 1582 5540 2.
1657 5487 1704 5518 ⁷⁸
1732 5485 1748 5539 ι
1776 5485 1908 5553 Reg.
1946 5496 2092 5547 xvn,
2117 5479 2187 5536 49
2222 5494 2342 5547 sqq.

2107 4673 2373 4727 (-tiﬁcatus
2406 4671 2601 4741 gratia,
2628 4684 2724 4722 vas
2777 4666 2980 4737 Spiritu
3009 4661 3467 4742 sanetoplenum,
3498 4655 3676 4722 quoti-

2107 4763 2194 4816 die
2226 4762 2556 4815 domesticos
2577 4756 2927 4820 conﬁrmans,
2978 4761 3335 4819 errantesque
3376 4748 3443 4801 ad
3475 4753 3674 4799 rectam

2107 4854 2250 4906 viam
2286 4853 2569 4906 reducens.
2610 4846 2746 4901 Cum
2800 4856 2978 4900 autem
3029 4842 3208 4897 aerius
3260 4836 3676 4893 doctrinarinsi-

2107 4952 2296 5009 steret,
2330 4942 2521 5010 majori
2573 4942 2781 5003 hostes,
2822 4953 2930 5008 pra:
2991 4931 3251 5004 apostolis
3284 4930 3407 4983 aliis
3430 4925 3674 4983 molestia

2111 5035 2324 5092 affecit:
2355 5051 2571 5105 pratque
2595 5034 2806 5098 iisdem,
2858 5029 3150 5090 diabolum,
3207 5024 3300 5093 qui
3343 5021 3551 5105 primus
3581 5019 3678 5073 ho-

2111 5126 2211 5181 stis
2231 5098 2550 5179 exsistit.'ls
2583 5137 2815 5188 namque
2863 5121 3045 5189 igneos
3099 5131 3162 5170 ac
3199 5124 3406 5174 truces,
3452 5098 3519 5165 iis
3553 5122 3675 5161 cum

2118 5217 2307 5290 primis
2363 5216 2584 5270 adhibet
2635 5213 2839 5275 oculos,
2903 5211 2992 5279 qni
3045 5206 3227 5277 pietati
3280 5217 3400 5258 sese
3455 5200 3673 5290 addixe-

2116 5289 2243 5358 runt
2276 5303 2409 5375 (55).
2437 5304 2492 5358 ln
2513 5317 2635 5358 eum
2683 5316 2833 5368 ergo,
2868 5298 3122 5366 stipatum
3162 5292 3430 5364 quoddam
3479 5289 3682 5347 excivit

2418 5478 2464 5510 '"‘
2494 5480 2613 5532 Act.
2641 5489 2738 5537 vn,
2775 5472 2865 5537 58,
2905 5469 2992 5527 59.

508 5601 623 5671 (55)
650 5602 754 5673 Qui
773 5605 959 5673 pietati
985 5620 1095 5658 sua
1112 5603 1453 5673 addixerunt,
1491 5599 1564 5673 τῇ
1606 5598 1875 5673 εὐσεϐείᾳ
1899 5614 2042 5673 οζυν-
2133 5595 2330 5673 habent
2365 5592 2429 5647 ad
2461 5591 2577 5673 pios
2609 5589 2886 5656 homines,
2921 5603 2982 5643 ac
3002 5586 3185 5673 qualis

443 5667 822 5743 ισταμένοιξ·
847 5675 976 5744 piis,
1010 5672 1186 5744 aequi
1228 5676 1444 5744 student
1477 5670 1683 5744 virtuti.
1724 5667 2039 5744 liicrardus,

2142 5650 2475 5717 ut'ninnruni
2527 5660 2837 5723 llatnmeos,
2872 5650 2946 5712 'ac
3001 5650 3177 5712 trttces
3221 5657 3271 5710 in
3303 5670 3398 5707 eos
3431 5650 3686 5723 inunittat

446 5720 787 5811 ἱῖοιύἶῗῖιῖὲῖ
808 5720 1807 5803 ab"deteri;invdiahoiumdictum,
1832 5720 1922 5806 qni
1962 5720 2041 5791 sic
2141 5732 2345 5799 oculos,
2376 5733 2426 5786 in
2464 5731 2633 5801 ipsum
2666 5720 2994 5800 Stephanum
3019 5740 3297 5799 perperam
3329 5720 3576 5778 assumit.
