4048 6194
215 307 358 410 .w

1113 366 1142 395 κ
1193 351 1482 406 [οιιιιιιι
1532 353 1642 410 ιιιι.
1683 353 1750 410 IN
1797 355 2080 414 LAUDEM
2122 361 2180 416 ὃ.
2222 361 2580 418 STEPHANI.

3402 367 3507 433 350

261 465 456 535 ἀναψον
485 465 546 517 ὲν
578 465 700 528 ταῖς
739 462 990 535 καρδίαις
1015 464 1114 534 τὴν
1140 464 1314 534 φλόγα
1355 464 1448 518 τοῦ
1493 466 1831 539 Πνεύματος.

1938 475 2102 534 tentia
2133 476 2420 530 redeuntes
2471 477 2656 544 trahe,
2681 477 2854 532 sancti
2889 477 3124 546 Spiritus
3152 477 3422 534 ﬂammam
3457 483 3509 534 in

267 558 354 614 ’Δν
392 555 505 628 γὰρ
539 554 711 620 οὕτως
746 554 1097 625 βελτιωθῶσι,
1131 556 1395 628 πρόδηλον
1427 557 1484 610 δὲ
1516 557 1591 622 ὡς
1621 558 1740 612 τότε
1771 560 1832 612 οὐ

263 650 466 720 στήσῃς
498 648 598 720 τὴν
638 647 928 718 ἁμαρτίαν·
963 647 1096 704 ἀλλά
1125 647 1185 701 τδ
1211 648 1431 719 λουτρὸν
1463 649 1560 719 τῆς
1591 649 1832 722 χάριτος,

267 743 355 800 καὶ
385 741 451 794 τὸ
486 741 598 804 σὺν,
622 741 710 793 καὶ
731 739 790 792 τδ
806 740 940 809 ἐμὸν
967 734 1106 810 αἷμα
1123 741 1424 812 νιφόμενοι,
1440 741 1710 813 ἐλεύθεροι
1729 741 1835 796 τῶν

267 832 623 902 ἐγκλημάτων
659 833 998 900 γενήσονται.
1031 831 1216 889 Ταῦτα
1256 833 1489 900 ἐγένετο,
1533 833 1626 886 καὶ
1660 833 1835 886 ἐτελέ-

271 923 369 994 σθη
404 925 465 977 τὸ
498 924 695 993 δρᾶμα.
725 922 837 979 Καὶ
879 923 1127 996 στρατιαὶ
1173 923 1270 994 μὲν
1311 923 1420 977 τῶν
1467 923 1712 992 ἀγγέλων
1755 924 1837 977 εὐ-

270 1016 570 1086 φραίνοντο,
594 1015 682 1068 τὸν
706 1015 892 1083 ἀγῶνα
923 1014 1313 1086 θαυμάζουσαι,
1339 1017 1432 1070 καὶ
1464 1015 1602 1087 μετὰ
1634 1017 1836 1088 πολλῆς

272 1109 366 1177 τῆς
394 1105 704 1176 δορυφορίας
737 1106 830 1159 τὸν
856 1105 1124 1175 Στέφανον
1155 1108 1235 1171 είς
1268 1107 1358 1162 τὸν
1391 1107 1520 1170 ἴδιον
1541 1107 1836 1176 ἀνάγουσαι

274 1199 490 1270 κλῆρον·
513 1200 542 1254 ὁ
567 1199 621 1251 δὲ
652 1197 898 1260 διάϐολος
925 1198 1248 1272 ἀπεστράφη
1283 1199 1457 1264 κενὸς,
1488 1199 1837 1272 ἠπορημένος

267 1288 465 1350 δεινῶς⁸
518 1288 631 1341 ἀλλ’
663 1290 755 1341 ἵνα
793 1307 846 1346 τι
892 1290 986 1343 καὶ
1031 1289 1482 1363 σῳματικώτερον
1531 1293 1668 1345 εἴπω
1708 1292 1836 1362 περὶ

263 1379 350 1433 τοῦ
392 1379 638 1448 ἑναερίου
668 1381 999 1451 πνεύματος,
1027 1380 1182 1449 λόγον
1215 1381 1550 1454 προφητικὸν
1588 1383 1832 1454 μιμησάο

263 1486 436 1540 μενος,
469 1471 551 1536 ὡς
581 1472 942 1542 πρόσκαυμα
986 1475 1209 1542 χύτρας
1241 1474 1420 1546 φέρων
1441 1475 1500 1530 τὸ
1523 1475 1832 1546 πρόσωπον,

259 1561 347 1614 καὶ
382 1561 690 1615 τούναντίον
728 1563 761 1634 ἢ
800 1563 1100 1634 προσεδόκα
1131 1564 1505 1636 κατορθώσας,
1553 1567 1646 1620 καὶ
1672 1567 1737 1623 δι’
1762 1560 1835 1620 ὧν

260 1651 500 1723 ἐνόμιζεν
545 1655 909 1725 Χριστιανοὺς
945 1655 1219 1722 ἐλαττοῦν,
1260 1657 1327 1712 δι’
1359 1657 1582 1713 ἐκείνων
1633 1657 1838 1728 πληθύ-

259 1760 352 1808 νας
377 1745 472 1797 τὸν
496 1745 604 1798 τῶν
630 1746 922 1818 μαρτύρων
951 1747 1271 1817 κατάλογον.

1938 582 2124 624 eorum
2181 569 2493 637 pectoribus
2526 571 2780 625 accende.
2833 570 2888 626 Si
2930 572 3075 626 enim
3127 574 3198 626 ita
3236 587 3297 627 se
3325 587 3511 630 einen.

1943 660 2209 725 daveriut,
2243 669 2405 729 atque
2464 661 2528 714 ad
2564 661 2836 716 meliorem
2872 677 2931 718 se
2961 662 3168 731 frugem
3193 663 3511 729 receperint.

1951 752 2138 820 utique
2167 765 2296 806 sane
2316 763 2444 807 tunc
2470 767 2573 807 non
2597 761 2800 808 statues
2827 753 2932 808 illis
2953 764 3252 824 peceatum,
3275 757 3369 806 sed
3389 769 3511 822 gra-

1943 843 2030 897 tiae
2067 842 2283 896 lavacro
2330 853 2418 898 tuo
2441 883 2454 906 ,
2490 858 2714 912 meoque
2745 846 3008 912 sanguine
3038 844 3240 906 abluti.
3275 861 3304 900 ιι
3336 843 3510 896 crimi-

1944 933 2102 986 nibus
2128 934 2394 988 immunes
2445 933 2707 1002 liberique
2735 943 2914 991 erunt.
2937 932 3209 988 Hactenus
3235 942 3507 1003 peractum

1939 1033 2022 1076 est
2053 1023 2236 1075 dratna
2259 1064 2274 1088 ,
2303 1038 2366 1076 ac
2412 1022 2524 1078 lusa
2564 1020 2761 1078 fabula.
2795 1023 2872 1078 Ac
2930 1024 3243 1093 angelorum
3295 1021 3507 1092 quidem

1937 1114 2210 1168 exercitus
2257 1129 2480 1184 agonem
2521 1114 2882 1178 demirantes,
2926 1113 3378 1184 Stephauumque
3429 1113 3511 1166 iu~

1944 1203 2089 1272 genti
2127 1202 2382 1270 stipatum
2426 1200 2680 1256 satellitio
2714 1200 2766 1254 in
2802 1201 3130 1256 haereditatis
3166 1217 3276 1256 suae
3307 1194 3510 1270 partem

1938 1293 2265 1356 evehentes,
2327 1291 2624 1360 impensius
2675 1288 3028 1358 gaudebant;
3082 1289 3330 1345 diabolus
3380 1303 3511 1342 vero

1939 1383 2146 1448 inanis,
2181 1382 2523 1452 graviterque
2552 1382 2793 1437 defectus
2817 1421 2832 1444 .
2871 1396 2937 1436 ac
2958 1383 3164 1440 consilii
3194 1383 3348 1451 inops
3383 1382 3512 1436 abs-

1941 1473 2128 1529 cessit.
2163 1475 2366 1542 Atque,
2402 1482 2459 1525 ut
2485 1473 2758 1543 quidpiam
2799 1488 3116 1542 corporeum
3159 1472 3329 1540 magis
3361 1486 3513 1525 cras-

1942 1579 2172 1633 sumque
2229 1549 2492 1619 de'aereo
2537 1565 2729 1632 spiritu
2764 1563 2858 1618 illo
2889 1563 3197 1634 proferam,
3241 1562 3515 1632 prophetiJ

1939 1671 2062 1710 cum
2089 1655 2338 1724 loquendi
2391 1656 2606 1709 modum
2655 1655 2916 1720 imitatus,
2953 1663 3128 1728 ιλιι-ιιιο
3159 1655 3330 1719 Vultu,
3359 1654 3509 1722 quasi

1941 1748 2150 1802 adustio
2180 1747 2299 1800 olla:
2328 1747 2418 1814 π’,
2443 1745 2656 1800 deﬂexit
2675 1745 2777 1798 iter
2805 1761 2821 1798 :
2850 1755 2960 1800 tum
2984 1743 3107 1812 quia
3139 1755 3332 1813 praeter
3357 1758 3510 1812 spem

261 1850 411 1893 luam
463 1852 550 1892 res
593 1853 850 1907 prospere
880 1843 1131 1897 cessisset
1176 1844 1228 1896 in
1263 1843 1489 1909 melius;
1541 1853 1652 1901 tum
1682 1844 1828 1916 quod
1871 1843 2058 1898 iisdem
2106 1843 2312 1898 artibus
2338 1881 2355 1908 ,
2433 1844 2630 1912 quibus
2699 1854 2758 1894 se
2801 1840 3139 1894 Christianos
3177 1825 3510 1892 minutorum

263 1930 508 2000 putabat,
545 1941 843 2002 martyrum
872 1949 1155 1991 numerum
1184 1937 1514 1994 adauxisset.

325 2019 392 2072 Ti
436 1985 507 2073 δὲ,
529 2021 625 2073 καὶ
657 1985 794 2092 πρὸς
1648 2025 1714 2100 ἦν
1742 2029 1832 2082 καὶ

2020 2024 2219 2077 Verum
2246 2021 2374 2090 quid
2412 2019 2479 2075 de
2513 2019 2679 2073 Paulo
2712 2018 2837 2072 item
2877 2031 3033 2071 sacro
3057 2016 3268 2074 dicam?
3305 2014 3433 2068 Nam
3461 2021 3516 2068 et

258 2104 406 2174 οὗτος
437 2110 548 2163 τῶν
561 2112 848 2180 φονευτῶν,
873 2114 1076 2187 ἀληθὴς
1093 2120 1374 2187 Βενιαμὶν
1391 2121 1580 2187 λύκος
1611 2120 1810 2188 ἅρπαξ
1817 2160 1831 2176 .

260 2203 321 2256 Εἰ
362 2203 474 2274 γὰρ
501 2203 596 2255 καὶ
622 2204 785 2267 αὐτὸς
819 2205 893 2276 μὴ
937 2205 1204 2273 ὲλίθαζεν,
1230 2209 1345 2266 ἀλλ’
1381 2210 1564 2281 ἐτήρει
1594 2210 1693 2282 τὴν
1725 2211 1835 2263 τῶν

260 2293 582 2358 λιθαζόντων
607 2294 828 2366 ἐσθῆτα,
851 2298 944 2349 καὶ
967 2297 1231 2370 ὑπηρέτει
1256 2299 1436 2371 δημίῳ
1463 2301 1657 2371 δήμου.
1690 2299 1834 2372 Πλὴν

255 2385 457 2456 ὅψομαί
491 2403 551 2438 σε
589 2387 728 2456 μετὰ
773 2387 965 2459 μικρὸν
991 2389 1083 2443 τὸν
1114 2392 1432 2462 σφριγῶντα
1473 2391 1590 2456 νῦν,
1625 2393 1718 2446 καὶ
1743 2392 1835 2445 θυ-

259 2475 358 2545 μὸν
377 2474 570 2545 ἄγριον
596 2475 847 2541 πνέοντα,
874 2477 1060 2549 ὥσπερ
1090 2481 1211 2534 τινὰ
1237 2481 1410 2551 γραῦν
1442 2480 1644 2551 ἀσθενῆ
1688 2498 1836 2553 χειρ-

256 2566 659 2636 αγωγούμενον.
687 2568 815 2622 ὅταν
856 2568 1066 2639 μέλλεις
1115 2571 1342 2640 ἄγεσθαι
1385 2573 1522 2644 πρὸς
1546 2572 1638 2626 τὸν
1683 2573 1837 2626 Ἀνα-

253 2658 394 2724 νίαν,
422 2660 522 2730 τῆς
552 2659 809 2730 ἀληθείας
850 2662 1205 2732 γευσάμενος.
1252 2664 1378 2718 Ἡδὺ
1413 2666 1472 2719 δὲ
1503 2665 1709 2736 σφόδρα
1742 2683 1835 2734 γε·

252 2749 510 2821 λάσομαι,
535 2751 662 2804 ὅταν
691 2753 905 2806 ἀκούσω
930 2771 1021 2807 σου
1044 2755 1144 2819 τὰς
1178 2757 1318 2828 ὑπὲρ
1355 2757 1689 2826 Εὐαγγελίου
1719 2757 1832 2811 θλί-

251 2839 376 2910 ψεις
415 2840 844 2913 ἐξηγησαμένου,
873 2845 965 2898 καὶ
991 2845 1194 2916 μεταξὺ
1238 2848 1347 2901 τῶν
1368 2848 1541 2902 ἄλλων
1573 2848 1834 2904 κινδύνων

253 2931 521 3000 λέγοντος·
558 2934 754 2998 Ἀπαξ
781 2935 1127 3004 ἐλιθάσθην.
1167 2938 1285 3010 Χρὴ
1319 2939 1428 3012 γάρ
1460 2957 1519 2993 σε
1549 2939 1636 2993 διὰ
1670 2939 1834 2993 λίθων

254 3024 396 3096 ὑπὲρ
427 3025 535 3078 τῶν
567 3025 730 3079 λίθων
758 3026 1219 3103 ἀπολογήσασθαι,
1255 3031 1349 3084 καὶ
1398 3034 1466 3105 τῇ
1517 3033 1834 3104 ταυτὲμπα·

253 3114 376 3189 θείᾳ
409 3115 568 3170 λῦσαι
607 3117 703 3191 τῆς
732 3119 1010 3193 ἁμαρτίας
1035 3119 1102 3177 τὸ
1132 3121 1404 3194 ἔγκλημα.

1941 2117 2030 2170 ille
2059 2131 2198 2170 unus
2220 2123 2340 2169 erat
2363 2113 2661 2167 occisorum
2687 2153 2703 2176 ,
2731 2127 2888 2165 verus
2921 2110 3202 2177 Benjamin
3239 2111 3393 2178 lupus
3423 2125 3517 2163 ra-

1937 2223 2042 2277 pax
2069 2207 2138 2260 θ’.
2169 2205 2488 2274 Quanquam
2516 2207 2658 2261 enim
2695 2206 2810 2275 ipse
2846 2222 2952 2262 non
2980 2206 3275 2275 impetebat
3324 2205 3516 2274 lapidi-

1942 2300 2059 2360 bus.
2096 2308 2148 2351 at
2184 2299 2432 2352 servabat
2473 2305 2652 2350 tamen
2685 2296 3034 2366 lapidautiutn
3066 2307 3264 2360 vestes,
3298 2312 3516 2352 accur-

1942 2388 2113 2442 nilicis
2138 2387 2315 2456 populi
2371 2388 2678 2442 ministrum
2711 2387 2924 2456 agebat.
2957 2387 3246 2448 Enimvero
3288 2389 3516 2456 posthac
3599 2412 3602 2416 -

1942 2477 2086 2530 brevi
2116 2517 2131 2541 ,
2167 2491 2307 2530 nunc
2341 2485 2632 2529 truncantem
2669 2485 2738 2540 te,
2780 2475 3109 2545 efierzunque
3147 2477 3281 2532 iram
3312 2492 3376 2532 ac
3429 2477 3513 2529 fu~

1941 2583 2115 2622 rorem
2147 2568 2445 2637 Spirantem
2478 2567 2855 2638 visurusmtm,
2877 2567 2968 2636 qui
2992 2566 3133 2620 velut
3158 2568 3514 2636 languescens

1940 2681 2074 2720 auus
2105 2681 2169 2720 ac
2208 2662 2496 2729 imbecilla,
2526 2664 2596 2718 ad
2620 2679 2811 2720 manus
2843 2664 3078 2716 traharis
3105 2662 3182 2724 “;
3209 2677 3330 2717 cum
3363 2663 3509 2715 veri-

1943 2758 2071 2812 tatis
2099 2765 2257 2827 gustu
2293 2753 2436 2809 facto
2469 2754 2537 2808 ad
2574 2754 2836 2808 Auaniam
2873 2755 3110 2808 duceris.
3158 2752 3327 2809 Porro
3365 2753 3504 2807 dulci

1938 2848 2226 2904 admodum
2257 2847 2366 2901 risu
2388 2845 2679 2910 diffundar,
2700 2861 2823 2899 cum
2851 2847 3137 2914 temetipso
3167 2846 3511 2908 denarrante,

1941 2948 2059 2994 tuas
2093 2937 2369 3008 Evangelii
2405 2953 2573 2992 causa
2611 2937 2991 2992 alllictationes
3029 2937 3243 2991 audiam
3285 2955 3298 2991 :
3351 2931 3514 3005 utque

1938 3029 2083 3084 inter
2119 3038 2312 3084 caetera
2353 3029 2468 3083 haec
2495 3029 2806 3084 discrimina
2849 3029 3076 3089 referas.
3103 3026 3272 3086 Semel
3308 3028 3516 3095 lapida-

1938 3130 2022 3182 tus
2061 3137 2178 3176 sum
2220 3121 2288 3178 ⁸³.
2337 3121 2442 3182 Par
2486 3135 2719 3188 namque
2747 3129 2867 3184 est,
2911 3131 2969 3176 nt
3009 3121 3275 3188 lapidibus
3321 3119 3512 3174 mediis

1939 3210 2177 3278 lapidum
2204 3211 2314 3280 ipse
2337 3210 2572 3282 depellas
2595 3211 2822 3276 crimen,
2849 3226 3062 3282 unaque
3083 3225 3148 3267 ac
3172 3212 3361 3270 eadem
3383 3226 3512 3280 pas-

1939 3303 2088 3359 sione
2141 3311 2423 3370 peccatum
2455 3300 2625 3365 cluas.

322 3377 514 3444 Ἀξιον
547 3379 602 3433 δὲ
631 3381 766 3453 μηδὲ
797 3381 893 3454 τὴν
925 3383 1188 3441 ὀπτασίαν
1220 3387 1537 3445 καταλιπεῖν
1573 3391 1668 3446 τοῦ
1703 3394 1828 3449 Στε-

1999 3382 2189 3464 Opera:
2237 3396 2464 3464 pretium
2509 3405 2688 3448 autem
2740 3408 3064 3464 aequumque
3107 3391 3376 3454 videatur,
3456 3403 3509 3444 nt

175 3484 190 3496 '
247 3471 425 3539 φάνου
457 3473 828 3537 ἀνεξέταστον.
865 3477 976 3530 Ἀεὶ
1027 3476 1137 3549 γὰρ
1178 3480 1208 3532 ὁ
1249 3480 1357 3535 τῶν
1387 3482 1524 3538 ὅλων
1552 3483 1704 3550 Θεὸς,
1737 3487 1832 3545 τοῦ

246 3560 377 3630 ἑξῆς
430 3563 900 3634 προμηθούμενος,
971 3566 1081 3626 τῶν
1141 3569 1441 3640 μελλόντων
1491 3575 1831 3640 ἐπιγίνεσθαι

246 3652 358 3704 τῶν
387 3652 746 3724 ἀνθρωπίνων
775 3656 1185 3729 ἁμαρτημάτων
1209 3662 1661 3732 προφυλακτικῶς
1701 3685 1834 3738 προ-

246 3742 654 3807 κατασκευάζει
693 3744 790 3814 τὴν
830 3745 1146 3818 θεραπείαν·
1178 3749 1206 3803 δ
1245 3751 1310 3821 δὴ
1341 3753 1574 3811 ἐνταῦθα
1605 3757 1833 3827 πεποίη-

245 3850 366 3888 κεν.
397 3834 461 3887 Εἰ
502 3835 611 3906 γὰρ
651 3837 786 3907 πρὸς
811 3837 870 3890 τὸ
901 3843 1169 3910 χρήσιμον
1206 3842 1300 3894 τοῦ
1334 3843 1633 3911 ἀγωνιστοῦ
1672 3846 1832 3915 μόνον

251 3927 493 3979 ἐτελεῖτο
524 3929 593 3981 τὰ
628 3928 938 3998 θεοφάνεια,
968 3932 1128 4002 ἢρκει
1162 3934 1256 3987 καὶ
1289 3938 1474 4008 φωνὴν
1499 3939 1749 4006 γενέσθαι
1773 3941 1833 4007 ἐξ

244 4020 520 4090 οὐρανῶν,
549 4019 736 4092 ὥσπερ
764 4023 859 4075 καὶ
893 4024 987 4076 ἐπὶ
1013 4024 1107 4077 τοῦ
1141 4025 1516 4098 βαπτίσματος
1544 4032 1828 4104 πρότερον,

244 4111 278 4183 ἢ
304 4113 524 4183 χρόνοις
554 4111 778 4183 ὕστερον
801 4115 893 4167 ἐπὶ
918 4118 1017 4187 τῆς
1049 4119 1540 4188 μεταμορφώσεως,
1568 4122 1601 4192 ἢ
1635 4125 1727 4177 καὶ
1755 4124 1832 4187 ὡς

241 4203 337 4256 ἐπὶ
368 4204 806 4270 Παύλουτοὺτου,
835 4205 996 4275 ἡνίκα
1027 4206 1124 4276 τὴν
1145 4208 1238 4262 ἐπὶ
1265 4213 1553 4280 Δαμασκὸν
1583 4213 1834 4288 ἐπορεύε-

239 4311 305 4348 το
331 4295 477 4349 ὁδόν.

312 4389 459 4442 Νυνὶ
483 4388 562 4449 δὲ,
590 4388 676 4453 διὰ
703 4407 762 4443 τε
795 4387 886 4445 οὖν
915 4393 1068 4459 ἄλλα,
1095 4395 1188 4449 καὶ
1214 4395 1303 4449 διὰ
1333 4397 1394 4450 τὸ
1435 4397 1646 4468 μέλλειν
1675 4399 1736 4452 τὸ
1765 4401 1830 4454 ὲκ

239 4481 458 4552 Λιϐύης
514 4483 681 4534 κακὸν
720 4483 809 4536 τὸν
838 4485 1279 4552 Σαϐελλιονααῖς
1315 4489 1660 4559 Ἑκκλησίαις
1711 4492 1831 4547 ἐπι-

238 4570 481 4638 φὺεσθαι
521 4570 615 4623 τοῦ
644 4571 800 4637 Θεοῦ,
854 4575 948 4628 καὶ
993 4569 1092 4647 τὴν
1128 4576 1420 4644 κακρδοξον
1448 4577 1557 4630 τῶν
1595 4577 1831 4631 ὑποστὰ-

241 4679 391 4715 σεων
421 4663 686 4732 σύγχυσιν
725 4666 804 4727 εἰς
831 4666 921 4718 τὸν
958 4667 1070 4737 βίον
1109 4668 1370 4736 εἰσάγειψ
1393 4669 1582 4722 τούτου
1611 4671 1769 4742 χάριν
1801 4671 1830 4722 ὁ

1939 3501 2113 3556 neque
2165 3487 2429 3557 Stephani
2475 3486 2737 3544 visionem
2791 3486 3182 3554 iueXploratam
3239 3484 3511 3552 relinqua-

1935 3592 2074 3630 mus.
2111 3577 2339 3646 Semper
2363 3592 2494 3632 sane
2529 3577 2906 3634 universorum
2951 3577 3089 3631 Deus
3109 3616 3122 3642 ,
3150 3576 3327 3632 futura
3350 3617 3366 3640 ,
3394 3590 3512 3643 qua:

1934 3668 2098 3721 vitam
2148 3669 2344 3723 exinde
2396 3669 2753 3737 insequuntur
2812 3671 3123 3734 humanam,
3180 3667 3514 3736 prospiciens

1933 3765 2137 3820 errata,
2181 3771 2288 3826 quo
2313 3759 2604 3825 prmlenter
2629 3757 2711 3812 eis
2735 3765 3016 3819 occurrat,
3066 3755 3324 3809 medelam
3359 3756 3514 3822 longe

1937 3857 2064 3902 ante
2089 3859 2336 3916 apparat,
2379 3848 2539 3916 idque
2568 3863 2712 3901 nunc
2745 3847 2941 3906 effecit.
2982 3847 3112 3899 Nam
3143 3847 3187 3898 si
3219 3847 3284 3898 ad
3317 3847 3510 3914 pugilis

1937 3936 2200 3989 duntaxat
2227 3937 2509 3991 utilitatem
2535 3937 2716 3989 divina
2751 3936 3018 4005 apparitio
3044 3933 3183 3987 facta
3215 3943 3389 3998 esset,
3430 3948 3510 3986 sa-

1935 4027 2004 4080 tis
2036 4026 2221 4094 utique
2253 4028 2418 4082 etiam
2453 4041 2551 4080 vox
2591 4044 2621 4080 e
2651 4026 2808 4080 caelis
2847 4024 2987 4081 facta
3025 4025 3326 4089 habuisset,
3361 4035 3419 4079 ut
3451 4024 3504 4076 in

1933 4117 2198 4186 baptismo
2226 4116 2456 4185 primum
2489 4116 2571 4180 “,
2607 4117 2689 4172 vel
2728 4126 2787 4171 ιιι
2820 4117 3014 4172 deinde
3047 4116 3098 4170 in
3131 4116 3510 4183 'l‘ransligura-

1934 4210 2078 4264 tione
2101 4209 2177 4273 ⁸⁸,
2234 4209 2314 4262 vel
2358 4219 2414 4262 ιιι
2453 4209 2618 4264 etiam
2675 4210 2726 4263 iu
2769 4209 2882 4279 jam
2934 4219 3230 4263 memorato
3303 4208 3506 4272 l’aulo,

1933 4317 2053 4357 cmn
2091 4303 2408 4356 Damascum
2447 4303 2551 4356 iter
2580 4301 2785 4357 faceret
2817 4302 2884 4356 ⁸⁸.

2003 4393 2073 4450 At
2102 4395 2192 4461 qui
2233 4407 2397 4457 nunc,
2442 4403 2552 4447 tum
2584 4394 2668 4448 vel
2696 4395 2932 4448 maxime
2961 4392 3086 4462 quia
3120 4391 3354 4446 futurum
3387 4407 3510 4461 pro-

1932 4479 2074 4537 fecm
2106 4490 2264 4547 erat,
2299 4466 2355 4535 ut
2380 4497 2443 4535 ex
2481 4482 2664 4537 Africa
2698 4482 2999 4552 profectum
3050 4481 3285 4546 malum,
3322 4481 3509 4534 Sabel-

1934 4573 2055 4636 lius,
2091 4575 2303 4641 inquam
2339 4611 2354 4636 .
2389 4574 2482 4630 Dei
2520 4573 2791 4630 Ecclesias
2823 4574 3138 4638 invaderet,
3171 4580 3509 4642 perversam-

1932 4680 2036 4734 que
2077 4666 2384 4733 opinionem
2415 4668 2482 4722 de
2514 4681 2870 4734 personarum
2901 4667 3215 4726 confusione
3266 4666 3318 4718 in
3351 4682 3507 4718 mnu-

235 4752 383 4816 Θεὸς
412 4755 605 4824 ὥσπερ
638 4758 1064 4826 προανακόπτων
1097 4759 1156 4812 τὸ
1198 4760 1410 4828 μέλλον,
1448 4761 1543 4815 καὶ
1585 4738 1698 4825 τάςν
1727 4763 1828 4833 ψυ-

1938 4758 2056 4810 dum
2099 4756 2420 4812 induceret:
2473 4757 2573 4811 hac
2619 4759 2684 4812 de
2710 4773 2874 4812 causa
2911 4758 3054 4828 Deus
3097 4759 3275 4814 futura
3307 4771 3508 4825 [πευσο-

235 4843 349 4918 κάς
375 4843 488 4896 τῶν
521 4847 601 4908 εἰς
632 4844 855 4918 ὕστερον
881 4849 1435 4922 προασφαλιζόμενος,
1461 4852 1698 4906 δείκνυσι
1730 4855 1827 4924 μὲν

233 4933 441 4988 ἑαυτὸν
480 4935 558 5001 τῷ
586 4936 840 5008 Στεφάνῳ
868 4939 924 4991 ὲν
953 4940 1058 5010 ἰδία
1095 4941 1202 4994 τινὶ
1239 4942 1333 4995 καὶ
1371 4943 1650 4997 αὑτοτελεῖ
1680 4944 1826 5016 δόξῃ,

231 5026 490 5080 δείκνυσι
527 5027 585 5080 δὲ
617 5030 823 5083 καὶτὸν
851 5031 978 5084 Υἱδν
1012 5034 1068 5087 ὲν
1095 5034 1486 5107 ἀπηρτισμένῳ
1526 5038 1824 5108 προσώπῳ,

235 5117 431 5190 ist-qm.
460 5119 518 5172 δὲ
548 5121 709 5173 αὐτὸν
743 5123 806 5174 ὲκ
831 5121 1019 5186 δεξιῶν
1051 5125 1266 5191 ἑαυτοῦ,
1303 5127 1390 5179 ἵνα
1434 5131 1499 5198 τῇ
1525 5128 1828 5201 διευκρινή-

244 5219 337 5264 σει
362 5203 472 5261 τῶν
507 5208 814 5281 προσώπων
841 5212 1153 5285 ἑρμηνεύσῃ
1186 5213 1285 5278 τὰς
1313 5216 1656 5282 ὑποστάσεις.

313 5383 430 5436 Καὶ
452 5384 614 5453 τυχὸν
640 5387 754 5458 ἐρεῖ
773 5404 877 5452 τις⁸
912 5389 992 5443 Τά
1027 5392 1124 5462 μὲν
1141 5393 1268 5464 περὶ
1289 5396 1380 5447 τοῦ
1402 5360 1614 5468 Πατρὺς
1629 5398 1722 5450 καὶ
1735 5397 1828 5450 τοῦ

240 5471 384 5527 Υἱοῦ
419 5476 565 5532 οὕτω
594 5495 674 5530 σοι
713 5480 1160 5551 πεφιλοσόφηται’
1213 5483 1314 5536 ποῦ
1343 5485 1398 5538 δὲ
1429 5487 1488 5540 τὸ
1516 5487 1738 5558 Πνεῦμα
1768 5488 1829 5540 τὸ

239 5565 440 5636 intra;
476 5569 539 5622 Ei
567 5570 676 5642 γὰρ
707 5571 808 5641 τῆς
845 5573 986 5626 κατὰ
1019 5578 1118 5647 τὴν
1159 5576 1338 5631 πίστιν
1378 5579 1677 5648 ἀσφαλείας
1709 5581 1826 5634 ἔνε-

421 5700 555 5755 Nah.
581 5719 641 5765 ιι,
677 5705 778 5771 10;
805 5703 920 5759 Joel
952 5723 1013 5766 tt.
1046 5707 1099 5761 6.
1201 5711 1244 5742 ιι
1275 5711 1409 5768 δρψ
1441 5730 1563 5772 nu
1587 5759 1600 5773 .
1634 5718 1722 5773 27.

244 5765 292 5798 ιι
323 5769 523 5826 latth.
554 5759 691 5834 nn,
725 5759 779 5829 εξ
854 5759 1146 5845 «Addi,
1183 5780 1216 5839 4
1442 5759 1563 5772 η-.-
1587 5759 1600 5785 ,

1829 5719 1876 5754 ¹’
1902 5723 2019 5780 Act.
2071 5736 2156 5786 ιιι,
2191 5721 2244 5775 8.
2321 5721 2366 5753 ⁸³
2397 5718 2436 5774 ll
2474 5721 2600 5777 Cor.
2642 5739 2722 5789 at,
2783 5722 2872 5776 9.5.

1935 4863 2088 4907 vens.
2114 4863 2178 4900 ac
2205 4859 2540 4914 posterorum
2567 4851 2928 4916 praemuniens
2949 4853 3177 4911 animas,
3203 4864 3262 4902 se
3289 4849 3506 4916 quidem

1936 4938 2048 5004 ipse
2075 4937 2350 5006 Stephano
2378 4940 2619 4997 ostendit
2656 4941 2710 4994 in
2749 4957 2844 4994 sua
2877 4941 3068 5011 plane,
3105 4955 3282 5009 eaque
3329 4939 3506 5007 pet-fe-

1933 5029 2171 5082 ctissima
2247 5029 2450 5098 gloria;
2499 5029 2693 5084 Filium
2744 5047 2872 5085 vero
2929 5032 3092 5095 etiam
3137 5033 3504 5094 demonstrat.

1935 5121 1988 5174 in
2020 5129 2250 5190 persona
2281 5123 2519 5177 numeris
2545 5125 2797 5186 omnibus
2825 5125 3104 5191 absoluta;
3139 5125 3415 5193 ipsumque
3436 5123 3502 5176 ad

1934 5215 2210 5272 deitteram
2267 5231 2418 5270 suam
2457 5216 2680 5280 statuit,
2715 5227 2772 5270 ut
2814 5217 2956 5270 clara
3005 5219 3356 5286 personarum
3420 5216 3502 5270 di-

1934 5307 2226 5361 stinctione
2259 5307 2634 5362 subsistentias
2661 5309 2974 5376 explicaret.

2005 5397 2202 5452 Verum
2248 5400 2387 5455 dicet
2435 5401 2665 5454 fortasse
2721 5400 3016 5467 quispiam:
3071 5399 3237 5455 Recte
3286 5399 3499 5468 quidem

1935 5491 2052 5546 hate
2106 5489 2173 5546 de
2210 5492 2366 5545 Patre
2405 5501 2459 5545 et
2501 5491 2639 5546 Filio
2684 5506 2711 5543 a
2764 5503 2813 5546 te
2859 5492 3227 5561 philosophum
3259 5503 3402 5546 sunt.
3435 5493 3501 5544 Λι

1935 5581 2023 5635 ubi
2068 5593 2149 5637 est
2188 5581 2421 5651 Spiritus
2469 5582 2735 5637 sanctus?
2782 5583 2837 5637 Si
2863 5584 3004 5638 enim
3046 5583 3111 5633 ad
3144 5582 3353 5652 plenam
3380 5581 3498 5634 fidei

2947 5721 2993 5752 “
3028 5718 3215 5781 Matth.
3279 5735 3356 5785 ιιι,
3417 5715 3495 5771 l7.
