4048 6194
218 220 324 287 $53

1048 217 1337 277 HOMILIA
1376 222 1523 279 XIII.
1568 217 2017 277 ADHORTATIO
2054 220 2146 275 AD
2186 219 2712 278 PCENITENTIAM.

3364 224 3474 279 5235

220 342 351 416 πρὸς
382 338 443 393 τὸ
469 337 629 410 ὀρθὸν
661 337 759 391 καὶ
796 333 1154 409 ἀδιάστροφον
1194 336 1577 401 κανονίζοντας
1607 334 1795 398 Οὕτως

1902 336 2170 400 existimo,
2227 351 2428 406 vosque
2478 336 2619 391 idem
2672 335 2876 391 sentire
2924 352 3022 408 par
3070 345 3173 394 est.
3227 338 3474 409 Plerique

217 433 274 487 δέ
313 431 455 502 ἔχειν
490 429 669 499 ἔγωγε
703 426 967 500 ἡγοῦμαι,
998 427 1089 480 καὶ
1120 427 1263 498 ὑμᾶς
1291 425 1569 498 προσῆκον
1609 422 1797 479 πείθε-

220 522 357 578 σθαι.
396 522 594 575 Πολλοὶ
622 522 727 592 γάρ
759 522 867 573 εἰσι
900 519 1009 572 τῶν
1049 520 1275 583 ἑαυτοὺς
1312 519 1662 574 δικαιούντων
1682 520 1801 591 φίλ-

218 631 373 668 αυτοι
436 614 543 667 καὶ
577 612 922 683 αύτάρεσκοι,
959 613 1016 665 ἐν
1044 610 1310 682 ὑπολήψει
1340 610 1426 665 διὰ
1471 611 1628 665 κενοῦ
1668 628 1800 684 φρο-

218 707 461 775 νήματος
517 704 874 775 ὠγκωμένοι,
929 702 1286 774 ἁμαρτωλοὺς
1335 701 1624 768 καλοῦντες
1652 688 1799 767 ’τοὺς

221 791 565 863 ἐγγίζυντας,
611 796 701 848 καὶ
732 794 861 866 πρὶν
893 787 1068 848 ἐλθεῖν
1103 793 1165 846 τὸ
1209 792 1463 864 ἀληθινὸν
1494 796 1794 868 κριτήριον,

221 885 471 950 ἑαυτοὺς,
496 885 568 948 ὡς
595 884 761 954 ἄρνας
784 885 894 939 ἀπὸ
933 882 1040 937 τῶν
1067 885 1289 956 ἐρίφων,
1318 882 1669 955 χωρίζοντες,
1706 885 1799 939 καὶ

232 975 362 1046 πρὸς
404 975 497 1047 τὴν
539 974 705 1046 θύραν
754 976 854 1046 τῆς
895 973 1175 1046 βασιλείας
1210 974 1497 1045 βλέποντες
1539 976 1615 1040 ὼς
1668 977 1797 1028 ἁναο

235 1066 577 1137 πεπταμένην
647 1067 859 1130 αὐτοῖς·
916 1068 977 1120 οὺ
1039 1067 1269 1138 στέγης,
1319 1067 1420 1121 οῦκ
1481 1067 1797 1139 ἐδεσμάτων

235 1158 501 1223 ἀξιοῦντες
545 1159 654 1219 τοῖς
698 1156 915 1222 πολλοῖς
961 1159 1233 1210 κοινωνεῖν
1249 1173 1263 1187 ’
1305 1156 1713 1229 βδελυσσόμενοι
1742 1157 1797 1210 δὲ

232 1251 433 1325 πάντας
453 1250 574 1311 τοὺς
603 1249 678 1320 μὴ
711 1249 812 1320 τὴν
844 1248 1042 1319 ἄκραν,
1069 1248 1203 1301 ἀλλὰ
1238 1248 1335 1320 τὴν
1373 1249 1544 1321 μέσην
1578 1251 1669 1303 ἐπὶ
1701 1248 1795 1303 τοῦ

222 1339 340 1409 βίου
369 1340 753 1410 πορευομένοις
775 1339 915 1391 (ἰδόν.

298 1431 355 1482 'U
386 1431 565 1484 τοίνυν
600 1433 835 1495 Λουκᾶς,
881 1430 909 1482 ὁ
934 1430 1094 1482 πλέον
1120 1429 1229 1483 τῶν
1256 1431 1442 1501 ψυχῶν
1477 1429 1507 1502 ἢ
1542 1430 1650 1485 τῶν
1686 1448 1796 1484 σω-

213 1523 402 1594 μάτων
443 1525 651 1594 ἰατρὸς,
690 1522 896 1593 ἔγραψε
932 1522 992 1574 τὸ
1031 1523 1088 1573 ἐν
1134 1523 1291 1594 χερσὶ
1318 1522 1594 1593 διήγημα’
1626 1523 1686 1574 οὐ
1712 1522 1798 1576 λό-

210 1631 306 1683 γον
346 1614 573 1678 ἁπλῶς,
608 1613 755 1667 ἀλλά
792 1614 1081 1683 φάρμακον
1121 1613 1231 1665 τῶν
1279 1613 1579 1667 νοσούντων
1630 1614 1799 1668 αὖθάσ-

208 1704 381 1762 δειαν,
425 1702 592 1755 αὐτὸν
644 1701 799 1772 ἡμῶν
847 1702 937 1754 τὸν
971 1701 1103 1755 Θεὸν
1136 1702 1230 1755 καὶ
1276 1701 1503 1772 Σωτῆρα
1549 1701 1794 1766 δεικνὺς,

208 1796 303 1848 τὸν
348 1793 699 1866 ἀσυγκρίτως
747 1791 984 1865 καθαρὸν
1043 1794 1136 1846 καὶ
1190 1793 1348 1864 μόνον
1392 1793 1618 1859 δίκαιον,
1668 1812 1800 1864 συγ-

207 1885 576 1956 γνωμονικῶς
613 1884 733 1938 λίαν
762 1884 1388 1955 τοῖςκατεγνωσμένοις
1435 1900 1799 1954 συναναστρε-

210 1979 475 2048 φόμενον,
506 1978 739 2040 καὶτοῖς
774 1977 985 2029 οὐδέπω
1021 1975 1457 2046 κεκαθαρμένοις
1492 1975 1803 2028 συνδιαιτὼ-

213 2086 412 2138 μενον·
463 2070 565 2137 οὐχ
617 2068 707 2121 ἵνα
745 2084 799 2120 τι
840 2067 1117 2140 προσλάϐῃ
1167 2067 1266 2137 τῆς
1315 2067 1536 2121 ἐκείνων
1569 2066 1797 2133 κακίας,

210 2160 335 2213 ἀλλ’
359 2161 450 2213 ἶνα
488 2158 702 2230 μεταδῷ
729 2159 829 2229 τῆς
874 2160 1082 2223 οἰκείας
1127 2159 1494 2231 δικαιοσύνης,
1526 2159 1666 2213 κατὰ
1703 2159 1800 2231 τὴν

211 2252 455 2323 ﬁuctqu
491 2250 694 2321 ταύτην
724 2252 824 2322 τὴν
857 2251 1184 2322 φαινομένην
1217 2252 1493 2320 ἐνέργειαν
1524 2252 1666 2322 (ὅσον
1692 2251 1801 2305 ἀπὸ

213 2343 316 2399 τοῦ
369 2342 667 2414 κτίσματος
718 2342 1065 2414 παραστῆσαι
1111 2341 1205 2396 τοῦ
1258 2343 1474 2397 κτίστου
1527 2343 1619 2415 τὴν
1663 2345 1798 2416 πρό-

214 2436 418 2504 νοιαν).
443 2437 628 2506 Ἶσμεν
665 2435 762 2506 μὲν
794 2434 924 2506 γὰρ,
949 2435 1041 2503 ὅτι,
1063 2436 1157 2487 καὶ
1180 2436 1208 2488 ὁ
1235 2435 1384 2505 ἥλιος
1414 2437 1472 2489 οὐ
1500 2437 1598 2500 τὰς
1622 2436 1797 2507 ήπλω-

218 2528 397 2598 μένας
439 2527 596 2596 μόνον
624 2526 920 2596 ἐπιλάμπει
951 2524 1153 2596 χώρας,
1182 2526 1317 2579 ἀλλά
1348 2527 1441 2581 καὶ
1467 2528 1589 2580 ὅσαι
1628 2527 1799 2580 κοιλό-

211 2636 379 2690 τεραι
412 2618 506 2671 καὶ
532 2618 631 2690 τῆς
651 2616 949 2689 ἀντρώδους
976 2616 1166 2688 ἔλαχον
1197 2617 1418 2681 θέσεως.
1448 2616 1797 2689 Παυσώμεθα

212 2710 427 2773 τοίνυν,
464 2710 519 2762 εί
537 2726 678 2773 τινες
712 2709 883 2771 οὕτως
912 2708 1233 2781 φρονοῦμεν,
1262 2708 1336 2772 ὡς
1363 2711 1392 2762 ὁ
1416 2708 1571 2777 λόγος
1605 2709 1796 2779 φησίν·

219 2798 599 2871 μιμησώμεθα
628 2800 686 2853 δὲ
726 2798 818 2852 τοῦ
850 2799 1115 2852 Δεσπότου
1149 2800 1208 2852 τὸ
1255 2800 1433 2859 ἵλεων,
1483 2800 1576 2852 καὶ
1614 2798 1801 2868 φιλάν-

219 2893 465 2966 θρωπον,
494 2895 606 2954 τοῖς
634 2892 909 2953 ταπεινοῖς
941 2889 1029 2943 διὰ
1058 2888 1216 2943 τοῦτο
1243 2890 1762 2959 συγκαταϐαίνοντες
1780 2905 1795 2920 ⁶

219 2983 323 3051 οὐχ
352 2982 445 3035 ἶνα
471 2982 655 3044 αὐτοῖς
694 2981 964 3051 κειμένοις
992 2979 1526 3050 συνταπεινωθῶμεν,
1567 2980 1681 3033 ἀλλ’
1711 2980 1799 3034 ἵνα
1825 3008 1868 3064 C

220 3072 522 3136 κάκείνους
553 3070 892 3149 ύψώσωμενς
920 3065 1029 3124 οἷον
1058 3070 1395 3142 κολυμϐηταί
1417 3088 1561 3136 τινες
1581 3070 1799 3144 ἔφυδρον.

219 3163 352 3225 τοὺς
412 3162 753 3233 παγομένους
808 3162 941 3233 πρὸς
987 3161 1080 3226 τὸν
1130 3159 1356 3225 ζωτικὸν
1418 3162 1555 3233 ἀέρα
1613 3161 1800 3217 τοῦτον

220 3254 561 3318 ἀνέλκοντες.

307 3431 529 3503 Ἐπειδὴ
575 3432 631 3484 δὲ
669 3431 806 3503 πρὸς
856 3430 1084 3505 ἀρίστην
1126 3432 1312 3501 νόησιν
1345 3430 1405 3484 τὸ
1452 3428 1804 3500 εὐαγγελικδν

223 3523 464 3595 γράμμα
530 3525 899 3593 χειραγωγεῖ,
964 3525 1096 3596 φέρε
1155 3523 1291 3596 πρὸς
1340 3523 1430 3576 τὸν
1493 3524 1801 3594 ἐμπεσόντα

228 3617 429 3670 σκοπὸν
457 3616 683 3679 ἑαυτοὺς
712 3616 1105 3688 ἀποτείνωμεν.
1140 3613 1418 3686 Θαυμάζω
1446 3613 1648 3686 σφόδρα
1678 3616 1803 3679 τοὺς

225 3707 323 3778 τὴν
369 3706 593 3778 ἐμπαθῆ
650 3707 853 3774 ταύτην
904 3706 998 3761 καὶ
1052 3705 1332 3778 φιλήδονον
1387 3707 1802 3777 περικειμένους

226 3799 428 3870 σάρκα,
474 3797 822 3868 ἡττωμένους
870 3798 925 3852 δέ
966 3800 1286 3870 καθημέραν
1337 3794 1505 3849 ὕπνου
1556 3796 1652 3847 καὶ
1695 3809 1800 3862 γα-

228 3888 419 3959 στρός·
447 3889 510 3943 ού
552 3889 659 3959 μὴν
694 3889 815 3942 οὐδὲ
847 3888 956 3942 τῶν
1003 3888 1178 3943 ἄλλων
1222 3884 1529 3959 ἐρεθισμῶν
1561 3884 1799 3956 ἀπείρως

227 3980 473 4050 ἔχοντας,
501 3979 608 4031 τῶν
624 3981 738 4033 ὅσοι
769 3979 1034 4052 γνώριμοι
1059 3980 1225 4033 πᾶσιν
1249 3979 1380 4048 ἡμῖν
1402 3979 1513 4039 τοῖς
1539 3974 1638 4044 τῆς
1673 3967 1825 4044 μιᾶς⁶

227 4071 318 4123 καὶ
352 4074 453 4142 τῆς
485 4071 655 4141 αὐτῆς
688 4071 1008 4125 κοινωνοῦσι.
1043 4070 1277 4142 φύσεως,
1307 4070 1456 4131 ὅπως
1493 4066 1600 4119 sici.
1634 4066 1799 4137 σκλη-

229 4162 312 4233 ροὶ
348 4160 601 4214 δικασταὶ
639 4161 748 4215 τῶν
799 4162 1237 4234 ἁμαρτανόντων,
1277 4158 1372 4212 καὶ
1405 4155 1615 4211 ἑαυτῶν
1666 4172 1801 4225 συγ-

225 4249 533 4320 γνώμονες*
565 4251 813 4316 ἀσθενεῖς
844 4253 1163 4321 ἀγωνιοταὶ,
1204 4251 1295 4305 καὶ
1315 4249 1677 4320 ἀπαραίτητοι
1714 4264 1796 4301 νο-
1824 4286 1831 4293 .

1899 428 2042 482 enim
2090 443 2303 490 eormn,
2354 429 2443 496 qui
2490 428 2649 497 seipsi
2675 425 2938 495 judicant,
2972 428 3073 480 sibi
3105 439 3474 495 assentantur,

1899 532 1958 571 se
1991 518 2235 587 diligunt,
2283 519 2384 574 sibi
2429 517 2659 587 placent,
2693 518 2952 586 inanique
2999 518 3255 585 Opinione
3286 521 3474 578 tumidi

1900 616 2063 675 atque
2098 605 2284 671 inﬂati,
2322 622 2437 669 eos,
2472 607 2561 676 qui
2611 605 2678 660 ad
2724 621 2784 658 se
2835 607 3116 670 accedunt,
3164 620 3477 675 peceatores

1900 696 2169 766 appellant
2207 705 2259 751 et
2296 706 2584 768 antequam
2637 695 2749 750 veri
2795 693 2979 763 iudicii
3025 706 3233 766 tempus
3267 699 3471 762 veniat,

1898 805 1956 844 se
1981 798 2234 858 tanquam
2265 803 2431 858 agnos
2461 790 2528 841 ab
2561 788 2728 843 haedis
2756 797 3032 858 separant,
3067 787 3299 858 coelique
3325 789 3472 843 fures

1897 880 1997 935 sibi
2042 892 2259 949 apertas
2304 881 2600 945 intuentes,
2662 894 2760 934 nec
2817 882 3031 935 domqu
3089 895 3210 934 cum
3269 881 3474 951 reliqua

1897 971 2258 1036 multitudine,
2299 986 2398 1025 nec
2436 971 2614 1025 cihutn
2664 969 2954 1041 dignantur
3004 970 3202 1035 habere
3241 987 3475 1026 commu-

1899 1076 2043 1122 nem,
2093 1069 2254 1129 atque
2283 1076 2490 1126 onmcs,
2535 1059 2626 1129 qui
2659 1076 2765 1114 non
2803 1075 2898 1130 per
2929 1076 3216 1125 summam,
3258 1062 3351 1116 sed
3377 1076 3474 1133 per

1900 1150 2129 1205 mediam
2164 1161 2281 1206 vita:
2306 1152 2552 1207 semitam
2589 1144 2863 1217 incedunt,
2906 1152 3259 1208 detestantur.

1969 1415 2144 1471 Lucas
2192 1414 2376 1486 igitur,
2406 1417 2713 1472 animorum
2758 1420 2946 1488 magis,
2996 1434 3154 1489 quam
3186 1434 3471 1491 corporum

1900 1510 2157 1574 medicus,
2200 1520 2514 1578 praesentem
2545 1510 2681 1563 hanc
2721 1510 2876 1565 nobis
2919 1526 3023 1565 non
3056 1520 3164 1566 tam
3200 1512 3467 1567 narratio.

1898 1618 2039 1666 nem,
2066 1618 2223 1670 quam
2251 1602 2403 1668 plane
2431 1605 2726 1671 appositam
2755 1602 3143 1671 aegrotantibus
3175 1602 3316 1658 l'astu
3349 1619 3465 1658 meo

1898 1695 2126 1746 diuinam
2155 1693 2418 1757 exhibuit,
2451 1696 2757 1757 Ostendi-us,
2794 1696 2965 1763 ipsum
3008 1693 3172 1747 Deum
3211 1671 3472 1748 Servato-

1900 1801 2008 1837 rem
2057 1792 2317 1848 nustrum,
2365 1785 2455 1854 qui
2504 1786 2618 1839 sine
2670 1786 3069 1855 comparatione
3110 1800 3273 1855 purus
3308 1797 3472 1855 atque

1899 1876 2109 1946 integer
2141 1886 2242 1941 est,
2289 1878 2543 1946 solusque
2578 1877 2781 1947 justus,
2822 1878 3116 1932 clementer
3160 1877 3469 1942 admodum,

1901 1964 2229 2037 benigneque
2265 1958 2387 2023 cum
2444 1957 2665 2038 perditis
2723 1978 2886 2037 atque
2931 1969 3198 2022 damnatis
3241 1968 3471 2032 versari,

1898 2071 1953 2113 et
1998 2075 2116 2112 eum
2161 2060 2248 2124 iis,
2285 2061 2377 2129 qui
2433 2060 2667 2115 nondum
2704 2060 2823 2130 puri
2864 2060 3156 2127 mundique
3192 2068 3342 2126 sunt,
3393 2059 3473 2112 vi-

1898 2166 2042 2214 vere,
2077 2167 2181 2205 non
2216 2160 2273 2206 ut
2310 2167 2496 2205 eorum
2533 2152 2774 2205 maculas
2824 2152 3077 2219 accipiat,
3114 2151 3207 2204 sed
3255 2159 3314 2203 ut
3361 2147 3471 2209 illis

1893 2241 2160 2310 justitiam
2197 2260 2347 2298 suam
2398 2244 2783 2313 impertiatur:
2834 2244 3006 2298 instar
3055 2242 3279 2314 hujusce
3316 2242 3470 2307 solis,

1899 2348 2056 2402 quem
2086 2333 2379 2399 cernimus,
2418 2336 2508 2404 qui
2540 2335 2689 2404 (beet
2709 2337 2852 2389 enim
2881 2351 2945 2388 ex
2967 2350 3023 2388 re
3046 2343 3326 2404 procreata
3349 2351 3475 2403 pro-

1899 2426 2158 2478 creatoris
2208 2427 2602 2494 providentiam
2661 2426 2984 2497 intelligere)
3033 2443 3136 2480 non
3173 2426 3359 2501 planas
3388 2443 3475 2480 so-

1901 2514 2007 2568 lum
2043 2516 2287 2586 regiones
2338 2517 2591 2580 illustrat,
2629 2517 2722 2570 sed
2767 2517 2886 2570 illas
2939 2518 3127 2580 etiam,
3183 2533 3302 2586 qua:
3346 2527 3473 2571 sunt

1899 2609 2068 2662 antris
2125 2607 2482 2679 Eavernisque
2554 2617 2828 2663 tortuosa.
2911 2604 3250 2678 Deponamns
3309 2609 3474 2679 igitur

1900 2700 2289 2769 arrogantiam,
2318 2701 2362 2755 si
2405 2701 2495 2769 qui
2546 2699 2680 2754 tales
2718 2714 2926 2762 sumus,
2958 2700 3131 2769 qualis
3170 2712 3251 2754 est
3282 2701 3347 2765 is,
3378 2700 3470 2769 qui

1901 2790 2002 2843 hac
2031 2789 2277 2844 oratione
2322 2790 2628 2859 descriptus
2671 2798 2754 2843 est
2783 2829 2798 2856 ,
2833 2788 3217 2859 imitemurque
3262 2791 3472 2844 Domini

1901 2880 2324 2935 misericordiam
2357 2890 2412 2935 et
2441 2880 2854 2945 humanitatem,
2894 2880 3125 2936 humiles
3162 2892 3217 2936 et
3246 2880 3477 2937 aﬂlictos

1902 2974 1973 3026 ita
2007 2972 2448 3041 complectentes,
2494 2986 2600 3027 non
2637 2982 2695 3025 ut
2730 2987 2854 3027 cum
2892 2971 2999 3027 illis
3015 2971 3320 3042 jacentibns
3344 2988 3477 3028 cou-

1902 3070 2228 3129 sternamur,
2289 3064 2381 3118 sed
2415 3072 2473 3116 ut
2525 3077 2619 3117 eos
2657 3063 2837 3132 potius
2885 3063 3209 3129 excitemus,
3253 3072 3308 3118 et
3353 3071 3473 3118 tan-

1902 3170 2061 3225 quam
2095 3155 2296 3224 egregii
2343 3153 2562 3221 qnidam
2617 3154 2922 3207 urinatores
2967 3154 3019 3207 in
3062 3156 3218 3222 aquis
3256 3158 3472 3208 demer-

1902 3261 2015 3310 sos,
2046 3259 2108 3297 ac
2137 3243 2508 3306 moribundos,
2537 3241 2603 3295 ad
2632 3241 2847 3296 vitalem
2890 3241 3033 3297 hunc
3077 3256 3259 3297 aerem
3288 3251 3474 3298 extra-

1902 3337 2112 3391 hamus.

1973 3427 2234 3493 Quoniam
2272 3436 2450 3484 autem
2497 3425 2942 3496 pulcherrimum,
2973 3440 3291 3496 summeque
3316 3426 3476 3483 nobis

1902 3520 2030 3574 utile
2059 3520 2268 3590 signum
2302 3528 2610 3589 pr0pounnt
2657 3519 2770 3572 haec
2800 3516 3073 3587 Evangelii
3116 3518 3343 3586 scripta,
3373 3534 3473 3589 age

1904 3611 2030 3666 illuc
2061 3612 2257 3667 tuentis
2298 3612 2467 3665 aciem
2508 3610 2874 3665 intendamus.
2914 3606 3274 3664 Vehementer
3308 3609 3476 3665 admi-

1907 3720 2018 3769 rur,
2049 3720 2154 3773 quo
2188 3705 2345 3759 modo
2369 3706 2476 3770 isti,
2510 3703 2598 3774 qni
2632 3713 2823 3758 natura
2852 3703 3349 3772 perturbationibus
3372 3704 3472 3758 ob-

1906 3796 2085 3856 nuvia,
2133 3794 2575 3865 voluptatumque
2625 3794 2869 3848 Studiosa
2932 3793 3252 3848 circumdati
3313 3804 3471 3859 sunt,

1905 3884 2101 3953 quique
2127 3893 2238 3937 tum
2269 3884 2591 3948 dormiendi,
2621 3894 2732 3939 tum
2762 3884 2977 3947 edendi,
3009 3893 3064 3938 et
3099 3885 3314 3939 caeteris
3340 3901 3472 3940 ven-

1905 3976 1972 4027 tri
2030 3976 2350 4029 necessariis
2394 3976 2580 4030 usibus
2630 3976 2871 4045 quotidie
2919 3984 3133 4045 parent,
3173 3986 3338 4048 atque
3378 3980 3474 4034 iis-

1903 4066 2022 4120 dem
2058 4066 2437 4135 cupiditatibus
2482 4066 2695 4120 incitari
2747 4082 2807 4122 se
2853 4069 3111 4133 sentiunt,
3162 4084 3299 4140 quas
3352 4084 3471 4137 "Os,

1902 4157 1994 4227 qui
2023 4174 2128 4212 una
2155 4159 2451 4229 eademque
2484 4174 2605 4213 cum
2647 4158 2755 4214 illis
2788 4170 2977 4215 natura
3018 4161 3227 4230 praediti
3261 4179 3472 4227 sumus,
3514 4146 3527 4153 ’

1903 4251 2232 4320 experimur,
2283 4250 2576 4323 iniquiores
2615 4266 2695 4315 se,
2740 4267 2805 4304 ac
2851 4252 3096 4305 duriores
3126 4252 3176 4305 in
3227 4267 3344 4317 eos,
3383 4255 3475 4322 qui

229 4339 487 4411 μοθέται·
515 4339 593 4404 ὡς
634 4342 728 4395 καὶ
769 4342 867 4413 τῆς
903 4342 997 4396 τοῦ
1029 4341 1164 4396 Θεοῦ
1211 4339 1618 4412 φιλανθρωπίας
1650 4339 1800 4391 ἀναι-

1904 4350 2149 4410 peccant,
2175 4341 2381 4411 judiees
2423 4343 2715 4412 praebeant,
2764 4342 2974 4417 sibique
3020 4352 3349 4414 pugnatores
3390 4344 3475 4400 in-

227 4435 342 4502 ρεῖν
365 4430 465 4503 τὴν
494 4431 704 4497 ἐλπίδα,
755 4434 851 4489 καὶ
877 4419 1259 4505 ἀποφράττείν,
1278 4431 1354 4496 ὡς
1379 4429 1676 4502 νομίζουσι,
1706 4428 1805 4499 τὴν

224 4521 460 4591 ἄφθονον
488 4520 584 4575 τοῦ
618 4522 803 4586 ἐλέους
834 4523 1038 4594 πηγὴν,
1074 4524 1166 4577 καὶ
1200 4522 1337 4593 μετά
1376 4521 1576 4591 πολλῆς
1606 4521 1662 4575 δέ
1707 4522 1804 4593 τῆς

226 4600 517 4675 αὐθεντίας
542 4610 853 4665 ἀποκλείειν
879 4615 993 4675 τοῖς
1029 4610 1377 4682 πλανηθεῖσιν
1400 4609 1500 4681 τῆς
1530 4609 1806 4680 βασιλείας

225 4702 324 4772 τὴν
356 4700 584 4756 εἴσοδον.
609 4702 782 4757 Τοῦτο
808 4703 867 4757 δέ
889 4702 1052 4758 οὐδὲν
1088 4702 1216 4757 ἄλλο
1246 4702 1279 4775 ἢ
1315 4702 1408 4756 καὶ
1431 4700 1650 4772 νομικὸν
1692 4699 1809 4771 (60)

226 4796 540 4864 ἀπόγνωσιν
586 4798 831 4867 ἐμποιεῖν
868 4797 1069 4868 ψυχαῖς
1117 4794 1357 4866 ἰατρείαν
1402 4795 1710 4865 ζητούσαις.
1749 4794 1807 4847 '0

225 4888 335 4956 γάρ
379 4886 483 4955 τῆς
522 4884 820 4956 θεραπείας
857 4886 1184 4951 ἀπελπίσας,
1219 4884 1403 4949 δοῦλος
1425 4886 1637 4954 γίνεται
1684 4883 1812 4937 καθ-

232 4977 382 5043 άπαξ
422 4977 526 5047 τῆς
557 4978 751 5031 νόσου’
786 4980 881 5033 κα)⁵
923 4978 1028 5049 πρό
1055 4994 1118 5046 γε
1153 4979 1334 5043 πάσης
1385 4977 1484 5048 τῆς
1515 4976 1623 5029 τῶν
1673 4976 1810 5045 ἡμε-

225 5068 398 5137 τέρων
428 5068 662 5140 Γραφῶν
690 5070 1026 5139 ἐπαγγελίας
1056 5070 1333 5141 ἀλλότριος
1357 5086 1371 5099 ·
1405 5068 1525 5122 οὐδὲ
1555 5067 1665 5140 γὰρ
1696 5068 1826 5137 ἐκεῖ,

227 5156 304 5227 τῷ
341 5160 579 5223 συνετῶς
606 5160 915 5226 ἐξετάζοντι
946 5161 1203 5223 τοιοῦτον,
1235 5161 1264 5213 ὃ
1308 5161 1382 5232 μὴ
1422 5161 1582 5231 χάρις
1617 5160 1806 5231 δωρεῖ-

228 5264 338 5310 ται,
381 5252 476 5304 καὶ
510 5250 804 5323 θεραπεύει
838 5252 1153 5326 συγγνώμη.
1184 5254 1294 5307 Καὶ
1326 5252 1409 5315 τίς
1457 5250 1628 5314 οὕτως
1675 5252 1806 5304 ὑπό-

232 5355 410 5409 κωφος
451 5342 547 5395 καὶ
582 5345 814 5415 ἀνήκοος
852 5344 961 5398 τῶν
988 5343 1164 5413 λόγων
1206 5343 1298 5397 τοῦ
1334 5341 1475 5409 Ἰὼϐ,
1509 5341 1806 5415 διαρρήδην

302 5595 417 5666 (60)
455 5611 549 5664 τρ.
592 5594 794 5661 ἄλλως
814 5596 1175 5667 οἰκονομικόν.

1911 4432 2051 4487 llrmi
2077 4442 2185 4486 tam
2220 4432 2379 4487 facile
2408 4433 2737 4503 indulgeant,
2783 4434 2836 4488 in
2883 4434 3018 4488 alios
3064 4428 3243 4489 autem
3286 4435 3475 4490 arbitri

1907 4540 2030 4580 esse
2065 4523 2663 4588 velint-inexorabiles,
2707 4525 2842 4580 adeo
2889 4535 2948 4581 ut
2996 4526 3089 4582 Dei
3128 4527 3477 4599 benignitatis

1906 4630 2056 4686 spem
2084 4615 2354 4681 auferant,
2385 4614 2713 4686 uberemque
2738 4615 3124 4673 misericordia:
3150 4617 3352 4674 fontem
3378 4622 3478 4672 ub-

1906 4716 2140 4775 struant,
2178 4718 2235 4762 ut
2270 4706 2369 4777 ipsi
2401 4715 2610 4778 putant,
2643 4704 2919 4776 multaque
2958 4707 3277 4763 auctoritate
3319 4709 3474 4780 regni

1906 4798 2110 4853 aditum
2165 4799 2474 4855 errantibus
2536 4797 2865 4870 patefaciant
2924 4796 3274 4872 [occludam].
3323 4799 3477 4867 Quod

1908 4900 2029 4941 cum
2063 4886 2195 4942 nihil
2224 4888 2370 4943 aliud
2402 4888 2493 4954 sit,
2526 4902 2690 4958 quam
2732 4888 2931 4943 animis
2968 4887 3302 4944 curationem
3328 4905 3480 4960 qure-

1912 4978 2154 5034 reutibus
2182 4977 2617 5048 desperationem
2662 4978 2903 5049 obiicere
2932 4994 2950 5032 :
2980 4980 3081 5045 .cui
3135 4978 3279 5035 enim
3320 4996 3479 5035 cura-

1914 5067 2074 5122 tionis
2101 5066 2349 5135 adempta
2375 5082 2501 5137 spes
2525 5078 2629 5134 est,
2670 5069 2715 5123 is
2746 5050 2910 5138 plane
2933 5068 3106 5122 morbi
3141 5083 3332 5133 servus
3359 5072 3479 5125 em.

1914 5158 2079 5222 citur,
2126 5167 2235 5211 tum
2275 5157 2343 5211 ab
2381 5157 2527 5211 oumi
2564 5158 2775 5213 alienus
2809 5168 2891 5212 est
2934 5158 3337 5227 Scripturarutn
3381 5177 3479 5216 uo-

1911 5259 2143 5304 strarum
2179 5249 2573 5318 promissione:
2620 5249 2675 5304 in
2716 5251 2936 5319 quibus,
2966 5249 3011 5303 si
3056 5248 3342 5320 diligenter
3381 5268 3478 5307 ex-

1912 5339 2113 5411 plores,
2169 5339 2303 5395 nihil
2351 5350 2459 5394 tam
2519 5354 2681 5412 grave
2740 5339 3031 5412 reperitur,
3075 5342 3219 5413 quod
3269 5358 3375 5399 non
3426 5354 3479 5400 et
