4048 6194
484 222 593 286 355

1763 216 1822 275 ε.
1869 202 2142 273 λιετίηῖιιιι
2193 208 2492 273 messem

3645 185 3774 278 εις

482 358 656 416 gratia
697 341 1005 402 comlonet,
1061 347 1114 392 et
1157 328 1524 391 misericordia
1571 345 1721 390 curet
1765 345 1926 403 alque
1959 350 2053 387 ex-

2184 334 2295 406 πρὸς
2357 334 2564 397 πάντας
2623 333 2924 398 ἐκϐοῶντος
2964 335 3067 400 δτι,
3104 326 3314 400 Οὐδεὶς
3351 334 3605 402 καθαρὸς
3631 335 3758 392 ἀπὸ

482 439 611 506 piet.
650 434 782 501 Quis
818 442 998 486 autem
1037 429 1172 482 adeo
1218 429 1434 489 surdus,
1467 427 1556 495 qui
1594 427 1754 479 verba
1804 422 1904 479 Job
1957 443 2062 478 non

481 526 840 588 exaudiverit,
898 523 1042 577 clara
1101 537 1234 574 voce
1301 520 1381 574 sic
1444 535 1633 572 muues
1696 518 2064 588 alloquentis:

488 619 656 674 Nemo
691 618 917 670 mundus
953 633 984 668 a
1015 615 1190 677 sorrle,
1239 630 1300 666 ne
1333 613 1510 680 infans
1544 611 1774 678 quidem,
1811 611 1961 680 cujus
1992 621 2066 664 est

483 712 639 764 unius
666 709 769 761 diei
800 707 904 760 vita
928 723 1081 774 super
1105 715 1298 758 terram
1337 703 1380 736 δ’
1402 705 1424 757 ?
1446 703 1768 772 Quanquam
1823 705 1943 773 quis
1986 713 2068 758 cst

2163 431 2388 498 ῥύπου,
2409 428 2596 498 ἡμέρα
2619 429 2743 481 οὐδ’
2771 429 2966 498 arula
2985 429 3022 495 ἡ
3047 427 3158 496 ζωὴ
3181 428 3366 482 αὐτοῦ
3391 427 3521 495 (60')
3543 445 3558 494 ;
3585 431 3681 494 Τίς
3705 429 3760 485 δ’

2172 520 2238 574 ἂν
2269 520 2563 592 σωφρονῶν
2605 518 2855 573 τοσοῦτον
2895 521 3236 590 φρονήσειεν.
3278 519 3356 582 ὡς
3401 520 3764 591 ὑποκείμενος

2173 609 2446 676 εὐθύναις,
2479 614 2573 666 καὶ
2613 612 2812 676 ταύτας
2852 613 2908 667 ἐν
2931 612 3267 683 δικαστηρίῳ
3305 611 3463 676 Θεοῦ,
3505 614 3765 684 περιττὸν

2141 702 2382 758 ὀἴεσθαι
2405 702 2758 774 συγγνώμην,
2799 703 2893 757 καὶ
2932 704 3149 774 ἀχρεῖον
3191 703 3281 756 τὸν
3311 703 3490 772 ἐλεονς

485 813 594 855 tam
621 800 780 867 frugi,
817 799 940 867 quis
972 809 1078 851 tam
1131 795 1376 849 modeste
1423 809 1482 849 se
1515 795 1670 862 gerit,
1707 795 1796 863 qui
1834 795 1878 847 si
1911 796 2067 850 modo
2107 797 2301 865 sapiat,
2331 812 2452 848 cum
2487 796 2745 848 rationem
2791 795 2957 848 totius
2985 794 3110 848 vita:
3144 809 3255 846 stuc
3318 795 3624 850 redditurus
3663 795 3764 871 sit.

485 893 645 964 idque
692 892 743 945 in
799 891 891 944 Dei
947 887 1150 958 judicio
1197 888 1556 950 constitutus,
1610 903 2073 955 supervacaneum
2100 899 2270 959 putet.
2305 887 2456 942 alteri
2514 888 2828 956 ignoscere,
2873 895 2928 942 et
2975 883 3404 945 misericordiam
3443 885 3766 958 impertiri?

555 985 707 1051 Quod
743 984 786 1037 si
821 983 886 1036 ad
915 999 1186 1036 summum
1211 981 1435 1049 iustitia:
1466 981 1865 1050 probitatisque
1909 981 2067 1035 fasti-

485 1079 628 1148 gium
671 1075 1063 1144 pervenissent,
1124 1075 1260 1127 adeo
1283 1083 1365 1137 ut,
1424 1072 1883 1141 quemadmodum
1935 1073 2072 1128 scri-

484 1180 634 1240 ptum
683 1178 765 1221 est
809 1165 892 1230 ’°,
967 1181 1130 1234 super
1185 1167 1502 1236 scorpiones
1575 1175 1737 1233 atque
1791 1177 2072 1236 serpentes

484 1261 775 1323 calcarent,
831 1259 1270 1328 pronuntiatique
1323 1267 1506 1313 essent
1569 1256 1847 1323 victoi'es,
1895 1268 1950 1311 et
2005 1258 2072 1312 de

489 1361 710 1422 peccato
747 1352 1074 1418 triumphum
1125 1358 1531 1419 reportassent,
1587 1365 1691 1403 non
1744 1360 1922 1403 tamen
1969 1351 2065 1403 de-

487 1445 672 1497 berent
717 1443 942 1496 aliorum
976 1442 1220 1495 omnium
1272 1443 1436 1495 vitam
1475 1442 1539 1494 ad
1589 1442 1916 1496 fortitudinis
1959 1457 2069 1495 suae

2239 983 2301 1037 Εἰ
2347 983 2404 1036 δὲ
2458 982 2552 1036 κααὶ
2599 981 2737 1053 πρὸς
2780 981 2842 1034 τὸ
2906 981 3203 1052 ἀκρότατον
3257 981 3606 1051 δικαιοσύνης
3661 980 3768 1035 καὶ

2169 1073 2456 1146 ἀκριϐείας
2484 1069 2624 1144 ἦσαν
2674 1072 3020 1143 ἐληλακότες,
3054 1072 3396 1143 πατήσαντες
3437 1073 3493 1125 δέ
3523 1073 3766 1143 άληθῶς,

2169 1166 2309 1220 κατά
2336 1166 2396 1218 τὸ
2428 1165 2838 1234 γεγραμμένον,
2880 1165 3064 1217 ἐπάνω
3095 1164 3270 1234 ὄφεων
3317 1165 3411 1218 καὶ
3458 1165 3766 1236 σκορπίων.

2172 1257 2386 1327 νικηταί
2422 1255 2479 1308 δέ
2513 1257 2607 1309 καὶ
2647 1256 2961 1323 στεφανίται
2995 1258 3140 1308 κατά
3208 1255 3309 1326 τῆς
3355 1257 3631 1326 ἁμαρτίας
3672 1257 3770 1309 ἀνι

2171 1347 2546 1420 ηγορεύθησαν
2569 1366 2580 1379 ·
2608 1347 2713 1400 οὐδ’
2737 1347 2907 1412 οὕτως
2948 1349 3115 1420 ἐχρῆν
3151 1348 3288 1418 πρὸς
3317 1349 3414 1419 τὴν
3443 1349 3646 1401 οἰκείαν
3676 1351 3770 1404 ἀν·-

2173 1441 2357 1512 δρείαν
2390 1441 2484 1493 καὶ⁴
2515 1438 2624 1492 τῶν
2648 1439 2821 1493 ἄλλων
2856 1441 3110 1493 ἁπάντων
3153 1439 3453 1502 κανονίζειν
3481 1441 3572 1492 τὸν
3613 1440 3764 1510 βίον⁴

488 1537 724 1602 regulam
762 1535 994 1602 dirigere
1031 1541 1086 1586 et
1128 1531 1447 1601 explorare,
1511 1533 1602 1586 sed
1646 1532 1898 1585 virtutem
1946 1547 2071 1600 pro-

2184 1532 2308 1588 me
2340 1534 2439 1604 τῆς
2481 1533 2578 1602 μὲν
2617 1531 2754 1596 ἰδίας
2787 1531 3190 1602 εύδοκιμήσεως
3245 1531 3322 1600 τῷ
3353 1531 3610 1585 δεδωκότι
3641 1531 3769 1603 Θεῷ

488 1629 657 1697 priam
708 1637 984 1694 acceptam
1034 1623 1331 1677 referentes
1364 1623 1448 1688 ei,
1505 1624 1659 1689 cujus
1715 1622 1977 1678 beneﬁcio
2019 1631 2075 1675 et

488 1732 713 1773 munere
746 1715 934 1783 adjuti,
970 1715 1134 1768 vitam
1165 1715 1439 1783 sapienter
1480 1714 1848 1777 instituentes,
1873 1713 2078 1766 Adver-

491 1807 620 1862 sarii
659 1804 1052 1859 tentationibus
1087 1819 1192 1858 non
1226 1802 1663 1862 succubuissent.
1696 1802 2074 1858 imbecilliori-

493 1900 592 1954 bus
621 1898 942 1967 amicusque
971 1897 1224 1950 fraternae
1247 1893 1598 1961 benignitatis
1625 1893 1904 1948 dexteram
1945 1909 2073 1963 por-

489 1989 686 2058 rigere,
734 2001 936 2056 eosque
995 2002 1024 2039 a
1082 1985 1288 2055 peccati
1347 1983 1458 2038 luto
1502 1993 1556 2038 et
1618 1983 2076 2052 inquinationibns

487 2085 701 2149 eripere
756 2089 918 2147 atque
949 2077 1214 2130 excitare.
1268 2073 1381 2129 lloc
1427 2075 1571 2129 enim
1617 2085 1773 2144 pacto
1811 2075 2074 2141 duplicem

490 2173 704 2228 Iaudem
763 2171 1020 2234 assecuti,
1083 2179 1194 2223 tmn
1268 2169 1501 2237 propria:
1553 2167 1903 2232 fortitudinis,
1961 2175 2073 2221 tum

488 2265 744 2319 fraternae.
793 2261 1173 2327 humanitatis,
1224 2259 1612 2314 misericordiae
1663 2259 1883 2330 praemia
1941 2258 2078 2312 reci-

488 2365 698 2424 perent.
755 2351 905 2407 Nunc
935 2362 1150 2414 autem,
1183 2367 1304 2405 cum
1349 2351 1598 2405 homines
1647 2352 1752 2404 sint
1789 2364 1852 2402 ex
1887 2364 2076 2403 eormn

491 2459 737 2506 numero,
791 2441 882 2510 qui
937 2441 1087 2495 humi
1142 2451 1354 2510 repunt.
1408 2442 1689 2509 vitamque
1736 2440 1933 2510 degant
1972 2456 2076 2494 non

491 2535 803 2605 angelorum
830 2542 884 2585 et
911 2531 1216 2586 caelestium
1248 2529 1462 2584 illarum
1495 2532 1784 2596 tuentium,
1813 2545 1933 2598 quae
1958 2547 2081 2585 cor-

490 2641 622 2696 pore
643 2634 852 2686 carent,
884 2623 1008 2676 vitae
1041 2621 1296 2683 similem,
1326 2622 1419 2676 sed
1457 2622 1643 2685 talem,
1683 2638 1803 2692 quae
1840 2623 1891 2675 in
1938 2622 2081 2690 judi-

492 2741 505 2766 ι
527 2719 642 2772 iurn
671 2717 850 2771 vocari
886 2725 1050 2784 atque
1081 2715 1330 2784 redargui
1368 2714 1560 2781 possit,
1598 2730 1816 2768 severos
1845 2726 1896 2768 et
1932 2730 2080 2769 accr-

495 2810 592 2861 bos
650 2821 708 2859 se
766 2804 978 2872 judices
1025 2805 1286 2871 pra-bent,
1345 2813 1734 2872 contractaque
1791 2805 2080 2871 supercilio

2174 1627 2274 1697 τὴν
2327 1625 2483 1698 χάριν
2547 1623 2847 1695 ὁμολογεῖν,
2898 1625 2980 1676 ὃτι
3033 1624 3128 1676 καὶ
3191 1618 3353 1692 φύσιν
3413 1623 3769 1693 ἡγεμονικῶς

2174 1715 2499 1788 ἡνιόχησαν,
2535 1717 2627 1767 καὶ
2661 1715 2983 1787 πειρασμῶν
3024 1716 3329 1769 σατανικών
3368 1715 3470 1768 οὑκ
3513 1715 3768 1783 ἐγένοντο

2176 1808 2389 1878 χείρους
2409 1824 2421 1836 ·
2457 1810 2571 1870 τοῖς
2610 1807 2668 1860 δέ
2699 1807 3062 1878 ἀσθενήσασιν
3089 1805 3304 1878 ὀρέγειν
3352 1807 3768 1879 φιλανθρωπίας

2174 1896 2372 1964 δεξιὰν,
2409 1901 2502 1952 καὶ
2551 1898 2855 1968 ἀνεγείρειν
2886 1900 2950 1951 ἐκ
2994 1898 3084 1951 τοῦ
3118 1898 3315 1969 πηλοῦ,
3354 1901 3448 1953 καὶ
3477 1901 3766 1972 καθαίρειν

2178 1994 2242 2045 ἐκ
2294 1991 2401 2044 τῶν
2457 1991 2838 2062 μολυσμάτων.
2889 1991 3120 2047 Διπλοῦν
3178 1993 3288 2064 γὰρ
3335 1992 3400 2046 ἀν
3450 1992 3623 2057 οὕτως
3667 1993 3766 2057 τὸν

2177 2083 2397 2136 ἔπαινον
2443 2083 2662 2154 ᾕραντο,
2691 2084 2792 2153 τῆς
2823 2101 2883 2136 τε
2920 2080 3053 2148 ἰδίας
3084 2084 3453 2156 ἀνδραγαθίας
3481 2085 3617 2154 ὁμοῦ
3663 2086 3768 2139 καὶ

2176 2175 2280 2245 τῆς
2313 2175 2640 2244 φιλαδέλφου
2687 2178 2782 2229 καὶ
2829 2178 3069 2246 χρηστῆς
3121 2175 3464 2246 συμπαθείας
3513 2176 3580 2230 τά
3625 2177 3770 2248 γέρα

2177 2265 2566 2336 λαμϐάνοντες.
2601 2267 2735 2320 Νυνὶ
2767 2267 2822 2319 δὲ
2855 2266 3133 2337 ἄνθρωποί
3162 2284 3221 2319 τε
3259 2267 3410 2330 ὄντες
3447 2267 3556 2319 τῶν
3588 2269 3770 2338 χαμαὶ

2179 2355 2510 2428 ἐρχομένων,
2550 2358 2646 2413 καὶ
2683 2359 2883 2422 ζῶντες
2911 2359 3024 2428 βίον
3050 2360 3111 2412 ού
3143 2356 3234 2412 τὸν
3272 2359 3560 2427 ἀγγελικδν
3594 2345 3777 2428 ἐγγὺέ

2178 2451 2287 2503 τῶν
2329 2451 2658 2520 ἀσωμάτων,
2699 2451 2832 2502 ἀλλά
2865 2450 3125 2510 τοιοῦτον,
3151 2445 3261 2504 οἷον
3305 2453 3369 2506 ἄν
3404 2469 3490 2515 τις
3532 2451 3625 2505 καὶ
3669 2443 3769 2505 ὑπ’

2181 2541 2411 2605 εὐθύνας
2433 2541 2630 2609 ἀγάγοι
2662 2543 2755 2594 καὶ
2782 2543 3076 2610 σκώψειεν·
3105 2540 3417 2604 δικάζουσιν
3451 2541 3767 2612 αὐστηρῶς,

2180 2633 2274 2685 καὶ
2306 2631 2443 2702 μετά
2491 2631 2688 2701 πολλῆς
2733 2631 2831 2699 τῆς
2875 2630 3159 2694 αὐθεντίας
3190 2631 3288 2698 τὴν
3335 2629 3770 2699 κατακρίνουσαν

2182 2721 2408 2790 φέρουσι
2437 2720 2618 2790 ψῆφον
2638 2737 2651 2749 ·
2686 2719 2760 2782 ὡς
2799 2720 2897 2790 ἐμὲ
2929 2719 3186 2782 πολλάκις
3214 2719 3316 2772 ὑπὸ
3348 2719 3444 2772 τοῦ
3473 2718 3640 2786 τύφου
3668 2719 3770 2774 καὶ

2180 2811 2279 2882 τῆς
2310 2811 2628 2876 ἀλαζονείας
2653 2812 3086 2882 ἀποπνιγόμενον
3120 2813 3293 2864 εἰπεῖν
3331 2812 3414 2864 ἐπ’
3441 2812 3624 2873 αὐτοῖς
3663 2810 3769 2875 τὰς

494 2895 818 2951 sententiam
853 2894 1052 2955 ferunt,
1084 2901 1137 2945 et
1169 2893 1448 2957 damnant,
1495 2903 1552 2945 ut
1596 2908 1783 2946 eorum
1825 2894 2077 2960 superbia

2185 2903 2547 2972 εὐαγγελικάς
2593 2906 2820 2974 ῥήσεις,
2865 2905 2948 2957 ὅτι
2983 2904 3082 2968 τὰς
3113 2904 3303 2967 δοκοὺς
3347 2906 3404 2956 ἐν
3446 2907 3558 2968 τοῖς
3615 2903 3770 2967 ἰδίοις

495 2986 918 3054 arrogantiaque
950 2991 1254 3039 commotus
1278 2997 1443 3051 cogar
1474 2998 1568 3035 eos
1597 2982 1868 3049 Evangelii
1899 2981 2079 3036 verbis

496 3078 866 3148 compellare:
901 3076 989 3142 qui
1036 3091 1157 3128 cum
1198 3075 1374 3128 trabe’s
1411 3073 1645 3143 propriis
1683 3073 1735 3126 in
1777 3073 1950 3128 oeulis
1979 3087 2078 3126 ex-

497 3173 753 3226 sistentes
780 3186 886 3223 non
923 3177 1172 3232 cernant,
1209 3182 1274 3220 ex
1312 3167 1541 3220 aliorum
1576 3167 1746 3220 oculis
1795 3167 1962 3220 velint
2000 3165 2078 3220 l‘e-

499 3275 685 3317 stucas
715 3261 914 3328 ejicere
961 3260 1004 3289 “
1043 3275 1059 3314 :
1100 3273 1329 3325 cumque
1364 3258 1682 3326 gravissima
1715 3273 1878 3310 onera
1920 3266 2081 3310 caete~

502 3367 688 3405 rorqu
721 3350 962 3403 humeris
993 3351 1292 3417 imponant,
1339 3349 1514 3400 severi
1546 3347 1755 3413 judices
1803 3349 2079 3410 incedunt,

501 3457 556 3498 et
579 3458 700 3498 cum
729 3441 1022 3494 imbecilles
1051 3438 1148 3509 ipsi
1171 3454 1309 3493 onus
1348 3453 1504 3492 smun
1538 3438 1680 3492 ferre
1712 3453 1817 3492 non
1851 3439 2078 3506 possint,

497 3535 698 3592 Christi
731 3532 964 3587 tribunal
1009 3538 1409 3600 praeoccupant,
1439 3540 1494 3584 et
1520 3529 1720 3600 judicis
1759 3531 2079 3584 sententiam

501 3626 837 3697 praeripiuut.
875 3623 1029 3678 Servi
1056 3633 1434 3686 contumaces,
1466 3621 1557 3690 qui
1591 3621 1869 3676 conservis
1901 3620 2080 3676 immi-

502 3731 584 3776 tes
615 3735 674 3774 se
707 3728 867 3788 atque
894 3714 1257 3771 inexorabiles
1289 3715 1555 3784 praebent.

572 3811 629 3865 Si
666 3811 829 3864 Deum
882 3807 1080 3878 cupitis
1129 3805 1396 3868 aemulari,
1437 3804 1581 3873 quod
1635 3804 1701 3859 ad
1735 3802 1850 3872 ejus
1891 3802 2083 3873 imagi-

502 3917 624 3958 nem
661 3902 788 3956 facti
837 3900 977 3963 sitis,
1035 3897 1345 3966 exemplum
1413 3897 1580 3966 ipsius
1612 3897 1919 3950 imitamini.
1952 3897 2081 3960 Vos,

501 3993 596 4062 qui
633 3989 924 4044 Christiani
953 3987 1106 4054 estis,
1142 3987 1233 4056 qui
1280 3987 1498 4040 nomine
1528 3986 1643 4055 ipso
1670 3976 2082 4041 'humauitatem

503 4081 850 4154 proﬁtemini,
881 4079 1168 4132 imitamini
1197 4077 1400 4132 Christi
1443 4079 1789 4133 charitatem.
1829 4078 2085 4147 Benigni-

504 4174 633 4228 tatis
660 4171 778 4240 ejus
820 4170 1039 4224 divitias
1077 4169 1441 4230 considerate,
1484 4170 1576 4238 qui
1613 4185 1734 4222 cum
1785 4185 1878 4236 per
1905 4168 2081 4222 Immi-

507 4282 628 4321 nem
658 4265 722 4318 ad
755 4264 1002 4319 homines
1039 4273 1299 4315 venturus
1331 4271 1501 4323 esset,
1536 4262 1796 4331 prmutisit
1819 4259 2080 4315 Joannem

503 4355 840 4424 pmniteutiae
885 4367 1188 4423 prteconem
1215 4364 1269 4406 et
1309 4353 1524 4414 ducem,
1560 4360 1613 4404 et
1646 4361 1770 4403 ante
1819 4347 2081 4405 Joannem

505 4441 798 4510 pmphetas
845 4453 1057 4502 onmes,
1109 4439 1198 4507 qui
1237 4439 1496 4492 docerent
1545 4438 1812 4504 homines,
1861 4449 1919 4492 ut
1950 4442 2083 4493 resi-

506 4533 796 4602 piscerent,
841 4541 898 4581 ut
938 4529 1175 4583 redirent
1212 4529 1457 4592 inviam,
1487 4542 1542 4582 et
1567 4531 1633 4583 ad
1660 4531 1938 4584 meliorem
1973 4531 2081 4586 fru-

506 4641 626 4696 gem
663 4637 782 4677 sese
815 4630 1215 4675 converterent.
1248 4619 1370 4674 Mox
1419 4621 1535 4690 ipse
1566 4622 1786 4676 veniens
1819 4638 1913 4677 ore
1958 4639 2084 4693 pro-

509 4717 624 4783 prio
657 4713 924 4769 clamabat
963 4725 1030 4766 ex
1062 4727 1289 4781 persona
1321 4727 1416 4765 sua
1443 4730 1456 4765 :
1509 4707 1684 4766 Venite
1713 4712 1781 4766 ad
1822 4728 1934 4779 me,
1967 4729 2083 4765 om-

509 4821 617 4871 nes,
671 4806 759 4875 qui
812 4803 1064 4856 laboratis
1106 4811 1152 4856 et
1194 4803 1396 4854 onerati
1442 4803 1596 4866 eatis,
1633 4814 1679 4856 ει
1727 4821 1819 4872 ego
1852 4801 2083 4870 reﬁciam

508 4917 597 4953 vos
659 4899 726 4950 ".
765 4897 1048 4964 Qumnodo
1095 4906 1276 4948 autem
1365 4911 1550 4948 vocem
1605 4909 1757 4948 suam
1809 4899 2085 4950 audientes

508 4989 761 5058 excepit?
817 4987 1027 5041 facilem
1079 4986 1159 5040 eis
1209 4997 1553 5056 peccatorum
1601 4987 2087 5063 veniam‘largitus

509 5092 616 5148 est,
649 5081 900 5134 celeriter
938 5079 1085 5148 ipsos
1125 5087 1179 5130 et
1216 5089 1489 5131 momento
1523 5080 1782 5149 temporis
1833 5082 1900 5132 ab
1932 5081 2016 5145 iis,
2058 5097 2089 5136 ει

507 5174 706 5242 quibus
737 5173 1089 5242 augebantur,
1126 5169 1412 5223 liberavit:
1456 5167 1688 5223 Verbum
1714 5181 1932 5224 sanctos
1967 5174 2086 5226 red-

511 5262 670 5325 didit,
723 5253 966 5331 Spiritus
1005 5261 1380 5326 conﬁrmavit,
1427 5270 1580 5314 vetus
1639 5263 1798 5315 homo
1845 5261 1896 5313 in
1943 5277 2082 5330 aqua

511 5355 755 5424 sepultus
778 5371 880 5420 εει,
912 5371 1082 5410 novus
1129 5365 1438 5425 generatus,
1469 5355 1638 5424 gratia
1687 5352 1884 5407 ﬂoruit.
1941 5356 2083 5421 Quid

587 5465 634 5498 ⁸⁸
664 5465 764 5521 Job
793 5483 902 5533 xiv,
933 5469 966 5522 ι
993 5484 1105 5522 sec.
1142 5467 1312 5523 LXX.
1387 5470 1432 5501 ’°
1468 5466 1597 5522 Luc.
1627 5484 1680 5533 κ,
1711 5467 1795 5521 l9.
1840 5467 1884 5499 ἰ
1923 5467 2092 5524 Matth

2101 5511 2116 5525 .
2145 5487 2243 5535 vu,
2284 5473 2336 5537 5,
2368 5474 2414 5527 ἰ.

2182 2996 2480 3066 ὀφθαλμοῖς
2509 2995 2583 3066 μὴ
2624 2996 2934 3066 βλέποντες,
2962 2995 3072 3050 τῶν
3107 2996 3403 3068 ἀλλοτρίων
3431 2995 3605 3063 ἇψεων
3632 2996 3770 3048 ἀπο·

2183 3090 2389 3158 (pedite
2428 3088 2494 3141 τὰ
2543 3087 2764 3158 κάρφη·
2816 3087 2910 3140 καὶ
2961 3087 3029 3142 τὰ
3077 3087 3356 3159 βαρύτατα
3409 3088 3604 3161 φορτία
3652 3089 3769 3150 τοῖς

2182 3181 2364 3244 ἄλλοις
2404 3180 2778 3249 δεσμεύοντες,
2819 3184 3188 3252 περινοστεῖτε
3229 3181 3412 3250 βαρεῖς
3456 3180 3640 3250 κριταὶ
3671 3173 3772 3233 καὶ

2183 3270 2427 3332 ἀσθενεῖς
2472 3269 2788 3341 ἀχθοφόροι,
2820 3268 2881 3322 τὸ
2924 3269 3076 3339 βῆμα
3111 3268 3208 3321 τοῦ
3238 3269 3470 3340 Χριστοῦ
3515 3269 3768 3338 προλαμι

2184 3361 2456 3422 δάνοντες,
2501 3359 2594 3411 καὶ
2643 3357 2737 3412 τοῦ
2772 3357 2961 3430 κριτοῦ
3011 3358 3108 3430 τὴν
3157 3359 3430 3426 ἀπόφασιν
3482 3361 3771 3431 προαρπὼ·

2183 3451 2399 3515 ζον-τες·
2443 3450 2617 3503 δοῦλοι
2654 3452 3094 3522 καταφρονηταὶ,
3139 3449 3234 3503 καὶ
3267 3450 3629 3520 ἀπαραίτητοι
3658 3449 3770 3503 τῶν

2183 3541 2487 3614 ὁμοδούλων
2515 3541 2720 3613 κριταί.

2255 3801 2319 3860 Εἰ
2365 3805 2587 3877 ζηλοῦτε
2627 3792 2782 3871 Θεὸν,
2820 3801 2897 3870 ὡς
2930 3805 3051 3861 κατ’
3092 3803 3277 3861 εἰκόνα
3313 3802 3647 3869 κτισθέντες.
3681 3823 3773 3876 μι-

2190 3899 2437 3971 μήσασθε
2505 3899 2658 3969 ὑμῶν
2710 3898 2802 3952 τὸν
2853 3899 3191 3970 ἀρχέτυπον·
3249 3891 3294 3950 ὢ
3344 3897 3681 3967 Χριστιανοὶ,
3708 3895 3772 3948 τὸ

2187 3991 2566 4061 φιλάνθρωπον
2627 3991 2836 4060 ὄνομα,
2889 3987 3168 4061 ζηλώσατε
3213 3986 3307 4039 τοῦ
3365 3983 3602 4057 Χριστοῦ
3668 3984 3772 4055 τὴν

2186 4083 2441 4152 ἀγάπην·
2478 4081 2820 4150 ἀποϐλέψατε
2854 4082 2992 4153 πρὸς
3029 4081 3119 4133 τὸν
3157 4077 3384 4132 πλοῦτον
3424 4076 3523 4145 τῆς
3556 4075 3771 4127 ἐκείνου

2190 4176 2617 4247 φιλανθρωπίας.
2654 4175 2879 4229 Μέλλων
2907 4175 3016 4246 γάρ
3049 4171 3354 4244 ἀνθρώποις
3384 4167 3772 4236 ἐπιφαίνεσθαι

2188 4266 2252 4319 δι’
2288 4265 2599 4338 ἀνθρώπου,
2647 4266 2964 4338 προκαθῆκε
3007 4264 3106 4335 μὲν
3146 4263 3236 4316 τὸν
3274 4261 3549 4330 Ἰωάννην,
3599 4273 3772 4327 μετα-

2187 4358 2336 4421 νοίας
2383 4359 2635 4428 κήρυκα,
2684 4357 3043 4428 μεταμελείας
3077 4353 3394 4424 εἰσηγητὴν,
3433 4353 3527 4404 καὶ¹
3562 4351 3774 4413 πάντας

2189 4448 2296 4518 πρὸ
2347 4447 2592 4503 Ἰωάννου
2648 4449 2936 4519 προφήτας
3002 4444 3338 4514 ἐπιστροφῆς
3392 4441 3770 4502 διδασκάλους.

2189 4536 2322 4592 Εἶτα
2356 4540 2448 4592 καὶ
2490 4540 2649 4605 αὐτὸς
2694 4535 2810 4610 μετ’
2842 4540 3018 4608 ὀλίγον
3060 4537 3367 4608 ἐπιφανεὶς,
3396 4532 3573 4604 οἰκεία
3614 4533 3773 4602 φωνῇ

2193 4630 2290 4700 βοᾷ
2321 4628 2786 4702 αύτοπροσώπως·
2821 4631 2998 4684 Δεῦτε
3024 4629 3174 4698 πρὸς
3204 4629 3301 4698 μὲ,
3340 4625 3560 4690 πάντες
3591 4629 3645 4678 οἱ
3671 4641 3778 4678 κοί

2190 4722 2442 4788 πιῶντες
2502 4723 2603 4776 καὶ
2662 4721 3158 4792 πεφορτισμένοι,
3213 4720 3375 4789 κάγὼ
3433 4717 3776 4772 ἀναπαύσω

2190 4810 2365 4881 ὑμᾶς.
2394 4814 2531 4876 Τοὺς
2561 4813 2616 4866 δέ
2641 4817 2705 4884 τῇ
2737 4814 2925 4882 κλήσει
2951 4811 3270 4874 πεισθέντας
3299 4809 3414 4872 πῶς
3440 4807 3772 4871 ύπεδέξατο;

2195 4906 2424 4956 Ἀπονον
2462 4904 2660 4957 ἔδωκεν
2688 4904 2796 4957 τῶν
2821 4903 3232 4976 ἁμαρτημάτων
3260 4902 3357 4968 τὴν
3383 4901 3596 4970 ἄφεσιν,
3633 4899 3776 4952 ἀκα-

2197 4993 2372 5064 ριαίαν
2406 4995 2493 5046 καὶ
2528 4993 2787 5062 σύντομον
2816 4994 2913 5064 τὴν
2947 4993 3055 5046 τῶν
3083 4991 3393 5045 λυπούντων
3414 4987 3771 5059 ἀπαλλαγήν⁸

2195 5083 2364 5152 Λόγος
2394 5084 2642 5154 ἡγίασεν,
2662 5085 2885 5156 Πνεῦμα
2928 5085 3291 5156 ἐσφράγισεν·
3333 5083 3362 5134 ὁ
3407 5079 3635 5142 παλαιὸς
3677 5080 3776 5132 ἄν-

2197 5172 2409 5244 θρωπος
2445 5174 2700 5246 ἐνετάφη,
2727 5177 2754 5226 ὸ
2785 5175 2901 5238 νέος
2927 5173 3142 5246 ἐτέχθη,
3168 5172 3446 5244 ἀνηὸἡσας
3469 5173 3534 5239 τῇ
3563 5168 3771 5239 χάριτι.

2193 5264 2257 5315 Τί
2298 5263 2366 5316 τά
2409 5264 2568 5336 ὲξῆςς
2609 5263 2666 5318 Ὀ
2705 5249 2990 5337 ἄνθρωπος
3021 5269 3254 5328 οἰκεῖος,
3303 5263 3418 5316 ἀντ’
3462 5261 3773 5331 ἀλλοτρίου,

2193 5357 2307 5420 υἱὸς
2349 5359 2468 5411 ἀντὶ
2515 5358 2689 5424 ξένου,
2725 5359 2932 5430 μύστης
2962 5362 3025 5412 ἐκ
3057 5358 3317 5431 βεδηλου,
3348 5356 3502 5424 ἀγιος
3547 5354 3607 5421 ἐξ
3641 5353 3776 5405 ἀσε-

2490 5473 2535 5506 ⁹¹
2576 5474 2870 5539 Mattth,
2908 5475 3000 5530 23.

588 5575 722 5657 (60⁸)
760 5578 1058 5657 Οιιῖδεξςέ
1079 5579 1287 5657 acroi}.
1324 5579 1495 5657 Locus
1531 5581 1848 5657 tuenmriter
1886 5584 2077 5639 citatus

2188 5585 2316 5638 erba
2367 5582 2550 5655 ἡμέρα
2583 5585 2694 5638 οὐδ’
2730 5584 2798 5639 ἂν
2831 5585 2927 5656 μία
2967 5574 3090 5657 iet‘i
3120 5582 3427 5640 inversione
3469 5579 3549 5636 sic
3612 5577 3780 5634 ωηο-ι

515 5652 723 5705 Cantia:
759 5649 865 5701 οὐδ’
906 5650 970 5702 ἀν
1001 5649 1098 5718 μία
1129 5651 1329 5719 ἡμέρα.
1365 5651 1519 5704 Eon.
1553 5649 1798 5705 ΙἈτιιοι.
