4024 6208
527 186 631 244 ὗὲςθ

1790 178 1852 234 S.
1891 168 2170 236 ASTERII
2210 169 2513 235 ASlASENl

3658 185 3760 241 δυο

523 305 729 362 clarum
755 299 884 356 illud
914 298 1108 355 divinae
1126 289 1299 352 laudis
1335 291 1682 364 pmconium,
1707 291 1950 348 mulieris
1977 292 2094 362 pul-

2205 287 2374 356 Οὗτος
2423 291 2559 362 μετά
2612 291 2711 363 τὴν
2747 289 3003 364 λαμπρὰν
3036 291 3362 362 μαρτυρίαν,
3391 285 3544 357 οὗτος
3581 297 3761 370 ἐπειδὴ

525 392 838 449 chritudine
869 399 1077 460 captus,
1116 388 1316 457 quibus
1355 401 1414 440 se
1450 385 1684 455 peccatis
1707 383 2090 450 obstrinxerit,

527 501 719 539 omnes
777 484 1004 537 scimus.
1063 483 1310 534 Attamen
1357 477 1496 530 idem
1535 492 1565 529 a
1611 477 1866 544 propheta
1914 490 2095 546 repre-

530 577 726 631 hensus
752 573 1047 626 admissum
1069 568 1246 623 scelus
1264 567 1503 636 agnovit,
1534 573 1588 620 et
1613 567 1942 634 ptenitentize
1979 583 2093 621 mo-

530 669 653 719 dum
684 663 916 734 posteris
967 661 1226 728 scriptum
1275 659 1509 727 reliquit.
1551 657 1911 724 Quamobrem
1939 658 2090 712 dolo-

532 773 640 810 rem
671 755 786 820 ejus
833 754 886 807 in
921 752 1059 806 libro
1109 749 1446 804 Psalmorum
1496 757 1749 818 tanquam
1784 748 1838 802 in
1875 749 2095 815 speculo

529 841 768 895 videmus
795 854 1129 906 expressum,
1163 837 1248 892 ubi
1283 851 1424 891 nunc
1441 837 1608 902 luctu,
1633 843 1687 890 et
1709 836 1958 907 squalore
1974 840 2096 894 eor-

528 943 628 999 pus
656 929 934 985 excruciat
966 948 980 984 :
1021 945 1160 983 nunc
1181 928 1280 982 sibi
1313 936 1501 982 noctes
1531 928 1596 980 ad
1637 925 1921 994 lugendum
1957 941 2094 992 prte-

529 1021 738 1085 scribit,
763 1021 904 1090 quod
940 1020 1155 1090 quidem
1197 1029 1404 1087 tempus
1436 1018 1707 1072 communi
1738 1017 2093 1071 laborantium

527 1111 692 1182 quieti
741 1113 922 1165 datum
963 1118 1074 1175 est;
1114 1126 1256 1164 nunc
1293 1110 1558 1179 lacrymas
1595 1124 1626 1163 e
1665 1109 1937 1177 palpebris
1981 1108 2093 1163 suis

527 1215 780 1271 tanquam
827 1217 858 1254 e
901 1201 1139 1256 futilibus
1209 1199 1559 1270 proluudens,
1590 1199 1841 1253 lectulum
1873 1199 2092 1269 irrigat,

523 1300 577 1345 et
611 1293 1120 1362 qninqnagesinmm
1154 1291 1418 1360 psalmum
1445 1290 1598 1344 nobis
1619 1289 1882 1351 elaborat,
1913 1289 2092 1356 inan

531 1384 694 1436 Dentn
721 1383 1034 1451 pmnitentia
1068 1380 1313 1450 placandi
1340 1380 1644 1448 exemplum
1665 1379 1957 1450 elllngitur.
1980 1379 2089 1434 Ne-

521 1488 628 1543 que
655 1489 781 1529 vero
808 1474 985 1528 luctus
1018 1473 1188 1542 ipsius
1226 1471 1406 1526 inanis
1446 1470 1566 1526 fuit.
1599 1470 1706 1524 Sed
1734 1485 1926 1540 graves
1973 1469 2094 1539 ejus

2192 383 2270 454 τῷ
2316 383 2478 454 πάθει
2537 386 2636 453 τῆς
2667 384 3048 454 σωμεραστίας
3093 384 3254 446 ἑάλω,
3314 387 3405 448 καὶ
3446 387 3756 458 περιέπεσεν

2192 475 2421 536 ἐκείνοις
2445 468 2526 537 οἷς
2553 474 2892 544 γινώσκομεν
2925 475 3179 538 ἅπαντες,
3215 471 3378 546 ἦλθεν
3417 476 3472 530 δὲ
3504 479 3641 548 μετά
3671 480 3755 534 τὸν

2192 566 2408 635 ἔλεγχον
2465 565 2558 618 τοῦ
2603 568 2882 638 προφήτου
2918 569 2998 630 είς
3043 568 3409 638 ἀναλογισμὸν
3450 569 3543 623 τοῦ
3571 573 3760 637 κακοῦ,

2192 658 2538 727 ἀνάγραπτον
2574 658 2782 728 ἀφῆκεν
2837 663 2950 722 τοῖς
2988 660 3067 722 εἰς
3097 659 3320 731 ὕστερον
3358 661 3634 732 ἐσομένοις
3668 665 3767 734 τῆς

2196 747 2485 817 μετανοίας
2513 749 2604 802 τὸν
2643 749 2839 820 μόχθον
2858 766 2872 780 ·
2900 751 2995 803 καὶ
3025 751 3356 823 θεωροῦμεν,
3393 753 3468 816 ώς
3491 756 3549 806 ἐν
3578 757 3765 819 εἰκόνι,

2191 837 2269 909 τῷ
2291 838 2595 911 ψαλτηρίῳ,
2636 839 2726 892 τὸν
2754 840 2979 911 μόχθονο
3012 841 3105 894 νῦν
3165 843 3264 912 μὲν
3296 844 3661 916 ἐκτηκόμενον
3697 849 3764 915 τῇ

2192 929 2336 1004 λύπῃ
2374 930 2435 983 τὸ
2469 931 2661 1002 σῶμα”
2690 929 2845 994 αὖθις
2887 932 2942 984 δὲ
2989 933 3086 1003 τὴν
3117 933 3287 987 νύκτα
3341 940 3529 1004 καιρὸν
3557 935 3768 1007 θρήνων

2195 1021 2537 1091 ποιούμενον,
2585 1023 2684 1093 τὴν
2706 1023 2889 1094 κοινὴν
2913 1022 3021 1075 τῶν
3067 1025 3245 1078 πόνων
3302 1026 3633 1079 ἀνάπαυσινο
3677 1029 3770 1081 καὶ

2193 1115 2258 1182 τῇ
2288 1112 2443 1186 κλίνῃ
2497 1112 2558 1166 τὸ
2587 1113 2820 1184 δάκρυον
2863 1116 3187 1187 ἐπιρρέοντα
3217 1117 3294 1181 ώς
3341 1119 3405 1171 ἐκ
3434 1119 3630 1189 πηγῶν
3661 1119 3770 1171 τῶν

2196 1204 2505 1275 βλεφάρων,
2569 1208 2664 1260 καὶ
2694 1207 2857 1260 ’πάλιν
2891 1211 3021 1280 ἡμῖν
3051 1209 3141 1262 τὸν
3171 1213 3530 1280 πεντηκοστὸν
3556 1212 3774 1283 ψαλμὸν

2197 1297 2595 1366 ἐκπονήσαντα,
2627 1297 2794 1350 τύπον
2824 1298 2914 1350 τὸν
2947 1299 3296 1371 ἱλασκόμενον
3331 1302 3482 1356 Θεόν.
3505 1304 3580 1355 Οὐ
3617 1304 3718 1373 μὲν
3743 1304 3774 1354 ὀ

2194 1384 2392 1455 θρῆνος
2419 1386 2567 1456 αὐτῷ
2601 1388 2776 1458 μάτην
2800 1388 3094 1460 ἐξεπονήθη
3117 1405 3130 1420 ο
3153 1391 3268 1443 ἀλλ’
3293 1393 3338 1444 οί
3365 1391 3548 1462 βαρεῖς
3581 1410 3772 1446 στενα-

2193 1475 2325 1546 γμοὶ
2369 1474 2461 1527 τὸν
2496 1476 2642 1529 ἐλεον
2681 1477 3096 1546 ἐφειλκύσαντο·
3155 1481 3394 1535 ἀπέλαϐε
3445 1484 3503 1536 δὲ
3549 1485 3642 1536 καὶ⁵
3671 1485 3774 1553 τῆς

521 1563 752 1629 gemitus
783 1561 1212 1616 misericordiam
1240 1558 1581 1621 invenerunt,
1609 1563 1668 1610 nt
1689 1564 1744 1611 et
1767 1555 1972 1625 imperii
2010 1556 2094 1608 di-

2196 1563 2477 1636 βασιλικῆς
2501 1565 2784 1630 αύθεντίας
2815 1569 2913 1638 τὴν
2933 1569 3202 1637 ἐξουσίαν,
3234 1573 3326 1624 κα)⁹
3352 1572 3451 1642 τῆς
3471 1574 3608 1644 πρὸς
3639 1574 3773 1626 θεὸν

495 1640 748 1722 \gnitate,
773 1664 824 1706 et
859 1651 1096 1705 amicitia
1140 1650 1230 1704 Dei
1273 1649 1442 1703 libere
1488 1648 1779 1702 frueretur.
1811 1644 1926 1700 Rex
1965 1645 2091 1700 item

2198 1632 2404 1720 ίκεσίας
2429 1632 2529 1727 τὴν
2565 1632 2895 1730 παρρησίαν..
2948 1632 3465 1731 ’ὁμοίωςγκάκεῖνος
3492 1632 3638 1734 acii;
3671 1664 3772 1716 Nt-

523 1744 609 1796 ille
639 1741 994 1796 Ninivitarum
1023 1738 1364 1793 multitudine
1398 1746 1742 1805 peccatorum
1768 1736 1833 1789 ad
1867 1733 2092 1789 exitium

524 1832 903 1895 contendebat,
949 1844 1054 1883 una
1092 1844 1213 1882 cum
1255 1827 1487 1898 populis,
1532 1826 1731 1894 quibus
1772 1823 2090 1893 imperabat.

525 1923 588 1976 Et
616 1925 681 1985 is,
727 1923 814 1990 qui
849 1928 1064 1988 peccata
1094 1920 1333 1988 ipsorum
1369 1918 1742 1986 redarguebat,
1781 1916 1923 1969 diem
1967 1929 2095 1983 sup-

530 2015 692 2082 plicio
717 2012 1035 2081 praeﬁnitam
1061 2009 1414 2064 denuntiabat
1447 2006 1896 2075 appropinquare.
1925 2002 2089 2058 Curu-

521 2119 625 2172 qne
674 2102 963 2167 prudenter
1007 2100 1083 2153 illi
1145 2107 1316 2152 seruet
1377 2097 1671 2167 allligentes
1727 2095 2090 2148 calamitatem

521 2192 833 2260 cﬂ'ugissent
860 2191 934 2254 ”,
977 2190 1194 2248 dolebat
1246 2188 1504 2258 propheta
1559 2187 1700 2255 quod
1741 2185 1919 2249 mala,
1969 2199 2090 2252 qua:

523 2283 863 2351 praedixerat,
896 2296 1001 2335 non
1032 2279 1358 2340 evenissent,
1411 2275 1611 2344 Deique
1653 2273 2091 2328 commiseratio-

523 2390 648 2429 nem
691 2375 872 2443 iniquo
905 2372 1086 2426 animo
1115 2370 1342 2425 ferebat.
1374 2368 1442 2422 At
1479 2367 1586 2431 ille,
1622 2366 1710 2433 qui
1750 2365 1946 2432 ubique
1978 2373 2090 2416 tum

522 2464 730 2524 verbis.
777 2473 887 2516 turn
923 2461 1080 2516 factis
1135 2460 1371 2523 indicat,
1416 2466 1617 2528 quanta
1657 2456 1906 2512 homines
1931 2455 2094 2509 bene-

522 2554 750 2610 volentia
795 2550 1217 2619 complectatur,
1259 2549 1404 2614 fecit,
1437 2557 1495 2601 ut
1523 2546 1801 2605 cucurbita
1843 2558 2094 2598 nascere-

522 2657 627 2710 tur,
647 2660 765 2713 qnte
793 2654 952 2711 caput
985 2642 1100 2711 ejus
1118 2642 1185 2695 ab
1209 2641 1400 2710 injuria
1433 2639 1562 2695 solis
1588 2637 1938 2698 defenderet;
1988 2637 2091 2687 sub

522 2740 710 2791 mnbra
735 2744 912 2789 autem
958 2734 1126 2801 ipsius
1164 2748 1228 2788 eo
1271 2732 1572 2788 dormiente
1625 2729 1808 2783 statim
1859 2727 2089 2780 exaruit.

521 2829 621 2895 Qui
673 2843 793 2895 cum
845 2832 1194 2892 experrectus
1248 2839 1359 2876 rem
1387 2837 1529 2889 aegre
1569 2821 1752 2884 ferret,
1795 2817 2090 2886 reprehen-

521 2920 686 2979 ditur,
717 2914 882 2986 quod,
914 2929 1039 2968 cum
1072 2914 1185 2981 ipse
1212 2912 1499 2981 virgultum
1540 2911 1818 2965 exaruisse
1847 2908 2093 2974 indigne-

2195 1747 2326 1818 νευὴ
2366 1746 2670 1816 βασιλεύειν
2719 1748 2918 1820 λαχὼν,
2951 1750 3027 1820 τῷ
3086 1752 3184 1822 μὲν
3232 1753 3424 1823 πλήθει
3448 1753 3557 1807 τῶν
3585 1755 3770 1825 ἁμαρ⁴

2193 1836 2322 1888 τιῶν
2359 1836 2720 1906 συνηλαύνετο
2741 1839 2876 1909 πρὸς
2911 1838 3003 1892 τὸν
3035 1839 3274 1910 ὀλεθρον,
3306 1841 3441 1911 ὁμοῦ
3466 1845 3574 1905 τοῖς
3603 1844 3772 1913 ἀρχοδ

2196 1925 2375 1996 μένοις
2400 1925 2569 1989 λαοῖς.
2627 1927 2723 1980 καὶ
2773 1927 2802 1978 ὀ
2832 1927 2930 1999 τῆς
2975 1929 3251 2000 ἁμαρτίας
3281 1928 3499 1998 ἐλεγχος
3527 1930 3772 1998 ἐγγίζειν

2195 2018 2315 2087 μετ’
2339 2017 2520 2086 ὀλίγον
2553 2017 2650 2089 τὴν
2680 2019 3014 2090 προθεσμίαν
3036 2020 3137 2089 τῆς
3161 2020 3428 2091 τιμωρίας
3450 2021 3769 2092 ἐκήρυττεν.

2205 2107 2423 2176 Ἐπειδὴ
2451 2107 2508 2160 δὲ
2539 2107 2773 2172 συνετῶς
2799 2110 3024 2172 ἑαυτοὺς
3041 2109 3405 2174 κακώσαντες,
3443 2111 3641 2180 ἔφυγον
3672 2111 3774 2182 τὴν

2193 2201 2391 2268 πεῖραν
2445 2198 2545 2266 τῆς
2587 2203 2891 2271 συμφορᾶς,
2927 2200 3168 2274 ἐλυπήθη
3200 2202 3297 2272 μὲν
3330 2203 3411 2256 ὅτι
3448 2204 3521 2273 μὴ
3543 2202 3774 2276 ἠλήθευ-

2197 2305 2288 2341 σεν
2329 2290 2358 2340 ὀ
2413 2288 2524 2342 τῶν
2559 2291 2744 2343 κακῶν
2778 2295 3081 2365 προφήτης,
3114 2294 3365 2366 καὶπρὸς
3388 2294 3478 2347 τὸν
3502 2294 3652 2347 ἔλεον
3675 2292 3774 2346 τοῦ

2194 2380 2330 2432 Θεοῦ
2355 2380 2605 2450 χαλεπῶς
2651 2383 3016 2454 ήγροικίσατο.
3058 2385 3117 2438 '0
3161 2385 3217 2438 δὲ
3248 2385 3519 2454 πανταχοῦ
3551 2386 3647 2438 καὶ
3684 2386 3775 2439 διὰ

2191 2471 2364 2540 λόγων
2397 2475 2495 2539 καὶ
2535 2473 2784 2544 πράξεων
2818 2473 3100 2545 γνωρίζων
3140 2479 3306 2546 ἡμῖν,
3350 2478 3478 2548 ὅσην
3513 2477 3625 2547 ἔχει
3673 2477 3775 2547 τὴν

2193 2565 2330 2635 πρὶς
2363 2567 2488 2628 τοὺς
2513 2565 2833 2637 ἀνθρώπους
2867 2567 3175 2638 εὐμένειαν,
3216 2569 3341 2636 φύει
3373 2570 3472 2640 μὲν
3493 2571 3590 2639 τὴν
3621 2569 3777 2624 κολό-

2193 2656 2394 2710 κυνθαν
2431 2657 2570 2728 ὑπὲρ
2612 2658 2872 2729 κεφαλῆς,
2906 2659 2983 2729 τῷ
3028 2661 3279 2733 προφήτῃ
3307 2665 3514 2733 σκέπην
3545 2661 3647 2732 τῆς
3681 2662 3773 2714 λυ.

2193 2745 2400 2815 πούσης
2435 2748 2676 2814 ἀκτῖνος,
2736 2748 3189 2814 ύποκαθεύδοντος
3227 2751 3284 2803 δέ
3317 2754 3382 2820 τῇ
3419 2753 3547 2822 σκιᾷ
3573 2751 3774 2823 ἀθρόον

2194 2833 2546 2906 ἀποξηράνας
2578 2838 2768 2908 αὑτήν.
2801 2836 2933 2892 Εἶτα
2955 2839 3030 2900 ώς
3054 2838 3324 2903 δυσκόλως
3341 2837 3483 2910 εἶχεν
3513 2842 3777 2910 ἁφυπνώ-

2195 2942 2294 2988 σας
2329 2927 2464 2998 πρὸς
2491 2926 2552 2979 τὸ
2583 2926 2815 2997 συμϐὰν,
2846 2927 3092 2992 ὀνειδίζει
3127 2929 3220 2982 καὶ
3257 2930 3546 2999 μέμφεται.
3584 2932 3648 2985 Et
3674 2934 3774 3002 μὲν

522 3022 629 3074 tur,
681 2979 812 3064 nolit
857 3009 1020 3060 Deum
1065 2979 1365 3076 propinquo
1396 3014 1560 3058 tanta:
1593 3000 1830 3058 civitatis
1867 2998 2089 3054 interitu

2274 2979 2291 2988 -
2375 2979 2387 2998 ,
2444 2979 2462 2989 .
2654 2979 2667 2997 .
2804 2979 2865 2989 ,ν
2998 2979 3038 2992 ν,
3257 2979 3546 2999 πῃπῇ--
3584 2979 3764 3002 --τήν

2197 3015 2368 3080 οὕτως
2395 3016 2656 3086 ἐμπαθῶς
2705 3018 3088 3085 ἐπιστυγνάζοι
3120 3018 3196 3089 τῷ
3227 3020 3555 3090 μαρανθέντι
3603 3022 3774 3093 λαχά-

519 3099 844 3154 commoveri
868 3097 919 3149 ’ἵ

596 3273 702 3332 Vos
731 3277 915 3345 igitur,
951 3275 1041 3344 qui
1075 3272 1194 3327 duri
1225 3272 1357 3327 estis
1383 3281 1546 3341 atque
1579 3273 1837 3336 immites,
1868 3277 1984 3345 ejus
2003 3276 2095 3345 qui

523 3385 620 3424 nos
659 3368 983 3438 procreavit,
1021 3365 1406 3433 benignitatem
1454 3373 1507 3417 et
1538 3366 1880 3419 clementiam
1918 3367 2097 3421 imita-

526 3461 680 3514 mini.
712 3457 885 3512 Nolite
909 3472 1003 3512 vos
1039 3457 1092 3508 in
1121 3469 1416 3510 conservus
1447 3463 1658 3508 vestros
1689 3456 1930 3522 prtebere
1950 3456 2095 3524 judi-

523 3567 615 3606 ces
640 3549 865 3605 acerbos
891 3556 946 3602 et
979 3562 1188 3617 graves,
1227 3548 1400 3600 donec
1427 3547 1609 3598 veniat
1646 3546 1734 3600 ille
1763 3549 1853 3615 qui
1889 3564 2093 3603 arcana

524 3642 767 3696 cordium
795 3639 1108 3709 patefaciet,
1151 3649 1202 3690 et
1233 3647 1500 3718 potestate
1539 3653 1635 3691 sua
1678 3639 1875 3707 cuique
1899 3655 2096 3695 conve-

525 3735 760 3788 nientem
783 3723 978 3786 statum
1010 3730 1212 3782 tribuet
1252 3729 1308 3784 in
1339 3730 1448 3782 vita
1476 3744 1639 3798 quam
1688 3740 2088 3798 exspectamus.

524 3823 699 3879 Nolite
755 3823 1024 3875 tristiores
1064 3819 1116 3874 in
1173 3820 1309 3874 alios
1343 3835 1408 3874 ac
1449 3821 1751 3876 severiores
1795 3825 2094 3877 sententias

526 3921 684 3975 terre,
719 3928 787 3967 ne
827 3911 1013 3965 iisdem
1055 3924 1151 3964 vos
1202 3911 1488 3965 sententiis
1536 3913 2004 3978 condernnemini,
2038 3923 2095 3968 et

530 4000 968 4071 propriisverbis
1001 4008 1253 4066 tanquam
1281 4000 1530 4062 dentibus
1573 4002 1900 4056 acutissimis
1923 4002 2088 4057 conii-

525 4091 750 4161 gamini.
803 4089 848 4144 A
879 4105 985 4160 quo
1015 4091 1248 4164 quidem
1286 4092 1514 4148 crimine
1555 4093 1803 4148 videntur
1853 4095 1985 4149 mihi
2027 4109 2091 4150 ea

527 4183 798 4252 Evangelii
845 4185 1004 4236 verba
1053 4198 1152 4238 nos
1193 4183 1510 4237 deterrere:
1544 4181 1722 4239 Nolite
1742 4187 2006 4253 judicare,
2036 4196 2092 4240 ut

2199 3126 2292 3177 νῳ,
2320 3110 2348 3160 ὀ
2392 3107 2451 3160 δέ
2492 3107 2624 3171 Θεὸς
2652 3108 2752 3161 οὐκ
2781 3107 2847 3161 ἂν
2879 3109 3188 3183 ἐπεκλάσθη
3243 3111 3543 3182 τηλικαύτῃ
3602 3115 3772 3181 ἐγγὺς

2197 3197 2425 3271 ἐλθούσῃ
2457 3197 2701 3250 κινδύνου
2723 3215 2737 3262 ;

2267 3287 2481 3340 Μάθετε
2508 3282 2622 3347 οὖν,
2652 3289 2700 3340 οἱ
2733 3286 2958 3359 σκληροὶ
3009 3289 3104 3343 καὶ
3128 3290 3516 3361 δυσμείλικτοι,
3545 3291 3645 3361 τὴν
3671 3292 3770 3344 τοῦ

2197 3378 2479 3440 κτίσαντος
2532 3378 2678 3448 ἡμᾶς
2721 3380 3085 3450 χρηστότητα,
3147 3383 3242 3436 καὶ
3281 3382 3356 3453 μὴ
3407 3383 3619 3449 γίνεσθε
3660 3386 3772 3437 τῶν

2194 3468 2498 3538 ὁμοδούλων
2550 3471 2738 3541 πικροὶ
2803 3471 2896 3524 καί
2949 3471 3134 3544 βαρεῖς
3182 3472 3452 3537 δικασταὶ,
3503 3477 3662 3546 ἄχρις
3700 3477 3770 3530 ἂν

2195 3559 2458 3630 ἀφίκηται
2509 3562 2538 3614 ὀ
2575 3560 2644 3614 τά
2676 3561 2896 3633 κρυπτά
2940 3563 3049 3616 τῶν
3077 3563 3310 3634 καρδιῶν
3347 3567 3771 3633 ἀποκαλύπτων,

2195 3650 2288 3703 καὶ
2345 3650 2464 3702 κατ’
2488 3650 2731 3716 ἐξουσίαν
2766 3652 3086 3724 δεσποτικὴν
3122 3656 3335 3723 ἑκάστῳ
3389 3658 3490 3729 τῆς
3535 3661 3771 3729 προσδο-

2195 3734 2447 3811 κωμένης
2491 3739 2635 3810 ζωῆς
2667 3742 2991 3812 ἀποκληρῶν
3019 3745 3116 3814 τὴν
3144 3748 3490 3806 κατάστασιν.
3515 3751 3603 3821 Μή
3639 3768 3775 3806 σκυ-

2194 3829 2420 3900 θρωπὰς
2477 3833 2737 3903 ἐκφέρετε
2824 3835 2923 3898 τὰς
2987 3836 3304 3906 ἀποφάσεις·
3370 3840 3455 3892 ἵνα
3517 3841 3592 3913 μὴ
3645 3847 3773 3907 ταῖς

2193 3919 2410 3989 ὁμοίαις
2438 3921 2801 3992 ύποϐληθῆτε,
2835 3927 2927 3979 καὶ
2975 3926 3082 3980 τῶν
3108 3929 3321 3983 οἰκείων
3350 3933 3630 4002 στομάτων
3654 3937 3774 3998 τοῖς

2191 4012 2372 4080 λόγοις
2403 4013 2479 4076 di;
2527 4013 2734 4067 ὀδοῦσιν
2765 4015 3041 4082 ὀξυτάτοις
3070 4020 3430 4091 περιπαρῆτε.
3469 4025 3627 4076 Δοκεῖ
3657 4024 3774 4094 γάρ

2197 4121 2287 4173 μοι
2333 4106 2427 4158 καὶ
2484 4107 2516 4176 ή
2550 4107 2874 4178 εύαγγελικὴ
2921 4111 3222 4182 πρόρρησις
3265 4113 3453 4167 τούτου
3487 4117 3772 4187 προφυλα-

2196 4194 2356 4264 κτικὴ
2386 4195 2674 4264 τυγχάνειν
2716 4196 2810 4250 τοῦ
2849 4197 3334 4271 πλημμελήματος,
3364 4203 3594 4272 λέγουσα
3614 4222 3627 4234 ⁸
3666 4207 3772 4278 Μὴ

525 4292 587 4328 ne
621 4276 930 4344 judicemini
960 4276 1003 4329 ’.
1035 4273 1413 4344 Quibussane
1468 4274 1646 4329 verbis
1701 4291 1803 4329 non
1853 4277 2093 4331 aufertur

2197 4285 2450 4351 κρίνετε,
2509 4287 2609 4340 ἵνα
2654 4286 2742 4355 μὴ
2783 4289 3041 4358 κριθῆτε.
3077 4293 3151 4345 Ού
3196 4293 3305 4364 γὰρ
3335 4294 3432 4366 τὴν
3461 4297 3642 4368 κρίσιν
3669 4273 3775 4353 καί

526 4371 678 4420 nubis
724 4365 950 4420 facultas
1002 4369 1234 4420 humane
1280 4367 1614 4436 benigneque
1659 4366 1953 4436 judicandi,
1999 4371 2091 4424 sed

526 4457 881 4520 interdicitur,
904 4473 970 4509 ne
1013 4457 1228 4521 gravius
1268 4467 1320 4510 et
1355 4457 1598 4524 asperius
1643 4456 1927 4526 iudicando
1971 4473 2095 4513 con-

525 4549 868 4600 demnemus.
898 4545 1132 4598 Leviora
1176 4547 1347 4615 igitur
1375 4544 1462 4600 fac
1485 4547 1708 4601 aliorum
1747 4547 1998 4616 pondera,
2027 4567 2095 4606 ne

525 4639 576 4693 in
601 4641 786 4692 eadem
835 4638 1194 4692 damnationis
1251 4638 1452 4692 trutina
1503 4639 1742 4694 actiones
1781 4648 1886 4694 tute
1915 4639 2092 4709 depri-

523 4739 761 4795 tnantur,
799 4729 1014 4798 quando
1053 4729 1160 4783 vita
1203 4740 1386 4784 nostra
1421 4739 1678 4800 tanquam
1714 4731 1767 4784 in
1809 4730 1963 4786 lance
1996 4731 2088 4786 Dei
2136 4752 2149 4764 -

518 4820 722 4892 judicio
755 4819 1174 4876 exatttiuabitur.
1205 4819 1305 4884 Τιι,
1345 4819 1435 4889 qui
1471 4835 1696 4889 corpore
1739 4821 1961 4876 indutus
1994 4838 2085 4884 es.

522 4923 577 4966 et
603 4914 655 4966 in
683 4928 843 4967 carne
877 4913 1032 4976 vivis,
1063 4927 1217 4978 cave,
1241 4927 1307 4966 ne
1342 4913 1564 4968 medicae
1592 4913 1726 4968 artis
1749 4913 2084 4968 curationem

523 5003 746 5070 abjicias
787 5013 842 5058 et
885 5005 1223 5072 asperneris;
1259 5019 1379 5057 nam
1417 5005 1540 5059 licet
1573 5006 1850 5060 commoda
1885 5007 2086 5062 fruaris

524 5093 844 5158 valetudine,
882 5109 986 5147 non
1018 5101 1196 5146 tamen
1223 5107 1436 5167 seraper
1457 5092 1529 5147 ita
1569 5093 1704 5148 liber
1737 5094 1805 5148 ab
1831 5095 1974 5148 omni
1997 5095 2084 5148 [ιι-

525 5190 679 5236 turns
711 5197 770 5236 es
801 5184 1008 5248 morbo,
1039 5190 1096 5234 ut
1124 5196 1283 5250 opera
1308 5180 1496 5235 medici
1521 5196 1796 5250 nunquam
1823 5182 2084 5251 indigeas.

527 5271 776 5326 Animum
827 5273 994 5326 habes
1048 5272 1117 5346 ad,
1166 5286 1254 5324 res
1293 5280 1534 5324 terrenas
1570 5275 1905 5339 caducasque
1959 5288 2084 5340 pro.

527 5377 768 5432 (ensum,
811 5363 1047 5432 quandiu
1125 5356 1327 5418 oblitus
1402 5361 1486 5416 sui
1539 5361 1794 5431 impletur
1843 5364 2087 5433 corporis

2195 4374 2294 4440 τὴν
2329 4375 2745 4444 εὐγνωμοσύνην
2779 4377 3030 4432 ἐκϐάλλει
3053 4394 3068 4409 ·
3107 4381 3284 4451 κρίσιν
3306 4382 3362 4435 δὲ
3391 4384 3642 4454 ὀνομάζει
3667 4385 3776 4456 τὴν

2193 4468 2534 4533 τραχυτέραν
2572 4464 2912 4534 κατάκρισιν.
2955 4468 3185 4539 Ποίησον
3215 4467 3326 4536 οὖν,
3363 4475 3412 4525 εί
3444 4474 3606 4538 δοκεῖ,
3640 4476 3780 4529 κοῦ-

2195 4567 2292 4619 φον
2322 4552 2382 4604 τὸ
2416 4553 2698 4625 σταθμίον,
2735 4557 2786 4608 ετ
2804 4574 2890 4609 πω
2914 4557 3090 4628 βούλει
3118 4560 3193 4632 μὴ
3225 4562 3358 4632 πρὸς
3377 4563 3471 4633 τὴν
3502 4568 3780 4637 κατακρίε

2193 4659 2389 4696 νουσαν
2423 4645 2730 4714 πλάστιγγα
2758 4647 2870 4701 και·
2895 4649 2994 4713 τὰς
3024 4651 3123 4714 σὰς
3146 4652 3370 4723 πράξεις
3399 4655 3782 4727 καθελκυσθῆφ

2193 4750 2304 4796 ναι,
2335 4735 2463 4788 ὅταν
2509 4739 2536 4789 ό
2566 4737 2677 4806 βίος
2718 4739 2896 4809 ήμῶν,
2929 4741 3005 4804 ὡς
3049 4744 3105 4795 ἐν
3131 4742 3298 4815 ζυγῷ,
3338 4749 3402 4816 τῇ
3454 4747 3630 4818 κρίσει
3670 4751 3776 4803 τοῦ

2193 4823 2330 4877 Θεοῦ
2380 4826 2793 4900 ταλαντεύηται.
2829 4831 2995 4902 Σῶμα
3035 4835 3413 4906 περικείμενος
3452 4839 3546 4890 καὶ
3567 4839 3778 4903 διαζῶν

2191 4916 2250 4967 ἐν
2291 4919 2471 4990 σαρκὶ,
2514 4922 2726 4991 μήποτε
2760 4923 3040 4997 ἀπελάσῃς
3065 4927 3158 4980 τοῦ
3201 4926 3318 4996 βίου
3337 4929 3434 4996 τήν
3457 4931 3563 4984 ἀπὸ
3593 4932 3778 5002 iaspi-

2191 5006 2292 5076 κῆς
2313 5007 2624 5079 θεραπείαν.
2659 5011 2776 5066 Κᾶν
2799 5015 2907 5086 γὰρ
2937 5017 3028 5068 ἐπὶ
3052 5016 3300 5071 πλεῖστον
3326 5019 3449 5074 ὅσον
3497 5018 3680 5090 εὐεξία
3706 5037 3777 5074 τε

2193 5099 2284 5150 καὶ
2305 5098 2466 5171 ὑγεία
2503 5101 2761 5177 συζήσῃς,
2803 5105 2917 5159 ἀλλ’
2943 5107 3042 5178 οὐχ
3070 5108 3242 5173 οὕτως
3287 5111 3610 5176 διατελέσεις
3644 5112 3777 5165 ἄνοά

2196 5203 2307 5252 σος,
2338 5187 2412 5252 ώς
2439 5191 2497 5242 ἐν
2530 5194 2687 5267 χρείᾳ
2742 5195 2818 5267 μὴ
2861 5182 3113 5265 γενέσθαι
3148 5199 3249 5270 τῆς
3305 5201 3621 5270 ἐπιμελείας
3669 5200 3778 5254 τοῦ

2195 5277 2608 5349 θεραπεύοντος.
2640 5286 2749 5339 Καὶ
2781 5286 2956 5359 ψυχήν
2979 5287 3117 5360 ἔχων
3141 5289 3600 5362 κατακλινομὼην
3632 5293 3780 5361 πρὸς

2194 5369 2263 5421 τά
2290 5371 2473 5472 γήϊνα,
2514 5374 2676 5446 ἡνίκα
2706 5375 2772 5430 ἂν
2808 5379 3008 5450 ἑαυτῆς
3059 5379 3441 5454 ἐπιλαϐομένη,
3494 5382 3603 5436 τῶν
3637 5398 3786 5454 προι-

599 5549 644 5586 ¹¹⁹
676 5553 797 5614 Jua.
838 5572 919 5621 ιιι,
955 5557 974 5611 l
1006 5573 1126 5632 sqq.
1205 5557 1370 5626 "Jun.
1395 5576 1467 5626 iv,
1500 5557 1669 5630 lsqq.
1750 5560 1772 5595 '
1799 5557 1991 5618 Matth.
2018 5575 2117 5631 vn,
2144 5557 2194 5618 1.
