4048 6194
296 338 392 399 ,εει
1121 331 1405 389 ιιοιιιιιλ
1445 324 1580 384 XIII.
1620 322 2063 383 ADIIORTATIO
2102 324 2190 380 AD
2230 324 2751 379 [‘(ENITENTIMI.

3464 328 3576 385 362

302 452 582 513 σπαθειῶν
618 449 912 522 ἐμπλησθῇ
968 448 1062 501 τοῦ
1120 448 1390 519 σώματος.
1438 446 1512 519 μὴ
1548 445 1761 517 ἀναίρει
1808 444 1900 497 τὸν

2005 442 2399 500 all‘ectionibus.
2424 441 2653 497 Proinde
2688 442 2796 498 noli
2836 442 3259 499 misericordiam
3286 446 3572 519 denegare,

302 549 478 608 έλεονν
535 547 628 600 ἵνα
682 544 754 616 μὴ
799 542 1113 615 ἀμοιρήσῃς
1176 540 1525 612 συγγνώμης,
1571 541 1697 594 ὅταν
1722 538 1897 608 αὐτῆς

301 637 536 707 ἐπιδεὴς
562 636 848 704 καταστῇς.
894 631 1098 703 Ἱερεύς
1125 632 1208 695 τίς
1239 633 1377 694 ἐστι,
1412 632 1505 684 καὶ
1540 628 1896 701 ἡγεμονεύειν

306 728 508 799 έλαχεν
535 725 629 780 τοῦ
650 723 807 778 λαοῦ·
861 740 925 776 συ
933 721 1162 794 μπαθῶν
1194 722 1376 793 ὁράτω
1412 721 1521 775 τῶν
1547 721 1802 793 ὑπηκόων
1828 720 1897 775 τὰ

310 819 607 891 πτώματα,
641 815 813 881 εἰδὼς,
836 816 922 868 ὅτι
948 814 1105 886 κᾶνὴ
1138 813 1291 880 τάξις
1344 813 1437 867 τοῦ
1467 813 1583 884 βίου
1634 812 1897 885 διαφοράν

312 912 418 983 ἔχῃ
448 913 581 983 πρὸς
628 908 755 972 τοὺς
788 906 1040 970 πολλοὺς,
1073 904 1209 958 ἀλλὰ
1241 907 1307 976 τῇ
1355 903 1513 974 φύσει
1539 904 1646 958 τῶν
1674 922 1899 976 ποιμαι-

315 1000 553 1070 νομένων
584 996 735 1050 ούδὲν
766 995 1098 1065 διενήνοχεν·
1133 993 1404 1047 κοινωνῶν
1447 993 1505 1047 δὲ
1541 993 1733 1064 αὐτῆς,
1768 993 1898 1059 ἴσως

319 1090 450 1145 ποτὲ
485 1088 796 1159 κοινωνήσει
823 1087 917 1140 καὶ
944 1085 1049 1157 πλη
1059 1084 1235 1156 μμελή
1244 1102 1432 1156 ματος.

390 1182 565 1236 Ταῦτα
579 1180 674 1233 καὶ
696 1179 939 1249 Μωῡσῆς
960 1175 1084 1230 ἰδὼν
1109 1175 1416 1248 (ἄνθρωπος
1442 1177 1550 1249 γάρ
1572 1178 1658 1249 ἦν,
1687 1178 1781 1232 καὶ⁸
1800 1177 1898 1250 τὴν

316 1273 472 1343 φύσιν
484 1270 826 1343 ἐγνώριζεν),
839 1270 928 1323 τὸν
948 1268 1146 1341 μόσχον
1160 1268 1299 1342 ὑπὲρ
1312 1269 1406 1323 τοῦ
1427 1270 1617 1341 ἱερέως
1640 1272 1935 1342 ἱερουργεῖα

312 1365 435 1419 σθαι
464 1365 737 1432 διέταξεν,
777 1364 1161 1435 ἡμαρτηκότος
1192 1362 1414 1425 πάντως
1448 1361 1541 1416 καὶ
1585 1361 1897 1434 καθαρσίων

307 1457 587 1526 δεομένου,
639 1457 737 1509 καὶ
771 1456 1051 1510 πλειόνων.
1080 1456 1256 1527 Ὅπερ
1302 1455 1359 1509 δὲ
1388 1451 1455 1527 ἦν
1486 1455 1605 1508 τότε
1648 1456 1676 1507 ὁ
1707 1454 1899 1527 ἐνσαρ-

308 1568 402 1614 κος
436 1550 660 1621 μόσχος,
710 1548 870 1602 τοῦτο
916 1547 1011 1603 νῦν
1058 1550 1205 1602 ἐστιν
1246 1546 1602 1619 ήάσὼματος
1658 1546 1899 1619 μεταμέ-

306 1641 449 1701 λεια,
479 1642 577 1694 καὶ
605 1642 640 1711 ἡ
668 1640 1011 1711 ἀναίμακτος
1035 1639 1220 1711 δέησις
1241 1656 1255 1669 ·
1305 1632 1374 1710 ἦς
1411 1638 1897 1710 ὑψηλολογούμενοι

309 1732 405 1785 καὶ
455 1731 946 1803 μεγαλαυχοῦντες,
992 1731 1090 1803 τὴν
1140 1730 1463 1803 εὐεργεσίαν
1499 1732 1573 1803 μὴ
1626 1731 1897 1803 λύσωμεν,

309 1825 533 1888 εἰδότες,
566 1827 651 1879 ὃτι
678 1825 772 1877 καὶ
804 1822 1012 1895 Ἀαρὼν
1038 1826 1067 1877 ὁ
1091 1822 1458 1895 δοκιμώτατος
1481 1824 1658 1894 ἱερεὺς
1681 1823 1758 1894 τῷ
1785 1821 1899 1894 λαῷ

290 1915 568 1988 ’ζητοῦντι
621 1917 776 1979 θεοὺς
844 1915 1182 1986 συναπήχθη,
1214 1915 1309 1969 καὶ
1340 1914 1481 1986 μετὰ
1521 1916 1620 1985 τῆς
1661 1914 1899 1983 ἀδελφῆς

310 2008 413 2077 τῆς
446 2008 665 2080 Μαρίας
691 2008 831 2062 ἑάλω
862 2009 939 2078 τῷ
977 2006 1275 2079 γογγυσμῷ
1297 2021 1314 2038 ⁸
1342 2007 1437 2061 καὶ
1456 2008 1506 2060 εί
1539 2007 1613 2079 μὴ
1642 2008 1671 2059 ὀ
1696 2023 1901 2075 γογγυο

314 2100 468 2163 σθεὶς
512 2100 806 2162 ἱκέτευσεν,
861 2100 959 2153 οὐκ
1017 2098 1083 2153 ἂν
1115 2099 1214 2170 τὴν
1272 2099 1545 2170 τιμωρίαν
1594 2098 1895 2168 διέφευγεν.

322 2192 514 2256 Ἄλλος
543 2191 712 2255 ἐστὶν,
771 2192 869 2262 οὐχ
898 2190 1098 2262 ἱερεὺς,
1122 2190 1258 2244 ἀλλὰ
1298 2186 1379 2254 εἷς
1405 2189 1513 2244 τῶν
1538 2188 1767 2252 πολλῶν,
1804 2206 1899 2258 φο-

311 2285 522 2340 ϐείσθω
551 2285 722 2356 βαρὺν
758 2282 1059 2336 ἐπιτιθέναι
1088 2281 1252 2352 ζυγόν
1311 2283 1374 2335 Ei
1418 2281 1526 2354 γάρ
1555 2282 1584 2334 ὁ
1615 2279 1902 2352 καθαίρειν

318 2379 413 2432 τὸν
436 2378 564 2431 λαὸν
593 2376 921 2450 προϐληθεὶς
952 2376 1145 2448 χρῄζει
1173 2375 1486 2447 καθαρσίων
1535 2373 1728 2442 ἐνίοτε,
1756 2373 1811 2427 τί
1835 2372 1902 2428 ἂν

319 2470 484 2526 πάθοι
512 2471 543 2523 δ
575 2468 711 2541 μηδὲ
738 2468 837 2539 τῆς
868 2468 1205 2540 χειροτονίας
1232 2467 1369 2538 ἔχων
1402 2466 1500 2539 τὴν
1528 2466 1795 2538 δύναμινς

394 2737 785 2809 Μιμησὼμεθα
813 2735 910 2807 τὴν
950 2735 1311 2806 πυιμαντικὴν
1352 2732 1446 2788 τοῦ
1479 2735 1748 2790 Δεσπότου
1771 2751 1785 2765 ⁸
1820 2736 1906 2805 ὲγ-

312 2831 585 2902 κύψωμεν
632 2832 746 2895 τοῖς
773 2829 1156 2899 Εύαγγελίοις,
1202 2828 1297 2880 καὶ
1327 2826 1516 2898 ὥσπερ
1569 2829 1628 2882 ὲν
1657 2829 1906 2901 ἐσόπτρῳ

319 2925 421 2997 τὴν
449 2923 591 2977 ἰδέαν
616 2920 1023 2992 καταμάθωμεν
1076 2919 1176 2990 τῆς
1202 2919 1517 2989 ἐπιμελείας
1543 2937 1601 2973 τε
1639 2921 1737 2974 καὶ
1768 2938 1906 2993 χρη·

314 3018 602 3091 θεότητος.
656 3002 847 3068 Βλέπω
874 3013 984 3085 γάρ
1039 3013 1159 3065 ἐκεῖ
1189 3011 1246 3063 ἐν
1302 3010 1636 3082 παραϐολαῖς
1664 3012 1757 3065 καὶ
1795 3015 1907 3076 τοῖς

2002 551 2069 590 ue
2101 536 2314 589 veniam
2340 535 2455 605 ipse
2479 550 2582 589 nou
2619 534 2886 597 invenias,
2929 534 3142 601 quando
3172 534 3341 603 ipsam
3369 536 3581 593 deside-
3687 544 3695 551 '

2002 627 2165 682 rabis.
2220 627 2486 681 Sacerdos
2515 633 2599 680 est
2640 624 2858 693 aliquis,
2892 624 3181 693 populique
3207 628 3424 694 regendi
3461 643 3584 683 mu-

2001 736 2102 776 nus
2133 721 2355 777 sortitus
2384 729 2467 775 est
2495 735 2509 770 :
2544 719 2871 788 privatorum
2905 731 3067 772 casus
3091 719 3539 775 cummisereatur
3563 762 3580 788 ,

2003 813 2423 882 memineritque
2465 826 2545 878 se,
2602 810 2849 880 quamvis
2899 809 3161 880 dignitate
3218 820 3436 880 praestet
3480 813 3579 880 iis,

2001 920 2141 976 quos
2173 905 2437 976 gubernat
2486 920 2551 959 ac
2595 904 2768 975 regit,
2806 914 3057 957 naturam
3112 911 3294 958 tamen
3335 908 3580 963 eamdem

2001 998 2223 1062 habere,
2258 998 2486 1067 ideoque
2520 1012 2677 1067 posse
2699 995 2988 1067 aliquando
3011 996 3247 1054 fortasse
3273 998 3326 1052 in
3359 1000 3580 1055 eosdem

1999 1104 2216 1145 errores
2245 1088 2501 1144 incidere.

2071 1182 2203 1250 Quae
2237 1198 2359 1238 eum
2395 1182 2608 1252 Moyses
2641 1197 2747 1237 non
2772 1182 3046 1252 ignoraret
3067 1182 3298 1253 (quippe
3323 1194 3379 1241 et
3420 1186 3583 1240 homo

2000 1283 2118 1329 erat
2170 1283 2224 1328 et
2264 1274 2501 1329 hominis
2546 1283 2795 1326 naturam
2841 1282 3182 1342 perspectam
3227 1283 3280 1328 et
3310 1277 3580 1345 cognitam

2000 1367 2278 1438 habebat),
2316 1367 2617 1429 constituit,
2643 1376 2703 1421 ut
2724 1381 2820 1434 pro
2849 1366 3134 1422 sacerdote
3162 1367 3360 1422 vitulus
3386 1370 3581 1423 immo-

2000 1457 2225 1521 laretur,
2248 1467 2507 1526 peccante
2532 1457 2786 1515 nimirum
2825 1467 2879 1512 et
2907 1458 3022 1528 ipso
3044 1460 3440 1527 expiationibus
3465 1461 3582 1531 plu-

2004 1549 2152 1605 ribus
2195 1550 2489 1620 indigente.
2527 1550 2682 1619 Quod
2710 1560 2889 1606 autem
2919 1560 3049 1606 tunc
3072 1562 3192 1606 erat
3225 1553 3276 1606 in
3311 1568 3475 1607 carne
3503 1553 3583 1606 vi-

2005 1642 2168 1707 tulus,
2223 1642 2362 1695 idem
2423 1659 2567 1697 nunc
2620 1652 2702 1697 est
2752 1644 3102 1711 incorporea.
3132 1645 3468 1713 pcenitentia.
3502 1645 3580 1698 in.

2007 1744 2342 1807 cruentaque
2366 1738 2710 1805 deprecatio:
2746 1754 2849 1807 qua
2886 1738 3102 1808 quidem
3148 1738 3445 1792 cavendum
3472 1748 3577 1802 est,

2010 1843 2075 1881 ne
2109 1827 2259 1894 elati,
2294 1827 2694 1899 gloriantcsque
2738 1830 3149 1896 humanitatem,
3182 1837 3237 1883 ct
3272 1829 3580 1885 beneﬁcen-

2005 1919 2133 1978 tiam
2167 1918 2532 1986 repudiemus,
2565 1935 2686 1974 cum
2728 1920 2964 1974 sciamus
3008 1920 3189 1974 Aaron
3242 1920 3582 1976 sacerdotem

2004 2008 2150 2062 illum
2181 2008 2651 2079 probatissimum.
2686 2010 2884 2080 populo
2930 2011 3059 2066 deos
3106 2009 3371 2079 ﬂagitanti
3403 2010 3583 2065 indul-

2002 2100 2160 2161 sisse,
2191 2111 2245 2154 et
2265 2111 2497 2157 -temere
2525 2101 2813 2158 admodum
2867 2118 3146 2157 murmure
3177 2112 3392 2173 captum
3441 2118 3583 2159 esse.

2003 2189 2154 2255 Quod
2191 2190 2237 2246 si
2297 2192 2363 2255 is,
2405 2192 2494 2261 qui
2545 2202 2999 2258 murmuraverat,
3053 2208 3158 2247 non
3200 2194 3584 2265 supplicasset,

2003 2280 2321 2350 supplicium
2359 2297 2463 2336 non
2496 2283 2780 2337 evasisset.
2804 2282 2958 2336 Alius
2987 2293 3165 2338 autem
3198 2293 3300 2349 est,
3349 2302 3452 2339 nun
3495 2301 3581 2339 sa-

2002 2373 2213 2436 cerdos,
2246 2374 2340 2428 sed
2396 2389 2536 2429 unus
2567 2388 2600 2429 e
2640 2373 2857 2445 populo,
2893 2384 3085 2431 caveat
3112 2391 3181 2431 ne
3203 2377 3419 2445 gravius
3438 2377 3587 2447 judi-

2004 2464 2177 2519 cando
2205 2463 2392 2533 jugum
2435 2465 2645 2519 subeat.
2690 2463 2825 2518 Nam
2855 2466 2898 2520 si
2948 2465 2994 2519 is
3038 2467 3127 2534 qui
3162 2466 3227 2519 ad
3260 2467 3583 2535 expiandum

2005 2552 2256 2624 populum
2280 2553 2519 2610 delectus
2548 2565 2652 2622 est,
2689 2554 2893 2626 indiget
2922 2555 3037 2626 ipse
3081 2557 3408 2625 expiatione,
3455 2560 3583 2627 quid

2005 2646 2101 2704 Iiet
2129 2640 2350 2719 illi/qui
2383 2647 2643 2718 eiusmodi
2672 2664 2864 2704 munus
2888 2665 2991 2705 non
3024 2649 3290 2706 sustinet?

2077 2741 2359 2796 Imitenmr
2384 2756 2501 2795 eam
2542 2740 2796 2808 pascendi
2832 2741 3127 2809 rationem,
3183 2757 3287 2812 qua
3328 2743 3584 2798 Dominus

2006 2848 2135 2888 usus
2164 2840 2280 2898 est;
2317 2831 2605 2901 Evangelia
2632 2832 3097 2904 contemplemur;
3124 2834 3303 2901 ibique
3325 2843 3583 2905 tanquam

2008 2924 2060 2977 iu
2087 2924 2329 2993 speculo,
2369 2924 2661 2995 diligentiae
2690 2932 2746 2981 et
2788 2925 3139 2995 benignitatis
3174 2927 3476 2996 excnmlum
3505 2929 3586 2983 in-

2009 3024 2244 3082 tuentes,
2277 3029 2372 3070 eas
2416 3017 2810 3086 perdiscamus.
2867 3016 2980 3072 Illic
3028 3008 3170 3072 enim
3229 3020 3280 3073 in
3318 3021 3585 3088 parabolis

312 3108 776 3179 ἑπεσκιασμένοις
825 3105 933 3158 τῶν
990 3104 1162 3173 λόγων
1222 3102 1390 3175 ἄνδρα
1433 3104 1663 3175 ποιμένα
1711 3105 1901 3158 ἑκατὸν

2014 3109 2453 3177 adumbratisque
2475 3111 2816 3165 sermonibus
2842 3110 2999 3166 video
3025 3120 3240 3167 centum
3273 3115 3453 3169 ovium
3485 3116 3585 3170 lto-

319 3203 645 3275 προϐάτων·
682 3201 742 3265 ὃς
797 3198 917 3263 ἑνὸς
975 3197 1287 3270 θρέμματος
1337 3196 1755 3267 ἀποσχισθέντος
1803 3198 1901 3268 τῆς

316 3295 526 3365 ἀγέλης
554 3292 649 3347 καὶ
677 3289 1049 3360 πλανωμένου.
1086 3289 1147 3342 ού
1184 3291 1297 3351 τοῖς
1330 3291 1387 3342 ἐν
1417 3287 1568 3353 τάξει
1601 3288 1695 3342 καὶ
1724 3288 1900 3342 ἁπλα-

313 3387 428 3450 νῶς
448 3384 767 3456 νεμομένοις
806 3383 1131 3455 παρέμεινεν
1154 3399 1169 3413 ’
1206 3381 1320 3435 ἀλλ’
1369 3381 1622 3454 ὁρμήσας
1664 3381 1755 3434 ἐπὶ
1805 3381 1903 3451 τὴν

321 3479 573 3548 ζήτησιν,
612 3473 813 3537 πολλὰς
845 3473 945 3542 μὲν
970 3472 1222 3526 διώδευσε
1253 3471 1568 3543 κοιλότητάς
1586 3486 1645 3526 τε
1684 3473 1778 3526 καὶ
1809 3472 1906 3542 φά-

319 3583 559 3640 ραγγας,
598 3566 844 3636 μεγάλων
869 3565 927 3619 δὲ
952 3564 1054 3618 ’καὶ
1082 3564 1302 3636 ὑψηλῶν
1329 3564 1673 3636 ύπερηνέχθη
1709 3564 1904 3619 σκοπέ-

317 3662 450 3725 λων,
494 3660 588 3713 καὶ
637 3661 757 3722 ταῖς
792 3657 1046 3731 ἐρημίαις
1095 3658 1379 3729 καρτερῶς
1430 3657 1780 3734 ἑνεμόχθησε,
1807 3658 1905 3729 μὲ-

318 3770 446 3824 χρις
504 3751 571 3805 ἂν
598 3745 782 3822 ηὗρεν.
821 3749 1008 3824 Εύρὼν
1032 3750 1089 3804 δὲ
1130 3753 1230 3805 οὐκ
1258 3749 1505 3821 ἔπληξεν,
1541 3751 1602 3804 ού
1644 3752 1750 3822 μὴν
1784 3751 1904 3804 οὐδὲ

319 3843 527 3915 ἤλασεν
556 3840 799 3913 σφοδρῶς
821 3839 1055 3910 ἐπείγων
1080 3842 1215 3914 πρὸς
1247 3841 1346 3911 τὴν
1376 3840 1578 3911 ἀγέλην
1599 3860 1610 3873 ·
1649 3841 1762 3894 ἀλλ’
1790 3842 1905 3895 ἑπι-

318 3933 439 3997 Θεὶς
465 3933 546 4001 τῷ
582 3932 768 4013 αὐχένι
806 3932 900 3985 καὶ
939 3933 1173 4002 κομίσας
1208 3932 1346 4004 μετὰ
1373 3930 1609 4001 φειδοῦς,
1632 3934 1744 3994 τοῖς
1788 3948 1906 3986 συν-

320 4025 511 4095 νὸμοις
538 4023 1001 4094 άπεκατέστησεν,
1036 4026 1244 4095 χαίρων
1295 4025 1383 4078 ἐπ’
1404 4023 1598 4094 ἐκείνῳ
1636 4022 1817 4089 πλέον,
1867 4025 1901 4095 ἢ

314 4116 401 4186 τῷ
428 4115 621 4186 πλήθει
661 4114 769 4168 τῶν
794 4115 988 4172 ἄλλων.
1049 4117 1347 4188 Νοήσωμεν
1377 4116 1555 4170 τοίνυν
1585 4116 1646 4170 τὸ
1675 4118 1904 4188 πρᾶγμα

319 4198 384 4264 ῖιὸ
410 4214 525 4275 τοῖς
554 4214 872 4284 αἰνίγμασιν
901 4213 1370 4285 ὲγκρυπαιτόμενον⁸
1409 4214 1471 4267 τὸ
1497 4214 1607 4284 γὰρ
1634 4213 1904 4285 πρόϐατον

312 4304 422 4357 οὐκ
460 4303 631 4368 ὅντως
676 4304 948 4376 πρόϐατον
970 4322 984 4336 ·
1024 4307 1117 4358 καῖ⁹
1149 4307 1177 4358 ό
1201 4298 1410 4376 ποιμὴν
1436 4305 1494 4359 δὲ
1534 4307 1749 4369 πάντως
1776 4304 1905 4360 ἄλλο

318 4410 397 4457 τι,
421 4394 488 4447 ού
529 4395 636 4466 μὴν
674 4397 702 4449 ό
746 4394 857 4450 τῶν
888 4395 1096 4464 ἀλόγων
1122 4395 1349 4465 νομεύς-
1382 4396 1497 4450 ἀλλ’
1524 4396 1671 4450 ἔστιν
1704 4395 1903 4450 ὑποδεί-

2008 3201 2208 3254 minem
2241 3209 2512 3269 pastorem
2564 3201 2585 3232 ³
2608 3243 2624 3265 ,
2663 3201 2756 3270 qui
2804 3217 2924 3256 cum
2958 3202 3170 3257 illarum
3204 3220 3312 3259 una
3345 3219 3374 3258 a
3422 3220 3586 3277 grege

2005 3294 2368 3357 discessisset,
2402 3301 2458 3349 et
2503 3295 2810 3350 errabunda
2860 3306 3182 3367 vagaretur,
3240 3313 3347 3353 non
3385 3302 3585 3355 mansit

2006 3400 2128 3440 cmn
2168 3385 2295 3451 illis,
2329 3400 2450 3455 quae
2480 3395 2760 3441 servantes
2792 3387 3033 3443 ordinem
3075 3387 3466 3458 pascebantur;
3492 3391 3584 3444 sed

2005 3478 2074 3531 ad
2122 3491 2241 3532 eam
2283 3477 2664 3547 requirendam
2716 3478 3009 3548 profectus,
3042 3481 3242 3535 multas
3284 3480 3451 3536 valles
3478 3482 3586 3534 sal-

2008 3579 2200 3640 tusque
2246 3570 2561 3639 superavit,
2618 3584 2845 3639 magnos
2903 3579 3066 3640 atque
3114 3573 3313 3627 arduos
3373 3584 3585 3629 montes

1986 3663 2360 3725 ‘transcendit,
2392 3662 2447 3716 in
2485 3661 2862 3717 solitudinibus
2889 3664 3233 3732 peragrando
3270 3664 3436 3718 multo
3461 3681 3583 3719 cum

2009 3751 2193 3809 labore
2231 3754 2416 3808 tandiu
2471 3752 2879 3823 pervcstigavit,
2924 3752 3094 3808 donec
3120 3764 3390 3809 errantem
3434 3757 3585 3811 inve-

2014 3844 2115 3899 rtit.
2144 3844 2426 3900 Inventam
2459 3855 2639 3899 autem
2687 3861 2794 3900 non
2842 3845 3165 3909 verberavit,
3199 3860 3296 3901 nec
3340 3851 3584 3914 urgendo

2009 3937 2380 3992 vehementius
2404 3936 2469 3989 ad
2511 3951 2724 4007 gregem
2757 3938 3036 4008 compulit,
3078 3938 3172 3991 sed
3205 3937 3446 3993 humeris
3471 3940 3582 3992 suis

2009 4028 2335 4097 impositam,
2367 4033 2419 4080 et
2449 4026 2642 4080 leniter
2670 4035 2959 4083 tractatam
2992 4029 3056 4083 ad
3078 4043 3291 4098 gregem
3326 4029 3579 4099 gestavit,

2008 4120 2269 4191 majorem
2306 4135 2369 4175 ex
2402 4135 2506 4173 una
2540 4117 2630 4173 illa
2687 4120 2920 4186 inventa,
2957 4136 3118 4192 quam
3159 4136 3223 4176 ex
3255 4122 3579 4192 reliquarum

2007 4211 2375 4276 muItitutline,
2428 4212 2668 4267 lmtitiam
2721 4213 3042 4281 percipiens.
3088 4211 3220 4266 Rem
3251 4214 3581 4268 obscuritate

2001 4305 2374 4360 similitudinis
2394 4305 2730 4368 obvolutam,
2775 4312 2937 4372 atque
2973 4302 3303 4357 reconditam
3333 4304 3581 4358 conside-

2010 4414 2208 4455 remus.
2238 4398 2367 4455 Ovis
2409 4400 2526 4453 lttec
2556 4412 2660 4452 non
2691 4411 2847 4452 ovem
2878 4396 3119 4459 omnino,
3147 4411 3247 4452 nec
3280 4405 3465 4465 pastor
3492 4396 3581 4450 ille

317 4502 509 4556 γματα
536 4484 710 4539 ταῦτα
749 4488 858 4539 τῶν
915 4485 1101 4556 ἱερέων
1138 4487 1457 4541 παιδευτικά
1480 4504 1494 4519 ο
1541 4488 1627 4541 ἵνα
1654 4487 1762 4540 τῶν
1813 4488 1901 4542 άν-

2008 4490 2166 4557 plaue
2196 4498 2487 4559 pastorem,
2532 4490 2625 4544 sed
2674 4487 2820 4542 aliud
2855 4487 3110 4556 quiddam
3141 4487 3433 4559 signiﬁcat.
3488 4488 3581 4541 liis

314 4570 558 4646 θρὼπων
586 4575 723 4646 μήτε
763 4574 1065 4647 προχείρως
1094 4573 1497 4646 ἀπελπίζωμεν,
1527 4578 1661 4648 μήτε
1696 4580 1899 4649 καταρ-

321 4664 657 4737 ρᾳθυμῶμεν
683 4665 1115 4719 κινδυνευόντων.
1146 4666 1406 4737 Ζητῶμεν
1433 4667 1491 4721 δὲ
1531 4668 1622 4721 τὸν
1651 4668 1895 4740 ἐμπαθῆ,

319 4759 413 4810 καὶ
439 4759 805 4827 ἐπανάγωμεν
832 4759 913 4820 είς
959 4758 1133 4824 τάξιν,
1181 4759 1274 4812 καὶ
1303 4758 1575 4833 χαίρωμεν
1603 4764 1716 4825 τοῖς
1741 4764 1898 4835 στρέ-

321 4866 528 4925 φουσιν,
566 4850 661 4903 καὶ
682 4850 762 4919 τῷ
785 4849 1113 4921 πληρώματι
1138 4851 1246 4903 τῶν
1277 4852 1452 4922 ὀρθῶς
1475 4852 1730 4924 βιούντων
1763 4856 1896 4908 ἁνα-

320 4942 656 5012 μιγνύωμεν.

2006 4580 2269 4650 exemplis
2306 4595 2475 4637 sacra:
2505 4595 2590 4636 res
2618 4581 2983 4636 continentur.
3023 4578 3130 4637 Nos
3167 4582 3313 4635 enim
3330 4590 3580 4635 commo—

2009 4684 2156 4738 nent,
2212 4687 2278 4727 ne
2320 4673 2568 4727 homines
2608 4686 2705 4741 pro
2768 4671 2994 4742 perditis
3029 4686 3094 4726 ac
3126 4671 3431 4740 desperatis
3481 4672 3580 4724 Ita-

2007 4768 2250 4832 beamus,
2281 4780 2415 4821 neve
2445 4781 2538 4819 eos
2561 4764 2612 4818 in
2636 4762 2893 4832 periculis
2920 4772 3202 4819 versantes
3225 4760 3579 4832 negligamus.

2007 4866 2100 4914 aut
2125 4874 2318 4928 segnes
2349 4858 2517 4913 simus
2547 4857 2612 4909 ad
2664 4853 2946 4910 ferendum
2980 4852 3260 4914 auxilium,
3293 4855 3388 4906 sed
3422 4864 3517 4905 eos
3548 4869 3579 4904 ιι

2008 4960 2159 5008 recta
2194 4950 2403 5003 vivendi
2438 4949 2645 5002 ratione
2673 4945 3038 5006 deﬂectcntes.
3061 4954 3116 4999 et
3144 4952 3391 4997 errantes
3413 4943 3574 4996 redu-

316 5050 503 5089 camus
535 5038 586 5088 iu
624 5036 765 5090 viam
790 5078 806 5101 ,
842 5051 1138 5107 eorumque
1184 5036 1430 5092 Itetemur
1486 5041 1692 5106 reditu,
1738 5056 1901 5116 atque
1935 5050 2080 5120 ipsos
2107 5062 2231 5101 cum
2266 5047 2402 5101 bene
2442 5044 2635 5113 pieque
2708 5042 3002 5098 viventium
3074 5037 3415 5094 multitudine
3448 5053 3580 5092 eon-

314 5147 623 5201 iungamus.

398 5222 525 5275 Ἐπὶ
582 5223 834 5276 τοσοῦτον
882 5223 940 5275 δὲ
990 5224 1082 5279 τὸν
1125 5224 1273 5297 ἱερέα
1312 5226 1586 5296 προσῆκεν
1636 5230 1757 5282 ἀντὶ
1799 5230 1898 5300 τῆς

316 5312 622 5384 ἀποτομίας
669 5316 767 5386 τὴν
812 5313 1222 5387 φιλανθρωπίαν
1268 5317 1477 5382 ἀσκεῖν,
1525 5317 1664 5372 ὥστε
1719 5318 1823 5373 κᾶν
1869 5323 1899 5375 ὁ

312 5404 596 5473 Δεσπότης
650 5406 936 5461 ἐκκόπτειν
975 5406 1171 5478 κελεύῃ
1231 5407 1373 5472 τινὰ,
1403 5408 1477 5473 ὡς
1521 5410 1687 5478 φυτὸν
1720 5412 1897 5485 ἄχρη-

321 5505 466 5558 στον,
496 5494 660 5548 αὑτὸν
688 5495 763 5559 ὡς
809 5495 1113 5567 φυτοκόμον
1172 5497 1342 5550 αίτεῖν
1365 5497 1444 5551 δεῖ
1475 5498 1574 5571 τὴν
1615 5498 1780 5570 φειδὼ
1805 5500 1901 5555 καὶ

314 5582 631 5656 ὑπέρθεσιν.
691 5585 889 5673 Τοῦτον
946 5587 1057 5659 γὰρ
1105 5590 1239 5662 ἡμῖν
1292 5591 1590 5663 παρίστησι
1630 5591 1720 5645 τὸν
1775 5590 1901 5646 νοῦν

386 5790 411 5824 ³
447 5790 579 5846 Luc.
614 5804 701 5854 xv,
724 5789 758 5843 4
784 5804 903 5859 sqq.

639 5891 907 5951 Pnnot.
957 5888 1073 5948 Gn.
1127 5888 1249 5951 XL.

2080 5231 2212 5284 Tam
2247 5226 2454 5279 alienus
2504 5230 2686 5277 autem
2730 5240 2756 5277 a
2790 5221 3027 5278 cmdeudi
3073 5219 3369 5274 acerbitate
3397 5233 3575 5275 sacer»

2005 5321 2104 5374 dos
2135 5332 2256 5373 esse
2285 5315 2467 5376 debet,
2514 5324 2768 5381 tauquam
2811 5321 3094 5381 promptus
3140 5321 3193 5365 et
3246 5322 3466 5381 paratus
3509 5314 3575 5369 ad

2003 5409 2352 5467 excolendam
2386 5406 2796 5467 humanitatem,
2823 5413 2902 5470 ut,
2928 5403 3140 5458 etiamsi
3182 5394 3440 5457 Dominus
3476 5403 3575 5457 ali-

2003 5514 2186 5568 quem,
2220 5496 2295 5551 uti
2325 5496 2558 5567 plautam
2594 5496 2864 5563 inutilem,
2888 5495 3206 5552 exscindere
3228 5494 3437 5565 jubeat,
3461 5494 3577 5564 ipse

2007 5599 2263 5660 tanquam
2299 5586 2493 5644 insitor
2526 5587 2720 5645 debeat
2752 5585 3080 5658 supplicare,
3109 5596 3167 5642 ut
3200 5587 3441 5658 ignoscat
3476 5601 3573 5656 pa-

3184 5878 3257 5939 12
