  <div class='ocr_page' id='page_1' title='image "/cluster/home/n/w/nwhite01/storage/ocr_20150623/40/hvd.32044073501843/189.png"; bbox 0 0 4048 6194; ppageno 0'>
   <div class='ocr_carea' id='block_1_1' title="bbox 399 324 892 398">
    <p class='ocr_par' dir='ltr' id='par_1_1' title="bbox 399 324 892 398">
     <span class='ocr_line' id='line_1_1' title="bbox 399 324 892 398; baseline -0.002 0"><span class='ocrx_word' id='word_1_1' title='bbox 399 343 505 398; x_wconf 72' lang='lat' dir='ltr'><strong>ses</strong></span> <span class='ocrx_word' id='word_1_2' title='bbox 883 324 892 359; x_wconf 85' lang='lat'><strong><em>‘</em></strong></span> 
     </span>
    </p>
   </div>
   <div class='ocr_carea' id='block_1_2' title="bbox 1675 324 2396 388">
    <p class='ocr_par' dir='ltr' id='par_1_2' title="bbox 1675 324 2396 388">
     <span class='ocr_line' id='line_1_2' title="bbox 1675 324 2396 388; baseline -0.001 0"><span class='ocrx_word' id='word_1_3' title='bbox 1675 333 1737 388; x_wconf 82' lang='lat' dir='ltr'><strong>S.</strong></span> <span class='ocrx_word' id='word_1_4' title='bbox 1776 324 2052 387; x_wconf 72' lang='lat' dir='ltr'><strong>ASTERII</strong></span> <span class='ocrx_word' id='word_1_5' title='bbox 2094 330 2396 387; x_wconf 70' lang='lat' dir='ltr'><strong>AMASENI</strong></span> 
     </span>
    </p>
   </div>
   <div class='ocr_carea' id='block_1_3' title="bbox 3554 337 3664 394">
    <p class='ocr_par' dir='ltr' id='par_1_3' title="bbox 3554 337 3664 394">
     <span class='ocr_line' id='line_1_3' title="bbox 3554 337 3664 394; baseline 0.018 -3"><span class='ocrx_word' id='word_1_6' title='bbox 3554 337 3664 394; x_wconf 71' lang='lat' dir='ltr'><strong>3M</strong></span> 
     </span>
    </p>
   </div>
   <div class='ocr_carea' id='block_1_4' title="bbox 405 443 1991 529">
    <p class='ocr_par' dir='ltr' id='par_1_4' title="bbox 405 445 1982 529">
     <span class='ocr_line' id='line_1_4' title="bbox 405 445 1982 529; baseline -0.009 -18"><span class='ocrx_word' id='word_1_7' title='bbox 405 471 621 529; x_wconf 82' lang='lat' dir='ltr'><strong>rumpcr</strong></span> <span class='ocrx_word' id='word_1_8' title='bbox 642 463 696 509; x_wconf 89' lang='lat' dir='ltr'><strong>et</strong></span> <span class='ocrx_word' id='word_1_9' title='bbox 712 455 1032 510; x_wconf 86' lang='lat' dir='ltr'><strong>sententiam</strong></span> <span class='ocrx_word' id='word_1_10' title='bbox 1054 450 1286 506; x_wconf 84' lang='lat' dir='ltr'><strong>dill&#39;erat.</strong></span> <span class='ocrx_word' id='word_1_11' title='bbox 1319 449 1409 504; x_wconf 87' lang='lat' dir='ltr'><strong>Sic</strong></span> <span class='ocrx_word' id='word_1_12' title='bbox 1425 448 1567 503; x_wconf 87' lang='lat' dir='ltr'><strong>enim</strong></span> <span class='ocrx_word' id='word_1_13' title='bbox 1593 456 1776 501; x_wconf 88' lang='lat' dir='ltr'><strong>monet</strong></span> <span class='ocrx_word' id='word_1_14' title='bbox 1804 445 1982 499; x_wconf 94' lang='lat' dir='ltr'><strong>oratio</strong></span> 
     </span>
    </p>
   </div>
   <div class='ocr_carea' id='block_1_5' title="bbox 2094 443 3671 529">
    <p class='ocr_par' dir='ltr' id='par_1_5' title="bbox 2094 443 3671 518">
     <span class='ocr_line' id='line_1_5' title="bbox 2094 443 3671 518; baseline 0.004 -21"><span class='ocrx_word' id='word_1_15' title='bbox 2094 443 2179 513; x_wconf 74' lang='grc' dir='ltr'>τῆς</span> <span class='ocrx_word' id='word_1_16' title='bbox 2206 444 2458 517; x_wconf 79' lang='grc' dir='ltr'><strong>ἀκάρπου</strong></span> <span class='ocrx_word' id='word_1_17' title='bbox 2515 446 2683 515; x_wconf 76' lang='grc' dir='ltr'>συκῆς</span> <span class='ocrx_word' id='word_1_18' title='bbox 2731 446 2758 497; x_wconf 80' lang='lat'><strong>6</strong></span> <span class='ocrx_word' id='word_1_19' title='bbox 2780 446 2962 515; x_wconf 79' lang='grc' dir='ltr'>λόγος·</span> <span class='ocrx_word' id='word_1_20' title='bbox 2988 447 3052 518; x_wconf 74' lang='grc' dir='ltr'>ἦν</span> <span class='ocrx_word' id='word_1_21' title='bbox 3082 444 3364 517; x_wconf 73' lang='grc' dir='ltr'>ἐκτέμνειν</span> <span class='ocrx_word' id='word_1_22' title='bbox 3424 446 3671 516; x_wconf 72' lang='grc' dir='ltr'><strong>Θέλοντος</strong></span> 
     </span>
    </p>
   </div>
   <div class='ocr_carea' id='block_1_6' title="bbox 403 533 1985 614">
    <p class='ocr_par' dir='ltr' id='par_1_6' title="bbox 403 533 1985 614">
     <span class='ocr_line' id='line_1_6' title="bbox 403 533 1985 614; baseline -0.01 -11"><span class='ocrx_word' id='word_1_23' title='bbox 403 550 490 603; x_wconf 82' lang='lat' dir='ltr'><strong>illa</strong></span> <span class='ocrx_word' id='word_1_24' title='bbox 517 550 582 603; x_wconf 89' lang='lat' dir='ltr'><strong>de</strong></span> <span class='ocrx_word' id='word_1_25' title='bbox 626 546 730 601; x_wconf 82' lang='lat' dir='ltr'><strong>ﬁcu</strong></span> <span class='ocrx_word' id='word_1_26' title='bbox 748 545 790 612; x_wconf 74' lang='grc'>⁸,</span> <span class='ocrx_word' id='word_1_27' title='bbox 814 558 976 614; x_wconf 84' lang='lat' dir='ltr'><strong>quam</strong></span> <span class='ocrx_word' id='word_1_28' title='bbox 1019 542 1096 597; x_wconf 93' lang='lat' dir='ltr'><strong>uti</strong></span> <span class='ocrx_word' id='word_1_29' title='bbox 1147 539 1384 597; x_wconf 90' lang='lat' dir='ltr'><strong>sterilem</strong></span> <span class='ocrx_word' id='word_1_30' title='bbox 1418 553 1539 594; x_wconf 90' lang='lat' dir='ltr'><strong>cum</strong></span> <span class='ocrx_word' id='word_1_31' title='bbox 1581 537 1839 593; x_wconf 84' lang='lat' dir='ltr'><strong>Dominus</strong></span> <span class='ocrx_word' id='word_1_32' title='bbox 1877 533 1985 589; x_wconf 82' lang='lat' dir='ltr'><strong>vel-</strong></span> 
     </span>
    </p>
   </div>
   <div class='ocr_carea' id='block_1_7' title="bbox 406 627 1982 704">
    <p class='ocr_par' dir='ltr' id='par_1_7' title="bbox 406 627 1982 704">
     <span class='ocr_line' id='line_1_7' title="bbox 406 627 1982 704; baseline -0.011 -12"><span class='ocrx_word' id='word_1_33' title='bbox 406 640 480 693; x_wconf 82' lang='lat' dir='ltr'><strong>let</strong></span> <span class='ocrx_word' id='word_1_34' title='bbox 517 637 831 700; x_wconf 80' lang='lat' dir='ltr'><strong>concidere,</strong></span> <span class='ocrx_word' id='word_1_35' title='bbox 853 643 974 689; x_wconf 87' lang='lat' dir='ltr'><strong>orat</strong></span> <span class='ocrx_word' id='word_1_36' title='bbox 1004 630 1267 704; x_wconf 77' lang='lat' dir='ltr'><strong>agricola,</strong></span> <span class='ocrx_word' id='word_1_37' title='bbox 1290 640 1351 685; x_wconf 93' lang='lat' dir='ltr'><strong>ut</strong></span> <span class='ocrx_word' id='word_1_38' title='bbox 1369 628 1442 684; x_wconf 87' lang='lat' dir='ltr'><strong>illi</strong></span> <span class='ocrx_word' id='word_1_39' title='bbox 1474 627 1744 698; x_wconf 81' lang='lat' dir='ltr'><strong>paulisper</strong></span> <span class='ocrx_word' id='word_1_40' title='bbox 1772 632 1982 695; x_wconf 81' lang='lat' dir='ltr'><strong>parcat,</strong></span> 
     </span>
    </p>
   </div>
   <div class='ocr_carea' id='block_1_8' title="bbox 405 716 1985 795">
    <p class='ocr_par' dir='ltr' id='par_1_8' title="bbox 405 716 1985 795">
     <span class='ocr_line' id='line_1_8' title="bbox 405 716 1985 795; baseline -0.008 -13"><span class='ocrx_word' id='word_1_41' title='bbox 405 739 462 782; x_wconf 89' lang='lat' dir='ltr'><strong>ut</strong></span> <span class='ocrx_word' id='word_1_42' title='bbox 493 741 701 783; x_wconf 87' lang='lat' dir='ltr'><strong>moram</strong></span> <span class='ocrx_word' id='word_1_43' title='bbox 734 724 974 795; x_wconf 86' lang='lat' dir='ltr'><strong>aliquam</strong></span> <span class='ocrx_word' id='word_1_44' title='bbox 1008 723 1320 792; x_wconf 87' lang='lat' dir='ltr'><strong>interponat</strong></span> <span class='ocrx_word' id='word_1_45' title='bbox 1355 737 1371 776; x_wconf 85' lang='lat'><strong>:</strong></span> <span class='ocrx_word' id='word_1_46' title='bbox 1409 719 1614 789; x_wconf 86' lang='lat' dir='ltr'><strong>aliquid</strong></span> <span class='ocrx_word' id='word_1_47' title='bbox 1645 718 1788 774; x_wconf 90' lang='lat' dir='ltr'><strong>enim</strong></span> <span class='ocrx_word' id='word_1_48' title='bbox 1830 716 1985 771; x_wconf 71' lang='lat' dir='ltr'><strong>bonae</strong></span> 
     </span>
    </p>
   </div>
   <div class='ocr_carea' id='block_1_9' title="bbox 404 808 1983 887">
    <p class='ocr_par' dir='ltr' id='par_1_9' title="bbox 404 808 1983 887">
     <span class='ocr_line' id='line_1_9' title="bbox 404 808 1983 887; baseline -0.007 -14"><span class='ocrx_word' id='word_1_49' title='bbox 404 819 517 887; x_wconf 86' lang='lat' dir='ltr'><strong>spei</strong></span> <span class='ocrx_word' id='word_1_50' title='bbox 574 820 627 872; x_wconf 89' lang='lat' dir='ltr'><strong>in</strong></span> <span class='ocrx_word' id='word_1_51' title='bbox 674 815 952 887; x_wconf 81' lang='lat' dir='ltr'><strong>diligentia</strong></span> <span class='ocrx_word' id='word_1_52' title='bbox 987 829 1084 870; x_wconf 87' lang='lat' dir='ltr'><strong>sua</strong></span> <span class='ocrx_word' id='word_1_53' title='bbox 1136 814 1403 885; x_wconf 88' lang='lat' dir='ltr'><strong>reliquum</strong></span> <span class='ocrx_word' id='word_1_54' title='bbox 1458 825 1599 868; x_wconf 87' lang='lat' dir='ltr'><strong>esse.</strong></span> <span class='ocrx_word' id='word_1_55' title='bbox 1659 808 1781 866; x_wconf 77' lang='lat' dir='ltr'><strong>Noli</strong></span> <span class='ocrx_word' id='word_1_56' title='bbox 1819 809 1983 881; x_wconf 89' lang='lat' dir='ltr'><strong>igitur</strong></span> 
     </span>
    </p>
   </div>
   <div class='ocr_carea' id='block_1_10' title="bbox 404 902 1983 976">
    <p class='ocr_par' dir='ltr' id='par_1_10' title="bbox 404 902 1983 976">
     <span class='ocr_line' id='line_1_10' title="bbox 404 902 1983 976; baseline -0.004 -13"><span class='ocrx_word' id='word_1_57' title='bbox 404 924 525 965; x_wconf 87' lang='lat' dir='ltr'><strong>esse</strong></span> <span class='ocrx_word' id='word_1_58' title='bbox 595 916 702 963; x_wconf 83' lang='lat' dir='ltr'><strong>tam</strong></span> <span class='ocrx_word' id='word_1_59' title='bbox 758 905 933 963; x_wconf 82' lang='lat' dir='ltr'><strong>facilis</strong></span> <span class='ocrx_word' id='word_1_60' title='bbox 980 908 1046 962; x_wconf 87' lang='lat' dir='ltr'><strong>ad</strong></span> <span class='ocrx_word' id='word_1_61' title='bbox 1101 904 1506 976; x_wconf 88' lang='lat' dir='ltr'><strong>amputandum,</strong></span> <span class='ocrx_word' id='word_1_62' title='bbox 1554 911 1610 958; x_wconf 89' lang='lat' dir='ltr'><strong>et</strong></span> <span class='ocrx_word' id='word_1_63' title='bbox 1657 902 1983 958; x_wconf 79' lang='lat' dir='ltr'><strong>exscinden-</strong></span> 
     </span>
    </p>
   </div>
   <div class='ocr_carea' id='block_1_11' title="bbox 406 993 1986 1071">
    <p class='ocr_par' dir='ltr' id='par_1_11' title="bbox 406 993 1986 1071">
     <span class='ocr_line' id='line_1_11' title="bbox 406 993 1986 1071; baseline -0.004 -16"><span class='ocrx_word' id='word_1_64' title='bbox 406 1003 555 1065; x_wconf 90' lang='lat' dir='ltr'><strong>dum,</strong></span> <span class='ocrx_word' id='word_1_65' title='bbox 590 1009 669 1065; x_wconf 90' lang='lat' dir='ltr'><strong>tu,</strong></span> <span class='ocrx_word' id='word_1_66' title='bbox 707 1000 799 1071; x_wconf 90' lang='lat' dir='ltr'><strong>qui</strong></span> <span class='ocrx_word' id='word_1_67' title='bbox 835 997 1143 1065; x_wconf 90' lang='lat' dir='ltr'><strong>Dominum,</strong></span> <span class='ocrx_word' id='word_1_68' title='bbox 1181 1012 1251 1053; x_wconf 89' lang='lat' dir='ltr'><strong>ne</strong></span> <span class='ocrx_word' id='word_1_69' title='bbox 1312 996 1365 1052; x_wconf 91' lang='lat' dir='ltr'><strong>id</strong></span> <span class='ocrx_word' id='word_1_70' title='bbox 1415 994 1595 1061; x_wconf 77' lang='lat' dir='ltr'><strong>iaciat,</strong></span> <span class='ocrx_word' id='word_1_71' title='bbox 1633 994 1796 1049; x_wconf 83' lang='lat' dir='ltr'><strong>debes</strong></span> <span class='ocrx_word' id='word_1_72' title='bbox 1830 993 1986 1048; x_wconf 81' lang='lat' dir='ltr'><strong>obse-</strong></span> 
     </span>
    </p>
   </div>
   <div class='ocr_carea' id='block_1_12' title="bbox 407 1084 1988 1162">
    <p class='ocr_par' dir='ltr' id='par_1_12' title="bbox 407 1084 1988 1162">
     <span class='ocr_line' id='line_1_12' title="bbox 407 1084 1988 1162; baseline -0.007 -14"><span class='ocrx_word' id='word_1_73' title='bbox 407 1108 582 1159; x_wconf 85' lang='lat' dir='ltr'><strong>crare,</strong></span> <span class='ocrx_word' id='word_1_74' title='bbox 641 1108 816 1162; x_wconf 90' lang='lat' dir='ltr'><strong>neque</strong></span> <span class='ocrx_word' id='word_1_75' title='bbox 881 1101 988 1145; x_wconf 89' lang='lat' dir='ltr'><strong>tam</strong></span> <span class='ocrx_word' id='word_1_76' title='bbox 1048 1088 1297 1147; x_wconf 87' lang='lat' dir='ltr'><strong>celeriter</strong></span> <span class='ocrx_word' id='word_1_77' title='bbox 1352 1085 1745 1158; x_wconf 85' lang='lat' dir='ltr'><strong>desperandum</strong></span> <span class='ocrx_word' id='word_1_78' title='bbox 1801 1084 1988 1139; x_wconf 78' lang='lat' dir='ltr'><strong>existi-</strong></span> 
     </span>
    </p>
   </div>
   <div class='ocr_carea' id='block_1_13' title="bbox 406 1172 1987 1257">
    <p class='ocr_par' dir='ltr' id='par_1_13' title="bbox 406 1172 1987 1257">
     <span class='ocr_line' id='line_1_13' title="bbox 406 1172 1987 1257; baseline -0.007 -16"><span class='ocrx_word' id='word_1_79' title='bbox 406 1202 519 1241; x_wconf 90' lang='lat' dir='ltr'><strong>ma.</strong></span> <span class='ocrx_word' id='word_1_80' title='bbox 559 1184 902 1257; x_wconf 77' lang='lat' dir='ltr'><strong>Diligentiam</strong></span> <span class='ocrx_word' id='word_1_81' title='bbox 963 1182 1256 1247; x_wconf 87' lang='lat' dir='ltr'><strong>adhibeto,</strong></span> <span class='ocrx_word' id='word_1_82' title='bbox 1308 1172 1826 1251; x_wconf 85' lang='lat' dir='ltr'><strong>reprehensionibus</strong></span> <span class='ocrx_word' id='word_1_83' title='bbox 1873 1176 1987 1233; x_wconf 84' lang='lat' dir='ltr'><strong>cir-</strong></span> 
     </span>
    </p>
   </div>
   <div class='ocr_carea' id='block_1_14' title="bbox 408 1269 1986 1342">
    <p class='ocr_par' dir='ltr' id='par_1_14' title="bbox 408 1269 1986 1342">
     <span class='ocr_line' id='line_1_14' title="bbox 408 1269 1986 1342; baseline -0.004 -10"><span class='ocrx_word' id='word_1_84' title='bbox 408 1277 737 1340; x_wconf 84' lang='lat' dir='ltr'><strong>cumfodito,</strong></span> <span class='ocrx_word' id='word_1_85' title='bbox 788 1274 1255 1331; x_wconf 85' lang='lat' dir='ltr'><strong>cohortationibus</strong></span> <span class='ocrx_word' id='word_1_86' title='bbox 1306 1272 1509 1338; x_wconf 75' lang='lat' dir='ltr'><strong>foveto,</strong></span> <span class='ocrx_word' id='word_1_87' title='bbox 1540 1279 1796 1342; x_wconf 86' lang='lat' dir='ltr'><strong>tanquam</strong></span> <span class='ocrx_word' id='word_1_88' title='bbox 1827 1269 1986 1334; x_wconf 83' lang='lat' dir='ltr'><strong>limo;</strong></span> 
     </span>
    </p>
   </div>
   <div class='ocr_carea' id='block_1_15' title="bbox 408 1362 1988 1438">
    <p class='ocr_par' dir='ltr' id='par_1_15' title="bbox 408 1362 1988 1438">
     <span class='ocr_line' id='line_1_15' title="bbox 408 1362 1988 1438; baseline -0.008 -11"><span class='ocrx_word' id='word_1_89' title='bbox 408 1374 881 1432; x_wconf 84' lang='lat' dir='ltr'><strong>documentorum,</strong></span> <span class='ocrx_word' id='word_1_90' title='bbox 909 1366 1064 1438; x_wconf 86' lang='lat' dir='ltr'><strong>quasi</strong></span> <span class='ocrx_word' id='word_1_91' title='bbox 1087 1379 1353 1436; x_wconf 89' lang='lat' dir='ltr'><strong>aquarum</strong></span> <span class='ocrx_word' id='word_1_92' title='bbox 1384 1363 1539 1434; x_wconf 87' lang='lat' dir='ltr'><strong>copia</strong></span> <span class='ocrx_word' id='word_1_93' title='bbox 1569 1362 1831 1434; x_wconf 88' lang='lat' dir='ltr'><strong>irrigato;</strong></span> <span class='ocrx_word' id='word_1_94' title='bbox 1857 1376 1988 1432; x_wconf 65' lang='lat' dir='ltr'><strong>prai—</strong></span> 
     </span>
    </p>
   </div>
   <div class='ocr_carea' id='block_1_16' title="bbox 409 1453 1991 1531">
    <p class='ocr_par' dir='ltr' id='par_1_16' title="bbox 409 1453 1991 1531">
     <span class='ocr_line' id='line_1_16' title="bbox 409 1453 1991 1531; baseline -0.007 -14"><span class='ocrx_word' id='word_1_95' title='bbox 409 1462 604 1531; x_wconf 89' lang='lat' dir='ltr'><strong>ceptis,</strong></span> <span class='ocrx_word' id='word_1_96' title='bbox 632 1470 691 1515; x_wconf 89' lang='lat' dir='ltr'><strong>ut</strong></span> <span class='ocrx_word' id='word_1_97' title='bbox 716 1459 856 1515; x_wconf 86' lang='lat' dir='ltr'><strong>vallo</strong></span> <span class='ocrx_word' id='word_1_98' title='bbox 895 1458 1253 1515; x_wconf 87' lang='lat' dir='ltr'><strong>communito.</strong></span> <span class='ocrx_word' id='word_1_99' title='bbox 1296 1454 1474 1512; x_wconf 87' lang='lat' dir='ltr'><strong>Tuum</strong></span> <span class='ocrx_word' id='word_1_100' title='bbox 1508 1464 1652 1520; x_wconf 90' lang='lat' dir='ltr'><strong>esto,</strong></span> <span class='ocrx_word' id='word_1_101' title='bbox 1671 1454 1886 1524; x_wconf 87' lang='lat' dir='ltr'><strong>placare</strong></span> <span class='ocrx_word' id='word_1_102' title='bbox 1902 1453 1991 1522; x_wconf 85' lang='lat' dir='ltr'><strong>ju-</strong></span> 
     </span>
    </p>
   </div>
   <div class='ocr_carea' id='block_1_17' title="bbox 411 1546 1988 1621">
    <p class='ocr_par' dir='ltr' id='par_1_17' title="bbox 411 1546 1988 1621">
     <span class='ocr_line' id='line_1_17' title="bbox 411 1546 1988 1621; baseline -0.006 -11"><span class='ocrx_word' id='word_1_103' title='bbox 411 1555 551 1619; x_wconf 77' lang='lat' dir='ltr'><strong>dicis</strong></span> <span class='ocrx_word' id='word_1_104' title='bbox 598 1553 861 1608; x_wconf 89' lang='lat' dir='ltr'><strong>animum.</strong></span> <span class='ocrx_word' id='word_1_105' title='bbox 912 1551 1112 1606; x_wconf 89' lang='lat' dir='ltr'><strong>Demus</strong></span> <span class='ocrx_word' id='word_1_106' title='bbox 1145 1563 1387 1621; x_wconf 81' lang='lat' dir='ltr'><strong>operam,</strong></span> <span class='ocrx_word' id='word_1_107' title='bbox 1428 1556 1487 1604; x_wconf 92' lang='lat' dir='ltr'><strong>ut</strong></span> <span class='ocrx_word' id='word_1_108' title='bbox 1519 1548 1708 1604; x_wconf 88' lang='lat' dir='ltr'><strong>eodem</strong></span> <span class='ocrx_word' id='word_1_109' title='bbox 1740 1546 1988 1610; x_wconf 88' lang='lat' dir='ltr'><strong>nomine,</strong></span> 
     </span>
    </p>
   </div>
   <div class='ocr_carea' id='block_1_18' title="bbox 409 1636 1991 1715">
    <p class='ocr_par' dir='ltr' id='par_1_18' title="bbox 409 1636 1991 1715">
     <span class='ocr_line' id='line_1_18' title="bbox 409 1636 1991 1715; baseline -0.007 -16"><span class='ocrx_word' id='word_1_110' title='bbox 409 1661 517 1715; x_wconf 88' lang='lat' dir='ltr'><strong>quo</strong></span> <span class='ocrx_word' id='word_1_111' title='bbox 548 1642 829 1707; x_wconf 86' lang='lat' dir='ltr'><strong>Dominus,</strong></span> <span class='ocrx_word' id='word_1_112' title='bbox 862 1640 1199 1712; x_wconf 75' lang='lat' dir='ltr'><strong>appellamur</strong></span> <span class='ocrx_word' id='word_1_113' title='bbox 1230 1658 1245 1696; x_wconf 88' lang='lat'><strong>:</strong></span> <span class='ocrx_word' id='word_1_114' title='bbox 1275 1639 1324 1695; x_wconf 91' lang='lat' dir='ltr'><strong>is</strong></span> <span class='ocrx_word' id='word_1_115' title='bbox 1351 1639 1497 1695; x_wconf 91' lang='lat' dir='ltr'><strong>enim</strong></span> <span class='ocrx_word' id='word_1_116' title='bbox 1522 1638 1723 1695; x_wconf 87' lang='lat' dir='ltr'><strong>dicitur</strong></span> <span class='ocrx_word' id='word_1_117' title='bbox 1739 1636 1991 1693; x_wconf 80' lang='lat' dir='ltr'><strong>consola-</strong></span> 
     </span>
    </p>
   </div>
   <div class='ocr_carea' id='block_1_19' title="bbox 409 1728 1987 1804">
    <p class='ocr_par' dir='ltr' id='par_1_19' title="bbox 409 1728 1987 1804">
     <span class='ocr_line' id='line_1_19' title="bbox 409 1728 1987 1804; baseline -0.006 -14"><span class='ocrx_word' id='word_1_118' title='bbox 409 1745 518 1799; x_wconf 87' lang='lat' dir='ltr'><strong>tor,</strong></span> <span class='ocrx_word' id='word_1_119' title='bbox 547 1736 673 1791; x_wconf 88' lang='lat' dir='ltr'><strong>dum</strong></span> <span class='ocrx_word' id='word_1_120' title='bbox 702 1733 980 1789; x_wconf 89' lang='lat' dir='ltr'><strong>hominum</strong></span> <span class='ocrx_word' id='word_1_121' title='bbox 1006 1733 1196 1804; x_wconf 78' lang='lat' dir='ltr'><strong>generi</strong></span> <span class='ocrx_word' id='word_1_122' title='bbox 1225 1731 1441 1788; x_wconf 83' lang='lat' dir='ltr'><strong>Patrem</strong></span> <span class='ocrx_word' id='word_1_123' title='bbox 1473 1730 1761 1800; x_wconf 88' lang='lat' dir='ltr'><strong>propitium</strong></span> <span class='ocrx_word' id='word_1_124' title='bbox 1794 1728 1987 1784; x_wconf 89' lang='lat' dir='ltr'><strong>reddit.</strong></span> 
     </span>
    </p>
   </div>
   <div class='ocr_carea' id='block_1_20' title="bbox 2084 533 3668 610">
    <p class='ocr_par' dir='ltr' id='par_1_20' title="bbox 2084 533 3668 610">
     <span class='ocr_line' id='line_1_20' title="bbox 2084 533 3668 610; baseline 0.004 -22"><span class='ocrx_word' id='word_1_125' title='bbox 2084 533 2179 589; x_wconf 79' lang='grc' dir='ltr'><strong>τοῦ</strong></span> <span class='ocrx_word' id='word_1_126' title='bbox 2204 537 2408 607; x_wconf 79' lang='grc' dir='ltr'>Κυρίου</span> <span class='ocrx_word' id='word_1_127' title='bbox 2463 536 2550 591; x_wconf 85' lang='grc' dir='ltr'><strong>διὰ</strong></span> <span class='ocrx_word' id='word_1_128' title='bbox 2581 538 2680 609; x_wconf 82' lang='grc' dir='ltr'>τὴν</span> <span class='ocrx_word' id='word_1_129' title='bbox 2731 539 3030 610; x_wconf 79' lang='grc' dir='ltr'>ἀκαρπίαν,</span> <span class='ocrx_word' id='word_1_130' title='bbox 3061 540 3090 592; x_wconf 99' lang='lat'><strong>6</strong></span> <span class='ocrx_word' id='word_1_131' title='bbox 3116 538 3359 610; x_wconf 81' lang='grc' dir='ltr'>γεωργὸς</span> <span class='ocrx_word' id='word_1_132' title='bbox 3411 539 3668 605; x_wconf 85' lang='grc' dir='ltr'>ίκετεύει,</span> 
     </span>
    </p>
   </div>
   <div class='ocr_carea' id='block_1_21' title="bbox 2087 628 3673 704">
    <p class='ocr_par' dir='ltr' id='par_1_21' title="bbox 2087 628 3673 704">
     <span class='ocr_line' id='line_1_21' title="bbox 2087 628 3673 704; baseline 0.003 -22"><span class='ocrx_word' id='word_1_133' title='bbox 2087 630 2180 682; x_wconf 79' lang='grc' dir='ltr'>καὶ</span> <span class='ocrx_word' id='word_1_134' title='bbox 2233 628 2500 702; x_wconf 74' lang='grc' dir='ltr'>ἀναϐολὴν</span> <span class='ocrx_word' id='word_1_135' title='bbox 2540 632 2683 684; x_wconf 86' lang='grc' dir='ltr'>αἰτεῖ</span> <span class='ocrx_word' id='word_1_136' title='bbox 2736 631 2830 685; x_wconf 75' lang='grc' dir='ltr'>καὶ</span> <span class='ocrx_word' id='word_1_137' title='bbox 2865 629 3182 703; x_wconf 86' lang='grc' dir='ltr'>ὑπέρθεσιν,</span> <span class='ocrx_word' id='word_1_138' title='bbox 3235 630 3458 695; x_wconf 72' lang='grc' dir='ltr'>ἐλπίδας</span> <span class='ocrx_word' id='word_1_139' title='bbox 3516 632 3673 704; x_wconf 78' lang='grc' dir='ltr'>αὐτῷ</span> 
     </span>
    </p>
   </div>
   <div class='ocr_carea' id='block_1_22' title="bbox 2086 721 3671 798">
    <p class='ocr_par' dir='ltr' id='par_1_22' title="bbox 2086 721 3671 798">
     <span class='ocr_line' id='line_1_22' title="bbox 2086 721 3671 798; baseline 0.001 -22"><span class='ocrx_word' id='word_1_140' title='bbox 2086 721 2329 792; x_wconf 79' lang='grc' dir='ltr'>χρηστὰς</span> <span class='ocrx_word' id='word_1_141' title='bbox 2366 721 2660 776; x_wconf 79' lang='grc' dir='ltr'><strong>ὑποτείνων</strong></span> <span class='ocrx_word' id='word_1_142' title='bbox 2691 722 2780 776; x_wconf 82' lang='grc' dir='ltr'>διὰ</span> <span class='ocrx_word' id='word_1_143' title='bbox 2835 722 2936 795; x_wconf 78' lang='grc' dir='ltr'>τῆς</span> <span class='ocrx_word' id='word_1_144' title='bbox 2973 723 3177 784; x_wconf 84' lang='grc' dir='ltr'>οίκείας</span> <span class='ocrx_word' id='word_1_145' title='bbox 3206 722 3543 793; x_wconf 66' lang='grc' dir='ltr'>ἐπιμελείας.</span> <span class='ocrx_word' id='word_1_146' title='bbox 3573 726 3671 798; x_wconf 70' lang='grc' dir='ltr'><strong>Μὴ</strong></span> 
     </span>
    </p>
   </div>
   <div class='ocr_carea' id='block_1_23' title="bbox 2087 813 3670 889">
    <p class='ocr_par' dir='ltr' id='par_1_23' title="bbox 2087 813 3670 889">
     <span class='ocr_line' id='line_1_23' title="bbox 2087 813 3670 889; baseline 0.003 -22"><span class='ocrx_word' id='word_1_147' title='bbox 2087 813 2263 869; x_wconf 86' lang='grc' dir='ltr'>τοίνυν</span> <span class='ocrx_word' id='word_1_148' title='bbox 2283 814 2451 868; x_wconf 81' lang='grc' dir='ltr'>κόπτε</span> <span class='ocrx_word' id='word_1_149' title='bbox 2481 814 2806 887; x_wconf 78' lang='grc' dir='ltr'><strong>προχείρως,</strong></span> <span class='ocrx_word' id='word_1_150' title='bbox 2837 815 2865 869; x_wconf 92' lang='lat'><strong>6</strong></span> <span class='ocrx_word' id='word_1_151' title='bbox 2893 814 2992 887; x_wconf 79' lang='grc' dir='ltr'>τὴν</span> <span class='ocrx_word' id='word_1_152' title='bbox 3027 816 3202 889; x_wconf 75' lang='grc' dir='ltr'>τομὴν</span> <span class='ocrx_word' id='word_1_153' title='bbox 3228 816 3383 888; x_wconf 83' lang='grc' dir='ltr'><strong>παρά</strong></span> <span class='ocrx_word' id='word_1_154' title='bbox 3431 816 3527 869; x_wconf 83' lang='grc' dir='ltr'>τοῦ</span> <span class='ocrx_word' id='word_1_155' title='bbox 3550 818 3670 871; x_wconf 78' lang='grc' dir='ltr'><strong>Κυ-</strong></span> 
     </span>
    </p>
   </div>
   <div class='ocr_carea' id='block_1_24' title="bbox 2090 907 3672 980">
    <p class='ocr_par' dir='ltr' id='par_1_24' title="bbox 2090 907 3672 980">
     <span class='ocr_line' id='line_1_24' title="bbox 2090 907 3672 980; baseline 0.004 -20"><span class='ocrx_word' id='word_1_156' title='bbox 2090 907 2206 978; x_wconf 84' lang='grc' dir='ltr'>ρίου</span> <span class='ocrx_word' id='word_1_157' title='bbox 2232 908 2580 980; x_wconf 74' lang='grc' dir='ltr'><strong>ἐπαγομένην</strong></span> <span class='ocrx_word' id='word_1_158' title='bbox 2637 907 2869 964; x_wconf 83' lang='grc' dir='ltr'><strong>κωλύειν</strong></span> <span class='ocrx_word' id='word_1_159' title='bbox 2900 908 3153 979; x_wconf 83' lang='grc' dir='ltr'>όφείλων,</span> <span class='ocrx_word' id='word_1_160' title='bbox 3199 908 3333 980; x_wconf 74' lang='grc' dir='ltr'>μηδὲ</span> <span class='ocrx_word' id='word_1_161' title='bbox 3364 909 3672 977; x_wconf 79' lang='grc' dir='ltr'>καταγίνω-</span> 
     </span>
    </p>
   </div>
   <div class='ocr_carea' id='block_1_25' title="bbox 2090 999 3674 1074">
    <p class='ocr_par' dir='ltr' id='par_1_25' title="bbox 2090 999 3674 1074">
     <span class='ocr_line' id='line_1_25' title="bbox 2090 999 3674 1074; baseline -0.001 -21"><span class='ocrx_word' id='word_1_162' title='bbox 2090 1017 2187 1054; x_wconf 87' lang='grc' dir='ltr'><strong>σκε</strong></span> <span class='ocrx_word' id='word_1_163' title='bbox 2219 999 2428 1072; x_wconf 81' lang='grc' dir='ltr'>ταχέως</span> <span class='ocrx_word' id='word_1_164' title='bbox 2480 1001 2581 1072; x_wconf 73' lang='grc' dir='ltr'>τὴν</span> <span class='ocrx_word' id='word_1_165' title='bbox 2638 1001 2971 1074; x_wconf 74' lang='grc' dir='ltr'>ἀχρηστείαν</span> <span class='ocrx_word' id='word_1_166' title='bbox 2990 1019 3003 1033; x_wconf 89' lang='grc'><strong>·</strong></span> <span class='ocrx_word' id='word_1_167' title='bbox 3029 1001 3143 1054; x_wconf 80' lang='grc' dir='ltr'>ἀλλ’</span> <span class='ocrx_word' id='word_1_168' title='bbox 3167 1001 3386 1055; x_wconf 75' lang='grc' dir='ltr'>ἐκπόνει</span> <span class='ocrx_word' id='word_1_169' title='bbox 3413 1001 3513 1072; x_wconf 79' lang='grc' dir='ltr'>τὴν</span> <span class='ocrx_word' id='word_1_170' title='bbox 3546 1000 3674 1057; x_wconf 49' lang='lat' dir='ltr'><strong>imm</strong></span> 
     </span>
    </p>
   </div>
   <div class='ocr_carea' id='block_1_26' title="bbox 2092 1089 3674 1167">
    <p class='ocr_par' dir='ltr' id='par_1_26' title="bbox 2092 1089 3674 1167">
     <span class='ocr_line' id='line_1_26' title="bbox 2092 1089 3674 1167; baseline -0.001 -26"><span class='ocrx_word' id='word_1_171' title='bbox 2092 1089 2331 1167; x_wconf 67' lang='grc' dir='ltr'>μελειαν.</span> <span class='ocrx_word' id='word_1_172' title='bbox 2394 1090 2612 1144; x_wconf 87' lang='grc' dir='ltr'>Σκάπτε</span> <span class='ocrx_word' id='word_1_173' title='bbox 2644 1094 2759 1152; x_wconf 85' lang='grc' dir='ltr'>τοῖς</span> <span class='ocrx_word' id='word_1_174' title='bbox 2805 1090 3083 1162; x_wconf 79' lang='grc' dir='ltr'>ὲλέγχοις’</span> <span class='ocrx_word' id='word_1_175' title='bbox 3145 1090 3315 1145; x_wconf 81' lang='grc' dir='ltr'>θάλπε</span> <span class='ocrx_word' id='word_1_176' title='bbox 3347 1089 3422 1153; x_wconf 83' lang='grc' dir='ltr'><strong>ὡς</strong></span> <span class='ocrx_word' id='word_1_177' title='bbox 3478 1090 3674 1162; x_wconf 75' lang='grc' dir='ltr'>κόπρῳ</span> 
     </span>
    </p>
   </div>
   <div class='ocr_carea' id='block_1_27' title="bbox 2087 1172 3675 1256">
    <p class='ocr_par' dir='ltr' id='par_1_27' title="bbox 2087 1172 3675 1256">
     <span class='ocr_line' id='line_1_27' title="bbox 2087 1172 3675 1256; baseline 0 -22"><span class='ocrx_word' id='word_1_178' title='bbox 2087 1184 2208 1245; x_wconf 83' lang='grc' dir='ltr'>ταῖς</span> <span class='ocrx_word' id='word_1_179' title='bbox 2236 1172 2673 1255; x_wconf 72' lang='grc' dir='ltr'>παρακλήσεσιψ</span> <span class='ocrx_word' id='word_1_180' title='bbox 2703 1182 2887 1247; x_wconf 75' lang='grc' dir='ltr'>πότιζε</span> <span class='ocrx_word' id='word_1_181' title='bbox 2907 1185 2973 1253; x_wconf 82' lang='grc' dir='ltr'>τῇ</span> <span class='ocrx_word' id='word_1_182' title='bbox 3006 1182 3260 1256; x_wconf 72' lang='grc' dir='ltr'>ὲπιρῤοίᾳ</span> <span class='ocrx_word' id='word_1_183' title='bbox 3281 1181 3389 1235; x_wconf 80' lang='grc' dir='ltr'><strong>τῶν</strong></span> <span class='ocrx_word' id='word_1_184' title='bbox 3417 1181 3675 1253; x_wconf 80' lang='grc' dir='ltr'>μαθημά-</span> 
     </span>
    </p>
   </div>
   <div class='ocr_carea' id='block_1_28' title="bbox 2088 1272 3677 1347">
    <p class='ocr_par' dir='ltr' id='par_1_28' title="bbox 2088 1272 3677 1347">
     <span class='ocr_line' id='line_1_28' title="bbox 2088 1272 3677 1347; baseline -0.002 -19"><span class='ocrx_word' id='word_1_185' title='bbox 2088 1290 2197 1328; x_wconf 80' lang='grc' dir='ltr'><strong>των</strong></span> <span class='ocrx_word' id='word_1_186' title='bbox 2213 1291 2227 1304; x_wconf 89' lang='grc'><strong>·</strong></span> <span class='ocrx_word' id='word_1_187' title='bbox 2248 1276 2590 1347; x_wconf 77' lang='grc' dir='ltr'>περίφρασσε</span> <span class='ocrx_word' id='word_1_188' title='bbox 2613 1277 2726 1338; x_wconf 84' lang='grc' dir='ltr'>τοῖς</span> <span class='ocrx_word' id='word_1_189' title='bbox 2743 1275 3202 1347; x_wconf 84' lang='grc' dir='ltr'>προφυλακτικοῖς</span> <span class='ocrx_word' id='word_1_190' title='bbox 3217 1272 3326 1327; x_wconf 75' lang='grc' dir='ltr'>τῶν</span> <span class='ocrx_word' id='word_1_191' title='bbox 3356 1273 3677 1346; x_wconf 67' lang='grc' dir='ltr'>παραγγελο</span> 
     </span>
    </p>
   </div>
   <div class='ocr_carea' id='block_1_29' title="bbox 2093 1364 3672 1438">
    <p class='ocr_par' dir='ltr' id='par_1_29' title="bbox 2093 1364 3672 1438">
     <span class='ocr_line' id='line_1_29' title="bbox 2093 1364 3672 1438; baseline -0.001 -19"><span class='ocrx_word' id='word_1_192' title='bbox 2093 1366 2277 1437; x_wconf 75' lang='grc' dir='ltr'>μάτων</span> <span class='ocrx_word' id='word_1_193' title='bbox 2303 1365 2379 1429; x_wconf 79' lang='grc' dir='ltr'>ὡς</span> <span class='ocrx_word' id='word_1_194' title='bbox 2438 1364 2821 1438; x_wconf 83' lang='grc' dir='ltr'>χαρακώματι.</span> <span class='ocrx_word' id='word_1_195' title='bbox 2855 1366 2954 1419; x_wconf 85' lang='grc' dir='ltr'>Σόν</span> <span class='ocrx_word' id='word_1_196' title='bbox 3001 1364 3209 1423; x_wconf 75' lang='grc' dir='ltr'>ἔστιτὸ</span> <span class='ocrx_word' id='word_1_197' title='bbox 3261 1365 3672 1436; x_wconf 84' lang='grc' dir='ltr'>παραιτεῖσθαι,</span> 
     </span>
    </p>
   </div>
   <div class='ocr_carea' id='block_1_30' title="bbox 2090 1454 3676 1526">
    <p class='ocr_par' dir='ltr' id='par_1_30' title="bbox 2090 1454 3676 1526">
     <span class='ocr_line' id='line_1_30' title="bbox 2090 1454 3676 1526; baseline -0.002 -18"><span class='ocrx_word' id='word_1_198' title='bbox 2090 1454 2183 1511; x_wconf 78' lang='grc' dir='ltr'>τοῦ</span> <span class='ocrx_word' id='word_1_199' title='bbox 2207 1455 2395 1526; x_wconf 78' lang='grc' dir='ltr'>κριτοῦ</span> <span class='ocrx_word' id='word_1_200' title='bbox 2419 1455 2481 1509; x_wconf 77' lang='grc' dir='ltr'>τὸ</span> <span class='ocrx_word' id='word_1_201' title='bbox 2508 1454 2748 1521; x_wconf 73' lang='grc' dir='ltr'>δικάζειν</span> <span class='ocrx_word' id='word_1_202' title='bbox 2772 1470 2785 1485; x_wconf 84' lang='lat'><strong><em>°</em></strong></span> <span class='ocrx_word' id='word_1_203' title='bbox 2839 1456 3017 1510; x_wconf 70' lang='grc' dir='ltr'>ἐκεῖνο</span> <span class='ocrx_word' id='word_1_204' title='bbox 3054 1455 3319 1525; x_wconf 84' lang='grc' dir='ltr'>κληθῆναι</span> <span class='ocrx_word' id='word_1_205' title='bbox 3360 1455 3676 1509; x_wconf 77' lang='grc' dir='ltr'>σπουδάσω-</span> 
     </span>
    </p>
   </div>
   <div class='ocr_carea' id='block_1_31' title="bbox 2095 1546 3678 1621">
    <p class='ocr_par' dir='ltr' id='par_1_31' title="bbox 2095 1546 3678 1621">
     <span class='ocr_line' id='line_1_31' title="bbox 2095 1546 3678 1621; baseline -0.001 -21"><span class='ocrx_word' id='word_1_206' title='bbox 2095 1564 2215 1619; x_wconf 87' lang='grc' dir='ltr'>μεν,</span> <span class='ocrx_word' id='word_1_207' title='bbox 2244 1548 2273 1600; x_wconf 85' lang='grc' dir='ltr'><strong>ὃ</strong></span> <span class='ocrx_word' id='word_1_208' title='bbox 2319 1546 2538 1617; x_wconf 80' lang='grc' dir='ltr'>λέγεται</span> <span class='ocrx_word' id='word_1_209' title='bbox 2567 1548 2664 1601; x_wconf 76' lang='grc' dir='ltr'>καὶ</span> <span class='ocrx_word' id='word_1_210' title='bbox 2690 1550 2719 1601; x_wconf 90' lang='lat'><strong>6</strong></span> <span class='ocrx_word' id='word_1_211' title='bbox 2747 1547 2979 1619; x_wconf 86' lang='grc' dir='ltr'>Κύριος·</span> <span class='ocrx_word' id='word_1_212' title='bbox 3032 1547 3387 1621; x_wconf 79' lang='grc' dir='ltr'>Παράκλητος</span> <span class='ocrx_word' id='word_1_213' title='bbox 3414 1546 3522 1618; x_wconf 83' lang='grc' dir='ltr'><strong>γὰρ</strong></span> <span class='ocrx_word' id='word_1_214' title='bbox 3557 1547 3678 1599; x_wconf 89' lang='grc' dir='ltr'>όνο-</span> 
     </span>
    </p>
   </div>
   <div class='ocr_carea' id='block_1_32' title="bbox 2096 1638 3678 1713">
    <p class='ocr_par' dir='ltr' id='par_1_32' title="bbox 2096 1638 3678 1713">
     <span class='ocr_line' id='line_1_32' title="bbox 2096 1638 3678 1713; baseline -0.002 -19"><span class='ocrx_word' id='word_1_215' title='bbox 2096 1641 2325 1713; x_wconf 76' lang='grc' dir='ltr'>μάζεται</span> <span class='ocrx_word' id='word_1_216' title='bbox 2382 1640 2526 1712; x_wconf 84' lang='grc' dir='ltr'>ὑπὲρ</span> <span class='ocrx_word' id='word_1_217' title='bbox 2587 1638 2681 1694; x_wconf 84' lang='grc' dir='ltr'>τοῦ</span> <span class='ocrx_word' id='word_1_218' title='bbox 2715 1641 2907 1709; x_wconf 79' lang='grc' dir='ltr'>γένους</span> <span class='ocrx_word' id='word_1_219' title='bbox 2939 1639 3049 1692; x_wconf 82' lang='grc' dir='ltr'><strong>τῶν</strong></span> <span class='ocrx_word' id='word_1_220' title='bbox 3086 1639 3409 1711; x_wconf 82' lang='grc' dir='ltr'>ἀνθρώπων,</span> <span class='ocrx_word' id='word_1_221' title='bbox 3440 1639 3531 1692; x_wconf 73' lang='grc' dir='ltr'>τὸν</span> <span class='ocrx_word' id='word_1_222' title='bbox 3563 1639 3678 1691; x_wconf 83' lang='grc' dir='ltr'><strong>Πα-</strong></span> 
     </span>
    </p>
   </div>
   <div class='ocr_carea' id='block_1_33' title="bbox 2093 1730 3677 1803">
    <p class='ocr_par' dir='ltr' id='par_1_33' title="bbox 2093 1730 3677 1803">
     <span class='ocr_line' id='line_1_33' title="bbox 2093 1730 3677 1803; baseline 0 -19"><span class='ocrx_word' id='word_1_223' title='bbox 2093 1733 2226 1801; x_wconf 77' lang='grc' dir='ltr'>τέρα</span> <span class='ocrx_word' id='word_1_224' title='bbox 2248 1730 2647 1803; x_wconf 82' lang='grc' dir='ltr'>ὲξιλεούμενος·</span> <span class='ocrx_word' id='word_1_225' title='bbox 2696 1731 2897 1803; x_wconf 85' lang='grc' dir='ltr'>ὁμοίως</span> <span class='ocrx_word' id='word_1_226' title='bbox 2925 1732 3018 1789; x_wconf 70' lang='grc' dir='ltr'>καὶ</span> <span class='ocrx_word' id='word_1_227' title='bbox 3066 1731 3124 1785; x_wconf 79' lang='grc' dir='ltr'>τὸ</span> <span class='ocrx_word' id='word_1_228' title='bbox 3152 1731 3375 1802; x_wconf 74' lang='grc' dir='ltr'>Πνεῦμα</span> <span class='ocrx_word' id='word_1_229' title='bbox 3417 1731 3516 1801; x_wconf 81' lang='grc' dir='ltr'>τῆς</span> <span class='ocrx_word' id='word_1_230' title='bbox 3543 1731 3677 1800; x_wconf 80' lang='grc' dir='ltr'>ἀλη-</span> 
     </span>
    </p>
   </div>
   <div class='ocr_carea' id='block_1_34' title="bbox 410 1816 1991 1897">
    <p class='ocr_par' dir='ltr' id='par_1_34' title="bbox 410 1818 1989 1897">
     <span class='ocr_line' id='line_1_34' title="bbox 410 1818 1989 1897; baseline -0.006 -15"><span class='ocrx_word' id='word_1_231' title='bbox 410 1827 531 1895; x_wconf 84' lang='lat' dir='ltr'><strong>Quo</strong></span> <span class='ocrx_word' id='word_1_232' title='bbox 559 1828 776 1897; x_wconf 88' lang='lat' dir='ltr'><strong>quidem</strong></span> <span class='ocrx_word' id='word_1_233' title='bbox 812 1824 1032 1881; x_wconf 88' lang='lat' dir='ltr'><strong>nomine</strong></span> <span class='ocrx_word' id='word_1_234' title='bbox 1058 1832 1285 1880; x_wconf 81' lang='lat' dir='ltr'><strong>vocatur</strong></span> <span class='ocrx_word' id='word_1_235' title='bbox 1311 1823 1473 1879; x_wconf 90' lang='lat' dir='ltr'><strong>etiam</strong></span> <span class='ocrx_word' id='word_1_236' title='bbox 1492 1821 1580 1877; x_wconf 90' lang='lat' dir='ltr'><strong>ille</strong></span> <span class='ocrx_word' id='word_1_237' title='bbox 1603 1820 1846 1876; x_wconf 83' lang='lat' dir='ltr'><strong>veritatis</strong></span> <span class='ocrx_word' id='word_1_238' title='bbox 1866 1818 1989 1887; x_wconf 87' lang='lat' dir='ltr'><strong>Spi-</strong></span> 
     </span>
    </p>
   </div>
   <div class='ocr_carea' id='block_1_35' title="bbox 2094 1816 3680 1897">
    <p class='ocr_par' dir='ltr' id='par_1_35' title="bbox 2094 1822 3680 1895">
     <span class='ocr_line' id='line_1_35' title="bbox 2094 1822 3680 1895; baseline -0.002 -18"><span class='ocrx_word' id='word_1_239' title='bbox 2094 1824 2261 1887; x_wconf 85' lang='grc' dir='ltr'>θείας,</span> <span class='ocrx_word' id='word_1_240' title='bbox 2290 1824 2386 1895; x_wconf 78' lang='grc' dir='ltr'>τὴν</span> <span class='ocrx_word' id='word_1_241' title='bbox 2414 1823 2555 1895; x_wconf 84' lang='grc' dir='ltr'>ὑπὲρ</span> <span class='ocrx_word' id='word_1_242' title='bbox 2582 1823 2741 1895; x_wconf 82' lang='grc' dir='ltr'>ήμῶν</span> <span class='ocrx_word' id='word_1_243' title='bbox 2787 1824 3025 1895; x_wconf 79' lang='grc' dir='ltr'>σπουδὴν</span> <span class='ocrx_word' id='word_1_244' title='bbox 3052 1822 3242 1876; x_wconf 77' lang='grc' dir='ltr'>ἔλαϐεν</span> <span class='ocrx_word' id='word_1_245' title='bbox 3266 1823 3456 1894; x_wconf 78' lang='grc' dir='ltr'>ὄνομα.</span> <span class='ocrx_word' id='word_1_246' title='bbox 3488 1823 3680 1893; x_wconf 87' lang='grc' dir='ltr'>Παρά-</span> 
     </span>
    </p>
   </div>
   <div class='ocr_carea' id='block_1_36' title="bbox 409 1912 1987 1990">
    <p class='ocr_par' dir='ltr' id='par_1_36' title="bbox 409 1912 1987 1990">
     <span class='ocr_line' id='line_1_36' title="bbox 409 1912 1987 1990; baseline -0.003 -16"><span class='ocrx_word' id='word_1_247' title='bbox 409 1920 569 1984; x_wconf 90' lang='lat' dir='ltr'><strong>ritus,</strong></span> <span class='ocrx_word' id='word_1_248' title='bbox 602 1933 699 1989; x_wconf 92' lang='lat' dir='ltr'><strong>pro</strong></span> <span class='ocrx_word' id='word_1_249' title='bbox 733 1934 832 1974; x_wconf 92' lang='lat' dir='ltr'><strong>suo</strong></span> <span class='ocrx_word' id='word_1_250' title='bbox 858 1934 985 1990; x_wconf 87' lang='lat' dir='ltr'><strong>erga</strong></span> <span class='ocrx_word' id='word_1_251' title='bbox 1022 1932 1122 1974; x_wconf 92' lang='lat' dir='ltr'><strong>nos</strong></span> <span class='ocrx_word' id='word_1_252' title='bbox 1171 1916 1353 1972; x_wconf 90' lang='lat' dir='ltr'><strong>studio</strong></span> <span class='ocrx_word' id='word_1_253' title='bbox 1382 1923 1546 1984; x_wconf 87' lang='lat' dir='ltr'><strong>atque</strong></span> <span class='ocrx_word' id='word_1_254' title='bbox 1591 1912 1987 1970; x_wconf 80' lang='lat' dir='ltr'><strong>benevolentia.</strong></span> 
     </span>
    </p>
   </div>
   <div class='ocr_carea' id='block_1_37' title="bbox 410 2007 1989 2081">
    <p class='ocr_par' dir='ltr' id='par_1_37' title="bbox 410 2007 1989 2081">
     <span class='ocr_line' id='line_1_37' title="bbox 410 2007 1989 2081; baseline -0.003 -15"><span class='ocrx_word' id='word_1_255' title='bbox 410 2011 537 2067; x_wconf 80' lang='lat' dir='ltr'><strong>llaec</strong></span> <span class='ocrx_word' id='word_1_256' title='bbox 563 2025 745 2065; x_wconf 85' lang='lat' dir='ltr'><strong>autem</strong></span> <span class='ocrx_word' id='word_1_257' title='bbox 794 2009 1194 2081; x_wconf 82' lang='lat' dir='ltr'><strong>deprecationis</strong></span> <span class='ocrx_word' id='word_1_258' title='bbox 1227 2017 1284 2065; x_wconf 90' lang='lat' dir='ltr'><strong>et</strong></span> <span class='ocrx_word' id='word_1_259' title='bbox 1312 2007 1701 2065; x_wconf 82' lang='lat' dir='ltr'><strong>consolationis</strong></span> <span class='ocrx_word' id='word_1_260' title='bbox 1742 2021 1989 2071; x_wconf 87' lang='lat' dir='ltr'><strong>munera,</strong></span> 
     </span>
    </p>
   </div>
   <div class='ocr_carea' id='block_1_38' title="bbox 414 2099 1992 2176">
    <p class='ocr_par' dir='ltr' id='par_1_38' title="bbox 414 2099 1992 2176">
     <span class='ocr_line' id='line_1_38' title="bbox 414 2099 1992 2176; baseline -0.002 -19"><span class='ocrx_word' id='word_1_261' title='bbox 414 2118 508 2176; x_wconf 87' lang='lat' dir='ltr'><strong>pro</strong></span> <span class='ocrx_word' id='word_1_262' title='bbox 541 2103 922 2171; x_wconf 81' lang='lat' dir='ltr'><strong>peccatoribus</strong></span> <span class='ocrx_word' id='word_1_263' title='bbox 955 2101 1334 2170; x_wconf 83' lang='lat' dir='ltr'><strong>suscipiuntur</strong></span> <span class='ocrx_word' id='word_1_264' title='bbox 1371 2099 1617 2164; x_wconf 88' lang='lat' dir='ltr'><strong>omnino,</strong></span> <span class='ocrx_word' id='word_1_265' title='bbox 1663 2115 1767 2155; x_wconf 90' lang='lat' dir='ltr'><strong>non</strong></span> <span class='ocrx_word' id='word_1_266' title='bbox 1805 2114 1903 2169; x_wconf 82' lang='lat' dir='ltr'><strong>pro</strong></span> <span class='ocrx_word' id='word_1_267' title='bbox 1926 2099 1992 2154; x_wconf 89' lang='lat' dir='ltr'><strong>iis</strong></span> 
     </span>
    </p>
   </div>
   <div class='ocr_carea' id='block_1_39' title="bbox 408 2190 1988 2259">
    <p class='ocr_par' dir='ltr' id='par_1_39' title="bbox 408 2190 1988 2259">
     <span class='ocr_line' id='line_1_39' title="bbox 408 2190 1988 2259; baseline -0.003 -12"><span class='ocrx_word' id='word_1_268' title='bbox 408 2196 501 2259; x_wconf 87' lang='lat' dir='ltr'><strong>qui</strong></span> <span class='ocrx_word' id='word_1_269' title='bbox 558 2204 685 2248; x_wconf 78' lang='lat' dir='ltr'><strong>sunt</strong></span> <span class='ocrx_word' id='word_1_270' title='bbox 729 2193 1051 2248; x_wconf 80' lang='lat' dir='ltr'><strong>innocentes</strong></span> <span class='ocrx_word' id='word_1_271' title='bbox 1083 2202 1139 2248; x_wconf 89' lang='lat' dir='ltr'><strong>et</strong></span> <span class='ocrx_word' id='word_1_272' title='bbox 1182 2191 1344 2247; x_wconf 85' lang='lat' dir='ltr'><strong>nullis</strong></span> <span class='ocrx_word' id='word_1_273' title='bbox 1393 2190 1717 2247; x_wconf 84' lang='lat' dir='ltr'><strong>criminibus</strong></span> <span class='ocrx_word' id='word_1_274' title='bbox 1745 2191 1988 2247; x_wconf 82' lang='lat' dir='ltr'><strong>obnoxii.</strong></span> 
     </span>
    </p>
   </div>
   <div class='ocr_carea' id='block_1_40' title="bbox 411 2281 1991 2350">
    <p class='ocr_par' dir='ltr' id='par_1_40' title="bbox 411 2281 1991 2350">
     <span class='ocr_line' id='line_1_40' title="bbox 411 2281 1991 2350; baseline -0.003 -10"><span class='ocrx_word' id='word_1_275' title='bbox 411 2285 574 2340; x_wconf 74' lang='lat' dir='ltr'><strong>Musis</strong></span> <span class='ocrx_word' id='word_1_276' title='bbox 617 2300 828 2350; x_wconf 87' lang='lat' dir='ltr'><strong>curam,</strong></span> <span class='ocrx_word' id='word_1_277' title='bbox 879 2285 1168 2349; x_wconf 82' lang='lat' dir='ltr'><strong>sacerdos,</strong></span> <span class='ocrx_word' id='word_1_278' title='bbox 1200 2293 1253 2339; x_wconf 91' lang='lat' dir='ltr'><strong>et</strong></span> <span class='ocrx_word' id='word_1_279' title='bbox 1300 2282 1717 2339; x_wconf 88' lang='lat' dir='ltr'><strong>sollicitudinem</strong></span> <span class='ocrx_word' id='word_1_280' title='bbox 1755 2281 1991 2337; x_wconf 88' lang='lat' dir='ltr'><strong>imitare.</strong></span> 
     </span>
    </p>
   </div>
   <div class='ocr_carea' id='block_1_41' title="bbox 411 2373 1992 2447">
    <p class='ocr_par' dir='ltr' id='par_1_41' title="bbox 411 2373 1992 2447">
     <span class='ocr_line' id='line_1_41' title="bbox 411 2373 1992 2447; baseline -0.002 -17"><span class='ocrx_word' id='word_1_281' title='bbox 411 2376 631 2432; x_wconf 86' lang='lat' dir='ltr'><strong>Imitare</strong></span> <span class='ocrx_word' id='word_1_282' title='bbox 661 2376 804 2431; x_wconf 91' lang='lat' dir='ltr'><strong>illius</strong></span> <span class='ocrx_word' id='word_1_283' title='bbox 824 2390 953 2447; x_wconf 83' lang='lat' dir='ltr'><strong>erga</strong></span> <span class='ocrx_word' id='word_1_284' title='bbox 990 2375 1247 2447; x_wconf 87' lang='lat' dir='ltr'><strong>populum</strong></span> <span class='ocrx_word' id='word_1_285' title='bbox 1272 2374 1442 2430; x_wconf 87' lang='lat' dir='ltr'><strong>animi</strong></span> <span class='ocrx_word' id='word_1_286' title='bbox 1477 2373 1818 2429; x_wconf 75' lang='lat' dir='ltr'><strong>affectionem</strong></span> <span class='ocrx_word' id='word_1_287' title='bbox 1855 2387 1870 2427; x_wconf 90' lang='lat'><strong>:</strong></span> <span class='ocrx_word' id='word_1_288' title='bbox 1902 2373 1992 2442; x_wconf 90' lang='lat' dir='ltr'><strong>qui</strong></span> 
     </span>
    </p>
   </div>
   <div class='ocr_carea' id='block_1_42' title="bbox 412 2465 1997 2538">
    <p class='ocr_par' dir='ltr' id='par_1_42' title="bbox 412 2465 1997 2538">
     <span class='ocr_line' id='line_1_42' title="bbox 412 2465 1997 2538; baseline -0.001 -17"><span class='ocrx_word' id='word_1_289' title='bbox 412 2467 581 2521; x_wconf 89' lang='lat' dir='ltr'><strong>Deum</strong></span> <span class='ocrx_word' id='word_1_290' title='bbox 608 2468 928 2532; x_wconf 85' lang='lat' dir='ltr'><strong>obsecrans,</strong></span> <span class='ocrx_word' id='word_1_291' title='bbox 950 2481 1017 2521; x_wconf 85' lang='lat' dir='ltr'><strong>ne</strong></span> <span class='ocrx_word' id='word_1_292' title='bbox 1042 2467 1239 2538; x_wconf 88' lang='lat' dir='ltr'><strong>populo</strong></span> <span class='ocrx_word' id='word_1_293' title='bbox 1276 2466 1369 2537; x_wconf 86' lang='lat' dir='ltr'><strong>qui</strong></span> <span class='ocrx_word' id='word_1_294' title='bbox 1394 2474 1713 2536; x_wconf 88' lang='lat' dir='ltr'><strong>peccaverat</strong></span> <span class='ocrx_word' id='word_1_295' title='bbox 1738 2465 1997 2520; x_wconf 81' lang='lat' dir='ltr'><strong>irascere-</strong></span> 
     </span>
    </p>
   </div>
   <div class='ocr_carea' id='block_1_43' title="bbox 412 2557 1993 2629">
    <p class='ocr_par' dir='ltr' id='par_1_43' title="bbox 412 2557 1993 2629">
     <span class='ocr_line' id='line_1_43' title="bbox 412 2557 1993 2629; baseline -0.002 -17"><span class='ocrx_word' id='word_1_296' title='bbox 412 2568 517 2621; x_wconf 88' lang='lat' dir='ltr'><strong>tur,</strong></span> <span class='ocrx_word' id='word_1_297' title='bbox 540 2573 662 2613; x_wconf 90' lang='lat' dir='ltr'><strong>cum</strong></span> <span class='ocrx_word' id='word_1_298' title='bbox 704 2571 817 2611; x_wconf 88' lang='lat' dir='ltr'><strong>rem</strong></span> <span class='ocrx_word' id='word_1_299' title='bbox 851 2557 1063 2629; x_wconf 77' lang='lat' dir='ltr'><strong>longius</strong></span> <span class='ocrx_word' id='word_1_300' title='bbox 1084 2557 1228 2623; x_wconf 86' lang='lat' dir='ltr'><strong>duci,</strong></span> <span class='ocrx_word' id='word_1_301' title='bbox 1255 2572 1356 2614; x_wconf 87' lang='lat' dir='ltr'><strong>nec</strong></span> <span class='ocrx_word' id='word_1_302' title='bbox 1369 2557 1470 2614; x_wconf 85' lang='lat' dir='ltr'><strong>sibi</strong></span> <span class='ocrx_word' id='word_1_303' title='bbox 1493 2557 1570 2624; x_wconf 92' lang='lat' dir='ltr'><strong>id,</strong></span> <span class='ocrx_word' id='word_1_304' title='bbox 1587 2558 1733 2628; x_wconf 92' lang='lat' dir='ltr'><strong>quod</strong></span> <span class='ocrx_word' id='word_1_305' title='bbox 1752 2558 1993 2627; x_wconf 73' lang='lat' dir='ltr'><strong>petebat,</strong></span> 
     </span>
    </p>
   </div>
   <div class='ocr_carea' id='block_1_44' title="bbox 413 2645 1993 2718">
    <p class='ocr_par' dir='ltr' id='par_1_44' title="bbox 413 2645 1993 2718">
     <span class='ocr_line' id='line_1_44' title="bbox 413 2645 1993 2718; baseline -0.003 -16"><span class='ocrx_word' id='word_1_306' title='bbox 413 2648 640 2703; x_wconf 88' lang='lat' dir='ltr'><strong>concedi</strong></span> <span class='ocrx_word' id='word_1_307' title='bbox 679 2648 1162 2711; x_wconf 83' lang='lat' dir='ltr'><strong>animadverteret,</strong></span> <span class='ocrx_word' id='word_1_308' title='bbox 1194 2646 1555 2718; x_wconf 86' lang='lat' dir='ltr'><strong>supplicabat,</strong></span> <span class='ocrx_word' id='word_1_309' title='bbox 1579 2655 1639 2702; x_wconf 86' lang='lat' dir='ltr'><strong>ut</strong></span> <span class='ocrx_word' id='word_1_310' title='bbox 1668 2645 1770 2702; x_wconf 86' lang='lat' dir='ltr'><strong>sibi</strong></span> <span class='ocrx_word' id='word_1_311' title='bbox 1800 2645 1993 2702; x_wconf 85' lang='lat' dir='ltr'><strong>saltem</strong></span> 
     </span>
    </p>
   </div>
   <div class='ocr_carea' id='block_1_45' title="bbox 384 2738 1995 2805">
    <p class='ocr_par' dir='ltr' id='par_1_45' title="bbox 384 2738 1995 2805">
     <span class='ocr_line' id='line_1_45' title="bbox 384 2738 1995 2805; baseline -0.002 -16"><span class='ocrx_word' id='word_1_312' title='bbox 384 2739 624 2802; x_wconf 89' lang='lat' dir='ltr'><strong>&#39;liceret,</strong></span> <span class='ocrx_word' id='word_1_313' title='bbox 656 2748 781 2794; x_wconf 88' lang='lat' dir='ltr'><strong>ante</strong></span> <span class='ocrx_word' id='word_1_314' title='bbox 821 2738 1105 2802; x_wconf 86' lang='lat' dir='ltr'><strong>decedere,</strong></span> <span class='ocrx_word' id='word_1_315' title='bbox 1148 2751 1218 2792; x_wconf 88' lang='lat' dir='ltr'><strong>ne</strong></span> <span class='ocrx_word' id='word_1_316' title='bbox 1261 2752 1470 2802; x_wconf 87' lang='lat' dir='ltr'><strong>eorum,</strong></span> <span class='ocrx_word' id='word_1_317' title='bbox 1502 2750 1643 2805; x_wconf 88' lang='lat' dir='ltr'><strong>quos</strong></span> <span class='ocrx_word' id='word_1_318' title='bbox 1686 2744 1908 2804; x_wconf 79' lang='lat' dir='ltr'><strong>paverat</strong></span> <span class='ocrx_word' id='word_1_319' title='bbox 1941 2743 1995 2787; x_wconf 86' lang='lat' dir='ltr'><strong>et</strong></span> 
     </span>
    </p>
   </div>
   <div class='ocr_carea' id='block_1_46' title="bbox 413 2825 1990 2898">
    <p class='ocr_par' dir='ltr' id='par_1_46' title="bbox 413 2825 1990 2898">
     <span class='ocr_line' id='line_1_46' title="bbox 413 2825 1990 2898; baseline -0.003 -15"><span class='ocrx_word' id='word_1_320' title='bbox 413 2830 744 2897; x_wconf 84' lang='lat' dir='ltr'><strong>gubernarat</strong></span> <span class='ocrx_word' id='word_1_321' title='bbox 764 2866 781 2892; x_wconf 96' lang='lat'><strong>,</strong></span> <span class='ocrx_word' id='word_1_322' title='bbox 810 2828 1088 2891; x_wconf 69' lang='lat' dir='ltr'><strong>interitum</strong></span> <span class='ocrx_word' id='word_1_323' title='bbox 1116 2836 1407 2898; x_wconf 84' lang='lat' dir='ltr'><strong>spectaret.</strong></span> <span class='ocrx_word' id='word_1_324' title='bbox 1433 2825 1545 2883; x_wconf 78' lang='lat' dir='ltr'><strong>Sed</strong></span> <span class='ocrx_word' id='word_1_325' title='bbox 1563 2840 1743 2896; x_wconf 65' lang='lat' dir='ltr'><strong>operae</strong></span> <span class='ocrx_word' id='word_1_326' title='bbox 1761 2826 1990 2896; x_wconf 87' lang='lat' dir='ltr'><strong>pretium</strong></span> 
     </span>
    </p>
   </div>
   <div class='ocr_carea' id='block_1_47' title="bbox 412 2914 1991 2987">
    <p class='ocr_par' dir='ltr' id='par_1_47' title="bbox 412 2914 1991 2987">
     <span class='ocr_line' id='line_1_47' title="bbox 412 2914 1991 2987; baseline -0.001 -14"><span class='ocrx_word' id='word_1_327' title='bbox 412 2926 520 2983; x_wconf 92' lang='lat' dir='ltr'><strong>est,</strong></span> <span class='ocrx_word' id='word_1_328' title='bbox 547 2926 607 2972; x_wconf 89' lang='lat' dir='ltr'><strong>ut</strong></span> <span class='ocrx_word' id='word_1_329' title='bbox 637 2916 801 2973; x_wconf 87' lang='lat' dir='ltr'><strong>verba</strong></span> <span class='ocrx_word' id='word_1_330' title='bbox 827 2916 996 2987; x_wconf 85' lang='lat' dir='ltr'><strong>ipsius</strong></span> <span class='ocrx_word' id='word_1_331' title='bbox 1018 2917 1070 2973; x_wconf 85' lang='lat' dir='ltr'><strong>in</strong></span> <span class='ocrx_word' id='word_1_332' title='bbox 1103 2916 1339 2972; x_wconf 88' lang='lat' dir='ltr'><strong>medium</strong></span> <span class='ocrx_word' id='word_1_333' title='bbox 1366 2914 1655 2971; x_wconf 76' lang='lat' dir='ltr'><strong>aﬂ&#39;et-amus</strong></span> <span class='ocrx_word' id='word_1_334' title='bbox 1686 2957 1701 2971; x_wconf 92' lang='lat'><strong>.</strong></span> <span class='ocrx_word' id='word_1_335' title='bbox 1729 2914 1991 2983; x_wconf 86' lang='lat' dir='ltr'><strong>Obsecro,</strong></span> 
     </span>
    </p>
   </div>
   <div class='ocr_carea' id='block_1_48' title="bbox 415 2989 1993 3081">
    <p class='ocr_par' dir='ltr' id='par_1_48' title="bbox 415 2989 1993 3081">
     <span class='ocr_line' id='line_1_48' title="bbox 415 2989 1993 3081; baseline 0 -18"><span class='ocrx_word' id='word_1_336' title='bbox 415 3009 610 3080; x_wconf 86' lang='lat' dir='ltr'><strong>inquit,</strong></span> <span class='ocrx_word' id='word_1_337' title='bbox 626 3009 871 3080; x_wconf 85' lang='lat' dir='ltr'><strong>peccavit</strong></span> <span class='ocrx_word' id='word_1_338' title='bbox 887 2989 1115 3080; x_wconf 73' lang='lat' dir='ltr'><strong>populus</strong></span> <span class='ocrx_word' id='word_1_339' title='bbox 1134 3018 1414 3079; x_wconf 87' lang='lat' dir='ltr'><strong>peccatum</strong></span> <span class='ocrx_word' id='word_1_340' title='bbox 1432 3024 1705 3081; x_wconf 88' lang='lat' dir='ltr'><strong>magnum,</strong></span> <span class='ocrx_word' id='word_1_341' title='bbox 1724 3007 1993 3063; x_wconf 82' lang='lat' dir='ltr'><strong>fecerunt-</strong></span> 
     </span>
    </p>
   </div>
   <div class='ocr_carea' id='block_1_49' title="bbox 415 3101 1993 3173">
    <p class='ocr_par' dir='ltr' id='par_1_49' title="bbox 415 3101 1993 3173">
     <span class='ocr_line' id='line_1_49' title="bbox 415 3101 1993 3173; baseline -0.001 -16"><span class='ocrx_word' id='word_1_342' title='bbox 415 3116 521 3172; x_wconf 89' lang='lat' dir='ltr'><strong>que</strong></span> <span class='ocrx_word' id='word_1_343' title='bbox 549 3102 652 3159; x_wconf 84' lang='lat' dir='ltr'><strong>sibi</strong></span> <span class='ocrx_word' id='word_1_344' title='bbox 688 3102 820 3159; x_wconf 89' lang='lat' dir='ltr'><strong>deos</strong></span> <span class='ocrx_word' id='word_1_345' title='bbox 851 3117 1066 3158; x_wconf 82' lang='lat' dir='ltr'><strong>aureos.</strong></span> <span class='ocrx_word' id='word_1_346' title='bbox 1109 3101 1174 3156; x_wconf 82' lang='lat' dir='ltr'><strong>Et</strong></span> <span class='ocrx_word' id='word_1_347' title='bbox 1203 3118 1347 3157; x_wconf 83' lang='lat' dir='ltr'><strong>nunc</strong></span> <span class='ocrx_word' id='word_1_348' title='bbox 1373 3102 1421 3157; x_wconf 94' lang='lat' dir='ltr'><strong>si</strong></span> <span class='ocrx_word' id='word_1_349' title='bbox 1447 3101 1722 3157; x_wconf 89' lang='lat' dir='ltr'><strong>dimittitis</strong></span> <span class='ocrx_word' id='word_1_350' title='bbox 1744 3101 1824 3157; x_wconf 87' lang='lat' dir='ltr'><strong>eis</strong></span> <span class='ocrx_word' id='word_1_351' title='bbox 1869 3116 1993 3173; x_wconf 86' lang='lat' dir='ltr'><strong>pec-</strong></span> 
     </span>
    </p>
   </div>
   <div class='ocr_carea' id='block_1_50' title="bbox 415 3190 1996 3262">
    <p class='ocr_par' dir='ltr' id='par_1_50' title="bbox 415 3190 1996 3262">
     <span class='ocr_line' id='line_1_50' title="bbox 415 3190 1996 3262; baseline -0.002 -13"><span class='ocrx_word' id='word_1_352' title='bbox 415 3204 594 3249; x_wconf 88' lang='lat' dir='ltr'><strong>catum</strong></span> <span class='ocrx_word' id='word_1_353' title='bbox 621 3195 746 3262; x_wconf 85' lang='lat' dir='ltr'><strong>hoc,</strong></span> <span class='ocrx_word' id='word_1_354' title='bbox 763 3194 975 3249; x_wconf 82' lang='lat' dir='ltr'><strong>dimitte</strong></span> <span class='ocrx_word' id='word_1_355' title='bbox 1004 3212 1019 3249; x_wconf 79' lang='grc' dir='ltr'><strong>ι</strong></span> <span class='ocrx_word' id='word_1_356' title='bbox 1047 3190 1107 3248; x_wconf 82' lang='lat' dir='ltr'><strong>Si</strong></span> <span class='ocrx_word' id='word_1_357' title='bbox 1132 3193 1329 3259; x_wconf 82' lang='lat' dir='ltr'><strong>minus,</strong></span> <span class='ocrx_word' id='word_1_358' title='bbox 1351 3192 1466 3248; x_wconf 79' lang='lat' dir='ltr'><strong>dele</strong></span> <span class='ocrx_word' id='word_1_359' title='bbox 1481 3208 1564 3247; x_wconf 82' lang='lat' dir='ltr'><strong>me</strong></span> <span class='ocrx_word' id='word_1_360' title='bbox 1582 3196 1647 3246; x_wconf 76' lang='lat' dir='ltr'><strong>de</strong></span> <span class='ocrx_word' id='word_1_361' title='bbox 1672 3192 1826 3256; x_wconf 83' lang='lat' dir='ltr'><strong>libro,</strong></span> <span class='ocrx_word' id='word_1_362' title='bbox 1845 3208 1996 3262; x_wconf 81' lang='lat' dir='ltr'><strong>quem</strong></span> 
     </span>
    </p>
   </div>
   <div class='ocr_carea' id='block_1_51' title="bbox 414 3282 2001 3355">
    <p class='ocr_par' dir='ltr' id='par_1_51' title="bbox 414 3282 2001 3355">
     <span class='ocr_line' id='line_1_51' title="bbox 414 3282 2001 3355; baseline -0.001 -17"><span class='ocrx_word' id='word_1_363' title='bbox 414 3286 671 3355; x_wconf 73' lang='lat' dir='ltr'><strong>scripsisti</strong></span> <span class='ocrx_word' id='word_1_364' title='bbox 692 3286 736 3338; x_wconf 82' lang='grc'>⁸.</span> <span class='ocrx_word' id='word_1_365' title='bbox 765 3285 977 3350; x_wconf 87' lang='lat' dir='ltr'><strong>Cernis,</strong></span> <span class='ocrx_word' id='word_1_366' title='bbox 1014 3286 1286 3355; x_wconf 87' lang='lat' dir='ltr'><strong>quomodo</strong></span> <span class='ocrx_word' id='word_1_367' title='bbox 1311 3285 1541 3354; x_wconf 72' lang='lat' dir='ltr'><strong>propriae</strong></span> <span class='ocrx_word' id='word_1_368' title='bbox 1570 3284 1800 3339; x_wconf 88' lang='lat' dir='ltr'><strong>salutem</strong></span> <span class='ocrx_word' id='word_1_369' title='bbox 1828 3282 2001 3339; x_wconf 86' lang='lat' dir='ltr'><strong>multi-</strong></span> 
     </span>
    </p>
   </div>
   <div class='ocr_carea' id='block_1_52' title="bbox 417 3373 1995 3443">
    <p class='ocr_par' dir='ltr' id='par_1_52' title="bbox 417 3373 1995 3443">
     <span class='ocr_line' id='line_1_52' title="bbox 417 3373 1995 3443; baseline -0.001 -16"><span class='ocrx_word' id='word_1_370' title='bbox 417 3373 620 3428; x_wconf 89' lang='lat' dir='ltr'><strong>tudinis</strong></span> <span class='ocrx_word' id='word_1_371' title='bbox 669 3377 967 3442; x_wconf 87' lang='lat' dir='ltr'><strong>anteponil,</strong></span> <span class='ocrx_word' id='word_1_372' title='bbox 1004 3376 1089 3429; x_wconf 91' lang='lat' dir='ltr'><strong>cui</strong></span> <span class='ocrx_word' id='word_1_373' title='bbox 1137 3375 1241 3430; x_wconf 86' lang='lat' dir='ltr'><strong>nisi</strong></span> <span class='ocrx_word' id='word_1_374' title='bbox 1285 3374 1542 3443; x_wconf 85' lang='lat' dir='ltr'><strong>impetrat</strong></span> <span class='ocrx_word' id='word_1_375' title='bbox 1601 3373 1995 3443; x_wconf 81' lang='lat' dir='ltr'><strong>impunitatem,</strong></span> 
     </span>
    </p>
   </div>
   <div class='ocr_carea' id='block_1_53' title="bbox 414 3461 2000 3533">
    <p class='ocr_par' dir='ltr' id='par_1_53' title="bbox 414 3461 2000 3533">
     <span class='ocr_line' id='line_1_53' title="bbox 414 3461 2000 3533; baseline -0.001 -16"><span class='ocrx_word' id='word_1_376' title='bbox 414 3462 622 3532; x_wconf 78' lang='lat' dir='ltr'><strong>ﬂagitat</strong></span> <span class='ocrx_word' id='word_1_377' title='bbox 653 3472 711 3518; x_wconf 90' lang='lat' dir='ltr'><strong>ut</strong></span> <span class='ocrx_word' id='word_1_378' title='bbox 739 3463 858 3533; x_wconf 88' lang='lat' dir='ltr'><strong>ipse</strong></span> <span class='ocrx_word' id='word_1_379' title='bbox 890 3462 1175 3519; x_wconf 76' lang='lat' dir='ltr'><strong>deleatur?</strong></span> <span class='ocrx_word' id='word_1_380' title='bbox 1211 3461 1365 3518; x_wconf 85' lang='lat' dir='ltr'><strong>Nunc</strong></span> <span class='ocrx_word' id='word_1_381' title='bbox 1388 3472 1569 3518; x_wconf 84' lang='lat' dir='ltr'><strong>autem</strong></span> <span class='ocrx_word' id='word_1_382' title='bbox 1620 3462 1711 3533; x_wconf 87' lang='lat' dir='ltr'><strong>qui</strong></span> <span class='ocrx_word' id='word_1_383' title='bbox 1749 3461 2000 3516; x_wconf 76' lang='lat' dir='ltr'><strong>acerbio-</strong></span> 
     </span>
    </p>
   </div>
   <div class='ocr_carea' id='block_1_54' title="bbox 416 3554 1999 3625">
    <p class='ocr_par' dir='ltr' id='par_1_54' title="bbox 416 3554 1999 3625">
     <span class='ocr_line' id='line_1_54' title="bbox 416 3554 1999 3625; baseline 0 -18"><span class='ocrx_word' id='word_1_384' title='bbox 416 3570 504 3610; x_wconf 89' lang='lat' dir='ltr'><strong>res</strong></span> <span class='ocrx_word' id='word_1_385' title='bbox 546 3569 606 3611; x_wconf 89' lang='lat' dir='ltr'><strong>se</strong></span> <span class='ocrx_word' id='word_1_386' title='bbox 654 3554 1034 3625; x_wconf 81' lang='lat' dir='ltr'><strong>peccatoribus</strong></span> <span class='ocrx_word' id='word_1_387' title='bbox 1086 3562 1368 3625; x_wconf 71' lang='lat' dir='ltr'><strong>praestant,</strong></span> <span class='ocrx_word' id='word_1_388' title='bbox 1397 3568 1492 3609; x_wconf 88' lang='lat' dir='ltr'><strong>eos</strong></span> <span class='ocrx_word' id='word_1_389' title='bbox 1523 3554 1592 3608; x_wconf 86' lang='lat' dir='ltr'><strong>ad</strong></span> <span class='ocrx_word' id='word_1_390' title='bbox 1639 3567 1699 3613; x_wconf 80' lang='lat' dir='ltr'><strong>se</strong></span> <span class='ocrx_word' id='word_1_391' title='bbox 1745 3556 1999 3609; x_wconf 86' lang='lat' dir='ltr'><strong>acceden-</strong></span> 
     </span>
    </p>
   </div>
   <div class='ocr_carea' id='block_1_55' title="bbox 418 3644 1995 3717">
    <p class='ocr_par' dir='ltr' id='par_1_55' title="bbox 418 3644 1995 3717">
     <span class='ocr_line' id='line_1_55' title="bbox 418 3644 1995 3717; baseline -0.001 -18"><span class='ocrx_word' id='word_1_392' title='bbox 418 3657 498 3700; x_wconf 89' lang='lat' dir='ltr'><strong>tes</strong></span> <span class='ocrx_word' id='word_1_393' title='bbox 551 3645 891 3715; x_wconf 88' lang='lat' dir='ltr'><strong>propelluut,</strong></span> <span class='ocrx_word' id='word_1_394' title='bbox 942 3646 1215 3716; x_wconf 82' lang='lat' dir='ltr'><strong>supplices</strong></span> <span class='ocrx_word' id='word_1_395' title='bbox 1243 3654 1653 3716; x_wconf 85' lang='lat' dir='ltr'><strong>prostratosque</strong></span> <span class='ocrx_word' id='word_1_396' title='bbox 1698 3644 1931 3717; x_wconf 82' lang='lat' dir='ltr'><strong>fugiunt,</strong></span> <span class='ocrx_word' id='word_1_397' title='bbox 1965 3661 1995 3698; x_wconf 88' lang='lat' dir='ltr'><strong>a</strong></span> 
     </span>
    </p>
   </div>
   <div class='ocr_carea' id='block_1_56' title="bbox 416 3733 1994 3806">
    <p class='ocr_par' dir='ltr' id='par_1_56' title="bbox 416 3733 1994 3806">
     <span class='ocr_line' id='line_1_56' title="bbox 416 3733 1994 3806; baseline 0.004 -21"><span class='ocrx_word' id='word_1_398' title='bbox 416 3733 841 3806; x_wconf 81' lang='lat' dir='ltr'><strong>lacrymantibus</strong></span> <span class='ocrx_word' id='word_1_399' title='bbox 867 3736 1055 3792; x_wconf 86' lang='lat' dir='ltr'><strong>oculos</strong></span> <span class='ocrx_word' id='word_1_400' title='bbox 1081 3744 1381 3802; x_wconf 87' lang='lat' dir='ltr'><strong>removent,</strong></span> <span class='ocrx_word' id='word_1_401' title='bbox 1409 3743 1466 3791; x_wconf 89' lang='lat' dir='ltr'><strong>et</strong></span> <span class='ocrx_word' id='word_1_402' title='bbox 1486 3750 1545 3791; x_wconf 89' lang='lat' dir='ltr'><strong>se</strong></span> <span class='ocrx_word' id='word_1_403' title='bbox 1566 3744 1708 3792; x_wconf 91' lang='lat' dir='ltr'><strong>totos</strong></span> <span class='ocrx_word' id='word_1_404' title='bbox 1726 3744 1994 3797; x_wconf 87' lang='lat' dir='ltr'><strong>avertunt.</strong></span> 
     </span>
    </p>
   </div>
   <div class='ocr_carea' id='block_1_57' title="bbox 486 3822 1999 3896">
    <p class='ocr_par' dir='ltr' id='par_1_57' title="bbox 486 3822 1999 3896">
     <span class='ocr_line' id='line_1_57' title="bbox 486 3822 1999 3896; baseline 0.003 -19"><span class='ocrx_word' id='word_1_405' title='bbox 486 3823 596 3878; x_wconf 90' lang='lat' dir='ltr'><strong>Cur</strong></span> <span class='ocrx_word' id='word_1_406' title='bbox 666 3824 829 3895; x_wconf 84' lang='lat' dir='ltr'><strong>igitur</strong></span> <span class='ocrx_word' id='word_1_407' title='bbox 886 3824 1016 3879; x_wconf 85' lang='lat' dir='ltr'><strong>mihi</strong></span> <span class='ocrx_word' id='word_1_408' title='bbox 1060 3822 1256 3893; x_wconf 83' lang='lat' dir='ltr'><strong>Lucas,</strong></span> <span class='ocrx_word' id='word_1_409' title='bbox 1291 3824 1401 3881; x_wconf 87' lang='lat' dir='ltr'><strong>imo</strong></span> <span class='ocrx_word' id='word_1_410' title='bbox 1443 3840 1572 3888; x_wconf 80' lang='lat' dir='ltr'><strong>vero</strong></span> <span class='ocrx_word' id='word_1_411' title='bbox 1602 3824 1838 3896; x_wconf 83' lang='lat' dir='ltr'><strong>Spiritus</strong></span> <span class='ocrx_word' id='word_1_412' title='bbox 1868 3840 1999 3882; x_wconf 84' lang='lat' dir='ltr'><strong>san-</strong></span> 
     </span>
    </p>
   </div>
   <div class='ocr_carea' id='block_1_58' title="bbox 413 3917 1996 3991">
    <p class='ocr_par' dir='ltr' id='par_1_58' title="bbox 413 3917 1996 3991">
     <span class='ocr_line' id='line_1_58' title="bbox 413 3917 1996 3991; baseline 0.003 -20"><span class='ocrx_word' id='word_1_413' title='bbox 413 3927 534 3971; x_wconf 89' lang='lat' dir='ltr'><strong>ctus</strong></span> <span class='ocrx_word' id='word_1_414' title='bbox 560 3917 848 3988; x_wconf 81' lang='lat' dir='ltr'><strong>descripsit</strong></span> <span class='ocrx_word' id='word_1_415' title='bbox 876 3917 1043 3974; x_wconf 77' lang='lat' dir='ltr'><strong>tilium</strong></span> <span class='ocrx_word' id='word_1_416' title='bbox 1075 3918 1429 3991; x_wconf 68' lang='lat' dir='ltr'><strong>prodigum“,</strong></span> <span class='ocrx_word' id='word_1_417' title='bbox 1474 3920 1569 3989; x_wconf 90' lang='lat' dir='ltr'><strong>qui</strong></span> <span class='ocrx_word' id='word_1_418' title='bbox 1612 3919 1846 3991; x_wconf 84' lang='lat' dir='ltr'><strong>primum</strong></span> <span class='ocrx_word' id='word_1_419' title='bbox 1883 3919 1996 3976; x_wconf 85' lang='lat' dir='ltr'><strong>dis-</strong></span> 
     </span>
    </p>
   </div>
   <div class='ocr_carea' id='block_1_59' title="bbox 414 4010 1998 4084">
    <p class='ocr_par' dir='ltr' id='par_1_59' title="bbox 414 4010 1998 4084">
     <span class='ocr_line' id='line_1_59' title="bbox 414 4010 1998 4084; baseline 0.003 -21"><span class='ocrx_word' id='word_1_420' title='bbox 414 4023 575 4064; x_wconf 88' lang='lat' dir='ltr'><strong>cessu</strong></span> <span class='ocrx_word' id='word_1_421' title='bbox 600 4024 699 4065; x_wconf 90' lang='lat' dir='ltr'><strong>suo</strong></span> <span class='ocrx_word' id='word_1_422' title='bbox 738 4010 1036 4080; x_wconf 86' lang='lat' dir='ltr'><strong>ignominia</strong></span> <span class='ocrx_word' id='word_1_423' title='bbox 1064 4018 1272 4083; x_wconf 88' lang='lat' dir='ltr'><strong>patrem</strong></span> <span class='ocrx_word' id='word_1_424' title='bbox 1306 4010 1508 4078; x_wconf 66' lang='lat' dir='ltr'><strong>affecit,</strong></span> <span class='ocrx_word' id='word_1_425' title='bbox 1539 4014 1733 4069; x_wconf 83' lang='lat' dir='ltr'><strong>deinde</strong></span> <span class='ocrx_word' id='word_1_426' title='bbox 1755 4014 1998 4084; x_wconf 83' lang='lat' dir='ltr'><strong>volupta-</strong></span> 
     </span>
    </p>
   </div>
   <div class='ocr_carea' id='block_1_60' title="bbox 417 4102 1997 4173">
    <p class='ocr_par' dir='ltr' id='par_1_60' title="bbox 417 4102 1997 4173">
     <span class='ocr_line' id='line_1_60' title="bbox 417 4102 1997 4173; baseline 0.003 -18"><span class='ocrx_word' id='word_1_427' title='bbox 417 4102 563 4156; x_wconf 86' lang='lat' dir='ltr'><strong>tibus</strong></span> <span class='ocrx_word' id='word_1_428' title='bbox 589 4103 947 4173; x_wconf 85' lang='lat' dir='ltr'><strong>ebrietatique</strong></span> <span class='ocrx_word' id='word_1_429' title='bbox 999 4102 1236 4167; x_wconf 87' lang='lat' dir='ltr'><strong>deditus,</strong></span> <span class='ocrx_word' id='word_1_430' title='bbox 1269 4114 1325 4157; x_wconf 90' lang='lat' dir='ltr'><strong>et</strong></span> <span class='ocrx_word' id='word_1_431' title='bbox 1356 4102 1683 4160; x_wconf 81' lang='lat' dir='ltr'><strong>feminarum</strong></span> <span class='ocrx_word' id='word_1_432' title='bbox 1721 4105 1997 4160; x_wconf 87' lang='lat' dir='ltr'><strong>amoribus</strong></span> 
     </span>
    </p>
   </div>
   <div class='ocr_carea' id='block_1_61' title="bbox 414 4195 1997 4266">
    <p class='ocr_par' dir='ltr' id='par_1_61' title="bbox 414 4195 1997 4266">
     <span class='ocr_line' id='line_1_61' title="bbox 414 4195 1997 4266; baseline 0.001 -18"><span class='ocrx_word' id='word_1_433' title='bbox 414 4203 625 4263; x_wconf 88' lang='lat' dir='ltr'><strong>captus,</strong></span> <span class='ocrx_word' id='word_1_434' title='bbox 658 4201 915 4264; x_wconf 86' lang='lat' dir='ltr'><strong>paternas</strong></span> <span class='ocrx_word' id='word_1_435' title='bbox 956 4208 1150 4250; x_wconf 86' lang='lat' dir='ltr'><strong>omnes</strong></span> <span class='ocrx_word' id='word_1_436' title='bbox 1196 4195 1414 4250; x_wconf 85' lang='lat' dir='ltr'><strong>divitias</strong></span> <span class='ocrx_word' id='word_1_437' title='bbox 1460 4196 1779 4266; x_wconf 82' lang='lat' dir='ltr'><strong>dilapidavit</strong></span> <span class='ocrx_word' id='word_1_438' title='bbox 1835 4205 1997 4265; x_wconf 78' lang='lat' dir='ltr'><strong>atque</strong></span> 
     </span>
    </p>
   </div>
   <div class='ocr_carea' id='block_1_62' title="bbox 414 4286 1994 4357">
    <p class='ocr_par' dir='ltr' id='par_1_62' title="bbox 414 4286 1994 4357">
     <span class='ocr_line' id='line_1_62' title="bbox 414 4286 1994 4357; baseline 0.001 -17"><span class='ocrx_word' id='word_1_439' title='bbox 414 4286 701 4341; x_wconf 79' lang='lat' dir='ltr'><strong>exhausit?</strong></span> <span class='ocrx_word' id='word_1_440' title='bbox 722 4286 852 4342; x_wconf 85' lang='lat' dir='ltr'><strong>Post</strong></span> <span class='ocrx_word' id='word_1_441' title='bbox 880 4294 1061 4341; x_wconf 85' lang='lat' dir='ltr'><strong>autem</strong></span> <span class='ocrx_word' id='word_1_442' title='bbox 1110 4286 1301 4351; x_wconf 90' lang='lat' dir='ltr'><strong>multo,</strong></span> <span class='ocrx_word' id='word_1_443' title='bbox 1333 4302 1455 4341; x_wconf 91' lang='lat' dir='ltr'><strong>cum</strong></span> <span class='ocrx_word' id='word_1_444' title='bbox 1491 4286 1624 4342; x_wconf 83' lang='lat' dir='ltr'><strong>satis</strong></span> <span class='ocrx_word' id='word_1_445' title='bbox 1662 4287 1770 4357; x_wconf 83' lang='lat' dir='ltr'><strong>jam</strong></span> <span class='ocrx_word' id='word_1_446' title='bbox 1805 4288 1858 4342; x_wconf 92' lang='lat' dir='ltr'><strong>in</strong></span> <span class='ocrx_word' id='word_1_447' title='bbox 1890 4289 1994 4342; x_wconf 88' lang='lat' dir='ltr'><strong>mi-</strong></span> 
     </span>
    </p>
   </div>
   <div class='ocr_carea' id='block_1_63' title="bbox 413 4377 1995 4445">
    <p class='ocr_par' dir='ltr' id='par_1_63' title="bbox 413 4377 1995 4445">
     <span class='ocr_line' id='line_1_63' title="bbox 413 4377 1995 4445; baseline 0.002 -14"><span class='ocrx_word' id='word_1_448' title='bbox 413 4377 558 4432; x_wconf 82' lang='lat' dir='ltr'><strong>seria</strong></span> <span class='ocrx_word' id='word_1_449' title='bbox 588 4387 838 4434; x_wconf 87' lang='lat' dir='ltr'><strong>versatus</strong></span> <span class='ocrx_word' id='word_1_450' title='bbox 870 4389 1038 4445; x_wconf 88' lang='lat' dir='ltr'><strong>esset,</strong></span> <span class='ocrx_word' id='word_1_451' title='bbox 1073 4380 1209 4435; x_wconf 84' lang='lat' dir='ltr'><strong>adeo</strong></span> <span class='ocrx_word' id='word_1_452' title='bbox 1230 4390 1289 4434; x_wconf 92' lang='lat' dir='ltr'><strong>ut</strong></span> <span class='ocrx_word' id='word_1_453' title='bbox 1318 4379 1577 4436; x_wconf 88' lang='lat' dir='ltr'><strong>subulcus</strong></span> <span class='ocrx_word' id='word_1_454' title='bbox 1595 4379 1821 4435; x_wconf 75' lang='lat' dir='ltr'><strong>eﬂ‘cctus</strong></span> <span class='ocrx_word' id='word_1_455' title='bbox 1848 4393 1995 4434; x_wconf 86' lang='lat' dir='ltr'><strong>mer-</strong></span> 
     </span>
    </p>
   </div>
   <div class='ocr_carea' id='block_1_64' title="bbox 2095 1913 3679 1989">
    <p class='ocr_par' dir='ltr' id='par_1_64' title="bbox 2095 1913 3679 1989">
     <span class='ocr_line' id='line_1_64' title="bbox 2095 1913 3679 1989; baseline -0.004 -18"><span class='ocrx_word' id='word_1_456' title='bbox 2095 1917 2287 1989; x_wconf 76' lang='grc' dir='ltr'>κλητο;</span> <span class='ocrx_word' id='word_1_457' title='bbox 2316 1916 2426 1986; x_wconf 74' lang='grc' dir='ltr'><strong>γὰρ</strong></span> <span class='ocrx_word' id='word_1_458' title='bbox 2460 1917 2680 1969; x_wconf 78' lang='grc' dir='ltr'>κάκεῖνο</span> <span class='ocrx_word' id='word_1_459' title='bbox 2710 1916 2925 1984; x_wconf 78' lang='grc' dir='ltr'>λέγεται</span> <span class='ocrx_word' id='word_1_460' title='bbox 2951 1933 2965 1947; x_wconf 77' lang='grc' dir='ltr'><strong>ο</strong></span> <span class='ocrx_word' id='word_1_461' title='bbox 3003 1914 3266 1987; x_wconf 77' lang='grc' dir='ltr'>πρεσϐεία</span> <span class='ocrx_word' id='word_1_462' title='bbox 3297 1913 3355 1967; x_wconf 79' lang='grc' dir='ltr'>δὲ</span> <span class='ocrx_word' id='word_1_463' title='bbox 3382 1914 3475 1966; x_wconf 78' lang='grc' dir='ltr'>καὶ</span> <span class='ocrx_word' id='word_1_464' title='bbox 3496 1913 3679 1982; x_wconf 85' lang='grc' dir='ltr'>παρά-</span> 
     </span>
    </p>
   </div>
   <div class='ocr_carea' id='block_1_65' title="bbox 2094 2004 3676 2079">
    <p class='ocr_par' dir='ltr' id='par_1_65' title="bbox 2094 2004 3676 2079">
     <span class='ocr_line' id='line_1_65' title="bbox 2094 2004 3676 2079; baseline -0.003 -18"><span class='ocrx_word' id='word_1_465' title='bbox 2094 2008 2285 2078; x_wconf 83' lang='grc' dir='ltr'>κλησις</span> <span class='ocrx_word' id='word_1_466' title='bbox 2306 2007 2445 2079; x_wconf 83' lang='grc' dir='ltr'>ὑπὲρ</span> <span class='ocrx_word' id='word_1_467' title='bbox 2476 2006 2585 2060; x_wconf 83' lang='grc' dir='ltr'><strong>τῶν</strong></span> <span class='ocrx_word' id='word_1_468' title='bbox 2614 2007 3012 2078; x_wconf 80' lang='grc' dir='ltr'>ἡμαρτηκότων</span> <span class='ocrx_word' id='word_1_469' title='bbox 3049 2007 3264 2070; x_wconf 85' lang='grc' dir='ltr'>πάντως</span> <span class='ocrx_word' id='word_1_470' title='bbox 3296 2004 3676 2069; x_wconf 81' lang='grc' dir='ltr'>σπουδάζεται.</span> 
     </span>
    </p>
   </div>
   <div class='ocr_carea' id='block_1_66' title="bbox 2093 2097 3681 2171">
    <p class='ocr_par' dir='ltr' id='par_1_66' title="bbox 2093 2097 3681 2171">
     <span class='ocr_line' id='line_1_66' title="bbox 2093 2097 3681 2171; baseline -0.003 -17"><span class='ocrx_word' id='word_1_471' title='bbox 2093 2102 2154 2154; x_wconf 78' lang='grc' dir='ltr'><strong>ού</strong></span> <span class='ocrx_word' id='word_1_472' title='bbox 2187 2099 2294 2171; x_wconf 88' lang='grc' dir='ltr'>μὴν</span> <span class='ocrx_word' id='word_1_473' title='bbox 2321 2098 2426 2153; x_wconf 84' lang='grc' dir='ltr'><strong>τῶν</strong></span> <span class='ocrx_word' id='word_1_474' title='bbox 2454 2098 2761 2155; x_wconf 84' lang='grc' dir='ltr'>ἀνευθύνων</span> <span class='ocrx_word' id='word_1_475' title='bbox 2791 2098 2886 2152; x_wconf 77' lang='grc' dir='ltr'>καὶ</span> <span class='ocrx_word' id='word_1_476' title='bbox 2917 2098 3286 2168; x_wconf 80' lang='grc' dir='ltr'>ἀνεγκλήτων.</span> <span class='ocrx_word' id='word_1_477' title='bbox 3347 2097 3620 2166; x_wconf 82' lang='grc' dir='ltr'>Ζήλωσον,</span> <span class='ocrx_word' id='word_1_478' title='bbox 3649 2100 3681 2149; x_wconf 88' lang='grc' dir='ltr'><strong>ό</strong></span> 
     </span>
    </p>
   </div>
   <div class='ocr_carea' id='block_1_67' title="bbox 2099 2176 3681 2263">
    <p class='ocr_par' dir='ltr' id='par_1_67' title="bbox 2099 2176 3681 2263">
     <span class='ocr_line' id='line_1_67' title="bbox 2099 2176 3681 2263; baseline -0.003 -19"><span class='ocrx_word' id='word_1_479' title='bbox 2099 2192 2299 2263; x_wconf 76' lang='grc' dir='ltr'>ἱερεὺς,</span> <span class='ocrx_word' id='word_1_480' title='bbox 2325 2191 2387 2244; x_wconf 80' lang='grc' dir='ltr'>τὸ</span> <span class='ocrx_word' id='word_1_481' title='bbox 2434 2189 2791 2262; x_wconf 80' lang='grc' dir='ltr'>κηδεμονικὸν</span> <span class='ocrx_word' id='word_1_482' title='bbox 2822 2176 2927 2241; x_wconf 69' lang='grc' dir='ltr'><strong>τοὶῗ</strong></span> <span class='ocrx_word' id='word_1_483' title='bbox 2978 2188 3220 2252; x_wconf 78' lang='grc' dir='ltr'>Μωσέως</span> <span class='ocrx_word' id='word_1_484' title='bbox 3242 2203 3255 2217; x_wconf 79' lang='grc'><strong><em>⁸</em></strong></span> <span class='ocrx_word' id='word_1_485' title='bbox 3284 2188 3522 2260; x_wconf 77' lang='grc' dir='ltr'>μίμησαι</span> <span class='ocrx_word' id='word_1_486' title='bbox 3574 2188 3681 2258; x_wconf 79' lang='grc' dir='ltr'>τὴν</span> 
     </span>
    </p>
   </div>
   <div class='ocr_carea' id='block_1_68' title="bbox 2096 2280 3683 2354">
    <p class='ocr_par' dir='ltr' id='par_1_68' title="bbox 2096 2280 3683 2354">
     <span class='ocr_line' id='line_1_68' title="bbox 2096 2280 3683 2354; baseline -0.002 -16"><span class='ocrx_word' id='word_1_487' title='bbox 2096 2285 2304 2338; x_wconf 83' lang='grc' dir='ltr'>ἐκείνου</span> <span class='ocrx_word' id='word_1_488' title='bbox 2329 2284 2459 2354; x_wconf 75' lang='grc' dir='ltr'>περὶ</span> <span class='ocrx_word' id='word_1_489' title='bbox 2511 2284 2638 2346; x_wconf 74' lang='grc' dir='ltr'>τοὺς</span> <span class='ocrx_word' id='word_1_490' title='bbox 2661 2281 2997 2354; x_wconf 76' lang='grc' dir='ltr'>ἀρχομένους</span> <span class='ocrx_word' id='word_1_491' title='bbox 3026 2280 3295 2334; x_wconf 83' lang='grc' dir='ltr'>διάθεσιν·</span> <span class='ocrx_word' id='word_1_492' title='bbox 3333 2280 3392 2344; x_wconf 83' lang='grc' dir='ltr'>ὃς</span> <span class='ocrx_word' id='word_1_493' title='bbox 3419 2297 3683 2352; x_wconf 72' lang='grc' dir='ltr'>παρακαι-</span> 
     </span>
    </p>
   </div>
   <div class='ocr_carea' id='block_1_69' title="bbox 2096 2371 3683 2445">
    <p class='ocr_par' dir='ltr' id='par_1_69' title="bbox 2096 2371 3683 2445">
     <span class='ocr_line' id='line_1_69' title="bbox 2096 2371 3683 2445; baseline -0.003 -15"><span class='ocrx_word' id='word_1_494' title='bbox 2096 2376 2204 2430; x_wconf 80' lang='grc' dir='ltr'>λῶν</span> <span class='ocrx_word' id='word_1_495' title='bbox 2247 2376 2341 2430; x_wconf 75' lang='grc' dir='ltr'><strong>τὸν</strong></span> <span class='ocrx_word' id='word_1_496' title='bbox 2392 2375 2547 2441; x_wconf 80' lang='grc' dir='ltr'>Θεὸν,</span> <span class='ocrx_word' id='word_1_497' title='bbox 2596 2375 2683 2427; x_wconf 84' lang='grc' dir='ltr'><strong>ῖνα</strong></span> <span class='ocrx_word' id='word_1_498' title='bbox 2725 2375 2798 2445; x_wconf 78' lang='grc' dir='ltr'>μὴ</span> <span class='ocrx_word' id='word_1_499' title='bbox 2835 2373 3076 2444; x_wconf 69' lang='grc' dir='ltr'>δυσμενῆ</span> <span class='ocrx_word' id='word_1_500' title='bbox 3106 2371 3183 2444; x_wconf 83' lang='grc' dir='ltr'><strong>τῷ</strong></span> <span class='ocrx_word' id='word_1_501' title='bbox 3220 2372 3332 2443; x_wconf 82' lang='grc' dir='ltr'>λαῷ</span> <span class='ocrx_word' id='word_1_502' title='bbox 3353 2372 3683 2444; x_wconf 79' lang='grc' dir='ltr'>πλημμελή-</span> 
     </span>
    </p>
   </div>
   <div class='ocr_carea' id='block_1_70' title="bbox 2099 2465 3677 2540">
    <p class='ocr_par' dir='ltr' id='par_1_70' title="bbox 2099 2465 3677 2540">
     <span class='ocr_line' id='line_1_70' title="bbox 2099 2465 3677 2540; baseline -0.002 -18"><span class='ocrx_word' id='word_1_503' title='bbox 2099 2487 2274 2535; x_wconf 87' lang='grc' dir='ltr'>σαντι,</span> <span class='ocrx_word' id='word_1_504' title='bbox 2305 2468 2490 2540; x_wconf 70' lang='grc' dir='ltr'>ἐπειδὴ</span> <span class='ocrx_word' id='word_1_505' title='bbox 2528 2467 2723 2539; x_wconf 83' lang='grc' dir='ltr'>μικρὸν</span> <span class='ocrx_word' id='word_1_506' title='bbox 2752 2465 2949 2539; x_wconf 68' lang='grc' dir='ltr'>ᾔσθετο</span> <span class='ocrx_word' id='word_1_507' title='bbox 2996 2467 3409 2538; x_wconf 81' lang='grc' dir='ltr'>παρελκομένης</span> <span class='ocrx_word' id='word_1_508' title='bbox 3433 2468 3677 2537; x_wconf 76' lang='grc' dir='ltr'>χάριτος,</span> 
     </span>
    </p>
   </div>
   <div class='ocr_carea' id='block_1_71' title="bbox 2096 2556 3680 2629">
    <p class='ocr_par' dir='ltr' id='par_1_71' title="bbox 2096 2556 3680 2629">
     <span class='ocr_line' id='line_1_71' title="bbox 2096 2556 3680 2629; baseline -0.002 -15"><span class='ocrx_word' id='word_1_509' title='bbox 2096 2561 2257 2615; x_wconf 76' lang='grc' dir='ltr'>τοῦτο</span> <span class='ocrx_word' id='word_1_510' title='bbox 2279 2559 2408 2629; x_wconf 82' lang='grc' dir='ltr'>γοῦν</span> <span class='ocrx_word' id='word_1_511' title='bbox 2448 2559 2707 2619; x_wconf 73' lang='grc' dir='ltr'>ἱκέτευεν,</span> <span class='ocrx_word' id='word_1_512' title='bbox 2738 2556 3103 2629; x_wconf 85' lang='grc' dir='ltr'>προαπελθεῖν</span> <span class='ocrx_word' id='word_1_513' title='bbox 3134 2557 3229 2611; x_wconf 73' lang='grc' dir='ltr'><strong>τοῦ</strong></span> <span class='ocrx_word' id='word_1_514' title='bbox 3259 2556 3412 2620; x_wconf 88' lang='grc' dir='ltr'><strong>λαοῦ,</strong></span> <span class='ocrx_word' id='word_1_515' title='bbox 3438 2558 3513 2628; x_wconf 82' lang='grc' dir='ltr'>μὴ</span> <span class='ocrx_word' id='word_1_516' title='bbox 3545 2556 3680 2611; x_wconf 81' lang='grc' dir='ltr'>θεά-</span> 
     </span>
    </p>
   </div>
   <div class='ocr_carea' id='block_1_72' title="bbox 2100 2643 3681 2721">
    <p class='ocr_par' dir='ltr' id='par_1_72' title="bbox 2100 2643 3681 2721">
     <span class='ocr_line' id='line_1_72' title="bbox 2100 2643 3681 2721; baseline -0.001 -19"><span class='ocrx_word' id='word_1_517' title='bbox 2100 2666 2260 2721; x_wconf 84' lang='grc' dir='ltr'>σηται</span> <span class='ocrx_word' id='word_1_518' title='bbox 2290 2648 2398 2701; x_wconf 81' lang='grc' dir='ltr'>τῶν</span> <span class='ocrx_word' id='word_1_519' title='bbox 2419 2646 2852 2716; x_wconf 81' lang='grc' dir='ltr'>ποιμαινομένων</span> <span class='ocrx_word' id='word_1_520' title='bbox 2880 2646 2971 2701; x_wconf 78' lang='grc' dir='ltr'>τὸν</span> <span class='ocrx_word' id='word_1_521' title='bbox 3012 2646 3254 2717; x_wconf 74' lang='grc' dir='ltr'>ὄλεθρον.</span> <span class='ocrx_word' id='word_1_522' title='bbox 3281 2648 3446 2701; x_wconf 79' lang='grc' dir='ltr'>Οὐδὲν</span> <span class='ocrx_word' id='word_1_523' title='bbox 3481 2648 3537 2701; x_wconf 81' lang='grc' dir='ltr'>δὲ</span> <span class='ocrx_word' id='word_1_524' title='bbox 3563 2643 3681 2701; x_wconf 69' lang='grc' dir='ltr'>οἷον</span> 
     </span>
    </p>
   </div>
   <div class='ocr_carea' id='block_1_73' title="bbox 2097 2738 3681 2813">
    <p class='ocr_par' dir='ltr' id='par_1_73' title="bbox 2097 2738 3681 2813">
     <span class='ocr_line' id='line_1_73' title="bbox 2097 2738 3681 2813; baseline -0.001 -18"><span class='ocrx_word' id='word_1_525' title='bbox 2097 2742 2266 2813; x_wconf 71' lang='grc' dir='ltr'>αὐτῆς</span> <span class='ocrx_word' id='word_1_526' title='bbox 2288 2738 2770 2812; x_wconf 80' lang='grc' dir='ltr'>ἀπομνημονεῦσαι</span> <span class='ocrx_word' id='word_1_527' title='bbox 2800 2740 2897 2810; x_wconf 85' lang='grc' dir='ltr'><strong>τῆς</strong></span> <span class='ocrx_word' id='word_1_528' title='bbox 2917 2738 3114 2804; x_wconf 82' lang='grc' dir='ltr'>λέξεως</span> <span class='ocrx_word' id='word_1_529' title='bbox 3134 2759 3148 2772; x_wconf 89' lang='grc'>·</span> <span class='ocrx_word' id='word_1_530' title='bbox 3173 2740 3393 2810; x_wconf 79' lang='grc' dir='ltr'>Δέομαι,</span> <span class='ocrx_word' id='word_1_531' title='bbox 3427 2740 3681 2811; x_wconf 78' lang='grc' dir='ltr'>ἡμάρτη-</span> 
     </span>
    </p>
   </div>
   <div class='ocr_carea' id='block_1_74' title="bbox 2097 2831 3684 2903">
    <p class='ocr_par' dir='ltr' id='par_1_74' title="bbox 2097 2831 3684 2903">
     <span class='ocr_line' id='line_1_74' title="bbox 2097 2831 3684 2903; baseline -0.001 -16"><span class='ocrx_word' id='word_1_532' title='bbox 2097 2852 2193 2887; x_wconf 84' lang='grc' dir='ltr'><strong>κεν</strong></span> <span class='ocrx_word' id='word_1_533' title='bbox 2221 2836 2249 2887; x_wconf 89' lang='lat'><strong>6</strong></span> <span class='ocrx_word' id='word_1_534' title='bbox 2270 2833 2396 2896; x_wconf 79' lang='grc' dir='ltr'>λαὸς</span> <span class='ocrx_word' id='word_1_535' title='bbox 2427 2833 2701 2903; x_wconf 83' lang='grc' dir='ltr'>ἁμαρτίαν</span> <span class='ocrx_word' id='word_1_536' title='bbox 2745 2831 3009 2903; x_wconf 78' lang='grc' dir='ltr'>μεγάλην,</span> <span class='ocrx_word' id='word_1_537' title='bbox 3049 2832 3143 2887; x_wconf 78' lang='grc' dir='ltr'>καὶ</span> <span class='ocrx_word' id='word_1_538' title='bbox 3177 2834 3436 2903; x_wconf 78' lang='grc' dir='ltr'>ἐποίησαν</span> <span class='ocrx_word' id='word_1_539' title='bbox 3465 2834 3684 2898; x_wconf 72' lang='grc' dir='ltr'>ἑαυτοῖς</span> 
     </span>
    </p>
   </div>
   <div class='ocr_carea' id='block_1_75' title="bbox 2097 2918 3686 2996">
    <p class='ocr_par' dir='ltr' id='par_1_75' title="bbox 2097 2918 3686 2996">
     <span class='ocr_line' id='line_1_75' title="bbox 2097 2918 3686 2996; baseline 0 -17"><span class='ocrx_word' id='word_1_540' title='bbox 2097 2924 2253 2989; x_wconf 77' lang='grc' dir='ltr'>θεοὺς</span> <span class='ocrx_word' id='word_1_541' title='bbox 2278 2923 2532 2995; x_wconf 80' lang='grc' dir='ltr'>χρυσοῦς.</span> <span class='ocrx_word' id='word_1_542' title='bbox 2558 2924 2665 2977; x_wconf 77' lang='grc' dir='ltr'><strong>Καὶ</strong></span> <span class='ocrx_word' id='word_1_543' title='bbox 2684 2923 2778 2977; x_wconf 82' lang='grc' dir='ltr'><strong>νῦν</strong></span> <span class='ocrx_word' id='word_1_544' title='bbox 2806 2926 2853 2978; x_wconf 87' lang='grc' dir='ltr'><strong>εί</strong></span> <span class='ocrx_word' id='word_1_545' title='bbox 2883 2925 2982 2995; x_wconf 85' lang='grc' dir='ltr'>μὲν</span> <span class='ocrx_word' id='word_1_546' title='bbox 3012 2925 3157 2995; x_wconf 81' lang='grc' dir='ltr'>ἀφῇς</span> <span class='ocrx_word' id='word_1_547' title='bbox 3181 2918 3364 2989; x_wconf 82' lang='grc' dir='ltr'>αὐτοῖς</span> <span class='ocrx_word' id='word_1_548' title='bbox 3389 2924 3488 2996; x_wconf 79' lang='grc' dir='ltr'><strong>τὴν</strong></span> <span class='ocrx_word' id='word_1_549' title='bbox 3504 2926 3686 2996; x_wconf 82' lang='grc' dir='ltr'>ἁμαρ·</span> 
     </span>
    </p>
   </div>
   <div class='ocr_carea' id='block_1_76' title="bbox 2097 3012 3683 3083">
    <p class='ocr_par' dir='ltr' id='par_1_76' title="bbox 2097 3012 3683 3083">
     <span class='ocr_line' id='line_1_76' title="bbox 2097 3012 3683 3083; baseline -0.001 -15"><span class='ocrx_word' id='word_1_550' title='bbox 2097 3016 2235 3075; x_wconf 85' lang='grc' dir='ltr'>τίαν,</span> <span class='ocrx_word' id='word_1_551' title='bbox 2283 3016 2452 3083; x_wconf 79' lang='grc' dir='ltr'>ἇφες’</span> <span class='ocrx_word' id='word_1_552' title='bbox 2509 3012 2668 3068; x_wconf 82' lang='grc' dir='ltr'>Είδὲ</span> <span class='ocrx_word' id='word_1_553' title='bbox 2711 3013 2821 3083; x_wconf 78' lang='grc' dir='ltr'>μὴ,</span> <span class='ocrx_word' id='word_1_554' title='bbox 2855 3012 3185 3082; x_wconf 72' lang='grc' dir='ltr'>ἐξάλειψόν</span> <span class='ocrx_word' id='word_1_555' title='bbox 3222 3030 3300 3083; x_wconf 83' lang='grc' dir='ltr'><strong>με</strong></span> <span class='ocrx_word' id='word_1_556' title='bbox 3340 3014 3409 3066; x_wconf 81' lang='grc' dir='ltr'>ἐκ</span> <span class='ocrx_word' id='word_1_557' title='bbox 3440 3012 3551 3082; x_wconf 82' lang='grc' dir='ltr'>τῆς</span> <span class='ocrx_word' id='word_1_558' title='bbox 3576 3014 3683 3078; x_wconf 70' lang='grc' dir='ltr'><strong>,βί-</strong></span> 
     </span>
    </p>
   </div>
   <div class='ocr_carea' id='block_1_77' title="bbox 2102 3101 3685 3177">
    <p class='ocr_par' dir='ltr' id='par_1_77' title="bbox 2102 3101 3685 3177">
     <span class='ocr_line' id='line_1_77' title="bbox 2102 3101 3685 3177; baseline -0.001 -17"><span class='ocrx_word' id='word_1_559' title='bbox 2102 3109 2251 3161; x_wconf 76' lang='grc' dir='ltr'>6λου</span> <span class='ocrx_word' id='word_1_560' title='bbox 2299 3101 2377 3177; x_wconf 78' lang='grc' dir='ltr'>ἧς</span> <span class='ocrx_word' id='word_1_561' title='bbox 2425 3104 2714 3175; x_wconf 68' lang='grc' dir='ltr'>ἔγραψας,</span> <span class='ocrx_word' id='word_1_562' title='bbox 2760 3104 2924 3176; x_wconf 79' lang='grc' dir='ltr'>Ὁρᾷς</span> <span class='ocrx_word' id='word_1_563' title='bbox 2969 3104 3119 3168; x_wconf 79' lang='grc' dir='ltr'>ὅπως</span> <span class='ocrx_word' id='word_1_564' title='bbox 3166 3105 3267 3177; x_wconf 76' lang='grc' dir='ltr'>τὴν</span> <span class='ocrx_word' id='word_1_565' title='bbox 3315 3103 3409 3158; x_wconf 78' lang='grc' dir='ltr'>τοῦ</span> <span class='ocrx_word' id='word_1_566' title='bbox 3440 3103 3685 3175; x_wconf 76' lang='grc' dir='ltr'>πλήθους</span> 
     </span>
    </p>
   </div>
   <div class='ocr_carea' id='block_1_78' title="bbox 2103 3194 3684 3271">
    <p class='ocr_par' dir='ltr' id='par_1_78' title="bbox 2103 3194 3684 3271">
     <span class='ocr_line' id='line_1_78' title="bbox 2103 3194 3684 3271; baseline -0.002 -19"><span class='ocrx_word' id='word_1_567' title='bbox 2103 3197 2375 3271; x_wconf 87' lang='grc' dir='ltr'>σωτηρίαν</span> <span class='ocrx_word' id='word_1_568' title='bbox 2402 3197 2502 3268; x_wconf 84' lang='grc' dir='ltr'><strong>τῆς</strong></span> <span class='ocrx_word' id='word_1_569' title='bbox 2534 3195 2741 3259; x_wconf 74' lang='grc' dir='ltr'>οἰκείας</span> <span class='ocrx_word' id='word_1_570' title='bbox 2790 3194 3096 3268; x_wconf 80' lang='grc' dir='ltr'>προτίθησι,</span> <span class='ocrx_word' id='word_1_571' title='bbox 3156 3195 3252 3249; x_wconf 75' lang='grc' dir='ltr'>καὶ</span> <span class='ocrx_word' id='word_1_572' title='bbox 3297 3195 3684 3267; x_wconf 70' lang='grc' dir='ltr'>ἐξαλειφθῆναι</span> 
     </span>
    </p>
   </div>
   <div class='ocr_carea' id='block_1_79' title="bbox 2100 3284 3682 3359">
    <p class='ocr_par' dir='ltr' id='par_1_79' title="bbox 2100 3284 3682 3359">
     <span class='ocr_line' id='line_1_79' title="bbox 2100 3284 3682 3359; baseline -0.001 -18"><span class='ocrx_word' id='word_1_573' title='bbox 2100 3288 2270 3359; x_wconf 83' lang='grc' dir='ltr'>ζητεῖ,</span> <span class='ocrx_word' id='word_1_574' title='bbox 2301 3289 2349 3341; x_wconf 85' lang='grc' dir='ltr'><strong>εί</strong></span> <span class='ocrx_word' id='word_1_575' title='bbox 2383 3286 2458 3359; x_wconf 83' lang='grc' dir='ltr'>μὴ</span> <span class='ocrx_word' id='word_1_576' title='bbox 2490 3284 2745 3358; x_wconf 86' lang='grc' dir='ltr'>κατορθοῖ</span> <span class='ocrx_word' id='word_1_577' title='bbox 2778 3284 2856 3357; x_wconf 80' lang='grc' dir='ltr'>τῷ</span> <span class='ocrx_word' id='word_1_578' title='bbox 2888 3286 3055 3357; x_wconf 80' lang='grc' dir='ltr'>κοινῷ</span> <span class='ocrx_word' id='word_1_579' title='bbox 3080 3286 3179 3358; x_wconf 85' lang='grc' dir='ltr'>τὴν</span> <span class='ocrx_word' id='word_1_580' title='bbox 3211 3286 3539 3358; x_wconf 81' lang='grc' dir='ltr'>συγγνώμην</span> <span class='ocrx_word' id='word_1_581' title='bbox 3565 3304 3581 3351; x_wconf 81' lang='lat'><strong>;</strong></span> <span class='ocrx_word' id='word_1_582' title='bbox 3617 3288 3682 3341; x_wconf 79' lang='lat' dir='ltr'><strong>Oi</strong></span> 
     </span>
    </p>
   </div>
   <div class='ocr_carea' id='block_1_80' title="bbox 2097 3377 3682 3451">
    <p class='ocr_par' dir='ltr' id='par_1_80' title="bbox 2097 3377 3682 3451">
     <span class='ocr_line' id='line_1_80' title="bbox 2097 3377 3682 3451; baseline -0.002 -18"><span class='ocrx_word' id='word_1_583' title='bbox 2097 3378 2153 3434; x_wconf 80' lang='grc' dir='ltr'>δὲ</span> <span class='ocrx_word' id='word_1_584' title='bbox 2175 3378 2270 3433; x_wconf 80' lang='grc' dir='ltr'>νῦν</span> <span class='ocrx_word' id='word_1_585' title='bbox 2301 3377 2438 3451; x_wconf 79' lang='grc' dir='ltr'>πρὸς</span> <span class='ocrx_word' id='word_1_586' title='bbox 2458 3378 2585 3442; x_wconf 83' lang='grc' dir='ltr'>τοὺς</span> <span class='ocrx_word' id='word_1_587' title='bbox 2607 3377 3023 3449; x_wconf 82' lang='grc' dir='ltr'>ἁμαρτάνοντας</span> <span class='ocrx_word' id='word_1_588' title='bbox 3049 3378 3479 3450; x_wconf 86' lang='grc' dir='ltr'>πικραινόμενοι,</span> <span class='ocrx_word' id='word_1_589' title='bbox 3504 3394 3682 3449; x_wconf 82' lang='grc' dir='ltr'>προσ-</span> 
     </span>
    </p>
   </div>
   <div class='ocr_carea' id='block_1_81' title="bbox 2100 3469 3681 3544">
    <p class='ocr_par' dir='ltr' id='par_1_81' title="bbox 2100 3469 3681 3544">
     <span class='ocr_line' id='line_1_81' title="bbox 2100 3469 3681 3544; baseline -0.002 -18"><span class='ocrx_word' id='word_1_590' title='bbox 2100 3472 2280 3535; x_wconf 84' lang='grc' dir='ltr'>ιόντας</span> <span class='ocrx_word' id='word_1_591' title='bbox 2335 3470 2681 3525; x_wconf 73' lang='grc' dir='ltr'>ἐλαύνουσιν·</span> <span class='ocrx_word' id='word_1_592' title='bbox 2750 3469 3177 3537; x_wconf 76' lang='grc' dir='ltr'>ὑποπίπτοντας,</span> <span class='ocrx_word' id='word_1_593' title='bbox 3239 3471 3681 3544; x_wconf 77' lang='grc' dir='ltr'>παρατρέχουσιο</span> 
     </span>
    </p>
   </div>
   <div class='ocr_carea' id='block_1_82' title="bbox 2097 3562 3304 3636">
    <p class='ocr_par' dir='ltr' id='par_1_82' title="bbox 2097 3562 3304 3636">
     <span class='ocr_line' id='line_1_82' title="bbox 2097 3562 3304 3636; baseline 0 -18"><span class='ocrx_word' id='word_1_594' title='bbox 2097 3564 2462 3636; x_wconf 82' lang='grc' dir='ltr'>δακρυόντων,</span> <span class='ocrx_word' id='word_1_595' title='bbox 2487 3564 2588 3619; x_wconf 82' lang='grc' dir='ltr'>οὒκ</span> <span class='ocrx_word' id='word_1_596' title='bbox 2607 3562 2871 3617; x_wconf 77' lang='grc' dir='ltr'>ὲπικλῶσι</span> <span class='ocrx_word' id='word_1_597' title='bbox 2897 3563 2958 3616; x_wconf 80' lang='grc' dir='ltr'><strong>τὺ</strong></span> <span class='ocrx_word' id='word_1_598' title='bbox 2993 3563 3304 3635; x_wconf 84' lang='grc' dir='ltr'>πρόσωπον.</span> 
     </span>
    </p>
   </div>
   <div class='ocr_carea' id='block_1_83' title="bbox 2169 3827 3686 3902">
    <p class='ocr_par' dir='ltr' id='par_1_83' title="bbox 2169 3827 3686 3902">
     <span class='ocr_line' id='line_1_83' title="bbox 2169 3827 3686 3902; baseline -0.001 -18"><span class='ocrx_word' id='word_1_599' title='bbox 2169 3830 2235 3884; x_wconf 82' lang='grc' dir='ltr'>Τί</span> <span class='ocrx_word' id='word_1_600' title='bbox 2262 3827 2355 3885; x_wconf 78' lang='grc' dir='ltr'>οὖν</span> <span class='ocrx_word' id='word_1_601' title='bbox 2374 3832 2403 3884; x_wconf 90' lang='lat'><strong>6</strong></span> <span class='ocrx_word' id='word_1_602' title='bbox 2429 3830 2666 3897; x_wconf 82' lang='grc' dir='ltr'>Λουκᾶς,</span> <span class='ocrx_word' id='word_1_603' title='bbox 2705 3830 2905 3902; x_wconf 79' lang='grc' dir='ltr'>μᾶλλον</span> <span class='ocrx_word' id='word_1_604' title='bbox 2941 3830 2999 3884; x_wconf 79' lang='grc' dir='ltr'>δὲ</span> <span class='ocrx_word' id='word_1_605' title='bbox 3027 3829 3088 3884; x_wconf 77' lang='grc' dir='ltr'>τὸ</span> <span class='ocrx_word' id='word_1_606' title='bbox 3109 3827 3336 3900; x_wconf 82' lang='grc' dir='ltr'>Πνεῦμα</span> <span class='ocrx_word' id='word_1_607' title='bbox 3375 3829 3551 3897; x_wconf 80' lang='grc' dir='ltr'>ἅγιον,</span> <span class='ocrx_word' id='word_1_608' title='bbox 3593 3830 3686 3883; x_wconf 80' lang='grc' dir='ltr'>ἀνο</span> 
     </span>
    </p>
   </div>
   <div class='ocr_carea' id='block_1_84' title="bbox 2099 3920 3684 3995">
    <p class='ocr_par' dir='ltr' id='par_1_84' title="bbox 2099 3920 3684 3995">
     <span class='ocr_line' id='line_1_84' title="bbox 2099 3920 3684 3995; baseline -0.002 -18"><span class='ocrx_word' id='word_1_609' title='bbox 2099 3921 2306 3995; x_wconf 68' lang='grc' dir='ltr'>ἔγραψέ</span> <span class='ocrx_word' id='word_1_610' title='bbox 2339 3940 2430 3994; x_wconf 87' lang='grc' dir='ltr'><strong>μοι</strong></span> <span class='ocrx_word' id='word_1_611' title='bbox 2457 3921 2550 3978; x_wconf 73' lang='grc' dir='ltr'><strong>τὸν</strong></span> <span class='ocrx_word' id='word_1_612' title='bbox 2572 3922 2686 3976; x_wconf 80' lang='grc' dir='ltr'>υἱὸν</span> <span class='ocrx_word' id='word_1_613' title='bbox 2721 3921 2813 3975; x_wconf 79' lang='grc' dir='ltr'><strong>τὸν</strong></span> <span class='ocrx_word' id='word_1_614' title='bbox 2849 3922 3057 3976; x_wconf 78' lang='grc' dir='ltr'>ἄσωτον</span> <span class='ocrx_word' id='word_1_615' title='bbox 3080 3938 3094 3953; x_wconf 81' lang='grc'><em>’</em></span> <span class='ocrx_word' id='word_1_616' title='bbox 3143 3921 3202 3985; x_wconf 80' lang='grc' dir='ltr'>ὃς</span> <span class='ocrx_word' id='word_1_617' title='bbox 3227 3920 3524 3992; x_wconf 78' lang='grc' dir='ltr'>καθύϐρισε</span> <span class='ocrx_word' id='word_1_618' title='bbox 3581 3922 3684 3992; x_wconf 73' lang='grc' dir='ltr'>μὲν</span> 
     </span>
    </p>
   </div>
   <div class='ocr_carea' id='block_1_85' title="bbox 2095 4007 3683 4084">
    <p class='ocr_par' dir='ltr' id='par_1_85' title="bbox 2095 4007 3683 4084">
     <span class='ocr_line' id='line_1_85' title="bbox 2095 4007 3683 4084; baseline -0.001 -18"><span class='ocrx_word' id='word_1_619' title='bbox 2095 4015 2164 4083; x_wconf 75' lang='grc' dir='ltr'>τῇ</span> <span class='ocrx_word' id='word_1_620' title='bbox 2188 4012 2532 4084; x_wconf 81' lang='grc' dir='ltr'>ἀναχωρήσει</span> <span class='ocrx_word' id='word_1_621' title='bbox 2565 4010 2758 4084; x_wconf 78' lang='grc' dir='ltr'>πρώτῃ</span> <span class='ocrx_word' id='word_1_622' title='bbox 2794 4013 2886 4065; x_wconf 81' lang='grc' dir='ltr'>τὸν</span> <span class='ocrx_word' id='word_1_623' title='bbox 2915 4011 3340 4082; x_wconf 80' lang='grc' dir='ltr'>γεννησάμενον,</span> <span class='ocrx_word' id='word_1_624' title='bbox 3377 4007 3498 4066; x_wconf 68' lang='grc' dir='ltr'>εἶτα</span> <span class='ocrx_word' id='word_1_625' title='bbox 3536 4011 3683 4083; x_wconf 76' lang='grc' dir='ltr'>πρὸς</span> 
     </span>
    </p>
   </div>
   <div class='ocr_carea' id='block_1_86' title="bbox 2095 4101 3682 4175">
    <p class='ocr_par' dir='ltr' id='par_1_86' title="bbox 2095 4101 3682 4175">
     <span class='ocr_line' id='line_1_86' title="bbox 2095 4101 3682 4175; baseline -0.001 -18"><span class='ocrx_word' id='word_1_626' title='bbox 2095 4103 2196 4168; x_wconf 82' lang='grc' dir='ltr'>τὰς</span> <span class='ocrx_word' id='word_1_627' title='bbox 2222 4104 2417 4175; x_wconf 79' lang='grc' dir='ltr'>ἡδονὰς</span> <span class='ocrx_word' id='word_1_628' title='bbox 2476 4103 2571 4157; x_wconf 77' lang='grc' dir='ltr'>καὶ</span> <span class='ocrx_word' id='word_1_629' title='bbox 2603 4102 2774 4174; x_wconf 82' lang='grc' dir='ltr'>μέθας</span> <span class='ocrx_word' id='word_1_630' title='bbox 2804 4101 3213 4173; x_wconf 71' lang='grc' dir='ltr'>ὲκόακχευθεὶς,</span> <span class='ocrx_word' id='word_1_631' title='bbox 3253 4104 3347 4157; x_wconf 83' lang='grc' dir='ltr'>καὶ</span> <span class='ocrx_word' id='word_1_632' title='bbox 3385 4102 3682 4174; x_wconf 85' lang='grc' dir='ltr'>φιλογύνης</span> 
     </span>
    </p>
   </div>
   <div class='ocr_carea' id='block_1_87' title="bbox 2096 4193 3679 4266">
    <p class='ocr_par' dir='ltr' id='par_1_87' title="bbox 2096 4193 3679 4266">
     <span class='ocr_line' id='line_1_87' title="bbox 2096 4193 3679 4266; baseline -0.001 -17"><span class='ocrx_word' id='word_1_633' title='bbox 2096 4194 2407 4266; x_wconf 85' lang='grc' dir='ltr'>γενόμενος,</span> <span class='ocrx_word' id='word_1_634' title='bbox 2452 4195 2630 4249; x_wconf 85' lang='grc' dir='ltr'>πάντα</span> <span class='ocrx_word' id='word_1_635' title='bbox 2656 4194 2747 4248; x_wconf 83' lang='grc' dir='ltr'>τὸν</span> <span class='ocrx_word' id='word_1_636' title='bbox 2777 4194 3041 4266; x_wconf 77' lang='grc' dir='ltr'>πατρικὸν</span> <span class='ocrx_word' id='word_1_637' title='bbox 3092 4194 3325 4249; x_wconf 82' lang='grc' dir='ltr'>πλοῦτον</span> <span class='ocrx_word' id='word_1_638' title='bbox 3373 4193 3679 4259; x_wconf 74' lang='grc' dir='ltr'>ἐκένωσεν,</span> 
     </span>
    </p>
   </div>
   <div class='ocr_carea' id='block_1_88' title="bbox 2110 4284 3683 4360">
    <p class='ocr_par' dir='ltr' id='par_1_88' title="bbox 2110 4284 3683 4360">
     <span class='ocr_line' id='line_1_88' title="bbox 2110 4284 3683 4360; baseline -0.001 -19"><span class='ocrx_word' id='word_1_639' title='bbox 2110 4286 2328 4359; x_wconf 77' lang='grc' dir='ltr'>Ἐπειδὴ</span> <span class='ocrx_word' id='word_1_640' title='bbox 2354 4287 2411 4341; x_wconf 83' lang='grc' dir='ltr'>δὲ</span> <span class='ocrx_word' id='word_1_641' title='bbox 2438 4286 2651 4360; x_wconf 88' lang='grc' dir='ltr'>χρόνοις</span> <span class='ocrx_word' id='word_1_642' title='bbox 2710 4284 2933 4358; x_wconf 77' lang='grc' dir='ltr'>ὕστερον</span> <span class='ocrx_word' id='word_1_643' title='bbox 2965 4285 3683 4358; x_wconf 71' lang='grc' dir='ltr'>ίκανῶςρὲνταλαιπωρήσας</span> 
     </span>
    </p>
   </div>
   <div class='ocr_carea' id='block_1_89' title="bbox 2097 4375 3683 4451">
    <p class='ocr_par' dir='ltr' id='par_1_89' title="bbox 2097 4375 3683 4451">
     <span class='ocr_line' id='line_1_89' title="bbox 2097 4375 3683 4451; baseline -0.001 -18"><span class='ocrx_word' id='word_1_644' title='bbox 2097 4382 2210 4444; x_wconf 86' lang='grc' dir='ltr'>τοῖς</span> <span class='ocrx_word' id='word_1_645' title='bbox 2271 4378 2514 4451; x_wconf 82' lang='grc' dir='ltr'>μόχθοις,</span> <span class='ocrx_word' id='word_1_646' title='bbox 2547 4378 2623 4442; x_wconf 81' lang='grc' dir='ltr'>ὡς</span> <span class='ocrx_word' id='word_1_647' title='bbox 2651 4378 2741 4432; x_wconf 80' lang='grc' dir='ltr'>καὶ</span> <span class='ocrx_word' id='word_1_648' title='bbox 2802 4375 3051 4450; x_wconf 75' lang='grc' dir='ltr'>συϐώτης</span> <span class='ocrx_word' id='word_1_649' title='bbox 3097 4377 3350 4446; x_wconf 83' lang='grc' dir='ltr'>γενέσθαι</span> <span class='ocrx_word' id='word_1_650' title='bbox 3387 4377 3683 4448; x_wconf 73' lang='grc' dir='ltr'>μισθωτὸς,</span> 
     </span>
    </p>
   </div>
   <div class='ocr_carea' id='block_1_90' title="bbox 412 4468 1991 4544">
    <p class='ocr_par' dir='ltr' id='par_1_90' title="bbox 412 4470 1990 4543">
     <span class='ocr_line' id='line_1_90' title="bbox 412 4470 1990 4543; baseline 0.001 -19"><span class='ocrx_word' id='word_1_651' title='bbox 412 4470 686 4539; x_wconf 86' lang='lat' dir='ltr'><strong>cenarius,</strong></span> <span class='ocrx_word' id='word_1_652' title='bbox 718 4471 928 4537; x_wconf 87' lang='lat' dir='ltr'><strong>eodem,</strong></span> <span class='ocrx_word' id='word_1_653' title='bbox 961 4487 1070 4543; x_wconf 91' lang='lat' dir='ltr'><strong>quo</strong></span> <span class='ocrx_word' id='word_1_654' title='bbox 1103 4474 1276 4543; x_wconf 87' lang='lat' dir='ltr'><strong>porci,</strong></span> <span class='ocrx_word' id='word_1_655' title='bbox 1304 4482 1616 4528; x_wconf 84' lang='lat' dir='ltr'><strong>vesceretnr</strong></span> <span class='ocrx_word' id='word_1_656' title='bbox 1653 4472 1808 4538; x_wconf 87' lang='lat' dir='ltr'><strong>cibo;</strong></span> <span class='ocrx_word' id='word_1_657' title='bbox 1867 4481 1990 4526; x_wconf 87' lang='lat' dir='ltr'><strong>tan-</strong></span> 
     </span>
    </p>
   </div>
   <div class='ocr_carea' id='block_1_91' title="bbox 2094 4468 3683 4544">
    <p class='ocr_par' dir='ltr' id='par_1_91' title="bbox 2097 4468 3683 4542">
     <span class='ocr_line' id='line_1_91' title="bbox 2097 4468 3683 4542; baseline -0.004 -15"><span class='ocrx_word' id='word_1_658' title='bbox 2097 4472 2192 4527; x_wconf 72' lang='grc' dir='ltr'>καὶ</span> <span class='ocrx_word' id='word_1_659' title='bbox 2229 4472 2329 4542; x_wconf 84' lang='grc' dir='ltr'>τῆς</span> <span class='ocrx_word' id='word_1_660' title='bbox 2358 4469 2529 4540; x_wconf 79' lang='grc' dir='ltr'>αὐτῆς</span> <span class='ocrx_word' id='word_1_661' title='bbox 2562 4471 2848 4541; x_wconf 87' lang='grc' dir='ltr'>μετασχεῖν</span> <span class='ocrx_word' id='word_1_662' title='bbox 2876 4472 2990 4534; x_wconf 79' lang='grc' dir='ltr'>τοῖς</span> <span class='ocrx_word' id='word_1_663' title='bbox 3016 4469 3220 4541; x_wconf 88' lang='grc' dir='ltr'>χοίροις</span> <span class='ocrx_word' id='word_1_664' title='bbox 3248 4468 3474 4541; x_wconf 77' lang='grc' dir='ltr'>τροφῆς.</span> <span class='ocrx_word' id='word_1_665' title='bbox 3513 4472 3683 4523; x_wconf 68' lang='grc' dir='ltr'>ἐπαν-</span> 
     </span>
    </p>
   </div>
   <div class='ocr_carea' id='block_1_92' title="bbox 398 4564 1988 4636">
    <p class='ocr_par' dir='ltr' id='par_1_92' title="bbox 398 4564 1988 4636">
     <span class='ocr_line' id='line_1_92' title="bbox 398 4564 1988 4636; baseline -0.001 -16"><span class='ocrx_word' id='word_1_666' title='bbox 398 4565 535 4620; x_wconf 82' lang='lat' dir='ltr'><strong>-dem</strong></span> <span class='ocrx_word' id='word_1_667' title='bbox 562 4564 854 4634; x_wconf 85' lang='lat' dir='ltr'><strong>aliquando</strong></span> <span class='ocrx_word' id='word_1_668' title='bbox 878 4564 1207 4635; x_wconf 89' lang='lat' dir='ltr'><strong>resipiscens</strong></span> <span class='ocrx_word' id='word_1_669' title='bbox 1232 4581 1353 4622; x_wconf 91' lang='lat' dir='ltr'><strong>cum</strong></span> <span class='ocrx_word' id='word_1_670' title='bbox 1395 4565 1465 4620; x_wconf 87' lang='lat' dir='ltr'><strong>ad</strong></span> <span class='ocrx_word' id='word_1_671' title='bbox 1513 4566 1745 4636; x_wconf 81' lang='lat' dir='ltr'><strong>patriam</strong></span> <span class='ocrx_word' id='word_1_672' title='bbox 1768 4566 1988 4621; x_wconf 85' lang='lat' dir='ltr'><strong>domum</strong></span> 
     </span>
    </p>
   </div>
   <div class='ocr_carea' id='block_1_93' title="bbox 413 4655 1991 4728">
    <p class='ocr_par' dir='ltr' id='par_1_93' title="bbox 413 4655 1991 4728">
     <span class='ocr_line' id='line_1_93' title="bbox 413 4655 1991 4728; baseline -0.001 -17"><span class='ocrx_word' id='word_1_673' title='bbox 413 4655 753 4725; x_wconf 80' lang='lat' dir='ltr'><strong>revertisset,</strong></span> <span class='ocrx_word' id='word_1_674' title='bbox 784 4671 891 4712; x_wconf 93' lang='lat' dir='ltr'><strong>non</strong></span> <span class='ocrx_word' id='word_1_675' title='bbox 923 4657 1119 4713; x_wconf 86' lang='lat' dir='ltr'><strong>avertit</strong></span> <span class='ocrx_word' id='word_1_676' title='bbox 1155 4673 1215 4717; x_wconf 84' lang='lat' dir='ltr'><strong>se</strong></span> <span class='ocrx_word' id='word_1_677' title='bbox 1248 4667 1420 4728; x_wconf 83' lang='lat' dir='ltr'><strong>pater,</strong></span> <span class='ocrx_word' id='word_1_678' title='bbox 1454 4671 1559 4712; x_wconf 89' lang='lat' dir='ltr'><strong>nec</strong></span> <span class='ocrx_word' id='word_1_679' title='bbox 1584 4670 1859 4711; x_wconf 77' lang='lat' dir='ltr'><strong>reversum</strong></span> <span class='ocrx_word' id='word_1_680' title='bbox 1893 4670 1991 4711; x_wconf 82' lang='lat' dir='ltr'><strong>ex-</strong></span> 
     </span>
    </p>
   </div>
   <div class='ocr_carea' id='block_1_94' title="bbox 410 4726 1987 4819">
    <p class='ocr_par' dir='ltr' id='par_1_94' title="bbox 410 4726 1987 4819">
     <span class='ocr_line' id='line_1_94' title="bbox 410 4726 1987 4819; baseline 0 -16"><span class='ocrx_word' id='word_1_681' title='bbox 410 4750 572 4804; x_wconf 86' lang='lat' dir='ltr'><strong>clusit</strong></span> <span class='ocrx_word' id='word_1_682' title='bbox 594 4726 788 4804; x_wconf 66' lang='lat' dir='ltr'><strong>illium.</strong></span> <span class='ocrx_word' id='word_1_683' title='bbox 824 4749 965 4817; x_wconf 81' lang='lat' dir='ltr'><strong>Quin</strong></span> <span class='ocrx_word' id='word_1_684' title='bbox 991 4751 1153 4805; x_wconf 89' lang='lat' dir='ltr'><strong>etiam</strong></span> <span class='ocrx_word' id='word_1_685' title='bbox 1183 4726 1425 4806; x_wconf 80' lang='lat' dir='ltr'><strong>occurrit</strong></span> <span class='ocrx_word' id='word_1_686' title='bbox 1449 4749 1663 4806; x_wconf 84' lang='lat' dir='ltr'><strong>obviam</strong></span> <span class='ocrx_word' id='word_1_687' title='bbox 1694 4748 1987 4819; x_wconf 84' lang='lat' dir='ltr'><strong>appropin-</strong></span> 
     </span>
    </p>
   </div>
   <div class='ocr_carea' id='block_1_95' title="bbox 410 4840 1989 4913">
    <p class='ocr_par' dir='ltr' id='par_1_95' title="bbox 410 4840 1989 4913">
     <span class='ocr_line' id='line_1_95' title="bbox 410 4840 1989 4913; baseline -0.002 -14"><span class='ocrx_word' id='word_1_688' title='bbox 410 4844 624 4913; x_wconf 85' lang='lat' dir='ltr'><strong>quanti,</strong></span> <span class='ocrx_word' id='word_1_689' title='bbox 656 4852 710 4899; x_wconf 80' lang='lat' dir='ltr'><strong>et</strong></span> <span class='ocrx_word' id='word_1_690' title='bbox 757 4843 1075 4913; x_wconf 79' lang='lat' dir='ltr'><strong>complexus</strong></span> <span class='ocrx_word' id='word_1_691' title='bbox 1109 4858 1255 4908; x_wconf 84' lang='lat' dir='ltr'><strong>eum,</strong></span> <span class='ocrx_word' id='word_1_692' title='bbox 1294 4852 1461 4913; x_wconf 85' lang='lat' dir='ltr'><strong>atque</strong></span> <span class='ocrx_word' id='word_1_693' title='bbox 1509 4842 1781 4897; x_wconf 63' lang='lat' dir='ltr'><strong>inberens‘</strong></span> <span class='ocrx_word' id='word_1_694' title='bbox 1828 4840 1989 4907; x_wconf 85' lang='lat' dir='ltr'><strong>collo,</strong></span> 
     </span>
    </p>
   </div>
   <div class='ocr_carea' id='block_1_96' title="bbox 412 4932 1993 5007">
    <p class='ocr_par' dir='ltr' id='par_1_96' title="bbox 412 4932 1993 5007">
     <span class='ocr_line' id='line_1_96' title="bbox 412 4932 1993 5007; baseline -0.001 -17"><span class='ocrx_word' id='word_1_695' title='bbox 412 4936 786 4992; x_wconf 82' lang='lat' dir='ltr'><strong>misericordia</strong></span> <span class='ocrx_word' id='word_1_696' title='bbox 817 4945 1121 4992; x_wconf 87' lang='lat' dir='ltr'><strong>commotus</strong></span> <span class='ocrx_word' id='word_1_697' title='bbox 1152 4935 1422 5007; x_wconf 81' lang='lat' dir='ltr'><strong>lacrymas</strong></span> <span class='ocrx_word' id='word_1_698' title='bbox 1465 4932 1623 4997; x_wconf 82' lang='lat' dir='ltr'><strong>fudit,</strong></span> <span class='ocrx_word' id='word_1_699' title='bbox 1663 4946 1716 4990; x_wconf 88' lang='lat' dir='ltr'><strong>et</strong></span> <span class='ocrx_word' id='word_1_700' title='bbox 1760 4950 1857 5004; x_wconf 85' lang='lat' dir='ltr'><strong>pro</strong></span> <span class='ocrx_word' id='word_1_701' title='bbox 1892 4936 1993 4988; x_wconf 71' lang='lat' dir='ltr'><strong>nti-</strong></span> 
     </span>
    </p>
   </div>
   <div class='ocr_carea' id='block_1_97' title="bbox 409 5026 1996 5095">
    <p class='ocr_par' dir='ltr' id='par_1_97' title="bbox 409 5026 1996 5095">
     <span class='ocr_line' id='line_1_97' title="bbox 409 5026 1996 5095; baseline 0 -15"><span class='ocrx_word' id='word_1_702' title='bbox 409 5042 533 5082; x_wconf 81' lang='lat' dir='ltr'><strong>sero</strong></span> <span class='ocrx_word' id='word_1_703' title='bbox 561 5042 747 5083; x_wconf 88' lang='lat' dir='ltr'><strong>rursus</strong></span> <span class='ocrx_word' id='word_1_704' title='bbox 785 5029 1001 5084; x_wconf 83' lang='lat' dir='ltr'><strong>beatum</strong></span> <span class='ocrx_word' id='word_1_705' title='bbox 1038 5027 1290 5092; x_wconf 82' lang='lat' dir='ltr'><strong>reddidit,</strong></span> <span class='ocrx_word' id='word_1_706' title='bbox 1325 5027 1556 5095; x_wconf 80' lang='lat' dir='ltr'><strong>ingenuo</strong></span> <span class='ocrx_word' id='word_1_707' title='bbox 1592 5026 1737 5081; x_wconf 91' lang='lat' dir='ltr'><strong>illum</strong></span> <span class='ocrx_word' id='word_1_708' title='bbox 1764 5026 1996 5082; x_wconf 74' lang='lat' dir='ltr'><strong>inductis</strong></span> 
     </span>
    </p>
   </div>
   <div class='ocr_carea' id='block_1_98' title="bbox 412 5116 1994 5187">
    <p class='ocr_par' dir='ltr' id='par_1_98' title="bbox 412 5116 1994 5187">
     <span class='ocr_line' id='line_1_98' title="bbox 412 5116 1994 5187; baseline 0.001 -16"><span class='ocrx_word' id='word_1_709' title='bbox 412 5120 759 5184; x_wconf 82' lang='lat' dir='ltr'><strong>vestimento,</strong></span> <span class='ocrx_word' id='word_1_710' title='bbox 793 5129 849 5175; x_wconf 86' lang='lat' dir='ltr'><strong>et</strong></span> <span class='ocrx_word' id='word_1_711' title='bbox 878 5119 932 5174; x_wconf 89' lang='lat' dir='ltr'><strong>in</strong></span> <span class='ocrx_word' id='word_1_712' title='bbox 960 5134 1121 5173; x_wconf 87' lang='lat' dir='ltr'><strong>manu</strong></span> <span class='ocrx_word' id='word_1_713' title='bbox 1148 5116 1265 5187; x_wconf 85' lang='lat' dir='ltr'><strong>ejus</strong></span> <span class='ocrx_word' id='word_1_714' title='bbox 1288 5118 1547 5172; x_wconf 91' lang='lat' dir='ltr'><strong>annulum</strong></span> <span class='ocrx_word' id='word_1_715' title='bbox 1595 5118 1899 5187; x_wconf 83' lang='lat' dir='ltr'><strong>imponens.</strong></span> <span class='ocrx_word' id='word_1_716' title='bbox 1929 5132 1994 5172; x_wconf 89' lang='lat' dir='ltr'><strong>ac</strong></span> 
     </span>
    </p>
   </div>
   <div class='ocr_carea' id='block_1_99' title="bbox 412 5209 1982 5285">
    <p class='ocr_par' dir='ltr' id='par_1_99' title="bbox 412 5209 1982 5285">
     <span class='ocr_line' id='line_1_99' title="bbox 412 5209 1982 5285; baseline -0.001 -21"><span class='ocrx_word' id='word_1_717' title='bbox 412 5210 553 5266; x_wconf 86' lang='lat' dir='ltr'><strong>diem</strong></span> <span class='ocrx_word' id='word_1_718' title='bbox 590 5213 786 5269; x_wconf 83' lang='lat' dir='ltr'><strong>festum</strong></span> <span class='ocrx_word' id='word_1_719' title='bbox 838 5228 1025 5285; x_wconf 87' lang='lat' dir='ltr'><strong>agens,</strong></span> <span class='ocrx_word' id='word_1_720' title='bbox 1058 5212 1508 5283; x_wconf 69' lang='lat' dir='ltr'><strong>magnificumque</strong></span> <span class='ocrx_word' id='word_1_721' title='bbox 1551 5220 1608 5265; x_wconf 90' lang='lat' dir='ltr'><strong>et</strong></span> <span class='ocrx_word' id='word_1_722' title='bbox 1646 5209 1982 5280; x_wconf 83' lang='lat' dir='ltr'><strong>splendidum</strong></span> 
     </span>
    </p>
   </div>
   <div class='ocr_carea' id='block_1_100' title="bbox 411 5302 1990 5372">
    <p class='ocr_par' dir='ltr' id='par_1_100' title="bbox 411 5302 1990 5372">
     <span class='ocr_line' id='line_1_100' title="bbox 411 5302 1990 5372; baseline 0.001 -16"><span class='ocrx_word' id='word_1_723' title='bbox 411 5304 719 5360; x_wconf 80' lang='lat' dir='ltr'><strong>convivium</strong></span> <span class='ocrx_word' id='word_1_724' title='bbox 765 5306 1068 5362; x_wconf 79' lang='lat' dir='ltr'><strong>celebrans.</strong></span> <span class='ocrx_word' id='word_1_725' title='bbox 1099 5304 1223 5360; x_wconf 63' lang='lat' dir='ltr'><strong>llaec</strong></span> <span class='ocrx_word' id='word_1_726' title='bbox 1265 5305 1419 5359; x_wconf 88' lang='lat' dir='ltr'><strong>nobis</strong></span> <span class='ocrx_word' id='word_1_727' title='bbox 1462 5302 1759 5358; x_wconf 86' lang='lat' dir='ltr'><strong>similitudo</strong></span> <span class='ocrx_word' id='word_1_728' title='bbox 1789 5316 1990 5372; x_wconf 77' lang='lat' dir='ltr'><strong>propo-</strong></span> 
     </span>
    </p>
   </div>
   <div class='ocr_carea' id='block_1_101' title="bbox 410 5392 1991 5465">
    <p class='ocr_par' dir='ltr' id='par_1_101' title="bbox 410 5392 1991 5465">
     <span class='ocr_line' id='line_1_101' title="bbox 410 5392 1991 5465; baseline 0 -19"><span class='ocrx_word' id='word_1_729' title='bbox 410 5392 513 5446; x_wconf 82' lang='lat' dir='ltr'><strong>sita</strong></span> <span class='ocrx_word' id='word_1_730' title='bbox 541 5404 643 5460; x_wconf 89' lang='lat' dir='ltr'><strong>est,</strong></span> <span class='ocrx_word' id='word_1_731' title='bbox 688 5405 743 5447; x_wconf 87' lang='lat' dir='ltr'><strong>ut</strong></span> <span class='ocrx_word' id='word_1_732' title='bbox 793 5396 1236 5465; x_wconf 82' lang='lat' dir='ltr'><strong>rcsipisccntibus</strong></span> <span class='ocrx_word' id='word_1_733' title='bbox 1274 5393 1571 5450; x_wconf 83' lang='lat' dir='ltr'><strong>Ecclesiam</strong></span> <span class='ocrx_word' id='word_1_734' title='bbox 1603 5400 1861 5463; x_wconf 84' lang='lat' dir='ltr'><strong>tanquam</strong></span> <span class='ocrx_word' id='word_1_735' title='bbox 1893 5393 1991 5447; x_wconf 78' lang='lat' dir='ltr'><strong>do-</strong></span> 
     </span>
    </p>
   </div>
   <div class='ocr_carea' id='block_1_102' title="bbox 411 5487 1993 5558">
    <p class='ocr_par' dir='ltr' id='par_1_102' title="bbox 411 5487 1993 5558">
     <span class='ocr_line' id='line_1_102' title="bbox 411 5487 1993 5558; baseline -0.002 -19"><span class='ocrx_word' id='word_1_736' title='bbox 411 5500 556 5539; x_wconf 88' lang='lat' dir='ltr'><strong>mum</strong></span> <span class='ocrx_word' id='word_1_737' title='bbox 611 5496 891 5553; x_wconf 83' lang='lat' dir='ltr'><strong>paternam</strong></span> <span class='ocrx_word' id='word_1_738' title='bbox 937 5490 1287 5558; x_wconf 86' lang='lat' dir='ltr'><strong>apcriamus,</strong></span> <span class='ocrx_word' id='word_1_739' title='bbox 1338 5500 1539 5555; x_wconf 84' lang='lat' dir='ltr'><strong>eosque</strong></span> <span class='ocrx_word' id='word_1_740' title='bbox 1587 5487 1895 5547; x_wconf 83' lang='lat' dir='ltr'><strong>humaniter</strong></span> <span class='ocrx_word' id='word_1_741' title='bbox 1937 5493 1993 5537; x_wconf 80' lang='lat' dir='ltr'><strong>et</strong></span> 
     </span>
    </p>
   </div>
   <div class='ocr_carea' id='block_1_103' title="bbox 409 5577 1988 5649">
    <p class='ocr_par' dir='ltr' id='par_1_103' title="bbox 409 5577 1988 5649">
     <span class='ocr_line' id='line_1_103' title="bbox 409 5577 1988 5649; baseline -0.003 -17"><span class='ocrx_word' id='word_1_742' title='bbox 409 5577 642 5649; x_wconf 84' lang='lat' dir='ltr'><strong>benigne</strong></span> <span class='ocrx_word' id='word_1_743' title='bbox 680 5580 1070 5649; x_wconf 76' lang='lat' dir='ltr'><strong>suscipiamus,</strong></span> <span class='ocrx_word' id='word_1_744' title='bbox 1108 5596 1173 5634; x_wconf 90' lang='lat' dir='ltr'><strong>ne</strong></span> <span class='ocrx_word' id='word_1_745' title='bbox 1225 5595 1347 5634; x_wconf 86' lang='lat' dir='ltr'><strong>cum</strong></span> <span class='ocrx_word' id='word_1_746' title='bbox 1384 5579 1583 5649; x_wconf 79' lang='lat' dir='ltr'><strong>porcis,</strong></span> <span class='ocrx_word' id='word_1_747' title='bbox 1638 5578 1689 5632; x_wconf 87' lang='lat' dir='ltr'><strong>id</strong></span> <span class='ocrx_word' id='word_1_748' title='bbox 1726 5588 1831 5643; x_wconf 82' lang='lat' dir='ltr'><strong>est,</strong></span> <span class='ocrx_word' id='word_1_749' title='bbox 1867 5592 1988 5629; x_wconf 87' lang='lat' dir='ltr'><strong>cum</strong></span> 
     </span>
    </p>
   </div>
   <div class='ocr_carea' id='block_1_104' title="bbox 482 5754 1030 5824">
    <p class='ocr_par' dir='ltr' id='par_1_104' title="bbox 482 5754 1030 5824">
     <span class='ocr_line' id='line_1_104' title="bbox 482 5754 1030 5824; baseline -0.013 -11"><span class='ocrx_word' id='word_1_750' title='bbox 482 5758 650 5812; x_wconf 64' lang='lat' dir='ltr'><strong>‘Luc.</strong></span> <span class='ocrx_word' id='word_1_751' title='bbox 696 5772 817 5821; x_wconf 80' lang='lat' dir='ltr'><strong>xm,</strong></span> <span class='ocrx_word' id='word_1_752' title='bbox 854 5754 885 5808; x_wconf 81' lang='grc' dir='ltr'><strong>ϐ</strong></span> <span class='ocrx_word' id='word_1_753' title='bbox 913 5770 1030 5824; x_wconf 69' lang='lat' dir='ltr'><strong>sqq.</strong></span> 
     </span>
    </p>
   </div>
   <div class='ocr_carea' id='block_1_105' title="bbox 2095 4561 3684 4637">
    <p class='ocr_par' dir='ltr' id='par_1_105' title="bbox 2095 4561 3684 4637">
     <span class='ocr_line' id='line_1_105' title="bbox 2095 4561 3684 4637; baseline -0.004 -17"><span class='ocrx_word' id='word_1_754' title='bbox 2095 4564 2229 4637; x_wconf 81' lang='grc' dir='ltr'>ἦλθε</span> <span class='ocrx_word' id='word_1_755' title='bbox 2281 4563 2418 4637; x_wconf 79' lang='grc' dir='ltr'>πρὸς</span> <span class='ocrx_word' id='word_1_756' title='bbox 2449 4563 2548 4636; x_wconf 83' lang='grc' dir='ltr'>τὴν</span> <span class='ocrx_word' id='word_1_757' title='bbox 2587 4563 2860 4636; x_wconf 77' lang='grc' dir='ltr'>πατρικὴν</span> <span class='ocrx_word' id='word_1_758' title='bbox 2902 4563 3087 4617; x_wconf 73' lang='grc' dir='ltr'>ἑστίαν</span> <span class='ocrx_word' id='word_1_759' title='bbox 3142 4561 3550 4635; x_wconf 77' lang='grc' dir='ltr'>σωφρονισθεὶς,</span> <span class='ocrx_word' id='word_1_760' title='bbox 3579 4563 3684 4615; x_wconf 72' lang='grc' dir='ltr'>οὐκ</span> 
     </span>
    </p>
   </div>
   <div class='ocr_carea' id='block_1_106' title="bbox 2098 4650 3684 4729">
    <p class='ocr_par' dir='ltr' id='par_1_106' title="bbox 2098 4650 3684 4729">
     <span class='ocr_line' id='line_1_106' title="bbox 2098 4650 3684 4729; baseline -0.007 -16"><span class='ocrx_word' id='word_1_761' title='bbox 2098 4656 2426 4729; x_wconf 80' lang='grc' dir='ltr'>ἀπεστράφη</span> <span class='ocrx_word' id='word_1_762' title='bbox 2458 4657 2487 4709; x_wconf 81' lang='grc' dir='ltr'>ὁ</span> <span class='ocrx_word' id='word_1_763' title='bbox 2513 4654 2717 4727; x_wconf 83' lang='grc' dir='ltr'>πατὴρ,</span> <span class='ocrx_word' id='word_1_764' title='bbox 2752 4652 2873 4707; x_wconf 80' lang='grc' dir='ltr'>οὐδὲ</span> <span class='ocrx_word' id='word_1_765' title='bbox 2908 4652 3177 4723; x_wconf 73' lang='grc' dir='ltr'>ἐπέθηκεν</span> <span class='ocrx_word' id='word_1_766' title='bbox 3207 4652 3353 4723; x_wconf 76' lang='grc' dir='ltr'>αὐτῷ</span> <span class='ocrx_word' id='word_1_767' title='bbox 3383 4652 3481 4715; x_wconf 74' lang='grc' dir='ltr'><strong>τὰς</strong></span> <span class='ocrx_word' id='word_1_768' title='bbox 3506 4650 3684 4722; x_wconf 76' lang='grc' dir='ltr'>θύρας</span> 
     </span>
    </p>
   </div>
   <div class='ocr_carea' id='block_1_107' title="bbox 2097 4742 3680 4814">
    <p class='ocr_par' dir='ltr' id='par_1_107' title="bbox 2097 4742 3680 4814">
     <span class='ocr_line' id='line_1_107' title="bbox 2097 4742 3680 4814; baseline -0.006 -12"><span class='ocrx_word' id='word_1_769' title='bbox 2097 4746 2476 4802; x_wconf 68' lang='grc' dir='ltr'>ἑπανελθόντι·</span> <span class='ocrx_word' id='word_1_770' title='bbox 2510 4744 2648 4799; x_wconf 85' lang='grc' dir='ltr'><strong>ἀλλά</strong></span> <span class='ocrx_word' id='word_1_771' title='bbox 2686 4745 2792 4799; x_wconf 75' lang='grc' dir='ltr'>πᾶν</span> <span class='ocrx_word' id='word_1_772' title='bbox 2823 4743 3151 4804; x_wconf 71' lang='grc' dir='ltr'>τούναντίον,</span> <span class='ocrx_word' id='word_1_773' title='bbox 3182 4742 3559 4814; x_wconf 78' lang='grc' dir='ltr'>προσέδραμεν</span> <span class='ocrx_word' id='word_1_774' title='bbox 3586 4744 3680 4809; x_wconf 62' lang='lat' dir='ltr'><strong>ty-</strong></span> 
     </span>
    </p>
   </div>
   <div class='ocr_carea' id='block_1_108' title="bbox 2098 4835 3658 4910">
    <p class='ocr_par' dir='ltr' id='par_1_108' title="bbox 2098 4835 3658 4910">
     <span class='ocr_line' id='line_1_108' title="bbox 2098 4835 3658 4910; baseline -0.004 -16"><span class='ocrx_word' id='word_1_775' title='bbox 2098 4839 2324 4910; x_wconf 72' lang='grc' dir='ltr'>γίζοντι.</span> <span class='ocrx_word' id='word_1_776' title='bbox 2357 4839 2450 4892; x_wconf 69' lang='grc' dir='ltr'>καὶ</span> <span class='ocrx_word' id='word_1_777' title='bbox 2471 4836 2730 4907; x_wconf 66' lang='grc' dir='ltr'>ἐπεκλίθη</span> <span class='ocrx_word' id='word_1_778' title='bbox 2753 4836 2832 4907; x_wconf 83' lang='grc' dir='ltr'>τῷ</span> <span class='ocrx_word' id='word_1_779' title='bbox 2863 4835 3139 4907; x_wconf 73' lang='grc' dir='ltr'>τραχήλῳ,</span> <span class='ocrx_word' id='word_1_780' title='bbox 3171 4837 3264 4890; x_wconf 72' lang='grc' dir='ltr'>καὶ</span> <span class='ocrx_word' id='word_1_781' title='bbox 3311 4835 3545 4906; x_wconf 77' lang='grc' dir='ltr'>δάκρυον</span> <span class='ocrx_word' id='word_1_782' title='bbox 3584 4836 3658 4887; x_wconf 75' lang='grc' dir='ltr'>ἐπ</span> 
     </span>
    </p>
   </div>
   <div class='ocr_carea' id='block_1_109' title="bbox 2100 4926 3684 5001">
    <p class='ocr_par' dir='ltr' id='par_1_109' title="bbox 2100 4926 3684 5001">
     <span class='ocr_line' id='line_1_109' title="bbox 2100 4926 3684 5001; baseline -0.004 -15"><span class='ocrx_word' id='word_1_783' title='bbox 2100 4930 2293 4999; x_wconf 82' lang='grc' dir='ltr'>έσταξε</span> <span class='ocrx_word' id='word_1_784' title='bbox 2359 4928 2661 5001; x_wconf 81' lang='grc' dir='ltr'>συμπαθῶς</span> <span class='ocrx_word' id='word_1_785' title='bbox 2706 4928 2785 4999; x_wconf 84' lang='grc' dir='ltr'>τῷ</span> <span class='ocrx_word' id='word_1_786' title='bbox 2833 4929 3053 4998; x_wconf 82' lang='grc' dir='ltr'>αὐχένι,</span> <span class='ocrx_word' id='word_1_787' title='bbox 3118 4927 3458 5000; x_wconf 75' lang='grc' dir='ltr'>ἐποίησενδὲ</span> <span class='ocrx_word' id='word_1_788' title='bbox 3513 4926 3684 4985; x_wconf 77' lang='grc' dir='ltr'>πάλιν</span> 
     </span>
    </p>
   </div>
   <div class='ocr_carea' id='block_1_110' title="bbox 2092 5019 3682 5093">
    <p class='ocr_par' dir='ltr' id='par_1_110' title="bbox 2092 5019 3682 5093">
     <span class='ocr_line' id='line_1_110' title="bbox 2092 5019 3682 5093; baseline -0.005 -12"><span class='ocrx_word' id='word_1_789' title='bbox 2092 5024 2215 5081; x_wconf 75' lang='grc' dir='ltr'>ἀντὶ</span> <span class='ocrx_word' id='word_1_790' title='bbox 2235 5022 2420 5078; x_wconf 85' lang='grc' dir='ltr'>ἀθλίου</span> <span class='ocrx_word' id='word_1_791' title='bbox 2459 5020 2816 5093; x_wconf 82' lang='grc' dir='ltr'>μακαριστὸν,</span> <span class='ocrx_word' id='word_1_792' title='bbox 2875 5020 3168 5093; x_wconf 81' lang='grc' dir='ltr'>ἐλευθερίῳ</span> <span class='ocrx_word' id='word_1_793' title='bbox 3203 5021 3479 5092; x_wconf 82' lang='grc' dir='ltr'>ἀμφιέσας</span> <span class='ocrx_word' id='word_1_794' title='bbox 3511 5019 3682 5090; x_wconf 76' lang='grc' dir='ltr'>ἐσθῆ-</span> 
     </span>
    </p>
   </div>
   <div class='ocr_carea' id='block_1_111' title="bbox 2091 5113 3679 5187">
    <p class='ocr_par' dir='ltr' id='par_1_111' title="bbox 2091 5113 3679 5187">
     <span class='ocr_line' id='line_1_111' title="bbox 2091 5113 3679 5187; baseline -0.004 -16"><span class='ocrx_word' id='word_1_795' title='bbox 2091 5135 2166 5180; x_wconf 88' lang='grc' dir='ltr'><strong>τι,</strong></span> <span class='ocrx_word' id='word_1_796' title='bbox 2219 5116 2315 5169; x_wconf 71' lang='grc' dir='ltr'>καὶ</span> <span class='ocrx_word' id='word_1_797' title='bbox 2363 5113 2650 5169; x_wconf 86' lang='grc' dir='ltr'>δακτύλιον</span> <span class='ocrx_word' id='word_1_798' title='bbox 2705 5116 2771 5185; x_wconf 79' lang='grc' dir='ltr'><strong>τῇ</strong></span> <span class='ocrx_word' id='word_1_799' title='bbox 2830 5114 2974 5185; x_wconf 78' lang='grc' dir='ltr'>χειρὶ</span> <span class='ocrx_word' id='word_1_800' title='bbox 3035 5114 3302 5187; x_wconf 73' lang='grc' dir='ltr'>περιθεὶς,</span> <span class='ocrx_word' id='word_1_801' title='bbox 3354 5113 3449 5169; x_wconf 79' lang='grc' dir='ltr'>καὶ</span> <span class='ocrx_word' id='word_1_802' title='bbox 3479 5114 3679 5186; x_wconf 74' lang='grc' dir='ltr'>ἑορτὴν</span> 
     </span>
    </p>
   </div>
   <div class='ocr_carea' id='block_1_112' title="bbox 2091 5203 3680 5277">
    <p class='ocr_par' dir='ltr' id='par_1_112' title="bbox 2091 5203 3680 5277">
     <span class='ocr_line' id='line_1_112' title="bbox 2091 5203 3680 5277; baseline -0.002 -16"><span class='ocrx_word' id='word_1_803' title='bbox 2091 5207 2240 5275; x_wconf 82' lang='grc' dir='ltr'>ἄγων</span> <span class='ocrx_word' id='word_1_804' title='bbox 2272 5204 2370 5277; x_wconf 82' lang='grc' dir='ltr'>τὴν</span> <span class='ocrx_word' id='word_1_805' title='bbox 2399 5205 2632 5276; x_wconf 76' lang='grc' dir='ltr'>ἡμέραν,</span> <span class='ocrx_word' id='word_1_806' title='bbox 2664 5203 2759 5258; x_wconf 79' lang='grc' dir='ltr'>καὶ</span> <span class='ocrx_word' id='word_1_807' title='bbox 2782 5203 3110 5276; x_wconf 75' lang='grc' dir='ltr'>εὐτρεπίσας</span> <span class='ocrx_word' id='word_1_808' title='bbox 3136 5204 3369 5274; x_wconf 80' lang='grc' dir='ltr'>εὐωχίαν</span> <span class='ocrx_word' id='word_1_809' title='bbox 3394 5203 3680 5274; x_wconf 76' lang='grc' dir='ltr'>λαμπράν.</span> 
     </span>
    </p>
   </div>
   <div class='ocr_carea' id='block_1_113' title="bbox 2088 5292 3684 5365">
    <p class='ocr_par' dir='ltr' id='par_1_113' title="bbox 2088 5292 3684 5365">
     <span class='ocr_line' id='line_1_113' title="bbox 2088 5292 3684 5365; baseline -0.004 -14"><span class='ocrx_word' id='word_1_810' title='bbox 2088 5297 2274 5353; x_wconf 79' lang='grc' dir='ltr'>Ταῦτα</span> <span class='ocrx_word' id='word_1_811' title='bbox 2304 5295 2361 5351; x_wconf 76' lang='grc' dir='ltr'>δὲ</span> <span class='ocrx_word' id='word_1_812' title='bbox 2389 5295 2569 5349; x_wconf 77' lang='grc' dir='ltr'>πάντα</span> <span class='ocrx_word' id='word_1_813' title='bbox 2603 5294 2762 5363; x_wconf 80' lang='grc' dir='ltr'>λόγος</span> <span class='ocrx_word' id='word_1_814' title='bbox 2802 5295 2919 5347; x_wconf 77' lang='grc' dir='ltr'>ἐστὶ</span> <span class='ocrx_word' id='word_1_815' title='bbox 2948 5293 3334 5365; x_wconf 70' lang='grc' dir='ltr'>παραϐολικδς,</span> <span class='ocrx_word' id='word_1_816' title='bbox 3368 5292 3684 5362; x_wconf 85' lang='grc' dir='ltr'>ὑπανοίγων</span> 
     </span>
    </p>
   </div>
   <div class='ocr_carea' id='block_1_114' title="bbox 2088 5386 3684 5462">
    <p class='ocr_par' dir='ltr' id='par_1_114' title="bbox 2088 5386 3684 5462">
     <span class='ocr_line' id='line_1_114' title="bbox 2088 5386 3684 5462; baseline -0.004 -18"><span class='ocrx_word' id='word_1_817' title='bbox 2088 5391 2164 5455; x_wconf 82' lang='grc' dir='ltr'>ὡς</span> <span class='ocrx_word' id='word_1_818' title='bbox 2193 5390 2464 5462; x_wconf 78' lang='grc' dir='ltr'>πατρικὴν</span> <span class='ocrx_word' id='word_1_819' title='bbox 2494 5388 2687 5457; x_wconf 72' lang='grc' dir='ltr'>ἑστίαν</span> <span class='ocrx_word' id='word_1_820' title='bbox 2747 5386 2844 5460; x_wconf 82' lang='grc' dir='ltr'>τὴν</span> <span class='ocrx_word' id='word_1_821' title='bbox 2881 5386 3231 5458; x_wconf 82' lang='grc' dir='ltr'>Ἐκκλησίαν,</span> <span class='ocrx_word' id='word_1_822' title='bbox 3266 5388 3361 5444; x_wconf 73' lang='grc' dir='ltr'>καὶ</span> <span class='ocrx_word' id='word_1_823' title='bbox 3389 5386 3684 5458; x_wconf 82' lang='grc' dir='ltr'>δεχόμενος</span> 
     </span>
    </p>
   </div>
   <div class='ocr_carea' id='block_1_115' title="bbox 2089 5478 3686 5554">
    <p class='ocr_par' dir='ltr' id='par_1_115' title="bbox 2089 5478 3686 5554">
     <span class='ocr_line' id='line_1_115' title="bbox 2089 5478 3686 5554; baseline -0.003 -17"><span class='ocrx_word' id='word_1_824' title='bbox 2089 5483 2445 5554; x_wconf 74' lang='grc' dir='ltr'>φιλοφρόνως,</span> <span class='ocrx_word' id='word_1_825' title='bbox 2473 5482 2559 5536; x_wconf 82' lang='grc' dir='ltr'>ἵνα</span> <span class='ocrx_word' id='word_1_826' title='bbox 2584 5481 2658 5552; x_wconf 83' lang='grc' dir='ltr'>μὴ</span> <span class='ocrx_word' id='word_1_827' title='bbox 2684 5478 2815 5535; x_wconf 79' lang='grc' dir='ltr'>ὦσιν</span> <span class='ocrx_word' id='word_1_828' title='bbox 2842 5479 3137 5549; x_wconf 82' lang='grc' dir='ltr'>ὀμοδίαιτοι</span> <span class='ocrx_word' id='word_1_829' title='bbox 3177 5481 3287 5541; x_wconf 84' lang='grc' dir='ltr'>τοῖς</span> <span class='ocrx_word' id='word_1_830' title='bbox 3320 5480 3546 5549; x_wconf 83' lang='grc' dir='ltr'>χοὶροις,</span> <span class='ocrx_word' id='word_1_831' title='bbox 3573 5482 3686 5542; x_wconf 82' lang='grc' dir='ltr'>τοῖς</span> 
     </span>
    </p>
   </div>
   <div class='ocr_carea' id='block_1_116' title="bbox 2088 5571 3686 5645">
    <p class='ocr_par' dir='ltr' id='par_1_116' title="bbox 2088 5571 3686 5645">
     <span class='ocr_line' id='line_1_116' title="bbox 2088 5571 3686 5645; baseline -0.003 -15"><span class='ocrx_word' id='word_1_832' title='bbox 2088 5577 2357 5645; x_wconf 83' lang='grc' dir='ltr'>δαίμοσιν,</span> <span class='ocrx_word' id='word_1_833' title='bbox 2383 5575 2647 5643; x_wconf 75' lang='grc' dir='ltr'>γένωνται</span> <span class='ocrx_word' id='word_1_834' title='bbox 2703 5573 2758 5627; x_wconf 82' lang='grc' dir='ltr'>δὲ</span> <span class='ocrx_word' id='word_1_835' title='bbox 2792 5572 2952 5626; x_wconf 77' lang='grc' dir='ltr'>πάλιν</span> <span class='ocrx_word' id='word_1_836' title='bbox 2996 5572 3055 5636; x_wconf 77' lang='grc' dir='ltr'><strong>ἐξ</strong></span> <span class='ocrx_word' id='word_1_837' title='bbox 3080 5571 3401 5644; x_wconf 43' lang='grc' dir='ltr'>,ἀλλοτρίων</span> <span class='ocrx_word' id='word_1_838' title='bbox 3430 5572 3536 5625; x_wconf 80' lang='grc' dir='ltr'>υἱοί</span> <span class='ocrx_word' id='word_1_839' title='bbox 3559 5587 3571 5599; x_wconf 88' lang='grc'>·</span> <span class='ocrx_word' id='word_1_840' title='bbox 3599 5572 3686 5625; x_wconf 78' lang='grc' dir='ltr'>ἵνα</span> 
     </span>
    </p>
   </div>
   <div class='ocr_carea' id='block_1_117' title="bbox 1113 5752 2424 5823">
    <p class='ocr_par' dir='ltr' id='par_1_117' title="bbox 1113 5752 2424 5823">
     <span class='ocr_line' id='line_1_117' title="bbox 1113 5752 2424 5823; baseline -0.005 -15"><span class='ocrx_word' id='word_1_841' title='bbox 1113 5755 1133 5786; x_wconf 84' lang='grc'>⁸</span> <span class='ocrx_word' id='word_1_842' title='bbox 1167 5753 1336 5808; x_wconf 73' lang='lat' dir='ltr'><strong>Exod.</strong></span> <span class='ocrx_word' id='word_1_843' title='bbox 1365 5770 1538 5820; x_wconf 70' lang='lat' dir='ltr'><strong>xuii,</strong></span> <span class='ocrx_word' id='word_1_844' title='bbox 1570 5754 1639 5808; x_wconf 80' lang='lat'><strong>5&#39;2</strong></span> <span class='ocrx_word' id='word_1_845' title='bbox 1670 5770 1794 5823; x_wconf 86' lang='lat' dir='ltr'><strong>sqq.</strong></span> <span class='ocrx_word' id='word_1_846' title='bbox 1873 5755 1893 5788; x_wconf 77' lang='grc'><strong><em>⁸</em></strong></span> <span class='ocrx_word' id='word_1_847' title='bbox 1930 5752 2058 5808; x_wconf 84' lang='lat' dir='ltr'><strong>Luc.</strong></span> <span class='ocrx_word' id='word_1_848' title='bbox 2098 5769 2148 5807; x_wconf 65' lang='grc' dir='ltr'>κ’</span> <span class='ocrx_word' id='word_1_849' title='bbox 2171 5792 2189 5818; x_wconf 95' lang='grc'><strong>,</strong></span> <span class='ocrx_word' id='word_1_850' title='bbox 2225 5753 2275 5805; x_wconf 84' lang='lat' dir='ltr'><strong>ll</strong></span> <span class='ocrx_word' id='word_1_851' title='bbox 2304 5767 2424 5821; x_wconf 50' lang='lat' dir='ltr'><strong>xqq.</strong></span> 
     </span>
    </p>
   </div>
  </div>
