4048 6194
141 458 153 467 υ
322 369 428 433 5θὸ

1143 352 1424 426 ιιοιιιιιρι
1456 352 1596 425 xui.
1639 344 2085 425 annoanno
2137 360 2753 453 AD‘POEN’ITENTIAM

3492 379 3598 437 366

321 496 403 566 τῷ
430 480 735 566 βουλήματι
783 491 881 546 τοῦ
906 491 1044 561 Θεοῦ
1079 493 1317 559 συζῶσιν
1366 492 1443 559 ὡς
1471 492 1667 568 γνώμῃ
1693 482 1918 567 πατρὸς,

2027 494 2359 550 daemonibus
2379 496 2543 550 vitam
2578 496 2794 564 degant,
2830 494 2923 550 sed
2956 499 3022 550 ex
3065 495 3256 554 alienis
3287 514 3500 555 rursum
3528 504 3596 559 ad

322 589 422 645 καὶ
447 590 564 651 τοῖς
594 587 768 655 ἁγίοις
794 584 1081 657 ἃνδράσιν,
1113 586 1187 650 ὡς
1211 585 1482 656 ἀδελφοῖς.
1519 586 1592 639 Σὺ
1622 584 1679 639 δὲ
1709 585 1783 658 μὴ
1816 584 1913 658 ζή-

323 682 423 735 λου
441 682 545 753 τὴν
571 678 791 751 γνώμην
817 678 915 733 τοῦ
941 682 1046 751 πρε
1056 676 1338 749 σϐυτέρου,
1373 677 1505 748 μηδὲ
1533 676 1913 747 καταγόγγυζε

328 775 435 844 τῆς
460 772 559 827 τοῦ
590 771 791 842 πατρὸς
822 769 1261 843 φιλανθρωπίας,
1304 770 1387 824 ὅτι
1449 770 1544 824 καὶ
1586 769 1678 824 τὸν
1704 770 1913 825 ἄσωτον

330 866 433 919 καὶ
464 862 719 936 ὑϐριστὴν
741 861 1088 932 εἰσῳκίσατο.
1118 857 1378 930 Θαύμαζε
1406 857 1606 930 μᾶλλον
1645 857 1747 929 τὴν
1777 860 1916 926 ἀγαλ

335 957 554 1029 θότητα,
585 955 678 1008 καὶ
705 953 878 1026 μιμοῦ
908 951 1004 1008 τοῦ
1035 951 1171 1006 Θεοῦ
1196 951 1297 1024 τὴν
1330 950 1641 1024 εὐμένειαν,
1676 949 1771 1004 καὶ
1789 951 1914 1014 τοὺς

335 1050 403 1102 ἐκ
432 1048 529 1119 τῆς
557 1046 767 1118 πλάνης
813 1043 1256 1117 ὑποστρέφοντας
1286 1041 1645 1111 ὲναγκαλίζου
1676 1042 1770 1097 καὶ
1814 1056 1917 1095 πε-

339 1142 629 1215 ριπτύσσου
650 1156 665 1171 ·
691 1138 871 1205 οὕτως
901 1138 1010 1209 γὰρ
1051 1138 1151 1212 ἔσῃ
1167 1137 1391 1206 τυφλῶν
1413 1136 1625 1207 ὁδηγὸς,
1654 1135 1748 1191 καὶ
1779 1135 1915 1190 πλα-

336 1235 582 1306 νωμένων
601 1231 946 1296 διδάσκαλος.

395 1488 539 1567 Πρὸς
577 1494 679 1561 μὲν
713 1489 808 1548 οὖν
838 1494 966 1558 τοὺς
992 1492 1365 1565 τραχυτέρους
1399 1493 1500 1564 τὴν
1528 1491 1755 1565 γνώμην
1773 1532 1787 1558 ,
1818 1494 1915 1548 καὶ

324 1586 421 1658 τὴν
472 1586 785 1658 ἀποτομίαν
846 1585 954 1658 πρὸ
1006 1586 1107 1657 τῆς
1160 1583 1508 1658 συμπαθείας
1574 1583 1913 1650 ἀσκοῦντας,

326 1679 529 1743 ἱκανῶς
566 1681 702 1750 ἡμῖν
758 1678 972 1750 εἴρηται
995 1718 1011 1741 ,
1058 1678 1153 1733 καὶ
1195 1678 1350 1732 οὐδὲν
1400 1676 1488 1731 δεῖ
1528 1676 1911 1751 μακροτέρωνο

322 1773 488 1827 ἄκουε
508 1771 565 1825 δὲ
592 1769 781 1825 λοιπὸν
809 1770 905 1824 καὶ
929 1773 960 1824 ὁ
989 1771 1088 1843 τῆς
1112 1770 1450 1844 ἐπιστροφῆς
1471 1770 1742 1843 δεόμενος,
1766 1771 1915 1834 ὅπως

2024 584 2255 639 filiorum
2288 598 2572 641 numerum
2600 584 2839 654 ascripti,
2873 598 2939 640 ex
2981 583 3075 641 Dei
3120 591 3438 661 praescripto
3475 600 3599 647 tan~

2020 692 2182 746 quam
2217 690 2283 733 ex
2324 678 2492 748 patris
2528 678 2795 734 sententia
2828 678 3032 744 vivant,
3056 682 3111 734 et
3149 690 3460 737 sanctorum
3503 681 3599 739 lto-

2023 769 2252 835 minem,
2286 781 2346 826 ut
2382 771 2612 826 fratrum
2650 771 3043 827 consuetudine
3074 773 3442 843 perfruantur.
3483 771 3597 831 Noli

2023 857 2207 914 fratris
2234 860 2455 928 majoris
2484 869 2612 916 natu
2636 861 2962 917 sententiam
3002 863 3178 931 seqtti,
3212 872 3311 918 nec
3338 864 3408 919 ob
3432 866 3603 933 patris

2024 951 2416 1007 humanitatem
2450 952 2739 1024 indignari,
2780 953 2925 1022 quod
2963 953 3351 1024 nequissimum
3408 954 3599 1020 lilium,

2024 1041 2116 1111 qui
2146 1040 2368 1099 familiae
2390 1045 2641 1100 dedecori
2678 1044 2797 1112 fult,
2837 1045 3155 1115 susceperit.
3193 1043 3287 1102 Dei
3310 1046 3603 1117 benignitas

2029 1138 2135 1189 tem
2164 1138 2348 1206 potius
2392 1145 2447 1193 et
2473 1136 2818 1193 clementiam
2838 1138 3135 1205 adtuirans,
3158 1142 3378 1211 eos,qui
3399 1140 3602 1197 relictis

2025 1227 2304 1285 erroribus
2347 1229 2413 1283 ad
2473 1228 2682 1300 frugem
2733 1228 2928 1285 bonam
2972 1230 3224 1296 redeunt,
3274 1231 3604 1302 amplectere

2023 1327 2378 1390 amanterque
2406 1319 2549 1376 fove.
2598 1319 2689 1375 Sic
2720 1321 2864 1376 enim
2916 1322 3026 1377 eris
3077 1334 3344 1378 caecorum
3392 1324 3519 1389 dux,
3547 1333 3605 1379 et

2023 1411 2167 1467 viam
2198 1413 2510 1470 errantibus
2530 1415 2947 1471 demonstrabis.
3330 1461 3335 1465 .

2102 1502 2249 1562 Satis
2295 1506 2463 1563 multa
2509 1507 2576 1562 ad
2617 1521 2732 1573 eos,
2771 1508 2861 1578 qui
2911 1508 3186 1565 severiore
3230 1517 3357 1564 sunt
3399 1509 3603 1579 animo,

2024 1596 2228 1669 quique
2252 1597 2599 1654 acerbitatem
2632 1598 2832 1670 potius,
2860 1612 3024 1670 quam
3055 1598 3329 1657 lenitatem
3361 1612 3416 1658 et
3441 1602 3605 1657 misea

2025 1688 2313 1745 ricordiam
2345 1699 2621 1745 exercent.
2656 1690 2810 1747 Nunc
2832 1692 2962 1747 mihi
2996 1704 3115 1758 vos,
3146 1694 3341 1764 quibus
3372 1692 3425 1747 in
3459 1694 3602 1750 viam

2027 1781 2357 1837 redeundum
2412 1792 2530 1849 est,
2583 1796 2649 1838 ac
2698 1783 3162 1854 resipiscendum,
3224 1785 3506 1842 attendite.
3545 1782 3603 1842 Si

329 1880 388 1916 σε
429 1865 709 1934 προσῆκεν
742 1860 1162 1931 ὲπιστυγνὰζειν
1199 1864 1312 1925 τοῖς
1357 1862 1789 1933 ἁμαρτήμασιν,
1819 1860 1918 1913 καὶ

2027 1872 2187 1928 Vultis
2226 1872 2435 1929 discere
2479 1888 2587 1944 quo
2634 1875 2793 1932 modo
2830 1877 3069 1947 peccatis
3097 1875 3282 1932 dolere
3306 1884 3361 1932 et
3401 1879 3605 1933 errori-

326 1955 395 2008 τὰ
433 1951 864 2027 παραπτώματα
901 1954 1003 2026 τῆς
1044 1953 1271 2026 καρδίας
1313 1952 1645 2026 ἀποθρηνεῖν
1663 1970 1679 1987 ·
1716 1952 1916 2025 μᾶλλον

324 2032 383 2098 δε
402 2085 419 2109 ,
449 2045 501 2098 εἰ
527 2044 712 2109 δοκεῖ,
751 2045 1024 2116 σκόπησον
1061 2045 1163 2116 τὴν
1198 2040 1524 2118 ἁμαρτωλὸν
1550 2045 1788 2116 γυναῖκα
1816 2044 1916 2117 τὴν

331 2136 481 2210 παρὰ
523 2137 618 2190 τοῦ
656 2137 846 2190 Λουκᾶ
883 2134 979 2190 ἐπὶ
1026 2136 1122 2190 τοῦ
1171 2137 1439 2209 παρόντος
1476 2136 1917 2206 ἀναγνωσθεῖσαν

332 2231 486 2303 ημῖν.
519 2227 801 2300 Κάκείνης
828 2227 891 2281 τὸ
915 2228 1172 2283 ταπεινὸν
1204 2229 1300 2282 καὶ
1327 2226 1615 2283 εὐσύνετον
1648 2229 1914 2297 ζήλωσον,

332 2320 423 2374 καὶ
454 2318 585 2373 λάϐε
618 2318 854 2381 κανόνας
887 2317 1175 2389 μετανοίας
1203 2317 1612 2390 ἠκριϐωμένης.
1657 2317 1917 2375 Ἔλθοῦσα

332 2412 441 2484 γὰρ
467 2412 561 2465 ἐπὶ
582 2411 676 2464 τὸν
698 2406 850 2464 οἶκον
875 2410 973 2463 τοῦ
995 2410 1315 2482 Φαρισαίου,
1335 2408 1461 2463 οὔτε
1488 2410 1551 2463 τδ
1577 2408 1781 2482 πλῆθος
1807 2409 1917 2464 τῶν

332 2503 677 2575 ἑστιωμένων
701 2500 1056 2576 ἠρυθρίασεν,
1075 2500 1201 2556 οὔτε
1221 2502 1313 2556 τὸν
1340 2498 1528 2574 καιρὸν
1549 2502 1652 2573 τῆς
1685 2501 1919 2573 εὐωχίας

325 2596 406 2661 ὡς
432 2596 662 2669 ἄκαιρον
690 2596 770 2661 εἰς
800 2588 1184 2666 ἐξομολόγησιν
1212 2594 1443 2666 ἔφευγεν
1465 2611 1480 2627 ο
1510 2594 1647 2649 ἀλλὰ
1676 2596 1743 2667 τῇ
1773 2594 1919 2666 λύπῃ

333 2690 688 2761 συνεχομένη,
738 2686 834 2741 καὶ
868 2684 1099 2758 σφοδρὸν
1131 2685 1329 2757 ἔχουσα
1361 2685 1468 2739 τῶν
1509 2685 1918 2758 πλημμελημά-

330 2798 440 2836 των
484 2781 547 2833 τὸ
586 2778 804 2841 πένθος,
856 2776 977 2830 οὐδὲ
1013 2775 1078 2829 τὸ
1123 2775 1462 2848 βραχύτατον
1499 2775 1650 2846 ἠφίει
1686 2774 1779 2829 τὸν
1808 2774 1919 2829 τῶν

332 2872 621 2945 ἁμαρτιῶν
648 2869 851 2944 ἰατρόν.
887 2870 964 2922 Ού
1001 2867 1110 2942 μὴν
1133 2868 1255 2922 οὐδὲ
1281 2869 1361 2931 είς
1383 2867 1446 2921 τὸ
1475 2866 1767 2939 πρόσωπον
1797 2866 1917 2921 κατ’

327 2965 453 3034 ὅφιν
478 2962 752 3035 ἐρχομένη
782 2960 1023 3015 ἱκέτευεν
1043 2975 1057 2990 ⁸
1088 2957 1228 3014 ἀλλὰ
1256 2959 1319 3012 τὺ
1349 2957 1567 3024 ἀνάξιον
1597 2960 1797 3032 ἑαυτῆς
1825 2959 1919 3014 καὶ

330 3054 783 3128 ἀπαρρησίαστον
813 3052 903 3106 διὰ
935 3050 1032 3106 τοῦ
1068 3052 1346 3123 σχήματος
1380 3052 1790 3124 ἑρμηνεύουσα,
1820 3051 1921 3124 τὴν

332 3147 478 3203 κατὰ
517 3144 689 3200 νώτου
725 3144 910 3217 χώραν
960 3141 1341 3199 καταλαϐοῦσα
1356 3184 1372 3210 ,
1419 3144 1514 3196 καὶ
1552 3142 1675 3197 οὐδὲ
1709 3140 1921 3196 ἑστῶσα

328 3237 545 3303 ἁπλῶς,
581 3235 717 3290 ἀλλὰ
754 3234 986 3289 κατόπιν
1015 3232 1125 3287 τῶν
1160 3232 1337 3287 ποδῶν
1369 3232 1641 3305 λαϐομένη
1666 3272 1681 3297 ,
1715 3232 1928 3286 λύσασα
1954 3228 1996 3285 C

328 3327 391 3383 δὲ
419 3327 525 3390 τὰς
552 3325 729 3395 κόμας
747 3362 763 3389 ,
792 3323 887 3377 καὶ
915 3325 1028 3388 τοῖς
1061 3322 1350 3395 πράγμασι
1387 3323 1789 3395 δημοσιεύουσα
1826 3322 1925 3394 τὴν

335 3416 641 3473 πενθοῦσαν
672 3416 851 3488 ψυχὴν
867 3457 882 3484 ,
914 3419 1008 3471 καί
1036 3420 1151 3481 τοῖς
1193 3419 1353 3472 ποσὶν
1382 3417 1474 3471 τοῦ
1522 3417 1696 3489 Ἰησοῦ
1730 3415 1794 3470 τὸ
1833 3416 1926 3471 δά-

332 3529 505 3584 κρυον
536 3510 887 3583 ἐπιρρέουσα,
919 3509 1057 3581 μετὰ
1080 3509 1282 3581 πολλῆς
1309 3510 1409 3581 τῆς
1437 3508 1782 3580 συμπαθείας
1805 3509 1924 3581 ᾔτει

333 3606 428 3659 τδν
455 3604 638 3658 £12m:-
684 3604 781 3657 καὶ
811 3596 1064 3656 τοσοῦτον
1098 3602 1463 3674 προχεομένη,
1491 3602 1633 3656 ὥστε
1667 3604 1760 3656 καὶ
1794 3601 1925 3675 βρέ-

333 3715 456 3769 χειν
487 3696 618 3760 τοὺς
642 3696 831 3760 πόδας,
859 3695 952 3750 καὶ
974 3697 1043 3767 τῇ
1070 3693 1216 3768 κόμῃ
1250 3694 1412 3748 πάλιν
1445 3694 1795 3766 ὲκμάττουσα
1826 3695 1926 3766 τὴν

333 3790 655 3863 ὑγρότητα,
687 3790 868 3842 πᾶσαν
917 3786 1203 3843 εὐλάϐειαν
1246 3787 1513 3858 ταπεινὴν
1559 3786 1922 3843 ἐπεδείκνυτο.

334 3884 457 3937 Ἵνα
484 3883 545 3937 δὲ
570 3880 804 3938 συνελὼν
825 3881 985 3946 εἴπω,
1015 3880 1222 3944 πάσαις
1244 3882 1368 3944 ταῖς
1389 3878 1675 3950 αἰσθήσεσι
1697 3879 1790 3931 καὶ
1815 3880 1926 3941 τοῖς

334 3977 533 4048 μέλεσι
564 3976 677 4039 τοῖς
735 3973 1113 4046 ἡμαρτηκόσιν
1150 3958 1351 4044 η’γυνὴ
1381 3969 1478 4042 τὴν
1523 3970 1811 4041 μετάνοιαν
1841 3968 1927 4034 ἐξ..

331 4071 524 4125 επόνει
542 4086 556 4099 ·
582 4071 617 4140 ἡ
652 4068 708 4122 δὲ
731 4066 969 4139 δημοσία
1000 4066 1096 4120 καὶ
1123 4067 1204 4130 εἰς
1234 4064 1296 4117 τὸ
1329 4063 1572 4134 ἐμφανὲς
1601 4061 1776 4125 οὕτως
1806 4061 1926 4115 ὀδυ-

335 4162 551 4233 Ρομένη
593 4160 693 4224 τὰς
726 4159 1037 4231 ἁμαρτίας,
1086 4158 1209 4211 τίνα
1261 4155 1380 4210 κατ’
1415 4154 1548 4209 ίδίαν
1589 4154 1681 4207 ἐπὶ
1732 4153 1926 4224 σχολῆς

331 4256 630 4327 ἔπραττεν,
662 4252 872 4318 ἔξεστιν
909 4251 1324 4323 τεκμηράμενον
1356 4249 1606 4320 συνορᾷς).
1651 4246 1837 4319 Ἦμῶν
1870 4246 1927 4299 δὲ

331 4348 371 4419 ἡ
402 4346 504 4419 μὲν
530 4345 845 4416 ὑπόσχεσις,
873 4342 1159 4413 μετάνοιαν
1186 4340 1610 4410 ἐπαγγέλλεται·
1641 4341 1674 4409 ἠ
1700 4339 1758 4407 δὲ
1786 4340 1929 4411 πρᾶ-

333 4440 450 4507 ξις,
487 4438 641 4493 οὐδὲν
669 4438 925 4493 ἐπίπονον
957 4437 1259 4490 δείκνυσιν·
1302 4433 1438 4488 ἀλλὰ
1467 4434 1569 4506 τὴν
1598 4432 1771 4505 αὐτὴν
1804 4431 1926 4503 ἔχο-

2022 1967 2125 2024 bus
2162 1966 2358 2029 vestris
2396 1967 2756 2040 ingemiscere
2808 1968 3070 2039 debeatis,
3113 1970 3394 2026 mulierem
3450 1972 3606 2028 nobis

2023 2073 2051 2113 a
2087 2053 2233 2115 Luca
2264 2061 2320 2116 in
2351 2060 2642 2131 prmsentia
2670 2056 3002 2134 descriptam
3048 2062 3416 2118 considerate.
3452 2061 3604 2119 illius

2023 2151 2409 2208 demissionem
2457 2152 2624 2209 animi
2659 2161 2822 2224 atque
2865 2153 3209 2225 prudentiam
3249 2154 3603 2218 atmulamini.

2023 2243 2439 2315 absolutumque
2477 2244 2533 2300 in
2588 2259 2652 2301 ea
2704 2246 2861 2303 nobis
2908 2244 3214 2321 exemplum
3274 2249 3608 2317 ρωηῑιυηιίεε

2024 2338 2358 2403 constituite,
2389 2352 2509 2408 quae
2532 2337 2795 2395 Pharisaei
2822 2340 3042 2396 domum
3073 2341 3316 2411 ingressa
3352 2356 3452 2396 nec
3474 2344 3610 2397 cnn-

2025 2428 2272 2483 vivarum
2298 2426 2700 2482 multitudinem
2724 2429 2964 2496 erubuit,
3005 2446 3106 2486 nec
3129 2431 3361 2486 convivii
3397 2441 3607 2501 tempus

2024 2518 2401 2589 importunum
2433 2520 2790 2586 existimavit,
2825 2535 2936 2590 quo
2985 2523 3163 2578 minus
3201 2522 3268 2577 ad
3300 2522 3604 2580 confessio-

2026 2624 2148 2667 nem
2188 2611 2547 2683 confugeret;
2591 2612 2685 2667 sed
2737 2611 2923 2669 dolore
2989 2608 3207 2678 all'ecta,
3262 2622 3317 2670 et
3360 2624 3604 2684 peccata,

2025 2717 2148 2775 qua:
2198 2705 2572 2768 commiserat,
2615 2703 2969 2759 vehementer
3014 2704 3312 2770 detestata,
3372 2718 3443 2761 ne
3486 2720 3608 2761 mo-

2027 2805 2266 2852 mentum
2308 2796 2525 2867 quidem
2565 2796 2823 2867 temporis
2858 2796 2965 2853 sibi
3008 2796 3455 2867 interponendum
3493 2799 3612 2854 exi-

2026 2890 2289 2956 stimavit,
2328 2905 2438 2961 quo
2490 2889 2669 2945 minus
2712 2889 2896 2945 statim
2928 2889 2997 2944 ad
3040 2900 3383 2959 peccatorum
3439 2890 3612 2944 medi-

2028 2997 2149 3038 cum
2185 2982 2490 3038 accederet.
2525 2979 2636 3037 Nec
2664 2989 2844 3036 tamen
2890 2981 2942 3035 in
2986 2990 3333 3051 conspectum
3362 2979 3479 3061 ejus
3509 2981 3577 3035 ad
3590 3012 3608 3023 -

2028 3073 2255 3128 veniens
2287 3071 2648 3143 supplicabat,
2673 3072 2766 3127 sed
2803 3086 2868 3126 ex
2896 3070 3081 3127 habitu
3115 3088 3173 3128 se
3203 3072 3476 3144 indignam
3510 3088 3611 3143 pu-

2031 3171 2172 3230 tans,
2214 3175 2336 3231 quae
2378 3161 2550 3231 ipsum
2601 3161 2990 3232 alloquerctur,
3038 3177 3066 3216 a
3104 3171 3257 3232 tergo
3302 3162 3477 3217 locum
3514 3178 3610 3217 oc-

2029 3254 2266 3324 cupavit,
2295 3267 2392 3308 nec
2424 3252 2583 3322 plane
2622 3259 2793 3315 stans,
2820 3250 2915 3307 sed
2961 3260 3112 3307 retro
3137 3261 3406 3322 prostrata
3444 3254 3609 3324 pedes

2028 3344 2170 3401 illius
2215 3344 2494 3416 complexa
2542 3352 2644 3410 est,
2686 3342 2987 3414 solutisque
3022 3344 3193 3399 comis
3241 3343 3416 3415 reipsa
3470 3361 3609 3401 mte-

2031 3438 2202 3493 rentis
2251 3436 2416 3492 animi
2452 3435 2792 3492 aﬂectionem
2829 3434 3172 3503 ostendebat,
3204 3444 3258 3490 et
3283 3434 3413 3491 .lesu
3447 3437 3611 3507 pedes

2028 3530 2283 3603 lacrymis
2326 3529 2527 3600 rigans,
2567 3528 2737 3584 multo
2784 3542 2908 3584 cum
2955 3528 3144 3584 dolore
3178 3528 3608 3586 misericordiam

2027 3620 2352 3690 postulabat.
2395 3618 2625 3673 Tantam
2675 3619 2819 3674 enim
2857 3617 3044 3674 effudit
3082 3619 3189 3673 vim
3220 3619 3607 3693 lacrymarum,

2031 3722 2087 3766 ut
2123 3715 2286 3782 pedes
2333 3712 2453 3782 ejus
2486 3713 2748 3779 ablueret,
2797 3712 3126 3781 eosdemque
3162 3727 3351 3769 rursus
3400 3715 3610 3784 capillis

2029 3802 2390 3873 abstergeret,
2434 3811 2597 3874 atque
2628 3803 2701 3856 ita
2743 3817 2959 3856 omnem
2985 3801 3154 3857 animi
3190 3802 3371 3857 amicti
3406 3805 3607 3859 demis-

2028 3893 2233 3947 siouem
2263 3893 2583 3948 declararet.
2614 3891 2852 3956 Etenim,
2884 3900 2943 3946 ut
2974 3893 3212 3946 breviter
3244 3893 3425 3948 omnia
3460 3910 3612 3949 cont-

2027 3984 2254 4054 plectar,
2290 3984 2540 4038 sensibus
2571 3994 2626 4038 et
2653 3982 2912 4039 membris
2943 3981 3215 4051 omnibus,
3242 3984 3438 4054 quibus
3491 4002 3613 4057 pec-

2028 4086 2247 4133 caverat
2286 4075 2498 4142 mulier,
2531 4073 2903 4145 pmnitentiam
2944 4074 3071 4147 egit.
3119 4074 3388 4143 Quantum
3429 4091 3608 4132 autem

2031 4156 2215 4236 postea
2250 4181 2344 4236 per
2372 4167 2543 4221 otium
2588 4175 2809 4237 peccata
2848 4165 3014 4223 fuerit
3042 4166 3330 4232 detestata,
3359 4182 3480 4237 qua:
3512 4186 3610 4239 pu-

2029 4258 2167 4314 blice
2202 4265 2496 4328 aperteque
2539 4272 2602 4313 ea
2663 4266 2944 4326 tantopere
2990 4256 3143 4323 luxit,
3188 4256 3609 4328 conjicientibus

2031 4350 2159 4405 licet
2215 4347 2534 4418 intelligere.
2580 4346 2689 4402 Nos
2738 4356 2920 4402 autem
2964 4346 3144 4402 verbis
3185 4348 3397 4417 quidem
3438 4349 3615 4419 preni-

2033 4440 2255 4497 tentiam
2311 4437 2849 4510 pollicemur,factis
2887 4450 3017 4494 vero
3060 4437 3196 4492 nihil
3240 4437 3401 4493 studii
3465 4439 3614 4494 Iaho-

334 4550 443 4604 μεν
476 4530 572 4585 τοῦ
609 4530 725 4601 βίου
760 4531 1129 4595 κατάστασιν,
1159 4529 1227 4599 ἦν
1264 4527 1356 4580 καὶ
1387 4526 1492 4599 πρὸ
1520 4525 1620 4597 τῆς
1655 4525 1928 4598 ἁμαρτίας

2038 4534 2220 4604 risque
2248 4543 2591 4604 praestamus,
2617 4530 2711 4586 sed
2745 4531 2933 4586 eadem
2966 4529 3181 4585 vivendi
3218 4530 3612 4587 consuetudine

332 4624 583 4695 εἴχομεν.
619 4623 918 4694 Φαιδρότης
947 4620 1057 4693 γὰρ
1079 4618 1242 4691 ὁμοία
1275 4618 1368 4673 καὶ
1397 4617 1561 4690 ἐσθὴς
1588 4619 1622 4689 ἡ
1652 4615 1811 4688 αὐτὴ,
1837 4616 1932 4671 καὶ

2039 4625 2259 4692 utimur,
2309 4630 2416 4694 qua
2459 4623 2637 4694 prius,
2684 4636 2845 4694 quant
2894 4631 3112 4692 peccata
3158 4621 3463 4677 confitendo
3520 4620 3615 4676 de-

332 4715 624 4789 τραπέζης
655 4715 953 4778 ἀπόλαυσις
976 4711 1228 4783 δαψιλὴς,
1256 4711 1351 4765 καὶ
1388 4709 1554 4775 ὕπνος
1591 4711 1800 4782 μακρὸς
1835 4708 1931 4764 καὶ

334 4808 635 4877 λελυμένος
658 4809 736 4871 εἰς
757 4805 918 4879 κόρον
941 4820 955 4833 °
979 4804 1228 4878 ἀσχολίαι
1250 4803 1307 4859 δὲ
1334 4804 1428 4858 καὶ
1456 4802 1735 4875 φροντίδες
1763 4799 1930 4855 ἐπάλ-

334 4900 516 4973 ληλοι,
546 4898 719 4971 λήθην
748 4894 1078 4970 ἐμποιοῦσαι
1107 4900 1174 4970 τῇ
1201 4896 1346 4968 ψυχῇ
1372 4896 1471 4967 τῆς
1497 4895 1705 4960 οίκείας
1736 4896 1930 4965 ἐπιμε-

334 4993 493 5058 λείας
514 5009 528 5023 ο
561 4992 723 5064 μόνον
766 4989 823 5044 δὲ
854 4987 915 5043 τὸ
947 4990 1120 5062 ὄνομα
1160 4991 1260 5060 τῆς
1307 4988 1593 5060 μετανοίας
1625 4985 1930 5060 ἐπιγραφό-

340 5084 487 5159 μεθα
519 5087 769 5160 ἄκαρπόν
800 5103 858 5139 τε
894 5085 988 5139 καὶ
1014 5083 1374 5155 ὼενὲργητον
1399 5098 1413 5111 ο
1445 5080 1553 5133 τῶν
1595 5079 1694 5151 μὲν
1728 5095 1933 5151 μυστη-

340 5182 480 5254 ρίων
522 5181 749 5242 ἑαυτούς
800 5176 1127 5249 χωρίζοντες
1194 5176 1286 5229 καὶ
1338 5173 1439 5244 τῆς
1487 5173 1769 5234 κοινωνίας
1827 5172 1934 5226 τῶν

339 5274 675 5346 ἀπορρήτων
720 5270 1082 5342 ἁγιασμάτων
1102 5309 1118 5331 ,
1170 5266 1426 5338 οὐδεμίαν
1472 5265 1527 5318 δὲ
1572 5264 1804 5334 σπουδὴν
1836 5264 1935 5334 τῆς

341 5365 684 5437 ἐπιστροφῆς
705 5365 803 5435 τῆς
834 5363 970 5434 πρὸς
999 5360 1140 5415 αὐτὰ
1175 5358 1509 5429 ποιούμενοι,
1540 5355 1656 5409 ἀλλ’
1691 5355 1766 5420 ὡς
1796 5353 1936 5407 εύώ-

339 5474 434 5511 νου
495 5453 967 5528 καταφρονοῦντες
1018 5452 1119 5523 τῆς
1177 5450 1550 5513 ἀπολαύσεως.
1624 5448 1934 5518 Ἐννόησον,

340 5548 622 5619 ἄνθρωπε,
651 5547 895 5619 πηλίκων
924 5544 1243 5617 ἀξιούμενος
1268 5541 1573 5614 ἐχωρίσθης
1603 5540 1702 5611 τῆς
1739 5554 1933 5611 μετου-

344 5641 468 5704 σίας
495 5641 740 5694 ὲκείνων.
771 5640 832 5693 Εἰ
864 5638 1152 5711 βασιλικῆς
1180 5640 1244 5692 σὺ
1272 5637 1552 5711 τραπέζης
1576 5634 1819 5706 μετέχων
1844 5629 1931 5709 ᾗς,

345 5726 465 5784 εἶτα
510 5728 896 5803 προσκρούσας
926 5730 1041 5799 -τῆς
1077 5728 1242 5799 τιμῆς
1270 5726 1617 5799 ἁπερρίφης,
1650 5724 1831 5778 πόσων
1866 5724 1934 5778 ἂν

347 5821 605 5895 ἐξωνήσω
628 5821 927 5899 χρημάτων
955 5821 1014 5875 τὸ
1042 5820 1201 5875 πάλιν
1229 5817 1482 5888 γενέσθαι
1510 5817 1662 5887 φίλος
1690 5816 1782 5870 καὶ
1804 5818 1933 5888 ὁμο-

2037 4723 2390 4778 testaremur,
2432 4715 2736 4769 utebamur.
2787 4710 2990 4768 Eadem
3047 4712 3100 4766 in
3143 4710 3291 4765 vultu
3342 4710 3613 4787 hilaritas,

2035 4803 2195 4859 idem.
2230 4803 2282 4858 in
2331 4804 2575 4873 corporis
2604 4802 2747 4858 cultu
2795 4801 3049 4870 victuque
3093 4799 3367 4871 splendor.
3407 4799 3614 4856 Somno

2035 4898 2100 4952 ad
2128 4897 2434 4952 satietatem
2464 4910 2637 4966 usque
2681 4894 3039 4965 indulgemus,
3074 4893 3307 4963 negotiis
3358 4904 3413 4948 et
3457 4908 3614 4950 occu-

2033 4988 2342 5059 pationibus
2393 4989 2575 5042 animo
2604 4986 2905 5042 sedulitatis
2932 4984 3258 5040 oblivionem
3316 4985 3612 5051 injicitnus,

1986 5070 1995 5075 ’
2033 5078 2368 5151 pmnilentiaa
2413 5094 2611 5134 nomen
2654 5083 2813 5133 inane
2867 5078 3152 5139 duntaxat,
3202 5084 3257 5130 ct
3308 5075 3470 5131 nullis
3515 5092 3616 5133 ex-

2036 5185 2285 5242 pressum
2332 5168 2489 5224 factis
2544 5170 2861 5224 retinemus.
2886 5165 2928 5220 A
2974 5164 3248 5235 mysteriis
3279 5165 3494 5236 quidem
3527 5181 3617 5221 ar-

2034 5275 2406 5330 canorutnque
2477 5260 2861 5315 communione
2938 5266 3399 5314 sacramentorum
3460 5259 3617 5329 culpa

2035 5360 2221 5407 nostra
2270 5350 2571 5408 decidimus
2633 5360 2688 5406 et
2734 5364 3070 5420 separamur,
3124 5364 3224 5406 nec
3271 5359 3450 5406 tamen
3501 5362 3618 5406 stu-

2034 5445 2181 5500 dium
2233 5458 2296 5499 ac
2336 5443 2667 5514 diligentiam
2724 5443 3070 5509 adhibemus,
3097 5452 3157 5498 ut
3181 5445 3249 5499 ad
3293 5458 3356 5499 ea
3391 5443 3616 5500 fruenda

2036 5544 2397 5601 revertamur,
2427 5535 2520 5589 sed
2553 5544 2612 5588 ut
2647 5535 2794 5603 vilia,
2818 5544 2872 5592 et
2902 5550 3024 5608 qua:
3062 5550 3230 5606 parvo
3270 5537 3446 5607 pretio
3478 5536 3620 5592 redi-

2034 5630 2104 5683 tni
2151 5628 2390 5695 possint,
2436 5628 2863 5684 contemnimus.
2911 5627 3241 5697 Considera,
3286 5629 3467 5695 homo,
3514 5642 3621 5697 qua

2041 5722 2301 5794 dignitate
2344 5722 2458 5791 jam
2502 5733 2727 5779 ornatus
2776 5722 2971 5789 fueris,
3000 5739 3144 5780 nunc
3190 5734 3366 5779 autem
3410 5738 3616 5777 careas.

2042 5813 2097 5868 Si
2141 5814 2302 5884 regiae
2337 5829 2535 5870 mensa:
2565 5814 2837 5887 particeps
2882 5817 2949 5872 ab
2980 5830 3045 5872 eo
3083 5817 3285 5871 honore
3314 5815 3381 5870 ob
3411 5814 3617 5868 crimen
