4060 6210
410 352 515 408 387
1684 348 1741 406 S.
1784 349 2061 406 ASTERII
2098 348 2399 407 AMASENI
3565 346 3677 405 368

413 466 630 534 aliquod
657 464 946 519 excidisses
970 469 1221 532 quantam
1239 459 1479 531 pecuniae
1493 460 1600 516 vim
1627 460 1991 533 impenderes,

2100 463 2398 536 τράπεζος;
2442 464 2614 518 Τίνων
2644 462 2705 515 δὲ
2745 462 2915 536 θύρας
2953 463 3052 517 ούκ
3088 463 3154 516 ἂν
3205 462 3506 533 διώχλησας
3556 463 3674 516 ha-

413 568 471 611 ut
493 558 545 612 in
568 558 709 628 regis
725 558 951 627 gratiam
975 556 1201 623 redires,
1218 564 1277 609 ttt
1291 555 1548 610 honorem
1565 553 1847 623 pristinum
1864 555 2000 608 redi-

2102 557 2274 611 τεύων
2296 597 2310 620 ,
2357 555 2748 628 ἀπορούμενος,
2791 557 3010 621 στένων,
3045 555 3276 609 ἀϐίωτον
3307 554 3541 626 νομίζων
3582 552 3676 608 τὸν

414 649 623 704 meres?
640 647 876 715 Quorum
896 657 1073 703 autem
1093 648 1235 703 fores
1262 644 1509 716 supplex,
1524 645 1799 710 haesitans,
1820 646 2000 701 dolens

2104 650 2237 721 βίον,
2272 654 2337 723 τῇ
2365 651 2518 721 τήξει
2549 651 2641 705 καὶ
2687 651 2864 721 σχέσει
2905 651 2997 704 τοῦ
3046 649 3340 721 προσώπου
3376 648 3478 720 τῆς
3508 649 3567 702 ὲν
3596 646 3678 712 τῷ

417 740 811 810 frequentarcs?
831 738 1004 794 Vitam
1027 736 1268 809 profecto
1306 738 1473 808 ipsam
1497 736 1594 792 tibi
1620 736 1868 792 acerbam
1900 738 2000 790 du-

2101 742 2254 814 βάθει
2282 742 2459 814 λύπης
2485 743 2584 815 τὴν
2618 742 2810 814 ὀδύνην
2843 742 3150 813 ὲμφαίνωψ
3198 741 3378 796 πάντα
3403 739 3571 804 λίθον,
3612 738 3683 793 τὸ

415 848 585 896 ceres,
608 833 879 901 squalore,
899 839 952 887 et
964 832 1132 899 luctu,
1157 838 1211 887 et
1225 829 1402 885 vultus
1420 828 1745 885 demissione
1759 827 1997 883 dolorem

2100 834 2190 889 τοῦ
2222 835 2413 905 λόγου,
2456 835 2656 899 κινῶν,
2707 836 2902 907 μέχρις
2939 828 2999 890 οὗ
3036 833 3218 904 σαυτῷ
3262 833 3359 905 τὴν
3390 830 3681 903 συμφορὰν

414 926 577 979 animi
602 941 710 995 pra:
730 934 783 981 te
811 926 980 981 ferres
1004 942 1017 979 :
1046 939 1262 980 omnem
1296 924 1550 994 denique,
1584 930 1644 976 ut
1670 922 1844 985 aiunt,
1874 935 1991 976 mo-

414 1032 568 1071 veres
619 1017 870 1087 lapidem,
923 1026 981 1071 ut
1019 1019 1086 1071 ab
1119 1030 1180 1071 ea
1241 1024 1293 1071 te
1348 1013 1658 1069 calamitate
1710 1012 1993 1069 liberares.

412 1107 563 1163 Nunc
603 1116 780 1162 autem
823 1108 915 1178 qui
957 1108 1236 1176 seiunctus
1280 1114 1363 1162 est
1400 1106 1469 1161 ab
1500 1104 1742 1160 amicitia
1786 1103 1903 1170 Dei,
1935 1113 1990 1159 et

411 1214 538 1257 vere
595 1199 875 1255 sublimem
926 1198 1081 1253 illam
1146 1198 1466 1267 dignitatem
1532 1195 1759 1260 amisit,
1830 1209 1992 1265 quem

413 1291 648 1347 laborem
723 1291 1008 1360 impendit,
1059 1290 1201 1361 quod
1263 1289 1498 1344 studium
1564 1287 1806 1352 adhibet,
1862 1286 1990 1356 quid

411 1382 669 1436 eximium
704 1382 861 1452 gerit,
910 1396 1016 1450 quo
1058 1381 1351 1436 demissum
1417 1391 1580 1449 atque
1618 1377 1900 1445 humilem,
1937 1389 1992 1432 et

414 1474 670 1529 amictum
712 1475 950 1529 animum
995 1476 1246 1530 ostendat
1275 1474 1471 1530 suum?
1498 1472 1610 1528 Non
1637 1480 1721 1526 est
1757 1486 1991 1527 eonsen«

2096 927 2529 999 ὲπηνώρθωσαςς
2575 927 2634 980 Ὀ
2659 926 2714 980 δὲ
2745 930 2845 998 τῆς
2877 926 3015 998 πρὸς
3046 924 3176 978 Θεὸν
3208 922 3536 985 οίκειὼσεως
3562 939 3679 992 χωο

2094 1018 2328 1092 ρισθεὶς,
2384 1020 2480 1074 καὶ
2519 1018 2621 1089 τῆς
2669 1018 2837 1083 ὅντως
2861 1017 3069 1088 ὑψηλῆς
3106 1016 3271 1087 τιμῆς
3307 1012 3589 1079 ἐκπεσὼν,
3621 1013 3679 1067 τί

2097 1110 2238 1182 μέγα
2267 1111 2361 1165 καὶ
2394 1109 2671 1178 ἀξιόλογον
2701 1111 2932 1183 ποιήσας
2955 1109 3136 1181 ψυχῆς
3163 1109 3556 1180 κεκακωμένης
3584 1109 3677 1162 ὲν-

2091 1198 2332 1269 δείξηται
2372 1200 2763 1271 ταπεινότητας
2805 1200 2916 1253 Οὐκ
2966 1199 3113 1252 ἐστιν
3159 1198 3452 1252 ἀκόλουθον
3498 1201 3679 1253 νοσεῖν

2092 1289 2320 1359 λέγοντα
2356 1289 2457 1361 τὴν
2486 1288 2654 1361 αὐτὴν
2689 1288 2834 1359 ζωὴν
2885 1288 3127 1361 μετιέναι
3165 1290 3277 1350 τοῖς
3318 1287 3674 1356 ὑγιαίνουσιν.

2097 1379 2263 1451 Ἀλλη
2292 1379 2403 1451 γὰρ
2431 1374 2608 1432 δίαιτα
2636 1378 2731 1431 τοῦ
2776 1375 3081 1449 ἀρρώστου,
3105 1375 3200 1429 καὶ
3226 1375 3413 1444 ἕτερος
3440 1372 3553 1444 βίος
3580 1373 3677 1427 τοῦ

2093 1470 2448 1541 ὑγιαίνοντος.

416 1574 653 1631 laneum,
701 1575 760 1619 ut
810 1565 901 1635 qui
953 1579 1013 1620 se
1060 1573 1323 1637 aegrotare
1370 1563 1681 1628 conﬁtetur,
1747 1561 1937 1617 eadem
1996 1561 2171 1617 victus
2207 1563 2417 1617 ratione
2467 1569 2670 1627 utatur,
2724 1573 2827 1628 qua
2871 1566 3095 1612 utuntur
3143 1557 3239 1620 illi,
3291 1558 3380 1628 qui
3418 1567 3678 1629 prospera

415 1668 541 1712 sunt
569 1657 894 1713 valetudine.
928 1657 1083 1712 Alius
1102 1656 1245 1712 enim
1275 1656 1611 1726 aegrotantis,
1640 1654 1779 1711 alius
1808 1652 2035 1707 valentis
2056 1663 2140 1707 est
2170 1650 2383 1706 vivendi
2414 1650 2624 1705 modus.

484 1748 672 1804 Nonne
704 1749 854 1805 vides
903 1757 1106 1819 quanta
1136 1750 1207 1804 sit
1237 1750 1379 1802 inter
1410 1756 1756 1818 aegrotantem
1812 1747 1993 1802 valen—
2028 1753 2068 1806 Β

415 1850 628 1911 temque
665 1840 968 1896 differentia
1019 1855 1180 1896 sensu
1228 1840 1518 1909 percepta?
1552 1838 1644 1894 Ille
1686 1854 1784 1910 pro
1849 1839 1992 1894 arbi-

413 1941 557 1986 tratu
608 1947 705 1986 suo
764 1933 933 1999 vivit,
975 1946 1297 2002 quocunque
1351 1931 1463 1985 vult
1521 1930 1901 2001 proﬁciscitur,
1941 1940 1995 1984 et

414 2025 558 2077 omni
592 2022 765 2077 cilicio
813 2032 867 2077 et
910 2037 1134 2078 munere
1180 2022 1348 2077 libere
1390 2022 1661 2093 fungitur:
1689 2024 1776 2078 hic
1813 2031 1993 2078 autem

414 2109 467 2161 in
503 2119 732 2178 angusto
762 2110 912 2178 jacet
957 2110 1227 2178 cubiculo,
1270 2111 1456 2179 procul
1495 2111 1563 2166 ab
1590 2112 1830 2167 omnium
1862 2127 1995 2167 con-

413 2201 699 2255 suetudine
768 2201 1126 2270 omnibusque
1173 2201 1405 2270 negotiis
1450 2210 1710 2258 remotus.
1745 2201 1994 2273 Agricul-

416 2302 589 2346 turam
624 2291 850 2358 otnittit,
890 2293 1015 2347 licet
1060 2291 1206 2347 illius
1254 2300 1413 2347 antea
1466 2301 1614 2349 esset
1660 2291 1998 2349 studiosissi-

415 2399 552 2439 mus.
586 2383 939 2438 Cumulandae
977 2386 1221 2454 pecuniae
1265 2401 1451 2441 curam
1506 2383 1714 2455 abjicit,
1750 2384 1997 2454 quamvis

416 2472 479 2528 ad
512 2488 624 2527 rem
662 2474 737 2528 uti
787 2482 1059 2529 mercator
1092 2474 1201 2543 jam
1251 2484 1397 2531 esset
1428 2476 1704 2531 attentior.
1731 2474 1832 2543 Qui
1876 2490 2000 2530 con-

411 2565 571 2620 viviis
615 2565 743 2620 olim
796 2564 1096 2636 magniﬁcis
1144 2575 1197 2622 et
1237 2566 1552 2639 sybariticis
1601 2566 1994 2633 delectabatur,

414 2669 550 2724 aqua
600 2670 742 2710 nunc
783 2665 839 2711 et
884 2656 1039 2726 panis
1081 2654 1313 2712 frustulo
1359 2659 1617 2723 vescitur,
1664 2674 1769 2713 non
1813 2658 1997 2714 liberis

418 2747 742 2811 oblectatur,
783 2763 888 2802 non
923 2748 1110 2802 uxoris
1139 2749 1311 2802 utitur
1337 2750 1764 2817 consuetudine;
1799 2751 1874 2806 illi
1910 2751 1997 2807 die

417 2848 684 2906 noctuque
732 2852 818 2893 res
865 2848 948 2895 est
982 2852 1105 2893 cum
1155 2839 1399 2906 medicis,
1437 2855 1572 2909 quos
1621 2842 1831 2910 magnis
1862 2858 1998 2911 prte-

419 2930 541 2983 tniis
595 2932 844 2991 accersit,
899 2938 956 2984 ut
1004 2944 1190 2983 eorum
1231 2944 1396 3000 opera
1450 2930 1810 2986 convalescat.
1849 2930 1993 2999 Haec,

417 3019 507 3087 qui
553 3020 797 3089 corporis
850 3020 1037 3075 morbo
1077 3019 1304 3074 laborat.
1364 3018 1442 3075 Tu
1507 3036 1634 3076 vero
1678 3022 1832 3091 cujus
1886 3022 1997 3077 ani-

420 3126 539 3165 mus
565 3126 706 3182 :rger
728 3122 830 3177 cst,
867 3128 964 3167 cur
990 3128 1093 3167 non
1131 3114 1198 3166 ad
1234 3111 1500 3167 medicum
1536 3113 1993 3188 animorum_pro-
2022 3105 2066 3163 (ἶ

419 3203 610 3271 peras?
659 3219 755 3257 cur
806 3218 910 3259 non
976 3205 1023 3259 ei
1074 3204 1384 3260 conﬁtendo
1442 3205 1687 3260 morbum
1756 3205 1994 3261 ostendis

421 3293 613 3348 tuum?
641 3292 778 3358 Quid
818 3295 1039 3363 pateris,
1077 3304 1135 3348 ut
1179 3296 1519 3364 depascatur,
1564 3304 1620 3347 ut
1665 3306 1904 3363 superet,
1940 3304 1999 3350 ut

422 3381 825 3437 inflamtuetur?
867 3384 1105 3439 Tandem
1147 3385 1433 3454 aliquando
1496 3386 1771 3456 resipisce,
1816 3402 1878 3441 ac
1917 3396 1997 3444 te-

422 3475 595 3543 ipsum
643 3487 841 3539 nosce;
875 3472 1040 3527 Deum
1092 3471 1375 3538 oﬂ‘endisti,
1410 3485 1810 3544 procreatoretn
1849 3488 1995 3532 tuum

428 3565 675 3629 irritasti,
707 3579 852 3631 eum,
880 3564 970 3633 qui
999 3573 1053 3619 et
1085 3567 1367 3634 praesentis
1393 3567 1517 3622 vitae
1540 3575 1858 3637 potestatem
1896 3568 1997 3623 ha-

425 3657 542 3719 bet,
573 3665 625 3708 et
658 3654 849 3708 futurae
903 3652 1163 3710 Dominus
1199 3669 1262 3709 ac
1301 3654 1469 3725 iudex
1512 3666 1616 3716 est.
1655 3657 1869 3714 Deliciis
1916 3659 1999 3714 in-

420 3747 644 3818 dulgens
682 3746 735 3801 in
779 3747 1022 3801 morbum
1067 3746 1319 3818 delapsus
1346 3747 1448 3804 es?
1476 3764 1599 3805 eum
1638 3750 1812 3807 inedia
1840 3751 1999 3824 etje-

416 3846 585 3917 juniis
621 3859 772 3901 cura.
804 3845 1029 3901 Animus
1056 3843 1267 3902 laborat
1295 3847 1686 3905 incontinentia
1706 3850 1729 3904 ?
1750 3851 2002 3907 adhibea-

418 3954 511 3995 tur
541 3940 913 4008 temperantiae
933 3941 1409 3999 medicamentum.
1438 3940 1715 4013 Multiplici
1743 3959 1806 3998 ac
1836 3944 1997 3999 nimia

420 4027 662 4099 pecunia:
692 4029 983 4099 cupiditate
1009 4031 1062 4087 in
1094 4031 1283 4087 febrim
1315 4032 1480 4087 animi
1511 4033 1780 4090 incidisti?
1801 4034 1998 4089 libera-

424 4119 572 4179 litate
610 4132 664 4176 et
705 4122 1045 4193 eleemosyna
1088 4124 1407 4195 depellatur.
1455 4123 1583 4180 Hinc
1629 4126 1772 4180 enim
1816 4133 1903 4180 est
1931 4126 2004 4179 ni-

425 4211 588 4266 mium
627 4212 852 4282 expleta:
886 4213 1084 4268 mentis
1123 4214 1354 4269 curatio.
1381 4212 1547 4270 Laesit
1575 4225 1626 4270 te
1656 4230 1839 4270 rerum
1869 4216 2001 4269 alie-

426 4319 616 4359 narum
662 4305 934 4375 direptio?
991 4321 1109 4375 quae
1141 4314 1292 4377 rapta
1340 4315 1490 4375 sunt,
1528 4308 1596 4362 ad
1628 4309 1875 4378 proprios
1899 4309 1999 4363 do-

433 4397 608 4451 minos
661 4405 1023 4451 revertantur.
1086 4394 1421 4451 Mendacium
1479 4407 1531 4451 te
1572 4397 1817 4467 proxime
1846 4397 1999 4452 duxit

425 4488 489 4543 ad
517 4489 787 4544 interitum
808 4487 1028 4558 (Perdes
1052 4487 1218 4553 enim,
1242 4488 1435 4559 inquit,
1461 4503 1637 4543 omnes
1655 4491 1747 4558 qui
1768 4488 1993 4558 loquun-

422 4598 511 4641 tu:
552 4580 969 4653 mendacium");
999 4580 1243 4635 veritatis
1290 4580 1469 4635 studio
1502 4580 1799 4650 periculum
1839 4583 2000 4637 evite—

426 4686 536 4730 tur.
578 4671 941 4742 Jurisjurandi
993 4670 1213 4726 violatio
1260 4669 1543 4725 sublimem
1581 4668 1859 4725 Zachariae
1906 4670 1998 4725 ﬁlii

425 4764 659 4819 securim
718 4761 933 4818 sustulit
977 4776 1073 4833 per
1127 4776 1254 4814 aera
1312 4759 1630 4814 volitantem
1678 4774 1745 4814 ac
1785 4760 1987 4813 caedem

434 4856 774 4910 minitantem
796 4853 860 4908 ’ί
894 4854 1192 4909 induantur
1220 4851 1400 4907 omnia
1438 4865 1588 4906 arma
1635 4850 1995 4921 poenitentiae,

429 4959 487 5004 ut
514 4949 720 5004 securis
755 4948 921 5012 acies,
948 4955 999 5000 et
1030 4947 1171 5001 ictus
1216 4943 1580 5015 propulsetur.
1616 4943 1799 5013 lmpiis
1837 4944 2003 4997 lia-re-

430 5040 658 5095 ticorum
688 5037 1036 5109 opinionibus
1063 5035 1256 5104 aliquis
1293 5034 1527 5089 infectus
1561 5033 1686 5087 est?
1721 5033 1883 5087 ret-tis
1912 5032 2006 5086 Ec—
2026 5052 2039 5063 -

431 5130 609 5185 etesia:
647 5128 878 5184 decretis
924 5126 1159 5195 seipsum
1204 5123 1407 5193 expiet,
1453 5122 2004 5192 superstitionemque

2174 1747 2336 1819 Ὀρᾷς
2362 1746 2465 1815 ὅση
2506 1743 2655 1797 ἐστὶν
2687 1743 2720 1813 ἡ
2754 1741 2847 1795 τοῦ
2888 1741 3221 1811 ὑγιαίνοντος
3252 1740 3542 1812 μεταϐολὴ.
3573 1740 3679 1810 τῆς

2092 1836 2189 1891 τοῦ
2210 1835 2564 1899 ἀσθενοῦντος
2592 1833 2914 1906 μεταϐολῆς,
2937 1833 3038 1904 τῆς
3066 1833 3208 1887 κατὰ
3232 1834 3330 1904 τὴν
3357 1832 3469 1899 ἕξιν
3493 1832 3678 1886 αἰσθό-

2097 1946 2289 2001 μενος;
2324 1930 2411 1982 Ἐν
2432 1927 2689 1999 δωματίῳ
2718 1925 2898 1997 μικρῷ
2940 1926 3281 1986 κατάκειται,
3321 1926 3503 1995 πάσης
3546 1940 3675 1976 συν-

2095 2019 2256 2091 ήθους
2301 2019 2663 2089 ἀναχωρήσας
2693 2014 2972 2086 φροντίδος
2992 2030 3006 2044 ·
3048 2013 3240 2086 ἀμελεί
3269 2012 3541 2085 γεωργίας
3582 2013 3680 2066 καὶ

2098 2112 2302 2184 σφόδρα
2338 2109 2641 2182 γεωργικὸς
2682 2108 2944 2178 ὑπάρχων
2965 2125 2978 2139 δ
3023 2108 3215 2177 ἀφίησι
3253 2105 3483 2159 πλούτου
3518 2104 3679 2176 μέρι-

2100 2221 2258 2276 μναν,
2291 2206 2321 2257 ὀ
2361 2201 2742 2275 χρηματιστὴς
2790 2200 2885 2252 καὶ
2936 2198 3291 2270 φιλέμπορος.
3333 2197 3526 2251 ’Υδατι
3578 2196 3679 2249 καὶ

2095 2294 2273 2367 ψωμῷ
2308 2294 2684 2366 διατρέφεται,
2718 2296 2767 2348 εί
2798 2294 2893 2348 καὶ
2930 2292 3196 2364 πρότερον
3236 2291 3446 2363 τρυφῆς
3474 2288 3681 2360 γέμου-

2099 2404 2198 2442 σαν
2230 2386 2327 2441 καὶ
2353 2385 2715 2457 Συϐαριτικὴν
2763 2382 3089 2456 παρετίθετο
3135 2381 3412 2451 τράπεζαν
3434 2398 3447 2412 ·
3483 2378 3677 2433 παισὶν

2097 2480 2197 2533 οὐκ
2240 2477 2661 2549 ὲπευφραίνεται
2692 2475 2761 2529 τὰ
2798 2476 3003 2548 συνήθη
3024 2516 3038 2539 ,
3079 2474 3327 2545 γαμετῆς
3361 2470 3677 2543 χωρισθείς·

2098 2571 2209 2633 τοῖς
2257 2571 2456 2640 ἰατροῖς
2495 2566 2738 2620 σύνεστιν
2778 2565 2995 2636 νύκτωρ
3040 2581 3101 2617 τε
3152 2564 3246 2616 καὶ
3283 2561 3400 2632 μεθ’
3442 2561 3678 2632 ἡμέραν,

2098 2662 2194 2716 καὶ
2229 2661 2443 2724 πολλοῖς
2478 2658 2689 2729 μισθοῖς
2729 2656 2867 2730 πρὸς
2908 2655 3189 2725 ἀγαπητὸν
3218 2653 3408 2723 κέρδος
3457 2651 3681 2706 σπεύδει

2098 2755 2196 2825 τὴν
2233 2753 2439 2821 ὑγείαν.
2478 2749 2664 2804 Ταῦτα
2694 2751 2723 2802 ὁ
2762 2749 2855 2801 τοῦ
2891 2747 3141 2817 σώματος
3189 2746 3489 2816 ἄρρωστος.
3532 2744 3591 2797 '0
3619 2744 3679 2797 δὲ

2097 2843 2196 2915 τήν
2219 2841 2395 2913 ψυχὴν
2437 2840 2620 2903 κακῶς
2652 2839 2995 2910 διακείμενος
3034 2835 3129 2890 τὸν
3181 2834 3469 2906 ἀσώματον
3517 2852 3678 2907 περι-

2098 2937 2382 3006 νοστήσας,
2422 2933 2499 3004 τῷ
2531 2930 2700 3004 ἰατρῴ
2739 2932 2832 2985 καὶ
2864 2928 3246 3002 προσπιητῶς
3278 2925 3553 2998 ὁμολογῶν
3585 2928 3683 2980 καὶ

2099 3025 2312 3088 δεικνὺς
2342 3023 2439 3095 τὴν
2471 3023 2754 3076 ἀσθένειαν
2775 3063 2788 3086 ,
2826 3019 3260 3090 καταλιμπάνεις
3288 3016 3683 3087 νέμεσθαι,καὶ

2100 3114 2442 3187 σφακελέζειν
2464 3115 2523 3168 τὸ
2551 3113 2719 3176 πάθος
2741 3154 2754 3174 .
2789 3113 2875 3166 ἶνα
2916 3111 3052 3184 πρὸς
3080 3112 3171 3163 τὸν
3211 3108 3330 3162 ὃλον
3371 3108 3533 3177 ὄγκον
3558 3108 3682 3162 δια-

2098 3208 2264 3281 χεθῇ;
2315 3207 2473 3261 Ἀλλὰ
2518 3206 2863 3278 σωφρόνησον
2888 3244 2902 3268 ,
2930 3203 3100 3272 γνῶθι
3137 3201 3351 3255 σαυτόν.
3379 3200 3510 3254 Θεὸν
3553 3199 3680 3255 ἐλύε-

2099 3318 2301 3373 πησας·
2329 3302 2417 3354 τὸν
2450 3299 2777 3370 δημιουργόν
2802 3315 2893 3351 σου
2927 3294 3303 3367 παρὼργισας,
3338 3294 3427 3347 τὸν
3451 3293 3544 3347 καὶ
3576 3292 3683 3363 τῆς

2099 3394 2379 3467 παρούσης
2400 3392 2544 3463 ζωῆς
2575 3394 2672 3463 τὴν
2703 3390 2948 3455 ἐξουσίαν
2972 3389 3180 3459 ἔχοντα,
3214 3385 3426 3455 καὶτῆς
3456 3381 3685 3454 μελλού-

2101 3504 2201 3558 σης
2256 3486 2442 3558 κύριον
2497 3485 2588 3538 καὶ
2640 3486 2850 3555 κριτήν.
2918 3481 3050 3535 Ἀπὸ
3097 3479 3309 3552 τρυφῆς
3360 3472 3684 3545 ὲκακώθηςς

2099 3576 2322 3647 νηστείᾳ
2356 3576 2689 3647 θεράπευσον
2736 3575 2853 3644 τὴν,
2882 3572 3196 3627 ἀπόλαυσιν.
3253 3569 3538 3623 Ἀκολασία
3581 3568 3685 3639 τὴν

2099 3666 2275 3738 ψυχὴν
2301 3666 2531 3736 ἔϐλαψεν
2557 3684 2571 3732 ;
2609 3664 2931 3736 σωφροσύνη
2967 3662 3207 3732 γενέσθω
3235 3661 3332 3731 τῆς
3369 3657 3687 3731 ἀρρωστίας

2103 3759 2410 3830 φάρμακον.
2437 3756 2723 3822 Πλεονεξία
2762 3754 3023 3819 πολύυλος
3054 3754 3147 3808 τὸν
3175 3751 3363 3822 νοητὸν
3386 3749 3688 3823 εἰργάσατο

2103 3850 2365 3922 πυρετόν;
2395 3849 2727 3921 ἐλεημοσύνη
2753 3846 3044 3902 κενωσάτω
3070 3845 3168 3915 τὴν
3202 3842 3537 3914 πλησμονήν.
3567 3840 3687 3893 Κα-

2104 3940 2323 4012 θάρσιον
2358 3941 2466 4012 γὰρ
2496 3940 2602 3993 τῶν
2644 3937 3090 4009 πεπληρωμένων
3135 3933 3438 4006 μετάδοσις.
3478 3929 3685 3984 Ἐϐλα-

2101 4035 2201 4103 ψεν
2234 4037 2378 4107 ἡμᾶς
2415 4033 2638 4104 ἁρπαγὴ
2672 4031 2777 4086 τῶν
2814 4027 3135 4101 ἁλλοτρίων;
3176 4022 3516 4078 ὲπανελθέτω
3544 4022 3687 4092 πρὸς

2103 4125 2195 4180 τὸν
2223 4125 2350 4178 ἴδιον
2388 4123 2654 4194 δεσπότην
2692 4122 2753 4175 τὸ
2784 4122 3072 4191 ἅρπαγμα.
3105 4115 3315 4179 Ψεῦδος
3345 4115 3490 4186 ἡμᾶς
3516 4115 3688 4182 ἔγγὺς

2103 4216 2201 4286 τῆς
2252 4215 2527 4279 ἀπωλείας
2577 4216 2783 4285 ἤγαγεν
2830 4209 3139 4282 (Ἀπολεῖς
3170 4209 3311 4279 γάρ,
3345 4207 3498 4278 φησὶ,
3529 4204 3687 4259 :m'r-

2104 4324 2210 4372 τας
2240 4305 2380 4372 τοὺς
2414 4305 2757 4370 λαλοῦντας
2794 4302 2859 4357 τὸ
2902 4300 3131 4372 ψεῦδος
3152 4301 3205 4370 );
3256 4296 3483 4368 ἀλήθεια
3521 4295 3689 4366 μελε·-

2104 4397 2329 4470 τηθεῖσα
2364 4398 2614 4468 στησάτω
2651 4396 2742 4450 τὸν
2788 4393 3053 4448 κίνδυνον.
3088 4393 3291 4463 Ὅρκος
3344 4386 3690 4459 παραδαθεῖς

2104 4489 2227 4558 ἄγει
2260 4489 2554 4560 πετόμενον
2589 4489 2651 4544 τὸ
2688 4489 2923 4560 διαέριον
2962 4486 3055 4540 τοῦ
3102 4483 3372 4555 Ζαχαρίου
3418 4481 3691 4554 δρέπανον

2103 4582 2202 4653 τὴν
2243 4581 2413 4654 τομὴν
2455 4581 2745 4648 ἀπειλοῦνς
2792 4577 3141 4651 ἐνδυσώμεθα
3186 4579 3365 4630 πᾶσαν
3403 4574 3502 4645 τὴν
3552 4590 3690 4626 παν-

2106 4673 2297 4727 οπλίαν
2318 4675 2417 4745 τῆς
2447 4673 2853 4745 μετανοίας,ἴνα
2874 4671 2972 4741 τὴν
3002 4670 3186 4740 ἀκμὴν
3213 4663 3693 4737 άποκρουσὼμεθα

2107 4764 2200 4817 τοῦ
2233 4766 2522 4837 δρεπάνου.
2557 4767 2862 4838 Αίρετικοίς
2889 4763 3155 4834 δόγμασιν
3183 4758 3407 4821 ἀσεϐῶς.
3423 4775 3505 4818 τις
3539 4756 3687 4808 ἰδού.

2101 4856 2322 4923 λευσεν;
2362 4859 2527 4930 ὀρθῆς
2567 4859 2724 4928 δόξης
2769 4859 3081 4929 φρονήματι
3129 4854 3227 4925 τὴν
3271 4848 3693 4920 δεισιδαιμονίαν

2102 4947 2514 5014 φυγαδευσάτω.
2562 4946 2732 4999 Τοῦτο
2779 4946 2887 5015 γάρ
2932 4945 3080 4996 ἐστιν
3125 4943 3159 5013 ἡ
3208 4939 3504 5012 μετάνοια·
3536 4934 3692 4997 λύσις

2102 5036 2197 5089 καὶ
2237 5037 2541 5108 ἀφανισμος
2570 5037 2680 5090 τῶν
2725 5036 2915 5107 πρώην
2949 5034 2982 5105 ἢ
3032 5033 3174 5087 κατὰ
3217 5030 3413 5103 πρᾶξιν
3449 5028 3693 5097 ἐνεργου-

2105 5122 2311 5192 μένων,
2350 5125 2381 5195 ἢ
2414 5126 2554 5179 κατὰ
2583 5125 2826 5179 διάθεσιν
2860 5122 3193 5193 νοουμένων.

432 5209 682 5292 deponat.
707 5223 844 5290 Quid
886 5221 1030 5276 enim
1069 5218 1212 5274 aliud
1261 5226 1343 5272 est
1387 5215 1726 5286 poenitentia,
1757 5215 1856 5267 nisi
1915 5213 2199 5272 dissolutio
2250 5230 2302 5271 et
2358 5223 2565 5273 eversio
2598 5219 3020 5288 praeteritorum,
3072 5230 3191 5284 qua:
3249 5214 3329 5267 vel
3361 5226 3439 5274 re,
3472 5208 3557 5262 τοι
3599 5224 3694 5260 co-

432 5315 685 5385 gitatione
711 5326 836 5370 sunt
856 5311 1129 5370 admissa?

502 5407 601 5473 Qui
647 5394 1017 5478 vero/cognita
1067 5404 1398 5477 paenitentiae
1439 5402 1673 5457 utilitate
1720 5400 1898 5454 adhuc
1950 5399 2001 5453 in

434 5497 756 5570 ﬂagitiorum
795 5508 847 5552 et
885 5499 1172 5569 impietatis
1197 5512 1355 5554 coeno
1379 5495 1671 5561 volutatur,
1706 5491 1896 5547 similis
1919 5501 2005 5547 est

433 5590 510 5648 illi
540 5604 720 5655 servo,
743 5591 831 5660 qui
865 5591 1137 5644 dominum
1183 5591 1285 5644 sibi
1331 5589 1531 5643 iratum
1560 5586 1759 5654 sciens,
1795 5585 1847 5640 in
1878 5585 2003 5655 ejus

507 5767 526 5800 ⁷
548 5766 690 5823 Psal.
720 5781 771 5829 τι,
803 5766 851 5816 ἷ.
942 5765 1113 5822 “Luc.
1143 5780 1224 5833 ιιι,
1257 5766 1290 5821 9
1321 5777 1443 5833 sqq.

2196 5405 2253 5460 '0
2272 5405 2329 5459 δὲ
2362 5404 2639 5475 γνωρίζων
2668 5402 2727 5455 τὸ
2754 5403 2853 5471 τῆς
2881 5396 3163 5469 μετανοίας
3190 5393 3489 5463 ὠφέλιμον,
3523 5388 3611 5440 ἀεὶ
3641 5385 3697 5438 δὲ

2115 5493 2243 5563 περὶ
2273 5492 2364 5545 τὸν
2392 5491 2648 5563 βόρὸορον
2688 5491 2787 5562 τῆς
2825 5488 3058 5559 ἀνομίας
3104 5482 3491 5557 στρεφόμενος,
3526 5476 3700 5543 5057‘?
3746 5532 3753 5537 .

2113 5582 2366 5653 τυγχάνει
2426 5580 2820 5652 παραπλήσιος,
2876 5575 3197 5650 γνωρίζοντι
3234 5571 3335 5643 τὴν
3390 5567 3560 5641 ὀργὴν
3603 5564 3698 5619 τοῦ
