4060 6210
367 246 476 304 569

1290 258 1573 315 llOMlLlA
1614 261 1752 317 XIV.
1789 262 1856 318 ΙΝ
1891 263 2288 328 PRINCIPIUM
2327 274 2777 340 JEJUNIORUM.

3514 292 3619 349 570

363 367 658 438 δεσπότου,
691 373 752 428 ιν
798 374 956 447 ὕψεσι
982 378 1038 432 δὲ
1072 380 1238 434 αὑτοῦ
1272 383 1334 436 τὸ
1368 385 1535 438 κακὸν
1582 385 1920 458 ἐργαζομένη

2020 427 2030 447 ι
2062 406 2355 466 conspectu
2382 400 2642 457 scelerate
2663 418 2722 458 se
2753 404 2914 473 gerit,
2948 416 3330 477 peccatumque
3361 408 3614 478 duplicat.

367 463 464 515 καὶ
489 463 589 534 τὴν
615 465 892 538 ἁμαρτίαν
924 470 1391 539 τριπλασιάζοντι.
1426 476 1759 547 Εὑαίσθητος
1789 478 1943 545 γενοῦ

362 554 509 622 πρὸς
539 554 642 627 τὴν
685 559 1044 630 περιέχουσαν
1088 580 1148 616 σε
1198 564 1374 618 νόσον.
1424 566 1718 637 Σύντριψον
1752 570 1945 623 σαυτὸν

362 644 494 697 ὅσον
518 646 768 703 δύνασαιο
801 650 1041 722 ζήτησον
1079 654 1174 707 καὶ
1214 654 1458 724 ἀδελφῶν
1489 658 1777 729 ὁμοψύχων
1815 662 1941 714 πέν-

366 731 465 796 Θος
492 733 714 805 βρηθοὸν
748 754 828 791 σοι
861 740 1001 811 πρὸς
1026 740 1125 813 τὴν
1159 743 1499 816 ἐλευθερίαν·
1532 748 1702 812 δεῖξόν
1738 768 1826 819 μοι
1862 768 1942 803 πι-

366 825 502 895 κρόν
533 842 625 879 σου
663 829 756 882 καὶ
781 830 1005 899 δαψιλὲς
1046 832 1107 886 τὸ
1146 833 1401 906 δάκρυον,
1435 838 1521 892 ἵνα
1571 840 1708 909 μίξω
1751 841 1844 893 καλ⁵
1881 843 1942 895 τὸ

367 914 532 985 ὶμόνο
567 916 695 970 λάϐε
723 921 819 973 καὶ
850 921 943 975 τὸν
980 924 1130 997 ίερὲα
1162 930 1422 982 κοινωνὸν
1453 929 1554 1001 τῆς
1586 931 1835 1001 θλίψεως,
1866 934 1941 997 ὼς

369 1009 592 1080 πατέρα.
634 1013 731 1076 Τίς
763 1014 873 1086 γὰρ
918 1016 1090 1081 οὕτως
1124 1019 1314 1092 Πατὴρ
1355 1021 1722 1094 ψευδώνυμος,
1767 1025 1799 1096 ἦ
1841 1028 1940 1098 τὴν

367 1099 538 1171 ψυχὴν
561 1102 941 1174 ἀδαμάντινος,
970 1109 1045 1173 ὡς
1076 1109 1149 1182 μὴ
1174 1111 1559 1184 συνοδύρεσθαι
1588 1119 1700 1180 τοῖς
1729 1117 1939 1182 τέκνοις

366 1190 749 1262 λυπουμένοις,
786 1195 818 1267 ἢ
869 1198 1030 1252 πάλιν
1077 1204 1566 1275 συνευφραίνεσθαι
1613 1208 1935 1279 χαίρουσιν;

373 1280 571 1352 Ἰερεὺς
612 1285 731 1338 υἱοῦ
776 1287 876 1340 τοῦ
921 1289 1061 1342 κατά
1108 1290 1404 1362 θρησκείαν
1463 1296 1635 1360 οὕτως
1683 1298 1936 1370 ὀδύρεται

354 1372 654 1462 ἁμαρτίαν,
683 1376 760 1440 ὡς
800 1378 995 1432 Ἰακῶὸ
1022 1380 1116 1435 τοῦ
1156 1383 1363 1455 Ἰωσὴφ
1384 1386 1477 1440 τὸν
1506 1389 1825 1461 ᾑμαγμένον
1855 1409 1937 1462 χι-

352 1460 530 1550 τῶνω
558 1462 638 1528 ὡς
670 1467 838 1520 Δαδὶδ
867 1468 960 1522 τοῦ
1006 1470 1358 1544 Ἀσεσσαλὼμ
1386 1475 1475 1529 τὸν
1517 1460 1734 1550 ὀλεθρον
1756 1520 1771 1543 ,
1800 1460 1886 1544 ὡς
1907 1483 1935 1533 ὁ

363 1548 490 1623 Ἔλὴ
518 1554 611 1607 τὸν
673 1557 826 1627 Ὀφνὶ
857 1560 952 1613 καὶ
989 1562 1174 1626 Φινεὲς
1206 1566 1471 1631 πεσόντας
1505 1570 1596 1622 ἐπὶ
1630 1548 1727 1640 τῆς
1756 1589 1931 1641 παρα-

2045 483 2271 549 Explora
2322 490 2571 547 celeriter
2623 504 2676 549 et
2732 496 3017 565 diligenter
3062 499 3426 554 animadverte
3475 516 3620 556 mor-

2045 575 2192 642 bum,
2226 594 2332 647 quo
2353 581 2573 639 allectus
2602 570 2935 657 es.‘Su.~cipe
2966 604 3033 641 ex
3066 605 3129 643 eo
3149 590 3408 657 dolorem,
3438 607 3615 662 quau-

2045 679 2157 720 tum
2193 673 2485 727 maximum
2523 685 2693 743 putes;
2731 677 2904 747 alllige
2938 687 3011 746 te,
3043 678 3347 747 fratresque
3388 684 3618 739 benevo-

2045 760 2195 814 rolos
2241 772 2400 832 atque
2435 766 2715 821 unanimes
2756 770 2971 833 adhibe,
3021 771 3112 840 qui
3183 772 3339 825 simul
3395 774 3613 831 doleant

2042 849 2457 921 adjumentoque
2530 855 2673 920 sint,
2738 868 2795 910 ttt
2847 856 3108 913 libereris.
3183 858 3417 916 Ostende
3470 864 3604 918 mihi

2041 955 2251 995 amaras
2296 953 2459 1013 atque
2493 944 2685 1000 uberes
2725 946 2985 1018 lacrymas
3033 959 3171 1015 tuas,
3222 960 3280 1006 ut
3318 968 3464 1007 meas
3508 969 3608 1023 ego

2040 1045 2255 1101 quoque
2323 1036 2726 1092 commisceam.
2788 1037 3105 1112 Aﬂlictionis
3171 1044 3490 1112 participem
3554 1056 3611 1100 et

2039 1124 2248 1177 socium
2302 1140 2456 1179 sume
2507 1129 2868 1196 sacerdotem,
2902 1139 2961 1183 ut
2998 1110 3240 1200 ‘patrem.
3287 1133 3417 1199 Quis
3465 1136 3607 1190 enim

2041 1219 2147 1266 tam
2195 1212 2328 1267 falso
2369 1214 2675 1270 nominatur
2723 1216 2904 1284 Pater,
2955 1233 3047 1274 aut
3088 1231 3196 1275 tam
3244 1223 3379 1278 duro
3448 1235 3611 1293 atque

2037 1303 2386 1360 adamantino
2416 1308 2598 1361 animo
2629 1311 2886 1379 praeditus
2909 1321 3011 1377 est,
3050 1313 3140 1382 qui
3178 1330 3282 1369 non
3314 1315 3437 1369 [iliis
3476 1332 3609 1371 mm-

2042 1396 2285 1450 reutibus
2314 1396 2515 1462 doleat,
2552 1408 2606 1452 et
2644 1401 3002 1469 gaudentibus
3044 1404 3301 1460 laetetur?
3338 1407 3607 1464 Sacerdos

2038 1484 2109 1538 ita
2153 1486 2399 1541 tristatur
2431 1490 2500 1542 ob
2530 1500 2813 1557 peccatum
2850 1490 3012 1556 illius,
3046 1508 3205 1562 quem
3253 1506 3476 1564 pr0pter
3522 1512 3607 1551 re-

2036 1574 2284 1646 ligionem
2336 1578 2496 1633 habet
2538 1579 2659 1636 loco
2700 1579 2813 1646 lilii,
2847 1591 2904 1635 ut
2938 1581 3107 1638 Jacob
3141 1584 3252 1638 visa
3289 1586 3469 1639 tunica
3515 1584 3607 1641 Jo-

350 1642 577 1708 τὰξεως,
603 1646 680 1711 ὡς
717 1649 958 1721 Μωῦσῆς
987 1653 1077 1707 τὸν
1107 1653 1232 1708 λαὸν
1258 1655 1351 1710 τὸν
1392 1657 1548 1713 ἄθεον
1580 1663 1920 1731 μοσχοποιίαν

2034 1642 2163 1738 seph
2216 1671 2475 1738 sanguine
2533 1686 2827 1743 conspersa
2888 1675 3273 1742 querebatur’,
3328 1684 3386 1729 ut
3439 1677 3603 1732 David

352 1738 846 1808 καινοτομήσαντα.
872 1742 987 1814 Πρὸ
1006 1744 1111 1797 τῶν
1145 1750 1471 1818 σωματικῶν
1495 1727 1765 1824 πατέρων,
1795 1754 1920 1825 Θάρ-

2029 1727 2161 1812 Ιιιέίι
2190 1727 2479 1815 Αὺεαῖοηὶε
2503 1727 2865 1827 interiiutu‘“,
2904 1727 2961 1817 ut
2986 1727 3104 1819 Heli
3135 1727 3596 1832 Ophitimet‘lv’hi:

352 1826 519 1897 ρησον
568 1828 647 1898 τῷ
693 1831 833 1883 κατὰ
882 1831 1013 1887 Θεόν
1052 1853 1109 1889 σε
1159 1843 1512 1910 γεννήσαντι·
1567 1843 1737 1910 δεῖξον
1776 1847 1926 1919 αὐτῷ

352 1917 790 2011 ανερυθριάστως
830 1924 899 1977 τὰ
948 1928 1333 2000 κεκρυμμένα·
1381 1934 1667 2004 γύμνωσον
1712 1937 1780 1992 τὰ

348 2005 528 2102 ψυχῆς
550 2010 854 2082 ἀπόρρητα.
878 2015 953 2079 ὡς
983 2018 1149 2089 ἰατρῷ
1172 2021 1344 2086 πάθος
1371 2024 1627 2079 δεικνύων
1661 2005 1928 2102 κεκαλυμ-
1986 2026 1991 2039 ’

352 2098 546 2167 μένονο
582 2102 744 2165 αὐτὸς
784 2106 1175 2179 ἐπιμελήσεται
1219 2113 1312 2165 καὶ
1365 2114 1464 2183 τῆς
1516 2098 1926 2193 εὐσχημοσύνης

348 2191 445 2244 καὶ
470 2189 573 2260 τῆς
603 2192 915 2265 θεραπείας·
951 2198 1112 2252 πλέον
1139 2204 1171 2271 ἡ
1204 2202 1365 2268 αἰδὼς
1392 2205 1500 2259 τῶν
1523 2210 1725 2275 γονέων
1762 2189 1927 2265 ἄπτε-

348 2294 441 2332 ται
476 2279 593 2334 τῶν
631 2286 976 2341 πεπονθότων
1017 2290 1219 2344 αὐτῶν.
1270 2293 1331 2346 'H
1375 2296 1483 2367 γὰρ
1526 2299 1750 2352 ἐκείνων
1798 2302 1925 2369 δόξα

499 2378 915 2446 γεννησαμένων
969 2381 1151 2445 ἐστὶν,
1213 2388 1306 2437 καὶ
1351 2387 1384 2457 ἡ
1426 2388 1653 2460 αἰσχύνη
1703 2367 1919 2462 ὁμοίως.

226 2459 243 2471 ⁸
346 2450 597 2533 Ἀὀηλοῇ
629 2465 867 2537 ἀδελφοὶ,
899 2471 999 2543 τῆς
1028 2473 1176 2544 ζωῆς
1204 2477 1236 2546 ἡ
1263 2450 1590 2550 προδεσμία.
1624 2450 1921 2554 «λιθάσωμεν

342 2554 409 2621 τῇ
444 2555 729 2648 ἐπιμελείᾳ
770 2559 867 2631 τὴν
902 2562 1096 2630 ἔξοδον.
1125 2569 1356 2623 Ἄτοπον
1379 2570 1488 2643 γὰρ
1523 2573 1648 2637 τοὺς
1700 2575 1799 2645 μὲν
1823 2577 1922 2648 τῆς

344 2642 547 2711 σαρκὸς
574 2644 968 2719 λελογισμένως
998 2656 1348 2725 ποιουμένους
1374 2659 1471 2731 τὴν
1504 2662 1758 2732 πρόνοιαν
1777 2704 1791 2726 ,
1827 2681 1921 2717 και

341 2730 550 2804 θαίρειν
573 2737 799 2803 ἑαυτοὺς
830 2740 939 2795 τῶν
968 2743 1108 2798 ὑλῶν
1140 2746 1245 2817 πρὸ
1273 2750 1370 2819 τῆς
1403 2730 1657 2823 ἐπιτολῆς
1701 2752 1795 2806 τοῦ
1830 2755 1917 2808 λε-

341 2826 576 2919 γομένου
618 2831 806 2893 κυνός·
836 2834 925 2887 ἵνα
970 2835 1043 2907 μὴ
1088 2837 1350 2893 διασαπὲν
1381 2842 1447 2896 ὲκ
1486 2843 1584 2914 τῆς
1629 2844 1768 2914 ἄγαν
1803 2845 1920 2919 θερ⁸

338 2916 576 3007 μότητος
605 2921 669 2974 τὸ
707 2922 893 2995 ὑγρὸν,
925 2930 1202 2985 νοσοποιὸν
1234 2931 1395 3003 σῆψιν
1428 2935 1748 3007 ἐργάσηται·
1791 2916 1917 3003 τούς

335 3006 397 3061 δι
428 3011 578 3114 κατὲ
607 3012 849 3122 διάνοιαν
882 3018 1199 3091 ἐπιμελείας
1225 3023 1523 3095 χρῄζοντας
1557 3006 1631 3099 μὴ
1666 3030 1911 3101 προφθά-
1938 3063 1984 3122 c

336 3115 454 3153 νειν
484 3103 580 3157 τοῦ
622 3104 852 3162 θανάτου
888 3110 984 3182 τὴν
1027 3112 1255 3184 ἀδηλίαν
1285 3118 1379 3171 καὶ⁵
1418 3117 1514 3172 τοῦ
1552 3120 1909 3194 κολαστηρίου

538 3195 637 3265 τὴν
663 3196 840 3286 ζέσιν.
874 3202 967 3256 τοῦ
1001 3204 1250 3276 ἀλήκτως
1290 3207 1605 3278 φλέγοντος,
1630 3213 1724 3267 καὶ
1754 3191 1908 3286 μηδέ-

333 3296 465 3377 ποτε
486 3281 813 3377 ψυζομὲνου.
839 3290 949 3361 Τὴν
973 3292 1220 3367 δραχμὴν
1242 3293 1386 3368 εἶχες
1403 3299 1502 3371 τὴν
1528 3281 1904 3377 εύαγγελικῆν,

331 3372 636 3468 καὶ-καλῶς
663 3379 941 3445 ἐπλούτεις
961 3383 1038 3455 τῷ
1063 3387 1342 3457 χρήματι)
1372 3386 1490 3445 εἶτα
1516 3392 1605 3448 διὰ
1633 3372 1911 3468 ῥαθυμίαν

328 3460 643 3554 ἀπώλεσας.
679 3469 847 3538 ’Ἄψον
876 3471 980 3524 ’τὸν¹
1007 3475 1071 3528 ὲκ
1098 3477 1197 3547 τῆς
1235 3480 1520 3548 μετανοίας
1547 3460 1737 3554 mia».
1755 3460 1901 3542 "xu.-

326 3552 576 3623 τάκυψον
621 3559 928 3631 ἐπιμελῶςσ
975 3564 1207 3638 ζήτησον
1245 3570 1304 3623 τὸ
1340 3552 1762 3645 κειμήλιοννγτοῖς
1788 3580 1902 3650 γηί·

326 3661 442 3710 vos;
476 3650 917 3721 ὲγκρυπτόμενον
969 3658 1214 3716 πάθεσιν.
1279 3662 1546 3735 Εὑρηκὼς
1596 3668 1786 3723 ἀνελοῦ
1817 3673 1910 3725 καὶ

531 3758 544 3772 ’
583 3743 669 3835 ἵνα
691 3763 787 3835 -σοι
828 3752 1186 3823 συγχαρῶμεν
1229 3756 1279 3807 οί
1319 3757 1557 3825 γείτονες
1600 3763 1771 3830 χαρὰν
1810 3762 1909 3835 τὴν

325 3829 663 3925 ὲνΔΧριστῷ.
690 3830 760 3907 ᾯ
800 3839 996 3911 πρέπει
1023 3841 1149 3907 δόξα
1174 3844 1269 3925 νῦν
1306 3846 1401 3899 καὶ
1427 3847 1514 3900 ἀεὶ
1544 3829 1636 3902 καὶ
1678 3829 1759 3915 είς
1783 3829 1909 3917 τούς

323 3919 534 3986 αἰῶνας
552 3924 660 3979 τῶν
688 3928 918 3984 αίὼνων.
960 3931 1152 4004 ’Δμήν.

2028 1864 2203 1912 ueem,
2249 1850 2339 1920 qui
2376 1850 2428 1904 in
2467 1852 2583 1906 acie
2621 1854 3016 1919 ceciderant“,
3065 1863 3122 1908 ut
3164 1853 3337 1911 Moses
3378 1856 3603 1925 impium

2027 1940 2279 2011 populum
2337 1942 2428 2011 qui
2482 1958 2660 1997 rerum
2722 1959 2979 1999 novarum
3043 1946 3317 2001 studiosus
3375 1947 3600 2001 vitulqu

2027 2032 2129 2086 sibi
2182 2030 2592 2090 conﬂaverat“.
2629 2034 2991 2101 Quamobrem
3061 2037 3235 2105 major
3287 2038 3380 2090 tibi
3434 2037 3487 2092 in
3537 2052 3603 2092 eo

2027 2122 2220 2179 llducia
2254 2123 2347 2190 sit,
2377 2125 2469 2194 qui
2514 2135 2565 2180 te
2614 2126 2667 2179 in
2721 2126 2829 2182 Deo
2876 2127 3083 2198 genuit,
3121 2141 3282 2196 quam
3324 2126 3377 2179 in
3417 2126 3540 2191 illis,
3571 2143 3601 2181 a

2026 2215 2219 2284 quibus
2250 2214 2475 2285 corpore
2510 2229 2821 2284 procreatus
2853 2232 2931 2275 es.
2962 2218 3232 2272 Audacter
3274 2218 3502 2274 ostende
3518 2219 3600 2274 illi

2023 2318 2143 2373 qua:
2178 2314 2304 2360 sunt
2337 2307 2630 2361 recondita.
2656 2308 2832 2362 Animi
2864 2323 3064 2362 arcana
3098 2319 3348 2377 tanquam
3390 2309 3599 2364 occulta

2025 2396 2241 2451 vulnera
2304 2398 2514 2453 medico
2569 2409 2772 2468 relege.
2822 2399 2938 2469 Ipse
2985 2408 3039 2454 et
3089 2401 3327 2464 honoris,
3359 2410 3414 2455 et
3451 2401 3596 2455 vale-

2027 2486 2226 2541 tudinis
2284 2498 2387 2542 tu.e
2433 2490 2699 2544 rationem
2743 2488 2983 2543 habebit.
3032 2489 3289 2544 Filiorum
3334 2491 3599 2546 dedecore

2026 2577 2196 2648 magis
2228 2589 2514 2633 moventur
2559 2589 2832 2649 parentes,
2866 2596 3026 2651 quant
3083 2583 3180 2651 ipsi
3224 2582 3339 2639 lilii.
3371 2580 3503 2635 Nam
3539 2592 3598 2637 ut

2024 2665 2253 2722 liliorum
2293 2667 2462 2738 gloria
2504 2668 2572 2723 ad
2618 2676 2872 2739 parentes
2916 2672 3169 2740 pertinet,
3200 2673 3279 2727 sic
3309 2672 3479 2727 etiam
3502 2673 3595 2726 de-

2021 2756 2185 2812 decus
2212 2767 2269 2812 et
2296 2758 2590 2827 turpitudo.
2633 2758 2877 2814 Incertus
2925 2768 3029 2826 est,
3067 2760 3285 2829 fratres,
3332 2764 3597 2818 terminus

2020 2848 2169 2913 vitas,
2195 2849 2493 2904 discessum
2523 2863 2555 2904 e
2587 2848 2697 2903 vita
2728 2850 3004 2920 diligentia
3058 2863 3466 2922 prtevertamus.
3492 2854 3598 2909 Ab-

2019 2938 2240 2992 surdum
2267 2940 2411 2994 enim
2442 2951 2547 3005 est,
2570 2956 2693 2997 cum
2738 2939 2837 3006 illi,
2866 2940 2957 3010 qui
3000 2942 3243 3008 corporis
3270 2944 3594 2998 valetudinis

2021 3032 2281 3087 rationem
2328 3032 2550 3097 habent,
2579 3032 2788 3101 seipsos
2817 3042 3126 3101 expurgeut
3165 3043 3291 3088 aute
3330 3034 3588 3088 canicula}

2017 3130 2289 3185 exortum,
2325 3137 2413 3186 ne,
2441 3123 2585 3190 quod
2615 3121 2893 3175 humidum
2927 3122 2980 3175 iu
3013 3121 3114 3175 illis
3144 3132 3258 3188 est,
3285 3124 3589 3178 vehementi

2017 3212 2185 3282 ipsius
2221 3213 2417 3266 ardore
2446 3220 2842 3281 corrumpatur,
2869 3220 2922 3265 et
2968 3212 3186 3267 morbos
3234 3213 3441 3280 pariat;
3471 3230 3587 3282 eos,

2013 3304 2103 3374 qui
2131 3304 2294 3359 animi
2336 3316 2521 3359 cunam
2544 3311 2761 3374 gerunt,
2797 3302 3061 3357 incertum
3089 3304 3281 3359 mortis
3306 3304 3448 3359 diem
3482 3321 3584 3363 non

2012 3403 2376 3456 antevertere,
2421 3401 2478 3445 et
2517 3391 2766 3445 ardorem
2810 3391 3173 3446 excruciantis
3226 3392 3371 3449 illius
3426 3395 3588 3464 ignis,

2014 3483 2104 3553 qui
2138 3494 2399 3538 attentum
2442 3482 2730 3548 comburit,
2762 3491 2815 3537 et
2865 3481 3067 3535 nullum
3096 3497 3332 3552 unquam
3367 3486 3589 3557 refrige-

2014 3576 2151 3637 rium
2175 3575 2433 3629 admittit.
2466 3574 2788 3630 Drachmam
2813 3574 3203 3645 evangelicam,
3232 3591 3395 3646 quam
3427 3592 3584 3633 acce-

2009 3684 2186 3737 peras,
2233 3676 2289 3722 et
2330 3682 2434 3736 qua
2484 3667 2633 3721 dives
2689 3665 2911 3721 ell‘ectus
2961 3664 3161 3730 fueras,
3225 3667 3438 3736 ignavia
3495 3676 3583 3721 tua

2008 3758 2314 3828 perdidisti,
2343 3755 2670 3827 paenitentiae
2705 3755 2976 3810 lucernam
3021 3757 3256 3811 acceude
3280 3756 3344 3809 ³³.
3383 3757 3584 3811 lncliua

2011 3861 2062 3906 te
2095 3849 2397 3920 diligenter.
2435 3845 2584 3899 Illam
2614 3860 2805 3915 gazam
2848 3847 2899 3898 in
2943 3847 3172 3899 terrenis
3210 3846 3585 3903 all‘ectionibus

2007 3943 2277 3998 defossam
2310 3938 2592 4006 conquire,
2621 3937 2892 3990 inventam
2928 3936 3052 3989 tolle
3110 3944 3271 4004 atque
3299 3950 3580 4003 conserva,

326 4019 391 4063 tu
436 4026 534 4063 nos
571 4014 731 4069 vir-iui
785 4019 1136 4090 gratulemur,
1168 4033 1218 4077 et
1265 4037 1329 4079 eo
1355 4028 1552 4096 gaudio
1589 4029 1905 4104 allii-iamur,

2023 4035 2092 4091 od
2132 4042 2216 4089 est
2270 4034 2323 4086 in
2371 4028 2605 4092 Christo,
2676 4028 2762 4082 cui
2834 4026 2998 4098 gloria
3036 4028 3087 4081 iu
3123 4030 3313 4082 sarcula
3355 4029 3580 4083 εωριιιυ-

322 4116 466 4155 tum.
505 4102 693 4161 Ament.

1068 4205 1165 4259 IA'.

540 4286 730 4355 Λόγος
755 4289 842 4355 είς
866 4289 981 4360 τὴν
1003 4294 1201 4365 ἀρχὴν
1230 4295 1349 4352 τῶν
1368 4302 1684 4368 νηστειῶν.

393 4375 658 4432 Σύνθετον
715 4379 854 4443 ζῶον
903 4386 933 4438 ό
979 4387 1283 4461 ἄνθρωπος,
1342 4393 1449 4446 ἀπὸ
1502 4395 1751 4467 σώματος
1805 4398 1898 4452 τοῦ

316 4467 675 4557 φαινομένου,
730 4470 949 4544 καὶτῆς
978 4474 1202 4548 λογικῆς
1255 4480 1349 4533 καὶ
1401 4482 1691 4554 ἀσωμάτου
1720 4484 1898 4557 ψυχῆς

312 4554 503 4627 λαχὼν
552 4554 693 4613 εἶναι
741 4562 877 4635 ὅπερ
918 4566 1086 4621 ἐστίν.
1139 4571 1259 4624 Τῶν
1316 4572 1373 4626 δὲ
1417 4573 1510 4626 δύο
1541 4574 1744 4630 τούτων

317 4647 743 4719 προρρηθέντων
796 4653 894 4724 οὐχ
951 4655 1210 4729 ὁμότιμος
1259 4662 1292 4732 ή
1346 4664 1506 4731 φύσις
1559 4664 1653 4719 καὶ
1683 4667 1716 4736 ή
1747 4665 1892 4733 ἀξία·

318 4737 458 4792 ἀλλὰ
492 4741 557 4794 τὸ
593 4742 690 4813 μὲν
721 4743 949 4816 ὄργανον
980 4747 1408 4824 ὲδημιουργήθη.
1444 4754 1581 4826 πρὸς
1624 4755 1724 4828 τὴν
1752 4759 1896 4810 οἰκο-

318 4831 514 4901 νομίαν
540 4833 642 4904 τῆς
677 4836 983 4910 κρατούσης
1014 4839 1350 4913 κινούμενον·
1385 4845 1419 4915 ἡ
1461 4844 1516 4898 δὲ
1545 4846 1895 4918 ἡγεμονεύειν

316 4921 521 5011 ἐτάχθη
559 4927 654 4978 καὶ
700 4926 1021 4997 βασιλεύειν,
1069 4932 1145 4998 ὡς
1188 4935 1452 5007 κρείττων
1493 4937 1588 4990 τοῦ
1631 4939 1890 5011 χείρονος.

314 5010 576 5065 Δαϐοὗσα
616 5013 673 5068 δὲ
703 5016 839 5087 αὕτη
870 5018 930 5071 τὸ
979 5019 1311 5093 διακριτικὸν
1357 5025 1464 5078 ἀπὸ
1508 5025 1601 5079 τοῦ
1635 5026 1748 5091 νοῦ,
1799 5029 1894 5083 καὶ

315 5099 409 5154 τοῦ
428 5102 613 5171 λόγου,
641 5105 861 5160 καὶτῶν
887 5109 1087 5175 καλῶν,
1122 5112 1215 5166 καὶ
1239 5113 1347 5167 τῶν
1387 5113 1641 5169 τοιούτων
1664 5118 1763 5187 τὴν
1777 5117 1894 5171 δια-

314 5190 492 5263 φορὰν
527 5192 840 5268 ὲξευροῦσα,
897 5201 1151 5273 γνωρίζει
1215 5205 1313 5275 μὲν
1352 5205 1444 5259 τὸν
1488 5206 1620 5261 Θεὸν
1666 5209 1895 5280 ποιητὴν

318 5282 772 5358 καὶδημιουργὸν
814 5290 925 5345 τῶν
969 5310 1031 5346 τε
1076 5295 1135 5347 ἑν
1180 5298 1307 5351 ποσὶ
1330 5297 1533 5352 τούτων
1559 5300 1745 5371 καίτῇ
1806 5303 1893 5355 ai-

324 5370 517 5443 σθήσει
550 5377 928 5448 καταληπτῶν,
967 5384 1028 5436 οὒ
1069 5383 1174 5457 μὴν
1195 5386 1333 5440 ἀλλὰ
1363 5387 1458 5441 καὶ
1484 5389 1590 5441 τῶν
1623 5389 1893 5462 ἀοράτων,

2726 4203 2861 4259 XIV.

2209 4300 2394 4356 Oratio
2432 4314 2489 4353 ιιι
2525 4298 2841 4367 principium
2875 4299 3201 4368 jejumorum
3242 4299 3373 4369 (lii).

2078 4393 2448 4464 Compositum
2486 4392 2686 4446 animal
2715 4400 2800 4445 est
2835 4392 3028 4457 homo,
3065 4407 3129 4447 ex
3163 4406 3390 4461 corpore
3416 4407 3576 4460 aspe-

2003 4487 2216 4551 ctabili,
2256 4495 2309 4542 et
2341 4500 2406 4541 ex
2442 4484 2620 4539 anima
2646 4484 2893 4540 rationali
2930 4494 2984 4539 et
3015 4485 3326 4554 incorporea
3371 4483 3576 4538 habens

2004 4589 2174 4636 totum
2218 4578 2358 4649 quod
2409 4586 2510 4632 est.
2560 4574 2826 4631 Caeterum
2870 4576 3132 4641 duorum,
3176 4590 3294 4645 qua:
3321 4575 3431 4643 jam
3484 4589 3575 4628 re-

2003 4671 2343 4733 censuimus,
2384 4685 2489 4725 non
2526 4679 2609 4723 est
2641 4668 2861 4737 aqualis
2895 4668 3114 4722 honoris
3145 4676 3365 4731 natura,
3398 4679 3574 4734 neque

2001 4761 2272 4831 dignitas:
2326 4763 2419 4815 sed
2475 4775 2671 4828 corpus
2720 4759 2936 4829 quidem
2989 4759 3263 4814 conditum
3313 4766 3397 4811 est
3454 4766 3571 4809 tau.

2002 4865 2164 4920 quam
2226 4853 2688 4915 instrumentum,
2758 4851 2825 4905 ad
2892 4850 3175 4921 imperium
3243 4848 3572 4903 dominantis

2000 4945 2192 4998 animae
2261 4943 2465 4998 moveri
2526 4942 2765 4997 solitum.
2822 4941 2892 4996 At
2946 4942 3124 4995 anima
3176 4955 3240 4993 co
3303 4939 3569 4992 destinata

1960 5041 2113 5095 -cst,
2162 5040 2219 5087 ut
2271 5034 2498 5103 imperet
2545 5032 2689 5087 velut
2735 5034 3079 5102 praestantior
3129 5030 3401 5086 deteriori.
3454 5030 3570 5096 Qua

1999 5124 2337 5179 discernendi
2380 5124 2635 5179 facultate
2673 5140 2701 5178 a
2746 5133 2925 5178 tuente
2962 5133 3017 5179 et
3058 5124 3269 5177 ratione
3301 5131 3520 5191 accepta
3551 5162 3567 5187 ,

1998 5224 2050 5269 et
2084 5214 2292 5271 honesti
2329 5231 2393 5270 ac
2424 5217 2686 5271 contrarii
2732 5215 3037 5271 diﬂ‘erentia
3084 5223 3288 5283 reperta
3310 5253 3325 5279 ,
3370 5226 3569 5281 (εοεηο-

1996 5307 2100 5363 scit
2139 5307 2304 5361 Deum
2343 5322 2463 5364 esse
2499 5318 2801 5364 creatorem
2845 5316 2899 5364 et
2939 5306 3273 5363 conditorem
3317 5312 3426 5361 tam
3470 5320 3567 5362 eo-

2000 5416 2116 5453 rum
2139 5441 2154 5466 ,
2190 5415 2308 5469 qua:
2338 5412 2462 5454 ante
2495 5401 2679 5456 oculos
2720 5410 2775 5453 et
2822 5400 2986 5471 pedes
3020 5409 3326 5465 Versantur,
3371 5402 3565 5455 sens’u-

391 5530 414 5560 ’
451 5532 588 5587 Gen.
619 5552 832 5606 sum,
866 5542 934 5598 55
963 5559 1112 5614 seqq.
1191 5546 1233 5578 ¹⁰
1260 5546 1296 5601 ΙΙ
1328 5548 1454 5618 Reg.
1489 5565 1600 5611 xix,
1631 5551 1682 5605 ι.
1763 5553 1800 5584 ¹¹
1827 5552 1844 5605 l
1870 5555 1920 5608 Bt

2032 5570 2104 5619 tv,
2135 5540 2216 5610 l8.
2297 5557 2340 5587 "
2373 5556 2541 5611 Exod.
2572 5572 2742 5624 χχιιι,
2776 5556 2846 5614 9.9
2870 5573 2990 5628 sqq.
3072 5570 3265 5618 "Luc.
3295 5571 3385 5622 xv,
3421 5556 3475 5620 8,
3509 5554 3563 5608 9.

394 5648 510 5720 (θί)
550 5650 691 5710 Inter
750 5656 922 5728 Opera
985 5661 1233 5732 Gregorii
1281 5664 1503 5736 Nysscni
1535 5708 1547 5731 ,
1607 5669 1688 5723 cd.
1735 5668 1865 5726 l658
1894 5679 2023 5726 tum.
2064 5669 2139 5736 ιι,
2174 5686 2295 5742 pag.
2327 5670 2452 5726 ΞΠ.
2489 5671 2633 5727 Edit.
