4060 6210
417 246 518 311 571

1696 252 1751 309 ὃ.
1795 248 2074 310 Αδτειιιι
2112 252 2413 311 AMASEM

3584 255 3697 314 δη

424 382 532 436 que
558 368 1116 438 comprehenduntur,
1143 387 1305 442 quam
1339 371 1811 441 iuaspectabilium
1834 415 1850 443 ,
1882 388 2004 443 quae

2128 375 2205 429 ἱσα
2227 375 2351 441 νοῦς
2385 367 2672 448 ἀσώματος
2695 375 3154 448 φαντασιούμενος
3177 376 3383 448 βλέπει.
3443 377 3699 433 Ασκοῦσα

427 476 581 517 mens
619 463 860 532 corporis
906 479 1101 534 expers
1147 465 1477 535 cogitatione
1523 463 1784 521 inl'ormat
1821 475 1877 522 et
1918 468 2003 523 iu-

426 564 629 609 tuetur.
666 554 835 615 Porro
862 554 1133 626 jnsritiam
1175 565 1229 613 et
1263 556 1516 611 virtutem
1554 572 1653 612 ceu
1705 558 1811 614 Deo
1851 567 2003 630 grata

424 660 729 709 exercens,
783 660 997 700 sacram
1048 644 1441 702 institutionem
1495 647 1733 718 appetit,
1781 648 2005 721 ejusque

426 735 632 806 legibus
676 744 730 789 et
774 737 996 792 monitis
1030 736 1438 804 obsecundans,
1471 754 1634 810 quam
1692 739 2006 810 longissime

426 827 658 894 seipsam
692 842 721 881 a
750 827 1059 882 carnalibus
1086 828 1371 884 desideriis
1393 828 1615 888 abducit
1640 845 1656 895 ;
1689 829 1798 886 Deo
1826 826 2004 887 autem

428 928 482 973 et
515 928 776 988 quantum
813 918 927 975 fieri
960 930 1138 991 potest
1169 936 1381 976 summo
1422 921 1500 977 illi
1544 920 1684 978 bono
1717 921 2005 978 assimilari

425 1010 628 1069 Studet.
676 1010 797 1080 Ipsa
849 1011 1012 1068 etiam
1060 1027 1217 1069 sacra
1268 1012 1607 1083 philosophia
1654 1013 1801 1069 circa
1847 1028 2003 1078 eam,

424 1118 585 1174 quam
640 1105 1059 1176 temperantiam
1106 1120 1205 1160 seu
1248 1105 1643 1162 continentiam
1690 1104 2006 1176 appellant,

426 1195 722 1269 plurimum
776 1207 833 1254 et
888 1198 1148 1267 primario
1199 1207 1461 1268 occupata
1515 1207 1641 1255 est:
1689 1212 1812 1253 cum
1862 1197 2007 1254 enim

427 1305 582 1346 mens
627 1289 717 1345 hic
763 1290 971 1360 absque
1012 1290 1119 1345 ulla
1157 1291 1569 1361 perturbatione
1606 1297 1874 1356 versetur,
1912 1304 2009 1346 ne-

426 1397 533 1452 que
565 1381 730 1439 ullam
776 1382 1155 1438 admistionem
1200 1383 1476 1449 sordium,
1514 1397 1635 1456 qua:
1676 1381 1763 1437 vel
1804 1395 1836 1436 a
1880 1394 2008 1436 ven-

429 1486 549 1540 tre,
584 1474 668 1529 vel
712 1473 929 1531 aliunde
967 1474 1331 1544 proveniunt,
1374 1475 1633 1544 patiatur,
1681 1473 1853 1530 libere
1900 1489 2014 1529 suae

429 1567 767 1636 operationi,
824 1577 879 1622 et
924 1583 1103 1627 rerum
1152 1568 1456 1625 caelestium
1503 1568 1607 1624 sibi
1661 1576 2012 1637 cognatarum
2098 1620 2102 1637 ,

431 1659 871 1729 contemplationi
914 1672 1091 1719 vacat.

505 1748 673 1818 Igitur
724 1760 994 1821 quotquot
1045 1753 1399 1825 pliilosOphia:
1446 1753 1683 1822 alumni,
1728 1764 1786 1813 et
1832 1770 2012 1812 rerum

431 1839 740 1899 sublimium
764 1851 1036 1903 amatores
1081 1858 1147 1898 ac
1174 1844 1422 1917 discipuli
1453 1846 1722 1903 sermonis
1749 1845 1905 1910 estis,
1932 1845 2015 1901 di-

435 1933 583 2002 ligite
613 1942 824 2003 tempus
859 1950 1137 2005 praesens,
1165 1946 1218 1991 et
1252 1946 1500 1993 sanctam
1530 1937 2013 2008 Quadragesimam

347 2026 359 2039 ’
434 2040 561 2085 cum
616 2026 813 2095 gaudio
870 2027 1170 2096 suscipite,
1224 2028 1374 2085 velut
1421 2030 1794 2099 temperantiae
1844 2028 2016 2096 magi-

435 2127 604 2175 stram
630 2158 645 2184 ,
671 2119 889 2174 virtutis
917 2128 1150 2175 matrem
1171 2159 1186 2186 ,
1221 2122 1485 2176 nutricem
1516 2120 1749 2178 ﬁliorum
1776 2122 1901 2184 Dei,
1929 2122 2015 2176 in-

433 2209 738 2280 composite
783 2212 1079 2268 viventium
1129 2212 1600 2281 inl'ormatricem,
1650 2211 2015 2284 tranquillus.

436 2313 544 2357 tem
574 2301 916 2370 animarum,
950 2304 1309 2360 constantiam
1350 2319 1447 2361 seu
1488 2304 1690 2362 bonam
1733 2304 2012 2362 habitudi-

439 2408 562 2448 nem
594 2393 753 2459 vitze,
789 2409 1084 2464 pacemque
1114 2394 1431 2451 inviolatam
1456 2403 1514 2450 et
1540 2395 2014 2467 imperturbatatn.

440 2484 617 2556 Hujus
649 2488 792 2542 enim
826 2488 1091 2543 severitas
1123 2496 1179 2543 et
1227 2487 1468 2559 gravitas
1511 2502 1707 2558 pravas
1749 2489 2020 2560 cupidita-

438 2590 521 2635 tes
550 2580 729 2649 sopit,
778 2579 914 2635 iram
967 2590 1023 2635 et
1075 2581 1471 2639 coniunctiones
1526 2581 1854 2651 exstinguit,
1906 2596 2021 2637 om-

439 2686 673 2740 nemque
704 2672 997 2740 procellam
1017 2714 1034 2740 ,
1066 2688 1190 2743 qua
1222 2688 1288 2729 ex
1326 2672 1495 2728 nimio
1525 2674 1648 2729 cibo
1679 2672 1903 2739 ebullit,
1936 2687 2022 2729 re-

439 2765 667 2835 [rigerat
692 2775 750 2821 et
776 2776 1014 2822 coercet.
1050 2766 1116 2820 Et
1143 2767 1599 2837 quemadmodum
1630 2767 1838 2822 astatis
1885 2775 2021 2821 tern—

443 2872 609 2925 pore,
643 2858 861 2925 quando
895 2858 1095 2914 nimius
1124 2857 1257 2913 solis
1301 2857 1467 2912 ardor
1517 2867 1675 2912 terra:
1722 2857 2020 2921 incumbit,

441 2946 624 3016 aquilo
655 2946 868 3002 lenibus
898 2947 1047 3002 auris
1078 2947 1260 3004 omnia
1305 2962 1563 3003 recreans
1584 2987 1599 3012 ,
1649 2948 1909 3020 impedit,
1955 2964 2022 3004 ne

2105 465 2163 519 δὲ
2208 466 2558 539 δικαιοσύνην
2612 468 2711 523 καὶ
2758 468 2986 540 ἀρετὴν,
3020 470 3098 533 ὡς
3127 469 3246 541 Θεῷ
3293 469 3445 541 φίλη,
3484 469 3697 539 ἐφίεται

2107 559 2446 630 φιλοσοφίας,
2481 561 2575 614 καὶ
2625 563 2740 626 τοῖς
2780 562 2997 634 ἐκείνης
3029 563 3220 635 νόμοις
3255 564 3353 616 καὶ
3378 563 3695 634 παραγγέλ-

2110 670 2243 723 μασι
2272 652 2591 725 πειθομένη.
2633 655 2839 725 ἀπάγει
2870 655 2970 727 μὲν
2994 656 3192 728 ἑαυτὴν
3215 657 3298 711 ὅτι
3315 656 3563 711 πλεῖστον
3586 656 3698 711 τῶν

2110 745 2392 817 σαρκικῶν
2440 746 2898 820 ἐπιθυμημάτων,
2952 748 3161 818 ἐγγίζει
3211 748 3269 805 δὲ
3301 748 3424 819 Θεῷ
3466 748 3560 802 καὶ
3594 749 3698 818 ὅση

2107 834 2339 907 δύναμις
2366 836 2700 891 οἰκειοῦσθαι
2747 836 2826 908 τῷ
2859 836 3056 909 ἀγαθῷ
3082 838 3552 911 πραγματεύεται.
3586 838 3700 893 Δύ-

2107 928 2209 999 τῆς
2260 927 2317 982 δὲ
2387 929 2488 1000 τῆς
2545 931 2696 1001 ἱερᾶς
2747 929 3066 999 φιλοσοφίας
3123 931 3253 1002 περὶ
3305 930 3405 1000 τὴν
3456 928 3695 1000 λεγομέ-

2109 1040 2208 1093 νην
2235 1022 2564 1095 ἐγκράτειαν
2592 1022 2654 1076 τὸ
2682 1022 2934 1079 πλεῖστον
2978 1015 3437 1095 καὶκυριώτερον
3469 1022 3705 1094 στρέφε-ο

2108 1129 2221 1169 ταιο
2254 1114 2490 1169 ἐνταῦθα
2535 1115 2646 1188 γὰρ
2675 1117 2707 1171 ὸ
2738 1116 2865 1180 νοῦς
2898 1114 3169 1179 ἀθόλωτος
3204 1115 3402 1186 μένων,
3432 1116 3527 1169 καὶ
3544 1114 3704 1170 οὐδεο

2114 1207 2245 1278 μίαν
2273 1206 2555 1278 ἐπιμιξίαν
2586 1207 2698 1261 τῶν
2724 1208 2834 1262 ἀπὸ
2873 1208 3113 1280 γαστρὸς
3160 1205 3193 1279 ἢ
3237 1206 3347 1262 τῶν
3370 1206 3547 1262 ἀλλων
3608 1208 3706 1277 ῥυ·-

2112 1298 2418 1371 πασμάτων
2448 1298 2757 1372 δεχόμενος,
2789 1301 3188 1373 ἀνεμπόδιστον
3237 1300 3353 1371 εχει
3407 1299 3509 1371 τὴν
3549 1300 3705 1370 ὲνέρο

2111 1405 2290 1459 γειαν,
2314 1391 2409 1445 καὶ
2434 1389 2535 1462 τὴν
2557 1390 2687 1461 περὶ
2714 1390 2826 1446 τῶν
2852 1391 3123 1466 οὐρανίων
3152 1393 3245 1446 καὶ
3279 1390 3557 1461 συγγενῶν
3583 1390 3707 1444 ἑαυ-

2111 1481 2188 1552 τῷ
2214 1480 2465 1554 θεωρίαν.

2187 1745 2398 1802 Οὐκοῦν
2448 1747 2564 1800 ὅσοι
2614 1744 2713 1816 τῆς
2756 1743 3077 1814 φιλοσοφίας
3132 1740 3413 1813 τρόφιμοι,
3453 1742 3548 1794 καὶ
3592 1739 3707 1794 τῶν

2118 1837 2338 1910 ὑψηλῶν
2363 1839 2591 1910 ἐρασταὶ
2616 1835 2712 1892 καὶ
2742 1836 2985 1908 μαθηταὶ⁵
3037 1833 3133 1888 τοῦ
3157 1831 3339 1903 λόγου,
3377 1833 3707 1903 ἀγαπήσατε

2117 1931 2209 1986 τὸν
2236 1930 2507 1985 ἐνεστῶτα
2538 1929 2751 2004 καιρὸν,
2787 1929 2882 1982 καὶ
2904 1928 3003 2001 τὴν
3037 1927 3200 1996 ἁγίαν
3245 1925 3709 1998 Τεσσαρακοστὴν

2118 2022 2399 2097 χαίροντες
2434 2022 2788 2089 ὑποδέξασθε,
2843 2022 2920 2087 ὡς
2974 2018 3332 2092 σωφροσύνης
3361 2019 3705 2081 διδάσκαλον,

2119 2118 2215 2171 καὶ
2243 2118 2443 2190 ἀρετῆς
2485 2117 2718 2189 μητέρα,
2750 2116 2847 2171 καὶ
2884 2114 3085 2187 τροφὸν
3113 2112 3220 2167 τῶν
3247 2112 3381 2167 υίῶν
3415 2113 3509 2167 τοῦ
3544 2111 3707 2178 Θεοῦ,

2119 2210 2216 2267 καλΙ
2249 2209 2595 2280 παιδαγωγὸν
2624 2208 2731 2263 τῶν
2770 2208 3048 2271 ἀτάκτων,
3082 2206 3180 2260 καὶ
3223 2205 3467 2278 γαλήνην
3496 2204 3706 2275 ψυχῶν,

2120 2304 2216 2357 καὶ
2249 2302 2570 2357 εὐστάθειαν
2627 2296 2766 2373 βίου,
2825 2298 2921 2353 καὶ
2973 2298 3199 2369 εἰρήνην
3250 2297 3555 2357 ἓνσπονδον,
3611 2298 3711 2350 καὶ

2121 2396 2416 2469 ἀτάραχον.
2446 2394 2664 2467 Ταύτης
2679 2393 2789 2465 γὰρ
2817 2393 2880 2446 τὸ
2914 2390 3191 2464 αὐστηρὸν
3209 2390 3306 2444 καὶ⁵
3336 2389 3534 2460 σεμνὸν
3556 2389 3709 2459 πάθη

2122 2488 2386 2559 κοιμίζει,
2446 2485 2618 2559 ὀργὰς
2672 2487 2766 2541 καὶ
2813 2484 3021 2557 θυμοὺς
3082 2481 3471 2546 ἀποσϐέννυσι,
3529 2481 3714 2535 πάντα

2122 2581 2367 2638 κλύδωνα
2398 2581 2492 2634 τὸν
2540 2580 2606 2634 ὲκ
2659 2577 3005 2647 πολυφαγίας
3056 2574 3356 2640 ἀναζέοντα
3407 2573 3713 2645 καταψύχει

2125 2676 2220 2731 καὶ
2268 2672 2647 2729 καταστέλλει.
2681 2670 2789 2726 Και
2840 2671 2978 2741 ὅπερ
3033 2669 3128 2723 ἐπὶ
3178 2667 3272 2722 τοῦ
3320 2668 3531 2742 θέρους,
3581 2668 3714 2719 ὅταν

2121 2767 2275 2839 ἡλίου
2294 2766 2355 2820 τὸ
2380 2764 2654 2835 φλογῶδες
2682 2763 3018 2836 καταλάμπῃ
3067 2765 3134 2836 τῇ
3166 2764 3261 2834 γῇ,
3290 2763 3320 2815 ὀ
3355 2761 3557 2832 βορρᾶς
3580 2759 3714 2824 τοὺς

2124 2857 2495 2929 θαλπομένους
2529 2857 2831 2928 εὐεργετεῖ.
2863 2855 3121 2926 πραείαις
3152 2852 3347 2927 αὔραις
3392 2850 3718 2907 ἀπελαύνων

2124 2950 2186 3004 τὺ
2204 2952 2415 3019 πνῖγος*
2448 2948 2608 3004 τοῦτο
2657 2948 2753 3004 καὶ
2791 2949 2824 3018 ὴ
2878 2947 3102 3019 νηστεία
3152 2948 3459 3020 χαρίζεται,
3509 2945 3612 3018 τὴν
3646 2945 3717 2999 ὲκ

441 3034 778 3097 suﬂ‘ocentur
807 3054 822 3103 ;
857 3036 928 3090 ita
965 3047 1019 3091 et
1041 3036 1310 3106 jejunium
1340 3036 1820 3092 inﬂammationem
1844 3054 1909 3093 ex
1936 3053 2019 3093 su-

2128 3040 2226 3111 τῆς
2276 3038 2721 3112 γαστριμαργίας
2743 3037 2994 3110 πύρωσιν
3019 3037 3129 3093 τῶν
3158 3024 3443 3109 σωμάτων
3474 3033 3717 3091 ἀποδιώ-

444 3127 649 3215 perﬂuo
674 3128 795 3186 cibo
833 3140 1075 3202 potaque
1100 3141 1274 3186 ortam
1310 3145 1339 3185 a
1371 3131 1692 3202 corporibus
1732 3130 1985 3201 dispellit.

512 3242 582 3311 Et
628 3243 743 3299 haec
791 3244 1009 3313 quidem
1056 3245 1321 3301 beneficia
1359 3244 1623 3315 jejunium
1677 3248 1731 3300 in
1789 3245 2023 3299 animam

444 3335 694 3400 confert,
743 3333 895 3403 cujus
945 3350 1051 3390 non
1083 3338 1291 3391 minora
1318 3348 1443 3391 sunt
1477 3337 1531 3391 in
1581 3351 1781 3406 corpus
1810 3339 2022 3393 merita.

445 3428 715 3503 Extenuat
749 3429 895 3483 enim
927 3429 1168 3483 materiae
1203 3428 1510 3483 crassitiem
1532 3469 1548 3494 ,
1604 3429 1797 3483 molem
1831 3445 2024 3498 corpo-

448 3532 594 3572 ream
629 3515 892 3584 destruit,
937 3531 1212 3589 venasque
1255 3532 1321 3573 ex
1365 3519 1701 3574 abundantia
1750 3520 2028 3589 sanguinis

447 3606 777 3676 rumpendas
811 3607 1059 3674 relaxat,
1090 3615 1147 3664 et
1177 3608 1336 3679 spatii
1371 3608 1573 3678 aliquid
1603 3610 1868 3680 angustiis
1901 3625 2029 3665 con-

444 3700 622 3765 cedit,
655 3714 723 3763 ne
750 3698 859 3755 illis
889 3699 1208 3773 contingat,
1235 3704 1378 3772 quod
1409 3700 1688 3757 canalibus
1709 3743 1725 3767 ,
1754 3703 1950 3771 quibus
1981 3703 2027 3759 si

446 3791 564 3865 plus
592 3806 745 3862 aqua:
768 3789 1103 3859 infundatur,
1131 3806 1292 3862 quam
1319 3792 1570 3864 capiant,
1594 3793 2028 3865 confringuntur,

446 3864 574 3953 quia
634 3883 933 3953 violentum
979 3883 1127 3943 illum
1178 3884 1465 3957 impulsum
1518 3864 1855 3956 nequaquam
1884 3885 2027 3942 ferre

449 3989 712 4055 possunt,
743 3986 904 4048 caput
964 3988 1206 4047 pacatam
1263 3989 1319 4033 et
1370 3978 1719 4049 tranquillam
1768 3979 2032 4034 constitu-

452 4071 652 4125 tionem
693 4072 891 4137 habet,
923 4087 1099 4141 neque
1132 4071 1544 4128 subsilientibus
1572 4072 1820 4138 arteriis,
1856 4087 2033 4144 neque

450 4169 678 4230 cerebro
718 4181 816 4235 per
862 4154 1224 4221 ascendentes
1257 4179 1488 4234 vapores
1533 4163 1863 4220 obscurato:
1918 4176 2033 4220 sto-

452 4261 641 4316 macho
686 4262 798 4332 jam
845 4277 940 4321 sua
997 4261 1218 4316 libertas
1251 4274 1347 4329 per
1373 4258 1759 4316 continentiam
1801 4268 2030 4313 constat.

2126 3149 2314 3188 κουσα.

2196 3248 2448 3303 Τοσαῦτα
2476 3248 2533 3302 δὲ
2566 3247 2745 3319 ψυχὴν
2772 3245 3159 3319 εὐεργετοῦσα,
3195 3246 3295 3317 οὐχ
3326 3239 3488 3318 ἦττον
3513 3243 3721 3313 ὡφελεῖ

2127 3341 2221 3395 καὶ
2245 3340 2305 3394 τὺ
2332 3339 2508 3412 σῶμα.
2535 3337 2802 3393 Λεπτύνει
2832 3338 2943 3411 γὰρ
2972 3342 3067 3392 καὶ
3093 3338 3203 3392 τῶν
3239 3337 3380 3390 ὑλῶν
3412 3337 3512 3398 τὰς
3540 3333 3710 3406 παχύ.

2128 3449 2319 3503 τητας,
2353 3430 2561 3485 καὶτὸν
2590 3431 2754 3500 ὄγκον
2804 3430 3173 3496 ἀποσκευάζει
3195 3430 3290 3484 τοῦ
3319 3429 3593 3501 σώματος,
3624 3429 3721 3482 καὶ

2128 3523 2228 3588 τὰς
2251 3523 2453 3594 φλέϐας
2476 3524 2553 3596 τῷ
2581 3522 2776 3595 πλήθει
2810 3524 3157 3596 ῥηγνυμένας
3189 3522 3282 3577 τοῦ
3314 3522 3548 3594 αἵματος
3569 3519 3726 3589 ἀνίη-

2133 3633 2206 3681 σι,
2249 3618 2344 3672 καὶ
2381 3616 2596 3672 δίδωσιν
2620 3615 2798 3687 ὀλίγον
2825 3615 3063 3688 χώρημα
3096 3618 3162 3688 τῇ
3199 3614 3498 3684 στενότητι,
3527 3612 3618 3666 ἵνα
3643 3611 3723 3683 μὴ

2132 3708 2345 3765 πάθωσι
2396 3709 2460 3762 τὸ
2514 3707 2622 3761 τῶν
2656 3707 2911 3779 σωλήνων
2949 3704 3137 3770 πάθος.
3194 3706 3305 3761 Καὶ
3356 3704 3463 3778 γὰρ
3497 3706 3720 3768 ἐκεῖνοι,

2131 3800 2261 3854 ὅταν
2294 3800 2478 3864 αὐτοῖς
2507 3798 2642 3852 πολύ
2678 3815 2730 3852 τι
2777 3796 2871 3852 καὶ
2894 3797 3131 3868 ἄμετρον
3171 3796 3314 3869 ὑπὲρ
3337 3794 3435 3867 τὴν
3477 3792 3725 3866 χώρησιν

2133 3896 2468 3971 ἐποχετεύσῃ
2518 3896 2579 3950 τὸ
2609 3894 2773 3964 ὕδωρ,
2799 3896 3186 3967 ὲκρήγνυνται,
3239 3891 3331 3946 τὸν
3357 3894 3421 3945 ὲκ
3447 3889 3548 3961 τῆς
3600 3889 3725 3960 βίας

2132 3988 2524 4061 είσωθούμενον
2549 3987 2712 4057 ὄγκον
2731 3986 2805 4058 μὴ
2831 3986 3133 4055 στέγοντες.
3159 3983 3384 4056 Κεφαλὴ
3407 3982 3463 4036 δὲ
3488 3984 3726 4054 πραεῖαν

2133 4084 2247 4156 ἔχει
2270 4083 2367 4138 καὶ
2396 4080 2740 4153 γαληνιῶσαν
2765 4079 3120 4144 κατάστασιν,
3153 4078 3277 4134 οὔτε
3302 4076 3411 4132 τῶν
3440 4075 3727 4152 ἀρτηριῶν

2135 4174 2513 4246 παλλομένων,
2545 4171 2671 4226 οὐτε
2701 4171 2795 4226 τοῦ
2824 4171 3132 4241 ἐγκεφάλου
3173 4172 3262 4227 διά
3291 4172 3391 4243 τῆς
3417 4170 3729 4234 ἀναδόσεως

2134 4268 2243 4323 τῶν
2267 4266 2459 4340 ἀτμῶν
2492 4264 2849 4337 ζοφουμένου.
2887 4264 3171 4337 Στομάχου
3198 4264 3257 4318 δὲ
3287 4263 3592 4335 ἐλευθερία,
3632 4266 3729 4332 ἑγ-

450 4353 606 4411 Tunc
635 4355 778 4419 enim
808 4370 837 4408 a
874 4364 1062 4413 coacta
1091 4353 1353 4409 servitute
1380 4351 1667 4415 liberatur,
1701 4366 1770 4406 ne
1799 4360 1857 4404 ut
1888 4348 2022 4406 leber

2137 4360 2386 4435 κράτεια.
2431 4357 2566 4413 Τότε
2594 4356 2704 4429 γὰρ
2751 4354 2970 4428 ἀφίεται
2993 4356 3097 4427 τῆς
3138 4354 3567 4428 ἡναγκασμένης
3603 4353 3728 4408 δου-

452 4448 674 4510 bulliat,
707 4445 1152 4507 concocﬁonibus
1181 4443 1457 4500 laborans.
1490 4442 1643 4499 Oculi
1675 4456 1807 4511 pure
1832 4448 1888 4498 et
1914 4441 2022 4496 sine

2138 4425 2311 4518 λείας,
2340 4452 2437 4507 καὶ
2462 4448 2557 4504 τοῦ
2588 4425 2729 4516 δέειν
2758 4425 2835 4513 ὡς
2862 4425 3061 4521 λέϐης,
3079 4425 3303 4519 κάμνων
3328 4425 3447 4510 cui;
3470 4445 3723 4517 πέψεσιν.

453 4540 573 4596 ullis
606 4536 843 4596 tenebris
871 4537 1090 4601 vident,
1126 4534 1337 4589 sublata
1371 4534 1516 4591 omni
1562 4532 1825 4604 caligine,
1867 4545 2029 4601 quam

451 4629 689 4693 satietas
709 4626 880 4689 oculis
907 4624 1185 4687 oﬂundere
1213 4624 1494 4681 consuevit
1524 4640 1540 4691 ;
1585 4624 1778 4695 pedum
1819 4636 2033 4692 quoque

452 4720 661 4777 stabilis
692 4729 775 4774 est
805 4718 977 4785 actio,
1007 4729 1063 4775 et
1107 4733 1366 4773 manuum
1403 4717 1521 4773 sine
1553 4716 1860 4770 turbatione
1902 4729 2033 4782 ope-

456 4817 612 4873 ratio.
640 4814 946 4887 Respiratio
975 4815 1224 4871 ordinata
1256 4822 1310 4869 et
1342 4812 1408 4867 ad
1436 4813 1861 4867 mediocritatem
1901 4810 2029 4865 red-

453 4919 606 4973 acta,
640 4908 838 4980 quippe
867 4924 989 4978 qua:
1043 4907 1188 4965 intus
1224 4904 1533 4961 turbulento
1562 4903 1753 4976 spiritu
1788 4919 1892 4959 non
1945 4919 2036 4956 ur-

454 5014 672 5074 geatur.
723 5000 917 5059 Sermo
946 4998 1243 5072 jejunantis
1274 5007 1353 5054 est
1386 5003 1705 5069 perspicuus
1747 5007 1803 5052 et
1843 4996 2037 5051 distin-

453 5111 607 5163 Ctus,
641 5112 794 5153 mens
819 5095 1059 5168 jucunda
1085 5115 1100 5150 :
1131 5106 1186 5152 et
1213 5105 1341 5152 tunc
1368 5091 1494 5150 vere
1527 5092 1594 5148 ad
1623 5091 2031 5148 similitudinem

454 5194 695 5249 divinam
728 5192 939 5251 accedit
958 5230 975 5258 ,
1001 5190 1224 5267 quando.
1247 5188 1400 5260 quasi
1431 5188 1486 5244 in
1518 5189 1837 5256 incorporea
1868 5199 2034 5240 carne

455 5286 667 5352 absque
695 5283 805 5341 ulla
834 5283 1056 5343 tristitia
1078 5283 1390 5351 ettumultu
1419 5279 1662 5337 actiones
1702 5292 1831 5333 suas
1876 5275 2039 5344 peril-

456 5376 550 5430 cit.
584 5376 818 5430 Somnus
843 5375 1115 5447 iucundus
1142 5387 1270 5443 est,
1296 5382 1351 5433 et
1376 5370 1772 5431 insomniorum
1797 5375 2039 5438 spectro—

462 5480 689 5534 rumque
715 5480 943 5536 expers,
974 5477 1029 5523 et
1060 5479 1117 5521 ut
1146 5466 1329 5522 multis
1359 5463 1779 5537 praetermissis,
1822 5462 1997 5516 dicam
2022 5500 2034 5525 ,

460 5554 725 5628 jejunium
751 5568 837 5612 est
857 5572 960 5625 pax
989 5559 1295 5614 communis
1323 5558 1518 5613 animae
1545 5566 1602 5612 et
1627 5554 1871 5624 corporis
1888 5595 1904 5620 ,
1932 5552 2040 5608 vita

464 5648 587 5709 sine
617 5648 1022 5718 perturbatione
1042 5688 1056 5712 ,
1090 5660 1345 5703 constans
1373 5647 1565 5716 agendi
1591 5656 1649 5701 et
1675 5642 2033 5709 conversandi

468 5741 635 5815 ratio,
680 5750 788 5798 vita
835 5755 955 5808 qua:
1005 5738 1170 5794 Deum
1217 5738 1489 5806 laetiﬁcat,
1539 5739 1814 5796 inimicum
1856 5746 2036 5807 autem

2154 4545 2453 4617 Ὀφθαλμώ⁸
2470 4542 2707 4615 καθαρὸν
2738 4543 2833 4597 καὶ
2864 4540 3291 4612 ἀνεπισκότητον
3318 4538 3600 4611 βλέπουσι,
3632 4538 3733 4592 πά-

2142 4654 2243 4711 σης
2272 4635 2469 4709 ἀχλύος
2496 4634 2925 4708 ἀφαιρουμένης,
2940 4635 3005 4706 ἢν
3027 4635 3056 4687 ὁ
3093 4631 3258 4704 κόρος
3283 4636 3538 4704 καταχεῖν
3564 4630 3730 4684 εἴωθε

2142 4730 2249 4785 τῶν
2284 4729 2567 4802 ὀμμάτων·
2602 4727 2697 4783 καὶ
2727 4726 2836 4782 τῶν
2868 4726 3044 4781 ποδῶν
3082 4725 3295 4797 ἑδραία,
3340 4724 3636 4795 ἁκλόνητος
3669 4723 3731 4776 δὲ

2139 4822 2248 4876 τῶν
2274 4822 2534 4893 χειρῶνὴ
2565 4821 2833 4893 ἐνέργεια.
2875 4812 3099 4891 Ἀσθμα
3131 4816 3464 4889 τεταγμένον
3496 4817 3591 4870 καὶ
3633 4816 3733 4887 μέ-

2142 4932 2311 4987 τριον,
2338 4915 2467 4986 παρ’
2516 4913 2730 4976 οὐδενὸς
2761 4911 2869 4967 τῶν
2916 4910 3216 4983 ὀχλούντων
3259 4910 3591 4981 πνευμάτων
3643 4908 3730 4962 ἕνα

2141 5007 2295 5063 δοθεν
2322 5006 2697 5077 ἐπειγόμενον.
2747 5005 2921 5074 Λόγος
2951 5003 3046 5059 τοῦ
3080 5003 3379 5077 νηστευτωῢ
3410 5004 3590 5075 σαφὴς
3633 5001 3733 5055 καὶ

2143 5097 2568 5172 διηρθρωμένος,
2615 5097 2740 5163 νοῦς
2789 5097 3050 5171 καθαρὸς,
3101 5097 3195 5153 καὶ
3241 5096 3365 5152 τότε
3406 5094 3623 5167 ἀληθῶς
3671 5095 3733 5149 τὸ

2143 5190 2373 5255 θεοειδές
2410 5190 2575 5262 ἔχων,
2601 5189 2730 5245 ὅταν
2774 5187 2849 5252 ὡς
2874 5190 2934 5243 έν
2955 5188 3232 5261 ἀσωμάτῳ
3270 5191 3338 5261 τῇ
3385 5186 3551 5258 σαρκὶ
3597 5184 3733 5239 άλυ-

2144 5301 2247 5338 πον
2287 5283 2381 5337 καὶ
2417 5281 2753 5356 ἀθορύϐητον
2796 5281 3036 5337 ἐπιτελεῖ
3084 5280 3185 5353 τὴν,
3237 5281 3374 5336 ἰδίαν
3425 5279 3727 5351 ἐνέργειαν.

2146 5376 2346 5430 Ὗπνοι
2385 5373 2582 5428 ἄλυποι
2615 5373 2710 5428 καὶ
2751 5372 3198 5443 ἀφαντασίαστοι·
3250 5372 3343 5426 καί
3373 5371 3462 5426 ἵνα
3498 5368 3569 5422 τὰ
3598 5368 3727 5421 πο).-

2146 5467 2214 5523 λά
2257 5466 2633 5541 παραδραμὼν
2676 5467 2835 5533 εἴπω,
2867 5464 3093 5536 νηστεία
3145 5464 3296 5517 ἐστὶν
3343 5463 3536 5535 εἰρήνη
3578 5460 3735 5531 κοινὴ

2148 5557 2329 5630 ψυχῆς
2362 5557 2459 5612 καὶ
2504 5555 2776 5627 σώματος.
2823 5556 3095 5627 ἀτάραχος
3141 5553 3276 5624 ζωὴ,
3319 5550 3591 5621 εὐσταθὴς
3637 5562 3738 5604 πο-

2143 5648 2338 5713 λιτεία,
2390 5649 2501 5719 βίος
2526 5648 2659 5701 Θεὸν
2694 5647 3025 5718 εὐφραίνων,
3063 5647 3155 5701 καὶ¹
3189 5645 3372 5699 λυπῶν
3399 5644 3491 5699 τὸν
3519 5642 3737 5715 ἐχθρόν.

2152 5740 2361 5813 ᾪσπερ
2401 5738 2509 5810 γὰρ
2554 5737 2581 5789 ὁ
2616 5736 2900 5818 πολέμιος,
2941 5737 3069 5791 ὅταν
3101 5735 3185 5807 ἴδῃ
3221 5734 3310 5790 τὸν
3345 5733 3587 5788 ἐναντίον
3608 5731 3749 5817 γρήὴ-
