4024 6208
295 228 391 287 573

1176 232 1462 292 HOMILIA
1506 232 1645 290 XIV.
1679 233 1745 290 IN
1786 229 2184 290 PRINCIPIUM
2216 226 2668 287 JUUNIORUM.

3451 229 3557 287 δτι

296 367 445 420 γορον
482 351 582 403 καὶ
611 351 895 423 νηφάλιον,
934 351 1293 425 όπλιζόμενον
1337 354 1635 426 ἐπιμελῶς,
1673 356 1767 410 καὶ
1780 354 1878 428 τὴν

1992 366 2220 409 maerore
2250 351 2430 408 allicit.
2459 349 2926 419 Quemadmodum
2956 349 3099 406 enim
3128 348 3319 416 hostis,
3342 352 3553 417 quando

293 439 507 494 ἀνδρίαν
544 440 843 505 ἀσκοῦντα,
878 436 1046 514 ἧτταν
1096 445 1305 499 οἰκείαν
1346 448 1559 518 ἡγεῖται
1593 447 1692 520 τὴν
1723 446 1871 517 φιλόο

296 546 453 583 πονον
495 532 702 587 ἐκείνου
761 536 1139 606 παρασκευήψ
1187 534 1332 589 οὕτω
1373 538 1467 590 καὶ
1509 538 1537 592 ό
1583 536 1685 605 τῆς
1736 539 1874 607 ἡμε-

296 624 461 695 τέρας
508 625 779 697 σωτηρίας
823 626 1129 695 ἐπίϐουλος,
1173 630 1356 683 πᾶσαν
1409 629 1567 700 ἡμῶν
1612 631 1712 701 τὴν
1751 631 1871 685 κατ’

299 716 499 789 ἀρετὴν
539 718 822 789 άκρίῦειαν
891 717 969 782 ὡς
1001 719 1134 774 ίδίαν
1177 723 1326 792 μισεῖ
1370 721 1673 792 συμφοράν.

366 979 471 1032 Καὶ
508 979 597 1033 διὰ
635 980 799 1035 τοῦτο
841 982 1102 1053 γίνωσκε,
1162 985 1439 1058 ἄνθρωπε,
1484 988 1583 1058 τῆς
1643 987 1741 1059 μὲν
1782 987 1875 1042 τοῦ

294 1071 586 1144 νηστευτοῦ
645 1075 846 1141 οἰκίας,
913 1077 1178 1146 ἀγγέλους
1246 1074 1387 1134 εἶναι
1442 1078 1691 1148 φύλακας
1716 1121 1731 1144 .
1783 1084 1878 1136 καὶ

294 1164 566 1233 φρουροὺς
606 1163 934 1237 παρέδρους.
962 1167 1069 1221 Τοῦ
1107 1168 1165 1221 δὲ
1202 1171 1323 1233 ταῖς
1356 1169 1690 1225 ἀπολαύσεσι
1737 1171 1879 1226 κατὰ

292 1253 388 1323 τῆς
426 1253 886 1327 Τεσσαρακοστῆς
918 1258 1289 1328 κωμάζοντος,
1336 1258 1618 1332 δαίμονας,
1644 1261 1880 1326 οἰκείους

296 1344 519 1416 κνίσσης
560 1344 769 1415 φίλους,
814 1346 910 1400 καὶ
963 1347 1202 1419 ἐραστὰς
1250 1348 1518 1421 αἱμάτων,
1574 1350 1880 1422 παρέδρους

297 1428 495 1507 μέθηςέ
548 1438 660 1490 Καὶ
714 1438 823 1510 γάρ
875 1438 970 1493 καὶ
1019 1439 1131 1494 τῶν
1186 1441 1535 1512 πνευμάτων,
1584 1441 1713 1495 ,εἴτε
1771 1441 1880 1496 τῶν

292 1526 496 1596 ἁγίων,
547 1528 660 1583 εἴτε
728 1530 837 1585 τῶν
900 1530 1233 1603 ἀκαθάρτων
1286 1532 1518 1587 ἕκαστον
1571 1536 1883 1606 προσχωρεί

291 1622 403 1683 τοῖς
444 1620 693 1699 οἰκείοις⁴
730 1624 829 1677 καὶ
874 1622 1069 1693 φίλοις,
1119 1622 1312 1697 ὥσπερ
1360 1624 1426 1698 δὴ
1470 1624 1565 1680 καὶ
1625 1625 1720 1680 ἐπὶ⁵
1770 1625 1881 1679 τῶν

1974 445 2351 502 adversarium
2381 456 2540 515 suum
2570 441 2718 496 videt
2741 456 2864 498 esse
2893 440 3243 511 vigilantem,
3273 440 3513 496 sobrium
3535 481 3552 508 ,

1974 548 2232 595 accurate
2261 544 2572 602 armatum,
2602 542 2825 588 strenue
2845 541 2902 587 et
2937 532 3155 589 fortiter
3198 547 3319 590 sese
3360 547 3556 605 geren-

1973 637 2117 697 tem,
2149 630 2287 684 banc
2313 643 2499 685 curam
2546 636 2603 681 et
2646 626 2982 697 diligentiam
3014 640 3112 696 pro
3147 641 3243 680 sua
3283 625 3435 682 clade
3475 627 3558 680 iu-

1976 728 2306 792 terpretatur
2331 737 2351 788 ;
2378 720 2456 777 sic
2483 727 2541 775 et
2567 717 2760 775 salutis
2786 726 2991 773 nostras
3018 718 3303 773 insidiator
3336 732 3557 773 omnem

1976 813 2196 870 virtutis
2221 813 2670 869 exercitationem
2690 850 2706 877 ,
2737 820 3001 881 tanquam
3029 808 3311 883 propriam
3339 809 3555 866 calami-

1978 914 2144 960 tatem
2173 906 2494 963 detestatur.

2047 998 2391 1068 Quapropter
2434 997 2683 1063 noveris,
2717 1013 2755 1054 ο
2780 998 2942 1056 homo
2963 1040 2981 1065 ,
3011 997 3163 1067 ejus.
3190 997 3281 1068 qui
3309 994 3558 1065 jejunat,

1978 1091 2171 1144 domus
2213 1087 2469 1144 custodes
2512 1103 2635 1145 esse
2678 1091 2931 1161 angelos,
2976 1094 3033 1147 et
3080 1088 3227 1144 Velut
3271 1086 3559 1143 continuos

1978 1178 2290 1248 stipatores.
2339 1178 2469 1249 Ejus
2511 1189 2692 1235 autem
2729 1177 2985 1246 domum,
3022 1180 3111 1249 qui
3148 1179 3201 1233 in
3243 1178 3560 1249 Quadrage-

1979 1268 2115 1323 sima
2149 1268 2358 1325 deliciis
2385 1283 2509 1325 sese
2540 1270 2740 1335 tradit,
2774 1270 3066 1341 stipatores
3097 1282 3221 1326 esse
3249 1270 3522 1323 daetnones
3541 1309 3558 1335 ,

1981 1362 2232 1432 proprios
2262 1360 2468 1417 nidoris
2499 1362 2738 1428 amicos,
2770 1372 2826 1419 et
2855 1362 3139 1434 sanguinis
3173 1367 3475 1426 amatores,
3507 1368 3563 1415 et

1980 1451 2260 1506 ebrietatis
2287 1465 2613 1509 assessores.
2642 1452 2854 1509 Etenim
2886 1453 3170 1524 spiritibus
3198 1466 3413 1523 quoque
3448 1449 3563 1507 sive

1980 1540 2214 1603 sanctis,
2245 1541 2360 1597 sive
2390 1541 2620 1612 impuris
2652 1543 2741 1599 hic
2773 1558 2893 1601 mos
2922 1553 3007 1600 est
3027 1584 3041 1609 ,
3075 1551 3135 1599 ut
3167 1540 3563 1609 familiaribus,

1982 1630 2195 1701 sibique
2223 1631 2408 1688 charis
2436 1647 2559 1690 sese
2592 1634 2890 1706 adjungant
2911 1675 2927 1702 ,
2957 1644 3119 1707 preat
3147 1636 3313 1693 etiam
3359 1638 3411 1690 in
3448 1635 3565 1690 avi-

291 1711 521 1784 ὀρνίθων
551 1713 701 1767 ἐστιν
740 1714 891 1769 ἰδεῖν.
940 1716 1250 1789 Περιστερά
1287 1716 1386 1789 μὲν
1427 1716 1537 1790 γάρ
1576 1719 1707 1790 περὶ
1751 1717 1878 1782 τοὺς

1992 1722 2081 1777 bus
2119 1732 2346 1779 cernere
2387 1724 2535 1780 licet.
2570 1723 2708 1781 Nam
2748 1726 2995 1782 columba
3035 1728 3180 1782 circa
3216 1727 3332 1783 ioca
3364 1724 3563 1781 munda

294 1801 569 1874 καθαροὺς
596 1805 707 1857 τῶν
728 1805 910 1859 τόπων
949 1804 1261 1879 φιλοχωρεῖ,
1298 1807 1394 1860 καὶ
1425 1808 1557 1880 περὶ
1586 1806 1687 1872 τὰς
1714 1806 1878 1882 ἀρού-

295 1912 395 1966 ρας
439 1896 761 1968 στρέφεται,
799 1898 967 1970 ἑαυτῇ
1022 1900 1118 1953 καὶ
1158 1901 1270 1963 τοῖς
1314 1899 1528 1964 τέκνοις
1569 1902 1876 1973 σπερμολο-

292 1989 483 2059 γοῦσα·
533 1992 628 2045 καὶ
661 1992 696 2062 η
730 1990 948 2065 τρυγὼν
990 1992 1165 2064 ἡδέως
1208 1995 1320 2058 τοῖς
1357 1993 1608 2059 πετάλοις
1630 1995 1740 2048 τῶν
1764 1995 1879 2050 δέν-

292 2084 431 2155 δρων
477 2084 811 2157 ἐγκάθηται,
858 2085 956 2157 ἡδύ
1005 2102 1058 2140 τι
1105 2086 1201 2140 καὶ
1240 2085 1435 2141 λεπτὸν
1476 2084 1875 2160 ὑποτρύζουσα.

303 2177 361 2229 Ὀ
388 2176 449 2230 δὲ
492 2177 911 2250 γαστρίμαργος
941 2178 1133 2250 κόραξ,
1168 2180 1281 2242 τοῖς
1300 2178 1686 2250 κρεοπωλείοις
1713 2196 1881 2251 προσ-

294 2268 558 2340 κάθηται,
606 2268 745 2341 βαρύ
786 2288 839 2325 τι
880 2271 978 2326 καὶ
1036 2271 1200 2344 άηδές
1254 2270 1366 2328 τῶν
1431 2271 1881 2345 κρεανομούντων

295 2362 595 2417 καταϐοῶν.
645 2363 830 2429 Ὥστε,
871 2362 970 2436 τὴν
1015 2364 1341 2438 ἐγκράτειαν
1376 2364 1881 2436 άγαπήσωμεν,ίνα

295 2456 422 2527 παρ’
452 2455 705 2524 ἀγγέλων
731 2454 1129 2529 άγαπηθῶμενο
1183 2458 1506 2529 μισήσωμεν
1538 2458 1598 2512 δὲ
1621 2457 1721 2529 τὴν
1749 2473 1882 2529 τρυ-

294 2546 394 2618 φῆν
426 2546 532 2619 τὴν
566 2546 889 2613 ἀκόλαστον,
938 2547 1025 2602 ἴνα
1065 2547 1139 2619 μὴ
1181 2551 1299 2619 μετ’
1354 2548 1571 2620 ἐκείνης
1607 2549 1706 2620 τὴν
1744 2548 1884 2620 πρὸς

291 2640 554 2711 δαίμονας
617 2639 997 2713 ἐνεκᾶίλωμεν
1053 2642 1361 2697 κοινωνίαν.
1418 2642 1607 2707 Οὐδεὶς
1660 2642 1884 2715 τρυφῶν

295 2735 512 2802 ἐγένετο
560 2735 873 2799 σπουδαῖος⁹
905 2734 1029 2789 οὐδὲ
1073 2735 1330 2807 εὐωχίαις
1364 2735 1659 2808 σχολάζων,
1685 2736 1886 2807 ἀρετῆς

298 2827 567 2899 μαθητής·
598 2827 725 2886 οὐδὲ
761 2827 1040 2900 φιλήδονος
1070 2827 1245 2897 ἃγιος,
1282 2828 1404 2883 οὐδὲ
1450 2827 1726 2902 σαρκικῶς
1754 2814 1884 2894 ζῶν,

294 2919 550 2984 κοινωνὸς
590 2919 888 2990 βασιλείας.

372 3012 529 3068 Ἑλθέ
557 3016 627 3084 τῇ
658 3015 846 3086 μνήμῃ
876 3014 1012 3087 πρὸς
1026 3014 1129 3086 τὴν
1151 3015 1328 3087 ἀρχὴν
1348 3014 1440 3069 τοῦ
1480 3013 1672 3084 γένους
1703 3013 1882 3086 ἡμῶν,

297 3106 389 3161 καὶ
424 3106 526 3177 τὴν
576 3109 776 3178 πεῖραν
807 3106 1061 3179 εὑρήσεις
1112 3100 1188 3162 ὧν
1221 3107 1552 3180 μεμφόμεθα
1608 3108 1883 3179 μάρτυρα.

300 3202 409 3254 Οὐκ
440 3201 510 3255 ἂν
544 3199 655 3273 γάρ
692 3201 828 3272 ἡμῖν
857 3200 1014 3272 ἐτέθη
1057 3200 1221 3273 νόμος
1258 3202 1536 3273 νηστείας,
1575 3203 1623 3255 εί
1652 3202 1727 3273 μὴ
1750 3218 1891 3273 παρ·

299 3294 465 3366 εϐάθη
504 3295 607 3365 τῆς
657 3292 884 3366 πρώτης
951 3294 1284 3368 ἐγκρατείας
1339 3297 1367 3350 ὀ
1423 3296 1606 3367 νόμος·
1671 3295 1770 3348 οὐκ
1821 3293 1887 3347 ἂν

301 3381 596 3455 ὠνομάσθη
642 3382 858 3454 γαστὴρ
902 3383 1222 3448 ἐπίϐουλος,
1260 3385 1309 3437 εί
1339 3384 1414 3455 μὴ
1449 3384 1721 3456 πρόφασις
1768 3382 1889 3452 ἡδο-

301 3476 391 3546 γῆς
427 3475 531 3546 τὴν
559 3474 835 3546 ἁμαρτίαν
864 3476 1180 3548 εἰσήγαγεν.
1201 3477 1314 3532 Οὐκ
1346 3471 1415 3547 ἦν
1453 3476 1684 3547 ἀρότρου
1708 3475 1886 3546 χρεία,

304 3570 392 3623 καὶ
426 3567 571 3639 βοῶν
609 3568 919 3638 ἀροτήρων,
973 3568 1068 3621 καὶ
1108 3566 1448 3638 τεμνομένης
1493 3565 1754 3631 αὕλακος,
1793 3566 1887 3620 οὐ·

300 3663 354 3717 δέ
392 3664 500 3735 μὴν
535 3662 895 3734 σπερμάτων,
938 3662 1036 3716 καὶ
1089 3659 1282 3725 ὓδατος
1320 3662 1596 3734 ἄρδοντος,
1648 3661 1742 3714 καὶ
1793 3675 1889 3713 πε·-

307 3756 476 3826 ριὸδου
516 3754 750 3828 καιρῶν,
792 3755 887 3809 καὶ
938 3754 1208 3827 χειμῶνος
1252 3754 1607 3818 πυκνοῦντος,
1654 3752 1748 3806 καί⁵
1798 3750 1888 3806 θέ-

305 3862 427 3917 ρους
462 3844 713 3910 λύοντος,
751 3845 846 3897 καὶ
879 3843 1064 3915 πάσης
1098 3841 1305 3915 ταύτης
1333 3843 1435 3917 τῆς
1469 3840 1760 3910 ἐγκυκλίου
1796 3857 1893 3895 τα-

303 3934 630 4008 λαιπωρίας,
691 3936 739 3988 εί
785 3934 859 4006 μὴ
898 3932 988 3988 διὰ
1016 3933 1311 4008 πρόχειρον
1362 3933 1711 4006 προπάτορος
1751 3933 1890 3987 άπά-

302 4027 490 4081 λαυσιν
551 4025 785 4097 ταύτην,
838 4025 1326 4098 κατεψηφίσθημεν
1385 4025 1487 4097 τὴν
1539 4024 1648 4079 τῶν
1713 4023 1892 4080 πόνων

304 4119 572 4190 περίοδον⁸
604 4118 721 4173 ἀλλ’
754 4116 1053 4190 ἐμέλλομεν
1090 4118 1285 4191 ἑτέραν
1312 4117 1434 4172 τινὰ
1466 4116 1618 4190 παρὰ
1644 4116 1742 4190 τὴν
1763 4120 1895 4189 ὁρω-

307 4210 475 4283 μένην
503 4212 720 4281 διάγειν
743 4211 840 4265 τοῦ
876 4211 992 4282 βίου
1036 4212 1391 4278 κατάστασιν,
1426 4207 1495 4285 ἧς
1537 4211 1700 4267 πάλιν
1741 4211 1896 4265 ἐλπί-

304 4302 469 4375 ζομεν
523 4306 829 4375 ἐπιτυχεῖν,
863 4305 991 4358 ὅταν
1022 4304 1122 4377 τὴν
1175 4303 1403 4376 ἐμπαθῆ
1462 4305 1609 4377 ζωὴν
1659 4304 1748 4359 διὰ
1795 4305 1895 4377 τῆς

304 4395 657 4461 ἀναστάσεως
684 4395 1211 4469 άποσκευασώμεθα.
1237 4394 1384 4469 Αὕτη
1410 4396 1519 4470 γάρ
1544 4400 1577 4470 ἡ
1602 4398 1895 4470 εὐεργεσία
1926 4429 1969 4482 D

306 4488 403 4559 τῆς
424 4489 521 4543 τοῦ
563 4488 702 4543 Θεοῦ
747 4488 886 4561 πρὸς
905 4490 1053 4559 ἡμᾶς
1100 4487 1590 4557 συγκατασάσεως,
1622 4490 1709 4545 ἵνα
1758 4490 1893 4561 πρὸς

306 4579 403 4652 τὴν
430 4579 671 4634 παλαιάν
698 4579 1170 4652 άποκαταστῶμεν
1196 4579 1373 4647 ὰξίαψ
1403 4575 1473 4651 ἦς
1497 4576 1894 4652 φιλανθρώπως

317 4672 726 4742 μεταλαϐόντες,
744 4669 1083 4745 εὐαισθήτως
1112 4671 1213 4744 τὴν
1231 4673 1391 4745 χάριν
1405 4672 1507 4725 οὐκ
1528 4670 1891 4742 ἐφνλάξαμεν.

316 4765 552 4839 Νηστεία
584 4767 686 4838 τῆς
739 4765 1041 4839 μελλούσης
1075 4766 1221 4837 ζωῆς
1254 4764 1438 4819 εἰκών·
1466 4764 1565 4836 τῆς
1609 4762 1892 4834 ἀφθάρτου

315 4854 585 4930 διαγωγῆς
614 4858 861 4930 μίμημα.
905 4858 1052 4912 Ἐκεῖ
1083 4856 1183 4911 οὐκ
1225 4856 1334 4910 εἰσὶ
1371 4856 1547 4920 πότοι,
1590 4854 1711 4915 οὐδὲ
1759 4855 1894 4911 ἀπο-

314 4947 547 5016 λαύσεις.

386 5208 585 5263 Ἕασον
602 5210 695 5263 τὸν
727 5208 945 5280 πρῶτον
983 5207 1295 5278 ἄνθρωπον,
1331 5205 1438 5278 ὁδῷ
1481 5207 1575 5260 καὶ
1610 5206 1736 5278 ἑξῆς
1769 5206 1894 5269 τοὺς

325 5300 436 5371 μετ’
464 5302 671 5355 ἐκεῖνον
702 5300 1108 5372 άπαρίθμησαι.
1137 5300 1202 5352 Τί
1235 5298 1326 5353 τὸν
1363 5298 1571 5353 δίκαιον
1583 5298 1707 5351 Νῶε
1731 5298 1897 5369 ἀσχηο

329 5397 496 5465 μονεῖν
527 5395 795 5466 ἐποίησεν,
830 5396 888 5447 ἐν
923 5392 1253 5465 ἀναισθησίᾳ
1281 5391 1637 5464 γυμνωθέντα
1666 5390 1774 5460 τῶν
1802 5409 1901 5462 με-

327 5480 449 5547 λῶν,
484 5486 519 5541 ἃ
544 5485 845 5540 σκέπεσθαι
877 5485 1065 5557 νόμος,
1097 5485 1193 5539 καὶ
1214 5484 1305 5537 τον
1328 5482 1579 5563 προπετῆ
1614 5483 1743 5554 Χάμ
1780 5483 1899 5545 ἐπι-

399 5685 441 5716 “
477 5687 610 5747 ιςςυ.
649 5703 739 5749 ιιι,
783 5686 801 5743 ι
838 5704 958 5757 sqq.
1041 5686 1084 5718 "
1124 5686 1260 5741 Gen.
1298 5702 1346 5739 ιχ
1372 5725 1385 5751 ,
1416 5684 1489 5744 21
1519 5696 1651 5759 ειμι-ς
1760 5746 1765 5751 ι

1981 1822 2252 1879 versatur,
2279 1824 2333 1869 et
2359 1822 2521 1887 agros
2547 1817 2666 1872 obit
2689 1858 2705 1883 ,
2731 1827 2793 1873 ut
2823 1819 3012 1875 sibi‘et
3052 1818 3212 1889 pullis
3258 1814 3439 1887 aliqua
3475 1832 3567 1872 se-

1984 1905 2128 1961 mina
2158 1906 2395 1979 colligat.
2425 1909 2631 1964 Turtdr
2668 1910 2853 1965 itidem
2887 1911 3176 1967 arboribus
3205 1913 3449 1965 suaviter
3484 1909 3566 1963 in-

1981 1997 2126 2054 sidet
2163 1998 2325 2057 dulce
2361 1999 2622 2070 quiddam
2663 2010 2718 2057 et
2760 2014 3015 2074 argutum
3047 2002 3460 2059 submoduiuns.
3498 2003 3570 2055 At

1981 2104 2113 2145 vero
2160 2104 2329 2146 vorax
2373 2102 2572 2148 curvus
2620 2094 2762 2149 circa
2815 2094 3039 2151 macella
3088 2095 3271 2166 degit,
3322 2093 3566 2149 odiosum

1983 2181 2240 2252 quiddam
2272 2191 2327 2238 et
2369 2182 2725 2252 iniucundum
2766 2188 3029 2244 adversus
3074 2201 3170 2243 eos
3194 2226 3208 2250 ,
3244 2186 3336 2255 qui
3376 2200 3570 2241 carnes

1988 2276 2273 2342 vendunt,
2302 2277 2602 2334 crocitans.
2630 2277 2819 2350 Itaque
2852 2279 3267 2350 temperantiam
3301 2286 3566 2341 amemus,

1986 2376 2045 2420 ut
2092 2365 2162 2421 ab
2215 2366 2424 2438 angelis
2470 2382 2753 2436 amemur;
2795 2370 2922 2425 odio
2973 2370 3270 2426 habeamus
3313 2369 3570 2424 iascivam

1986 2456 2355 2528 voluptatem,
2398 2474 2468 2514 ne
2503 2459 2666 2515 simul
2704 2475 2826 2515 cum
2868 2460 2957 2514 illa
2996 2461 3064 2515 ad
3104 2461 3425 2516 societatem
3457 2461 3572 2515 dae-

1989 2557 2209 2603 monum
2239 2548 2648 2619 pertrahuntur.
2678 2548 2869 2605 Nullus
2901 2547 3117 2605 deliciis
3153 2550 3365 2604 deditus
3395 2550 3571 2604 evasit

1989 2655 2225 2710 unquam
2261 2639 2479 2697 sedulus
2510 2649 2564 2698 et
2590 2642 2907 2708 studiosus,
2945 2654 3122 2713 neque
3168 2641 3433 2697 conviviis
3476 2655 3572 2695 va-

1987 2747 2150 2799 cans,
2185 2731 2405 2787 virtutis
2435 2732 2730 2802 discipulus
2750 2772 2765 2801 ,
2802 2746 2980 2805 neque
3015 2736 3307 2806 vo’ldptatis
3337 2742 3569 2800 amator,

1987 2830 2240 2887 sanctus,
2276 2837 2452 2894 neque
2488 2824 2582 2894 qui
2621 2825 2919 2881 secundum
2954 2836 3177 2883 carnem
3208 2827 3454 2893 viveret,
3492 2824 3573 2882 fa-

1989 2924 2112 2972 ctus
2144 2926 2227 2972 est
2260 2912 2496 2988 unquam
2530 2919 2681 2990 regni
2714 2919 2960 2977 celestis
2994 2922 3287 2992 particeps.

2065 3005 2373 3078 Regredero
2412 3009 2673 3064 memoria
2725 3009 2791 3065 ad
2840 3010 3169 3069 incunabula
3214 3018 3431 3087 generis
3475 3019 3577 3073 bu-

1993 3099 2137 3153 mani
2180 3099 2247 3164 ιδ,
2300 3099 2587 3171 discesquc
2634 3100 3034 3174 experientiam
3093 3114 3158 3162 c‘a
3213 3110 3401 3165 testari
3455 3127 3576 3182 quae

1993 3189 2465 3261 reprehendimus.
2501 3189 2687 3261 Neque
2720 3194 2866 3249 enim
2908 3194 2994 3251 lex
3031 3195 3223 3268 jejunii
3257 3200 3413 3256 nobis
3449 3202 3575 3256 data

1991 3289 2174 3348 esset,
2220 3282 2322 3338 nisi
2363 3282 2449 3340 lex
2485 3285 2675 3354 prima;
2719 3289 3097 3358 temperantiae
3135 3299 3190 3345 et
3228 3293 3576 3351 abstinentia:

1993 3374 2191 3430 violata
2232 3375 2446 3431 fuisset.
2488 3375 2602 3433 Nec
2640 3387 2834 3434 venter
2883 3380 3217 3440 insidiatOris
3255 3394 3449 3441 nomen
3495 3398 3578 3443 tu-

1995 3464 2164 3534 lisset,
2204 3468 2308 3525 nisi
2346 3478 2611 3540 praetextu
2658 3469 2952 3545 voluptatis
2997 3489 3284 3548 peccatum
3334 3479 3579 3537 induxis-

1994 3570 2097 3614 set.
2129 3559 2241 3616 Nec
2269 3568 2407 3632 Opus
2438 3562 2637 3619 fuisset
2662 3574 2879 3632 aratro,
2909 3581 3010 3623 nec
3041 3569 3214 3626 bobus
3244 3572 3575 3638 aratoribus,

1996 3664 2172 3721 neque
2222 3654 2511 3721 proscissis
2567 3655 2770 3722 sulcis,
2810 3670 2989 3725 neque
3026 3662 3361 3728 seminibus,
3403 3678 3578 3734 neque

1994 3757 2135 3813 aqua
2168 3743 2236 3799 ad
2271 3743 2639 3815 irrigandum,
2679 3760 2859 3819 neque
2886 3750 3109 3818 periodo
3144 3760 3443 3822 temporum
3466 3795 3481 3819 ,
3520 3764 3582 3809 ut

1995 3834 2207 3900 hieme,
2241 3842 2363 3905 quat
2398 3836 2650 3908 astringit
2686 3846 2742 3892 et
2791 3841 3125 3905 condensat,
3156 3850 3211 3895 et
3240 3851 3429 3897 aestate
3459 3858 3580 3913 quae

1994 3925 2202 3982 solvit:
2236 3928 2351 3984 imo
2387 3928 2457 3983 ab
2493 3929 2643 3982 omni
2696 3929 2794 3984 ista
2848 3929 3101 3986 circulari
3151 3931 3369 3987 miseria
3421 3933 3577 3989 liberi

1995 4014 2328 4083 fuissemus,
2369 4015 2473 4072 nisi
2515 4016 2586 4073 ob
2622 4015 2784 4088 primi
2824 4020 3067 4088 parentis
3118 4023 3290 4077 nostri
3339 4036 3579 4095 [περιο-

1995 4114 2176 4176 peram
2213 4105 2539 4176 voluptatem
2569 4109 2636 4162 ad
2673 4107 2812 4163 hanc
2855 4107 3100 4165 laborum
3136 4113 3417 4181 periodum
3447 4129 3582 4169 cou-

1994 4196 2236 4252 denmati
2277 4195 2570 4255 illinemus
2601 4214 2629 4265 ;,
2657 4200 2752 4255 sed
2791 4197 2954 4254 aliam
2996 4202 3295 4271 quamdam
3333 4206 3455 4258 vitae
3490 4219 3578 4258 ra-

1999 4289 2200 4346 tionem
2240 4290 2311 4348 ab
2348 4290 2449 4347 ista
2505 4301 2775 4363 praesente
2812 4292 3043 4348 multum
3085 4292 3358 4350 diversam
3400 4298 3578 4351 acturi

1997 4393 2239 4445 eramus,
2262 4396 2426 4450 quam
2458 4396 2559 4437 nos
2589 4391 3005 4451 recuperaturos
3033 4398 3336 4454 speramus,
3366 4388 3581 4455 quando

1999 4469 2169 4525 vitam
2204 4469 2346 4527 hanc
2382 4471 2564 4541 pravis
2598 4468 2989 4529 aﬂ‘dctionibus.
3012 4473 3302 4531 obnoxiam
3353 4488 3450 4547 per
3500 4491 3586 4532 re-

2000 4562 2392 4618 surrectionem
2434 4563 2768 4620 exuerimos.
2808 4564 2923 4623 Hoc
2959 4567 3106 4624 enim
3141 4567 3465 4624 beneﬁcium
3499 4578 3584 4624 est

2002 4650 2097 4708 Dei
2134 4652 2201 4706 ad
2234 4667 2334 4708 nos
2366 4652 2775 4719 descensionis,
2816 4662 2873 4709 ut
2908 4653 2965 4709 in
3018 4654 3299 4724 antltjuam
3338 4655 3580 4726 dignita-

2003 4749 2114 4797 tem
2150 4742 2522 4810 restituamur,
2558 4743 2719 4815 cujus
2748 4758 2873 4800 cum
2909 4743 3142 4815 benigne
3170 4744 3465 4816 participes
3495 4744 3596 4799 fam

1999 4835 2072 4891 eti
2105 4850 2391 4904 essemus,
2430 4836 2665 4909 gratiam
2699 4837 3099 4908 circumspecte
3136 4851 3241 4892 non
3278 4836 3575 4892 custodivi-

2002 4942 2147 4983 mus.
2193 4927 2465 4997 Jejunium
2513 4931 2637 4986 vita:
2684 4928 2877 4985 futurae
2920 4929 3098 5000 imago
3126 4938 3231 4984 est.
3279 4928 3599 4998 incorrupti.

2004 5029 2179 5075 status
2218 5020 2469 5078 imitatio.
2504 5021 2580 5078 ibi
2615 5038 2722 5077 non
2750 5031 2880 5079 sunt-
2907 5023 3369 5093 compotationes,
3410 5035 3582 5092 neque

2003 5111 2449 5168 emnessationes.
3030 5104 3041 5117 ’

2072 5204 2142 5257 At
2181 5204 2422 5275 relinque
2461 5204 2693 5274 primum
2736 5206 3052 5269 hominem,
3096 5204 3528 5275 perge-ulterius
3559 5222 3577 5273 ;

2001 5303 2057 5352 et
2089 5306 2333 5365 posteros
2361 5296 2482 5366 ejus
2523 5311 2803 5353 enumera.
2838 5297 2976 5364 Quid
3024 5295 3177 5365 justo
3206 5295 3320 5351 Noe
3352 5298 3581 5368 ignomi-

2006 5388 2149 5442 niam
2182 5383 2488 5443 conciliavit
2510 5429 2525 5455 ,
2560 5402 2682 5443 cum
2721 5393 2956 5443 nudatus
2995 5398 3141 5444 esset
3176 5389 3242 5444 iis
3283 5391 3541 5447 membris
3565 5430 3580 5453 .

2008 5497 2126 5553 quac
2168 5492 2362 5539 natura
2404 5484 2508 5553 tegi
2544 5484 2696 5555 jubet
2728 5484 2814 5539 ⁸⁸⁸2
2854 5483 2995 5554 Quid
3024 5482 3376 5540 temerarium
3408 5482 3580 5539 Citam
