4024 6208
418 188 524 247 575

1707 187 1766 241 S.
1806 186 2076 243 ASTERII
2118 187 2413 243 AMASENI

3575 166 3679 231 37G

423 307 674 373 induxit,
708 316 767 363 ut
801 315 1013 377 patrem
1046 303 1347 359 irrideret?
1377 302 1446 356 ita
1482 310 1540 355 ιιι
1570 317 1637 356 ex
1667 319 1776 357 uno
1811 304 2004 359 delicto
2035 351 2041 365 ,

2143 304 2336 358 ἐλάσαι
2356 308 2422 375 τῇ
2460 304 2600 377 μέθῃ
2632 301 2726 355 τοῦ
2759 300 2963 371 πατρὸς
2999 292 3431 369 παρεσκεύασεν,
3463 292 3553 346 ῐνα
3585 290 3682 359 γέ-

424 400 533 453 duo
563 399 703 452 tuala
728 397 1038 454 exstiterint
1063 415 1075 450 :
1109 410 1211 449 una
1243 395 1385 448 enim
1411 395 1643 449 ebrietas
1671 405 1877 464 patrem
1909 398 2004 450 tle-

426 490 540 544 bito
574 497 906 559 tegumento.
939 496 994 541 et
1028 485 1194 540 filium
1246 485 1498 541 libertate
1532 487 1780 555 privavit.

507 666 774 721 Caeterum
805 666 1024 732 quando
1061 665 1256 720 iterum
1289 667 1475 721 oculos
1508 679 1658 721 meos
1692 665 1908 720 reﬂecte
1938 667 2005 721 ad

432 757 548 812 Heli
585 758 923 812 sacerdotem
958 758 1024 825 η,
1057 767 1113 813 et
1139 759 1191 813 in
1228 758 1390 813 rebus
1428 758 1497 813 ab
1524 759 1642 828 ipso
1669 759 1833 828 gestis
1860 775 2009 814 men-

433 860 538 902 tem
579 864 815 919 occupo,
856 851 1125 922 integram
1162 860 1407 906 catenam
1443 850 1816 906 calamitatum
1850 867 1917 906 ex
1951 867 2009 907 se

433 948 621 993 mutuo
660 956 924 995 nexarum
984 940 1236 1006 invenio;
1284 955 1406 1009 qum
1443 942 1511 995 ab
1552 956 1657 996 uno
1709 941 2007 1011 principio,

432 1045 627 1102 nempe
646 1047 675 1085 a
699 1043 888 1088 ventre
914 1043 970 1089 et
991 1034 1242 1089 satietate
1268 1034 1529 1103 originem
1559 1036 1846 1090 duxerunt.
1874 1034 2008 1089 Nam

439 1124 533 1178 filii
567 1124 689 1181 lleli
728 1127 901 1194 patris
932 1126 1014 1181 sui
1053 1126 1414 1181 sacerdotium
1448 1141 1544 1196 pro
1576 1128 1865 1183 occasione
1891 1128 2014 1183 libi-

435 1216 577 1271 dinis
603 1225 658 1272 et
683 1217 842 1272 luxus
873 1218 1216 1288 arripientes,
1242 1218 1506 1279 sacriﬁcia
1531 1219 1887 1290 profanabant
1915 1261 1931 1287 ,
1960 1230 2015 1276 et

437 1308 589 1377 prius
635 1307 811 1363 ventri
860 1323 994 1375 suo,
1040 1325 1205 1379 quam
1262 1310 1372 1365 Deo
1418 1309 1485 1365 de
1526 1311 1718 1367 hostiis
1750 1312 2015 1381 primitias

443 1399 764 1455 offerebant.
796 1400 994 1455 Secuta
1024 1411 1109 1456 est
1138 1402 1430 1457 foruicatio
1451 1443 1466 1466 ,
1493 1418 1649 1458 soror
1677 1403 2012 1460 deliciarum.

451 1490 558 1545 Sed
613 1490 699 1546 bis
743 1492 998 1548 omnibus
1058 1494 1375 1563 supervenit
1418 1493 1688 1561 judicium
1738 1494 2015 1559 divinum,

440 1582 584 1652 quod
644 1598 889 1638 severam
941 1582 1098 1639 valde
1147 1594 1200 1640 et
1254 1584 1643 1640 inexorabilem
1689 1585 2016 1641 sententiam

2108 411 2266 465 νηται
2289 393 2383 448 δύο
2403 393 2549 446 κακά
2592 394 2658 445 δι’
2688 391 2806 455 ἐνὸς
2850 386 3355 458 πλημμελήματος;
3413 382 3530 436 Μία
3574 381 3683 452 γὰρ

2110 485 2249 556 μέθη
2282 484 2495 539 καὶτὸν
2534 482 2743 552 πατέρα
2804 480 2904 549 τῆς
2955 474 3261 548 εὐπρεποῦς
3301 472 3530 534 σκέπης,
3589 471 3684 523 καὶ

2091 577 2309 634 τὸνυὶὸν
2332 575 2431 645 τῆς
2453 572 2781 643 ἐλευθερίας,
2812 569 3146 639 ἐγύμνωσεν.

2181 667 2348 720 Ὅταν
2377 666 2432 720 δὲ
2463 665 2623 719 πάλιν
2663 663 2798 734 πρὸς
2821 661 2947 721 τοὺς
2976 658 3174 719 παῖδας
3206 654 3383 708 ἀπίδω
3422 652 3571 707 Ἠλεὶ
3590 650 3688 704 τοῦ

2113 758 2302 830 ἱερέως
2330 756 2425 810 καὶ
2462 755 2599 825 πρὸς
2631 753 2844 824 ὲκείνην
2885 750 2983 822 τὴν
3013 748 3251 819 ἱστορίαν
3286 743 3570 815 ἀσχολήσω
3597 742 3691 795 τὸν

2110 849 2256 910 νοῦν,
2291 847 2531 919 ὀρμαθὸν
2581 845 2821 918 εὑρίσκω
2856 839 3176 911 συμφορῶν,
3209 837 3465 908 ἀλλήλαις
3504 834 3690 888 συνδε-

2108 940 2351 1011 δεμένων
2384 938 2492 993 ἀπὸ
2517 938 2644 1008 μιᾶς
2663 936 2859 1008 ἀρχῆς,
2887 935 2987 1006 τῆς
3002 933 3090 987 διὰ
3106 930 3364 1002 γαστέρα,
3384 929 3478 983 καὶ
3504 929 3691 999 κόρον.

2114 1031 2370 1084 Κάκεῖνοι
2404 1027 2513 1099 γὰρ
2542 1027 2643 1098 τὴν
2681 1025 2777 1079 τοῦ
2823 1024 3028 1095 πατρὸς
3078 1021 3403 1094 ἱερωσύνην,
3436 1017 3697 1090 ἀφορμὴν

2116 1122 2332 1193 θέμενοι
2382 1117 2717 1191 ἡδυπαθείας
2784 1118 2879 1170 καὶ
2939 1114 3292 1176 ἀπολαύσεως
3348 1110 3443 1173 τὰς
3500 1108 3698 1170 θυσίας

2116 1213 2405 1286 ὲόεόήλουν
2440 1212 2533 1266 καὶ
2570 1214 2635 1282 τῇ
2668 1208 2867 1281 γαστρὶ
2900 1207 3005 1279 πῴ
3039 1206 3133 1259 τοῦ
3166 1204 3301 1258 Θεοῦ
3322 1203 3430 1256 τῶν
3477 1200 3698 1273 ἱερείων

2116 1311 2443 1381 ἀπήρχοντο.
2488 1304 2795 1360 Ἠκολούθει
2832 1303 2887 1357 δὲ
2909 1302 3004 1356 καὶ
3028 1304 3061 1372 ἡ
3089 1299 3334 1371 πορνεία,
3363 1295 3565 1367 ἀδελφὴ
3596 1295 3700 1366 τῆς

2116 1402 2327 1474 τρυφῆς
2373 1399 2638 1472 ἁμαρτία,
2692 1397 2785 1450 καὶ
2840 1394 3052 1456 τούτοις
3113 1392 3281 1445 πᾶσιν
3336 1386 3553 1461 ἡπαρᾶ
3601 1385 3700 1440 τοῦ

2117 1491 2254 1545 Θεοῦ
2290 1490 2492 1562 κρίσις,
2523 1485 2801 1557 αὐστηράν
2832 1484 2926 1538 καὶ
2956 1482 3228 1551 ἀπότομον
3279 1476 3378 1549 τὴν
3405 1475 3559 1547 δίκην
3603 1475 3704 1527 ἐπ-

2120 1586 2351 1655 άγουσα.
2388 1566 2580 1644 Ἐθνος
2610 1580 2718 1651 γὰρ
2758 1578 3014 1648 πολέμιον
3036 1574 3102 1628 δι’
3144 1571 3382 1634 ἐκείνους
3413 1569 3551 1623 κατά
3590 1566 3705 1621 τῶν

443 1675 705 1749 indulsit;
765 1690 888 1729 nam
947 1684 1167 1746 propter
1212 1675 1335 1731 illos
1384 1690 1518 1748 gens
1570 1675 1782 1731 hostilis
1832 1685 2018 1731 contra

2143 1675 2519 1750 Ἰεροσολύμων
2555 1673 2905 1744 ἐστράτευσε.
2940 1670 3049 1723 Καὶ
3086 1668 3173 1720 ἴνα
3199 1663 3403 1734 πλῆθος
3454 1660 3707 1734 σκυθρω⁸

443 1764 880 1838 Hicrosolytnam
931 1769 1228 1837 pugnabat.
1275 1768 1342 1822 Et
1372 1776 1431 1823 ut
1466 1768 1712 1823 tristibus
1753 1767 2022 1823 narratio—

412 1888 415 1889 ν
444 1858 606 1912 nibus
636 1858 1017 1927 compendium
1059 1859 1322 1913 faciamus
1343 1898 1359 1921 ,
1390 1859 1576 1914 lascivi
1604 1858 1684 1913 illi
1710 1859 1940 1930 juvenes
1968 1858 2021 1913 in

443 1949 563 2003 acie
589 1949 934 2013 ceciderunt,
984 1950 1159 2018 patria
1196 1950 1357 2004 simul
1400 1965 1523 2005 cum
1565 1951 1675 2006 reis
1716 1950 2021 2021 periclitata

446 2049 530 2096 est
557 2080 573 2106 ,
608 2054 735 2096 arca
769 2040 860 2095 Dei
894 2050 1048 2110 capta
1083 2051 1138 2096 et
1166 2042 1235 2097 ab
1266 2042 1512 2097 hostibus
1543 2042 1777 2097 abducta
1807 2060 1820 2097 :
1854 2053 1906 2097 et
1934 2055 2024 2096 se-

451 2133 542 2188 nio
567 2132 853 2188 conlectus
887 2132 1145 2188 sacerdos
1172 2133 1375 2188 nuntiis
1402 2132 1652 2189 infaustis
1680 2135 2023 2190 immortuus.

448 2220 680 2278 Tantum
713 2223 976 2279 malorum
1004 2224 1074 2280 ob
1102 2224 1241 2295 gula:
1268 2225 1595 2295 voluptatem
1632 2226 1837 2281 civitati
1872 2225 2026 2280 inve-

447 2324 603 2369 t'ltttn'
620 2323 722 2370 est.

521 2405 722 2464 Omnes
749 2409 913 2477 igitur
930 2408 1257 2477 jejunemus.
1281 2410 1351 2464 At
1368 2409 1714 2466 sacerdotum
1740 2409 2033 2466 familiares

444 2496 718 2567 jejunium
762 2514 861 2568 pro
890 2499 1193 2555 domestico
1221 2507 1275 2555 et
1298 2501 1450 2569 quasi
1489 2498 1729 2570 ejusdem
1758 2499 1895 2557 laris
1921 2516 2035 2555 ma-

453 2592 623 2660 gistro
673 2592 1048 2660 temperantiae
1101 2591 1337 2658 habere,
1389 2600 1443 2648 et
1489 2594 1729 2661 ejusdem
1766 2601 2035 2664 praecepta

454 2682 645 2739 audire
687 2685 932 2749 debent;
993 2685 1289 2740 absurdum
1340 2685 1486 2740 enim
1544 2684 2035 2742 nummulariorum

457 2776 597 2832 filios
624 2778 834 2846 argenti
862 2776 1123 2846 probandi
1152 2777 1403 2847 peritiam
1433 2786 1618 2833 tenere
1643 2819 1658 2843 ,
1683 2787 1738 2833 et
1764 2777 2036 2834 fabrorum

457 2867 754 2923 familiares
782 2867 928 2924 circa
961 2868 1139 2938 ignem
1167 2878 1221 2922 et
1245 2867 1495 2923 incudem
1521 2870 1724 2923 versari
1754 2887 1768 2937 ;
1795 2884 1891 2924 eos
1914 2885 2041 2923 vero

458 2959 553 3029 qui
597 2973 721 3014 cum
772 2958 1150 3014 sacerdotibus
1199 2959 1426 3030 degunt,
1475 2960 1591 3014 sive
1633 2961 1741 3014 sint
1787 2961 2038 3030 cognati,
2069 2996 2113 3055 ϐ

460 3051 576 3108 sive
617 3050 726 3107 alio
770 3053 928 3107 modo
969 3051 1024 3106 in
1075 3051 1332 3106 familiam
1385 3052 1658 3121 cooptati.
1715 3067 1971 3108 exerrare
2011 3070 2041 3107 ιι

463 3156 665 3217 scopo,
694 3143 759 3198 ad
795 3159 954 3214 quem
1001 3143 1220 3198 familiae
1270 3143 1465 3199 ductor
1502 3157 1557 3197 et
1604 3142 1862 3198 Dominus
1894 3159 2043 3199 suam

461 3237 631 3292 vitam
664 3233 1008 3290 conformare
1035 3234 1214 3291 debet.

538 3326 620 3384 οι)
648 3328 855 3382 ventris
884 3326 1190 3396 cupidinem
1220 3326 1421 3396 ingenti
1452 3326 1651 3380 danmo
1688 3325 1913 3380 allectus
1962 3324 2044 3380 est

468 3422 611 3478 Esau
642 3420 829 3476 senior
861 3419 1004 3475 [ilius
1036 3417 1208 3475 lsaaci
1242 3418 1307 3470 ⁸⁷.
1346 3416 1482 3473 Cum
1522 3418 1665 3472 enim
1703 3433 1768 3472 ex
1810 3418 2049 3486 professo

468 3521 697 3567 venator
736 3521 911 3577 esset,
952 3521 1009 3564 et
1046 3509 1212 3564 semel
1261 3517 1385 3578 post
1430 3508 1652 3563 multam
1708 3507 2050 3577 defatigatio-

472 3619 597 3667 nem
628 3604 849 3659 domum
886 3616 1138 3657 reversus
1166 3616 1294 3670 erga
1327 3600 1659 3671 propositam
1691 3616 1873 3656 escam
1909 3599 2051 3655 fame

479 3708 536 3752 et
593 3696 870 3753 desiderio
937 3692 1258 3749 intolerabili
1315 3691 1640 3756 afﬁceretur,
1695 3692 2052 3761 primogenita

478 3807 577 3847 sua
601 3804 701 3860 pro
742 3787 999 3843 lenticula
1031 3784 1185 3839 fratri
1214 3800 1315 3839 suo
1360 3784 1620 3838 vendidit.
1654 3783 1728 3837 Ex
1758 3797 1864 3852 quo
1890 3783 2051 3838 etiam

473 3882 696 3945 evenit,
732 3888 792 3934 ut
833 3889 1018 3947 postea
1066 3878 1241 3932 eidem
1290 3874 1729 3931 benedictionem
1773 3883 2052 3945 paternam

476 3974 795 4048 prgriperet
829 3971 914 4024 ¹⁸ε
969 3979 1024 4024 et
1072 3967 1151 4024 sic
1197 3967 1452 4037 paulatim
1492 3982 1524 4021 a
1567 3966 1769 4022 virtute
1813 3975 1917 4022 eta
1947 3966 2057 4022 Deo

479 4062 849 4126 abalienatus,
883 4059 1304 4130 patriarchalem
1366 4059 1593 4130 gloriam
1640 4056 1841 4113 amisit.
1888 4058 1955 4113 Et
1991 4057 2058 4112 ab

478 4148 698 4207 lsraelis
724 4149 1094 4204 familiaritate
1123 4156 1410 4218 separatus
1432 4191 1447 4215 ,
1486 4148 1599 4217 ipse
1631 4148 1977 4203 et‘barbarus
2005 4160 2059 4203 et

479 4243 781 4314 alienigena
825 4240 1040 4307 factus,
1071 4250 1178 4295 tam
1221 4254 1570 4296 numerosmn
1601 4253 1668 4294 ex
1703 4253 1762 4294 se
1802 4239 2056 4309 populum

481 4335 806 4407 procreavit.

555 4428 654 4483 llic
685 4428 799 4498 ipse
837 4427 1059 4483 morbus
1083 4426 1246 4481 etiam
1290 4424 1505 4480 Veteris
1531 4423 1866 4479 Testamenti
1896 4439 2065 4494 popn.

484 4522 595 4575 lum
625 4519 694 4575 ad
726 4518 1217 4590 transgressionem
1263 4518 1566 4573 divinarum
1613 4515 1789 4586 legum
1834 4514 2061 4570 induxit.

482 4614 619 4669 Cum
671 4613 814 4668 enim
868 4611 1084 4683 Moyses
1126 4612 1181 4666 in
1224 4611 1340 4682 lege
1378 4608 1693 4680 accipienda
1737 4618 1791 4661 et
1840 4605 2064 4661 ferenda

484 4718 785 4778 occupatus
815 4717 955 4763 esset
976 4748 992 4773 ,
1029 4707 1118 4762 isti
1150 4706 1395 4777 abruptis
1424 4707 1677 4760 omnibus
1700 4702 1971 4773 repagulis
2000 4704 2066 4756 ad

485 4799 670 4855 luxum
703 4808 759 4855 et
791 4800 1020 4854 choreas
1072 4799 1316 4854 conversi
1358 4807 1486 4852 sunt
1516 4797 1558 4829 "
1588 4813 1602 4849 :
1638 4809 1775 4865 quos
1825 4792 2069 4849 diabolus

490 4892 562 4946 ita
602 4890 949 4955 vacillantes,
979 4898 1035 4945 et
1064 4889 1349 4944 honestam
1384 4886 1507 4941 vitae
1538 4885 1802 4939 rationem
1843 4882 2067 4937 concul—

489 4996 678 5040 cantes
732 4983 934 5040 sensim
988 4982 1058 5036 ad
1111 4982 1440 5052 impietatem
1483 4977 1713 5032 induxit.
1754 4976 1887 5030 Hinc
1919 4973 2069 5028 vituli

491 5077 802 5143 fabricatio,
826 5066 1128 5132 diabolicus
1157 5073 1355 5138 cultus,
1382 5072 1564 5124 Aaron
1600 5067 1794 5140 piacttli
1824 5079 2070 5125 consors,

494 5167 629 5238 legis
650 5167 961 5237 corruptio,
1001 5165 1301 5221 tabularum
1346 5162 1640 5222 contritio,
1672 5169 1727 5213 et
1761 5156 1961 5227 Moysis
1988 5168 2073 5208 se-

495 5258 704 5312 cundus
753 5258 806 5311 in
852 5265 1089 5312 montem
1138 5271 1429 5318 ascensus,
1466 5264 1519 5308 et
1551 5252 1732 5308 omnia
1783 5252 1928 5313 haec,
1955 5262 2075 5317 qua:

495 5363 650 5403 sacra
695 5349 918 5404 historia
972 5359 1080 5403 tam
1125 5347 1379 5405 ﬂebiliter
1416 5346 1763 5407 lamentatur,
1797 5356 1864 5396 ex
1891 5340 2076 5395 immo-

495 5438 622 5495 dico
650 5437 771 5495 cibo
803 5439 1126 5511 principium
1155 5448 1209 5494 et
1236 5450 1460 5493 “ausam
1488 5440 1861 5505 sumpserunt.

578 5616 620 5649 ”
659 5615 673 5671 Ι
711 5617 835 5692 Reg.
872 5634 946 5687 tv,
984 5620 1005 5673 ι
1038 5637 1157 5691 sqq.
1240 5620 1275 5649 "
1320 5619 1453 5674 Gen.
1490 5632 1612 5678 xxv,
1642 5613 1711 5668 δυ
1741 5627 1860 5683 sqq.

1933 5612 1977 5642 “'
2002 5611 2136 5666 Gen.
2166 5624 2336 5671 xxvtt,
2364 5607 2428 5661 l9
2468 5619 2587 5673 sqq.

2124 1769 2242 1823 πῶν
2268 1767 2622 1839 διηγημάτων
2662 1762 2928 1833 συντέμω,
2980 1762 3028 1814 οί
3065 1759 3161 1831 μὲν
3200 1756 3489 1811 ἀκόλαστοι
3524 1750 3706 1805 νεανί-

2127 1879 2266 1924 σκοι,
2289 1861 2380 1914 ἐπὶ
2411 1860 2512 1928 τῆς
2544 1854 2902 1928 παρατάξεως
2933 1853 3148 1915 ἔπεσον,
3188 1849 3283 1904 καὶ
3309 1850 3342 1920 ἡ
3369 1847 3565 1918 πατρὶς
3592 1845 3709 1905 τοῖς

2125 1952 2431 2027 ἁμαρτοῦσι
2464 1948 2919 2005 συνεκινδύνευσε.
2975 1945 3140 2027 καὶέὴ
3170 1940 3265 1995 τοῦ
3304 1937 3437 1992 Θεοῦ
3474 1933 3710 1998 κιϐωτξις

2126 2020 2469 2118 αίχμάλωτος
2502 2040 2655 2112 παρὰ
2680 2039 2790 2093 τῶν
2828 2020 3099 2107 πολεμίων
3131 2031 3387 2118 ἀπήχθη,
3420 2030 3514 2082 καὶ
3616 2025 3713 2094 γέ-

2267 2137 2296 2189 ὁ
2319 2135 2500 2206 ἱερεὺς
2530 2132 2653 2195 ταῖς
2690 2125 2975 2196 ἀγγελίαις
3023 2122 3130 2177 τῶν
3160 2118 3344 2174 κακῶν
3376 2112 3711 2174 ἐπαπέθανε,

2130 2203 2224 2282 καὶ
2248 2203 2503 2287 τοσοῦτος
2541 2220 2706 2292 ἐσμὸς
2740 2215 2921 2272 κακῶν
2964 2213 3055 2269 διὰ
3092 2212 3369 2283 φάρυγγος
3406 2203 3596 2277 ἡδονὴν
3612 2203 3717 2256 ὲπο

2130 2318 2334 2390 ηνέχθη
2366 2320 2430 2388 τῇ
2449 2315 2619 2368 πόλει.

2204 2388 2414 2473 Πάντες
2432 2403 2525 2461 οὖν
2553 2403 2959 2476 νηστεύσωμενο
2988 2400 3038 2452 οἱ
3070 2396 3127 2448 δὲ
3148 2393 3256 2447 τῶν
3292 2390 3481 2461 ἱερέων
3499 2388 3719 2446 οἱκείοι,

2135 2506 2231 2560 καὶ
2293 2501 2514 2576 μᾶλλον,
2571 2499 2646 2561 ὡς
2697 2495 2944 2548 σύνοικον
2976 2490 3191 2561 ἔχοντες
3238 2479 3554 2536 διδάσκαλον
3614 2475 3720 2545 τῆς

2137 2568 2485 2665 ἐγκρατείας,
2517 2588 2609 2641 καὶ
2636 2585 2734 2654 ἀφ’
2767 2582 2976 2645 ἑστίας,
3016 2578 3088 2632 τὰ
3112 2576 3383 2665 φιλόσοιρα
3406 2568 3723 2665 παραγγέλο

2142 2658 2306 2756 ματα.
2362 2683 2595 2734 Ἀτοπον
2641 2677 2748 2748 γάρ
2774 2675 2902 2737 τοὺς
2948 2671 3046 2743 μὲν
3078 2667 3273 2729 παῖδας
3317 2663 3429 2717 τῶν
3460 2658 3723 2756 sparsit.

2139 2776 2270 2841 τῶν,
2316 2768 2816 2844 ἀργυρογνώμονας
2850 2762 3013 2826 εἶναι,
3042 2761 3138 2815 καὶ
3181 2759 3308 2820 τοὺς
3340 2753 3570 2816 οἰκείους
3609 2749 3726 2804 τῶν

2143 2843 2387 2937 χαλκέων
2418 2860 2547 2930 περὶ
2580 2858 2642 2911 τὸ
2675 2855 2787 2928 πῦρ
2833 2850 3161 2926 στρέφεσθαι
3210 2847 3305 2901 καὶ
3348 2845 3459 2937 τὸνΔ
3484 2843 3723 2937 ἄκμοναο

2143 2932 2271 3020 τοὺς
2296 2954 2354 3007 δὲ
2383 2951 2489 3006 τῶν
2516 2949 2707 3021 ἱερέων
2738 2947 2909 3016 ἐγγὺς
2928 2944 3039 2998 εἴτε
3073 2940 3374 3009 συγγενεῖς,
3406 2934 3515 2988 εἴτε
3546 2932 3727 2994 ἄλλως

2146 3048 2381 3108 οἰκείους
2414 3040 2738 3114 ἀφηνιάζειν
2757 3038 2854 3091 τοῦ
2882 3034 3107 3097 σκοποῦ,
3139 3025 3182 3100 ᾧ
3208 3030 3306 3101 ζῇν
3326 3027 3516 3097 ἔλαχεν
3558 3027 3589 3078 ὁ
3624 3024 3726 3093 τῆς

2149 3140 2331 3202 ἑστίας
2357 3132 2584 3209 ἡγεμὼν
2615 3133 2709 3186 καὶ
2729 3129 3026 3199 Δεσπότης.

2234 3318 2465 3391 Ἐὅλάδη
2505 3317 2594 3369 διὰ
2649 3313 2893 3385 γαστέρα
2959 3311 3189 3383 μέγιστα
3240 3307 3333 3362 καὶ
3385 3309 3414 3361 ὁ
3453 3306 3583 3368 παῖς
3633 3301 3729 3357 τοῦ

2164 3412 2350 3467 Ἰσαάκ
2370 3413 2398 3465 ὁ
2424 3407 2815 3481 πρεσϐύτερος.
2862 3403 3082 3475 Ἐπειδὴ
3122 3400 3230 3472 γὰρ
3262 3396 3530 3470 θηρευτὴς
3555 3395 3733 3466 ὑπάρ-

2150 3523 2261 3577 χων
2285 3504 2347 3557 τὸ
2372 3487 2731 3571 ἐπιτήδευμα,
2759 3497 2848 3552 καί
2881 3513 3009 3548 ποτε
3041 3491 3178 3565 μετὰ
3208 3490 3407 3564 δρόμον
3442 3487 3613 3542 πολὺν
3641 3485 3732 3542 ἐπὶ

2151 3598 2249 3668 τὴν
2284 3594 2460 3649 οἰκίαν
2488 3590 2834 3661 ὑποστρέψας
2856 3587 3071 3657 ἁσχέτῳ
3104 3583 3261 3653 πείνῃ
3290 3580 3368 3652 τῷ
3403 3577 3732 3650 προφανέντι

2156 3689 2403 3760 βρώματι
2425 3684 2714 3756 περιέχειν.
2748 3679 2975 3734 ἀπέδοτο
2999 3678 3095 3748 μὲν
3123 3674 3203 3746 τῷ
3223 3672 3436 3743 ἀδελφῷ
3464 3669 3641 3741 φακοῦ
3669 3668 3736 3722 τά

2155 3777 2518 3852 πρωτοτόκια·
2562 3772 2769 3828 ἐκεῖθέν
2810 3789 2869 3825 τε
2923 3768 3112 3823 λοιπὸν
3166 3767 3260 3821 καὶ
3315 3766 3413 3836 τὴν
3461 3761 3737 3833 πατρικὴν

2155 3870 2402 3937 εὐλογίαν
2437 3865 2671 3934 ἐκλάπη·
2713 3863 2807 3917 καὶ
2834 3860 3004 3923 οὕτως
3049 3858 3188 3913 κατὰ
3219 3856 3412 3928 μικρὸν
3439 3854 3738 3922 ἀλλοτριω-

2158 3962 2272 4024 θεὶς
2298 3959 2499 4030 ἀρετῆς
2523 3956 2617 4010 καὶ
2641 3953 2798 4016 Θεοῦ,
2839 3952 2939 4022 τὴν
2977 3947 3382 4021 πατριαρχικὴν
3429 3944 3589 4009 δόξαν
3632 3942 3743 3995 ἀπ-

2157 4051 2343 4105 ώλεσε·
2368 4051 2462 4103 καὶ
2475 4047 2569 4102 τοῦ
2605 4045 2819 4116 Ἰσραὴλ
2842 4041 2983 4097 κατὰ
3013 4041 3110 4112 τὴν
3134 4040 3403 4094 οἰκείωσιν
3427 4032 3744 4105 χωρισθεὶς,

2159 4140 2321 4203 αὐτός
2382 4155 2441 4190 τε
2507 4136 2782 4206 βάρϐαρος
2838 4132 3056 4201 ἐγένετο
3118 4129 3213 4185 καὶ
3278 4124 3599 4193 ἀλλόφυλος,
3650 4122 3760 4176 καὶ⁴

2160 4232 2398 4301 τοιοῦτον
2427 4231 2487 4295 ἐξ
2523 4227 2690 4283 αὑτοῦ
2721 4228 2847 4281 λαὸν
2874 4225 3261 4293 ἀπεγέννησεν.

2097 4338 2142 4393 ι)
2238 4326 2386 4397 Δῦτη
2422 4326 2454 4394 ἡ
2482 4324 2655 4387 νόσος,
2682 4321 2777 4375 καὶ
2805 4320 2896 4373 τὸν
2923 4318 3022 4387 τῆς
3051 4314 3292 4376 Παλαιᾶς
3318 4309 3594 4380 Διαθήκης
3620 4308 3755 4361 λαὸν

2169 4421 2249 4482 είς
2278 4416 2588 4489 παράϐασιν
2605 4412 2713 4466 τῶν
2737 4411 2894 4465 θείων
2915 4409 3008 4463 καὶ
3036 4404 3194 4478 ἱερῶν
3224 4404 3426 4473 νόμων,
3451 4401 3748 4471 ἐξήγαγεν.

2185 4508 2407 4580 Ἐπειδὴ
2432 4507 2543 4578 γὰρ
2568 4502 2844 4564 Μωῦσέως
2868 4502 2934 4570 τῇ
2969 4494 3271 4565 ἐπαγγελίᾳ
3292 4491 3385 4546 τοῦ
3417 4492 3582 4560 νόμου
3622 4506 3753 4560 axo-

2170 4601 2424 4666 λάζοντος
2444 4641 2458 4663 ,
2500 4592 2932 4664 ἐκδιαιτηθέντες
2957 4590 3005 4647 οἱ
3035 4588 3338 4658 ἄνθρωποι,
3374 4585 3507 4654 πρὸς
3534 4580 3755 4650 τρυφὴν

2172 4695 2267 4748 καὶ
2293 4690 2510 4764 χορείας
2541 4688 2875 4759 ἐτράπησαν,
2911 4680 3054 4735 κατὰ
3082 4679 3246 4751 μέρος
3276 4676 3471 4737 αὐτοὺς
3503 4671 3753 4733 ὀλισθαί-

2176 4802 2364 4847 νοντας
2394 4783 2487 4839 καὶ
2519 4779 2822 4841 πατοῦντας
2852 4775 2949 4847 τὴν
2984 4772 3241 4843 εὐνομίαν
3292 4764 3387 4822 τοῦ
3424 4767 3536 4837 βίου
3563 4805 3579 4827 ,
3618 4764 3756 4832 πρὸς

2174 4877 2432 4932 ἀσέϐειαν
2472 4875 2500 4926 ὁ
2543 4869 2787 4932 διάϐολος
2832 4864 3209 4934 ἐφειλκύσατο.
3252 4858 3520 4915 Κάκεῖθεν
3565 4856 3755 4916 λοιπὸν

2179 4964 2586 5038 μοσχοποίησις,
2638 4957 2983 5030 ἐπιτήδευσις
3022 4953 3366 5024 δαιμονῶσα,
3399 4950 3493 5004 καὶ
3544 4945 3754 5017 ’Λαρὼν

2178 5056 2452 5113 κοινωνῶν
2505 5054 2599 5107 τοῦ
2642 5052 2969 5123 μιάσματος,
3020 5045 3236 5101 καὶτοῦ
3262 5044 3426 5114 νόμου
3457 5039 3751 5109 διαφθορά,

2178 5154 2273 5206 καὶ
2298 5149 2404 5205 τῶν
2444 5144 2667 5201 πλακῶν
2700 5141 3055 5213 συντριμμδς,
3083 5138 3176 5192 καὶ
3203 5135 3480 5198 Μωῦσέως
3507 5131 3755 5201 δεύτερος

2178 5243 2377 5315 δρόμος
2407 5239 2499 5294 ἐπὶ
2529 5238 2590 5290 τὸ
2622 5237 2768 5307 ὅρος,
2800 5235 2894 5287 καὶ
2919 5234 3097 5287 πάντα
3123 5231 3316 5292 ταῦτα,
3356 5229 3456 5282 ὅσα
3486 5227 3520 5295 ἡ
3547 5221 3757 5315 ἱστορία

2181 5311 2569 5405 σγετλιάζουσα
2594 5328 2936 5401 ὀλοφύρεται,
2962 5325 3071 5379 ἀπὸ
3094 5322 3350 5395 βρώσεως
3382 5317 3631 5390 ἀμέτρου
3667 5311 3760 5384 τὴν

2180 5426 2354 5499 ἀρχὴν
2387 5424 2513 5495 ἔσχε
2548 5423 2641 5476 καὶ
2674 5420 2770 5492 τὴν
2800 5417 2998 5474 αἰτίαν.

2666 5601 2706 5633 ¹⁹
2742 5597 2912 5657 Exod.
2944 5610 3090 5650 χχιιι
3112 5633 3126 5660 ,
3151 5592 3242 5659 ‘22,
3282 5605 3400 5662 sqq.
