4060 6210
325 195 434 255 577

1249 194 1535 253 HOMELIA
1576 198 1712 255 XIV.
1750 198 1813 255 ΙΝ
1848 199 2248 260 PRINCIPIUM
2284 201 2727 261 JEJUNIOBUM.

3484 201 3589 259 378

392 312 620 368 θιλωδι
652 314 783 385 ὑμῖν
812 315 906 368 καὶ
934 314 1063 368 ἄλλο
1103 315 1443 388 παραθέσθαι
1487 319 1751 390 διήγημα,
1787 320 1903 375 δεύ-

2083 321 2239 378 Libct
2265 338 2394 378 vero
2430 333 2485 379 et
2511 323 2655 378 aliud
2679 323 2937 393 quiddam
2976 337 3423 387 commemorare,
3452 332 3587 376 tem-

321 422 480 477 τερον
529 406 629 475 μὶν
672 405 769 458 τοῦ
812 406 1200 478 προλεχθέντος
1241 411 1354 472 τοῖς
1404 410 1636 480 χρόνοις,
1675 412 1913 465 ἰσοδυνα-

328 496 467 566 μοῦν
498 494 558 549 δὲ
581 496 720 550 κατὰ
749 496 847 568 τὴν
878 499 1094 569 πρᾶξιν.
1136 500 1194 552 '0
1227 500 1398 554 Σαοὺλ
1428 504 1457 554 ό
1487 503 1738 571 βασιλεὺς
1769 521 1909 574 παρ·-

324 588 609 654 ετάττετο,
648 588 740 640 καὶ
780 588 869 641 διὰ
898 590 1101 659 πολλῆς
1121 592 1397 662 φροντίδος
1418 589 1519 663 ἦγε
1542 594 1632 648 τὸν
1657 596 1908 666 πόλεμον

326 678 682 749 ἀπηγόρευσε
713 679 769 732 δὲ
795 679 873 749 τῷ
918 680 1032 751 λαῷ
1059 684 1267 753 τροφῆς
1297 685 1354 737 ὲν
1398 686 1580 757 ἐκείνῃ
1625 689 1691 757 τῇ
1730 687 1911 758 ἡμέρα

333 768 681 841 μεταλαϐεῖν,
751 771 899 842 ὅρκῳ
949 773 1048 843 τὴν
1096 774 1276 845 κρίσιν
1325 776 1763 846 ἐπισφραγίσας,
1817 779 1911 832 καὶ⁵

333 858 563 925 Θάνατος
605 857 671 933 ἦν
715 863 749 933 ἡ
799 862 972 934 ζημία
1017 863 1097 934 τῷ
1145 866 1573 936 παρακούσαντι.
1624 869 1809 939 Πάσης
1853 870 1910 923 δὲ

309 955 439 1026 ,τῆς
492 957 741 1027 στρατιᾶς
790 955 1063 1019 εὐπειθῶς
1107 955 1408 1026 δεξαμένης
1451 956 1512 1009 τὺ
1557 958 1906 1029 πρόσταγμα,

341 1048 499 1118 μόνος
522 1050 550 1102 ό
578 1047 671 1100 τοῦ
701 1046 971 1117 βασιλέως
1000 1050 1127 1109 παῖς
1168 1048 1423 1101 Ἱωνάθαν
1455 1052 1650 1119 σμήνει
1689 1066 1908 1121 περιτυ-

337 1137 466 1209 χὼν,
493 1138 581 1191 καὶ
601 1139 696 1192 τοῦ
724 1138 942 1210 μέλιτος
966 1138 1235 1209 ἡττηθεὶς,
1269 1140 1521 1210 ἐμπήξας
1551 1145 1664 1205 τοῖς
1698 1142 1907 1213 κηρίοις

333 1229 394 1282 τὸ
423 1229 719 1302 σκῆπτρον,
750 1229 848 1283 τοῦ
894 1229 1274 1300 γλυκάσματος
1322 1231 1684 1299 ἀπεγεύσατο.
1733 1231 1904 1287 Ἦλθε

328 1319 385 1372 δὲ
421 1321 591 1389 ἐγγὺς
621 1321 717 1374 τοῦ
752 1320 1021 1385 κινδύνου,
1054 1321 1104 1373 εί
1140 1320 1214 1392 μὴ
1250 1322 1309 1375 τὸ
1339 1323 1543 1393 πλῆθος
1575 1324 1722 1378 ἅπαν
1750 1327 1902 1397 κοινῇ

326 1409 461 1482 πρὸς
487 1410 588 1482 τὴν
615 1411 792 1483 ὁρμὴν
817 1410 912 1464 τοῦ
946 1411 1148 1482 πατρὸς
1191 1413 1285 1466 καὶ
1327 1412 1590 1481 βασιλέως
1623 1415 1900 1486 ἀντέσχεν,

266 1552 279 1563 .
324 1503 638 1571 ἀπαγαγεῖν
670 1503 766 1572 τὴν
798 1503 1030 1574 ἀπειλὴν
1055 1506 1136 1567 είς
1159 1503 1321 1575 ἔργον
1349 1505 1654 1576 ὁρίσαντος.

393 1591 541 1662 Πρὸς
569 1591 628 1645 δὲ
655 1595 765 1655 τοῖς
787 1593 1098 1664 εἰρημένοις
1123 1592 1292 1664 μυρία
1313 1592 1537 1648 τοιαῦτα
1562 1594 1770 1660 ἔξεστιν
1795 1597 1901 1651 ἀπὸ

2013 429 2143 482 pure
2189 415 2404 483 quidem
2456 415 2727 482 posterius
2766 414 2857 468 sed
2904 416 3046 481 quod
3103 413 3170 470 ad
3216 429 3326 467 rem
3375 415 3585 476 ιιιιτιιρι,

2013 505 2170 573 plane
2193 504 2543 573 tequivalens.
2571 504 2697 558 Sani
2739 517 2828 557 rex
2882 506 2931 556 in
2962 504 3158 559 castris
3181 514 3318 568 erat,
3345 514 3399 559 et
3423 503 3585 557 multa

2011 595 2379 651 sollicitudine
2428 595 2627 649 bellum
2671 594 3111 648 administrabat.
3153 596 3443 649 interdixit
3486 608 3584 647 aur

2014 694 2118 738 tem
2144 685 2371 753 populo,
2402 700 2468 738 ne
2493 685 2614 752 quis
2660 684 2748 737 illo
2782 684 2869 737 die
2898 684 3073 738 cibum
3104 682 3429 746 smneret";
3458 699 3581 738 sen-

2012 774 2236 828 tentiam
2273 790 2427 829 suam
2466 774 2818 843 jurejurando
2848 774 3158 844 obsignans,
3189 776 3409 829 decreto
3442 789 3581 828 mor-

2012 864 2080 919 tis
2109 866 2377 934 supplicio
2435 866 2479 919 si
2538 866 2661 935 quis
2713 880 2817 919 non
2853 866 3292 934 obtemperasset.
3327 866 3458 921 Cum
3489 881 3585 917 au-

2010 964 2114 1009 tem
2150 965 2292 1010 totus
2324 956 2598 1011 exercitus
2649 958 2957 1011 mandatum
3001 956 3179 1011 debito
3201 958 3458 1025 obsequio
3487 973 3580 1010 ac-

2008 1047 2240 1115 cepisset
2266 1090 2280 1107 .
2346 1048 2492 1102 solus
2548 1046 2813 1103 Jonathas
2834 1088 2850 1114 ,
2900 1048 3041 1103 [ilius
3072 1049 3212 1118 regis
3235 1092 3248 1109 .
3280 1048 3332 1102 in
3367 1048 3582 1103 alvu-are

2009 1138 2268 1203 incidens,
2300 1140 2581 1209 mellisque
2611 1140 2893 1194 dulcedine
2942 1140 3136 1205 victus,
3158 1140 3279 1194 favo
3308 1150 3577 1207 sceptrum

2006 1226 2263 1297 inligens,
2304 1229 2641 1286 dulcedinem
2677 1230 2821 1284 illam
2871 1232 3132 1300 gustavit.
3169 1230 3451 1285 Proximus
3485 1247 3580 1283 au-

2007 1329 2112 1375 tem
2151 1323 2393 1390 periculo
2417 1324 2540 1389 fuit,
2585 1326 2688 1381 nisi
2721 1334 2865 1382 totus
2893 1326 3120 1397 populus
3157 1326 3425 1381 communi
3455 1341 3581 1381 con-

2004 1423 2163 1464 sensu
2215 1413 2543 1468 retardasset
2598 1415 2858 1482 impetum
2913 1415 3118 1483 pa'ris,
3167 1415 3256 1484 qui
3296 1414 3582 1469 intenta‘tas

2006 1500 2180 1554 minas
2203 1502 2270 1555 ad
2311 1518 2423 1557 rem
2459 1502 2709 1559 conierre
2750 1504 2980 1559 volebat.

2074 1590 2276 1647 Praeter
2315 1595 2450 1658 iure,
2487 1606 2740 1649 sexcenta
2771 1595 2874 1649 alia
2911 1611 2980 1650 cx
3007 1595 3304 1663 Scripturis
3329 1599 3578 1659 conigere

322 1683 433 1741 τῶν
464 1683 701 1753 Γραφῶν
731 1683 1143 1755 συλλεξάμενον,
1178 1684 1365 1754 σαφῶς
1395 1686 1649 1754 κατιδεῖν,
1677 1688 1753 1751 ὡς
1773 1690 1899 1758 ἀγα-

2006 1681 2156 1747 licet,
2199 1685 2342 1739 unde
2386 1685 2617 1740 dilucide
2643 1687 2948 1751 elucescat,
2990 1687 3176 1757 quanti
3225 1686 3466 1740 facienda
3509 1686 3578 1739 sit

327 1772 419 1828 θδν
438 1775 473 1844 ἡ
501 1774 820 1845 ἐγκράτεια,
848 1776 942 1828 καὶ
964 1775 1287 1839 τούναντίον,
1314 1777 1546 1847 χαλεπὸν
1572 1778 1604 1848 ή
1626 1777 1901 1842 ἀκώλυτος

324 1864 434 1920 τῶν
465 1867 646 1920 πότων
684 1867 778 1920 καὶ
826 1866 933 1920 τῶν
978 1866 1122 1936 δᾴων
1154 1867 1475 1931 ἀπόλαυσις.
1520 1869 1760 1939 Νηστεία
1791 1869 1900 1923 τῶν

330 1957 502 2024 ἁγίων
533 1954 864 2033 σύντροφοςο
918 1958 1135 2028 νηστεία
1180 1959 1361 2030 πάσης
1403 1958 1614 2028 ἀγαθῆς
1651 1959 1901 2032 πράξεως

327 2046 590 2117 ἀρχηγός.
630 2047 738 2102 Καὶ
762 2047 950 2118 ὥσπερ
981 2049 1031 2101 οἱ
1058 2051 1296 2119 τεχνῖται
1325 2048 1491 2119 χωρὶς
1523 2047 1768 2119 ὀργάνων
1801 2050 1901 2105 οὐκ

328 2138 608 2209 ἐνεργοῦσι
641 2140 739 2202 τὰς
767 2140 960 2210 τέχνας
984 2156 997 2170 ’
1034 2138 1176 2192 οὕτω
1204 2141 1298 2193 καὶ
1335 2141 1384 2192 oi
1419 2140 1692 2194 σπουδαῖοι
1721 2140 1813 2194 καὶ
1843 2142 1901 2194 ὲν

332 2235 725 2302 πνευματικαῖς
786 2233 967 2304 χάρισι
1020 2231 1338 2302 βοηθέντες,
1392 2231 1520 2286 ἄνευ
1577 2234 1902 2306 ἐγκρατείας

327 2320 522 2375 οὔποτέ
552 2339 605 2375 τι
635 2322 742 2378 τῶν
772 2323 1062 2391 θαυμάτων
1096 2323 1184 2376 καὶ
1225 2321 1526 2393 τεραστίων
1556 2325 1897 2396 εἰργάσαντο.

329 2412 623 2485 Νηστεύων
682 2414 945 2476 Ἐλισαῖος
1001 2414 1189 2485 ἤγειρε
1232 2414 1424 2485 νεκρὸν
1470 2415 1563 2468 καὶ
1606 2414 1857 2485 ὲψύχωσε
1882 2433 1896 2448 ⁶

330 2498 608 2570 νηστεύων
648 2500 851 2569 Μωσῆς
887 2495 992 2552 εἶδε
1019 2499 1181 2553 Θεόν·
1220 2500 1494 2572 νηστεύων
1525 2502 1760 2573 Δανιὴλ,
1801 2507 1901 2575 τῆς

327 2592 581 2663 γοητείας
614 2593 707 2644 καὶ
748 2590 950 2661 πλάνης
977 2589 1086 2643 τῶν
1129 2591 1427 2663 Ἀσσυρίων
1460 2592 1730 2664 ἐκράτησε
1756 2611 1769 2625 ·
1806 2612 1900 2666 νη-

331 2682 539 2736 στεύων
579 2680 673 2737 καὶ
713 2682 741 2733 ό
773 2681 977 2750 Κύριος
1021 2680 1113 2734 τοῦ
1153 2681 1399 2735 διαϐόλου
1432 2682 1540 2736 τῶν
1581 2685 1900 2756 πειρασμῶν

325 2773 614 2843 ἠνέσχετοο
658 2769 1007 2842 νηστεύοντες
1053 2771 1148 2825 καὶ
1194 2770 1242 2826 οἱ
1273 2773 1581 2839 ἀπόστολοι,
1612 2776 1712 2839 τὰς
1759 2776 1898 2849 ὑπὲρ

324 2863 436 2918 τῶν
462 2863 765 2918 σπουδαίων
792 2862 1128 2935 πραγμάτων
1156 2863 1367 2935 δεήσεις
1394 2865 1611 2919 ἐτέλουν
1630 2882 1644 2896 ο
1680 2866 1902 2939 νηστείᾳ

1999 1777 2376 1842 temperantia.
2416 1785 2469 1831 et
2502 1791 2532 1830 e
2571 1775 2869 1843 contrario,
2891 1792 3052 1845 quam
3083 1791 3248 1843 grave
3276 1775 3474 1829 malmn
3508 1774 3579 1827 sit

1999 1860 2426 1932 intemperanter
2467 1880 2527 1921 se
2573 1866 2695 1920 cibo
2746 1877 2982 1935 potuque
3035 1865 3390 1935 ingurgitare.
3427 1862 3572 1930 Jeju-

2002 1953 2147 2007 nimu
2203 1965 2517 2009 sanctorum
2564 1956 2896 2011 collectanea
2956 1964 3068 2020 est;
3112 1954 3370 2023 jejunium
3402 1954 3580 2008 omnis

2002 2041 2124 2097 boni
2149 2046 2330 2115 operis
2355 2045 2590 2100 initium.
2636 2046 2702 2102 Et
2735 2046 3186 2116 quemadmodum
3218 2045 3439 2116 opiﬁces
3461 2046 3579 2099 sine

2002 2134 2379 2191 instrumentis
2430 2153 2534 2190 nun
2584 2147 2787 2207 agunt,
2820 2152 2939 2208 quae
2987 2136 3123 2191 artis
3155 2151 3262 2191 sum
3295 2144 3453 2199 sunt;
3505 2135 3577 2189 ita

2002 2226 2176 2281 seduli
2202 2238 2257 2282 et
2293 2228 2346 2282 in
2379 2230 2755 2298 spiritualibus
2796 2230 2990 2301 gratiis
3019 2230 3294 2294 celebrati,
3319 2230 3448 2284 nihil
3478 2230 3578 2283 ιιιί-

2008 2315 2319 2372 raculorum
2353 2334 2590 2388 unquam
2628 2320 2748 2376 sine
2798 2322 3152 2390 temperantia
3181 2328 3574 2391 perpetrat-unt.

2000 2407 2259 2477 Jejnnans
2306 2411 2515 2466 Eliseus
2562 2422 2835 2467 mortuum
2864 2415 3123 2469 excitavit
3158 2424 3213 2469 et
3246 2415 3470 2478 revixit;
3497 2413 3581 2482 jeo

1995 2499 2195 2571 junans
2226 2499 2436 2572 Moyses
2467 2501 2630 2556 Deum
2664 2502 2820 2558 vidit.
2858 2501 3117 2573 Jejunans
3152 2502 3361 2563 Daniel,
3388 2504 3578 2555 incan-

2004 2593 2239 2648 tationes
2283 2603 2338 2647 et
2383 2607 2601 2648 errores
2647 2593 2991 2663 Assyriorum
3049 2592 3293 2669 domuit:
3319 2590 3579 2658 Jejunans

2001 2685 2162 2739 etiam
2213 2684 2469 2740 Dominus
2517 2682 2714 2738 diaboli
2763 2684 3172 2754 impressionem
3223 2682 3575 2752 compescuit.

2002 2776 2248 2846 Apostoli
2279 2788 2495 2846 quoque
2526 2791 2613 2830 res
2646 2775 2818 2833 serias
2850 2789 3146 2845 precesque
3171 2790 3274 2829 non
3303 2774 3419 2829 sine
3445 2774 3578 2843 jeju-

2003 2862 2094 2917 nio
2140 2863 2512 2932 perliciehant.
2554 2862 2806 2919 Ninivitte
2851 2862 3324 2919 comminationem
3387 2860 3575 2917 mortis

326 2953 608 3010 Νινευῖται
628 2955 726 3025 τὴν
753 2954 979 3025 ἀπειλὴν
1001 2955 1256 3025 ἐνίκησαν
1287 2954 1379 3009 τοῦ
1408 2954 1638 3010 Θανάτου
1658 2970 1673 2986 ⁸
1705 2956 1799 3011 καὶ
1822 2957 1898 3022 ὼς

2006 2954 2202 3020 jejunio
2223 2954 2560 3024 cli'ugerunt;
2588 2967 2643 3009 et
2664 2963 2724 3009 ut
2746 2955 2985 3010 breviter
3017 2953 3199 3008 omnia
3230 2952 3575 3023 complectar,

327 3049 534 3105 ἐπίπαν
563 3050 754 3110 εἰπεῖν,
790 3046 929 3120 αὕτη
960 3046 1094 3118 πρὸς
1130 3046 1262 3100 Θεὸν
1303 3047 1651 3119 παράκλητος
1674 3066 1687 3079 ·
1721 3046 1900 3112 αἰδοῦς

2006 3046 2266 3113 jejunium
2304 3058 2388 3102 est
2422 3048 2643 3118 dignum
2676 3047 2833 3116 cujus
2856 3056 3111 3115 tanquam
3141 3044 3297 3115 legati
3326 3044 3461 3098 ratio
3482 3043 3579 3096 ha-

325 3139 483 3204 ἀξία,
518 3139 613 3197 καί⁵
656 3138 896 3210 πρέσϐυς
929 3138 1272 3203 ἀξιόπιστος,
1325 3138 1535 3209 ταχέως
1577 3138 1901 3194 δυσωποῦσα

331 3230 474 3300 ὅπερ
501 3224 576 3284 ὧν
614 3230 934 3301 προσαγάγῃ
963 3229 1040 3301 τῷ
1067 3230 1184 3300 Θεῷ
1209 3230 1308 3301 τὴν
1344 3230 1643 3303 ἱκετηρίαν.
1675 3231 1765 3285 Διὸ
1793 3233 1903 3297 πᾶς

323 3322 468 3392 ἀνὴρ
504 3320 749 3392 εὐσεϐὴς,
795 3323 887 3375 καὶ
930 3322 1076 3385 ὅστις
1105 3318 1347 3391 φιλόθεος
1382 3322 1582 3391 μᾶλλον
1615 3321 1649 3393 ἢ
1680 3322 1773 3377 καὶ
1815 3341 1903 3392 φι-

323 3411 576 3483 λήδονος,
623 3410 829 3486 χαίρων
889 3430 976 3483 μοι
1048 3413 1143 3467 καὶ
1185 3410 1585 3485 εὐθυμούμενος
1638 3414 1901 3487 πρόσελθε

323 3505 448 3567 ταῖς
476 3503 709 3574 ἡμέραις
737 3505 836 3575 τῆς
865 3505 1209 3576 ἐγκρατείας.
1236 3506 1424 3570 Οὐδεὶς
1447 3507 1556 3577 γὰρ
1584 3508 1903 3579 σκυθρωπα-

276 3648 283 3653 ,
327 3594 439 3667 ζων
469 3597 529 3648 ὲν
558 3596 701 3666 ἀρχῇ
741 3594 851 3649 τῶν
880 3594 1126 3664 ἀγώνων,
1162 3599 1405 3663 γενναῖος
1438 3598 1765 3668 ἀγωνιστής.
1810 3600 1901 3670 Μὴ

326 3685 483 3759 γίνου
513 3685 760 3752 στυγνὸς,
790 3684 865 3749 ὡς
901 3685 1116 3757 βρέφος,
1151 3685 1241 3738 ἐπὶ
1274 3686 1336 3739 τὸ
1359 3685 1720 3741 διδασκαλεῖον
1751 3687 1903 3741 ἑλκο-

330 3776 497 3849 μένου
522 3791 537 3804 ·
570 3776 645 3846 μὴ
673 3775 1052 3847 καταγόγγυξε
1092 3779 1191 3847 τῆς
1235 3776 1343 3829 τῶν
1393 3776 1617 3848 ἡμερῶν
1667 3776 1904 3847 καθαρό-

321 3882 515 3938 τητος·
551 3865 629 3938 μὴ
676 3866 828 3937 ζήτει
860 3870 959 3938 τῆς
1003 3866 1294 3937 ἑϐδομάδος
1335 3866 1396 3920 τὸ
1440 3867 1623 3932 τέλος,
1661 3867 1737 3930 ὡς
1769 3869 1905 3938 μετὰ

321 3957 575 4038 χειμῶνα
608 3958 823 4029 πικρὸν,
857 3957 1158 4026 παρουσίαν
1188 3957 1346 4029 ἔαρος
1367 3974 1380 3987 ·
1421 3960 1494 4030 μὴ
1525 3957 1780 4028 ὲπιθύμει
1811 3957 1904 4017 τοῦ

270 4054 279 4061 ⁵
324 4049 615 4111 Σαϐϐάτου
643 4048 729 4101 διὰ
761 4047 949 4120 μέθην,
989 4049 1064 4112 ὡς
1120 4050 1404 4113 Ἰουδαῖος·
1440 4049 1514 4121 μὴ
1561 4049 1781 4122 ἀρίθμει
1809 4051 1906 4115 τὰς

324 4142 543 4214 ἡμέρας
596 4142 693 4215 τῆς
744 4142 1228 4216 Τεσσαρακοστῆς,
1275 4140 1352 4206 ὡς
1408 4141 1578 4214 ἀργὸς
1637 4142 1905 4212 μισθωτὸς

324 4233 617 4303 ἀναμένων
652 4233 751 4302 τῆς
793 4231 1056 4303 ἐμμίσθου
1100 4232 1436 4305 προθεσμίας
1481 4232 1542 4285 τὸ
1594 4232 1779 4299 τέλος·
1832 4233 1905 4305 μὴ

2003 3138 2215 3203 bcatur,
2244 3148 2299 3191 et
2331 3153 2562 3207 quorum
2607 3139 2818 3193 ratione
2844 3140 2908 3192 ad
2940 3139 3106 3192 Deum
3155 3136 3421 3206 legatione
3465 3135 3579 3188 fitti-

2002 3229 2165 3299 gitur,
2201 3229 2546 3285 exaudiatur.
2572 3227 2836 3296 Quocirca
2858 3227 3107 3298 quisquis
3133 3235 3216 3281 est
3246 3227 3365 3296 pius
3390 3225 3577 3278 Deum-

2002 3336 2106 3389 que
2148 3319 2329 3376 colens
2374 3329 2428 3374 et
2484 3320 2656 3390 magis
2700 3334 2862 3388 quant
2904 3318 3203 3388 voluptates
3244 3329 3453 3378 amans,
3493 3315 3581 3369 ille

2003 3412 2254 3466 alacriter
2314 3411 2398 3467 his
2451 3411 2642 3467 diebus
2697 3412 3039 3467 abstinentia:
3082 3411 3148 3463 ad
3203 3423 3286 3462 me
3334 3407 3576 3468 accedat,

2008 3504 2185 3558 nullus
2242 3504 2420 3568 enim,
2468 3505 2560 3573 qui
2615 3504 2768 3558 initio
2809 3505 3167 3558 certaminum
3211 3499 3488 3553 vultuosus
3525 3509 3580 3552 et

2006 3596 2174 3650 tristis
2236 3605 2359 3660 est,
2419 3612 2714 3666 generosus
2772 3596 2974 3651 athleta
3033 3603 3138 3651 est.
3195 3592 3272 3647 Ne
3330 3589 3582 3646 el'iiciaris

2005 3698 2230 3742 maestus
2252 3728 2266 3751 ,
2303 3696 2559 3757 tanquam
2588 3687 2868 3755 puerulus,
2894 3686 2984 3755 qui
3020 3684 3280 3738 violenter
3308 3684 3373 3736 ad
3397 3680 3577 3735 ludum

2006 3778 2322 3833 litterarium
2362 3778 2639 3842 trahitur;
2694 3791 2762 3831 ne
2819 3790 3123 3829 murmures
3166 3775 3429 3826 adversus
3482 3772 3578 3825 bo-

2009 3885 2121 3921 rmn
2148 3869 2356 3921 dierum
2400 3867 2687 3936 puritatem
2715 3881 2731 3930 ;
2780 3880 2845 3918 ne
2869 3878 3079 3931 quaeras
3111 3863 3268 3914 linem
3296 3860 3398 3913 heh
3422 3864 3584 3911 loma-

2006 3959 2265 4022 da-,sicut
2288 3968 2405 4027 post
2442 3957 2818 4011 inclementem
2867 3955 3098 4008 hiemem
3150 3951 3412 4006 adventus
3438 3951 3580 4005 veris

2006 4052 2305 4121 expetitur;
2355 4066 2421 4104 ne
2465 4049 2739 4103 desideres
2783 4047 3075 4102 Sabbatnm
3123 4048 3192 4100 ob
3235 4044 3574 4104 ebrietatem,

2010 4152 2261 4209 tanquam
2301 4138 2548 4205 Judtcus;
2598 4154 2666 4193 ne
2720 4152 2972 4191 numeres
3008 4134 3436 4202 Quadragesimm
3466 4131 3582 4185 t'ies

2007 4231 2149 4285 velut
2173 4231 2394 4300 ignavus
2426 4229 2812 4293 mercenarius,
2838 4237 3160 4296 exspectans
3199 4225 3370 4277 donec
3400 4221 3581 4277 elabo-

326 4324 505 4378 λυποῦ
525 4365 540 4386 ,
578 4325 660 4377 ὅτι
690 4342 783 4377 σου
814 4325 922 4377 ἀπὸ
950 4323 1170 4396 πρώτης
1207 4323 1355 4397 ὥρας
1381 4326 1414 4396 ἡ
1446 4324 1592 4378 οἰκία
1619 4324 1681 4377 οὐ
1709 4323 1903 4403 καπνί-

2010 4322 2245 4392 turrjus,
2273 4322 2337 4374 de
2356 4338 2460 4389 quo
2489 4326 2813 4374 conventum
2844 4324 2949 4381 est,
2979 4326 3219 4382 tempus;
3247 4328 3311 4366 ne
3344 4311 3576 4381 angat-is,

331 4420 509 4483 ζεται.
540 4416 660 4470 οὑδὲ
688 4418 716 4469 ὁ
752 4417 1011 4489 μάγειρος
1035 4418 1232 4488 ἕστηκε
1272 4417 1407 4489 πρὸς
1436 4416 1497 4471 τδ
1530 4416 1659 4490 πῦρ.

401 4596 643 4667 Χάρισαί
683 4613 735 4649 τι
768 4596 861 4649 καὶ
890 4598 954 4666 τῇ
983 4593 1127 4666 ψυχῇ
1154 4634 1168 4657 ,
1215 4594 1290 4664 μὴ
1339 4594 1515 4648 πάντα
1560 4592 1637 4662 τῷ
1670 4592 1903 4662 σώματι.

330 4688 444 4763 Τὴν
486 4690 585 4759 μὲν
611 4688 644 4756 ἡ
675 4687 851 4758 ἀποχὴ
879 4685 987 4739 τῶν
1021 4685 1203 4739 σιτίων
1230 4685 1450 4755 τρέφει·
1482 4682 1543 4735 τὸ
1573 4681 1630 4734 δὲ
1665 4682 1697 4753 ἠ
1732 4681 1903 4753 ἐμιρὸ-

334 4797 513 4855 ρησις.
584 4777 722 4832 Ἀλλ’
760 4777 946 4848 ἐπειδὴ
988 4775 1057 4830 τὰ
1099 4776 1193 4829 δύο
1230 4774 1478 4845 ἀλλήλοις
1520 4770 1900 4835 συνέζευκται.

336 4871 432 4925 καὶ
462 4868 534 4922 τὰ
566 4867 701 4921 πολὺ
735 4866 1113 4937 κεχωρισμένα
1158 4865 1299 4918 κατὰ
1330 4864 1428 4935 τὴν
1470 4863 1651 4932 φύσιν,
1691 4866 1758 4935 τῇ
1809 4860 1903 4916 τοῦ

332 4960 679 5034 Δημιουργοῦ
715 4958 966 5029 συνεδέθη
1007 4957 1231 5030 προνοίᾳ
1263 4956 1357 5010 καὶ
1382 4955 1579 5028 τέχνῃ,
1611 4952 1908 5026 βουλευσώ-

335 5049 478 5120 μεθα
503 5051 654 5114 ὅπως
674 5049 741 5103 ἂν
768 5048 1053 5120 ἀμφότερα
1080 5048 1398 5116 διαγένοιτο,
1421 5046 1529 5099 τῶν
1556 5045 1906 5117 καταλλήλων

330 5142 565 5197 ἕκαστον
592 5140 792 5214 χρειῶν
834 5141 907 5212 μὴ
951 5139 1324 5211 στερούμενον.
1374 5133 1467 5191 Ἐκ
1510 5138 1617 5191 τῶν
1659 5137 1751 5191 δύο
1782 5155 1906 5191 συν-

333 5231 590 5302 έστηκας,
616 5230 891 5298 ἄνθρωπε,
922 5230 1015 5282 καὶ
1043 5227 1231 5283 σιωπῶ
1272 5229 1439 5290 τέως.
1475 5228 1554 5280 ὅτι
1595 5228 1727 5281 πολὺ
1773 5243 1904 5297 προ·

333 5322 676 5394 τιμότερονή
705 5319 883 5391 ψυχὴ,
914 5320 1009 5373 καὶ
1055 5320 1327 5391 προσῆκεν
1359 5319 1545 5392 ἐκείνῃ
1583 5319 1769 5389 νέμειν
1806 5318 1906 5387 τῆς

333 5411 545 5476 εὐνοίας
569 5412 631 5466 τὸ
660 5410 839 5464 πλέον.
871 5410 1098 5464 Δίκασον
1121 5411 1177 5465 δὲ
1207 5409 1555 5482 ἀμφοτέροις,
1588 5409 1662 5473 ὡς
1693 5408 1907 5479 λογικὸς

402 5612 453 5647 ⁸⁸
484 5613 503 5670 ι
530 5612 663 5683 Reg.
704 5628 812 5678 XIV,
843 5613 915 5667 εἰ
939 5628 1059 5682 sqq.

2005 4414 2050 4468 si
2081 4430 2107 4467 a
2147 4416 2315 4483 prima
2350 4412 2482 4467 liora
2510 4412 2701 4467 domus
2745 4426 2849 4464 non
2888 4407 3241 4478 perfundatur
3273 4404 3416 4457 [ιιιιιο
3440 4444 3454 4465 ,
3489 4420 3574 4453 nu-

2003 4521 2109 4577 que
2136 4521 2341 4573 coquus
2368 4515 2471 4559 Stet
2506 4504 2572 4558 ad
2608 4503 2807 4573 ignem.

2077 4596 2148 4649 Da
2177 4597 2338 4648 etiam
2369 4595 2569 4665 aliquid
2615 4595 2845 4659 animm,
2890 4608 2992 4646 non
3032 4589 3212 4644 omnia
3254 4586 3488 4655 corpori.
3516 4583 3580 4637 li-

2008 4685 2111 4739 Iam
2163 4689 2329 4739 nutrit
2375 4683 2700 4739 abstinentia
2724 4682 2792 4736 ab
2818 4679 3093 4734 alimentis
3121 4718 3135 4741 ,
3171 4691 3367 4745 corpus
3401 4678 3575 4726 autem

2014 4776 2240 4847 repletio
2270 4791 2363 4830 seu
2393 4775 2641 4845 ingestio.
2677 4773 2781 4828 Sed
2826 4788 2948 4829 cum
2981 4773 3085 4826 duo
3117 4771 3231 4825 hac
3267 4769 3374 4836 jam
3400 4773 3580 4818 mutuo

2010 4866 2120 4922 sint
2146 4866 2422 4934 cupulata,
2464 4867 2712 4937 quamvis
2743 4873 2933 4919 natura
2978 4862 3204 4916 Inuitum
3244 4856 3577 4919 dissidentia,

2004 4957 2314 5014 Conditoris
2370 4966 2546 5011 tamen
2610 4957 2951 5025 providentia
3008 4965 3063 5009 et
3121 4962 3239 5007 arte
3301 4963 3577 5010 connexa,

2004 5049 2273 5117 dispicere
2295 5058 2533 5117 Oportet,
2560 5050 2834 5115 quomodo
2861 5047 3075 5116 utrique
3104 5047 3299 5101 borum
3328 5041 3576 5107 satisﬁat,

2005 5142 2077 5196 ita
2104 5149 2160 5193 ut
2193 5149 2437 5193 neutrum
2472 5139 2650 5193 debito
2694 5138 2936 5193 subsidio
2975 5138 3229 5208 privetur.
3262 5136 3336 5189 Ex
3374 5133 3575 5188 duabus

2012 5232 2173 5286 rebus
2207 5239 2614 5299 magmeutatus
2651 5244 2747 5294 es,
2778 5246 2811 5285 ο
2842 5231 3022 5284 Ιιοιιιο.
3054 5228 3207 5282 Mitto
3236 5227 3436 5289 dicere,
3469 5225 3581 5279 ani-

2012 5339 2153 5377 mam
2219 5323 2386 5376 multo
2441 5322 2866 5391 praestantiorem
2901 5334 3055 5386 esse,
3101 5335 3165 5373 ac
3196 5318 3416 5388 proinde
3460 5316 3577 5387 plus

2012 5414 2400 5470 benevolentia:
2433 5413 2480 5469 ei
2518 5410 2724 5468 deberi.
2760 5409 2857 5467 .lus
2890 5412 2977 5467 dic
3009 5411 3279 5482 utrisque,
3322 5420 3573 5480 tauquam
