4024 6208
506 184 615 244 579

1792 191 1850 250 S.
1892 191 2169 251 ASTERII
2207 190 2512 251 AMASENI

3676 200 3787 258 580

500 302 735 361 rationis
780 305 1052 378 particeps
1085 315 1140 362 et
1172 321 1360 378 equus
1402 308 1594 378 index.
1648 310 1912 380 Exspecta
1960 324 2073 382 pau-

2188 309 2283 363 καὶ
2315 308 2633 381 εὐγνώμων.
2700 310 2961 383 Ἀνάσχου
2994 310 3050 364 δὲ
3101 312 3333 385 μικρὸν,
3366 311 3461 367 καί
3494 315 3557 366 si
3585 315 3786 388 βοολη-

501 394 669 466 lisper
693 437 710 464 ,
759 408 816 453 et
871 415 1000 470 ego,
1050 401 1094 456 si
1139 399 1323 467 lubet,
1355 417 1455 473 pro
1493 402 1677 459 anima
1702 412 1955 474 tanquam
1989 418 2088 473 pro

500 485 730 542 muliere
775 486 949 556 ﬁdeli,
995 503 1223 555 eorum,
1274 492 1327 545 in
1367 490 1564 563 quibus
1596 507 1657 548 se
1704 492 1903 564 injuria
1944 492 2087 548 afﬁci

501 579 699 635 merito
719 580 1093 650 conqueritur,
1140 582 1510 641 defensionem
1541 586 1845 643 instituam.
1890 585 2086 639 Anima

501 670 668 741 igitur
691 684 847 727 sacra
899 681 1013 736 est,
1058 686 1114 729 et
1141 690 1169 729 a
1214 679 1461 749 corporis
1495 680 1844 734 concretione
1893 678 2084 745 libera,

500 762 821 819 immortalis
869 775 926 821 et
974 767 1233 824 interitus
1296 772 1501 828 nescia.
1540 770 1729 842 Neque
1781 786 1903 826 eum
1941 780 2085 826 terra

494 863 552 906 et
578 856 961 924 terrestribus,
1019 861 1114 914 sed
1161 874 1283 916 eum
1319 860 1432 916 Deo
1474 861 1855 933 cognationem
1901 861 2083 916 habet.

493 939 629 999 Cum
653 960 784 1002 vero
816 958 949 1017 pnra
982 951 1087 1017 sit,
1139 954 1291 1022 puris
1313 953 1632 1020 delectatur,
1671 962 1728 1009 et
1771 964 1896 1007 cum
1934 950 2087 1022 origo

492 1034 613 1103 ejus
639 1040 869 1093 materia
898 1052 1117 1109 careat,
1157 1043 1288 1116 fugit
1311 1058 1531 1116 quoque
1577 1058 1665 1101 res
1715 1045 1956 1100 materia:
1986 1045 2087 1099 im-

496 1142 731 1184 mersas.
765 1127 1034 1188 Caeterum
1084 1145 1372 1206 postquam
1398 1152 1429 1193 ιι
1455 1136 1568 1193 Deo
1607 1146 1871 1193 statutum
1894 1146 1998 1204 est.
2029 1145 2087 1193 αι

493 1218 775 1273 vasculum
820 1233 885 1277 ex
938 1230 1083 1278 terra
1111 1223 1405 1281 formatum
1447 1227 1701 1284 informet
1723 1240 1884 1299 atque
1912 1226 2088 1283 admi-

497 1307 717 1376 nistret,
759 1311 897 1382 ipsa,
932 1325 991 1370 ut
1016 1317 1324 1389 obsequens
1352 1320 1553 1377 famula
1579 1361 1593 1386 ,
1619 1321 1731 1375 luto
1774 1320 1999 1386 assidet,
2032 1328 2088 1375 et

492 1403 754 1460 excubias
787 1406 918 1477 agit,
952 1412 1124 1467 donec
1170 1413 1484 1468 mandatum
1517 1413 1791 1487 accipiat,
1826 1413 1969 1485 quod
2001 1422 2089 1467 se-

492 1495 832 1563 parationem
868 1500 1138 1570 impetret.
1174 1502 1310 1559 Huic
1346 1505 1531 1577 igitur,
1572 1520 1696 1577 qua:
1722 1518 1921 1576 corpus
1957 1503 2087 1558 vivi-

494 1583 640 1648 ticat,
676 1585 903 1651 prodest
923 1603 952 1641 a
975 1589 1112 1645 cibis
1143 1592 1476 1650 abstinentia
1497 1636 1513 1662 ,
1544 1604 1765 1651 terreno
1791 1606 1971 1651 autem
2004 1594 2087 1647 in-

2190 400 2290 471 θῇς
2312 441 2328 465 ,
2371 398 2483 468 ἐγὼ
2520 400 2610 453 τὸν
2645 401 2786 473 ὑπὲρ
2815 401 2917 472 τῆς
2949 401 3127 472 ψυχῆς
3152 402 3313 471 λόγον
3344 403 3646 475 ποιήσομαι
3665 446 3680 465 ,
3707 407 3783 471 ὡς

2188 491 2412 559 γυναικὶ
2455 492 2790 565 πιστευσάσῃ
2843 494 3192 564 συνηγορίαν,
3227 496 3313 565 ἐφ’
3344 489 3428 558 οἷς
3481 495 3782 552 ἀδικεῖσθαι

2188 581 2337 651 λέγει
2383 584 2472 636 καὶ
2527 582 2975 656 καθυϐρίζεσθαι.
3029 584 3176 658 Αὕτη
3241 586 3424 640 τοίνυν
3465 587 3615 641 ἐστὶν
3664 591 3787 661 ἱερὰ

2189 674 2286 729 καὶ
2308 672 2621 745 ἀσώματος,
2644 675 2910 741 ἀθάνατος
2935 676 3030 730 καὶ
3049 676 3378 750 ἀνώλεθρος
3399 677 3461 732 ού
3489 679 3628 751 πρὸς
3655 681 3782 749 γῆν,

2189 766 2284 817 καὶ
2309 766 2378 820 τὰ
2405 767 2554 837 τῇδε,
2590 767 2728 823 ἀλλά
2759 768 2897 841 πρὸς
2920 769 3053 823 Θεὸν
3079 769 3280 841 ἔχουσα
3303 769 3405 841 τὴν
3432 768 3780 840 συγγένειαν.

2188 857 2421 932 Καθαρά
2465 860 2523 914 δὲ
2564 856 2700 916 οὖσα
2747 862 2930 936 χαίρει
2976 865 3090 928 τοῖς
3136 862 3434 939 καθαροῖς,
3482 865 3578 920 καὶ
3619 864 3784 921 ἄῦλον

2187 949 2387 1022 ἔχουσα
2413 952 2513 1025 τὴν
2561 953 2797 1023 γένεσιν,
2829 954 3020 1025 φεύγει
3062 952 3163 1020 τὰς
3206 956 3359 1022 ὔλας.
3409 957 3558 1030 Πλὴν
3591 956 3783 1029 ἐπειδὴ

2188 1044 2537 1115 προσετάχθη
2562 1044 2625 1098 τὸ
2664 1047 2729 1099 ὲκ
2773 1047 2876 1118 γῆς
2906 1046 3195 1118 μορφωθὲν
3229 1046 3422 1113 σκεῦος
3449 1052 3782 1121 οἰκονομεῖν,

2186 1133 2263 1197 ὡς
2310 1134 2571 1208 εὐπειθὴς
2606 1135 2705 1190 τοῦ
2742 1136 3009 1193 δεσπότου
3053 1139 3215 1212 δούλη
3270 1139 3350 1212 τῷ
3404 1141 3562 1213 πηλῷ
3604 1154 3781 1214 προσ-

2186 1223 2397 1298 εδρεύει
2428 1226 2524 1281 καὶ⁸
2574 1228 2675 1300 τῆς
2706 1228 2952 1301 φυλακῆς
2984 1229 3188 1301 ἔχεται,
3236 1232 3332 1287 καὶ
3365 1233 3463 1304 τῆς
3509 1232 3598 1287 ἐπ’
3629 1235 3787 1307 αὖτῷ

2187 1317 2465 1390 προνοίας,
2501 1319 2696 1392 μέχρις
2726 1320 2795 1375 ἂν
2838 1320 2968 1394 ἔλθῃ
3003 1322 3334 1396 πρόσταγμα
3379 1324 3469 1379 τὸν
3497 1328 3785 1401 χωρισμὸν

2174 1410 2501 1481 ιὲπιτρέπον.
2536 1408 2753 1484 Ταύτην
2786 1412 2886 1484 μὲν
2912 1410 3008 1469 οῦν
3039 1415 3140 1489 τὴν
3186 1417 3249 1472 τὸ
3282 1417 3442 1491 σῶμα
3481 1418 3785 1485 (maneto-3-

2190 1517 2289 1554 σαν
2318 1501 2558 1574 ὀνίνησιν
2586 1505 2619 1575 ἡ
2655 1503 2836 1577 ἀποχὴ
2888 1505 2998 1562 τῶν
3043 1506 3371 1582 βρωμάτων,
3401 1510 3481 1583 τῷ
3508 1511 3688 1591 γηίνῳ
3720 1512 3783 1567 δὲ

2186 1592 2405 1666 ὀργάνῳ
2435 1597 2469 1666 ἡ
2513 1594 2627 1650 τῶν
2661 1597 2848 1651 σιτίων
2874 1596 3177 1664 ἀπόλαυσις
3200 1639 3216 1665 ,
3268 1601 3565 1671 ἀναγκαία.
3607 1603 3785 1657 υύδὲν

490 1684 797 1732 stramento
844 1678 1087 1738 alimenti
1145 1687 1424 1755 perceptio
1468 1689 1776 1745 necessaria
1815 1699 1921 1744 est.
1956 1686 2073 1745 Non

2177 1684 2333 1759 ζητεί
2363 1688 2544 1755 πλέον,
2583 1688 2660 1753 ὡς
2684 1691 2971 1760 κρείττων.
3013 1692 3253 1765 Μέρισόν
3286 1667 3417 1766 μοι’,
3471 1694 3642 1767 φησι,
3677 1697 3779 1751 τοῦ

492 1764 644 1833 plura
670 1771 865 1838 quarrit
890 1782 1145 1846 tanquam
1175 1779 1548 1836 excellentior.
1573 1779 1796 1853 Largire
1813 1781 1947 1836 mihi
1974 1783 2075 1837 hoc

493 1867 704 1929 tempus
741 1864 900 1929 anni,
947 1867 1014 1922 da
1053 1880 1148 1924 sex
1174 1884 1391 1927 menses
1419 1872 1511 1937 ei,
1542 1873 1688 1944 quod
1717 1871 2073 1944 gubernatur,

489 1945 730 2017 reliquos
778 1954 1167 2021 gubernatrici.
1217 1957 1369 2015 Justa
1413 1963 1647 2032 petitio;
1701 1976 1878 2035 neque
1932 1964 2081 2035 quis-

487 2050 663 2109 quam
707 2042 846 2098 adeo
888 2048 1137 2117 corporis
1158 2064 1349 2108 amans
1394 2061 1450 2109 et
1490 2054 1544 2110 in
1584 2052 1808 2110 alteram
1864 2066 2073 2126 partem

486 2143 721 2200 vergens
738 2133 906 2203 judex
933 2139 1061 2207 erit,
1091 2143 1182 2211 qui
1214 2142 1374 2203 dictis
1411 2160 1519 2204 non
1546 2145 1892 2221 sull'ragetur.

558 2222 672 2294 Ego
714 2241 842 2285 vero
883 2232 1051 2287 etiam
1097 2235 1390 2307 hyperbole
1421 2256 1552 2297 usus
1593 2250 1647 2298 et
1680 2243 1872 2314 aequali
1912 2246 2076 2317 parti-

488 2313 635 2372 tione
689 2333 801 2375 non
856 2333 1184 2392 contentus,
1241 2328 1597 2388 imbecillitati
1649 2313 2074 2406 corporis-cen-

484 2405 830 2466 descendam.
869 2411 1079 2471 Habeat
1118 2416 1285 2488 igitur
1310 2433 1510 2491 corpus
1557 2405 1758 2480 decem
1784 2440 2000 2484 menses
2018 2435 2072 2484 et

483 2497 647 2591 paulo
672 2499 811 2591 plus.
859 2501 1140 2564 Coneedat
1182 2510 1315 2565 milii
1357 2513 1842 2587 Quadragesimam
1872 2527 1928 2575 et
1949 2521 2073 2591 quid

484 2587 607 2643 dent
653 2590 884 2660 solidam
914 2635 930 2663 ,
972 2606 1031 2652 ut
1070 2602 1347 2675 paulisper
1386 2619 1454 2661 ex
1510 2620 1670 2664 emno
1700 2608 1920 2677 liberer,
1953 2587 2071 2670 l—uto

483 2694 582 2748 per
619 2678 1029 2753 temperantiam
1072 2691 1415 2763 refrigerato.
1459 2696 1621 2764 Hinc,
1675 2715 1710 2755 ο
1747 2700 2066 2772 Christiani,

480 2771 627 2864 justa
654 2777 926 2844 postulata
967 2790 1091 2835 sunt
1111 2822 1127 2848 ,
1154 2785 1271 2840 sive
1301 2784 1465 2843 homo
1488 2831 1504 2856 ,
1535 2792 1651 2847 sive
1678 2792 1816 2849 Deus
1844 2771 2065 2864 iudicet.

485 2859 554 2914 Et
605 2871 695 2929 tu,
735 2867 825 2934 qui
879 2866 1044 2935 index
1091 2880 1185 2936 es,
1229 2873 1285 2927 in
1322 2882 1561 2946 tempore
1596 2880 1741 2934 enim
1778 2859 2064 2952 advenisti,

483 2950 784 3023 astipulare
812 2957 1007 3015 animae
1036 2970 1225 3019 contra
1270 2979 1466 3035 corpus
1497 2968 1839 3039 disceptanti.
1873 2950 2063 3045 igitur,

2176 1777 2424 1832 ἐνιαυτοῦ
2451 1779 2543 1833 τὸν
2566 1780 2780 1853 χρόνον.
2811 1782 2901 1847 δὺς
2930 1784 3059 1849 τοὺς
3089 1783 3148 1852 ἒξ
3184 1785 3361 1857 μῆνας
3384 1786 3462 1858 τῷ
3493 1788 3780 1859 κυϐερνω-

2178 1868 2348 1942 μένῳ,
2382 1871 2479 1925 καὶ
2499 1873 2632 1937 τοὺς
2652 1871 3008 1945 λειπομένους
3038 1875 3117 1947 τῷ
3148 1875 3477 1951 κυϐερνήτῃ.
3507 1879 3711 1934 Δικαία
3740 1882 3778 1952 ἡ

2174 1957 2392 2032 αἴτησις
2418 1977 2433 1992 ·
2464 1961 2560 2016 καὶ
2585 1963 2766 2028 οὐδεὶς
2803 1964 2946 2018 οὕτω
2978 1963 3360 2038 φιλοσώματος
3392 1969 3776 2042 ἑτερορρεπὴς

2173 2052 2458 2128 δικαστὴς,
2484 2053 2562 2121 ώς
2597 2056 2673 2129 μὴ
2704 2058 2820 2123 τοῖς
2851 2057 3168 2131 λεγομένοις
3198 2059 3550 2133 ἐπιψηφίσαι.

2257 2230 2399 2302 Ἐγὼ
2416 2231 2473 2287 δὲ
2505 2233 2600 2289 καὶ
2627 2234 2937 2308 ὑπερϐολὴν
2967 2238 3305 2311 ποιήσομαι,
3338 2241 3440 2295 οὐκ
3466 2240 3771 2314 ἀντέχομαι

2171 2322 2272 2395 τῆς
2309 2324 2634 2397 ἰσομοιρίας.
2670 2326 3097 2397 Συγκαταόαίνω
3146 2331 3214 2402 τῇ
3250 2330 3504 2405 ἀσθενείᾳ.
3529 2333 3627 2387 τοῦ
3656 2335 3768 2388 σώ-

2177 2422 2360 2485 ματος.
2408 2414 2636 2488 Ἀφίημι
2686 2417 2814 2482 τοὺς
2853 2418 2987 2473 δέκα
3029 2420 3206 2492 μῆνας
3247 2421 3326 2493 τῷ
3366 2422 3618 2494 σώματι,
3669 2427 3771 2480 καὶ

2175 2507 2370 2580 μικρόν
2396 2524 2471 2563 τι.
2513 2508 2979 2581 Προσχαρισάσθω
3022 2512 3478 2586 Τεσσαρακοστὴν
3532 2518 3765 2590 ἀνύϐρι-

2173 2613 2318 2664 στον,
2359 2598 2446 2654 ἵνα
2475 2600 2668 2672 μικρὸν
2695 2600 2995 2671 ἀπαλλαγῶ
3020 2602 3113 2657 τοῦ
3144 2603 3427 2677 βορϐόρου,
3463 2606 3560 2661 τοῦ
3586 2610 3767 2680 πηλοῦ

2169 2694 2237 2763 τῇ
2269 2690 2563 2764 ἐγκρατείᾳ
2587 2692 2872 2762 ψυγέντος.
2904 2695 3111 2765 Ταῦτα,
3136 2689 3182 2750 ὦ
3208 2699 3547 2770 Χριστιανοὶ,
3574 2701 3770 2756 δίκαιά

2169 2797 2229 2837 τε
2279 2785 2373 2837 καὶ
2421 2784 2811 2858 ἀναντίρῤητα.
2861 2786 2963 2841 κᾶν
3005 2788 3139 2854 Θεὸς
3163 2788 3389 2864 δικάζῃ,
3420 2791 3525 2845 κᾶν
3552 2791 3769 2866 ἄνθρω-

2171 2892 2289 2940 πος.
2337 2877 2448 2931 Καὶ
2494 2878 2558 2932 σὺ
2601 2877 2658 2931 δέ
2705 2896 2831 2950 μοι,
2873 2881 2902 2933 ό
2939 2878 3232 2954 δικαστὴς,
3296 2884 3632 2956 ὲπιψήφισον
3666 2886 3767 2955 (ἐν

2171 2965 2348 3039 καιρῷ
2394 2965 2503 3039 γάρ
2573 2967 2901 3040 παρεγένου)
2969 2970 3395 3045 ἀμφισϐητούσῃ
3467 2977 3534 3046 τῇ
3613 2974 3768 3048 ψυχῇ

481 3059 516 3099 o
560 3045 870 3108 Christiane
892 3092 908 3119 ,
940 3053 1279 3138 Voluptatum
1322 3058 1608 3118 illecebras
1630 3104 1646 3130 ,
1697 3080 1794 3121 ceu
1825 3024 2067 3137 jn:eniie

2177 3024 2610 3131 πρδςΙτδσώμα.
2646 3024 2836 3113 ’ίΑνελε
2867 3024 3643 3136 τοίνυνῑμοιίόκρῐστι-ανὸςῖ

482 3137 761 3205 quiddam,
805 3134 1035 3199 trueidal
1066 3142 1160 3202 Vir
1200 3163 1290 3220 es,
1321 3164 1390 3206 ne
1421 3154 1602 3224 sapias
1625 3166 1746 3225 qua:
1779 3134 2065 3228 puerorum

483 3237 631 3295 sunt,
664 3231 756 3300 qui
781 3233 885 3288 nisi
920 3236 1024 3290 mel
1050 3238 1343 3310 accipiant,
1374 3242 1773 3316 laerymantur;
1815 3248 1921 3303 nisi
1954 3264 2069 3305 car-

485 3334 610 3375 nem
660 3330 717 3376 et
750 3324 933 3380 vinum
974 3329 1312 3398 praebueris,
1370 3337 1722 3394 cuncidentes
1782 3341 2067 3410 palpitant,

482 3411 629 3467 velut
654 3416 891 3471 animam
923 3420 1255 3478 exhalaturi.
1284 3423 1352 3480 Et
1380 3439 1586 3496 quanto
1629 3432 1803 3501 magis
1830 3435 2068 3504 plorant,

482 3518 550 3558 eo
579 3505 784 3576 majore
809 3510 968 3565 nedio
993 3524 1183 3569 omnes
1217 3514 1488 3574 alliciunt.
1519 3519 1814 3591 Erubesce,
1857 3530 2072 3596 quando

483 3595 698 3653 intueor
736 3604 1010 3660 voracium
1050 3609 1511 3679 mmstitudinem,
1566 3617 1621 3671 et
1675 3620 1946 3685 quomodo
1991 3621 2074 3676 in-

485 3689 621 3744 tuitu
656 3690 995 3751 abstinentia:
1033 3695 1267 3769 ejnlent;
1312 3704 1550 3760 osc‘itant
1602 3716 1894 3778 perpetuo;
1943 3725 2074 3781 pau-

482 3776 648 3834 Iulum
699 3782 1067 3853 decumbunt;
1117 3800 1462 3861 exsurgunt.
1510 3802 1567 3850 et
1616 3776 1805 3854 rursus
1835 3776 2075 3859 dormire

480 3883 777 3945 coguntur;
816 3877 960 3934 diem
992 3880 1113 3936 sine
1151 3897 1313 3939 sensu
1350 3885 1653 3957 transigere
1677 3891 1927 3962 student;
1957 3909 2076 3964 grao

479 3976 695 4034 vantnr,
719 3970 834 4026 sole
868 3974 1075 4030 tardius
1095 3977 1165 4032 ad
1194 3992 1447 4036 occasum
1474 3985 1760 4055 tendente;
1786 3987 1900 4043 dies
1916 3988 2075 4045 solito

478 4056 754 4130 longiores
793 4065 1143 4134 appellitant;
1168 4068 1390 4142 insuper
1429 4074 1692 4133 stomachi
1734 4079 1950 4138 dolores
1973 4085 2075 4137 llu-

481 4163 634 4220 gunt,
674 4152 962 4220 spirituum
1004 4157 1391 4230 intensionem,
1422 4168 1770 4236 gravedinem
1797 4171 1989 4241 capitis
2021 4181 2077 4229 et

479 4242 637 4297 bona!
661 4247 1065 4304 constitutionis
1088 4256 1453 4310 eversionem.
1500 4241 1664 4328 Atqui
1707 4261 1820 4317 haec
1852 4264 2073 4320 satieta-

2170 3147 2531 3222 ἡδυπάθειαν,
2573 3151 2649 3216 ώς
2685 3152 3045 3225 μειρακιώδη.
3108 3154 3274 3227 Ἀνὴρ
3308 3150 3395 3223 εί,
3451 3157 3526 3230 μὴ
3575 3159 3770 3230 φρόνει.

2169 3241 2240 3295 τὰ
2268 3240 2376 3296 τῶν
2406 3242 2637 3313 νηπίων.
2683 3243 2900 3297 Ἐκεῖνα
2930 3243 2996 3297 ἂν
3021 3243 3096 3316 μὴ
3122 3245 3264 3320 λάϐῃ
3290 3246 3523 3319 μέλιτος,
3553 3248 3766 3322 θρηνεῖ·

2172 3334 2239 3388 ἂν
2274 3334 2350 3406 μὴ
2374 3331 2469 3388 τοῦ
2497 3334 2694 3406 κρέους
2716 3334 2910 3407 ὀρέξῃς
2940 3336 2973 3407 ἢ
2998 3335 3090 3389 τοῦ
3117 3337 3285 3403 οἴνου,
3324 3339 3593 3396 πίπτοντα
3622 3344 3766 3396 ἀπο-

2173 3426 2430 3498 σπαίρει,
2483 3425 2770 3480 ἀποκναίει
2822 3426 2881 3481 δὲ
2935 3427 3143 3493 πάντας
3198 3430 3290 3483 ἐπὶ
3332 3431 3585 3487 πλεῖστον
3638 3436 3774 3489 ὅσον

2172 3513 2709 3588 κλαυθμυριζόμενα.
2747 3514 3020 3589 Ἐρυθριῶ
3041 3516 3179 3590 πρὸς
3208 3520 3307 3591 τὴν
3332 3523 3634 3593 κατήφειαν
3655 3525 3774 3579 τ’ὦν

2172 3607 2625 3680 γαστριμάργων,
2646 3610 2795 3673 ὅπως
2817 3608 3104 3664 σπενδοῦσι
3120 3611 3256 3682 πρὸς
3280 3612 3378 3684 τὴν
3395 3615 3625 3668 ἀσιτίαν.
3654 3618 3771 3670 Χα-
3803 3628 3811 3635 ‘

2176 3700 2422 3772 σμῶνται
2468 3700 2729 3774 συνεχῶς,
2755 3702 3167 3757 κατακλίνονται
3201 3706 3396 3777 μικρόν
3419 3723 3432 3737 ·
3463 3706 3775 3764 διανίσταν-

2173 3786 2265 3847 ται
2281 3837 2296 3863 ,
2320 3794 2856 3851 πάλιν-καθεύδουσιν
2875 3798 3304 3869 ἠναγκασμένοι.
3333 3799 3420 3854 Ἐν
3442 3798 3776 3876 ἀναισθησίᾳ.

2177 3886 2534 3952 σπουδάζουσι
2557 3888 2657 3953 τὰς
2688 3888 2902 3961 ἡμέρας
2929 3888 3215 3957 διατελεῖν,
3249 3890 3502 3964 ἄχθονται
3529 3896 3607 3966 τῷ
3630 3897 3774 3967 ἡλίῳ

2176 3980 2314 4053 πρὸς
2345 3980 2444 4053 τὴν
2472 3982 2623 4038 δύσιν
2647 3981 2984 4054 βραδύνοντι.
3017 3983 3382 4060 Μακροτέρας
3419 3987 3519 4052 τὰς
3549 3989 3769 4060 ἡμέρας

2175 4074 2276 4148 τῆς
2309 4075 2596 4149 συνηθείας
2641 4078 3130 4151 προσαγορεύουσι.
3180 4080 3518 4136 Πλάσσονται
3552 4082 3610 4137 δὲ
3653 4083 3771 4137 λοι-

2178 4167 2278 4220 πὸν
2305 4167 2590 4240 στομάχων
2619 4168 2937 4240 ἀλγηδόνας.
2969 4169 3066 4223 καὶ
3118 4171 3443 4243 πνευμάτων
3481 4177 3726 4239 ὲντάσεις
3749 4216 3767 4239 ,

2178 4259 2272 4314 καὶ
2306 4257 2592 4331 βάρηθτῆς
2625 4261 2865 4332 κεφαλῆς
2886 4301 2900 4325 ,
2936 4264 3033 4317 καὶ
3062 4264 3376 4336 ἀνατροπὴν
3412 4264 3513 4335 τῆς
3561 4265 3729 4331 ἕξεως
3750 4308 3765 4332 ,

481 4333 569 4401 tis,
605 4349 710 4390 non
739 4335 933 4406 jejunii
958 4338 1153 4397 indicia
1196 4355 1341 4399 sunt.
1375 4345 1679 4406 Fastidiose
1717 4351 1785 4406 ad
1816 4367 2060 4409 seteram

2178 4351 2437 4421 Καίτοιγε
2470 4350 2681 4418 ταῦτα,
2727 4354 2826 4425 τῆς
2870 4333 3395 4428 -πλησμονῆςνείσιν,
3440 4333 3504 4410 ού
3547 4359 3645 4430 τῆς
3676 4377 3765 4439 γη.

481 4440 722 4483 mensam
750 4433 1035 4502 accedunt,
1073 4445 1417 4494 murmurant
1449 4449 1642 4498 contra
1663 4443 1832 4501 olera.
1862 4446 2059 4504 Convi-

479 4517 564 4573 cia
602 4516 812 4587 jaciunt
865 4522 939 4577 in-
962 4524 1233 4596 legumina
1257 4570 1273 4594 ,
1302 4530 1458 4600 quasi
1489 4533 1692 4599 (rustra
1734 4544 1915 4594 creata
1950 4539 2060 4593 lue-

479 4609 615 4677 rint;
646 4627 771 4666 nam
813 4614 1148 4685 voluptatum
1173 4629 1445 4678 amatores
1474 4624 1637 4680 etiam
1676 4626 2059 4703 phil050pban-

478 4707 567 4754 tur
588 4711 779 4758 contra
811 4704 1012 4775 edulia,
1038 4720 1159 4779 qua:
1188 4715 1543 4785 temperantia
1566 4718 1809 4788 apponit.

550 4876 672 4938 Uno
695 4882 937 4942 anhelitu
964 4898 1162 4959 aquam
1187 4894 1504 4963 extrahunt,
1532 4895 1687 4966 quasi
1708 4909 2062 4971 essetantara

477 4988 507 5026 a
534 4974 760 5032 medicis
804 4979 1031 5049 prtebita
1074 4982 1242 5052 potio.
1292 4978 1447 5041 Multi
1482 4987 1648 5043 etiam
1679 4991 1860 5045 vinum
1907 4990 2058 5063 inge-

479 5064 630 5121 niose
662 5066 965 5137 imitantur,
997 5087 1260 5145 suamque
1298 5076 1651 5147 cupiditatem
1702 5079 1924 5137 laetitiis
1945 5082 2060 5152 qni-

476 5444 586 5501 que
645 5434 908 5505 arbitror;
951 5456 1073 5497 nam
1100 5442 1367 5514 jejunium
1412 5448 1732 5508 voluntarie
1773 5462 1827 5509 et
1874 5453 2054 5511 liberm

478 5525 676 5579 ruentis
716 5542 1093 5600 argumentum
1120 5548 1226 5605 est,
1264 5555 1369 5595 non
1395 5541 1610 5598 servilis
1631 5543 1876 5614 quaedam
1919 5545 2054 5601 sini-

474 5615 730 5686 steritas,
773 5634 895 5689 quae
929 5625 1072 5691 quod
1099 5625 1407 5685 faciendum
1436 5640 1549 5698 est,
1590 5647 1696 5690 non
1726 5634 1854 5693 facit
1881 5643 1941 5693 ut
1968 5637 2056 5694 de-

2166 4443 2348 4508 στείας
2376 4443 2759 4516 γνωρίσματα.
2807 4442 3011 4515 Ἀηδῶς
3037 4447 3130 4500 ἐπὶ
3154 4447 3255 4520 τὴν
3283 4448 3488 4520 σεμνὴν
3513 4447 3767 4520 ἔρχονται

2162 4533 2464 4609 τράπεζαν,
2492 4535 2971 4606 καταγογγύζουσι
3005 4537 3114 4591 τῶν
3144 4538 3416 4611 λαχάνων,
3453 4539 3769 4612 λοιδοροῦσι

2160 4625 2231 4681 τὰ
2261 4626 2467 4701 όσπρια
2515 4626 2592 4692 ώς
2629 4627 2807 4701 μάτην
2843 4630 3245 4702 ἐπεισαχθέντα
3292 4633 3362 4703 τῇ
3412 4631 3589 4685 κτίσει
3614 4648 3628 4661 ·
3671 4634 3765 4701 γί-

2161 4736 2341 4775 νονται
2393 4720 2500 4793 γὰρ
2551 4721 2647 4774 καὶ
2701 4722 3013 4792 φυσιολόγοι
3049 4723 3099 4777 oi
3144 4721 3419 4795 φιλήδονοι
3466 4722 3608 4778 κατὰ
3649 4724 3765 4780 τῶν

2163 4810 2312 4883 ὄψων
2341 4813 2440 4884 τῆς
2473 4812 2824 4885 ἐγκρατείας.
3244 4866 3247 4869 .

2244 4905 2530 4958 Ἀπνευστὶ
2575 4906 2635 4959 τὸ
2671 4902 2817 4979 ὕδωρ
2852 4906 3125 4973 ἕλκουσιν,
3154 4908 3231 4974 ώς
3263 4909 3427 4981 ἀηδὲς
3467 4911 3763 4983 φάρμακον

2161 4997 2316 5070 παρὰ
2330 4996 2806 5071 ίατρῶνλαϐὀντες
2832 5004 2997 5055 πιεῖν.
3012 5002 3077 5055 Οἱ
3098 5001 3283 5056 πολλοὶ
3302 5003 3360 5057 δὲ
3387 5004 3481 5057 καὶ
3500 5004 3592 5057 τὸν
3615 5000 3757 5058 οἶνον

2162 5089 2496 5160 σοφίζονται,
2520 5090 2696 5158 νόθοις
2716 5096 3084 5159 κατασκευαῖς
3106 5097 3207 5167 τὴν
3236 5095 3551 5167 φιληδονίαν
3579 5114 3758 5169 παρα-

2165 5181 2335 5253 μυθού
2343 5200 2515 5253 μενοι.
2548 5184 2656 5237 Καὶ
2683 5183 2833 5238 ἄλλοι
2852 5186 3140 5259 τοιγαροῦν
3160 5186 3262 5259 τὴν
3284 5187 3477 5259 χρείαν
3504 5187 3757 5260 λαχάνοις

2161 5274 2567 5349 ἐπιτηδεύουσι,
2591 5277 2686 5333 καλ⁸
2717 5276 2953 5332 ποικίλοι
2973 5280 3215 5349 γίνονται
3250 5279 3355 5351 τῆς
3388 5281 3756 5347 ’ἀπολαύσεως

2038 5392 2057 5403 ·
2162 5368 2435 5439 σοφισταί.
2464 5365 2637 5423 Τοῦτο
2655 5369 2774 5423 λίαν
2799 5369 2993 5441 εὔηθες
3017 5371 3113 5425 καὶ¹
3134 5373 3380 5444 ἀνόητον.
3427 5374 3753 5447 Ἐγκράτεια

2158 5455 2503 5524 αύτεξουσίου
2525 5459 2619 5513 καὶ
2630 5458 2916 5530 ἐλευθέρου
2941 5464 3293 5535 φρονήματός
3309 5465 3426 5519 ἐστι
3443 5466 3744 5539 γνώρισμα,

2161 5549 2222 5603 ού
2252 5548 2607 5624 δουλότροπος
2640 5552 2912 5624 σκαιωρία
2950 5550 3192 5626 ζητοῦσα
3216 5557 3278 5611 τὸ
3307 5560 3671 5632 προκείμενον
3690 5561 3747 5614 ού

2162 5640 2343 5708 καθὼς
2390 5643 2669 5716 προσῆκεν
2712 5641 3110 5719 ἐξεργάσασθαι
3136 5689 3151 5713 ,
3197 5649 3331 5706 ἀλλὰ
3370 5651 3755 5728 δουλοπρεπῶί
