4060 6210
469 214 575 271 583

1743 210 1801 266 S.
1842 205 2117 264 ASTERII
2159 204 2463 261 AMASENI

3602 174 3721 261 ’σειν

476 329 827 398 contpfectar,
877 328 1148 400 fugiamus
1183 344 1279 399 pro
1322 327 1528 382 viribus
1570 326 1751 380 luxum
1799 336 1852 379 et
1897 326 2046 378 voln-

2155 320 2465 390 φιληδονίαν
2503 320 2583 383 είς
2627 317 2889 389 δύναμιν·
2941 318 3220 391 ἀμήχανον
3267 316 3375 389 γὰρ
3416 316 3507 371 τδν
3557 317 3721 374 αὑτὸν

473 435 680 492 ptatum
709 422 1086 475 illectamenta.
1117 417 1259 473 Fieri
1293 420 1434 472 enim
1468 434 1572 472 non
1605 426 1795 486 potest,
1825 427 1881 469 ut
1902 416 2040 469 idem

474 515 542 565 sit
572 521 623 563 et
655 511 981 579 voluptatum
1031 518 1085 562 et
1133 507 1223 562 Dei
1263 518 1514 575 amator;
1570 523 1690 561 ttam
1725 507 1815 575 qui
1849 519 2043 573 corpus

345 639 373 659 .
476 613 641 666 amat,
675 601 761 655 ille
797 599 1099 655 necessario
1141 614 1353 669 quoque
1407 601 1688 669 pecuniam
1724 598 1941 651 amabit.
1977 597 2045 649 At

476 695 567 763 qui
594 693 871 763 pecuniam
898 701 1061 753 amat,
1083 692 1130 745 is
1154 691 1382 760 injustus
1398 701 1508 756 est;
1544 701 1597 744 at
1623 690 1712 758 qui
1745 690 1797 742 iu
1824 688 2044 757 laqueos

477 782 755 850 injustitiae
788 781 994 847 incidit,
1045 782 1088 836 is
1137 781 1296 837 facile
1346 783 1507 836 etiam
1568 783 1783 835 decreta
1831 779 2044 849 pietatis

479 874 924 944 transgredietur,
981 881 1037 927 et
1102 874 1402 941 sapientum
1476 872 1619 941 leges
1686 869 2041 935 conculcabit,

475 967 634 1023 facile
663 968 825 1022 etiam
866 968 918 1019 in
952 967 1137 1025 illicita
1175 967 1405 1029 labetur,
1445 966 1569 1020 inde
1617 965 1717 1019 sibi
1763 962 2043 1017 materiam

476 1061 543 1115 ad
592 1061 889 1115 suavitates
943 1075 1238 1130 corrogatis
1288 1069 1342 1114 et
1382 1059 1691 1128 colligens;
1759 1057 2046 1125 omniaque

476 1151 756 1220 iniustitiae
787 1151 957 1223 spolia
1003 1150 1264 1222 voluptati
1364 1160 1621 1220 tanquam
1659 1149 1889 1203 domina:
1934 1159 2045 1200 sua:

473 1244 701 1299 donans.

549 1376 627 1433 Ne
660 1378 859 1449 fugeris
891 1376 1103 1432 labores
1135 1389 1190 1433 et
1217 1376 1579 1443 difﬁcultates,
1607 1391 1727 1448 qua:
1756 1393 1809 1432 tu
1839 1387 2047 1446 tetupe~

478 1469 655 1524 rantia
687 1470 888 1524 insunt.
928 1469 1033 1524 Sed
1065 1483 1213 1539 spem
1254 1484 1464 1539 oppone
1497 1468 1745 1538 praesenti
1777 1466 1964 1529 labori,
1993 1474 2047 1519 et

475 1560 670 1615 leniter
701 1560 1081 1615 abstinentiam
1127 1561 1194 1613 ab
1232 1559 1507 1614 alimentis
1542 1558 1701 1614 feres.
1738 1559 1923 1627 Ingere
1952 1556 2043 1610 tibi

2148 406 2287 465 εἶναι
2326 409 2605 483 φιλήδονον
2652 409 2746 462 καὶ
2801 408 3066 479 φιλόθεον.
3104 410 3162 462 Ὁ
3194 408 3303 481 γὰρ
3353 407 3722 479 φιλοσώματος

2145 501 2203 567 ἐξ
2234 501 2479 572 ἀνάγκης
2499 500 2648 555 ἔσται
2674 500 2767 555 καὶ
2793 500 3218 572 φιλοχρήματος,
3250 500 3278 552 ό
3304 499 3360 553 δέ
3385 498 3723 569 φιλοχρήμα-

2150 611 2261 659 τος,
2312 593 2495 658 ἄδικος
2515 611 2530 627 σ
2566 596 2595 648 ὁ
2621 593 2679 647 δέ
2702 594 2801 666 τῆς
2830 592 3044 658 ἀδικίας
3072 594 3200 647 είσω
3240 591 3443 656 πεσὼν,
3478 592 3723 663 ὑπερϐή-

2150 701 2304 737 σεται
2324 684 2524 756 ρᾳδίως
2542 683 2774 756 θεσμοὺς
2809 684 3110 748 εὑσεδείας,
3144 685 3237 738 καὶ
3269 684 3501 754 πατήσει
3524 684 3724 753 νόμους

2146 757 2354 844 σοτξῶψ
2387 777 2698 847 ὲγχειρήσει
2732 776 2789 829 δέ
2818 778 2932 835 τοῖς
2958 774 3423 846 άπηγορευμένοις
3463 772 3722 837 εὐκόλως,

2144 867 2363 921 ἐκεῖθεν
2395 866 2573 939 ἐαυτῷ
2598 866 2697 932 τὰς
2740 867 2872 932 ὕλας
2907 866 3175 939 ἀθροίζων
3201 866 3302 937 τῆς
3345 862 3721 929 ἀπολαύσεως,

2151 958 2247 1011 καὶ
2274 959 2451 1013 πάντα
2474 958 2544 1013 τὰ
2563 959 2778 1030 λάφυρα
2802 958 2903 1030 τῆς
2929 956 3143 1021 ἀδικίας
3193 959 3259 1029 τῇ
3287 957 3450 1028 ἡδονῇ
3483 955 3725 1027 δωροφο-

2147 1049 2277 1123 ρῶν,
2313 1050 2390 1114 ὡς
2412 1050 2686 1122 δεσποίνῃ.

2219 1372 2312 1445 Μὴ
2364 1374 2542 1446 φύγῃς
2577 1375 2676 1447 τὴν
2725 1374 3027 1447 μοχθηρίαν
3069 1373 3168 1444 τῆς
3202 1373 3550 1445 ἐγκρατείας·
3585 1372 3731 1428 ἀλλὰ

2147 1464 2247 1529 τὰς
2274 1466 2495 1529 ἐλπίδας
2538 1466 2751 1530 ἀντίθες
2784 1465 2860 1537 τῷ
2888 1466 3117 1536 παρόντι
3152 1464 3320 1536 πόνῳ,
3371 1465 3464 1518 καὶ
3506 1465 3732 1534 κούφως

2151 1557 2465 1630 παρελεύση
2492 1558 2591 1630 τὴν
2630 1558 2731 1627 τῆς
2777 1557 3132 1629 μεταλήψεως
3166 1557 3407 1628 ἀποχήν-
3438 1557 3558 1611 εἰπὲ
3589 1557 3735 1629 πρὸς

476 1653 588 1707 haec
619 1651 700 1705 vel
731 1652 832 1705 alia
860 1652 1075 1721 pietatis
1107 1652 1306 1705 monita
1336 1671 1349 1706 :
1375 1652 1630 1706 Amarum
1663 1662 1742 1705 est
1764 1650 2046 1719 jejunium,

2153 1647 2344 1700 ἑαυτὸν
2395 1648 2619 1719 ῥήματα
2653 1647 2982 1712 εὐσεϐείας·
3024 1647 3203 1718 Πικρὰ
3246 1649 3277 1718 ἡ
3318 1648 3569 1719 νηστεία,
3608 1645 3731 1701 ἀλλ’

476 1743 570 1799 sed
597 1742 768 1797 dulcis
791 1744 1099 1814 paradisus.
1156 1742 1374 1797 Molesta
1427 1752 1509 1797 est
1561 1743 1704 1807 sitis,
1756 1743 1846 1796 sed
1886 1757 2047 1810 prope

368 1826 371 1829 ’
472 1845 556 1890 est
594 1834 749 1899 fons,
794 1849 858 1888 ex
891 1850 996 1904 quo
1037 1834 1124 1902 qui
1181 1836 1396 1899 biberit,
1445 1850 1551 1890 non
1595 1835 1739 1889 sitiet
1791 1835 1842 1887 in
1888 1844 2048 1887 arter—

475 1944 601 1982 uum
632 1930 700 1983 “.
740 1928 1102 1995 Importunum
1153 1937 1236 1981 est
1284 1942 1503 1996 corpus,
1559 1927 1654 1981 sed
1696 1926 1922 1980 validior
1965 1936 2048 1979 est

476 2015 791 2082 incorporea
828 2015 1028 2068 anima.
1070 2012 1343 2069 Emortuaa
1385 2026 1509 2068 sunt
1546 2016 1709 2080 vires,
1755 2018 1846 2069 sed
1885 2029 2048 2084 prope

475 2112 559 2159 est
613 2105 956 2159 resurrectio.
1015 2105 1108 2159 Dic
1154 2103 1351 2170 ventri,
1396 2119 1520 2159 cum
1563 2106 1727 2159 instat
1775 2114 1828 2159 et
1870 2113 2044 2170 urget,

476 2194 607 2249 illud
637 2196 844 2250 Domini
883 2196 1102 2250 Verbum
1138 2214 1150 2250 :
1187 2195 1308 2249 Non
1339 2196 1391 2248 in
1421 2197 1531 2250 solo
1558 2214 1693 2264 pune
1721 2196 1838 2249 vivit
1868 2199 2043 2260 Itonw,

473 2287 566 2342 sed
600 2288 819 2342 innotui
854 2288 1022 2354 verba,
1063 2290 1202 2358 quod
1240 2289 1469 2357 procedit
1497 2288 1561 2341 de
1585 2304 1672 2341 ore
1702 2287 1794 2341 Dei
1828 2288 1907 2353 ²³;
1943 2304 2045 2342 non

475 2387 559 2434 est
595 2380 786 2447 fames,
823 2380 916 2433 sed
950 2381 1141 2451 exigua
1176 2380 1391 2446 dilatio;
1434 2396 1538 2435 non
1590 2389 1672 2434 est
1713 2395 1889 2449 poena,
1926 2396 2045 2448 quae

477 2469 638 2523 vitari
670 2480 927 2540 nequeat,
958 2472 1053 2525 sed
1088 2470 1255 2525 libera
1288 2470 1645 2535 abstinentia;
1694 2486 1798 2523 non
1839 2469 2047 2524 servilis

476 2566 791 2630 necessitas,
840 2563 934 2617 sed
976 2562 1147 2618 libere
1195 2573 1445 2633 suscepta
1498 2562 1660 2616 actio.
1710 2559 1963 2623 Precarc,
1996 2571 2049 2614 et

478 2654 621 2707 vires
651 2652 1159 2723 suppeditabuutur.
1196 2652 1465 2721 lnvocato,
1499 2666 1552 2707 et
1588 2652 1638 2705 in
1668 2661 1918 2720 promptu
1946 2652 2049 2704 erit

477 2744 711 2816 adiutor.

551 2874 1047 2933 Recoletmemoria
1078 2886 1310 2933 veterem
1352 2877 1639 2934 historiam
1677 2880 1742 2944 “,
1774 2890 1827 2934 et
1853 2881 2047 2935 intelii-

478 2979 573 3035 ges
637 2967 904 3036 quomodo
959 2968 1051 3038 qui
1104 2968 1322 3039 pietatis
1365 2983 1526 3024 causa
1573 2985 1768 3038 corpus
1817 2972 2044 3041 castiga-

2151 1738 2282 1810 ήδὺς
2327 1740 2356 1791 ό
2398 1739 2759 1811 παράδεισοςο
2803 1738 3050 1811 ἐπαχθὴς
3088 1742 3132 1811 ,ἡ
3162 1739 3312 1808 δίψα,
3348 1740 3461 1793 ἀλλ’
3491 1741 3660 1808 ἐγγὺς
3694 1740 3731 1811 ἡ

2149 1830 2324 1901 πηγὴ,
2352 1829 2412 1894 ἐξ
2437 1826 2505 1903 ἧς
2538 1832 2567 1883 ό
2600 1831 2769 1884 πίνων
2795 1832 2855 1884 οὑ
2878 1830 3094 1902 διψήσει
3117 1834 3196 1896 είς
3222 1831 3311 1884 τὸν
3341 1830 3529 1883 αίῶνα.
3565 1832 3730 1883 Ἀτο-

2150 1940 2250 1976 πον
2288 1922 2350 1975 τὸ
2393 1922 2572 1993 σῶμα,
2616 1922 2729 1976 ἀλλ’
2768 1922 3088 1994 ἰσχυροτέρα
3132 1921 3297 1993 ψυχὴ,
3332 1924 3365 1993 ἡ
3411 1920 3726 1992 ἀσώματος,

2149 2011 2337 2086 Νεκρὰ
2364 2016 2396 2086 ἡ
2423 2013 2672 2085 δύναμις,
2696 2013 2811 2066 ἀλλ’
2835 2014 3004 2082 ἐγγὺς
3027 2015 3060 2083 ἡ
3085 2013 3398 2076 ἀνάστασις.
3430 2012 3566 2065 Εἰπὲ
3589 2013 3736 2082 πρὸς

2148 2105 2246 2175 τὴν
2274 2104 2595 2173 ἐπείγουσαν
2620 2104 2863 2176 γαστέρα
2892 2105 2987 2158 καὶ
3020 2105 3085 2157 σὺ
3110 2104 3205 2158 τοῦ
3240 2105 3445 2176 Κυρίου
3470 2105 3531 2158 τὸ
3555 2105 3729 2175 ῥῆμα·

2154 2198 2275 2250 Οὐκ
2295 2196 2389 2249 ἐπ’
2425 2196 2582 2265 ἄρτῳ
2600 2196 2768 2265 μόνῳ
2802 2194 3047 2264 ζήσεται
3084 2196 3426 2266 ἀνθρωπος,.
3459 2198 3595 2251 ἀλλ’
3625 2196 3731 2251 ἐπι

2149 2286 2566 2357 παντίρήματι
2596 2287 2767 2342 Θεοῦ.
2825 2288 2900 2341 os
2950 2287 3109 2358 λιμός
3161 2292 3332 2352 ἐστιν,
3383 2288 3518 2342 ἀλλὰ
3553 2289 3736 2359 μικρὰ

2151 2379 2397 2451 παρολκή
2416 2396 2429 2410 °
2449 2380 2550 2434 οὑκ
2573 2379 2943 2451 ἀπαραίτητος
2968 2382 3228 2453 τιμωρία,
3263 2381 3379 2435 ἀλλ’
3403 2381 3730 2453 αὐθαίρετος

2148 2471 2329 2543 άποχή
2352 2489 2366 2502 ⁸
2413 2473 2475 2526 οὑ
2519 2472 2891 2545 δουλοπρεπὴς
2924 2472 3158 2544 ἀνάγκη,
3208 2472 3324 2528 ἀλλ’
3359 2473 3618 2545 ἐλευθέρα
3641 2490 3730 2543 φι-

2148 2561 2390 2632 λοσοφία.
2408 2560 2597 2629 Εὗξαι,
2616 2564 2710 2618 καὶ
2733 2564 2972 2634 ἰσχύσεις
2988 2581 3003 2597 ·
3035 2564 3382 2631 ἐπικάλεσαι,
3401 2566 3496 2620 καὶ
3509 2566 3729 2637 ἕτοιμος

2147 2654 2558 2725 παραστήσεταί
2589 2672 2670 2709 σοι
2697 2654 2906 2735 βοηθός.

2231 2875 2489 2929 ’Δνάλαϐε
2514 2878 2579 2948 τῇ
2608 2877 2796 2950 μνήμῃ
2824 2878 3058 2932 παλαιάν
3099 2880 3359 2949 ἱστορίαν,
3385 2879 3476 2932 καὶ
3506 2878 3741 2951 μαθήσῃ.

2152 2968 2303 3030 ὅπως
2320 2970 2371 3021 οἱ
2401 2968 2466 3021 δι’
2491 2967 2767 3022 εὐσέϐειαν
2799 2969 2959 3041 σῶμα
2991 2970 3290 3036 πιέζοντες,
3331 2970 3441 3023 τῶν
3475 2968 3725 3041 τρυφών-
3757 2958 3765 2965 ’

481 3065 626 3125 runt,
687 3057 912 3115 delicate
972 3059 1277 3115 viventibus
1337 3054 1393 3116 et
1450 3077 1660 3118 merum
1718 3062 1836 3117 sine
1893 3064 2048 3117 ιιιυιιο

2151 3076 2279 3122 των,
2322 3061 2417 3113 καλ⁸
2452 3059 2618 3113 πολὺν
2660 3061 3001 3132 ἐγχεομένων
3037 3061 3129 3115 τδν
3174 3060 3432 3131 ἄκρατον,
3472 3058 3595 3114 οὔτε
3645 3062 3729 3125 εἰς

478 3144 946 3211 exhaurientibns,
973 3162 1147 3217 neque
1179 3149 1385 3205 viribus
1401 3154 1508 3204 sint
1534 3149 1847 3217 inferiores,
1878 3166 2050 3221 neque

480 3246 700 3305 aspectu
756 3237 1070 3304 deteriores,
1113 3241 1266 3309 quasi
1313 3242 1511 3297 amissa
1553 3253 1834 3299 venustate
1884 3244 2049 3298 deflo-

486 3328 880 3381 rnerint:nant
929 3328 1274 3400 Assyriorum
1336 3336 1458 3396 rex,
1515 3332 1607 3401 qui
1664 3333 1843 3387 omnia
1898 3334 2048 3387 carni

483 3419 830 3490 largiebatur,
861 3422 1058 3490 quique
1086 3422 1153 3476 ad
1192 3422 1545 3492 voluptariam
1581 3424 1769 3490 vitam,
1805 3424 1951 3479 velut
1980 3425 2047 3479 ad

482 3524 744 3582 praesepe,
776 3529 882 3566 uno
913 3514 1076 3568 verbo
1101 3529 1290 3569 omnes
1327 3515 1622 3586 voluptatis
1674 3518 2048 3584 administros,

481 3600 679 3655 eximie
733 3616 964 3671 corpore
994 3604 1218 3659 decoros
1262 3614 1317 3658 et
1364 3616 1583 3674 aspectu
1630 3607 1886 3663 amabiles
1932 3624 2051 3664 esse

474 3689 669 3751 voluit,
711 3698 769 3744 ut
797 3706 900 3745 non
949 3690 1123 3746 solum
1167 3707 1229 3748 os
1256 3704 1310 3749 et
1339 3704 1564 3763 gustus,
1623 3697 1718 3752 sed
1766 3707 1820 3752 et
1865 3699 2050 3754 oculus

483 3781 678 3836 intuitu
719 3781 1135 3850 pulchritudinis
1164 3785 1546 3844 oblectaretur.
1579 3788 1729 3844 Tunc
1756 3798 1868 3845 tres
1900 3791 2047 3861 pueri

483 3870 549 3925 de
594 3871 908 3939 captivitate
962 3869 1127 3926 Israel
1191 3873 1244 3927 in
1322 3874 1623 3946 catalogum
1683 3876 2049 3932 ministrorum

486 3963 753 4032 regiorum
785 3964 1032 4035 ascripti,
1075 3966 1144 4021 ab
1172 3968 1314 4022 escis
1347 3970 1506 4037 regite
1532 3984 1729 4026 mensa:
1749 4010 1763 4034 ,
1795 3981 2048 4041 tanquam

482 4053 812 4110 admistioue
870 4054 1290 4127 idulotltytorum
1357 4058 1613 4127 pollutis,
1677 4062 2049 4126 abstinentes,

482 4144 615 4199 solis
669 4143 1032 4216 leguminibus
1086 4149 1469 4202 vescebantur.
1527 4148 1822 4219 Oportebat
1872 4162 2048 4207 autem

483 4234 668 4288 viuum
692 4250 906 4305 quoque
934 4234 1118 4305 fugere
1149 4247 1370 4308 pr0pter
1399 4239 1729 4303 libatiouem,
1752 4252 1805 4295 et
1837 4257 2049 4297 omnem

2151 3150 2375 3221 δύναμίν
2399 3153 2536 3205 εἰσιν
2574 3153 2974 3225 ἀσθενέστεροι,
3007 3152 3130 3207 οὔτε
3155 3155 3261 3225 μὴν
3292 3156 3377 3218 είς
3404 3153 3464 3207 τδ
3491 3153 3735 3224 φανῆναο

2158 3239 2630 3313 σκυθρωπότεροι,
2669 3242 2707 3314 ἢ·
2745 3243 3127 3315 ἀπηνθηκότες
3173 3244 3271 3316 τὴν
3316 3245 3513 3317 χάρινσ
3550 3248 3580 3299 ό
3615 3245 3726 3318 γὰρ

2156 3330 2405 3400 βασιλεὺς
2438 3331 2548 3384 τῶν
2593 3333 2897 3406 Ἀσσυρίων
2938 3337 3145 3399 ἐκεῖνος
3185 3337 3213 3389 ό
3254 3337 3431 3390 πάντα
3456 3339 3523 3406 τῇ
3560 3337 3727 3408 σαρκὶ

2152 3421 2280 3489 ζῶν,
2307 3422 2495 3494 καὶτῷ
2525 3425 2798 3497 τρυφῶντι
2837 3426 2938 3498 βίῳ
2968 3428 3044 3491 ὡς
3071 3427 3247 3499 φάτνῃ
3279 3427 3726 3499 προσδεδεμένος,

2152 3512 2339 3585 ἐπειδὴ
2372 3514 2499 3578 τοὺς
2526 3515 2796 3586 οἰνοχόους
2825 3516 2973 3588 αὑτῷ
3010 3517 3104 3571 καὶ
3128 3517 3587 3588 τραπεζοποιοὺς,
3631 3519 3729 3571 καὶ

2151 3605 2357 3669 πάντας
2389 3605 2574 3670 ἁπλῶς
2604 3607 2728 3670 τοὺς
2759 3607 3039 3679 ὑπηρέτας
3066 3609 3165 3680 τῆς
3187 3608 3559 3672 ἀπολαύσεως,
3604 3608 3730 3662 ἐκέὲι

2149 3697 2307 3752 λευσε
2333 3699 2454 3752 κατ’
2482 3698 2709 3770 ἐκλογὴν
2733 3701 2950 3770 εὐφυεῖς
2971 3696 3111 3755 εἶναι
3136 3701 3197 3755 τὸ
3225 3700 3402 3772 σῶμα,
3429 3701 3523 3755 καὶ⁸
3553 3700 3729 3773 ὀφθῆ-

2150 3807 2237 3843 ναι
2276 3790 2586 3862 χαρίεντας,
2610 3792 2696 3846 ἵνα
2723 3793 2797 3865 μὴ
2838 3791 2995 3863 μόνον
3024 3792 3085 3846 τδ
3119 3793 3296 3864 στόμα
3328 3793 3422 3847 καὶ
3451 3793 3484 3864 ἠ
3513 3791 3735 3861 γεῦσις,
3764 3790 3769 3793 ⁷

2150 3870 2418 3936 ἀλλά’καὶ
2452 3883 2731 3955 ὀφθαλμὸς
2759 3882 2907 3955 αὑτῷ
2943 3883 3088 3938 κατὰ
3129 3884 3236 3940 τῶν
3271 3884 3566 3956 ὁρωμένων
3590 3901 3728 3956 τρυ-

2150 3973 2285 4041 φῶν.
2320 3973 2453 4025 Τότε
2494 3973 2559 4045 δὴ
2595 3975 2690 4027 καὶ
2730 3976 2780 4027 oi
2811 3978 2959 4046 τρεῖς
2989 3975 3262 4029 νεανίσκοι
3297 3978 3361 4030 ἐκ
3392 3976 3491 4048 τῆς
3520 3979 3729 4047 αἰχμα-

2150 4065 2350 4129 λωσίας
2390 4065 2485 4118 τοῦ
2551 4064 2764 4136 Ἰσραὴλ
2820 4066 2899 4137 τῷ
2942 4067 3225 4138 καταλόγῳ
3275 4068 3382 4122 τῶν
3436 4069 3733 4139 ὑπηρετῶν

2150 4157 2513 4228 ἐγκριθέντες,
2535 4157 2865 4228 ἀπεχόμενοι
2895 4159 2951 4212 δέ
2981 4159 3088 4212 τῶν
3126 4159 3271 4229 Mum:
3296 4161 3397 4231 τῆς
3438 4158 3745 4230 βασιλικῆς

2149 4246 2453 4319 τραπέζης,
2479 4248 2555 4313 ώς
2589 4251 2653 4320 τῇ
2690 4248 2939 4322 ἐπιμιξίᾳ
2962 4250 3070 4303 τῶν
3114 4250 3475 4304 εἰδωλοθύτων
3520 4268 3728 4321 μεμια-

481 4340 725 4391 carnem,
774 4338 992 4395 propter
1032 4330 1341 4398 praedictam
1384 4346 1623 4385 causam.
1671 4331 1803 4387 Cum
1843 4349 1973 4390 vero
2019 4351 2047 4388 a

2153 4339 2377 4410 σμένης,
2402 4339 2691 4412 σπέρματα
2710 4340 2982 4395 ἐσιτοῦντο
3028 4342 3208 4414 μόνον.
3230 4338 3339 4396 Ἦν
3363 4342 3421 4396 δὲ
3449 4342 3543 4395 καὶ⁵
3583 4339 3728 4407 οἶνος

480 4418 737 4487 praefecto
754 4430 1093 4489 cogerentur,
1127 4430 1184 4475 ut
1205 4425 1548 4477 comedereut
1575 4438 1637 4477 ca
1667 4438 1785 4491 quae
1814 4441 2048 4496 appone-

2156 4400 2387 4501 φἐυκὲδξ
2439 4400 2670 4505 διά-τὴν
2704 4432 2934 4504 σπονδὴν
2965 4400 3058 4487 καίι
3102 4436 3211 4488 πᾶν
3258 4433 3446 4505 κρέας,
3492 4432 3582 4486 διά
3626 4400 3731 4505 τὴᾷ

480 4509 678 4567 bantur
706 4525 773 4564 ne
811 4509 949 4566 forte
974 4526 1070 4581 per
1098 4511 1479 4568 abstinentiam
1507 4514 1683 4570 vultus
1714 4528 2046 4572 venustatem

481 4600 865 4669 deperderent;
920 4610 975 4653 et
1028 4599 1141 4666 ipse
1187 4602 1257 4656 ob
1299 4617 1405 4655 non
1438 4602 1575 4658 bene
1611 4611 1830 4659 curatos
1864 4605 2046 4660 adole-

478 4700 695 4746 scentes
715 4693 766 4746 in
794 4692 1084 4761 periculum
1106 4694 1294 4761 capitis
1321 4693 1617 4749 incideret:
1640 4692 1788 4759 Siue,
1811 4697 2044 4765 aiebant,

440 4838 441 4841 η
480 4790 537 4838 et
564 4782 846 4852 permitte;
881 4798 986 4838 non
1012 4785 1389 4853 apparebimus
1422 4786 1532 4857 regi
1557 4787 1729 4842 forma
1759 4787 2047 4857 deteriore,

482 4890 644 4942 quam
678 4874 751 4930 illi
778 4876 867 4945 qui
898 4878 950 4931 in
990 4876 1197 4932 deliciis
1222 4877 1424 4945 vivunt,
1463 4893 1640 4948 neque
1664 4880 1842 4936 vultus
1876 4883 2046 4938 nostri

479 4967 801 5037 elegantiam
829 4983 982 5024 suam
1015 4969 1285 5025 amittent.
1322 4969 1508 5042 Neque
1543 4980 1597 5027 te
1623 4974 1856 5040 crucies,
1893 4976 2049 5046 quasi

482 5060 593 5130 regi
636 5059 915 5119 ministros
946 5058 1214 5116 deformes
1250 5060 1585 5119 adducturus
1620 5062 1740 5119 sis:
1771 5080 1893 5119 nam
1935 5046 2046 5133 ille,

481 5150 572 5219 qui
598 5165 697 5207 nos
717 5150 960 5206 condidit
982 5159 1036 5206 et
1056 5150 1327 5219 formavit,
1356 5153 1586 5222 gratiam
1608 5154 1778 5222 dabit,
1809 5164 1863 5209 et
1881 5170 2049 5224 expe-

483 5240 673 5295 rientia
719 5243 892 5299 disces
943 5252 1144 5298 nostra:
1182 5243 1593 5313 pulchritudinis
1633 5254 1689 5299 et
1730 5249 2046 5313 venustatis,

482 5346 602 5401 quae
637 5343 980 5405 procuratur,
1021 5336 1426 5407 temperantiam
1461 5349 1581 5392 esse
1609 5336 2046 5395 conciliatricem.

483 5424 635 5497 Quod
666 5436 720 5480 et
749 5425 948 5485 factum
974 5439 1058 5487 est
1089 5452 1101 5485 :
1128 5445 1251 5486 nam
1276 5428 1646 5487 adolescentes
1668 5430 1757 5487 isti
1782 5432 1976 5487 decore
1997 5440 2052 5486 et

2162 4521 2565 4595 προρρηθεῖσαν
2595 4525 2795 4580 αἰτίαν.
2841 4525 2930 4589 Ὠς
2971 4524 3029 4579 δὲ
3075 4524 3226 4597 παρὰ
3275 4524 3371 4578 τοῦ
3418 4525 3731 4596 ἐφεστῶτος

2162 4611 2535 4681 ἠναγκάζοντο
2568 4615 2816 4688 μετέχειν
2861 4616 2969 4669 τῶν
3009 4616 3471 4688 προσφερομένων
3517 4617 3727 4680 αὑτοῖς,

2154 4701 2242 4755 ἵνα
2272 4704 2479 4775 μήποτε
2505 4707 2584 4769 είς
2603 4705 2940 4777 δυσμορφίαν
2961 4706 3139 4761 αὑτῶν
3176 4709 3241 4762 ἐκ
3276 4707 3375 4779 τῆς
3398 4708 3730 4779 ἐγκρατείας

2152 4794 2214 4849 τὸ
2243 4796 2439 4860 κάλλος
2473 4797 2807 4869 μεταϐληθῇ,
2840 4798 3089 4871 ἔγκλημα
3111 4800 3167 4853 δὲ
3192 4801 3399 4855 ἐκείνου
3426 4800 3519 4854 καὶ
3547 4817 3726 4871 τιμω-

2159 4884 2247 4957 ρία
2276 4885 2501 4957 γένηται
2532 4886 2593 4940 τὸ
2613 4888 2722 4941 τῶν
2740 4888 3036 4943 νεανίσκων
3055 4890 3289 4962 είδεχθές
3307 4908 3367 4944 τε
3402 4892 3496 4946 καὶ
3519 4889 3723 4962 ἀθερά-

2157 4990 2352 5028 πευτον
2372 4992 2385 5007 ο
2417 4976 2541 5042 Ἔα,
2578 4977 2732 5048 φησὶ,
2757 4979 2851 5031 καὶ
2877 4978 3249 5052 συγχώρησον,
3279 4982 3339 5035 οὐ
3370 4981 3728 5052 φανησόμεθα

2152 5065 2231 5138 τῷ
2248 5065 2457 5137 βασιλεῖ
2474 5066 2582 5121 τῶν
2608 5067 2938 5140 τρυφώντων
2963 5072 3293 5145 άτιμότεροι,
3311 5072 3433 5127 οὐδὲ
3465 5071 3532 5126 τὰ
3557 5073 3726 5144 πρόσ·

2154 5178 2279 5214 ωπα
2322 5160 2477 5232 ἡμῶν
2507 5159 2828 5234 ἁπανθήσει.
2852 5161 2986 5217 Οὑδὲ
3015 5164 3346 5236 ἀγωνιάσῃς,
3376 5163 3452 5229 ὡς
3487 5164 3727 5236 δυσμόρο

2152 5267 2285 5320 φους
2307 5252 2456 5323 αὑτῷ
2481 5252 2758 5323 ὑπηρέτας
2782 5254 3090 5325 προσάγων.
3127 5256 3183 5309 '0
3220 5256 3329 5326 γάρ
3353 5254 3602 5326 τεχνίτης
3624 5255 3724 5324 τῆς

2150 5339 2487 5404 διαπλάσεως
2519 5341 2678 5413 ἡμῶν
2702 5341 2862 5396 δώσει
2887 5344 2986 5416 τὴν
3010 5344 3189 5416 χάριν,
3214 5345 3305 5399 καὶ
3334 5346 3556 5419 μαθήσῃ
3574 5344 3727 5415 παρὰ

2152 5433 2250 5504 τῆς
2279 5434 2492 5505 πείρας,
2521 5434 2602 5489 ὅτι
2624 5433 2717 5489 τοῦ
2742 5434 3006 5508 ἡμετέρου
3041 5435 3288 5501 κάλλους,
3312 5437 3406 5491 καὶ
3429 5437 3526 5509 τῆς
3554 5438 3726 5490 σπου-ἑ

551 5629 599 5663 ⁸³
636 5625 789 5684 Joan.
830 5644 900 5695 tv,
936 5629 1020 5683 15.
1096 5631 1141 5664 ’³
1173 5632 1360 5689 Matth.
1402 5648 1473 5698 tv,
1508 5630 1560 5685 4.
1639 5633 1684 5665 ³⁸
1707 5630 1841 5690 Dan.
1890 5648 1928 5701 ι,
1971 5635 2147 5706 Ssqq.

3772 2690 3813 2709 Νι
