4024 6208
275 285 382 346 335

1191 276 1473 334 IIOMILIA
1514 274 1653 332 XIV.
1694 275 1759 331 IN
1799 272 2198 332 PIllNClPIUM
2233 275 2690 332 ‘JEJUNIORUM.

3444 277 3547 336 386

282 400 577 472 δαζομένης
625 399 1019 471 εὖμορφίας,ὴ
1063 396 1284 466 νηστεία
1322 394 1670 466 κομμώτρια.
1707 395 1771 446 '0
1804 393 1868 462 δὴ

1987 393 2376 459 mih-lu-iunline
2421 393 2598 446 vultus
2651 406 2844 448 omnes
2883 392 3036 456 alios,
3092 394 3252 448 etiam
3300 395 3552 450 earnivo-

281 500 374 555 ml.
414 497 631 565 γέγονε.
678 494 790 548 Καὶ
823 493 931 566 γὰρ
973 490 1315 563 ὑπερήνθουν
1357 491 1408 542 οἱ
1452 489 1743 551 νεανίσκοι,
1778 488 1871 540 καὶ

282 590 496 649 πάντας
534 586 660 648 τοὺς
689 585 1033 656 κρεοφάγους
1073 581 1590 653 παρηυδοκίμησαν.

353 679 422 732 Τί
465 678 522 731 δὲ
547 679 577 730 ό
614 673 886 746 Σαμψώνς
923 674 1121 738 Εὐθὺς,
1163 673 1274 727 ἀπὸ
1298 672 1600 741 γάλακτος,
1639 672 1740 725 ούκ
1763 671 1869 724 ἐδι-

283 771 461 842 δάχθη
506 767 814 838 νηστεύειν;
851 766 1025 830 οὕτως
1083 763 1176 818 τοῦ
1223 764 1536 835 πνεύματος
1575 768 1641 836 τῇ
1705 764 1874 835 μητρὶ

283 859 742 932 χρηματίσαντος,
797 856 874 918 ὡς
932 855 1178 926 προσῆκε
1233 854 1295 907 τὸ
1351 853 1560 907 παιδίον
1611 853 1873 919 ἄγευστον

282 955 426 1008 οἴνου
462 951 555 1003 καὶ
586 951 770 1018 πάσης
809 947 1136 1016 διαφυλάξαι
1173 944 1409 1017 τρυφῆς.
1459 944 1568 998 Καὶ
1604 943 1686 1007 τίς
1725 944 1867 1012 ἰσχυ-

288 1044 376 1113 ρὸς
404 1041 525 1094 κατ’
554 1041 801 1104 ἐκεῖνονς
835 1038 920 1101 τίς
951 1038 1007 1091 δὲ
1037 1037 1296 1108 ἀριστεὺς
1335 1035 1508 1098 οὕτως
1531 1032 1829 1104 ὀνομαστός
1855 1049 1869 1097 ;

286 1135 459 1197 Μόνος
505 1132 806 1202 ἀξιόμαχος
837 1126 926 1201 ἦν,
977 1129 1114 1200 πρὸς
1145 1130 1324 1182 πᾶσαν
1364 1126 1671 1198 παράταξιν
1715 1125 1872 1178 πολε-

295 1228 426 1298 μὶων
461 1225 557 1278 καὶ
613 1223 815 1295 πλῆθος
843 1221 1237 1293 ἀναρίθμητον,
1271 1222 1391 1274 κατ’
1422 1219 1671 1287 ἐξουσίαν
1715 1217 1871 1290 ἐτρέ-

291 1334 444 1370 πετο’
463 1318 522 1379 ὃς
551 1315 616 1384 γέ
645 1331 776 1368 ποτε
807 1313 994 1382 ξίφους
1017 1312 1050 1381 ἢ
1072 1312 1298 1384 δόρατος
1321 1311 1626 1384 ἀπορήσας,
1647 1309 1874 1378 σιαγόνα

284 1409 339 1460 δὲ
368 1406 697 1477 ἀνελόμενος
729 1405 871 1466 δνου,
901 1401 1105 1473 χιλίους
1131 1401 1330 1472 ἀνδρας
1367 1400 1699 1473 πολεμιστὰς
1742 1417 1873 1454 κατ-

283 1501 551 1570 έστρωσε,
583 1498 731 1568 μόνῳ
757 1496 834 1566 τῷ
853 1495 1024 1566 ὀστέῳ
1048 1496 1502 1566 διαχρησάμενος.

357 1590 550 1652 Οὕτως
593 1588 779 1642 τοίνυν
823 1587 919 1640 καὶ
956 1587 1021 1640 σὺ
1056 1585 1264 1650 ἔλπιζε,
1295 1587 1390 1640 καὶ
1429 1586 1700 1656 ίσχύσεις’
1742 1603 1874 1658 προ-

286 1679 491 1749 θυμοῦ,
536 1679 632 1730 καὶ
654 1676 1021 1749 δυναμωθήσῃ
1041 1694 1054 1708 ·
1096 1675 1183 1739 δὺς
1212 1675 1310 1747 τὴν
1343 1675 1511 1745 ἀκοὴν
1546 1678 1610 1745 τῇ
1638 1675 1872 1746 μαθήσει

283 1773 396 1825 τῶν
430 1771 855 1842 κεκρυμμένων,
897 1769 993 1822 καὶ
1022 1768 1432 1839 ἀμνημονήσεις
1460 1767 1688 1838 τροφῆς.

284 1863 459 1933 δῆμκ
484 1861 564 1931 τῷ
592 1859 767 1931 Ἰησοῦ
793 1859 1075 1928 ἑπόμενος,
1096 1858 1237 1928 λόγῳ
1259 1858 1352 1910 καὶ
1373 1857 1519 1928 ἔργῳ
1545 1857 1874 1921 παιδεύοντι,

287 1951 655 2021 αἱδεσθῶμεν,
689 1951 738 2001 οί
761 1949 1021 2018 ἀκρατεῖς
1055 1947 1147 2000 καὶ
1169 1947 1460 2016 φιλήδονοι,
1499 1946 1764 2018 ’Έλληνας
1785 1945 1878 2000 καὶ

301 2042 562 2096 Ἰουδαίου
577 2059 593 2103 ;
621 2038 1003 2109 νηστεύοντας,
1033 2037 1209 2108 μάτην
1235 2039 1332 2108 μὲν
1361 2037 1454 2090 καὶ
1495 2037 1634 2108 ὑπὲρ
1665 2037 1876 2102 ούδενὸς

287 2134 382 2188 τοῦ
413 2136 627 2198 τέλους
655 2133 776 2202 είκῆ
809 2133 918 2204 γὰρ
943 2135 1138 2185 ἐκεῖνοι
1167 2130 1486 2201 ζημιοῦνται
1506 2131 1534 2184 δ
1575 2131 1647 2201 μὴ
1673 2131 1880 2184 ἐσθίου-

292 2243 374 2279 σι·
415 2225 562 2295 πλὴν
606 2224 681 2288 ὡς
725 2222 965 2294 ζηλωτὸν
1011 2221 1105 2275 καὶ
1156 2222 1365 2293 πρέπον
1413 2223 1526 2284 τοῖς
1572 2221 1877 2285 σπουδαίοις

292 2317 585 2388 μετιόντας
628 2315 687 2368 τὸ
738 2313 1090 2386 πρόσταγμα.
1123 2313 1469 2383 Χριστιανοῑς
1502 2311 1699 2383 πρέπει
1729 2312 1880 2365 πολι-

287 2410 440 2471 τείας
463 2406 743 2478 ἀκρίὸεια,
769 2405 863 2458 καὶ
896 2403 1208 2473 φιλοσοφίας
1245 2404 1528 2475 σεμνότης.
1545 2399 1626 2468 οἷς
1648 2405 1878 2476 πάρεστι

286 2501 534 2574 καθαρὸς
567 2500 662 2552 καὶ
713 2496 916 2567 ἀληθὴς
966 2497 1066 2566 τῆς
1102 2495 1382 2557 εὐσεϐείας
1427 2497 1454 2548 ὁ
1499 2495 1674 2564 λόγος.
1717 2498 1778 2549 Οί
1814 2496 1873 2549 δὲ

287 2593 484 2646 τούτου
525 2590 692 2661 χωρὶς
733 2591 833 2660 τὴν
867 2588 1062 2659 ἠθικὴν
1103 2588 1392 2652 πονοῦντες
1435 2589 1688 2658 ἄσκησιν,
1718 2589 1882 2659 ὄμοιά

297 2701 387 2754 μοι
418 2682 708 2744 δοκοῦντες
746 2679 1094 2752 ἐργάζεσθαι,
1129 2679 1235 2732 τῶν
1256 2679 1382 2733 ἄνευ
1417 2679 1667 2750 θεμελίου
1703 2681 1880 2744 οίκίας

293 2771 820 2837 κατασκευαζόντων
845 2811 858 2834 ,
896 2773 928 2843 ἢ
972 2770 1104 2826 ναῦν
1171 2772 1554 2840 πηγνυμένων,
1592 2772 1665 2842 μὴ
1709 2789 1880 2826 κατα-

299 2866 592 2936 ϐληθείσης
621 2864 717 2935 τῆς
750 2863 1018 2934 τροπῐδος.
1047 2861 1285 2916 Τοιούτοι
1312 2862 1368 2914 δὲ
1409 2859 1646 2931 Ἑϐραῖοι
1679 2861 1881 2933 δυσμα-

304 2957 432 3020 θεῖς.

376 3216 479 3269 Καί
511 3233 601 3287 μοι
647 3215 877 3286 σφοδρὸς
915 3215 944 3266 ὁ
985 3213 1159 3282 γέλως
1189 3212 1452 3284 ἐμπίπτει
1476 3251 1491 3274 ,
1535 3212 1663 3264 ὅταν
1688 3211 1882 3276 αὐτοὺς

322 3307 598 3379 θεάσωμαι
633 3306 1013 3370 ἀνυποδέτους,
1051 3307 1107 3358 ὲν
1137 3304 1350 3367 λευκοῖς
1388 3304 1617 3375 τρίὸωσι
1665 3320 1883 3375 περινο-

318 3396 558 3460 στοῦντας
579 3395 648 3448 τὰ
673 3395 906 3465 ἀμφοδα·
938 3393 1138 3456 ὄνειδος
1161 3392 1456 3454 Μωῦσέως,
1488 3391 1750 3461 αἰσχύνην
1775 3391 1885 3444 τῶν

317 3489 600 3558 προφητῶν
626 3527 641 3550 ,
688 3487 1006 3557 γεννήματα
1055 3484 1149 3538 τοῦ
1196 3483 1448 3554 ’Λϐραάμ
1474 3482 1843 3555 ἀμὸλωθρίδια
1868 3499 1880 3511 ⁶

319 3576 520 3638 δούλους
542 3576 643 3645 τῆς
670 3575 1001 3646 ἀφροσύνης,
1037 3574 1164 3634 τοὺς
1189 3571 1288 3641 τῆς
1337 3570 1652 3642 ἐλευθερίας
1700 3569 1848 3634 υἱούς
1869 3587 1881 3600 ·

319 3668 536 3738 ἀμαθεῖς
572 3666 668 3720 καὶ
703 3667 970 3736 ἀνόμουςο
1005 3666 1133 3726 τοὺς
1172 3663 1332 3734 δῆθεν
1371 3663 1616 3734 μαθητὰς
1666 3661 1758 3718 τοῦ
1799 3662 1886 3715 νό-

321 3776 437 3828 μου,
461 3758 832 3819 ἀπολέσαντας
864 3756 964 3826 τῆς
997 3756 1275 3816 ἐκϐάσεως
1302 3754 1401 3824 τὴν
1435 3753 1655 3817 ἐλπίδα,
1698 3753 1885 3824 ἐπειδὴ

319 3848 433 3911 τοὺς
466 3847 671 3909 τύπους
706 3844 798 3898 τοῦ
844 3843 1130 3915 μέλλοντος
1186 3841 1422 3905 συνετῶς
1465 3843 1565 3894 ούκ
1616 3841 1883 3906 ἐδέξαντο.

320 3939 442 3992 “uti
452 3941 546 4009 σῆς
563 3941 672 4008 γὰρ
691 3939 796 3991 πᾶν
823 3937 850 3988 ὃ
873 3936 1126 4007 ἔπραττε,
1149 3934 1254 3987 τῶν
1275 3936 1354 3996 εἰς
1379 3933 1503 3986 ὓστε
1513 3950 1601 4002 ρον
1617 3933 1888 4003 ἐσομένων

320 4029 501 4082 εἴδωλα
538 4027 882 4099 προετύπου·
943 4026 1047 4079 κᾶν
1095 4025 1191 4096 τὴν
1241 4025 1614 4097 σκηνοπηγίαν
1658 4027 1750 4078 καὶ
1789 4025 1887 4096 τὴν

321 4121 614 4192 {map/qaut
649 4119 759 4171 τῶν
807 4118 1144 4186 σαλπίγγων,
1183 4116 1384 4186 ὁμοίως
1419 4115 1515 4186 τὴν
1561 4117 1886 4189 περιτομὴν,

315 4212 381 4264 τὰ
422 4214 631 4281 ἄζυμα,
677 4210 777 4272 τὰς
826 4209 1101 4279 πικρίδαςο
1149 4207 1335 4260 Πάντα
1361 4202 1428 4278 ἦν
1461 4209 1643 4260 ἐκεῖνα
1684 4208 1784 4278 τῆς
1831 4208 1889 4260 ἐν

316 4303 528 4374 Χριστῷ
562 4300 839 4362 πολιτείας
883 4299 1195 4371 μηνύματα,
1239 4300 1445 4364 εἰκόνες
1487 4301 1884 4373 προχαραχθεῖ-

317 4412 398 4446 σαι
428 4397 541 4456 τοῖς
571 4395 636 4445 ὲκ
665 4391 1030 4463 προσαγωγῆς
1062 4391 1611 4461 μυσταγωγουμένοις
1633 4393 1769 4462 πρὸς
1789 4393 1887 4466 τὴν

312 4482 603 4535 τελείωσιν.

392 4661 534 4728 Ἐγὼ
564 4662 662 4730 μὲν
685 4660 792 4730 γὰρ
816 4660 843 4711 ό
871 4659 1216 4728 Χριστιανὸς,
1246 4659 1339 4710 καὶ
1359 4656 1452 4710 τοῦ
1486 4655 1892 4727 σταυρωθέντος

312 4755 513 4816 δοῦλος,
552 4753 800 4823 νηστεύω
849 4751 1050 4816 καλῶς,
1087 4751 1197 4803 εἴτε
1242 4750 1377 4822 πρὸς
1418 4749 1516 4820 τὴν
1560 4748 1748 4801 ἐλπίδα
1794 4750 1892 4820 τῆς

312 4846 661 4908 ἀναστάσεως
695 4845 929 4914 ἐμαυτὸν
953 4841 1316 4911 ἐκκαθαίρων,
1344 4840 1454 4893 εἴτε
1484 4839 1892 4909 ὲπιστυγνάζων

309 4939 383 5000 ὡς
419 4936 806 5004 φιλοδέσποτος
834 4935 1018 4996 δοῦλος
1047 4936 1158 4996 τοῖς
1180 4932 1273 4985 τοῦ
1308 4930 1512 5002 Κυρίου
1547 4947 1646 5000 μου
1674 4929 1891 4984 πάθεσι.

311 5029 382 5081 Σὺ
413 5027 472 5079 δὲ
495 5027 524 5078 ὁ
550 5026 658 5078 τῶν
682 5025 889 5093 φονέων
919 5024 1031 5086 υἱὸς
1065 5024 1159 5077 καὶ
1193 5022 1300 5076 τῶν
1327 5022 1418 5074 τὸν
1457 5021 1626 5091 ἀμνὸν
1659 5020 1893 5090 σφαξάν-

308 5135 418 5171 των
453 5118 743 5186 ἀπόγονος,
803 5117 895 5170 καὶ
922 5117 1022 5187 τὴν
1056 5114 1417 5187 κληρονομίαν
1449 5113 1539 5167 τοῦ
1581 5114 1896 5184 ὲκχεθέντος

310 5211 543 5280 αἵματος
575 5211 637 5261 ἐκ
664 5209 774 5260 τῶν
806 5209 1058 5278 πατέρων
1089 5207 1398 5277 δεξάμενος,
1429 5204 1538 5259 τῶν
1562 5204 1737 5270 οὕτως
1770 5205 1897 5259 ἑαυο

312 5306 428 5364 τοῖς
482 5301 577 5352 καὶ
630 5302 744 5364 τοῖς
800 5300 1010 5362 τέκνοις
1067 5297 1453 5368 ὲπευξαμένων
1483 5337 1497 5361 ,
1553 5296 1691 5368 ὑπὲρ
1749 5297 1892 5360 τίνος

313 5393 627 5462 νηστεύειςς
666 5391 808 5444 εἰπέ.
840 5391 901 5444 El
948 5391 1047 5462 μὲν
1071 5390 1145 5453 ὡς
1181 5387 1455 5459 μετανοῶν
1480 5389 1565 5458 ἐφ’
1599 5381 1678 5450 οἷς
1708 5388 1894 5460 ἦμαρ-

314 5499 428 5546 τες,
460 5481 920 5552 ὑπερασπάζομαί
948 5498 1006 5533 σε
1032 5481 1132 5550 τῆς
1165 5477 1409 5550 γνώμης,
1445 5479 1538 5532 καὶ
1574 5477 1893 5533 καταλιπὼν

393 5686 439 5715 ’⁵
469 5685 648 5745 ludio.
683 5701 800 5750 xm,
837 5683 870 5735 3
908 5697 1027 5752 sqq.

1977 501 2084 550 ros,
2122 485 2276 553 longe
2307 493 2724 554 exsuperarunt.

2043 659 2180 724 Quid
2211 674 2338 712 vero
2372 657 2603 712 Samson
2643 659 2724 711 "?
2770 659 2849 712 An
2896 674 2999 711 non
3055 659 3237 712 Statim
3275 661 3340 712 ab
3385 659 3552 714 ubere

1973 752 2164 804 doctus
2197 762 2281 804 est
2302 749 2583 819 jt'juttare?
2615 750 2850 820 Angelus
2895 751 3035 804 enim
3068 750 3229 804 matri
3275 753 3550 820 prmcepit,

1973 851 2032 896 ttt
2073 841 2333 896 infantem
2381 858 2411 894 a
2451 842 2574 895 vino
2623 851 2677 896 et
2726 843 2796 895 ab
2854 842 2997 895 omni
3043 841 3314 911 voluptate
3368 845 3550 910 procul

1977 934 2202 988 haberet
2233 943 2285 989 et
2308 935 2588 988 educaret.
2617 932 2684 987 At
2712 934 2834 1002 quis
2865 933 2968 987 isto
3000 933 3221 987 fortior?
3256 933 3388 1001 Quis
3417 935 3554 988 adeo

1975 1026 2281 1080 celebratus
2332 1024 2566 1078 hostium
2625 1024 3032 1093 triumphator?
3079 1024 3236 1077 Solus
3277 1039 3395 1078 cum
3434 1025 3555 1078 uui-

1975 1130 2133 1169 versa
2159 1115 2275 1168 acie
2305 1114 2484 1168 hostili
2519 1114 2792 1183 congredi,
2842 1124 2895 1168 et
2941 1114 2992 1166 in
3033 1115 3348 1171 innumeras
3370 1118 3555 1187 copias

1977 1207 2236 1277 impetum
2269 1216 2521 1277 potenter
2550 1205 2726 1261 facere
2756 1221 2954 1271 ausus;
2986 1207 3076 1275 qui
3114 1206 3400 1275 aliquando
3427 1223 3555 1263 ense

1974 1307 2030 1350 et
2074 1297 2228 1350 hasta
2277 1297 2586 1362 destitutus,
2636 1306 2849 1365 arrepta
2883 1296 3190 1350 maudihula
3223 1299 3360 1351 asini
3403 1299 3550 1351 mille

1977 1389 2120 1442 viros
2149 1388 2363 1451 stravit,
2401 1387 2518 1442 solo
2554 1389 2656 1442 hoc
2686 1402 2810 1442 osse
2835 1403 2984 1442 usus.

2053 1557 2125 1611 Ita
2157 1558 2320 1628 igitur
2351 1568 2406 1613 tu
2437 1573 2653 1628 quoque
2685 1559 2827 1614 bona
2859 1575 2953 1630 spe
2981 1572 3098 1616 esto
3133 1579 3146 1616 :
3177 1570 3228 1614 et
3268 1562 3414 1617 vires
3462 1563 3553 1618 tibi

1977 1651 2262 1704 addentur.
2311 1650 2504 1704 Alacer
2553 1660 2940 1720 prontptusque
2980 1669 3093 1706 rem
3141 1654 3451 1723 aggredere,
3501 1665 3559 1709 et

1731 1741 1818 1829 σάς
1848 1769 1876 1820 ὁ
1910 1759 1949 1813 Β
1979 1742 2442 1796 corroboraheris.
2494 1741 2566 1794 Da
2610 1757 2772 1796 aures
2805 1752 2925 1796 tuas
2971 1743 3269 1811 disciplinis
3319 1745 3559 1798 occulto-

1984 1849 2120 1895 rum,
2179 1843 2230 1888 et
2279 1833 2620 1888 oblivisceris
2656 1835 2782 1900 cibi,
2849 1835 3005 1890 sicuti
3060 1838 3286 1906 populus
3327 1848 3559 1908 secutus

1979 1923 2186 1987 Jesum,
2243 1927 2333 1994 qui
2377 1926 2540 1980 verbo
2589 1935 2643 1979 et
2693 1941 2855 1995 opere
2891 1927 3137 1982 docebat.
3185 1927 3557 1984 Revereautur

1983 2017 2405 2083 intemperantes
2458 2027 2512 2072 et
2552 2019 2915 2090 voluptatibus
2955 2019 3118 2074 dediti
3153 2019 3390 2086 Graecos,
3457 2022 3558 2075 hoc

1983 2115 2088 2171 est,
2124 2107 2354 2176 gentiles
2385 2117 2437 2162 cl
2470 2106 2708 2176 .Iuda-os,
2737 2110 2826 2178 qui
2858 2109 3126 2179 jcjunant,
3177 2111 3378 2165 frustra
3429 2114 3554 2181 qui-

1980 2197 2117 2263 dem,
2145 2207 2199 2251 et
2248 2198 2366 2253 sine
2421 2199 2823 2267 emolumento;
2879 2216 3002 2254 nam
3037 2209 3238 2256 temere
3279 2217 3339 2258 se
3382 2202 3558 2258 inedia

1982 2289 2213 2342 multant
2245 2299 2299 2343 et
2327 2298 2642 2355 macerant;
2680 2290 3031 2346 nihilominus
3061 2301 3238 2347 tamen
3270 2294 3555 2363 jejunium.

1981 2389 2038 2434 ut
2069 2395 2177 2435 rem
2213 2380 2372 2436 seriis
2397 2391 2450 2436 et
2483 2383 2738 2451 gravibus
2759 2384 3068 2439 hominibus
3088 2385 3302 2455 dignam
3324 2396 3376 2441 et
3398 2403 3558 2442 temn-

1982 2472 2216 2538 landam,
2246 2475 2566 2542 suscipiunt.
2609 2477 2950 2532 Christianos
2995 2477 3150 2532 decet
3199 2479 3427 2534 instituti
3475 2476 3586 2536 sui'

1982 2573 2230 2619 accurata
2263 2565 2594 2632 observatio,
2625 2577 2680 2622 et
2708 2583 2878 2624 sacra:
2910 2569 3257 2624 institutionis
3299 2571 3554 2638 gravitas,

1981 2658 2174 2726 quippe
2203 2658 2396 2728 quibus
2431 2674 2553 2714 vera
2595 2669 2649 2715 et
2685 2675 2818 2730 pura
2871 2663 3085 2730 pietatis
3137 2663 3371 2719 colendae
3421 2666 3561 2720 ratio

1982 2755 2249 2816 suppetat.
2285 2746 2384 2814 Qui
2409 2748 2524 2803 siue
2550 2748 2652 2804 hac
2680 2750 2730 2803 in
2768 2751 2958 2805 morali
2983 2752 3134 2820 quasi
3167 2751 3563 2808 exercitatione

1983 2836 2280 2902 elaborant,
2305 2838 2510 2894 similes
2553 2839 2684 2894 mihi
2719 2839 2969 2895 videntur
3026 2841 3153 2907 illis,
3203 2845 3292 2914 qui
3341 2845 3559 2900 domum

1982 2929 2099 2984 sine
2154 2929 2503 2986 fundamento
2552 2930 2840 2996 aediﬁcant,
2902 2942 2996 2987 aut
3044 2933 3166 2998 illis,
3222 2936 3314 3006 qui
3370 2953 3559 2992 navent

1984 3031 2328 3086 construunt,
2379 3023 2581 3078 omissa
2640 3024 2845 3082 carina.
2909 3024 3067 3081 Tales
3121 3037 3247 3082 sunt
3303 3028 3562 3085 indociles

1910 3103 1952 3159 C
1988 3112 2215 3166 Hebra‘i.

2053 3201 2161 3256 Nec
2205 3205 2370 3257 risum
2409 3213 2593 3259 tenere
2640 3204 2816 3272 valeo,
2873 3209 3090 3278 quando
3133 3211 3336 3281 aspicio
3385 3211 3568 3268 excal-

1984 3302 2186 3358 ceatos,
2212 3303 2265 3349 ct
2289 3296 2534 3350 candidis
2561 3296 2738 3366 palliis
2767 3299 2982 3356 indutos
3020 3303 3253 3360 circuire
3282 3305 3516 3376 compita
3543 3325 3559 3374 ;

1986 3383 2240 3454 probrum
2272 3385 2492 3457 Moysis,
2536 3396 2590 3442 et
2637 3389 2872 3447 dedecus
2897 3395 3305 3465 prophetarum,
3349 3409 3404 3452 et
3448 3415 3562 3466 eos,

1985 3477 2076 3547 qui
2115 3488 2270 3532 erant
2299 3481 2573 3549 genimina
2619 3483 2872 3552 Abrahzc,
2909 3502 3053 3543 nttnc
3090 3489 3350 3545 abortivis
3393 3507 3565 3548 annu-

1987 3571 2224 3635 merari;
2257 3586 2548 3642 servosque
2582 3574 2906 3644 insipientia:
2931 3579 3101 3636 factos
3129 3582 3268 3646 illos,
3295 3585 3383 3653 qui
3411 3596 3567 3640 erant

1988 3659 2079 3712 lilii
2119 3659 2405 3727 libertatis,
2453 3663 2700 3719 indoctos
2731 3675 2787 3720 et
2835 3667 3071 3738 exleges,
3106 3673 3196 3739 qtti
3245 3674 3372 3727 olim
3411 3687 3565 3730 erant

1988 3751 2234 3819 discipuli
2276 3752 2444 3823 legis;
2481 3755 2570 3822 qui
2614 3769 2762 3823 spem
2809 3757 3149 3814 liberationis
3192 3770 3246 3816 et
3297 3766 3565 3820 evasionls

1988 3843 2306 3909 amiserunt,
2345 3854 2624 3914 postquam
2659 3845 2861 3916 ﬁguras
2885 3847 3183 3904 futurorum
3213 3853 3377 3907 stulte
3411 3869 3567 3924 repu-

1990 3935 2204 3988 diarunt
2235 3952 2248 3988 :
2277 3935 2489 4005 Moyses
2537 3935 2713 3998 enim,
2768 3937 2820 3991 in
2867 3937 3115 3992 omnibus
3180 3954 3299 4009 qua:
3350 3945 3562 4013 agebat,

1992 4023 2290 4106 l'uturorpm
2355 4024 2616 4093 imagines
2679 4025 3088 4095 prmformabat;
3142 4028 3257 4084 sive
3303 4031 3564 4102 jejunium

1992 4115 2287 4176 intuearis,
2333 4113 2456 4168 sive
2514 4118 2891 4187 sccnopegiam
2942 4133 3037 4174 seu
3099 4121 3566 4178 tabernaculorum

1990 4207 2438 4270 exstructionem,
2493 4208 2610 4263 sive
2661 4220 3230 4266 commemorationem
3276 4213 3563 4279 tubarum,

1993 4299 2105 4353 sive
2150 4299 2644 4367 circumcisionem,
2695 4317 2882 4371 azyma
2916 4311 2969 4356 et
3008 4302 3246 4358 lactucas
3291 4315 3555 4374 agrestes.

1993 4388 2180 4445 Omnia
2213 4390 2326 4444 haec
2357 4386 2680 4446 Christianae
2709 4393 2984 4462 religionis
3025 4404 3340 4466 argumenta
3393 4407 3564 4459 erant,

1924 4456 1968 4511 D
1995 4487 2049 4533 et
2080 4479 2340 4548 imagines
2378 4479 2482 4534 illis
2509 4456 2926 4548 praedelineataa,
2962 4483 3051 4552 qui
3090 4456 3161 4538 ad
3191 4456 3566 4553 perfectionem

1997 4571 2364 4625 initiabantur.

2066 4661 2177 4731 Ego
2207 4663 2420 4730 quidem
2461 4664 2807 4719 Christianus
2841 4675 2896 4720 et
2923 4665 3178 4721 Cruciﬁxi
3228 4683 3416 4723 servus
3447 4682 3569 4738 gra-

1996 4754 2139 4807 viter
2168 4753 2217 4806 in
2243 4753 2463 4823 jejuniis
2495 4772 2578 4809 me
2614 4772 2862 4821 exerceo,
2892 4757 3004 4812 sive
3035 4768 3090 4812 ut
3117 4759 3182 4811 ad
3215 4774 3362 4828 spem
3396 4776 3571 4815 resur-

2000 4845 2252 4900 rectionis
2303 4864 2386 4900 tne
2445 4848 2618 4916 ipsum
2679 4861 3013 4918 expurgem,
3093 4851 3207 4902 sive
3262 4857 3319 4902 ut
3363 4850 3567 4902 Domini

1993 4951 2181 4990 amans
2235 4951 2425 4990 servus
2472 4939 2803 4992 cruciatibus
2839 4939 3046 4994 Domini
3101 4939 3201 4994 mei
3247 4942 3570 5008 compatiar.

1993 5025 2076 5080 Tu
2129 5041 2278 5092 vero,
2333 5043 2366 5081 0
2429 5028 2820 5083 homicidarum
2879 5030 3077 5100 proles,
3133 5040 3188 5086 et
3242 5045 3427 5084 eorum
3483 5032 3572 5101 qui

1995 5119 2201 5189 Agnum
2233 5129 2538 5173 mactarunt
2566 5136 2856 5190 pronepos,
2895 5121 2985 5190 qui
3019 5121 3385 5176 haereditatem
3417 5122 3571 5176 effusi

1997 5209 2275 5280 sanguinis
2330 5226 2357 5262 a
2409 5211 2652 5280 patrihus
2693 5213 2974 5282 accepisti,
3012 5213 3101 5281 qui
3141 5228 3260 5266 eatn
3311 5211 3434 5266 llliis
3466 5215 3575 5268 suis

2002 5300 2282 5371 imprecali
2309 5313 2454 5367 sunt,
2489 5302 2646 5374 cujus
2677 5319 2842 5357 causa
2885 5303 3134 5372 jejunas?
3174 5304 3228 5360 Si
3263 5306 3575 5376 pmnitentia

2004 5390 2195 5446 ductus
2222 5391 2291 5445 ob
2327 5407 2389 5446 ea
2415 5407 2536 5461 quae
2563 5393 2811 5462 patrasti,
2832 5392 3180 5448 vehementer
3212 5395 3369 5449 laudo
3392 5396 3577 5448 volun-

2007 5489 2168 5536 tatem
2217 5489 2361 5536 tuam
2395 5501 2408 5536 :
2447 5483 2628 5539 relicta
2663 5483 2826 5554 igitur
2867 5481 3270 5556 malignantium
3305 5503 3576 5558 synagoga
