4060 6210
417 254 524 311 387

1696 241 1751 295 Se
1789 235 2064 294 ASTERlI
2102 231 2405 290 AMASENI

3551 221 3685 284 '388

420 371 616 426 festina
663 368 729 423 ad
760 368 968 437 piorum
1015 362 1333 421 Ecclesium.
1382 361 1516 416 Veni
1563 361 1632 415 ad
1678 360 1993 424 sanguinein

2114 353 2196 425 τὴν
2228 349 2549 421 συναγωγὴν
2590 348 2698 402 τῶν
2742 348 3216 420 πονηρευομένων.
3272 344 3505 401 σπεῦσον
3543 346 3685 419 πρὸς

414 463 581 531 Δςιιί,
614 471 669 517 et
698 472 984 531 aspergere
1018 474 1032 511 :
1058 456 1182 510 inde
1208 453 1352 509 enim
1379 452 1475 509 tibi
1504 449 1739 521 expiatio
1761 448 1994 512 eveniet,

421 555 567 609 unde
599 561 874 622 peccatum
930 546 1274 604 contraxisti.
1311 543 1368 601 Si
1419 558 1549 598 vero
1591 557 1733 597 nunc
1782 554 1996 610 quoque

422 645 659 712 antiquis
685 642 936 710 alligatus
979 653 1058 703 es,
1113 638 1243 709 quid
1290 636 1392 692 sibi
1435 635 1551 690 vult
1593 631 1921 689 abstinentia
1965 645 1995 683 a

422 734 557 789 cibis
576 732 602 786 ?
636 733 716 787 An
744 731 1002 786 Niloticos
1029 728 1333 785 crocodilos
1372 727 1627 791 imitaris,
1658 737 1794 794 quos
1822 722 1995 787 aiunt,

423 825 689 890 Capitibus
725 824 1030 885 hominum,
1063 836 1201 891 quos
1249 820 1604 880 devorat-unt.
1644 817 1995 888 illacrymarl,

421 930 473 974 et
504 920 632 974 ﬂetu
664 914 921 986 prosequi
957 914 1157 968 caedem
1185 930 1200 968 :
1227 926 1336 967 nou
1360 911 1504 980 quod
1528 908 1636 964 ulla
1664 907 2001 978 plenitudine

424 1018 737 1081 tangantur,
771 1006 1061 1079 (quomodo
1093 1004 1236 1059 enim
1266 1000 1600 1075 ptenitentite
1630 1015 1794 1057 sensu
1822 999 2003 1055 allice-

424 1110 614 1155 rentur
652 1094 905 1152 animalia
949 1092 1176 1148 rationis
1202 1090 1445 1161 expertia
1492 1097 1549 1145 et
1576 1086 1881 1159 aquatica?)
1907 1084 2003 1142 sed

425 1192 707 1262 deplorant
724 1196 906 1258 caput,
938 1201 1003 1242 eo
1029 1184 1174 1256 quod
1189 1199 1313 1239 cum
1342 1197 1508 1238 carne
1534 1189 1738 1247 careat,
1762 1181 2001 1250 ineptum

425 1285 496 1337 sit
540 1282 607 1337 ad
643 1278 864 1337 cibum?
902 1277 1094 1333 Simile
1135 1276 1262 1346 quid
1296 1284 1354 1331 et
1377 1274 1519 1330 circa
1545 1270 1809 1345 jejunium
1839 1286 2008 1342 appa-

427 1383 528 1427 ret.
560 1371 784 1427 Cboreaa
829 1378 884 1424 et
917 1366 1235 1423 saltationes
1271 1365 1339 1419 ad
1373 1363 1762 1420 abstinentiam
1803 1364 2007 1418 media-

430 1461 610 1524 trices,
656 1457 929 1513 adversari
968 1456 1023 1511 in
1070 1455 1305 1524 speciem
1330 1453 1615 1519 videntur;
1660 1468 1786 1507 nam
1836 1452 2007 1508 absti-

431 1550 611 1606 nentia
638 1558 722 1604 est
745 1546 1130 1604 contractioris
1161 1544 1286 1600 vita
1327 1552 1384 1599 et
1427 1543 1692 1600 decentia:
1726 1543 2006 1613 magistra,

429 1642 624 1696 chorea
652 1650 834 1695 autem
879 1639 1076 1693 mentis
1115 1651 1213 1707 per
1251 1635 1446 1695 multas
1477 1633 1860 1691 immoderatas
1910 1649 2008 1690 vo-

430 1732 660 1805 luptates
693 1730 902 1787 dill'usa:
936 1731 1098 1785 index
1123 1738 1227 1785 est.

2096 444 2197 513 τὴν
2225 440 2554 510 Ἐκκλησίαν
2575 438 2684 493 τῶν
2709 436 2967 492 εὐσεϐῶν.
3004 436 3157 491 Ἐλθὲ
3180 436 3320 508 πρὸς
3340 433 3403 492 τὸ
3422 432 3563 508 αἷμα
3586 436 3684 491 τοῦ

2096 530 2267 605 άμνοῦ
2300 532 2394 585 καὶ
2422 530 2758 601 ῥαντίσθητι.
2801 528 3041 583 Ἐκεῖθεν
3073 530 3184 601 γάρ
3212 545 3296 582 σοι
3329 528 3562 600 ὑπάρξει
3589 530 3688 583 καὶ

2096 627 2131 695 η
2173 622 2463 695 κάθαρσις,
2512 621 2635 676 ὅθεν
2680 621 2996 692 συνεστήσω
3044 620 3143 692 τὴν
3189 619 3488 691 ἁμαρτίαν.
3531 621 3599 673 Εἰ
3627 619 3688 672 δὲ

2099 715 2179 769 ἔτι
2200 716 2293 769 καὶ
2316 713 2411 768 νῦν
2436 716 2548 777 τοῖς
2575 714 2758 777 αὐτοῖς
2783 711 3158 784 προσδέδεσαι,
3178 711 3235 765 τί
3269 727 3351 765 σοι
3379 710 3630 783 βούλεται
3651 711 3689 783 ἠ

2099 806 2281 879 ἀποχὴ
2321 805 2430 859 τῶν
2477 804 2699 871 σιτίων;
2729 804 2801 859 Ἢ
2841 803 2969 867 τοὺς
2993 804 3269 876 Νειλῴους
3309 803 3692 874 κροκοδείλους

2105 901 2275 971 μιμῇ,
2300 883 2395 962 οὓς
2424 912 2556 965 φασι
2579 899 2699 962 ταῖς
2719 895 2984 967 κεφαλαῖς
3015 896 3333 968 ἐπιθρηνεῖν
3345 895 3455 949 τῶν
3477 896 3695 966 ἀνθρώ-

2102 1006 2222 1045 πων
2256 982 2331 1044 ὧν
2372 988 2600 1060 ἔφαγον,
2634 987 2732 1042 καὶ
2767 987 3029 1059 δακρύειν
3057 986 3150 1042 τὸν
3193 986 3378 1056 φόνον,
3422 984 3486 1038 ού
3521 985 3695 1056 μεταιι

2102 1098 2250 1137 νοιαν
2269 1079 2363 1136 τοῦ
2379 1079 2673 1152 γενομένου
2706 1079 3083 1151 λαμϐάνοντας
3115 1077 3257 1150 (πῶς
3282 1077 3389 1151 γὰρ
3414 1076 3483 1132 τὰ
3518 1077 3695 1146 ἄλογα

2104 1172 2271 1246 θηρία
2310 1175 2404 1229 καὶ
2429 1173 2628 1245 ἔνυδρα
2648 1191 2663 1236 ;
2682 1172 2726 1243 ),
2775 1171 2912 1227 ἀλλὰ
2958 1171 3022 1224 τὸ
3052 1171 3293 1240 άααρκον
3316 1170 3416 1241 τῆς
3448 1169 3695 1238 κεφαλῆς

2103 1264 2484 1336 ὸδυρομένους,
2513 1263 2589 1328 ὡς
2622 1265 2705 1326 εἰς
2733 1261 2938 1335 βρῶσιν
2979 1263 3082 1316 ούκ
3122 1260 3446 1331 ὲπιτήδειονς
3481 1252 3608 1313 υἶον
3633 1257 3697 1311 δὲ

2107 1354 2201 1409 καὶ
2228 1355 2292 1408 τὸ
2319 1355 2449 1428 περὶ
2472 1355 2574 1427 τὴν
2596 1353 2852 1425 νηστείαν
2882 1353 3085 1424 σχῆμα.
3128 1352 3354 1423 Χορεῖαι
3389 1350 3485 1405 καὶ
3526 1349 3666 1421 sm
3684 1371 3703 1390 ι

2109 1467 2244 1516 σεις,
2269 1450 2371 1521 τῆς
2402 1449 2648 1513 ἁσιτείας
2692 1447 2765 1503 τὰ
2809 1447 2954 1520 μέσα
2996 1446 3092 1501 καὶ
3136 1444 3432 1508 ἐπεισόδια,
3458 1444 3703 1515 πρᾶγμα

2108 1543 2187 1615 τῷ
2217 1544 2458 1615 σχήματι
2486 1542 2566 1613 τῷ
2594 1541 2906 1612 φαινομένῳ
2943 1538 3284 1610 μαχόμενον·
3319 1536 3544 1608 νηστεία
3584 1535 3702 1605 γὰρ

2112 1628 2449 1697 πυκνώσεως
2486 1632 2580 1687 καὶ
2611 1631 2847 1704 κοσμίας
2879 1629 3221 1702 καταστολῆς
3262 1631 3462 1683 νοεῖται
3501 1627 3706 1681 me»

2044 1706 2087 1762 Β
2108 1727 2287 1799 γωγδς
2306 1769 2322 1793 ,
2360 1726 2552 1798 χορεία
2594 1726 2652 1781 δὲ
2698 1723 2991 1797 ἐρμηνιύει
3034 1722 3096 1789 τὸ
3136 1720 3529 1793 διακεχυμένον
3576 1722 3704 1783 ταῖς

2110 1819 2370 1892 ἀκράτοις
2400 1819 2496 1872 καὶ
2519 1817 2742 1881 πολλαῖς
2764 1814 3101 1878 εὐπαθείαις.

503 1909 811 1965 Memineris
852 1907 1073 1963 Mosaici
1125 1906 1270 1962 illius
1315 1904 1443 1961 dicti
1482 1904 1747 1960 :Decima
1796 1901 2008 1973 septimi

2180 1911 2305 1982 Μνη
2315 1910 2576 1980 μόνευσον
2606 1909 2717 1981 γὰρ
2759 1906 3000 1962 ἐνταῦθα
3043 1904 3211 1977 ῥητοῦ
3249 1902 3346 1957 τοῦ
3397 1900 3704 1959 Μωσαῖκοῦ

435 2001 639 2057 mensis
669 2009 881 2071 oportet
901 1999 1150 2069 jejunare
1172 1999 1242 2052 ³⁸.
1265 1996 1544 2068 Signiﬁcat
1576 1998 1720 2053 enim
1752 1998 2013 2067 septimus

2114 2001 2205 2059 τοῦ
2246 2002 2520 2071 λέγοντος,
2560 2003 2628 2072 τῇ
2667 1999 2871 2072 δεκάτῃ
2902 1997 2998 2052 τοῦ
3033 1996 3263 2068 ἑϐδόμου
3294 1995 3464 2068 μηνὸς
3501 1995 3704 2067 χρῆναι

436 2094 655 2148 mensis
681 2091 969 2160 septimum
1021 2091 1185 2158 diem,
1227 2099 1282 2150 et
1323 2090 1533 2145 decima
1587 2090 1703 2146 dies
1743 2090 2011 2146 decimam

2114 2093 2415 2166 νηστεύειν.
2461 2091 2623 2164 Δηλοῖ
2669 2091 2780 2163 γὰρ
2812 2092 2841 2146 ό
2879 2091 3108 2162 ἕϐδομος
3163 2090 3271 2160 μὴν
3310 2088 3412 2159 τὴν
3466 2087 3707 2158 ἑὸδόμην

434 2187 644 2252 horam,
685 2200 793 2255 qua
819 2182 1070 2240 Christus
1094 2184 1147 2237 in
1181 2195 1342 2238 cruce
1365 2182 1547 2237 emisit
1583 2181 1854 2251 spiritum.
1888 2179 2016 2236 Cni-

2114 2186 2357 2257 ἡμέραν·
2389 2186 2423 2255 ὴ
2451 2184 2509 2238 δὲ
2538 2183 2742 2254 δεκάτη
2779 2182 2992 2254 ἡμέρα,
3026 2181 3124 2253 τὴν
3151 2180 3386 2251 δεκάτην
3421 2176 3593 2250 ὥραν,
3642 2181 3705 2232 ὲν

435 2278 564 2334 libet
588 2278 751 2332 etiam
781 2276 857 2331 rei
883 2291 997 2331 sua:
1031 2284 1158 2329 sunt
1188 2272 1291 2329 sub
1317 2287 1536 2329 sensum
1569 2273 1822 2328 cadentes
1850 2282 2011 2336 notat,

2114 2270 2149 2352 ᾖ
2178 2277 2207 2329 ό
2239 2276 2444 2349 Κύριος
2475 2275 2569 2329 ἐπὶ
2602 2274 2696 2329 τοῦ
2739 2274 2974 2346 σταυροῦ
3010 2275 3190 2345 ἀφῆκε
3218 2275 3295 2338 τὸ,
3319 2272 3558 2345 πνεῦμα.
3590 2270 3707 2326 Καὶ

433 2384 504 2424 ex
534 2369 733 2437 quibus
763 2364 1166 2435 inaspectabilis
1197 2363 1415 2420 affectio
1440 2372 1496 2419 et
1517 2363 1798 2429 dispositio
1820 2362 2015 2417 animae

2116 2370 2332 2438 ἑκάστῳ
2350 2368 2641 2439 πράγματι
2671 2366 2930 2439 ἐξαίρετα
2971 2367 3088 2419 ἐστι
3123 2367 3218 2420 καὶ
3247 2366 3316 2419 τὰ
3348 2366 3607 2436 σχήματα
3639 2365 3708 2418 ὲκ

432 2460 797 2530 cognoscitur.
836 2456 914 2513 Tu
960 2471 1087 2512 vero
1125 2471 1244 2520 cur,
1276 2470 1399 2526 qua:
1450 2456 1669 2512 misceri
1722 2463 2015 2525 nequeunt,

2114 2459 2215 2530 τῆς
2254 2457 2580 2528 αίσθητικῆς
2629 2456 2953 2524 ἐπιφανείας
3005 2455 3106 2526 τὴν
3145 2455 3326 2527 ἄωρον
3373 2455 3473 2527 τῆς
3520 2455 3706 2525 ψυχῆς

435 2553 687 2617 miscere,
731 2560 784 2607 et
836 2552 887 2605 in
934 2550 1075 2604 idem
1121 2564 1241 2618 qua
1287 2556 1536 2618 separata
1600 2558 1728 2603 sunt
1776 2548 2016 2619 redigere

2116 2550 2378 2621 δηλοῦντα
2398 2548 2661 2603 διάθεσιν.
2686 2549 2758 2603 Σὺ
2796 2549 2855 2603 δὲ
2886 2549 2939 2602 τί
2969 2547 3231 2621 μιγνύεις
3256 2548 3325 2601 τὰ
3350 2546 3578 2619 ἄμικτα,
3609 2547 3707 2601 καὶ

436 2640 650 2696 tentas?
680 2638 889 2693 Habent
920 2647 972 2694 et
998 2637 1135 2694 alias
1164 2637 1555 2700 soletnnitates,
1594 2650 1824 2705 quarum
1856 2637 2014 2691 aliam

2120 2640 2310 2713 φύρεις
2351 2641 2411 2693 ὲν
2448 2637 2633 2709 ταυτῷ
2663 2638 2734 2692 τὰ
2767 2638 3191 2711 κεχωρισμένας
3228 2632 3380 2692 Εἱόὶν
3401 2638 3585 2700 αὐτοῖς
3613 2637 3709 2689 καὶ

437 2739 635 2789 vocant
665 2729 1080 2799 Seenopegiam,
1113 2743 1211 2783 seu
1238 2725 1438 2782 festum
1470 2726 1513 2780 Τ
1517 2725 1967 2781 abernaculorunt
2000 2741 2015 2790 ;

2118 2732 2276 2787 ἄλλαι
2320 2730 2680 2803 πανηγύρεις.
2713 2730 2827 2803 Τὴν
2875 2732 2974 2803 μὲν
3009 2730 3395 2803 Σκηνοπηγίαν
3434 2728 3662 2784 καλοῦσι
3684 2741 3701 2760 ⁸

438 2820 605 2875 aliam
639 2819 911 2874 Tubaruin
942 2819 1376 2873 recordationem
1421 2831 1520 2872 seu
1547 2819 2016 2872 commemoratio-

2118 2823 2219 2893 τὴν
2263 2821 2322 2876 δὲ
2362 2821 2549 2876 ἀκούω
2594 2820 2921 2891 Σαλπίγγων
2965 2822 3292 2894 ὑπόμνησιν.
3329 2820 3601 2894 Λελήθασι
3648 2819 3708 2874 δι

439 2927 602 2977 nem;
655 2923 755 2969 nec
787 2909 1094 2980 intelligunt
1146 2908 1357 2975 miseri,
1405 2922 1468 2965 se
1512 2907 1823 2962 Christiana
1881 2908 2016 2963 festa

2120 2912 2467 2986 Χριστιανῶν
2501 2914 2779 2985 μυστήρια
2821 2914 3194 2986 ἑορτάζοντες,
3240 2911 3426 2985 ἐπειδὴ
3471 2912 3575 2985 τῆς
3609 2912 3711 2984 μὲν

437 3003 613 3066 obire,
649 3000 775 3069 quia
800 3000 1099 3057 exstructio
1133 2998 1609 3056 tabernaculorum
1652 3010 1737 3054 est
1760 3013 2016 3067 expressa

443 3091 612 3162 figura
648 3090 926 3155 Ecclesiae,
951 3106 1112 3161 quam
1144 3089 1285 3146 Deus
1316 3091 1550 3146 Verbum
1582 3090 1853 3145 excitavit.
1889 3089 2023 3145 Eam

439 3184 511 3239 ob
541 3167 763 3240 causam
796 3182 939 3239 foliis
976 3191 1175 3238 ornant
1223 3183 1653 3248 tabernaculum,
1702 3192 1758 3237 et
1815 3197 2024 3250 prosae-

442 3276 593 3328 ninm
626 3275 742 3331 sive
766 3274 1095 3329 vestibulum
1123 3273 1403 3329 frondibus
1434 3283 1490 3331 et
1519 3273 1786 3329 fructibus
1820 3275 2022 3331 conde-

442 3373 653 3426 corant,
685 3371 743 3417 ut
778 3363 1136 3433 signiﬁcetur,
1185 3378 1383 3419 novam
1426 3364 1569 3420 hanc
1598 3374 1654 3420 et
1687 3364 2022 3419 fructiferam

442 3454 743 3512 Ecclesium
787 3456 891 3526 legi
937 3455 1286 3522 successisse,
1340 3462 1397 3509 et
1447 3458 1600 3526 quasi
1646 3456 2020 3522 succrevisse;

443 3547 724 3604 'l‘nbarutn
753 3558 880 3602 vero
913 3545 1108 3603 festum
1149 3546 1395 3605 incendit
1417 3548 1648 3611 animos,
1695 3556 1756 3603 ut
1800 3548 2028 3619 quilibet

444 3642 605 3695 homo
630 3638 861 3695 sollicite
883 3653 943 3693 se
964 3638 1032 3694 ad
1058 3640 1514 3696 resurrectionem
1541 3650 1843 3712 praeparet;
1874 3657 2024 3707 nam,

445 3730 610 3788 Paulo
650 3741 791 3788 teste
812 3733 878 3788 ’τι
902 3731 1048 3788 Tabe
1070 3742 1243 3798 cenet,
1278 3743 1326 3789 et
1353 3733 1546 3792 πιοτιαί
1567 3745 1854 3805 resurgant.
1881 3736 2024 3791 Idem

445 3822 605 3878 docet
648 3821 896 3881 Salvator
945 3824 1000 3880 in
1061 3823 1350 3897 Emangelio
1388 3840 1403 3879 :
1445 3824 1619 3883 Mittet
1659 3827 1872 3898 angelos
1903 3844 2029 3882 suos

444 3932 561 3969 cum
589 3915 713 3969 tuba
743 3926 792 3971 et
816 3932 938 3972 noce
958 3932 1177 3988 magna.
1203 3927 1254 3971 et
1281 3919 1666 3990 congregabunt
1698 3920 1886 3975 electos
1910 3921 2026 3991 ejus

446 4023 478 4061 α
504 4018 728 4076 quatuor
769 4008 1231 4065 mtisastnmnis
1262 4010 1510 4066 caelorum
1547 4028 1708 4083 usque
1748 4013 1819 4067 ad
1848 4013 2028 4069 territi-

448 4115 543 4155 nos
581 4114 759 4156 eorum
795 4100 862 4155 ”.
1282 4096 1298 4106 ”“

520 4272 644 4328 llaec
672 4284 723 4328 et
767 4275 965 4330 similia
993 4290 1115 4333 cum
1146 4276 1387 4334 Hebraeis
1425 4293 1454 4333 a
1490 4278 1645 4336 nobis
1676 4280 2019 4352 objiciuntur,

2048 3035 2093 3095 Ο
2124 3005 2331 3078 σκηνῆς
2353 3005 2387 3077 ἡ
2410 3004 2742 3077 δημιουργία
2766 3004 3086 3077 ἐμπρακτός
3115 3008 3232 3059 ὲστι
3271 3004 3578 3078 προφητεία
3609 3007 3709 3081 τῆς

2136 3095 2460 3166 Ἐκκλησίας
2503 3096 2705 3168 ταύτης
2729 3138 2744 3163 ,
2779 3097 2846 3167 ἥν
2871 3099 2900 3150 ό
2926 3096 3097 3167 Λόγος
3132 3094 3290 3168 ἡμῶν
3319 3099 3707 3170 συνεστήσατο.

2122 3188 2220 3241 Διὰ
2245 3187 2427 3253 τοῦτο,
2483 3189 2577 3242 καὶ
2605 3188 2827 3258 φύλλοις
2852 3188 3132 3260 »κοσμοῦσι
3183 3189 3286 3262 τὴν
3340 3188 3567 3262 σκηνὴν,
3616 3192 3711 3244 καὶ

2120 3277 2367 3350 ὀπώραις
2397 3280 2805 3345 καλλωπίζουσι
2826 3280 2898 3336 τὰ
2920 3282 3250 3354 προσκήνια,
3302 3283 3384 3347 είς
3416 3281 3587 3337 τύπον
3614 3282 3710 3337 τοῦ

2120 3371 2223 3442 τὴν
2266 3370 2394 3425 νέαν
2439 3372 2769 3445 Ἐκκλησίαν
2812 3372 2911 3446 τὴν
2959 3370 3239 3446 εὔκαρπον
3283 3374 3712 3431 ύποδλαστάνειν

2122 3462 2201 3534 τῷ
2225 3462 2394 3535 νόμῳ.
2434 3463 2500 3517 Ἠ
2529 3464 2586 3518 δὲ
2611 3465 2721 3519 τῶν
2759 3463 3081 3536 Σαλπίγγων
3113 3466 3294 3541 ἑορτὴ,
3332 3466 3592 3541 διεγείρει
3612 3468 3713 3533 τὰς

2123 3553 2303 3626 ψυχὰς
2332 3554 2471 3628 πρὸς
2493 3555 2812 3628 ἑτοιμασίαν
2834 3558 2934 3629 τῆς
2957 3559 3328 3624 ἀναστάσεως,
3357 3558 3541 3623 καθὼς
3566 3558 3703 3615 Ila?»-

2124 3647 2215 3712 λός
2250 3665 2383 3720 φησι
2408 3664 2422 3678 ·
2455 3650 2753 3704 Σαλπίσει
2800 3649 2930 3722 γὰρ,
2986 3649 3085 3705 καί
3117 3654 3172 3705 ot
3204 3649 3406 3721 νεκροί
3442 3650 3714 3718 ἀναστή-

2124 3754 2360 3793 σονται.
2412 3738 2666 3794 Διδάσκει
2710 3740 2769 3794 δὲ
2799 3740 2962 3805 αὐτὸς
3009 3740 3039 3791 ὁ
3089 3742 3220 3807 Θεὸς
3275 3742 3370 3796 καὶ
3414 3741 3606 3814 Σωτὴρ
3653 3744 3714 3795 ἐν

2128 3830 2484 3900 Εὑαγγελίοις
2531 3830 2742 3901 λέγων·
2802 3833 3154 3888 Ἀποστελεῐ
3204 3832 3349 3899 τοὺς
3416 3833 3715 3903 ἀγγέλους

2126 3922 2316 3979 αὐτοῦ
2338 3908 2490 3992 μετὰ
2523 3923 2866 3995 σάλπιγγος
2909 3924 3008 3979 καὶ
3041 3924 3250 3997 φωνῆς
3280 3924 3573 3996 μεγάλης,
3614 3924 3714 3979 καί

2124 4015 2478 4080 ἐπισυνάξει
2500 4014 2646 4082 τοὺς
2674 4016 3003 4083 ἐκλεκτοὺς
3033 4017 3220 4072 αὐτοῦ
3243 4018 3312 4071 ἐκ
3347 4016 3466 4071 τῶν
3491 4016 3716 4071 τεσσά-

2118 4126 2247 4178 ρων
2273 4107 2510 4178 ἀνέμων
2536 4108 2637 4163 ἀπ’
2664 4106 2864 4177 ἄκρων
2892 4108 3188 4177 οὐρανῶν,
3236 4109 3347 4175 ἕως
3374 4110 3573 4178 ἄκρων
3602 4111 3711 4161 αὐ-

2127 4215 2265 4252 των.

2199 4290 2416 4345 Τούτων
2428 4291 2488 4344 δὲ
2505 4290 2611 4344 τῶν
2642 4291 2815 4361 λόγων
2836 4292 3148 4357 ἀκούοντες,
3167 4292 3306 4365 τάχα
3332 4292 3553 4364 τοιαύτῃ
3582 4296 3717 4365 χρή-

447 4357 563 4419 hac.
593 4361 904 4419 defensione
933 4365 1193 4422 adversus
1224 4382 1323 4422 nos
1355 4377 1609 4439 uttmtur;
1641 4386 1700 4427 se
1746 4372 1860 4426 haec
1888 4370 2016 4428 festa

2129 4400 2310 4437 σονται
2365 4383 2504 4455 πρὸς
2556 4357 2727 4454 ἡμᾶς*
2764 4384 3122 4456 άντιρρήσει·
3170 4357 3269 4439 δτῖ
3308 4386 3418 4439 τῶν

447 4452 748 4520 celebrare,
782 4454 835 4508 iu
864 4456 1183 4513 memoriam
1208 4459 1620 4528 miraculorum,
1652 4473 1708 4519 et
1738 4464 1790 4518 in
1821 4464 2028 4535 gratia-

449 4558 568 4598 rum
616 4543 883 4599 actionem
940 4561 1037 4616 pro
1074 4549 1351 4605 beneﬁciis
1400 4553 1639 4623 acceptis
1680 4553 1744 4609 ad
1789 4567 2026 4612 montem

450 4629 621 4699 Sinai,
652 4643 709 4691 et
743 4639 980 4705 quando,
1029 4638 1156 4694 dum
1193 4639 1278 4695 lex
1305 4638 1557 4711 ferretur,
1598 4646 1723 4699 tuba
1770 4646 2027 4703 insonuit.

446 4720 559 4779 Nec
617 4724 1052 4785 animadvertunt
1107 4729 1298 4795 stulti,
1361 4731 1522 4786 etiam
1590 4733 1647 4790 in
1696 4733 2035 4806 legislatione

450 4816 632 4872 tubam
689 4816 1015 4890 ad'aliquid
1071 4821 1214 4877 aliud
1260 4822 1675 4894 signiﬁcandum
1732 4829 2029 4886 adhibitam

449 4922 587 4964 esse.
619 4906 752 4963 Nam
788 4925 908 4966 cum
934 4911 1029 4981 qui
1059 4912 1229 4984 legem
1275 4930 1372 4985 pro
1421 4916 1600 4982 regula
1631 4920 1754 4976 vitae
1789 4932 1938 4979 recte
1966 4938 2034 4980 ac

449 4998 645 5056 decore
671 5002 1057 5072 componendae
1082 5004 1303 5076 accipit,
1351 5006 1539 5064 timere
1579 5009 1772 5067 debeat
1812 5027 2030 5083 poenam

450 5102 514 5141 ex
574 5092 1050 5161 transgressione:
1088 5093 1207 5151 ideo
1270 5094 1413 5152 Deus
1478 5110 1743 5171 praecepta
1789 5102 1918 5157 vitae
1975 5104 2030 5158 in

453 5180 647 5237 tabulis
690 5182 912 5254 lapideis
963 5196 1183 5241 exarata
1227 5188 1539 5246 hominibus
1594 5194 1780 5259 edens,
1834 5196 2019 5250 statim

449 5285 632 5325 vocem
661 5276 800 5330 tubae
826 5279 1074 5346 apposuit
1112 5279 1181 5346 ”,
1223 5290 1281 5335 ut
1307 5290 1454 5337 esset
1486 5282 1795 5353 symbolum
1841 5302 2025 5343 resur-

449 5362 705 5418 rectionis
742 5379 808 5419 ex
837 5369 1084 5438 mortuis,
1120 5378 1182 5426 ut
1224 5372 1601 5427 mandatorum
1647 5374 1892 5446 discipuli
1927 5392 2025 5449 per

450 5455 900 5511 resurrectionem
925 5461 1272 5530 snbsequenti
1294 5461 1499 5531 judicio
1524 5464 1576 5518 in
1604 5476 1837 5523 mentem
1869 5485 2026 5526 revo-

2129 4475 2469 4549 μεμνημένοι
2493 4476 2811 4548 θαυμάτων,
2838 4475 2946 4529 τῶν
2969 4476 3066 4531 τοῦ
3099 4478 3234 4532 Θεοῦ
3262 4478 3591 4550 εὐεργεσιῶν
3618 4497 3720 4550 χα-

2130 4569 2286 4640 ριστή
2296 4585 2385 4640 ρια
2403 4567 2578 4622 ταῦτα
2603 4569 2971 4642 προσάγουσιν
2986 4570 3128 4644 ὑπὲρ
3148 4571 3241 4625 τοῦ
3262 4571 3421 4642 ὅρους
3448 4572 3597 4636 Σινᾶ,
3621 4574 3718 4626 καὶ

2126 4657 2225 4728 τῆς
2263 4655 2567 4727 σάλπιγγος
2597 4659 2696 4729 τῆς
2718 4658 3005 4731 ὴχησάσης
3027 4658 3087 4712 ὲν
3129 4663 3196 4731 τῇ
3229 4661 3373 4714 δόσει
3407 4660 3499 4714 τοῦ
3522 4662 3715 4733 νόμου.

2129 4749 2243 4801 Ούκ
2265 4748 2413 4803 ἴσασι
2440 4748 2497 4802 δὲ
2534 4750 2582 4802 οί
2611 4750 3027 4822 ματαιόφρονες,
3055 4750 3137 4804 ὅτι
3165 4753 3258 4805 καὶ
3284 4751 3456 4827 τότεὴ
3483 4752 3721 4823 σάλπιγξ

2129 4838 2373 4903 τυπικῶς
2416 4839 2743 4912 παρελήφθη
2797 4840 3077 4913 διδομένου
3124 4842 3217 4896 τοῦ
3264 4843 3453 4914 νόμου.
3496 4839 3717 4916 Ἐπειδὴ

2128 4929 2238 5001 γάρ
2259 4931 2287 4983 ὁ
2314 4929 2478 5001 νόμον
2505 4930 2801 5001 λαμὸάνων
2838 4933 2918 4996 είς
2947 4933 3150 4988 κανόνα
3180 4933 3295 5006 βίου
3332 4934 3429 4987 καὶ
3457 4931 3720 4989 εὔτακτον

2130 5020 2427 5086 πολιτείαν,
2458 5022 2666 5092 ὀφείλει
2708 5023 3008 5079 δεδοικέναι
3056 5025 3156 5098 τὴν
3194 5029 3259 5079 ὲκ
3297 5028 3396 5098 τῆς
3428 5025 3720 5098 παρακοῆς

2129 5112 2404 5184 τιμωρίαν
2423 5131 2436 5143 ·
2469 5113 2557 5167 διὰ
2577 5114 2746 5168 τοῦτο
2773 5116 2802 5168 ὁ
2836 5113 2968 5182 Θεὸς
2995 5117 3063 5171 τὰ
3087 5119 3186 5189 τῆς
3213 5114 3360 5189 ζωῆς
3387 5115 3549 5189 ήμῶν
3579 5135 3723 5190 παρ-

2131 5203 2454 5276 αγγέλματα
2511 5205 2768 5278 ἔγγραφα
2830 5211 2941 5272 τοῖς
2998 5207 3307 5280 ἀνθρώποις
3371 5209 3674 5280 ἐκπέμπων
3703 5250 3717 5269 .

2132 5294 2295 5359 εὐθὺς
2348 5296 2656 5369 προσέθηκε
2709 5298 2803 5352 καὶ
2860 5300 2961 5370 τὴν
3020 5302 3203 5374 φωνὴν
3246 5301 3346 5371 τῆς
3394 5300 3718 5369 σάλπιγγος,

2136 5386 2402 5457 σύμϐολον
2431 5389 2531 5459 τῆς
2557 5390 2620 5442 ἐκ
2650 5391 2861 5462 νεκρῶν
2883 5393 3256 5457 ἀναστάσεως,
3288 5394 3374 5446 ἵνα
3404 5392 3454 5445 οί
3479 5388 3720 5462 μαθηταὶ

2133 5475 2242 5529 τῶν
2270 5478 2735 5551 προσταγμάτων,
2764 5480 2853 5534 διὰ
2892 5481 2991 5552 τῆς
3024 5483 3376 5546 ἀναστάσεως
3406 5478 3506 5554 τὴν
3537 5482 3721 5555 κρίσιν

554 5654 601 5687 ⁸⁸
634 5655 805 5713 Levit.
838 5673 945 5728 xw,
977 5660 1068 5716 29.
1144 5664 1189 5696 ’⁷
1222 5662 1401 5721 lCor.
1432 5683 1521 5735 xv,
1551 5669 1639 5726 δὲ.
1713 5673 1757 5703 ’⁸
1790 5672 1977 5728 Matth.
2022 5691 2167 5745 xxiv,
2200 5676 2313 5733 51f
2373 5679 2416 5709 ’³
2458 5674 2628 5736 Exod.
2668 5697 2779 5747 xw,
2814 5680 2895 5736 l9.
