4060 6210
451 250 553 307 £97

1723 247 1779 303 S.
1820 243 2093 301 ASTERII
2131 243 2434 301 AMASENI

3594 244 3700 302 ΩΒ

455 374 586 429 mini
636 373 802 427 nostri
853 370 976 427 Jesu
1013 369 1242 434 Christi;
1269 369 1353 423 cui
1396 368 1564 440 gloria
1601 379 1655 426 et
1712 364 2015 440 imperi'um,

2122 370 2358 433 ἅπαντες
2410 367 2691 440 χαίροντες
2729 365 2821 420 καὶ
2873 365 3325 438 εὐφραινόμενον
3377 363 3559 436 χάριτι
3609 366 3705 420 καὶ

442 482 596 521 .nunc
631 476 683 521 et
712 466 762 520 in
797 464 1002 519 inﬁnita
1032 462 1229 517 saecula
1258 462 1601 518 saeculorum.
1635 463 1825 518 Amen.

1126 723 1317 782 'XVlll.

462 819 521 873 lu
567 817 801 873 eumdem
845 818 1081 888 quintum
1128 817 1411 885 psalmum,
1460 815 1567 870 alio
1606 815 1782 870 modo.
1834 812 2021 871 Oratio

1134 898 1343 955 quarta.

521 978 580 1034 2.
631 975 800 1031 Verba
846 992 959 1029 utea
1015 977 1229 1029 auribus
1281 975 1504 1045 percipe,
1540 974 1778 1029 Domine.
1834 972 2023 1042 Qualia

458 1071 648 1133 verba,
677 1069 990 1138 Propheta?
1027 1067 1168 1123 Deus
1203 1068 1347 1121 enim
1397 1067 1545 1122 novit
1573 1083 1657 1133 ca,
1688 1067 1850 1121 etiam
1871 1074 2026 1121 ante-

456 1171 620 1228 quam
655 1157 723 1213 de
775 1156 879 1211 illis
913 1156 1253 1224 cogitaveris.
1301 1154 1410 1210 Nos
1444 1168 1573 1224 ergo
1627 1157 1791 1223 doce,
1843 1154 2024 1225 qualia

456 1252 622 1305 verba
654 1250 761 1303 Deo
788 1250 853 1303 ad
900 1248 1254 1319 placatioueut
1309 1248 1615 1317 protuleris,
1660 1259 1718 1303 nt
1760 1263 1858 1305 nos
1887 1260 2024 1317 quo-

455 1356 561 1411 que
596 1341 786 1396 iisdem
831 1350 1066 1394 utamur.
1123 1339 1314 1407 Qualia
1364 1340 1578 1394 verba?
1624 1341 1760 1396 Audi
1811 1354 1931 1409 quae
1970 1340 2025 1395 in

450 1436 731 1506 proposito
756 1434 963 1504 psalmo
990 1433 1275 1496 habentur,
1329 1447 1450 1502 quae
1499 1433 1609 1488 Deo
1655 1433 1868 1498 dicens,
1912 1442 2023 1487 tum

461 1531 723 1597 uteipsum
761 1528 1033 1589 moderor,
1060 1532 1175 1580 tum
1206 1525 1353 1579 illum
1381 1524 1559 1592 ﬂecto,
1604 1534 1716 1579 tum
1749 1526 2025 1582 auditores

459 1624 744 1677 admoneo.
776 1622 896 1677 Dixi
937 1622 1109 1678 inira:
1145 1621 1197 1677 5.
1230 1621 1495 1688 Quoniam
1526 1634 1629 1675 non
1669 1620 1809 1674 Deus
1850 1619 2026 1674 volens

2128 460 2505 531 φιλανθρωπίᾳ
2528 459 2623 513 τοῦ
2649 461 2857 530 Κυρίου
2887 459 3042 530 ἡμῶν
3084 456 3259 530 Ἰησοῦ
3290 456 3528 529 Χριστοῦ
3553 473 3566 488 ο
3668 459 3700 528 ἡ

2124 550 2252 617 δόξα
2284 553 2377 604 καὶ
2407 550 2467 603 τὸ
2501 550 2721 622 κράτος,
2756 548 2851 603 νῦν
2894 550 2990 602 καὶ
3024 551 3101 613 είς
3146 549 3272 613 τοὺς
3315 547 3702 618 άτελευτήτους

2124 641 2329 707 αἰῶνας
2354 641 2463 695 τῶν
2491 639 2723 696 αἰώνων.
2766 641 2958 712 Ἀμήν.

2861 735 2969 787 ιη’.

2219 825 2324 891 Είς
2355 790 2461 879 re}
2485 822 2672 878 αὐτὸν
2702 822 2746 877 ε’
2777 824 3043 892 ψαλμὸν,
3068 821 3291 889 ἄλλως.
3319 823 3510 892 Λόγος
3543 818 3612 874 δ’.

2199 982 2275 1038 B'.
2300 982 2376 1037 Τὰ
2386 979 2626 1050 ῥήματά
2637 997 2758 1049 μου
2774 977 3071 1041 animum,
3093 977 3289 1044 Κύριε.
3304 975 3440 1028 Ποῖα
3460 974 3708 1045 ῥήματα,

2126 1074 2410 1146 προφῆτας
2452 1073 2511 1125 '0
2541 1071 2638 1142 μὲν
2663 1069 2774 1140 γάρ
2802 1069 2935 1132 Θεὸς
2956 1064 3096 1122 οἶδεν
3124 1066 3262 1120 αὐτὰ
3285 1066 3372 1120 καὶ
3409 1066 3538 1137 πρὶν
3564 1063 3705 1117 αὑτὰ

2125 1160 2459 1234 ὲνθυμηθῇς.
2505 1160 2687 1232 Ἥμᾶς
2723 1156 2816 1214 οὖν
2859 1158 3087 1225 δίδαξον,
3134 1160 3264 1213 ποῖα
3306 1157 3526 1229 ῥήματα
3567 1156 3705 1226 πρὸς

2126 1253 2439 1325 δυσώπησιν
2467 1250 2547 1323 τῷ
2577 1252 2697 1323 Θεῷ
2727 1253 3127 1324 προσήνεγκας,
3159 1250 3247 1303 ἵνα
3272 1250 3367 1303 καὶ
3402 1250 3560 1319 ἡμεῖς
3592 1250 3704 1309 τοῖς

2122 1346 2310 1409 αὐτοῖς
2357 1343 2712 1416 χρησώμεθα.
2762 1342 2898 1395 Ποῖα
2944 1343 3197 1414 ρήματα;
3249 1341 3515 1394 Ἀκουσον
3546 1338 3614 1390 τά
3645 1339 3705 1391 ὲν

2120 1438 2208 1510 τῷ
2233 1436 2585 1508 προκειμένῳ
2631 1435 2862 1507 ψαλμῷ,
2911 1436 3054 1507 ἆπερ
3090 1434 3263 1503 λέγων
3301 1432 3379 1503 τῷ
3418 1430 3566 1501 θεῷ,
3610 1430 3707 1484 καὶ

2127 1528 2363 1601 ἑμαυτδν
2404 1527 2750 1600 σωφρονίζω,
2793 1528 2889 1581 καὶ
2938 1526 3100 1581 αὑτὸν
3133 1523 3397 1586 δυσωπῶ,
3443 1523 3537 1576 καὶ
3578 1523 3706 1586 τοὺς

2127 1620 2425 1684 ἀκούοντας
2467 1619 2725 1675 νουθετῶ.
2762 1614 2929 1672 Εἶπον
2964 1615 3350 1678 ὑποκαταὸάςο
3397 1614 3525 1666 Ὅτι
3567 1613 3707 1681 οὐχί

454 1715 788 1786 iniquitatem
815 1724 870 1768 tu
902 1730 976 1769 es.
1010 1712 1075 1767 Ει
1093 1727 1263 1784 quare
1290 1713 1371 1768 sic
1394 1712 1620 1768 dixisti?
1652 1712 1786 1779 Quia
1828 1711 2017 1780 iniqui-

2132 1712 2276 1779 Θεὸς
2300 1711 2495 1766 θέλων
2520 1711 2771 1781 ἀνομίαν
2803 1709 2884 1764 σὺ
2905 1706 2977 1766 εἷ.
2999 1708 3109 1763 Καὶ
3136 1708 3222 1760 διὰ
3248 1708 3298 1760 τί
3318 1705 3489 1769 οὕτως
3513 1700 3704 1767 sine;

452 1814 613 1857 tatem
666 1805 787 1858 odio
829 1805 989 1859 habui
1029 1815 1078 1860 et
1122 1806 1450 1859 abominatus
1480 1821 1596 1858 sum
1621 1805 1686 1859 ³⁹.
1733 1804 1849 1858 Non
1881 1805 2023 1859 enim

455 1895 773 1963 simpliciter
823 1896 987 1950 verba
1046 1896 1441 1966 pronuntiavit,
1491 1905 1547 1951 ut
1601 1896 1875 1966 plerique;
1929 1896 2022 1950 sed

454 1988 605 2055 prius
626 2002 686 2043 ea
713 2003 772 2042 re
815 1987 928 2057 ipsa
956 1988 1234 2054 exhibuit;
1285 1988 1472 2057 sicque
1522 1988 1858 2044 conﬁdenter
1889 1990 2024 2042 dixit

457 2078 615 2134 Deo:
658 2077 827 2133 Verba
858 2093 971 2132 mea
1023 2079 1239 2132 auribus
1292 2080 1517 2149 percipe,
1579 2078 1815 2134 Domine.
1862 2079 2019 2133 Dixi:

455 2169 506 2223 6.
540 2167 663 2223 Non
689 2168 942 2223 habitabit
962 2168 1121 2238 juxta
1164 2180 1213 2223 te
1254 2170 1538 2241 malignus.
1582 2169 1731 2226 Cur?
1755 2170 1889 2238 Quia
1924 2170 2021 2226 bo-

456 2272 557 2312 nus
590 2258 798 2314 visione
822 2258 1031 2313 Domini
1084 2259 1325 2327 apparui.
1371 2259 1496 2315 Ideo
1529 2269 1581 2314 et
1632 2261 1940 2315 declinante
1992 2276 2022 2315 a

455 2365 541 2406 me
569 2349 711 2404 malo
745 2364 850 2404 non
878 2349 1271 2420 cognoscebam
1299 2349 1365 2402 ⁸ο.
1404 2350 1518 2405 Dixi
1545 2369 1560 2405 :
1593 2350 1717 2405 Non
1748 2367 2025 2421 permane-

455 2443 576 2496 bunt
607 2441 793 2510 injusti
845 2448 967 2497 ante
1005 2441 1185 2495 oculos
1217 2450 1355 2495 tuos.
1393 2442 1453 2496 Et
1489 2456 1650 2511 quam
1680 2443 1752 2497 ob
1782 2457 1892 2497 rem
1920 2444 2023 2499 hoc

454 2534 635 2589 dicere
666 2548 829 2588 ausus
860 2534 954 2588 es?
997 2533 1262 2599 Quoniam
1318 2535 1528 2605 iniquos
1579 2536 1701 2589 odio
1751 2537 1933 2603 habui,
1958 2545 2023 2591 at

453 2627 615 2696 legem
638 2635 781 2678 tuam
812 2624 974 2677 dilexi
1001 2624 1067 2678 δ’.
1090 2624 1188 2690 Qui
1219 2635 1397 2678 autem
1430 2625 1626 2694 injuste
1647 2634 1868 2695 agentes
1885 2628 2021 2693 odit,

453 2731 724 2785 nunquam
784 2728 914 2770 sane
958 2715 1338 2784 cooperabitur
1385 2715 1680 2783 iajustitiis.
1734 2714 1853 2781 Dixi
1898 2737 1911 2773 :
1965 2719 2018 2775 7.

454 2805 627 2863 Odisti
651 2820 824 2860 omnes
871 2806 959 2876 qui
998 2813 1281 2873 operantur
1308 2806 1649 2875 iniquitatem.
1686 2808 1824 2873 Quid
1857 2823 2022 2880 ergo,

450 2898 567 2967 ipse
602 2912 705 2951 non
731 2896 909 2965 inique
938 2895 1131 2966 egisti?
1175 2895 1281 2951 Sed
1306 2904 1421 2965 post
1449 2906 1721 2964 peractam
1768 2900 2023 2969 iniquita-

452 2998 558 3043 tem
593 2988 912 3059 deprecatus
963 3002 1080 3043 sum
1114 3005 1127 3042 :
1164 2987 1400 3057 Amplius
1442 2988 1559 3045 lava
1596 3004 1678 3045 me
1728 2993 1794 3046 ab
1822 2993 2021 3064 iniqui-

2138 1804 2355 1875 Ἐπειδὴ
2406 1804 2664 1873 ἀνομία-ν
2709 1803 2976 1871 ἐμίσησα
3015 1799 3114 1855 καὶ
3161 1798 3600 1867 ἐϐδελυξάμην.
3626 1797 3704 1849 Οὐ

2127 1895 2235 1967 γὰρ
2278 1894 2466 1959 ἁπλῶς
2497 1894 2567 1949 τὰ
2613 1895 2835 1966 ῥήματα
2881 1893 3087 1961 ἔλεγεν,
3128 1892 3202 1957 ὡς
3235 1894 3283 1946 oi
3317 1892 3534 1946 πολλοί·
3568 1890 3706 1946 ἀλλὰ

2126 1984 2343 2057 πρῶτον
2377 1985 2516 2038 αὐτὰ
2549 1972 2749 2049 ἔδειξεν
2784 1982 3104 2054 πράγματι·
3136 1982 3231 2035 καὶ
3270 1980 3444 2045 οὕτως
3481 1981 3705 2055 θαρρῶν

2125 2077 2280 2134 εἷπεν
2318 2078 2397 2150 τῷ
2427 2076 2574 2150 Θεῷο
2612 2075 2690 2132 Τὰ
2729 2075 2970 2147 ῥήματά
3004 2092 3123 2145 μου
3168 2075 3469 2139 ἐνώτισαι,
3503 2078 3702 2144 Κύριε.

2125 2167 2293 2225 Εἶπον
2312 2186 2326 2200 ·
2350 2172 2433 2225 οὐ
2464 2166 2819 2237 παροικήσει
2845 2182 2944 2221 σοι
2970 2165 3470 2236 ποντψευόμενος.
3492 2166 3590 2219 Διὰ
3614 2165 3701 2231 τί;

2137 2261 2354 2333 Ἐπειδὴ
2386 2258 2587 2331 ἀγαθὸς
2612 2261 2680 2333 τῇ
2707 2260 2895 2331 ὁράσει
2926 2260 3134 2331 Κυρίου
3171 2258 3417 2330 πέφηνα·
3442 2257 3510 2312 δι’
3545 2260 3574 2312 δ
3606 2259 3705 2313 καὶ

2114 2354 2458 2417 ἐκκλίνοντος
2491 2355 2586 2408 ἀπ’
2625 2354 2758 2425 ἐμοῦ
2795 2350 2890 2405 τοῦ
2935 2351 3197 2423 πονηροῦ,
3242 2352 3341 2405 οὐκ
3379 2352 3699 2419 ἐγίνωσκον.

2115 2440 2292 2498 Εἶπον
2314 2461 2328 2475 ·
2347 2447 2429 2499 Οὐ
2457 2443 2847 2513 διαμενοῦσιν
2876 2442 3205 2512 παράνομοι
3237 2443 3548 2497 κατέναντι
3582 2441 3702 2495 τῶν

2123 2535 2449 2606 ὀφθαλμῶν
2471 2548 2608 2590 σου.
2639 2536 2751 2590 Καὶ
2780 2535 2866 2589 διὰ
2885 2536 2938 2588 τί
2970 2535 3127 2588 τοῦτο
3152 2536 3326 2588 εἰπεῖν
3351 2535 3697 2606 subductae;

2129 2628 2356 2699 ’Ἐπειδὴ
2384 2629 2771 2697 παρανόμους
2793 2626 3077 2697 ἐμίσησα,
3113 2625 3221 2680 τὸν
3258 2626 3327 2680 es
3359 2628 3547 2696 νόμον
3579 2641 3700 2680 σου

2118 2719 2432 2791 chimaera.
2471 2720 2530 2774 '0
2563 2720 2619 2773 δὲ
2655 2718 3109 2790 παρανομοῦντας
3163 2719 3337 2790 μισῶν
3362 2718 3462 2771 οὐκ
3493 2717 3558 2771 ἂν
3587 2730 3701 2770 πα-

2125 2813 2413 2884 ρανομίαις
2443 2812 2753 2884 συνεργήσῃ
2779 2811 2929 2865 ποτέ.
2964 2807 3163 2865 Εἶπονο
3202 2808 3532 2880 Ἐμίσησας
3547 2808 3700 2863 πάγ-

2122 2920 2230 2971 τας
2259 2902 2402 2969 τοὺς
2418 2901 2847 2973 ἐργαζομένους
2872 2902 2987 2971 τὴν
3006 2902 3282 2972 ἀνομίαν.
3307 2901 3371 2954 Τί
3393 2896 3505 2966 οὖν,
3535 2898 3701 2965 αὐτὸς

2121 2996 2221 3049 οὐκ
2244 2994 2557 3066 ὴνόμησαςς
2588 2992 2747 3047 Ἀλλὰ
2773 2995 3053 3065 άνομήσας
3077 2993 3322 3064 ἐδεήθην·
3357 2990 3703 3047 Ἑπιπλεῖον

450 3091 556 3137 tate
580 3098 694 3136 mea
716 3083 782 3137 ".
816 3081 931 3136 Dixi
963 3102 976 3138 :
1004 3080 1199 3136 Perdes
1225 3098 1401 3138 omnes
1439 3084 1528 3153 qui
1572 3084 1855 3157 loquuntur
1876 3103 2017 3142 meu-

2124 3085 2364 3140 πλῦνον
2391 3102 2469 3155 με
2504 3084 2624 3139 ἀπὸ
2672 3082 2781 3151 τῆς
2812 3084 3067 3153 ἀνομίας
3118 3101 3259 3154 μου.
3319 3079 3515 3137 Εἷποψ
3566 3082 3699 3135 Ἀπ-

448 3175 685 3228 dacium.
740 3173 1005 3229 Caeterum
1060 3175 1149 3244 qui
1191 3185 1415 3232 noverat
1443 3178 1625 3247 perire
1681 3180 2018 3245 mendacem,

451 3280 555 3320 non
607 3265 896 3320 maculavit
930 3256 1213 3321 mendacio
1246 3268 1479 3337 linguam
1528 3283 1701 3337 suam,
1739 3285 1839 3327 nec
1868 3286 2021 3325 uten-

448 3353 631 3409 tiendo
710 3355 836 3409 fecit
876 3370 994 3408 eam
1069 3356 1170 3410 iter
1219 3360 1552 3426 perditionis.
1586 3359 1780 3417 Dixit:
1833 3361 2022 3417 Virum

447 3446 763 3514 sanguinum
791 3454 843 3500 et
883 3445 1119 3501 dolosum
1160 3448 1491 3503 abominetur
1531 3450 1805 3508 Dominus.
1844 3455 2023 3524 Atque

448 3535 730 3601 dolosum,
794 3537 969 3591 virum
1028 3539 1347 3608 sanguinum
1410 3541 1716 3610 appellavit.
1782 3542 1897 3611 Qua
1954 3546 2023 3601 de

422 3629 649 3683 'causa?
695 3627 961 3695 Quoniam
1010 3630 1227 3687 dolosas
1277 3641 1355 3688 tot
1400 3635 1677 3702 interﬁcit,
1731 3650 1864 3711 quot
1896 3642 2020 3698 dolo

447 3716 666 3788 decipit.
697 3717 833 3773 Nam
875 3720 1111 3790 dolosus,
1156 3721 1284 3778 dum
1335 3724 1478 3783 aliud
1524 3740 1747 3799 apparet
1774 3742 1831 3788 et
1874 3733 2019 3789 aliud

446 3808 681 3875 exsistit,
711 3810 970 3867 mentitur
1005 3827 1120 3870 ore.
1153 3813 1228 3871 Os
1249 3826 1423 3872 autem
1450 3821 1589 3890 quod
1620 3824 1897 3891 mentitur,
1926 3842 2013 3880 oe-

445 3903 571 3957 cidit
592 3904 823 3957 auimam
849 3902 917 3957 “.

518 4059 650 4127 Quia
676 4063 840 4132 igitur
865 4064 1165 4140 huiusmodi
1202 4070 1362 4125 verba
1394 4033 1729 4143 loquebatur,
1752 4093 1872 4148 quae
1903 4078 2018 4133 ido-

447 4162 548 4203 nea
593 4162 751 4205 erant
779 4164 834 4208 et
875 4155 1049 4225 ipsum
1082 4154 1296 4212 efﬁcere
1335 4157 1564 4227 justum,
1598 4172 1653 4216 et
1701 4162 1872 4220 Deum
1903 4167 2018 4234 pla-

443 4256 590 4308 care,
621 4254 676 4299 et
699 4249 978 4304 audientes
1010 4252 1247 4315 erudire,
1305 4262 1594 4324 eapropter
1633 4256 1802 4312 dixit:
1848 4257 2016 4314 Verba

444 4351 562 4389 mea
604 4338 819 4395 auribus
872 4343 1097 4412 percipe,
1144 4342 1397 4413 Domine;
1454 4349 1683 4421 intellige
1731 4352 2016 4408 clamorem

2120 3178 2289 3244 ολεῖς
2339 3176 2573 3241 πάντας
2618 3175 2760 3241 τοὺς
2788 3175 3130 3241 λαλοῦντας
3151 3175 3217 3228 τὸ
3245 3172 3492 3243 ψεῦδος.
3546 3174 3608 3226 ‘0
3641 3172 3701 3227 δὲ

2122 3270 2298 3334 είδὼς,
2327 3270 2409 3322 ὅτι
2426 3267 2797 3339 ὁψευδόμενος
2821 3266 3139 3330 ἀπόλλυται,
3169 3267 3268 3319 οὐκ
3296 3267 3363 3319 ἂν
3391 3267 3489 3337 τὴν
3517 3265 3698 3334 γλῶσ-

2124 3380 2222 3416 σαν
2269 3360 2432 3414 αὑτοῦ
2490 3359 2567 3431 τῷ
2605 3360 2790 3429 ψεύδει
2814 3358 3136 3423 ἐσπίλωσεν,
3179 3358 3299 3411 οὐδὲ
3327 3358 3393 3412 ἂν
3425 3358 3700 3421 ἀπωλείας

2120 3455 2238 3508 ὁδὸν
2267 3455 2471 3526 ταύτην
2488 3454 2740 3524 ἐποίησεν
2762 3452 3106 3524 ψευδόμενος.
3134 3450 3301 3506 Εἶπεν
3320 3467 3335 3482 ’
3365 3453 3589 3521 ’Ἄνδρα
3611 3455 3700 3507 αἱ⁴

2110 3542 2321 3613 ,μάτων
2349 3544 2447 3597 καί
2487 3544 2695 3597 δόλιον
2724 3544 3142 3608 βδελύσσεται
3181 3545 3420 3613 Κύριος.
3455 3545 3563 3597 Καὶ
3603 3543 3699 3597 τὸν

2114 3635 2291 3689 δόλιον
2341 3632 2508 3705 ἄνδρα
2539 3632 2785 3704 αίμάτων
2823 3632 3101 3687 ἐκάλεσεν.
3151 3633 3249 3686 Διὰ
3275 3633 3362 3697 τίς
3407 3633 3624 3705 Ἐπειδὴ
3668 3636 3699 3687 ὁ

2120 3727 2292 3790 δόλιος
2331 3725 2618 3789 τοσούτους
2652 3724 2887 3794 φονεύει,
2938 3725 3096 3787 ὅσους
3129 3723 3444 3777 δολιεύεται.
3491 3724 3550 3777 ⁸0
3586 3723 3698 3796 γὰρ

2116 3818 2312 3883 δόλιος,
2345 3816 2473 3872 ἄλλο
2498 3815 2820 3886 φαινόμενος
2867 3815 2963 3868 καὶ
2990 3813 3119 3867 ἄλλο
3140 3814 3442 3884 γινόμενος,
3471 3811 3549 3884 τῷ
3576 3813 3699 3866 στό-

2123 3926 2254 3980 ματι
2280 3908 2555 3979 ψεύδεται.
2585 3908 2783 3977 Στόμα
2801 3905 2870 3959 δὲ
2908 3903 3441 3975 καταψευδόμενον
3468 3903 3699 3973 ἀναιρεῖ

2116 3998 2351 4069 ψυχήνο

2202 4090 2354 4143 Ἐπεὶ
2389 4085 2482 4143 οὖν
2514 4086 2743 4143 τοιαῦτα
2769 4086 2946 4143 ἐλάλει
2988 4089 3229 4160 ῥήματα,
3262 4087 3405 4160 άπερ
3433 4082 3501 4157 ἦν
3536 4086 3698 4140 ἱκανά

2120 4181 2214 4234 καὶ
2247 4180 2410 4234 αὑτὸν
2450 4180 2764 4243 δικαιῶσαι,
2796 4179 2891 4232 καὶ
2914 4177 3050 4232 Θεὸν
3076 4179 3416 4250 δυσωπῆσαι,
3448 4179 3541 4232 καὶ
3568 4179 3696 4240 τοὺς

2117 4268 2413 4333 ἀκούοντας
2448 4269 2755 4334 παιδεῦσαι,
2797 4268 2887 4323 διὰ
2926 4268 3085 4323 τοῦτο
3113 4266 3299 4323 εἶπεν·
3340 4270 3417 4324 Τὰ
3454 4268 3697 4339 ῥήματά

2109 4379 2231 4432 μου
2261 4360 2557 4425 ἐνώτια-αι,
2575 4361 2750 4429 Κύριε
2772 4373 2786 4389 ⁸
2813 4360 2998 4427 σύν-ες
3021 4360 3133 4429 τῆς
3162 4360 3430 4432 κραυγῆς
3456 4378 3596 4430 μου.
3630 4360 3696 4413 τί

444 4442 637 4485 meum.
669 4428 808 4496 Quid
840 4433 1014 4497 enim,
1080 4437 1234 4490 turba
1282 4446 1337 4492 et
1389 4440 1646 4496 tttmulttts
1699 4455 1816 4497 erat
1865 4445 2011 4501 circa

445 4516 609 4540 ﬂ---“
675 4531 718 4540 Δ.
756 4521 799 4540 ε..
832 4522 897 4540 ιε..
943 4523 976 4540 ι.
1015 4523 1052 4540 n
1159 4528 1169 4540 ι
1231 4536 1240 4540 -
1362 4527 1374 4540 ι
1573 4530 1664 4540 Α-.
1863 4535 1875 4540 -
1920 4538 1928 4540 ξ
1958 4537 1968 4540 -

2120 4428 2226 4525 γάρ
2261 4449 2390 4526 ἄρα,
2428 4453 2587 4524 δχλος
2618 4428 2712 4507 ...ι
2742 4440 2967 4523 θόρυϐος
2992 4448 3061 4523 ἦν
3104 4428 3233 4524 περὶ
3269 4428 3361 4506 τδν
3383 4428 3560 4516 ea...
3601 4453 3695 4506 και

445 4516 635 4587 Deum,
669 4531 725 4575 et
755 4521 981 4593 indiguit
1013 4523 1294 4596 Pr0plteta:
1327 4527 1596 4586 clamore?
1617 4530 1752 4588 Nam
1787 4535 1879 4605 qui
1917 4537 2006 4594 hic

444 4612 706 4667 accedunt
738 4613 805 4667 ad
834 4615 1109 4683 praesides,
1142 4619 1264 4688 quia
1302 4621 1481 4676 sciunt
1510 4624 1635 4680 hinc
1657 4627 1877 4695 quidem
1899 4631 2007 4684 cir-

442 4713 815 4775 cumstrepere
854 4723 948 4763 eos
986 4709 1076 4779 qui
1122 4711 1174 4766 in
1208 4712 1400 4782 plateis
1433 4726 1575 4784 sunt,
1627 4718 1845 4778 aliunde
1879 4737 2008 4781 vero

442 4797 662 4885 lictores
693 4799 1028 4868 tumultuari,
1059 4812 1183 4858 ante
1218 4804 1452 4863 clamare
1496 4824 1795 4880 praecones,
1834 4816 2007 4885 ipsqu

441 4884 721 4954 prtesidcm
750 4888 966 4943 excelso
1007 4890 1130 4946 duci
1172 4893 1438 4960 vehiculo,
1477 4913 1543 4953 ac
1587 4901 1639 4955 in
1675 4903 1841 4960 multa
1861 4884 2011 4962 divi-

440 4990 555 5031 sum
580 4985 827 5067 mentem
884 4978 1110 5047 habere;
1146 4993 1201 5035 et
1246 4994 1466 5054 propter
1519 4989 1633 5045 haec
1681 4995 1861 5050 omnia
1914 4998 2006 5067 qui

438 5066 662 5138 supplex
698 5080 801 5134 est,
832 5072 1042 5140 cogitur
1062 5074 1212 5129 adire
1237 5091 1357 5131 cum
1398 5080 1651 5137 clamore.
1679 5085 1830 5151 Quod
1853 5088 1896 5143 si
1922 5066 2006 5143 ni-

441 5157 517 5212 hil
548 5159 653 5213 tale
690 5161 831 5217 circa
870 5161 1034 5217 Deum
1066 5176 1170 5230 est,
1211 5181 1315 5235 qua
1347 5170 1556 5237 ratione
1584 5172 1850 5242 Propheta
1887 5178 2001 5234 cla-

442 5266 594 5307 muns
636 5254 1023 5325 eloquebatur?
1076 5258 1268 5315 Verum
1322 5264 1413 5331 qui
1463 5265 1589 5320 alibi
1650 5268 1836 5324 dixit:
1884 5270 2006 5340 Ipse

439 5344 576 5395 enim
617 5346 758 5399 novit
805 5350 1110 5405 abscondita
1158 5354 1330 5407 cordis
1363 5354 1450 5423 “;
1500 5369 1588 5413 et:
1636 5357 2005 5431 Imperfectum

441 5449 609 5488 meum
636 5437 874 5492 viderunt
900 5441 1041 5496 oculi
1068 5445 1145 5499 tui
1166 5445 1239 5504 ης
1269 5459 1492 5505 noverat
1516 5466 1620 5509 non
1649 5468 1808 5526 egere
1833 5457 2001 5513 Deum

2118 4546 2348 4621 ἔχρῃζεν
2373 4546 2476 4615 τῆς
2496 4545 2591 4600 τοῦ
2616 4546 2896 4617 προφήτου
2922 4544 3172 4617 κραυγῆς
3192 4560 3207 4609 ;
3231 4545 3294 4598 0i
3316 4544 3426 4615 γάρ
3452 4539 3553 4597 ὧδε
3582 4546 3694 4608 τοῖς

2115 4638 2374 4710 ἄρχουσιν
2411 4637 2873 4710 προσερχόμενοι,
2917 4635 3106 4706 ἐπειδὴ
3148 4634 3386 4698 οἴδασιν,
3423 4635 3503 4688 δτι
3544 4633 3695 4687 ἐνθεν

2123 4732 2220 4802 μὲν
2258 4730 2309 4783 οἱ
2338 4730 2396 4782 ὲν
2424 4730 2546 4792 ταῖς
2594 4730 2819 4800 ἀγοραῖς
2856 4727 3228 4801 περιηχοῦσιν,
3257 4726 3521 4799 ἑτέρωθεν
3554 4727 3608 4780 δὲ
3645 4730 3697 4782 oi

2122 4819 2409 4892 ραὸδοῦχοι
2448 4818 2798 4890 θορυϐοῦσιν,
2836 4818 3144 4890 ἔμπροσθεν
3190 4822 3237 4873 oi
3278 4820 3517 4893 κήρυκες
3556 4822 3670 4891 κρά
3702 4833 3711 4851 '

2116 4910 2320 4978 ζουσιν,
2347 4910 2509 4975 αὐτὸς
2528 4913 2556 4963 ό
2582 4910 2764 4982 ἄρχων
2796 4911 2888 4963 ἐπὶ
2914 4908 3119 4981 ὑψηλοῦ
3147 4911 3422 4983 ὀχήματος
3447 4913 3540 4965 καὶ
3566 4927 3634 4964 πε
3644 4914 3689 4984 (ί

2113 5001 2288 5057 πολλὰ
2316 5000 2427 5072 ἔχει
2458 4999 2557 5073 τὴν
2588 5000 2826 5055 διάνοιαν
2847 5017 2859 5031 ·
2891 5001 2985 5054 καὶ
3006 5000 3094 5055 διὰ
3122 5000 3294 5055 ταῦτα
3318 5002 3495 5056 πάντα
3525 5006 3554 5056 ό
3580 5005 3691 5058 ἱκέ-

2113 5114 2214 5167 της
2241 5094 2611 5164 ἀναγκάζεται
2635 5091 2773 5164 μετὰ
2797 5093 3047 5164 κραυγῆς
3081 5092 3353 5148 ποιεῖσθαι
3375 5093 3476 5165 τὴν
3522 5096 3692 5166 πρόσ-

2111 5187 2250 5242 οδον.
2287 5188 2351 5240 Εί
2377 5186 2432 5238 δὲ
2461 5184 2611 5238 οὐδὲν
2644 5182 2885 5237 τοιοῦτον
2911 5183 3040 5254 περὶ
3065 5182 3156 5236 τὸν
3167 5183 3318 5247 Θεὸν,
3350 5184 3468 5247 πῶς
3493 5183 3643 5253 αὑτῷ
3665 5186 3691 5236 ὁ

2113 5282 2397 5352 προφήτης
2422 5275 2638 5346 κράζων
2655 5275 2925 5346 διελέγετο
2946 5294 2961 5341 ;
2997 5275 3138 5329 Ἀλλ’
3160 5277 3189 5329 ὁ
3211 5276 3269 5329 ὲν
3287 5275 3467 5339 ἄλλοις
3490 5274 3661 5328 είπών
3678 5292 3691 5306 ο

2112 5373 2305 5439 Αὐτὸς
2330 5375 2442 5442 γὰρ
2470 5369 2751 5441 γινώσκει
2782 5368 2856 5423 τὰ
2885 5369 3105 5438 κρύφια
3127 5367 3237 5437 τῆς
3268 5369 3520 5437 καρδίας
3538 5387 3552 5400 ·
3575 5369 3689 5435 καὶ,

2116 5464 2188 5519 Τὸ
2234 5463 2679 5535 ἁκατέργαστόν
2720 5478 2840 5531 μου
2883 5457 3048 5534 εἶδον
3084 5464 3137 5515 οι
3184 5461 3486 5533 ὀφθαλμοί
3532 5476 3651 5515 σου
3674 5478 3688 5492 ·

510 5570 937 5666 ξξῄξξεθξξξ-ῨᾘΑΙ)
1180 5584 1225 5617 ⁵⁸
1253 5583 1387 5642 Psal.
1421 5605 1468 5653 c,
1502 5592 1552 5647 l.
1634 5593 1674 5626 “
1721 5595 1860 5652 Psal.
1895 5613 2083 5665 cxvttt,
2114 5600 2237 5657 H3.
2316 5601 2360 5634 “
2383 5599 2525 5657 Psal.
2564 5614 2618 5665 ι,
2647 5596 2701 5650 4.
2746 5594 2935 5666 "Sep.
2971 5611 3010 5661 ι,
3036 5595 3123 5651 H.
3164 5595 3214 5634 “
3236 5594 3381 5653 Psal.
3411 5607 3565 5660 xt.ttt,
3595 5592 3683 5647 9!.

443 5638 487 5671 ⁸³
506 5641 648 5700 Psal.
685 5657 946 5708 csxxvnt,
990 5649 1070 5702 l6.
