4060 6210
430 270 539 328 443

1724 263 1784 323 s.
1826 219 2105 322 ssrsnu
2143 261 2450 364 suasum

3593 266 3704 325 με

433 390 619 446 redem
663 404 770 445 non
805 388 1122 454 admittunt,
1152 394 1207 443 et
1238 402 1457 444 servum
1489 386 1699 458 peccati
1753 386 1899 456 leges
1922 386 2016 443 Dei

2125 402 2340 457 χονται·
2367 387 2461 439 κα)⁸
2491 386 2584 439 τὸν
2610 383 2794 439 δοῦλον
2818 383 2949 440 ὄντα
2978 388 3043 458 τῇ
3076 385 3321 459 ἁμαρτίᾳ
3355 388 3403 441 oi
3440 387 3533 442 τοῦ
3565 390 3705 444 Θεοῦ

432 486 504 537 ab
548 480 859 535 inmeditate
903 477 1150 548 ejiciunt.
1204 475 1386 535 Habes
1435 476 1657 548 ianuam
1705 476 1860 547 legis,
1894 475 2017 547 fuge

432 572 627 629 falsam
682 580 892 639 portam
936 568 1266 637 iniquitatis.
1303 568 1406 635 Qui
1449 583 1558 627 non
1591 569 1894 639 ingreditur
1923 583 2019 639 per

431 668 659 731 ostium,
705 664 802 719 sed
834 662 1054 718 aiiunde
1086 662 1275 727 intrat,
1308 661 1396 717 fur
1426 673 1511 718 est
1540 672 1596 717 et
1621 662 1757 717 latro
1784 661 1833 694 '°
1860 678 1876 715 :
1906 661 2013 725 fur,

433 768 490 812 ut
528 757 616 828 qui
668 756 906 811 latenter
956 754 1294 822 fornicetur;
1339 754 1499 820 latro,
1557 764 1615 809 ut
1644 755 1737 825 qni
1778 754 2015 810 alienum

433 851 688 906 sull‘odiat
715 850 1147 907 matrimonium.
1183 849 1285 918 Qui
1325 863 1457 905 vero
1485 847 1652 903 intrat
1678 861 1775 917 per
1796 845 2015 915 jauuam

434 942 658 1013 legitimi
710 941 1063 1005 matrimonii,
1112 951 1296 1011 pastor
1350 949 1439 997 est
1487 939 1695 1001 ovium,
1752 946 1909 1007 pater
1935 945 2021 992 est

438 1048 687 1087 verorum
739 1032 1032 1088 liberorum
1062 1048 1077 1085 :
1108 1040 1163 1086 et
1199 1032 1252 1084 in
1292 1039 1441 1086 terra
1488 1016 1707 1098 quidem
1743 1028 1848 1082 liae
1880 1025 2019 1083 iule-

435 1124 567 1179 rieri
600 1124 846 1179 baeredes
882 1123 1068 1187 habet,
1108 1137 1272 1192 supra
1302 1136 1432 1177 vero
1463 1123 1636 1177 haeres
1670 1118 2021 1177 constituitur

435 1220 489 1274 in
524 1232 691 1287 regno
716 1216 978 1272 caelorum
1004 1235 1018 1271 :
1048 1216 1192 1285 quod
1223 1216 1431 1270 utinam
1467 1230 1571 1271 nos
1604 1229 1795 1270 omnes
1824 1228 2018 1270 conse-

434 1324 691 1378 quamur,
727 1310 903 1380 gratia
947 1316 1002 1364 et
1044 1307 1387 1364 humanitate
1435 1307 1646 1364 Domini
1688 1307 1861 1363 nostri
1889 1304 2016 1362 Jesu

433 1400 661 1464 (Sinisti,
700 1400 789 1456 cui
836 1400 1004 1472 gloria
1031 1411 1087 1459 et
1115 1403 1427 1474 imperium,
1478 1417 1626 1459 nunc
1656 1402 1790 1459 etin
1821 1401 2018 1457 saecula

433 1492 781 1548 steculurum.
810 1494 1004 1550 Anien.

793 1765 861 1819 In
896 1754 1158 1834 psalmum
1189 1777 1395 1823 sertum
1422 1767 1661 1822 homilia.

507 1855 695 1911 Militis
749 1859 839 1927 qui
886 1859 1116 1926 deliquit
1151 1859 1431 1916 excusatio
1481 1860 1540 1915 ﬁt
1587 1860 1820 1930 placatio
1875 1859 2021 1929 regis

439 1959 583 2015 trati,
625 1958 679 2004 et
726 1950 908 2006 famuli
950 1952 1039 2022 qui
1085 1952 1335 2021 peccavit
1406 1952 1732 2023 supplicatio
1792 1967 2019 2007 succen-

439 2057 557 2099 sum
593 2043 669 2096 ira
703 2045 982 2098 dominum
1029 2042 1244 2101 delinit.
1298 2044 1436 2114 Quia
1486 2047 1655 2117 igitur
1705 2036 1874 2102 David
1927 2061 2022 2116 per

440 2148 748 2208 peccatum,
795 2148 850 2193 et
877 2146 932 2192 ut
969 2138 1126 2193 miles
1157 2153 1341 2210 regem
1366 2123 1439 2193 ad
1466 2138 1603 2193 iram
1628 2148 2024 2209 provocaverat

441 2228 630 2295 Deum,
661 2239 717 2284 et
748 2239 807 2285 ut
835 2246 1027 2287 servus
1051 2232 1331 2287 deminuat
1358 2233 1762 2289 excandescere
1786 2230 2021 2299 lea-erat;

438 2331 726 2389 capropter
767 2321 1048 2390 postulans
1098 2331 1147 2378 et
1195 2322 1422 2393 supplex
1470 2332 1729 2393 tanquam
1790 2322 2024 2378 [annulus

439 2408 716 2465 dominum
759 2412 927 2466 Deum
992 2413 1425 2483 deprecabatur:
1461 2414 1517 2471 2.
1566 2414 1809 2481 Domine,
1862 2430 1925 2468 ne
1966 2416 2022 2467 in

438 2498 616 2565 furore
649 2515 740 2554 tuo
765 2517 959 2572 arguas
980 2519 1062 2557 me
1081 2542 1096 2568 ,
1128 2519 1290 2574 neque
1320 2504 1373 2557 in
1398 2505 1479 2558 ira
1507 2514 1600 2559 tua
1625 2506 1884 2573 corripias
1913 2520 2014 2558 me.

438 2588 519 2642 Ira
565 2591 872 2647 concitatus
901 2608 960 2647 es
987 2594 1250 2650 adversus
1296 2609 1382 2649 me
1422 2609 1738 2665 peccantem
1767 2636 1783 2659 .
1831 2611 2023 2651 recon-

438 2678 623 2733 ciliare
652 2696 774 2735 cum
805 2684 1138 2751 ptenitcnte;
1198 2688 1368 2740 iratus
1402 2701 1463 2741 es
1496 2697 1683 2741 contra
1722 2697 2019 2755 errantem,

439 2772 705 2840 propitius
745 2782 864 2828 cslo
904 2777 1221 2831 revertenti.
1271 2776 1445 2831 Tuum
1483 2777 1876 2847 juramenlum,
1918 2781 2015 2835 Do-

439 2863 609 2927 mine,
662 2864 761 2918 tibi
815 2866 882 2920 ad
918 2867 1281 2936 plaeatiouem
1350 2870 1583 2925 adduco.
1646 2871 1883 2926 Dixisti:
1919 2870 2025 2928 Per

439 2959 795 3028 memetipsttm
830 2960 1024 3026 iuraui,
1052 2966 1193 3032 quod
1236 2979 1339 3017 non
1377 2964 1494 3017 uolo
1528 2974 1749 3018 mortem
1788 2975 2026 3034 peccato-

439 3065 534 3114 m,
568 3050 703 3104 sicut
742 3052 973 3106 converti
1008 3063 1056 3107 et
1094 3053 1262 3109 eicere
1305 3055 1477 3125 ipsum
1499 3055 1569 3111 ".
1606 3054 1826 3122 Precor,
1878 3058 2021 3128 quod

439 3143 649 3207 dixisti,
678 3143 784 3200 fac.
820 3144 1092 3213 Quoniam
1125 3158 1278 3203 certe
1306 3157 1429 3219 post
1460 3158 1701 3205 erratum
1730 3165 2024 3207 conversus

439 3250 581 3302 sttui,
613 3247 668 3290 et
694 3248 813 3304 post
843 3249 1122 3307 peccatum
1156 3240 1239 3306 egi
1268 3242 1673 3311 paenitentiam,
1703 3258 1809 3299 non
1844 3253 2024 3299 autem

441 3329 587 3379 velut
626 3326 760 3382 Cain
801 3329 1145 3397 imprudenter
1173 3346 1260 3386 me
1290 3334 1453 3401 gessi.
1482 3333 1575 3389 ille
1609 3335 1979 3405 interrogatus
2007 3355 2024 3392 :

442 3414 543 3469 tibi
597 3416 726 3470 Abel
775 3417 942 3486 {rater
989 3422 1464 3492 tuus?respundit
1506 3441 1524 3480 :
1576 3424 1767 3480 Nescio
1799 3427 1865 3481 ⁷⁸.
1917 3429 2027 3497 Ego

441 3508 553 3562 dixi
586 3528 599 3563 :
630 3509 895 3576 Quoniam
954 3514 1281 3584 iniquitatem
1325 3531 1493 3571 meam
1537 3534 1631 3589 ego
1683 3535 1937 3591 cognosco
1957 3524 2020 3578 ⁷⁹.

442 3598 684 3667 Domine,
740 3619 802 3657 ne
828 3603 880 3657 in
910 3603 1093 3673 furore
1121 3618 1211 3660 tuo
1239 3622 1435 3678 arguas
1466 3625 1567 3664 me.
1613 3608 1683 3665 Ut
1713 3612 2027 3669 misericor-

440 3691 586 3747 diam
615 3694 704 3749 ubi
735 3706 1062 3752 consecutus
1090 3697 1265 3763 fuero,
1296 3699 1417 3756 aliis
1443 3716 1661 3772 quoque
1692 3705 2028 3774 paenitentia:

438 3785 527 3839 via
563 3784 765 3840 elliciar
791 3806 805 3841 :
834 3796 894 3842 ut
933 3789 1161 3844 doceam
1205 3790 1423 3861 iniquos
1460 3794 1577 3849 vias
1617 3804 1760 3861 tuas,
1791 3807 1845 3852 et
1877 3797 2025 3870 impii

440 3877 507 3933 ad
535 3888 586 3934 te
612 3890 1002 3936 convertantur
1024 3883 1094 3938 ⁸⁸.

518 3971 700 4038 Quare
740 3983 925 4028 autem
957 3983 1011 4029 et
1045 3974 1152 4031 Pro
1184 3987 1368 4032 octava
1418 3979 1711 4051 inscriptus
1757 3995 1841 4038 est
1880 3984 2026 4053 psal-

443 4079 564 4120 mus
585 4065 611 4118 ?
651 4065 702 4121 Ι.
742 4066 807 4121 In
848 4067 1008 4135 ﬁnem
1040 4071 1183 4125 enim
1216 4072 1272 4125 in
1300 4073 1620 4129 carminibus
1648 4076 1881 4145 psalmus
1914 4076 2025 4131 Da-

442 4157 526 4211 uid
553 4173 649 4227 pro
685 4168 889 4215 octava.
918 4157 1177 4217 Octavam
1213 4165 1364 4221 novit
1394 4166 1614 4235 quidem
1640 4166 1809 4223 Vetus
1835 4167 2027 4223 Testa-

440 4261 707 4317 mentum,
758 4253 1276 4324 circumcisionetn;
1322 4257 1531 4312 Novum
1573 4275 1723 4325 vero,
1778 4277 2026 4316 resurre-

438 4341 674 4397 ctionem
704 4358 733 4397 a
758 4344 1008 4409 mortuis,
1032 4346 1084 4399 in
1108 4362 1212 4415 qua
1237 4348 1649 4405 circumciditur
1670 4367 1836 4406 mors.
1873 4351 2025 4407 Prte-

2050 3106 2099 3170 ο

2120 478 2278 549 νόμοι
2302 478 2403 549 τῆς
2423 477 2788 550 κληρονομίας
2818 477 3190 533 ἐκϐάλλουσιν.
3210 479 3395 550 Ἔχεις
3415 478 3512 552 τὴν
3530 480 3703 554 θύραν

2119 569 2216 623 τοῦ
2248 570 2439 641 νόμου,
2469 569 2609 640 φύγε
2637 569 2736 641 τὴν
2764 570 3080 643 παράθυρον
3111 572 3211 641 τῆς
3237 572 3487 642 ἀνομίας.
3530 574 3588 627 '0
3628 577 3706 645 μὴ

2120 662 2505 734 εἰσερχόμενος
2535 662 2623 717 διὰ
2644 662 2746 734 τῆς
2771 662 2965 734 θύρας,
2998 663 3135 718 ἀλλὰ
3167 664 3443 735 ὲμδαίνων
3474 666 3697 739 ἀλλαχό-

2124 754 2237 820 θεν,
2271 754 2512 826 κλέπτης
2543 757 2691 810 ἐστὶν
2722 756 2815 809 καὶ
2849 756 3052 830 λῃστής
3071 773 3085 787 ’
3111 756 3368 828 κλέπτης,
3402 756 3478 821 ὡς
3511 757 3705 814 itava

2120 861 2227 899 νων
2269 845 2329 899 ὲν
2361 845 2440 916 τῷ
2482 843 2767 917 πορνεύειν
2791 861 2808 878 ο
2841 835 3071 916 λῃστὴς,
3105 843 3183 907 ὡς
3210 842 3505 913 διορύττων
3546 845 3705 898 ἀλλό-

2118 955 2268 1010 τριον
2301 938 2496 1009 γάμον.
2540 938 2600 991 ’0
2635 937 2694 991 δὲ
2722 936 3105 1009 εἰσερχόμενος
3136 934 3225 989 διὰ
3276 935 3375 1006 τῆς
3409 934 3581 1007 θύρας
3611 937 3706 990 τοῦ

2120 1029 2352 1101 νομίμου
2382 1028 2585 1101 γάμου,
2624 1030 2829 1101 ποιμήν
2884 1029 3000 1083 ἐστι
3031 1028 3141 1082 τῶν
3172 1027 3484 1099 προϐάτων,
3520 1038 3711 1098 πατὴρ

2119 1121 2269 1175 ἐστιν
2304 1121 2414 1175 τῶν
2451 1121 2692 1192 γνησίων
2719 1120 2958 1175 τέκνωνο
2997 1121 3149 1175 κάτω
3190 1120 3289 1192 μὲν
3332 1120 3708 1193 κληρονομούο

2123 1231 2303 1285 μενος,
2340 1213 2453 1268 ἄνω
2479 1214 2535 1267 δὲ
2575 1214 2914 1286 κληρονόμος
2950 1213 3232 1285 γινόμενος
3272 1214 3332 1266 ὲν
3359 1217 3425 1286 τῇ
3458 1213 3709 1284 βασιλεία

2118 1305 2228 1360 τῶν
2279 1303 2559 1377 οὐρανῶν·
2600 1301 2668 1378 ἧς
2698 1306 2909 1376 γένοιτο
2947 1307 3157 1370 πάντας
3197 1308 3347 1378 ἡμᾶς
3389 1308 3669 1378 ἐπιτυχεῖν
3694 1347 3712 1369 ,

2119 1400 2301 1472 χάριτι
2356 1401 2451 1454 καὶ
2513 1400 2895 1472 φιλανθρωπίᾳ
2933 1399 3027 1454 τοῦ
3073 1399 3280 1472 Κυρίου
3325 1400 3483 1471 ἡμῶν
3528 1399 3714 1471 Ἰησοῦ

2119 1490 2360 1561 Χριστοῦ
2385 1509 2398 1521 ο
2420 1485 2465 1561 ᾧ
2492 1495 2526 1564 ή
2561 1492 2688 1559 δόξα
2715 1494 2809 1546 καὶ
2838 1492 2899 1546 τὸ
2922 1493 3143 1564 κράτος,
3183 1493 3279 1547 νῦν
3309 1494 3405 1548 καὶ
3458 1496 3538 1559 είς
3576 1496 3712 1559 τοὺς

2122 1582 2329 1649 αἰῶνας
2350 1583 2461 1638 τῶν
2485 1582 2718 1639 αἰώνων.
2762 1585 2957 1657 Ἀμήν.

2521 1727 2525 1732 ,
2862 1676 2947 1731 K'.

2475 1767 2580 1833 Εἰς
2608 1764 2717 1820 τὸν
2748 1771 2802 1831 ς’
2856 1766 3103 1836 ψαλμὸν
3128 1767 3353 1836 ὁμιλία.

2196 1859 2535 1931 Στρατιώτου
2585 1858 3081 1931 πλημμελήσαντος
3105 1860 3371 1928 ἀπολογία
3409 1858 3503 1913 τοῦ
3536 1859 3712 1930 λυπηο

2124 1954 2312 2017 θέντος
2339 1953 2608 2024 βασιλέως
2636 1952 2854 2022 γίνεται
2878 1953 3167 2025 θεραπεία,
3207 1953 3301 2006 καὶ
3326 1954 3358 2023 ἠ
3400 1950 3493 2005 τοῦ
3528 1952 3713 2023 άμαρο

2121 2045 2386 2116 τήσαντος
2414 2043 2627 2097 οἰκέτου
2655 2043 3029 2113 πρόσπτωσις,
3077 2042 3153 2115 τῷ
3181 2042 3486 2113 θυμωθέντι
3510 2041 3712 2096 δεσιτό⁹

2123 2154 2192 2213 τῃ
2222 2136 2586 2210 παράκλησις.
2630 2135 2786 2189 Ἐπεὶ
2823 2130 2915 2189 οὖν
2942 2136 3276 2207 ἁμαρτήσας
3316 2136 3346 2188 ὁ
3390 2133 3575 2199 ausis.
3616 2134 3721 2189 καὶ

2122 2229 2198 2294 ὡς
2238 2228 2580 2301 στρατιώτης
2629 2226 2856 2298 βασιλέα
2893 2225 3249 2298 παρώργισεν
3285 2227 3378 2281 τὸν
3409 2228 3574 2291 Θεὸν,
3616 2228 3721 2281 καὶ

2124 2321 2201 2385 ὡς
2225 2321 2411 2385 δοῦλος
2441 2319 2707 2391 δεσπότην
2736 2319 3057 2392 θυμωθῆναι
3091 2319 3378 2390 εποίησεν·
3415 2318 3503 2374 διὰ
3534 2318 3719 2373 ταῦτα

2125 2412 2290 2478 ἀξιῶν
2320 2413 2416 2466 καὶ
2455 2412 2735 2476 ἱκετεύων,
2779 2413 2855 2476 ὡς
2893 2413 3113 2484 οἰκέτης
3150 2413 3418 2483 δεσπότην
3451 2412 3540 2467 τὸν
3577 2412 3721 2468 Θεὸν

2126 2506 2463 2576 παρεκάλει·
2505 2507 2704 2574 Κύριε,
2722 2504 2807 2577 μὴ
2838 2505 2918 2572 τῷ
2965 2505 3129 2576 θυμῷ
3158 2523 3274 2560 σου
3302 2506 3556 2577 ἐλέγξῃς
3595 2523 3674 2577 με
3699 2549 3717 2571 ,

2124 2593 2278 2663 μηδὲ
2303 2592 2378 2663 τῇ
2412 2593 2561 2665 ὀργῇ
2594 2609 2712 2649 σου
2737 2594 3079 2663 παιδεύσῃς
3119 2612 3218 2665 με.
3261 2595 3579 2667 Ἐθυμὼθης
3618 2613 3717 2668 μοι

2128 2686 2535 2756 ἀμσρτήσαντι,
2582 2685 2902 2756 διαλλάγηθι
2946 2688 3342 2757 μετανοήσαντι
3369 2703 3381 2715 ·
3433 2685 3720 2758 ὡργίσθης

2128 2776 2478 2848 πλανηθέντι,
2515 2776 2764 2847 ἱλάσθητι
2811 2777 3222 2849 ἐπιστρέψαντι.
3257 2778 3361 2831 Τὸν
3391 2777 3482 2831 σὸν
3510 2778 3674 2850 ὅρκον
3696 2819 3717 2844 ,

2126 2870 2392 2932 Δέσποτα,
2458 2868 2595 2940 πρὸς
2647 2866 2964 2944 δυσώπησιν
3011 2870 3307 2943 προσφέρω
3354 2887 3454 2924 σοι.
3501 2865 3715 2934 Εἷπσςο

2126 2963 2266 3017 Κατ’
2279 2964 2543 3033 ἐμαυτοῦ
2572 2964 2797 3034 ὤμοσα,
2835 2965 2924 3020 ὅτι
2960 2966 3031 3019 οὐ
3065 2966 3367 3033 ,ϐούλομαι
3408 2963 3514 3018 τόν
3540 2962 3718 3019 θάνα-

2126 3068 2234 3107 τον
2246 3053 2353 3108 τοῦ
2368 3053 2722 3123 ἁμαρτωλοῦ
2750 3055 2886 3127 (32),
2903 3056 2985 3121 ὡς
3008 3053 3075 3108 τὸ
3097 3053 3450 3124 ἐπιστρέψαι
3482 3054 3577 3108 καὶ
3606 3051 3720 3123 ζῆν

2128 3144 2335 3199 αὐτόν.
2370 3144 2706 3216 Παρακαλῶ,
2737 3144 2765 3198 ὃ
2793 3140 2957 3209 εἶπας
2979 3145 3225 3215 ποίησον.
3270 3145 3422 3199 Ἐπεὶ
3452 3139 3545 3198 οὖν
3582 3143 3719 3197 πλα-

2128 3233 2313 3305 νηθεὶς
2336 3234 2676 3307 ἀπέστρεψα,
2711 3236 2809 3290 καὶ¹
2849 3236 3181 3343 ἁμαρτήσας
3221 3236 3542 3308 μετενόησα,
3596 3233 3718 3289 ἀλλ’

2126 3329 2225 3400 οὐχ
2257 3328 2333 3392 ὡς
2362 3329 2503 3382 Κάῖν
2534 3329 2647 3399 ('53)
2684 3328 3191 3401 ἀπηναισχύντησα.
3232 3329 3470 3393 Ἐκεῖνος
3508 3331 3720 3401 ἐρωτη-

2128 3420 2264 3486 θεὶς,
2300 3421 2426 3476 Ποῦ
2459 3422 2640 3476 ’Ἅϐελ
2668 3424 2701 3476 ό
2727 3421 2990 3492 ἀδελφός
3022 3437 3177 3484 σονς
3220 3416 3393 3475 εἶπεν·
3435 3424 3517 3476 Οὐ
3546 3420 3721 3491 γινώ-

2126 3528 2276 3569 σκω.
2318 3513 2461 3584 Ἐγὼ
2488 3512 2676 3569 εἷπον
2721 3515 2840 3569 Ὅτι
2876 3514 2991 3584 τὴν
3019 3513 3278 3584 ἀνομίαν
3298 3531 3419 3583 μου
3459 3514 3574 3584 ἐγὼ
3630 3533 3719 3584 γι-

2128 3606 2362 3663 νώσκω.
2390 3608 2590 3676 Κύριε,
2613 3602 2701 3679 μὴ
2740 3607 2822 3675 τῷ
2850 3609 3013 3678 θύμῳ
3033 3624 3149 3662 σου
3182 3605 3442 3677 ἐλέγξῃς
3466 3622 3562 3676 με.
3598 3605 3721 3659 Ἵνα

2129 3699 2542 3773 φιλανθρωπίας
2584 3699 2762 3772 τυχὼν
2800 3701 2893 3756 καὶ
2945 3700 3127 3765 ἄλλοις
3158 3700 3277 3764 ὁδὸς
3310 3699 3603 3771 μετανοίας
3625 3697 3720 3766 γέ-

2128 3807 2308 3860 νωμαι
2327 3807 2342 3821 ·
2386 3790 2473 3843 ἵνα
2496 3789 2695 3856 διδάξω
2734 3791 2969 3863 ἀνόμους
2990 3791 3089 3856 τὰς
3116 3790 3272 3854 ὁδούς
3306 3807 3432 3855 σου,
3461 3789 3556 3843 καὶ
3591 3789 3720 3843 ἀσε-

2129 3881 2243 3945 ϐεῖς
2277 3869 2370 3935 ἐπὶ
2404 3881 2463 3934 σὲ
2498 3881 2938 3954 ἐπιστρέφουσιν.

2201 3974 2300 4029 Διά
2341 3975 2394 4029 τί
2446 3976 2502 4030 δὲ
2547 3977 2642 4030 καὶ
2686 3975 2865 4046 Ὑπὲρ
2922 3976 3034 4045 τῆς
3077 3973 3293 4047 ὀγδόης
3345 3975 3634 4046 ἐπεγράφη
3691 3977 3721 4028 ὁ

2127 4069 2369 4142 ψαλμός;
2397 4072 2500 4135 Εἰς
2535 4070 2601 4124 τὸ
2639 4072 2816 4137 τέλος
2861 4070 2970 4142 γὰρ
3000 4070 3070 4124 ἐν
3111 4070 3322 4140 ὕμνοις
3359 4068 3602 4138 ψαλμὸς
3637 4067 3721 4133 τῷ

2127 4160 2304 4215 Δαϐίδ
2330 4160 2481 4228 ὑπὲρ
2504 4159 2613 4229 τῆς
2643 4160 2880 4230 ὀγδόης.
2906 4160 3129 4230 Ὀγδόην
3157 4154 3295 4211 οἶδεν
3320 4159 3353 4229 ἡ
3380 4157 3479 4228 μὲν
3507 4155 3720 4209 Παλαιὰ

2130 4253 2374 4324 Διαθήκη
2400 4251 2498 4324 τὴν
2528 4252 2864 4323 περιτομήν·
2897 4253 2932 4322 ἠ
2970 4252 3028 4305 δὲ
3067 4248 3247 4321 Καινὴ
3283 4248 3384 4321 τὴν
3411 4251 3481 4302 ὲκ
3501 4246 3721 4318 νεκρῶν

2129 4347 2448 4411 ἀνάστασιν,
2473 4340 2586 4420 ὲνῇ
2621 4346 2650 4399 ὁ
2677 4344 2906 4410 θάνατος
2931 4344 3343 4417 περιτέμνεται.
3378 4342 3436 4397 '0
3464 4342 3570 4415 πρὸ
3600 4341 3721 4394 τού-

437 4433 638 4487 cellens
661 4434 906 4503 psalmus
934 4434 1232 4505 inscriptus
1257 4446 1339 4491 est
1370 4457 1382 4492 :
1424 4438 1524 4492 Pro
1555 4456 1617 4495 ea
1646 4458 1765 4512 qua:
1798 4443 2022 4497 Incredi-

2128 4457 2241 4505 του,
2281 4439 2460 4508 ’Υπὲρ
2488 4437 2597 4509 τῆς
2624 4439 3123 4509 κληρονομούσης
3157 4436 3467 4508 ἐπεγράφη,
3498 4433 3723 4504 Ἑκκληι

440 4534 603 4579 tatem
632 4526 995 4597 consequitur,
1028 4528 1142 4582 sive
1174 4527 1416 4583 Ecclesia
1458 4530 1571 4585 sive
1606 4533 1807 4587 anima.
1852 4532 1921 4587 Et
1960 4537 2026 4591 tle

438 4617 749 4674 ltmredibus
812 4618 1034 4689 quidem
1088 4621 1270 4675 dixit:
1307 4621 1394 4676 12.
1448 4621 1797 4679 Lwtabuntur
1847 4643 2023 4682 omnes

437 4713 527 4783 qui
575 4721 788 4782 sperant
840 4714 895 4766 iu
935 4715 1101 4779 te;in
1135 4723 1388 4768 atteruum
1428 4717 1783 4773 exsultabant.
1821 4718 1895 4774 De
1924 4737 2022 4776 ex-

440 4804 746 4859 hteretlibus
791 4805 1086 4861 autemzﬁ.
1138 4806 1262 4861 Non
1310 4808 1566 4864 habitabit
1609 4810 1767 4880 juxta
1814 4825 1862 4868 te
1908 4832 2025 4868 ma-

439 4895 634 4966 lignus.
676 4895 780 4952 Ubi
821 4895 1013 4953 didicit
1063 4897 1250 4964 David,
1281 4900 1447 4969 quod,
1480 4902 1534 4956 7.
1577 4902 1757 4958 Virum
1799 4909 2023 4977 sangui-

439 5004 564 5041 mmt
603 4998 652 5042 et
688 4988 930 5042 dolosam
974 4990 1317 5045 abominetur
1365 4992 1644 5061 Dominus,
1697 4999 1809 5067 ipse
1845 5008 2023 5055 autem

439 5080 563 5135 dolo
586 5080 772 5137 Uriam
809 5083 1195 5150 interemerat;
1232 5094 1285 5140 et
1316 5089 1460 5157 quod
1494 5094 1669 5144 omnis
1711 5091 2024 5159 fornicator,

440 5183 527 5228 aut
554 5176 876 5242 immundus,
909 5190 1012 5229 non
1035 5174 1187 5231 habet
1210 5179 1573 5235 [nereditatem
1598 5182 1651 5234 in
1680 5198 1840 5252 regno
1877 5184 2029 5240 Clui-

2135 4534 2255 4598 σίας
2280 4532 2527 4605 ἦψυχῆς.
2552 4532 2662 4585 Καὶ⁹
2693 4533 2824 4605 περὶ
2849 4531 2951 4603 μὲν
2966 4531 3074 4584 τῶν
3105 4529 3457 4601 κληρονόμων
3497 4526 3688 4594 ἔλεγεν
3705 4544 3719 4556 ·

2130 4626 2673 4698 Εὐφρανθιξσονται
2711 4624 2935 4690 πάντες
2971 4626 3024 4677 οἱ
3057 4620 3399 4685 ἐλπίζοντες
3435 4618 3534 4672 ἐπὶ
3572 4619 3679 4671 σοι
3706 4636 3721 4648 ο

2132 4717 2427 4787 eli-quiin:
2455 4718 2951 4778 ἀγαλλιάσονται.
2984 4716 3121 4787 Περὶ
3158 4714 3217 4768 δὲ
3255 4713 3364 4766 τῶν
3403 4709 3723 4781 ἀποκληρο-

2133 4813 2347 4881 νόμων·
2399 4812 2482 4864 Οὐ
2526 4807 2886 4877 παροικήσει
2936 4821 3037 4861 σοι
3085 4804 3592 4874 πονηρευόμενος.
3633 4802 3724 4863 Ὠς

2131 4905 2334 4978 ἔμαθεν
2389 4907 2419 4958 ὁ
2472 4903 2658 4969 Δαὸὶδ,
2697 4904 2780 4957 ὅτι
2827 4900 3045 4969 Ἄνδρα
3070 4899 3335 4969 admittar
3380 4896 3480 4951 καὶ
3509 4895 3724 4949 δόλιον

2123 5000 2539 5065 ,ϐδελύσσεται
2568 4997 2782 5064 Κύριος
2808 5011 2822 5025 ⁸
2866 4994 3028 5057 αὐτὸς
3073 4993 3131 5045 δὲ
3183 4992 3324 5062 δόλῳ
3374 4990 3465 5042 τὸν
3515 4986 3722 5057 Οὐρίαν

2129 5091 2358 5152 ἀνεῖλεν,
2395 5089 2490 5144 καὶ
2524 5090 2606 5143 ὃτι
2629 5087 2749 5155 πᾶς
2777 5088 3000 5155 πόρνος
3034 5087 3071 5156 ἢ
3099 5084 3435 5152 ἀκάθαρτος
3461 5083 3575 5135 οὐκ
3596 5079 3720 5148 ἔχει

2129 5184 2540 5254 κληρονομίαν
2591 5182 2661 5237 ἐν
2702 5180 2778 5249 τῆ
2817 5182 3109 5249 βασιλείᾳ
3160 5178 3266 5233 τοῦ
3323 5172 3587 5245 Χριστοῦ
3620 5173 3720 5225 καὶ

512 5332 559 5363 ⁷⁸
577 5333 735 5391 Joan.
764 5338 898 5406 3,1.
975 5339 1020 5373 ⁷⁷
1045 5337 1244 5396 Ezeelt.
1291 5356 1462 5395 sunt
1492 5381 1508 5407 ,
1560 5342 1645 5396 ll.
1722 5343 1769 5375 ⁷³
1789 5343 1925 5400 Gen.
1950 5360 2022 5410 ιν,

2189 5347 2236 5379 ⁷³
2264 5344 2406 5402 Psal.
2438 5362 2491 5409 L,
2522 5344 2573 5399 5.
2651 5344 2696 5377 ⁸ο
2724 5345 2855 5400 ibid.
2886 5346 2973 5400 15.

516 5448 628 5517 (32)
676 5452 1066 5523 Ἅμαρτωλοῦ.
1122 5458 1200 5513 ita
1244 5457 1417 5513 multi.
1455 5457 1724 5514 Caeterum
1762 5460 1926 5516 David
1956 5463 2029 5517 ci-

443 5530 565 5604 tans
626 5525 789 5604 verba
814 5525 1165 5604 _Ezecbieli_s,
1217 5531 1431 5604 species
1464 5538 1551 5604 est
1580 5532 1980 5604 vprrocltronismi
2009 5571 2024 5596 ,

442 5592 921 5673 qualesinterdum
946 5592 1163 5653 Asterie
1187 5592 1417 5670 aliisque
1462 5592 1715 5657 Patribus
1755 5592 2024 5672 perinco;

443 5665 728 5735 gitantiam
758 5666 1093 5722 exciderunt.

518 5735 631 5806 (33)
667 5735 838 5791 Ka't'r.
878 5736 949 5793 De
985 5738 1153 5793 (Initio
1194 5755 1315 5795 cum
1358 5739 1625 5810 elegantia
1669 5741 1898 5801 Basilius
1932 5743 2026 5802 Se-

2131 5462 2424 5518 leuciensis
2465 5471 2607 5519 orat.
2664 5463 2698 5517 4
2736 5473 2866 5518 ante
2895 5464 3075 5519 linem.
3125 5462 3371 5533 ἔμψυχος
3398 5462 3567 5533 νόμος
3606 5466 3719 5529 τοῖς

2130 5533 2297 5605 ὁρῶσι
2325 5534 2672 5605 φαινόμενος,
2697 5534 2936 5606 ἔμπνους
2958 5534 3125 5606 στήλη
3146 5535 3244 5606 τὴν
3268 5533 3502 5606 ἀνομίαν
3529 5536 3720 5605 ἐκτρέ-

2132 5604 2328 5659 πουσα.
2362 5604 2570 5659 Insulse
2598 5606 2652 5659 in
2689 5604 2841 5675 libris
2876 5604 3060 5664 editis.
3099 5604 3210 5675 τὴν
3232 5604 3445 5675 ὁμοίαν.
3484 5604 3719 5675 insuper

2133 5676 2300 5745 deleri
2347 5675 2471 5729 volo
2500 5691 2693 5729 nomen
2727 5674 2867 5729 Κάῖν
2896 5692 2949 5744 p.
3003 5676 3107 5730 5i?
3138 5674 3421 5745 tLItrysust.
3475 5674 3646 5730 Savil.
3678 5685 3721 5729 ι.

2140 5744 2247 5814 Vll,
2275 5750 2415 5819 quod
2456 5761 2485 5803 e
2507 5746 2775 5817 superiori
2806 5748 2945 5803 linea
2969 5744 3257 5815 repetitum
3283 5749 3547 5803 cernitur.
