4060 6210
519 264 626 321 617

1795 274 1854 331 S.
1897 275 2171 333 ASTERll
2210 280 2512 337 AMASENI

3665 285 3769 343 με

521 388 611 440 qui
628 380 821 431 octavo
843 376 931 432 die
960 390 1063 430 non
1085 376 1593 449 circumcidcbatur,
1619 382 1933 443 maledictus
1954 399 2083 457 erat;

2195 393 2513 465 γεγέννηται
2549 395 2680 465 (58).
2722 397 2783 451 '0
2820 398 2893 469 μὴ
2922 396 3380 471 περιτεμνόμενος
3422 399 3478 452 ὲν
3506 398 3581 468 τῷ
3618 400 3767 471 νόμῳ

521 463 574 516 in
603 465 775 531 gratia
821 464 912 534 qui
955 481 1059 519 non
1092 475 1173 519 est
1207 467 1536 536 baptizatus,
1567 487 1596 525 α
1632 487 1795 544 regno
1828 477 2087 532 caelorum

520 563 811 608 extraneas
842 564 925 609 est
955 565 1117 624 atque
1147 557 1372 612 alienus.
1409 560 1507 625 Qui
1532 563 1674 616 enim
1707 565 1844 640 dixit
1868 569 1920 621 in
1943 568 2086 639 lege:

521 643 836 698 Maledictus
891 649 1060 701 omnis
1112 650 1375 704 masculus
1400 654 1490 721 qui
1536 671 1638 708 non
1689 658 2093 714 circumcidetur

518 745 697 786 octavo
725 736 829 800 die,
860 738 1291 793 exterminabitur
1318 744 1497 797 anima
1533 745 1624 798 illa
1671 747 1737 801 de
1786 751 1978 818 populo
1999 753 2045 783 "
2071 772 2085 819 ;

516 821 660 876 idem
695 841 816 878 cum
842 825 1152 894 iuramento
1180 834 1547 898 pronuntiavit
1587 836 1639 889 in
1674 840 1883 907 gratia:
1925 841 2091 896 Amen

513 927 666 967 amen
693 914 809 967 dico
859 917 973 979 tibi,
1023 918 1125 970 nisi
1158 924 1274 989 quis
1322 937 1533 979 renatus
1570 926 1728 994 fuerit
1778 946 1842 983 ex
1875 948 2013 1000 aqua
2041 942 2090 988 et

518 999 742 1071 Spiritu,
780 1023 881 1059 nou
912 1023 1075 1076 potest
1108 1013 1280 1066 videre
1319 1031 1531 1084 regnum
1571 1017 1666 1072 Dei
1690 1020 1831 1075 ⁸⁷.-
1856 1022 2090 1093 luﬁnem

515 1112 610 1160 pro
640 1108 839 1153 octava.
873 1098 933 1151 In
961 1102 1116 1169 finem
1165 1108 1377 1173 quare?
1416 1110 1550 1176 Quia
1592 1110 1747 1168 initio
1796 1114 1959 1169 dixit:
1988 1115 2093 1169 Do-

515 1189 678 1253 mine,
710 1208 771 1245 ue
794 1192 847 1243 in
879 1192 1056 1259 furore
1085 1204 1175 1250 tuo
1196 1214 1390 1267 arguas
1417 1216 1494 1254 me
1521 1216 1541 1255 :
1584 1204 1738 1271 quasi
1768 1206 1986 1272 quidam
2012 1207 2091 1261 di-

517 1289 745 1335 cerent:
783 1282 1153 1343 Exauditusne
1175 1290 1296 1344 est?
1342 1292 1560 1346 ubinam
1610 1311 1897 1362 possumus
1941 1298 2094 1353 iuve-

519 1370 634 1421 nire
667 1373 807 1439 quod
833 1383 954 1442 post
1002 1391 1190 1443 preces
1225 1380 1515 1436 exauditus
1559 1382 1757 1439 fuerit?
1778 1389 2088 1455 respondet:

517 1459 582 1512 In
619 1461 797 1529 ﬁnem.
834 1463 976 1533 Lege
1010 1466 1167 1522 linem
1206 1471 1425 1539 psalmi,
1451 1484 1506 1528 et
1533 1477 1769 1544 reperies
1789 1479 2088 1536 dicentem:

516 1552 567 1606 ι).
621 1551 881 1609 Discedite
937 1574 969 1609 a
1008 1574 1126 1621 me,
1172 1577 1348 1617 omnes
1383 1565 1472 1632 qui
1523 1570 1812 1636 operamini
1841 1571 2092 1641 iniquita-

516 1649 656 1705 tem;
684 1646 928 1712 quoniam
958 1648 1221 1704 exaudivit
1273 1652 1525 1710 Dominus
1572 1672 1745 1712 vocem
1779 1661 1931 1727 ﬂetus
1961 1663 2092 1726 mei;

518 1730 749 1788 intendit
775 1737 1140 1805 deurccatioui
1175 1757 1327 1799 meae.
1362 1745 1634 1811 Quando?
1664 1749 1732 1802 In
1762 1751 1942 1820 finem.

2190 483 2553 555 ὀκταήμερος,
2582 487 2976 558 ὲπικατάρατος
2998 485 3086 560 ἦν·
3121 491 3149 543 6
3175 488 3250 559 μὴ
3285 487 3681 559 βαπτιζόμενος
3709 491 3767 542 ἐν

2190 573 2255 641 τῇ
2310 571 2529 641 χάριτι,
2570 574 2670 644 τῆς
2702 574 2976 645 βασιλείας
3020 576 3129 631 τῶν
3180 577 3427 649 οὐρανῶν
3479 578 3626 642 ξένος
3674 580 3766 631 καὶ

2191 661 2488 734 ἀλλότριος.
2540 665 2598 718 Ὀ
2625 665 2733 738 γὰρ
2763 666 2930 721 εἰπὼν
2958 669 3015 720 ἐν
3046 668 3123 739 τῷ
3155 669 3326 740 νόμιμ’
3372 668 3765 737 Ἐπικατάρα-

2190 770 2293 818 τος
2316 754 2434 821 πᾶς
2455 753 2652 825 ἄρσην
2674 757 2742 823 ὃς
2773 760 2847 813 οὐ
2866 759 3363 828 περιτμηθήσεται
3387 759 3461 828 τῇ
3485 759 3675 829 ἡμέρᾳ
3695 760 3767 829 τῇ

2190 844 2396 912 ὀγδόῃ,
2424 846 3005 918 ἑξολοθρευθήσεται
3037 851 3074 919 ἡ
3100 850 3272 920 ψυχὴ
3311 851 3515 919 ἐκείνη
3562 852 3635 904 ἐκ
3664 852 3768 905 τοῦ

2190 935 2364 989 λαοῦο
2420 938 2449 989 6
2498 939 2661 1003 αὐτὸς
2704 937 2854 993 εἶπεν
2920 941 3059 1011 μετά
3105 942 3268 1011 ὅρκου
3313 943 3370 994 ἐν
3418 944 3485 1012 τῇ
3543 941 3765 1012 χάριτι·

2205 1027 2392 1097 Ἀμὴν
2431 1030 2592 1100 ἀμὴν
2636 1032 2790 1102 λέγω
2825 1048 2945 1099 σοι,
2999 1033 3107 1088 ἐὰν
3147 1033 3233 1103 μή
3269 1051 3357 1100 τις
3393 1034 3657 1103 γεννηθῇ
3702 1032 3768 1096 ἐξ

2190 1120 2410 1189 ὓδατος
2448 1124 2544 1178 καὶ
2575 1128 2938 1196 Πνεύματος,
2972 1130 3044 1182 οὐ
3078 1128 3325 1181 δύναται
3353 1125 3500 1179 ἰδεῖν
3524 1124 3641 1192 τὴν
3662 1125 3773 1188 ,ϐα-

2190 1214 2432 1268 σιλείαν
2479 1216 2585 1270 τοῦ
2635 1218 2801 1271 Θεοῦ.
2854 1248 2925 1261 -
2969 1221 3072 1285 Εὶς
3118 1218 3184 1272 τὸ
3235 1217 3411 1282 τέλος
3453 1214 3606 1283 ὑπὲρ
3663 1213 3771 1283 τῆς

2192 1302 2427 1372 ὀγδόης.
2476 1307 2579 1372 Εἰς
2611 1308 2679 1360 τὸ
2726 1307 2941 1374 τέλος.
2990 1309 3077 1363 διά
3138 1309 3192 1361 τί
3209 1326 3223 1374 ;
3276 1307 3495 1378 Ἐπειδὴ
3542 1309 3623 1371 εἰς
3666 1308 3770 1378 τὴν

2192 1390 2367 1460 ἀρχὴν
2398 1387 2582 1446 εἶπεν·
2611 1396 2805 1463 Κύριε.
2845 1396 2934 1465 μὴ
2963 1397 3044 1463 τῷ
3071 1396 3235 1467 θυμῷ
3256 1411 3373 1451 σου
3395 1396 3652 1466 ἐλέγξῃς
3666 1414 3765 1465 με’

2192 1479 2269 1544 ὥς
2291 1499 2453 1536 τινων
2483 1485 2767 1553 λεγόντων,
2795 1483 2935 1560 Ἆρα
2966 1489 3327 1560 εἰσηκούσθης
3362 1488 3465 1543 ποῦ
3493 1488 3769 1559 δυνάμεθα

2192 1573 2394 1644 εὑρεῖν,
2419 1577 2500 1630 ὅτι
2526 1578 2964 1650 προσευξάμενος
2986 1580 3313 1652 εἰσηκούσθη
3336 1597 3350 1646 ;
3376 1581 3732 1649 ἀποκρίνεται
3752 1598 3764 1610 ο

2195 1669 2300 1733 Εὶς
2322 1666 2388 1719 τὸ
2406 1668 2599 1734 τέλος.
2654 1671 2954 1740 Ἀνάγνωθι
2986 1672 3047 1725 τὸ
3090 1673 3244 1736 τέλος
3273 1671 3368 1725 τοῦ
3400 1672 3641 1743 ψαλμοῦ,
3672 1674 3769 1727 καὶ

2117 1746 2163 1805 Β
2190 1758 2446 1830 εὑρήσεις
2476 1760 2724 1831 λέγοντα·
2773 1764 3107 1832 Ἀπόστητε
3135 1765 3236 1818 ἀπ’
3261 1764 3430 1834 ἐμοῦ,
3457 1764 3679 1831 πάντες
3712 1769 3768 1819 οι

512 1826 883 1898 ἐργαζόμενοι
913 1831 1027 1900 τὴν
1059 1835 1334 1905 ἀνομίαν,
1373 1837 1463 1893 ὅτι
1486 1841 1854 1909 εἰσήκουσεν
1874 1846 2093 1917 Κύριος
2129 1826 2481 1922 τῆς-φωνῆς
2520 1826 2628 1912 τοῦ
2672 1860 2983 1929 κλαυθμοῦ
3026 1826 3168 1930 μου,
3217 1826 3516 1933 προσέσχεν
3545 1864 3611 1933 τῇ
3650 1826 3769 1932 δεήο

515 1935 594 1971 σει
621 1938 744 1990 μου.
772 1924 946 1989 Πότε;
973 1928 1078 1992 Εἰς
1106 1928 1171 1982 τὸ
1194 1928 1385 1997 τέλος.

567 2048 630 2103 lu
653 2050 807 2118 ﬁnem
827 2069 920 2119 pro
937 2063 1133 2110 octava.
1164 2056 1274 2111 Cur
1299 2067 1481 2115 autem
1506 2074 1700 2118 octavo
1717 2065 1802 2121 die
1827 2067 2084 2125 Dominus

514 2143 1138 2210 resurrexitiQuoniam
1171 2150 1342 2216 prima
1385 2154 1660 2210 hominum
1695 2157 1920 2226 ogdoas,
1944 2170 2083 2214 tem-

513 2246 644 2299 pore
666 2231 811 2300 Noua,
838 2247 956 2304 post
982 2238 1190 2310 antiqui
1212 2243 1365 2297 orbis
1384 2244 1684 2315 interitum,
1711 2265 1907 2304 novum
1936 2268 2085 2306 inun-

511 2323 637 2377 dum
681 2324 736 2378 in
770 2336 956 2382 nostro
993 2344 1193 2398 genere
1248 2334 1551 2391 suscitavit.
1595 2337 1887 2410 Postquam
1938 2343 2081 2397 enim

516 2415 748 2471 mundus
770 2433 832 2472 ex
858 2418 1214 2479 fornicatione
1246 2424 1398 2481 febre
1426 2440 1671 2486 mortuus
1712 2442 1795 2487 est
1837 2448 1931 2502 per
1955 2449 2083 2505 pec-

512 2518 713 2573 catum,
742 2517 796 2563 et
821 2511 1065 2581 sepultus
1094 2512 1191 2568 fuit
1250 2516 1301 2571 in
1344 2519 1502 2587 aquis
1535 2520 1742 2587 diluvii,
1785 2534 1913 2580 tunc
1934 2535 2080 2580 octo.

512 2599 697 2654 uarius
729 2600 1008 2656 homimnn
1053 2605 1145 2673 qui
1177 2605 1231 2659 in
1285 2622 1413 2662 arca
1459 2620 1709 2667 servatus
1746 2612 1941 2679 fuerat,
1989 2628 2085 2685 per

514 2688 805 2745 liberorum
875 2697 1271 2764 susceptionem
1338 2701 1595 2756 mundum
1673 2707 1971 2761 suscitavit.
2017 2707 2084 2762 Et

511 2781 654 2846 quod
699 2780 989 2836 liberorum
1042 2787 1347 2854 procreatio
1388 2790 1606 2845 nomine
1672 2796 2083 2852 resurrectionis

512 2874 760 2934 donetur,
789 2870 914 2924 audi
975 2872 1135 2926 verba
1178 2876 1368 2929 matris
1416 2876 1559 2945 Evr,
1611 2884 1830 2949 quando
1878 2883 2083 2951 peperit

513 2959 774 3015 Sctbunt:
802 2963 1088 3017 Suscitauit
1122 2966 1257 3019 enim
1283 2967 1408 3019 mihi
1441 2967 1578 3023 Deus
1619 2987 1787 3025 semen
1816 2974 1962 3026 aliud
1987 2991 2080 3043 pro

509 3050 667 3104 Abele
687 3068 836 3121 quem
869 3055 1055 3108 occidit
1082 3053 1214 3110 Cain
1246 3057 1313 3113 ⁸⁸.
1340 3056 1404 3111 Et
1434 3060 1514 3114 lex
1546 3079 1559 3116 :
1604 3061 1662 3116 Si
1696 3064 1838 3132 quis,
1886 3067 2078 3133 inquit,

509 3145 624 3198 sine
652 3144 832 3199 liberis
866 3158 1099 3203 mortuus
1140 3149 1321 3219 fuerit,
1360 3152 1584 3222 accipiet
1612 3154 1776 3223 frater
1812 3158 1925 3225 ejus
1946 3175 2080 3213 uxo-

510 3252 641 3299 rem,
671 3248 719 3289 et
770 3239 1045 3294 suscitabit
1098 3257 1270 3296 semen
1312 3245 1473 3311 fratri
1503 3263 1598 3300 suo
1621 3247 1704 3303 ”:
1762 3257 1816 3302 et
1848 3262 1961 3305 erat
1993 3266 2079 3306 re-

508 3327 788 3381 snscitatio
813 3330 1066 3385 exstincti
1098 3347 1162 3386 ac
1184 3335 1383 3397 mortui
1397 3336 1609 3403 generis
1632 3339 1924 3394 renovatio.
1944 3341 2079 3407 Quia
2114 3312 2157 3371 (ἶ

509 3416 672 3487 igitur
694 3419 863 3486 prima
892 3424 1106 3490 generis
1152 3428 1480 3481 resurrectio
1526 3440 1645 3497 post
1691 3429 1945 3486 diluvium
1991 3448 2086 3502 per

508 3517 633 3562 ut-to
661 3510 907 3567 homines
934 3513 1072 3568 facta
1104 3526 1209 3579 est,
1257 3516 1459 3573 idcirco
1504 3529 1557 3572 et
1588 3519 1794 3590 primus
1825 3522 2084 3581 Dominus

514 3606 963 3661 resurrectionem
990 3619 1325 3679 mortuorum
1351 3612 1403 3665 in
1430 3620 1615 3667 octava
1641 3614 1859 3671 inchoat
1881 3630 2085 3686 ;qnan-

430 3748 435 3758 _
509 3698 578 3750 do
599 3697 745 3752 velut
774 3697 827 3752 in
861 3715 988 3753 arca
1015 3700 1068 3754 iu
1102 3702 1354 3772 sepulcro
1408 3714 1663 3775 tanquam
1709 3705 1821 3763 Noe
1866 3707 2080 3776 mansit,

506 3796 563 3840 et
614 3786 908 3856 impietatis
965 3789 1165 3845 diluvio
1213 3791 1373 3848 linem
1424 3793 1697 3863 imposuit,
1750 3798 2083 3868 tradiditun

507 3878 834 3945 baptismum
898 3882 1350 3949 regenerationis;
1407 3894 1463 3939 ut
1503 3887 1804 3957 consepulti
1833 3889 1947 3955 ejus
1988 3890 2085 3946 ba-

507 3968 728 4037 ptismo,
787 3980 1072 4027 consortes
1108 3975 1527 4033 resurrecuonis
1557 3978 1726 4049 ipsius
1759 3980 2077 4040 elIiciamnr.

506 4061 695 4131 itaque
724 4065 981 4131 quoniam
1031 4076 1223 4121 octava
1275 4066 1419 4123 clare
1458 4070 1509 4125 in
1572 4071 1688 4140 lege
1736 4076 2083 4146 prmvulgavit

509 4156 966 4212 resurrectionem
1023 4170 1399 4224 mortuorum,
1445 4177 1509 4218 ac
1578 4166 1984 4222 retiibutioncm
2012 4170 2080 4224 ad

504 4246 838 4318 singulorum
867 4262 1376 4321 opera;capr0pter
1426 4253 1593 4307 David
1642 4257 1732 4325 qni
1759 4272 1882 4312 cum
1914 4275 2081 4316 uvore

508 4339 650 4394 Uria:
684 4353 1025 4411 peccaverat,
1064 4358 1162 4412 pro
1187 4356 1399 4408 octava,
1444 4354 1498 4399 et
1532 4362 1628 4416 pro
1683 4352 2081 4407 resurrectione

503 4430 558 4486 in
584 4447 739 4487 suam
773 4434 1172 4498 remissionem,
1206 4437 1401 4491 orabat
1451 4454 1514 4491 ac
1561 4439 1805 4495 diccbat:
1839 4441 2077 4510 Domine,

505 4541 567 4577 ne
592 4525 644 4577 iu
668 4524 846 4593 furore
869 4536 958 4579 tuo
990 4543 1183 4597 arguas
1211 4545 1312 4594 me,
1342 4547 1508 4600 neque
1531 4532 1584 4585 iu
1605 4534 1687 4586 ira
1711 4544 1800 4587 tua
1824 4536 2080 4603 corripias

504 4632 604 4671 me.
634 4614 732 4670 llic
767 4617 1028 4688 rcsipisco
1051 4629 1105 4674 et
1128 4622 1409 4685 conliteor,
1429 4622 1650 4677 Dtnnine
1677 4644 1689 4678 :
1725 4624 1777 4679 6.
1816 4625 2079 4690 Quoniam

505 4724 605 4760 mm
631 4718 705 4760 est
739 4708 794 4761 iu
819 4722 980 4762 morte
998 4710 1086 4779 qui
1112 4727 1309 4765 memor
1334 4714 1403 4766 sit
1429 4715 1506 4766 tui
1531 4730 1550 4777 ;
1596 4715 1649 4768 in
1680 4716 1883 4784 inferno
1900 4730 2073 4773 autem

500 4800 619 4868 quis
646 4797 979 4867 conﬁtebitur
1009 4804 1226 4857 tibi?—
1256 4803 1322 4858 In
1348 4806 1506 4874 linem
1536 4823 1632 4876 pro
1666 4819 1845 4862 octava
1881 4810 1935 4862 in
1957 4826 2074 4864 car-

504 4892 731 4946 mntibus
751 4894 986 4961 psalmus
1016 4894 1207 4949 David.
1240 4894 1307 4949 Et
1346 4907 1494 4953 recte
1543 4914 1640 4967 pro
1664 4911 1851 4954 octava
1880 4918 2070 4972 prcca-

506 4983 685 5047 batur,
721 4993 945 5039 octavus
981 4983 1148 5040 Jessze
1189 4986 1349 5050 ﬁlius,
1409 4998 1464 5043 et
1493 4998 1645 5058 pater
1671 4990 1873 5046 Christi
1902 4995 1992 5063 qui
2021 4995 2072 5049 in

504 5084 696 5128 octava
732 5078 1051 5130 resurrexit.
1103 5077 1344 5145 lit/ineat
1378 5096 1396 5133 :
1442 5088 1552 5133 tum
1584 5082 1741 5151 hujus
1773 5085 1915 5147 vine,
1958 5095 2067 5139 tuzn

506 5169 688 5222 mundi
716 5170 1152 5239 comprchiouis.
1186 5168 1446 5228 Primitia:
1492 5173 1771 5241 Christus;
1806 5179 1995 5232 deinde
2032 5181 2070 5232 ii

502 5262 592 5329 qui
620 5274 739 5316 sunt
774 5262 990 5331 Christi,
1030 5268 1083 5318 in
1123 5265 1343 5319 adreutu
1375 5267 1487 5335 ejus
1512 5269 1578 5320 ⁵ο.

573 5379 620 5410 ⁸⁸
652 5378 787 5437 Gen.
823 5396 952 5446 xvn,
985 5382 1068 5438 M.
1145 5384 1189 5416 ’³⁷
1219 5382 1372 5439 Joau.
1400 5400 1479 5451 ιιι,
1508 5385 1559 5440 5.
1634 5386 1679 5417 ⁸⁸
1709 5386 1845 5445 Gen.
1886 5403 1959 5454 tv,
1989 5388 2078 5444 ΞΣ).

485 5491 488 5495 ’
576 5496 687 5568 (58)
718 5501 819 5578 Εἰς
849 5504 1161 5571 πορφύραν
1184 5504 1550 5574 γεγέννηται.
1579 5507 1632 5560 In
1661 5491 2062 5578 purput'is‘uati,

501 5571 1018 5640 πορφυρογὲννητοι,
1050 5571 1372 5629 ιιθιιιὶὶιὶἰιοιι
1397 5571 1504 5629 noli
1533 5571 1674 5631 sunt.

592 5638 682 5704 '59)
709 5639 845 5718 ’⁸0τῇ
869 5638 1073 5718 ἔτεκεν
1110 5643 1217 5697 τὸν
1246 5645 1390 5718 {Ilii}.
1419 5646 1607 5718 itaque
1649 5649 1699 5700 in
1727 5648 1923 5718 Cyrillo
1969 5649 2060 5703 lib.

500 5720 765 5766 utcontra
798 5707 1097 5764 Nestorium
1145 5724 1196 5779 [ι.
1252 5707 1360 5767 ὅτε
1417 5707 1627 5769 Ὀποῑόν
1680 5707 1794 5770 ἐστὶ
1828 5718 1887 5771 τὸ
1927 5718 2075 5790 παρὰ

2255 2082 2359 2147 Εἰς
2396 2081 2459 2136 τὸ
2497 2083 2670 2148 τέλος
2692 2081 2844 2152 ὑπὲρ
2872 2081 2979 2150 τῆς
3010 2082 3365 2153 όγδόης.Διά
3400 2081 3452 2135 τί
3491 2081 3551 2135 δὲ
3594 2083 3654 2134 ἐν
3696 2083 3764 2151 τῇ

2189 2172 2349 2247 ὀγδόῃ
2368 2173 2550 2245 ἡμέρα
2567 2174 2767 2244 ἀνέστη
2793 2176 2821 2228 6
2844 2172 3077 2246 Κύριος;
3120 2174 3335 2244 Ἐπειδὴ
3366 2172 3553 2245 πρώτη
3574 2171 3766 2241 ὀγδοὰς

2189 2258 2509 2333 ἀνθρώπων,
2535 2262 2628 2316 ὲπὶ
2652 2262 2744 2316 τοῦ
2761 2262 2903 2328 Νῶε,
2922 2261 3059 2334 μετά
3082 2261 3287 2316 τὸνλτοῦ
3308 2260 3762 2331 παλαιοῦλκόσμου

2191 2352 2418 2409 θάνατον
2437 2394 2452 2419 ,
2500 2353 2618 2408 νέον
2640 2354 2842 2426 κόσμον
2868 2355 2947 2418 είς
2969 2354 3120 2423 γένος
3145 2353 3460 2425 ἀνέστησεν.
3476 2354 3605 2406 Ὅτε
3620 2353 3766 2423 γάρό

2188 2444 2391 2516 κόσμος
2406 2445 2645 2514 πυρέξας
2660 2448 2726 2518 τῇ
2750 2446 2995 2519 πορνεία,
3019 2444 3287 2499 ἀπέθανεν
3305 2447 3371 2514 τῇ
3391 2444 3657 2516 ἁμαρτίᾳ,
3670 2442 3767 2497 καὶ

2191 2537 2364 2607 ἐτάφη
2394 2538 2452 2591 ὲν
2479 2540 2592 2601 τοῖς
2620 2538 2714 2591 τοῦ
2739 2536 3124 2608 κατακλυσμοῦ
3151 2536 3375 2603 ὕδασιν,
3402 2536 3523 2589 τότε
3566 2535 3762 2605 ὀγδοὰς

2189 2623 2490 2695 ἀνθρώπων
2518 2627 2576 2680 ὲν
2602 2629 2669 2698 τῇ
2687 2625 2904 2697 κιϐωτῷ
2932 2625 3289 2697 φυλαχθεῖσα.
3324 2624 3412 2678 διὰ
3439 2624 3540 2694 τῆς
3579 2641 3764 2677 τεκνο-

2188 2718 2373 2787 γονίας
2401 2718 2491 2772 τὸν
2517 2719 2719 2790 κόσμον
2746 2718 3064 2791 ἀνέστησεν.
3098 2718 3207 2772 Καὶ
3248 2719 3331 2771 ὃτι
3370 2719 3404 2788 ή
3447 2718 3762 2784 τεκνογονᾰί

2187 2809 2479 2873 ἀνάστασις
2513 2808 2750 2878 λέγεται,
2775 2810 3003 2864 ἄκουσον
3030 2810 3127 2880 τῆς
3152 2808 3355 2880 μητρὸς
3379 2810 3476 2879 τῆς
3502 2808 3648 2872 Εὔας
3673 2808 3761 2862 λε-

2187 2900 2408 2971 γούσης,
2439 2902 2527 2954 ὅτε
2550 2901 2733 2955 ἔτεκεν
2759 2900 2851 2954 τὸν
2882 2902 2988 2973 Σήθ
3008 2901 3138 2974 (59)’
3182 2900 3631 2968 Ἐξανέστησεν
3652 2900 3763 2969 γάρ

2180 3009 2283 3061 μοι
2312 2994 2345 3045 ὁ
2377 2992 2519 3057 Θεὸς
2549 2990 2785 3061 σπέρμα
2804 2992 3029 3061 ἕτερον,
3050 2992 3181 3047 ἀντὶ
3204 2995 3373 3048 Ἅϐελ
3403 2993 3475 3046 ὃν
3501 2992 3765 3047 ἀπέκτει-

2186 3100 2294 3137 νεν
2318 3083 2485 3139 Κὰῖν.
2525 3083 2633 3137 Καὶ
2662 3084 2691 3135 6
2722 3083 2890 3155 νόμος
2910 3099 2921 3110 ·
2967 3083 3107 3139 Ἐάν
3133 3102 3241 3151 τις,
3276 3086 3459 3155 φησὶν,
3486 3083 3759 3150 ἀποθάνῃ

2187 3174 2457 3242 ἄτεκνος,
2490 3175 2750 3244 λήψεται
2778 3179 2810 3230 ό
2837 3176 3100 3246 ἀδελφὸς
3119 3177 3306 3231 αὐτοῦ
3338 3177 3454 3245 τὴν
3480 3176 3758 3247 γυναῖκα,

2190 3266 2288 3320 καὶ
2319 3266 2722 3334 ἐξαναστήσω
2754 3267 2989 3338 σπέρμα
3018 3267 3097 3334 τῷ
3127 3268 3368 3338 ἀδελφῷ
3403 3269 3622 3324 αὐτοῦ·
3667 3270 3762 3323 καὶ

2188 3354 2312 3431 ἧνή
2357 3358 2712 3424 ἐξανάστασις
2769 3359 3128 3433 σϐεννυμένου
3179 3360 3273 3413 καὶ
3321 3360 3761 3431 ἀποθνήσκοντος

2184 3450 2374 3519 γένους
2402 3451 2720 3516 ἀνανέωσις.
2780 3450 2935 3507 Ἐπεὶ
2972 3449 3065 3507 οὖν
3114 3452 3301 3525 πρώτη
3337 3454 3634 3519 ἀνάστασις
3665 3453 3760 3508 τοῦ

2183 3543 2373 3613 γένους
2397 3542 2536 3615 μετά
2559 3543 2650 3598 τὸν
2670 3543 3056 3615 κατακλυσμὸν
3081 3545 3171 3599 διά
3183 3545 3431 3615 ὀγδοάδος
3458 3546 3762 3618 ἀνθρώπων

2183 3634 2418 3704 ἐγένετο,
2448 3633 2536 3688 διὰ
2555 3634 2715 3690 τοῦτο
2745 3636 2837 3689 καὶ
2859 3637 2888 3689 6
2916 3636 3120 3707 Κύριος
3156 3637 3370 3709 πρῶτος
3395 3636 3493 3708 τὴν
3525 3639 3760 3693 ἀνάστα-

2184 3742 2270 3780 σιν
2301 3726 2411 3780 τῶν
2447 3726 2658 3799 νεκρῶν
2696 3727 2758 3781 ὲν
2786 3729 2852 3801 τῇ
2880 3728 3038 3801 ὀγδόῃ
3083 3729 3307 3800 ἄρχεται
3332 3745 3344 3757 ’
3377 3730 3466 3783 ὅτε
3505 3729 3759 3802 καθάπερ

2182 3820 2240 3873 ὲν
2269 3819 2487 3891 κιϐωτῷ
2522 3819 2600 3891 τῷ
2625 3821 2780 3892 τάφῳ
2811 3820 2887 3886 ὡς
2918 3823 2948 3875 6
2991 3822 3115 3876 Νῶε
3141 3822 3376 3893 ἔμεινεν,
3408 3823 3501 3875 καὶ
3527 3822 3619 3876 τὸν
3654 3841 3755 3877 κα-

2183 3909 2494 3981 τακλυσμὸν
2529 3911 2630 3981 τῆς
2670 3911 2921 3975 ἀσεϐείας
2951 3911 3211 3976 ἔπαυσεν,
3251 3915 3344 3968 καὶ
3389 3915 3450 3969 τὸ
3477 3914 3759 3987 βάπτισμα

2182 4004 2283 4075 τῆς
2309 4003 2733 4074 ’παλιγγενεσίας
2754 4004 3026 4060 ἐπέδωκεν
3050 4023 3064 4035 ⁸
3098 4006 3184 4060 ἵνα
3209 4007 3568 4077 συνταφέντες
3592 4008 3757 4063 αὑτοῦ

2182 4095 2261 4166 τῷ
2301 4094 2630 4166 βαπτισμῷ,
2668 4097 2914 4150 κοινωνοὶ
2947 4098 3045 4168 τῆς
3085 4099 3431 4163 ἀναστάσεως
3468 4098 3634 4153 αὐτοῦ
3668 4116 3759 4169 γε·

2183 4183 2425 4255 νώμεθα.
2481 4184 2633 4237 Ἐπεὶ
2662 4179 2756 4238 οὖν
2803 4185 2836 4255 ἡ
2881 4185 3044 4257 ὀγδόη
3078 4186 3479 4259 προεσάλπιζεν
3522 4190 3580 4243 ὲν
3609 4188 3759 4260 νόμῳ

2182 4276 2279 4347 τὴν
2325 4275 2434 4330 τῶν
2484 4276 2693 4348 νεκρῶν
2729 4277 3045 4341 ἀνάστασιν,
3086 4280 3181 4333 καὶ
3228 4280 3333 4351 τήν
3371 4280 3487 4334 τῶν·
3523 4281 3757 4335 ἑκάστου

2182 4366 2357 4437 ἔργων
2403 4367 2784 4421 ἀνταπόδοσιν*
2839 4368 2931 4423 διὰ
2976 4370 3149 4424 ταῦτα
3183 4373 3508 4445 ἁμαρτήσας
3541 4375 3621 4437 εἰς
3659 4373 3757 4445 τὴν

2181 4456 2272 4511 τοῦ
2298 4457 2493 4529 Οὐρίου
2523 4459 2551 4512 6
2581 4458 2763 4522 Δαῦὶδ,
2796 4459 2936 4533 ὑπὲρ
2960 4461 3057 4532 τῆς
3084 4462 3275 4535 ὀγδόης
3301 4465 3393 4517 καὶ
3419 4465 3515 4535 τῆς
3568 4467 3627 4518 ὲν
3670 4466 3759 4519 ἀν-

2183 4548 2297 4602 έσει
2333 4548 2495 4602 αὑτοῦ
2540 4550 2889 4615 ἀναστάσεως
2919 4554 3252 4624 παρακαλῶν
3290 4556 3474 4625 ἔλεγεν
3498 4572 3512 4587 ο
3549 4558 3756 4625 Κύριε.

2108 4652 2155 4712 ο
2177 4639 2262 4707 μὴ
2289 4637 2370 4705 τῷ
2408 4640 2573 4710 θυμῷ
2604 4657 2720 4695 σου
2761 4642 3014 4711 ἐλέγξῃς
3037 4661 3114 4713 με
3134 4683 3147 4706 ,
3170 4644 3327 4714 μηδὲ
3368 4645 3443 4714 τῇ
3461 4645 3609 4716 ὀργῆ
3636 4663 3759 4702 σου

2182 4730 2516 4798 παιδεύσῃς
2560 4748 2656 4801 με.
2700 4725 2826 4785 Ὧδε
2862 4734 3108 4804 μετανοῶ
3154 4737 3248 4789 καὶ
3286 4736 3716 4810 ἐξομολογοῦμαι
3741 4780 3755 4802 ,

2182 4820 2447 4874 Δέσποτα·
2479 4821 2605 4875 Ὅτι
2635 4825 2746 4876 οὐκ
2784 4823 2956 4877 ἐστιν
2975 4824 3045 4878 ἐν
3078 4824 3158 4892 τῷ
3183 4827 3417 4894 θανάτῳ
3454 4832 3488 4883 ὁ
3519 4846 3758 4899 μνημο-

2180 4914 2373 4967 νεύων
2407 4930 2523 4968 σου
2540 4931 2554 4945 ο
2576 4914 2645 4968 ὲν
2659 4914 2727 4968 δὲ
2752 4913 2830 4980 τῷ
2852 4916 2967 4986 ᾅδῃ
2987 4918 3078 4983 τις
3101 4918 3610 4989 ἐξομολογήσεται
3632 4938 3756 4988 σοις

2178 5033 2249 5043 -
2264 5005 2367 5068 Εἰς
2385 5003 2452 5056 τὸ
2472 5003 2645 5069 τέλος
2662 5004 2812 5073 ὑπὲρ
2836 5006 2943 5073 τῆς
2963 5007 3179 5076 ὀγδόης
3198 5010 3496 5080 ἑνῧμνοις
3513 5013 3758 5083 ψαλμὸς

2182 5092 2261 5158 τῷ
2293 5092 2489 5147 Δαόἶδ.
2525 5095 2634 5146 Καὶ
2661 5094 2840 5160 καλῶς
2871 5097 3011 5169 ὑπὲρ
3039 5099 3137 5169 τῆς
3171 5100 3362 5172 ὀγδόης
3388 5100 3754 5175 προσηύχετο,

2179 5186 2207 5236 6
2239 5183 2422 5253 ὄγδοος
2450 5184 2542 5238 τοῦ
2583 5186 2779 5240 Ἰεσσαὶ
2808 5188 2940 5251 υἱὸς,
2969 5191 3061 5243 καὶ
3088 5192 3271 5262 πατὴρ
3302 5193 3396 5245 τοῦ
3421 5195 3756 5258 ἀναστάντος

2180 5276 2238 5327 ἐν
2271 5278 2337 5346 τῇ
2371 5275 2534 5348 ὀγδόῃ
2563 5275 2818 5347 Χριστοῦ.
2843 5280 2944 5344 Εἰς
2984 5281 3048 5333 τὸ
3070 5282 3245 5347 τέλος
3268 5296 3283 5311 ·
3323 5282 3538 5354 καὶτῆς
3563 5284 3751 5341 τούτου

2158 5392 2202 5422 ¹¹⁹
2225 5392 2378 5445 Deut.
2408 5408 2532 5456 xxv,
2564 5393 2618 5448 5.
2689 5396 2734 5427 ⁹⁰
2758 5394 2774 5447 l
2797 5394 2918 5450 Cor.
2947 5413 3034 5460 xv,
3055 5397 3146 5451 25.

2174 5511 2270 5580 τῆς
2298 5511 2529 5587 ἀρχαίας
2557 5511 2803 5587 fusile;
2851 5513 3158 5587 γυναικὸς,⁸
3188 5515 3332 5586 φημὶ
3359 5516 3423 5587 δὴ
3458 5518 3558 5586 τῆς
3589 5518 3751 5581 Εὔας,

2172 5580 2432 5652 τεκούσης
2447 5581 2537 5633 τὸν
2557 5580 3051 5657 ’.Ἐκτησάμην
3070 5580 3353 5657 ἄνθρωπον
3367 5580 3457 5641 διὰ
3477 5580 3573 5642 τοῦ
3595 5580 3752 5655 Θεοῦ,

2173 5651 2252 5704 vel
2315 5652 2443 5720 Seth
2480 5668 2575 5720 pro
2604 5652 2735 5705 Cain
2772 5651 3017 5719 irrepsit,
3054 5654 3132 5707 vel
3165 5651 3406 5714 erratqu
3472 5651 3751 5716 memoria:

2182 5730 2286 5781 cst,
2311 5736 2373 5777 ex
2405 5718 2601 5777 Cenes.
2627 5736 2701 5782 tv.
2734 5722 2760 5777 1
2794 5718 3184 5784 castigandum.
