4060 6210
487 260 594 316 ιδε

1751 257 1791 311 S
1806 294 1819 307 .
1853 247 2128 304 ASTERZI
2176 248 2473 308 AMASENI

3628 249 3738 303 456

484 387 593 441 que
646 373 713 428 ob
765 372 1215 436 inobedicutiam,
1276 384 1399 423 cum
1453 368 1779 439 deliquerit,
1814 367 2058 425 immittit

2161 368 2361 441 ακοὴν,
2396 362 2776 441 ἁμαρτήσαντι
2842 368 3062 436 ἐπάγων
3091 367 3189 433 τάς
3223 366 3430 431 νόσους,
3453 365 3615 430 αὐτὸς
3649 366 3740 419 διὰ

485 466 737 527 morbos,
784 465 899 534 ipse
930 478 1026 531 per
1058 462 1295 532 Moysem
1324 461 1628 515 Israelitico
1656 459 1854 530 populo
1874 458 2008 513 dixit
2045 480 2057 514 :

484 556 546 611 Si
569 559 757 611 auditu
796 556 1027 609 audieris
1059 571 1233 608 vocem
1258 553 1468 607 Domini
1492 554 1587 608 Dei
1610 554 1709 618 tui,
1733 563 1780 607 et
1799 554 2064 607 custodie-

485 648 556 700 ris
607 648 854 699 mandata
909 648 1056 715 ejus,
1106 662 1310 700 omnem
1359 645 1634 711 morbum,
1690 661 1845 716 quem
1907 644 2063 699 intuli

485 733 772 803 .Egyptiis,
801 750 904 788 non
929 734 1173 788 inducam
1210 751 1366 803 super
1396 745 1465 789 te.
1502 733 1614 805 Ego
1642 735 1782 788 enim
1812 750 1928 788 sum
1953 734 2064 787 Do-

484 825 658 879 minus
685 842 880 879 sanans
914 838 962 879 te
987 828 1030 881 δ.
1060 824 1308 881 Dicendo
1362 837 1541 880 autem
1574 840 1590 883 :
1624 824 1684 881 Si
1735 826 1924 879 auditu
1964 842 2063 879 au-

480 915 676 981 dieris,
728 932 833 970 non
880 917 1127 969 inducam
1179 917 1271 970 tibi
1318 918 1595 981 morbum;
1649 916 2059 982 demonstravit,

489 1003 649 1057 Deum
693 1004 911 1059 morbos
948 1005 1245 1058 immittere
1288 1017 1507 1075 propter
1557 1004 1975 1059 inobedientiam
2007 1013 2062 1058 ct

484 1096 698 1151 delicta.
735 1095 946 1153 Etenim
986 1096 1222 1168 Egyptii
1250 1140 1264 1164 ,
1338 1092 1773 1166 quandoquidem
1807 1093 1920 1150 Deo
1953 1111 2057 1150 non

483 1186 946 1257 obtemperarunt,
993 1198 1046 1243 et
1075 1188 1343 1244 lsraetitas
1376 1203 1482 1243 non
1512 1189 1829 1254 emiserunt,
1861 1188 2062 1243 idcirco

482 1289 681 1347 aegrota
691 1290 881 1332 verunt
915 1280 1177 1348 correpti.

555 1369 620 1423 Et
654 1369 845 1434 David,
876 1371 1097 1439 quando
1125 1370 1328 1425 auditis
1350 1370 1657 1425 mandatis:
1683 1369 1807 1425 Non
1832 1370 2060 1424 mtzcha-

486 1461 616 1514 berts
643 1500 659 1525 ,
691 1477 792 1514 non
825 1461 1026 1514 occides
1056 1461 1103 1528 ⁸,
1131 1462 1479 1531 contempsit,
1504 1460 1627 1515 ideo
1654 1474 1750 1531 per
1765 1459 2064 1529 correptio-

482 1568 605 1607 nem
638 1552 812 1607 iactus
836 1565 920 1607 est
951 1553 1220 1606 inﬁrmus.
1251 1552 1575 1607 Putruerunt
1602 1554 1748 1607 enim
1768 1591 1783 1617 ,
1814 1552 1989 1621 inquit
2015 1551 2058 1616 ',

481 1656 528 1700 et
566 1655 829 1712 corrupta:
874 1653 995 1699 sunt
1045 1645 1317 1700 cicatrices
1345 1662 1471 1701 mea:
1514 1663 1546 1699 a
1587 1644 1722 1715 [acie
1748 1644 2063 1713 insipientia:

2161 458 2441 523 Μωῦσέως
2472 459 2657 529 ἔλεγεν
2686 458 2765 531 τῷ
2818 460 3028 531 Ἰραήλο
3107 460 3242 513 Ἐὰν
3276 459 3429 525 ἀκοῆ
3464 458 3740 526 ἀκούσης

2160 548 2272 618 τῆς
2301 549 2505 619 φωνῆς
2548 551 2768 619 Κυρίου
2810 551 2918 605 τοῦ
2949 550 3095 604 Θεοῦ
3125 566 3268 615 σου,
3315 548 3412 602 καὶ
3460 546 3744 616 φυλάξῃς

2160 638 2267 702 τὰς
2312 637 2566 704 ἐντολὰς
2609 638 2818 703 αὑτοῦ,
2854 639 3060 695 πᾶσαν
3082 640 3290 703 νόσον,
3320 636 3400 706 ἣν
3435 636 3742 707 ἐπήγαγον

2160 727 2287 794 τοῖς
2308 729 2688 799 Αἰγυπτίοις,
2743 731 2854 783 οὐκ
2899 729 3097 795 ἐπάξω
3154 729 3251 783 ἐπὶ
3297 729 3392 784 σέ.
3435 728 3585 796 Ἐγὼ
3626 727 3743 796 γάρ

2159 821 2277 889 ειμι
2322 821 2537 890 Κύριος
2583 824 2617 875 ό
2661 820 2906 891 ἰώμενός
2939 837 3033 876 σε.
3080 820 3260 875 Εἰπὼν
3289 821 3366 884 δὲ,
3416 822 3551 875 Ἐὰν
3581 819 3742 889 ἀκοῇ

2159 911 2450 980 ἀκούσῃς,
2475 913 2548 968 οὐ
2564 912 2650 983 μὴ
2673 912 3076 978 νόσονέπάξω
3116 930 3240 967 σοι·
3276 911 3495 977 ἔδειξεν,
3529 913 3612 965 ὅτι
3640 911 3743 972 τὰς

2159 1002 2348 1059 νόσους
2368 1004 2564 1074 ἐπάγει
2583 1007 2612 1060 ὁ
2634 1007 2764 1070 Θεὸς
2790 1006 2879 1059 διά
2908 1005 3192 1077 παρακοήν
3217 1006 3311 1059 καὶ
3338 1007 3737 1077 ἁμαρτήματα.

2159 1097 2272 1150 Καὶ
2302 1095 2413 1170 γὰρ
2449 1099 2497 1151 oi
2527 1097 2836 1168 Αἰγύπτιοι,
2879 1098 3068 1168 ἐπειδὴ
3106 1096 3200 1150 τοῦ
3235 1095 3370 1149 Θεοῦ
3402 1097 3741 1169 παρήκουον,

2156 1189 2255 1242 καὶ
2297 1188 2387 1242 τὸν
2424 1189 2640 1262 Ἰσραὴλ
2673 1191 2773 1244 οὐκ
2806 1189 3154 1257 ἀπέστελλον,
3185 1188 3275 1243 διὰ
3317 1188 3478 1243 τοῦτο
3519 1189 3742 1243 ἐνόσουν

2158 1280 2556 1352 παιδευόμενοι.

2226 1373 2336 1427 Καὶ
2366 1374 2396 1425 ὁ
2421 1373 2605 1437 Δαϐὶδ,
2633 1372 2818 1445 ἐπειδὴ
2846 1371 3104 1436 ἀκούσας,
3159 1374 3238 1426 Οὐ
3260 1374 3625 1442 μοιχεύσεις,
3661 1375 3742 1428 οὑ

2158 1460 2478 1527 φονεύσεις
2499 1499 2513 1523 ,
2548 1461 2912 1532 παρήκουσεν,
2938 1459 3027 1513 διὰ
3044 1459 3203 1514 τοῦτο
3236 1460 3542 1525 παιδευθεὶς
3574 1462 3740 1531 ἡσθέ-

2160 1563 2341 1618 νησεν.
2370 1545 2764 1617 Προσώζεσαν
2790 1548 2900 1621 γὰρ
2940 1549 3038 1602 καὶ
3083 1548 3411 1616 ἐσάπησαν
3437 1553 3492 1603 οι
3530 1550 3740 1620 μώλω-

2161 1638 2269 1705 πές
2293 1656 2413 1709 μου
2432 1680 2446 1704 ,
2482 1640 2645 1712 φησὶν
2665 1681 2680 1706 ,
2714 1640 2831 1695 ἀπὸ
2862 1641 3184 1709 προσώπου
3230 1639 3340 1707 τῆς
3383 1642 3737 1711 ἀφροσύνης

482 1753 630 1792 meae.
688 1737 824 1805 Quia
865 1752 996 1807 ergo
1070 1739 1137 1791 ab
1189 1738 1498 1793 hominibus
1545 1738 1865 1808 castigatum
1895 1737 2058 1791 homo

2159 1745 2292 1798 μου.
2343 1730 2495 1783 Ἐπεὶ
2527 1726 2618 1784 οὖν
2660 1732 2752 1785 τὸν
2786 1731 2936 1800 παρὰ
2969 1731 3274 1803 ἀνθρώπων
3312 1732 3670 1788 παιδευθέντα
3708 1739 3738 1788 ὁ

482 1845 678 1884 sanare
705 1840 912 1899 potest;
950 1844 980 1885 ε.
1015 1831 1125 1886 Deo
1154 1840 1333 1885 autem
1371 1837 1698 1898 correptum,
1732 1844 1839 1884 non
1871 1830 2056 1893 homo,

483 1936 588 1976 non
632 1922 890 1993 angelus,
946 1923 1042 1978 sed
1100 1921 1247 1977 solus
1286 1922 1429 1977 Deus
1486 1930 1642 1976 sanat
1684 1931 1737 1975 et
1773 1930 1966 1976 curat:
1996 1919 2058 1975 Si

480 2013 618 2065 enim
652 2014 936 2077 peccarerit
983 2013 1063 2065 vir
1096 2012 1152 2066 in
1198 2012 1399 2075 virum,
1438 2021 1484 2067 et
1527 2012 1744 2066 orabunt
1781 2028 1877 2081 pro
1903 2029 1963 2066 eo
1988 2012 2057 2066 ad

483 2102 763 2157 Dominum
787 2102 844 2169 7;
883 2103 928 2157 si
960 2101 1126 2172 judex
1151 2106 1339 2158 mortis
1369 2104 1697 2159 sententiam
1730 2102 1930 2169 tulerit,
1964 2118 2059 2157 rex

486 2193 746 2250 rescindit
780 2194 1145 2263 sententiam;
1177 2195 1221 2250 si
1256 2211 1349 2250 rex
1397 2197 1848 2266 pronuntiaverit,
1882 2194 2059 2251 nullus

481 2284 749 2356 abrogare
794 2295 972 2357 potest
1014 2309 1028 2343 :
1076 2287 1245 2341 David
1287 2287 1573 2342 Dominum
1612 2287 1702 2357 qui
1734 2287 2058 2341 verberave-

485 2385 592 2441 rat,
624 2377 739 2432 ﬁeri
768 2378 871 2447 ipsi
900 2378 1165 2435 medicum
1200 2379 1472 2433 hortatur.
1492 2375 1637 2433 Sana
1669 2393 1782 2443 me,
1818 2377 2055 2442 Domine,

481 2470 728 2537 quoniam
770 2471 1087 2523 conturbata
1129 2480 1250 2524 sunt
1297 2486 1418 2523 ossa
1454 2485 1589 2524 mea.
1627 2469 1764 2525 Ossa
1828 2467 2061 2539 appellat

485 2574 590 2614 non
618 2560 863 2628 corporis
887 2600 903 2628 ,
941 2562 1035 2615 sed
1075 2561 1285 2618 \alidas
1324 2560 1708 2633 cOgitationum
1732 2559 1909 2625 vires,
1938 2573 2060 2629 qua:

486 2660 543 2704 ut
576 2650 773 2705 ﬂuctus
818 2652 1158 2706 conturbata;
1182 2650 1431 2719 fuerant,
1470 2651 1663 2722 spiritu
1685 2650 2061 2706 fornicationis

486 2743 722 2811 agitate.
760 2742 1228 2807 Quemadmodum
1276 2742 1422 2796 enim
1469 2743 1524 2797 in
1574 2743 1712 2796 mari
1752 2741 1964 2797 initium
1992 2755 2060 2797 ac

486 2833 630 2887 velut
661 2832 939 2886 meditatio
980 2832 1404 2899 naufragiorum,
1433 2842 1518 2886 est
1555 2830 1810 2887 ﬂuctuum
1866 2833 2057 2887 turba-

489 2923 595 2983 tio;
635 2922 713 2977 sic
746 2923 801 2977 in
832 2923 1016 2976 anima
1057 2922 1383 2992 principium
1434 2921 1723 2989 adulterii,
1753 2921 2059 2978 fornicatio-

487 3018 590 3082 nis,
620 3016 851 3086 peccati,
872 3026 956 3071 est
987 3015 1331 3085 cogitationis
1350 3015 1516 3070 animi
1545 3016 1787 3071 turbatio
1813 3030 2054 3071 emnosa.

490 3106 670 3161 Primo
700 3120 933 3176 namque
977 3108 1160 3161 anima
1209 3108 1458 3176 turpibus
1484 3106 1767 3161 desideriis
1804 3117 2056 3177 tanquam

486 3213 643 3254 emno
670 3199 932 3262 inﬁcitur,
957 3201 1144 3269 sicque
1175 3200 1405 3253 incurrit
1439 3199 1492 3253 in
1526 3198 1898 3254 fornicationis
1929 3215 2060 3254 nau-

486 3292 737 3359 .ragium.
780 3289 920 3344 Hinc
945 3299 1156 3360 spectat
1183 3289 1473 3345 aliectuum
1504 3290 1748 3355 delicias,
1782 3291 1929 3346 illinc
1952 3291 2058 3345 tui-

488 3396 586 3433 nas
612 3380 726 3435 Dei.
758 3380 866 3435 Sed
890 3381 1036 3437 sicut
1069 3390 1246 3435 nautae
1284 3395 1349 3435 ac
1382 3380 1791 3450 gubernatores,
1818 3398 1939 3435 cum
1976 3383 2057 3436 vi-

487 3473 667 3527 derint
709 3473 778 3526 ab
816 3472 1061 3526 adversis
1111 3472 1287 3527 ventis
1334 3486 1485 3525 mare
1541 3472 1780 3540 incipere
1833 3471 2058 3537 turbari,

487 3561 772 3616 confestim
822 3575 941 3615 stne
990 3560 1254 3616 dilatione
1304 3562 1371 3615 ad
1418 3570 1608 3629 portus
1638 3561 1949 3632 appellunt,
1977 3562 2061 3616 vi-

489 3663 713 3721 tantque
756 3652 1092 3720 periculum;
1127 3662 1283 3706 extra
1334 3660 1517 3706 autem
1572 3653 1616 3707 si
1666 3653 2059 3722 permanserint

488 3747 860 3816 periclitantur
894 3764 908 3801 :
953 3747 1026 3800 ita
1076 3747 1191 3816 ipse
1232 3757 1287 3800 tu
1325 3749 1754 3817 quotiescunque
1781 3747 2063 3817 cogitatio-

488 3839 646 3893 nibus
673 3838 911 3894 turbaris
937 3853 1034 3908 per
1067 3839 1361 3908 voluptatis
1394 3849 1586 3895 ventos
1608 3879 1623 3905 ,
1660 3840 1806 3896 illico
1839 3842 1905 3895 ad
1937 3857 2061 3911 por-

492 3941 603 3984 tum
637 3930 895 3985 Ecclesiae
929 3945 1109 3986 curre.
1158 3931 1269 3985 Illic
1307 3932 1493 3985 audies
1527 3931 1592 3986 de
1634 3935 1983 4001 temperantia
2005 3941 2062 3987 et

489 4024 740 4076 castitate
760 4037 827 4076 ex
858 4021 1154 4091 Scripturis
1182 4031 1238 4076 et
1262 4022 1576 4077 doctoribus
1599 4061 1615 4087 ,
1651 4025 1793 4092 quod
1837 4023 2067 4093 fornica-

490 4125 627 4167 tores
662 4124 709 4165 et
752 4113 1017 4167 adulteros
1060 4113 1321 4183 judicabit
1351 4113 1578 4180 Deus“;
1632 4115 1775 4184 quod
1827 4115 2060 4169 honora-

490 4204 591 4260 bite
626 4205 986 4269 conuubinm;
1055 4206 1197 4274 quod
1232 4220 1338 4259 non
1379 4207 1561 4275 nuptis
1606 4215 1660 4261 et
1705 4207 1880 4261 viduis
1927 4209 2061 4261 dicit

488 4296 807 4361 Apostolus:
832 4295 1040 4350 Bonum
1064 4306 1138 4351 est
1166 4296 1271 4351 illis
1292 4300 1337 4351 si
1366 4297 1439 4351 sic
1462 4299 1838 4361 permanserint
1859 4299 1989 4351 sicut
2010 4309 2060 4351 et

489 4404 580 4456 ego
626 4390 691 4453 ’;

488 4487 609 4530 sunt
656 4477 878 4530 eunuchi
928 4480 1017 4547 qui
1073 4479 1269 4547 seipsos
1321 4491 1676 4533 castraverunt
1715 4492 1925 4549 propter
1971 4498 2056 4535 re-

487 4585 644 4636 gnum
673 4569 921 4621 caelorum
948 4571 1014 4622 ¹¹.
1053 4568 1119 4622 Ει
1151 4580 1274 4624 ante
1300 4569 1714 4625 fornicationem
1741 4612 1755 4636 ,
1787 4573 2054 4641 cupidita-

489 4671 595 4716 tem
622 4661 731 4717 Deo
759 4664 1021 4718 conlitere
1042 4680 1105 4718 ac
1136 4665 1331 4719 dicito:
1364 4665 1612 4721 Miserere
1645 4669 1770 4732 mei,
1810 4667 2055 4736 Domine,

439 4806 447 4815 ,
487 4753 733 4806 unanimi
777 4752 1018 4821 inﬁrmus
1050 4770 1163 4806 sum
1188 4767 1207 4806 :
1241 4754 1555 4810 inﬁrmitate
1590 4765 1793 4810 natura:
1824 4758 2057 4811 circum-

489 4841 667 4897 datus.
709 4841 857 4897 Sana
886 4859 965 4897 me
985 4883 1000 4906 ,
1033 4844 1249 4897 Domine
1275 4885 1291 4911 ,
1334 4846 1582 4914 quoniam
1607 4849 1917 4902 conturbata
1937 4860 2055 4903 sunt

487 4948 606 4986 ossa
631 4949 743 4987 mea
765 4950 785 4989 :
822 4935 1016 4990 anima:
1045 4935 1424 5006 cogitationes,
1459 4952 1578 5005 qum
1603 4938 1668 4992 ad
1701 4937 1975 4993 libidinem
2003 4950 2058 4995 et

487 5033 710 5091 peccata
759 5025 1032 5095 captivum
1081 5040 1166 5079 me
1211 5024 1457 5080 ducunt:
1497 5025 1759 5091 Quoniam
1811 5029 2056 5098 cogitatio

487 5116 710 5169 hominis
737 5118 1066 5189 conﬁtebitur
1092 5121 1186 5174 tibi
1206 5122 1270 5173 η.
1288 5119 1553 5175 Craterum
1573 5120 1714 5189 quod
1732 5134 1838 5174 non
1869 5119 2054 5190 loqua-

491 5218 578 5263 tur
606 5212 672 5264 de
696 5212 909 5266 ossibus
930 5212 1174 5282 corporis
1192 5252 1208 5278 ,
1242 5227 1306 5266 ea
1333 5213 1626 5266 ostendunt
1663 5204 2054 5280 quae'sequun-

489 5311 597 5354 tur.
659 5302 946 5376 Subjungit
983 5304 1172 5361 enim:
1214 5302 1280 5358 Et
1326 5305 1505 5358 anima
1554 5318 1671 5358 mea
1718 5302 1929 5357 turbata
1978 5314 2053 5358 est

490 5392 655 5446 valde.

2158 1817 2290 1882 Θεὸς
2310 1818 2353 1851 ί³
2390 1819 2645 1874 ἰάσασθαι
2668 1820 2913 1874 δύναται·
2941 1819 3035 1873 τὸν
3060 1820 3117 1873 δέ
3147 1819 3297 1891 παρὰ
3326 1818 3420 1878 τοῦ
3446 1818 3579 1873 Θεοῦ
3608 1837 3739 1875 παι-

2154 1910 2429 1978 δευθέντα,
2454 1913 2555 1966 οὐκ
2589 1913 2893 1983 ἄνθρωπος,
2924 1913 3025 1966 οὐκ
3053 1912 3303 1981 ἄγγελος,
3341 1912 3479 1967 ἀλλὰ
3510 1914 3677 1984 μόνος
3705 1915 3737 1968 ὁ

2157 2002 2289 2068 Θεὸς
2323 2006 2466 2058 ἰᾶται
2512 1996 2603 2060 καὶ
2651 2005 2939 2077 θεραπεύει
2961 2022 2974 2036 ·
3035 2005 3168 2060 Ἐὰν
3200 2007 3310 2076 γὰρ
3329 2005 3557 2076 ἁμάρτῃ
3576 2007 3735 2077 ἀνὴρ

2156 2098 2248 2161 είς
2292 2096 2509 2166 ἄνδρα,
2557 2098 2655 2151 καὶ
2696 2097 3134 2166 προσεύξονται
3186 2099 3318 2166 περὶ
3360 2098 3545 2153 αὑτοῦ
3581 2101 3735 2168 πρὸς

2158 2190 2411 2257 Κύριον·
2442 2188 2538 2244 ἐὰν
2570 2189 2751 2261 ἅρχων
2783 2190 3056 2259 ἀπόφασιν
3093 2188 3168 2260 δῷ
3194 2192 3273 2254 είς
3303 2190 3551 2256 θάνατον,
3600 2192 3735 2246 ἀνα-

2157 2281 2348 2354 τρέπει
2379 2280 2632 2352 βασιλεὺς
2672 2281 2771 2353 τὴν
2799 2282 3108 2350 ἀπόφασιν·
3137 2282 3233 2336 ἐὰν
3255 2284 3284 2336 ὁ
3315 2282 3562 2352 βασιλεὺς
3597 2285 3736 2340 ἁπο-

2158 2374 2418 2444 φήνηται,
2444 2372 2617 2436 οὐδεὶς
2651 2372 2951 2444 ἀνατρέψαι
2983 2372 3201 2427 δύναται
3221 2389 3234 2404 ·
3264 2376 3293 2427 ὁ
3319 2373 3482 2427 Δαὸὶδ
3506 2375 3597 2429 τὸν
3636 2393 3738 2446 μα-

2158 2466 2410 2531 στίξαντα
2433 2466 2708 2538 Δεσπότην
2739 2466 2922 2536 ἰατρὸν
2947 2466 3196 2537 γενέσθαι
3237 2467 3385 2538 αὐτῷ
3406 2468 3733 2541 παρακαλεῖ.

2161 2557 2358 2611 "Iaera!
2375 2568 2469 2622 με,
2500 2556 2688 2624 Ι(ὐριε,
2717 2556 2805 2609 ὅτι
2832 2556 3126 2626 ἐταράχθη
3149 2555 3221 2610 τὰ
3244 2555 3394 2610 ὀστᾶ
3402 2574 3541 2627 μου.
3572 2558 3737 2613 Ὀστᾶ

2155 2644 2213 2700 δὲ
2239 2645 2404 2715 λέγει,
2429 2650 2491 2704 οὐ
2523 2649 2590 2704 τὰ
2621 2644 2714 2699 τοῦ
2741 2645 3017 2718 σώματος,
3048 2645 3185 2700 ἀλλὰ
3207 2647 3307 2711 τὰς
3332 2647 3555 2719 ἰσχυρὰς
3581 2647 3735 2703 δυνά·

2160 2754 2282 2809 μεις
2320 2736 2428 2791 τῶν
2471 2736 2782 2811 λογισμῶν,
2814 2737 3014 2800 αἵτινες
3055 2737 3131 2801 ὼς
3163 2737 3385 2808 κύματα
3426 2738 3731 2810 ἐταράχθη-

2159 2845 2279 2891 σαν,
2309 2828 2580 2899 πνεύματι
2603 2829 2859 2900 πορνείας
2878 2827 3349 2900 κλυδωνιζόμεναι.
3386 2829 3596 2900 Ὠσπερ
3622 2829 3733 2901 γὰρ

2161 2919 2221 2971 ἐν
2255 2917 2500 2991 θαλάσσῃ
2525 2917 2666 2990 ἀρχὴ
2693 2918 2787 2970 καὶ
2810 2918 3007 2990 μελέτη
3030 2918 3139 2972 τῶν
3168 2918 3440 2988 ναυαγίων
3459 2922 3489 2974 δ
3507 2921 3615 2972 τῶν
3636 2937 3747 2991 an».

2163 3011 2347 3081 μάτων
2367 3012 2600 3081 τάραχος
2620 3026 2634 3042 ο
2659 3009 2830 3075 οὕτως
2852 3013 2910 3065 ἐν
2924 3015 2991 3083 τῇ
3015 3011 3158 3083 ψυχῇ
3179 3013 3324 3084 ἀρχὴ
3347 3014 3609 3084 μοιχείας,
3638 3015 3733 3067 καὶ

2159 3101 2434 3174 πορνείας,
2462 3104 2555 3157 καὶ
2575 3103 2870 3175 ἁμαρτίας,
2896 3106 2925 3158 ὁ
2949 3104 3043 3157 τοῦ
3079 3104 3339 3176 λογισμοῦ
3372 3108 3468 3177 τῆς
3495 3105 3732 3169 διανοίας

2162 3194 2499 3267 βορϐορώδης
2515 3196 2773 3267 τάραχος.
2790 3197 3012 3269 Πρῶτον
3033 3197 3140 3270 γάρ
3160 3200 3193 3270 ἠ
3214 3198 3358 3270 ψυχὴ
3382 3198 3732 3271 βορϐοροῦται

2157 3291 2277 3351 ταῖς
2302 3290 2553 3358 αἰσχραῖς
2576 3287 2913 3359 ἐπιθυμίαις,
2942 3290 3038 3343 καὶ
3068 3289 3240 3355 οὕτως
3268 3291 3530 3360 ἐμπίπτει
3563 3293 3645 3354 είς
3670 3291 3732 3344 τὸ

2157 3378 2259 3447 τῆς
2272 3379 2527 3450 πορνείας
2542 3380 2817 3448 ναυάγιον.
2836 3379 3027 3433 Ἔνθεν
3043 3382 3147 3453 δρᾷ
3164 3380 3231 3434 τὰ
3252 3381 3382 3452 ἡδέα
3390 3380 3497 3433 τῶν
3520 3382 3731 3443 παθῶν,

2160 3469 2367 3524 ἐκεῖθεν
2395 3470 2495 3534 τὰς
2524 3471 2751 3536 ἀπειλὰς
2780 3472 2873 3526 τοῦ
2911 3473 3068 3528 Θεοῦ.
3129 3474 3266 3527 Ἀλλ’
3296 3474 3483 3545 ὥσπερ
3514 3477 3564 3528 οἱ
3599 3475 3700 3528 ναῦ
3726 3508 3737 3515 ρ

2158 3579 2248 3616 ται
2280 3563 2376 3616 καὶ
2408 3563 2458 3616 oi
2493 3563 2839 3634 κυϐερνῆται,
2870 3565 2947 3617 ὅτ’
2982 3563 3048 3618 ἂν
3083 3564 3296 3618 είδωσιν
3338 3565 3443 3618 ὑπὸ
3476 3566 3738 3620 ἐναντίων

2160 3654 2373 3725 ἀνέμων
2419 3655 2731 3727 ἀρχομένην
2765 3655 3129 3727 ταράττεσθαι
3166 3655 3473 3721 θάλασσαν,
3523 3658 3738 3727 ταχέως

2161 3747 2256 3801 καὶ
2288 3748 2670 3820 άνυπερθέτως
2711 3748 2806 3803 ἐπὶ
2847 3750 2974 3812 τοὺς
3003 3749 3231 3820 λιμένας
3267 3750 3610 3820 μεταίρουσιν
3639 3750 3739 3802 καὶ

2159 3840 2252 3894 τὸν
2280 3840 2521 3895 κίνδυνον
2550 3840 2905 3910 ἐκφεύγουσιν
2929 3881 2944 3906 ,
2977 3840 3081 3905 ἔξω
3102 3842 3158 3895 δὲ
3190 3842 3586 3911 ἀπομείναντες
3612 3860 3734 3896 κιν-

2159 3932 2498 3987 δυνεύουσιψ
2560 3933 2730 3997 οὕτως
2784 3934 2943 3997 αὐτὸς
2988 3934 3097 3987 τῶν
3146 3933 3420 4004 λογισμῶν
3477 3934 3576 3986 ὑπὸ
3621 3934 3739 3986 τῶν

2161 4024 2377 4095 ἀνέμων
2400 4028 2497 4096 τῆς
2520 4024 2827 4095 φιληδονίας
2845 4025 3264 4096 ταραττόμενος,
3295 4025 3504 4093 ταχέως
3528 4022 3621 4076 ἐπὶ
3641 4022 3740 4078 τὸν

2160 4116 2353 4187 λιμένα
2385 4117 2485 4189 τῆς
2526 4116 2851 4187 Ἐκκλησίας
2876 4117 3071 4188 δράμε.
3112 4116 3354 4180 Ἀκούεις
3379 4117 3507 4187 περὶ
3529 4132 3741 4187 σωφρο-

2163 4207 2326 4280 σύνης
2346 4209 2441 4262 καὶ
2467 4208 2685 4276 ἁγνείας
2711 4209 2817 4261 ἀπὸ
2838 4208 2946 4262 τῶν
2969 4206 3203 4279 Γραφῶν
3227 4207 3322 4261 καὶ
3347 4207 3457 4259 τῶν
3480 4206 3737 4260 διδασκά-

2160 4299 2287 4365 λων,
2313 4300 2397 4353 ὅτι
2424 4300 2693 4368 Πόρνους
2734 4300 2829 4353 καί
2864 4300 3116 4370 μοιχοὺς
3143 4297 3335 4369 κρινεῖ
3360 4303 3394 4353 ὀ
3426 4300 3568 4366 Θεός
3592 4315 3606 4329 ·
3646 4299 3737 4352 ὅτι

754 4388 896 4456 quod
948 4387 1289 4442 Adducentur
1345 4391 1452 4458 regi
1516 4389 1850 4459 virgines“;
1915 4392 2057 4459 quod

2161 4374 2354 4460 τίὶιιος
2373 4394 2406 4444 ό
2432 4388 2639 4460 γάμοςο
2671 4391 2751 4443 ὅτι
2780 4390 2927 4459 λέγει
2957 4394 3071 4455 τοῖς
3088 4392 3323 4462 ἀγάμοις
3358 4392 3451 4445 καὶ
3479 4394 3599 4453 ταῖς
3630 4391 3737 4460 χή-

2167 4500 2286 4553 ραις
2311 4484 2340 4535 ὁ
2377 4482 2693 4545 Ἀπόστολος
2715 4499 2728 4512 ·
2752 4481 2954 4536 Καλὸν
2978 4482 3182 4547 αὐτοῖς
3202 4482 3372 4536 ἐστιν
3398 4482 3506 4536 ἐὰν
3519 4481 3736 4549 μείνω-

2162 4588 2268 4625 σιν
2308 4572 2388 4639 ὡς
2432 4572 2623 4641 κάγώ’
2659 4574 2741 4626 ὅτι
2786 4573 3317 4643 Ἀπενεχθήσονται
3362 4572 3442 4639 τῷ
3483 4572 3740 4637 ,βασιλεῖ

2162 4663 2440 4733 παρθένοι
2457 4681 2471 4694 ·
2504 4665 2585 4717 ὅτι
2614 4664 2791 4718 Εἰσὶν
2818 4665 3095 4734 εὐνοῦχοι
3125 4665 3342 4732 οἵτινες
3367 4666 3741 4731 εὐνούχισαν

2161 4755 2413 4821 ἑαυτοὺς
2456 4754 2554 4809 διὰ
2606 4754 2721 4823 τὴν
2755 4755 3082 4820 βασιλείαν
3130 4754 3249 4808 τῶν
3296 4751 3582 4821 οὐρανῶν.
3616 4753 3736 4807 Καὶ

2162 4847 2267 4919 πρὸ
2298 4847 2397 4917 τῆς
2425 4848 2680 4916 πορνείας
2699 4887 2714 4911 ,
2738 4847 2809 4900 τὰ
2836 4846 2935 4916 τῆς
2964 4847 3259 4917 ἐπιθυμίας
3291 4845 3371 4917 τῷ
3394 4845 3512 4917 Θεῷ
3543 4844 3737 4912 ἐξαγοο

2164 4937 2516 5008 ρεύσαςείπέο
2543 4937 2838 5005 Ἐλέησόν
2854 4954 2951 5007 με,
2974 4939 3168 5006 Κύριε,
3193 4937 3280 4990 ὅτι
3306 4936 3573 5005 ἀσθενής
3592 4937 3732 5004 ειμι-

2160 5028 2442 5083 άσθὲνειαν
2476 5028 2690 5098 φύσεως
2737 5029 3137 5100 περικείμενος.
3182 5030 3373 5083 "lauat
3401 5044 3497 5096 με,
3533 5027 3735 5095 Κύριε,

2160 5119 2247 5173 ὅτι
2280 5118 2575 5187 ἐταράχθη
2603 5117 2677 5172 τὰ
2704 5116 2855 5172 ὀστᾶ
2870 5137 2990 5188 μου
3013 5136 3026 5150 ⁸
3055 5119 3125 5172 τά
3153 5121 3248 5189 τῆς
3277 5117 3453 5187 ψυχῆς
3479 5115 3734 5184 ὲνθὺμια,

2162 5213 2242 5276 εἰς
2294 5211 2579 5279 ἀσέλγειαν
2627 5210 2722 5264 καὶ
2775 5210 3048 5282 ἁμαρτίας
3105 5225 3171 5280 με
3228 5204 3735 5279 αἰχμαλωτίζοντα⁶

2164 5306 2293 5359 Ὅτι
2314 5304 2595 5374 ἐνθύμιον
2608 5303 2919 5370 ἀνθρώπου
2943 5298 3453 5371 ἐξομολογήσεται
3466 5313 3584 5351 σοι.
3609 5295 3738 5348 Ὅτι

2164 5397 2221 5449 δὲ
2250 5395 2507 5468 περὶτῶν
2533 5394 2733 5448 ὀστέων
2770 5394 2830 5447 οὐ
2872 5393 3020 5462 λέγει
3044 5391 3136 5446 τοῦ
3170 5390 3421 5463 σώματος
3439 5430 3455 5456 ,
3491 5388 3641 5459 δηλοῖ
3664 5385 3741 5438 τὰ

489 5484 638 5555 ἑξῆς·
696 5487 890 5558 ἐπάγει
939 5491 1081 5562 γάρ·
1143 5491 1252 5545 Καὶ
1293 5491 1332 5558 ἠ
1385 5489 1555 5560 ψυχή
1593 5507 1713 5561 μου
1763 5490 2060 5563 ἐταράχθη
2087 5491 2344 5562 σφόδρα.

546 5648 763 5722 ’[Εχοιι.
803 5652 1001 5715 ιν,2ίῖ.
1040 5654 1062 5686 ³
1092 5653 1258 5707 Exod.
1288 5668 1380 5716 sx,
1410 5654 1496 5717 14,
1529 5652 1616 5709 15.
1665 5652 1686 5684 ⁸
1713 5652 1854 5708 Psal.
1902 5670 2108 5720 xxxv",
2138 5654 2194 5709 6.
2266 5655 2286 5685 ⁷
2316 5649 2496 5715 l/ch.
2538 5669 2592 5715 tt,
2616 5653 2705 5708 25.
2779 5656 2799 5688 '
2823 5655 2982 5712 llcbr.
3016 5667 3132 5719 xttt,
3159 5650 3213 5706 AI.
3288 5653 3310 5684 '
3349 5649 3511 5709 lCor.
3542 5666 3639 5722 vn,
3669 5649 3749 5706 8..

491 5719 535 5756 ⁸⁸
557 5719 696 5776 Psal.
724 5736 867 5784 λων,
905 5722 989 5776 15.
1068 5725 1106 5755 ³⁸
1134 5722 1321 5781 Matth.
1361 5741 1473 5788 xix.
1499 5723 1586 5778 12.
1668 5722 2051 5797 “Psal.__t.xxv

2159 5727 2202 5779 Ι.
2286 5725 2327 5757 ’³
2364 5723 2399 5776 ί.
2434 5722 2735 5793 ἄνθρωπος.
