4060 6210
284 186 393 242 457

1493 175 1778 231 ΙΙΟΜΙΙΔᾹ
1815 175 1935 230 XX.
1978 174 2041 230 IN
2081 176 2279 231 PSAL.
2314 177 2401 232 Ἣ.

3429 181 3528 238 688

366 302 480 355 Ἰνα
498 299 682 352 τοίνυν
697 295 868 372 δείξῃ,
888 295 969 347 ὅτι
992 294 1052 346 οὐ
1076 309 1141 344 πε
1148 292 1202 361 9‘t
1222 290 1327 344 τῶν
1350 290 1620 360 αἰσθητῶν
1645 290 1865 353 ὀστέων,

2047 291 2116 347 Ut
2142 306 2272 362 ergo
2292 288 2597 346 ostenderet
2620 331 2634 356 ,
2681 308 2784 346 non
2821 294 2886 348 de
2922 294 3137 348 ossibus
3168 293 3533 359 sensibilibus,

287 390 422 448 ἀλλὰ
454 387 585 459 περὶ
632 385 743 439 τῶν
781 382 1051 453 ἐνθυμιῶν
1102 381 1317 449 ἔλεγεν,
1364 379 1716 450 παραλείπων
1769 378 1866 448 τὴν

284 485 486 554 σάρκα,
517 478 701 549 ψυχῆς
729 476 1152 547 ἐμνημόνευσεν.
1176 473 1286 527 Kal
1320 474 1359 540 ἡ
1388 469 1559 541 ψυχή
1591 488 1705 539 μου
1733 470 1867 523 ἐτα-

275 572 476 643 ράχθη
501 567 757 639 σφόδρα.
783 565 969 627 Οὕτως
996 566 1054 617 ὲν
1088 562 1265 626 ἄλλοις
1311 561 1493 629 ἔλεγεν
1512 577 1527 592 ο
1557 559 1757 639 Πάντα
1801 560 1870 613 τὰ

279 640 441 718 ὅστᾶ
460 678 582 731 μου
608 658 851 728 ἐροῦσιν
871 673 884 686 ·
911 655 1092 724 Κύριε
1110 692 1125 716 ,
1160 655 1359 722 Κύριε,
1390 652 1483 718 τίς
1511 651 1712 720 ὅμοιός
1732 665 1869 714 σοι;
1903 640 1927 653 ’

280 751 400 804 Kal
422 750 486 803 οὐ
511 749 723 810 πάντως
745 744 874 816 περὶ
902 743 1012 797 τῶν
1041 743 1243 797 ὀστέων
1260 742 1354 795 τοῦ
1383 740 1635 812 σώματος
1662 739 1866 808 ἔλεγεν.

284 842 428 895 Οὐδὲ
466 840 576 910 γὰρ
612 838 782 909 στόμα
808 836 904 890 καὶ
931 834 1084 906 χείλη
1110 833 1178 888 τὰ
1204 835 1340 887 ὀστᾶ
1356 834 1592 903 ἔχουσιν.
1628 833 1740 886 Kal
1772 831 1872 885 πά-

283 934 373 985 λυν
392 947 407 961 ·
440 932 562 999 Σὴς
593 930 841 994 ὀστέων,
882 926 1101 995 καρδία
1126 925 1465 995 αὶσθητική.
1496 926 1607 979 Kal
1641 926 1701 995 οῷ
1735 926 1870 980 πάν-

224 1038 238 1049 ’
284 1041 401 1087 τως
440 1023 545 1078 ὑπὸ
588 1020 765 1092 σητῶν
789 1020 858 1073 τὰ
884 1020 1020 1073 ὀστᾶ
1049 1018 1320 1075 ὲσθίονται
1345 1034 1359 1049 ο
1397 1016 1512 1071 ἀλλ’
1539 1018 1621 1071 ὅτι
1655 1016 1760 1070 ὑπὸ
1793 1016 1873 1070 λο-

290 1114 511 1185 γισμῶν
533 1114 805 1179 ὀξυτάτων
845 1113 903 1164 ὲν
940 1110 1184 1181 θλίψεσιν
1215 1109 1592 1164 κατεσθίονται
1624 1108 1681 1163 αἱ
1714 1108 1871 1162 δυνά-

265 1224 421 1278 κμεις
446 1207 542 1277 τῆς
578 1204 778 1276 ψυχῆς.
824 1203 976 1257 Ἐπεὶ
999 1198 1092 1256 οὖν
1126 1204 1205 1265 είς
1231 1200 1484 1271 αἴσθησιν
1513 1193 1587 1253 ὧν
1624 1201 1871 1270 ἥμαρτεν

290 1292 451 1368 ἦλθεν
469 1298 497 1349 ὁ
520 1293 706 1359 Δαὸὶδ,
737 1293 833 1347 καὶ
859 1293 958 1356 τὰς
989 1292 1054 1344 ὲκ
1077 1291 1177 1361 τῆς
1211 1290 1567 1360 συνειδήσεως
1605 1288 1872 1358 βασάνους

290 1389 598 1459 ὑπέμεινεν,
640 1388 737 1440 καὶ
769 1387 845 1450 ὡς
892 1385 996 1439 ὑπὸ
1031 1384 1243 1455 δημίων
1284 1382 1570 1454 αὑστηρῶν
1602 1382 1709 1435 τῶν
1735 1382 1874 1450 λογι-

286 1478 441 1549 σμῶν
480 1476 809 1548 ὲμαστίζετο
832 1491 845 1504 ·
885 1476 1036 1529 οὐδὲν
1066 1475 1174 1546 γὰρ
1201 1473 1376 1537 οὕτως
1409 1474 1640 1527 ἅπτεται
1671 1472 1869 1542 ψυχῆς,

280 1569 358 1633 ὡς
402 1569 736 1639 συνείδησις,
765 1566 942 1639 λάθρα
989 1564 1353 1636 βασανίξουσα
1399 1564 1499 1628 τὰς
1537 1565 1594 1616 ἐν
1621 1566 1688 1634 τῇ
1725 1564 1870 1634 ψυχῇ

286 1660 589 1730 βασάνουςο
614 1636 831 1729 ίαθῆναι
861 1636 1400 1729 παρακαλεῖ.’1ασαί
1427 1672 1525 1724 με,
1549 1656 1748 1722 Κύριε,
1780 1654 1868 1706 ὅτι
1905 1636 1945 1689 Β

281 1750 586 1820 ἐταράχθη
612 1750 850 1819 σφόδρα
875 1750 948 1803 τὰ
973 1746 1124 1803 ὀστᾶ
1143 1764 1285 1816 μου.
1334 1745 1471 1798 Ἀλλ’
1494 1747 1555 1798 οὐ
1582 1745 1739 1816 μόνον
1767 1745 1872 1809 ἓως

283 1842 566 1913 λογισμῶν
597 1842 691 1895 καὶ
720 1839 1069 1911 ἐνθυμήσεων
1099 1838 1327 1907 ἐσκίρτα
1364 1838 1392 1889 ὁ
1423 1838 1661 1908 τάραχος
1685 1853 1698 1866 ο
1735 1835 1870 1889 ἀλλὰ

285 1936 399 2007 γὰρ
427 1936 524 1989 καὶ
558 1922 731 2004 αὐτὴν
758 1932 858 2004 τὴν
885 1929 1062 2001 ψυχὴν
1096 1926 1337 2000 ταράξας
1371 1931 1435 1999 τῇ
1465 1927 1662 1999 πράξει
1687 1926 1871 1979 ἐϐύθι-

288 2044 402 2093 σεν.
440 2026 553 2080 Kal
603 2026 642 2094 ἡ
682 2023 854 2093 ψυχή
882 2039 1002 2091 μου
1050 2018 1347 2089 ἐταράχθη
1383 2018 1640 2087 σφόδρα.
1680 2047 1748 2058 —-—
1806 2019 1873 2071 'H

284 2117 461 2189 ψυχή
496 2134 642 2186 μου,
685 2118 719 2186 ἡ
754 2113 1006 2183 ἀποθήκη
1045 2111 1155 2164 τῶν
1205 2110 1517 2181 μυστηρίων
1554 2108 1648 2161 τοῦ
1694 2107 1830 2162 Θεοῦ
1854 2125 1867 2138 ·

289 2213 331 2279 ἡ
371 2209 546 2278 ψυχή
592 2225 732 2277 you,
762 2208 796 2276 ἡ
826 2205 933 2259 τῶν
965 2201 1196 2273 ψαλμῶν
1233 2202 1407 2272 πηγή,
1473 2194 1644 2253 Ὅπου
1681 2200 1870 2271 εἰρήνη

285 2299 694 2368 ὲθαλαμεύετο,
749 2297 866 2348 ἐκεῖ
920 2295 949 2347 ὁ
995 2291 1228 2362 πόλεμος
1278 2291 1376 2361 τῆς
1426 2290 1699 2362 ἁμαρτίας
1750 2289 1869 2341 κατ’

288 2388 425 2460 ἐμοῦ
463 2389 757 2459 ὀρχήσατο.
801 2386 911 2439 Kal
962 2384 1064 2447 σὺ,
1110 2384 1310 2451 Κύριε,
1367 2381 1479 2445 ἕως
1524 2383 1709 2445 πότε;
1758 2380 1872 2433 Οὐκ

287 2483 567 2553 ἐϐράδυνα
598 2481 734 2552 πρὸς
778 2482 1099 2550 μετάνοιανο
1148 2476 1223 2549 μὴ
1279 2474 1547 2546 βραδύνῃς
1600 2472 1738 2543 πρὸς
1774 2472 1871 2543 τὴν

286 2576 432 2646 ἐμὴν
467 2574 744 2645 πρόνοιαν.
780 2568 953 2636 Εἴπας
974 2589 987 2600 ⁵
1034 2570 1178 2625 Ἐὰν
1221 2567 1630 2636 ἀποστραφεὶς
1659 2564 1873 2619 στενά-

196 2702 209 2707 -
290 2667 430 2735 ξῃς,
478 2666 613 2719 τότε
642 2662 931 2731 σωθήσῃ.Δ
973 2662 1127 2715 Ἐπεὶ
1187 2654 1277 2713 οὖν
1342 2658 1638 2711 ἐκοπίασα
1680 2656 1749 2709 ἐν
1793 2655 1873 2720 τῷ

288 2754 611 2826 στεναγμῷ
649 2773 799 2825 μου·
835 2786 906 2795 --
939 2756 1085 2819 Ἕως
1117 2756 1298 2817 adre;
1326 2752 1437 2805 Kal
1475 2749 1534 2802 οὐ
1567 2749 1725 2818 μόνον
1754 2762 1874 2799 στε-

290 2847 463 2912 νάζω,
507 2847 642 2901 ἀλλὰ
672 2849 766 2900 καὶ
794 2846 962 2899 κλαίω
992 2846 1087 2899 καὶ
1112 2844 1352 2915 δακρύω,
1389 2842 1480 2895 καὶ
1514 2838 1744 2912 δάκρυσι
1773 2837 1873 2906 τὴν

290 2938 485 3008 κλίνην
507 2937 826 3005 σπιλολογῶ.
860 2938 1073 2992 Λούσω
1096 2936 1224 2989 καθ’
1249 2933 1514 2999 ἑκάστην
1544 2931 1734 3019 νύκτα
1759 2928 1875 2996 τὴν
1900 2963 1943 3019 C

292 3028 521 3094 κλίνην
534 3043 676 3096 μου,
701 3026 772 3079 ἐν
799 3025 1095 3093 δάκρυσίν
1108 3041 1228 3093 you
1266 3021 1381 3090 τὴν
1408 3017 1727 3088 στρωμνήν
1753 3034 1872 3086 μου

210 3168 223 3179 .
287 3119 516 3188 βρέξω.
550 3147 622 3157 -—
644 3119 799 3182 Ἕως
827 3120 973 3170 πότε
1000 3132 1018 3179 ;
1050 3115 1124 3168 Τὸ
1144 3115 1223 3176 δὲ,
1254 3114 1402 3179 Ἕως
1428 3097 1572 3163 πότρ
1588 3127 1606 3173 ;
1632 3110 1731 3162 οὐκ
1758 3108 1874 3160 ἕλε--

290 3228 396 3281 γεν
438 3208 850 3273 ἀποδυσπετῶν,
891 3207 1027 3261 ἀλλὰ
1066 3207 1127 3259 τὸ
1159 3205 1332 3276 πέρας
1373 3202 1481 3256 τῶν
1532 3199 1873 3271 πειρασμῶν,

294 3301 395 3354 καὶ
422 3300 487 3353 τὸ
512 3300 664 3363 τέλος
695 3300 804 3353 τῶν
829 3299 1068 3369 θλίψεων
1117 3296 1307 3368 μαθεῖν
1338 3294 1713 3365 ἐκδεχόμενος.
1744 3291 1878 3345 Οὐδὲ

300 3388 410 3460 γὰρ
455 3391 585 3460 περὶ
628 3388 724 3442 τοῦ
775 3389 1043 3458 ἀφεθῆναι
1092 3385 1240 3454 αὐτῷ
1288 3384 1385 3455 τὴν
1439 3383 1734 3454 ἁμαρτίαν,
1794 3381 1874 3446 τὸ,

298 3482 455 3545 "Ean;
493 3482 676 3544 πότες
742 3479 948 3547 ἔλεγεν.
991 3479 1049 3530 Ὀ
1094 3476 1203 3547 γὰρ
1228 3474 1489 3538 ἀκούσας,
1520 3474 1630 3527 Kal
1660 3474 1879 3542 Κύριος

296 3572 541 3643 ἀφῆκεν
565 3570 679 3642 (46)
704 3570 818 3637 τὴν
837 3568 1130 3637 ἁμαρτίαν
1151 3582 1287 3630 σου,
1313 3565 1412 3618 οὐκ
1441 3564 1507 3618 ἂν
1536 3564 1778 3617 ἀπιστῶν
1804 3559 1881 3616 εἴ-

298 3682 407 3718 πεν
430 3681 445 3694 ·
481 3663 630 3727 Ἕως
675 3663 857 3723 πότε;
903 3661 1013 3712 Kal
1052 3661 1103 3713 ὁ,
1127 3655 1385 3728 εἰρηκὼς,
1413 3651 1599 3708 Εἴπω
1639 3654 1881 3723 Ἐξαγο-

305 3757 504 3828 ρεύσω
528 3754 652 3807 κατ’
680 3751 826 3822 ἐμοῦ
859 3750 969 3819 τὴν
1001 3750 1255 3819 ἀνομίαν
1272 3766 1391 3817 μου
1421 3745 1501 3810 τῷ
1533 3746 1745 3813 Κυρίῳ,
1782 3745 1879 3798 καὶ

300 3844 390 3900 σὺ
411 3843 654 3912 ἀφῆκας
682 3841 797 3909 τὴν
816 3839 1096 3894 ἀσέϐειαν
1116 3836 1226 3905 τῆς
1247 3835 1496 3904 καρδίας
1524 3850 1665 3902 you,
1691 3833 1790 3885 οὐκ
1818 3831 1883 3884 ἂν

299 3936 390 3997 τὸ,
436 3936 585 3999 Ἕως
624 3934 804 3998 ardre;
862 3932 987 4003 περὶ
1041 3929 1286 3998 ἀφέσεως
1335 3924 1622 4003 ἁμαρτιῶν
1678 3923 1879 3992 ἔλεγεν.

300 4028 462 4085 .’Δλλ’
492 4026 684 4096 ἐπειδὴ
713 4025 809 4095 τὴν
847 4024 944 4094 μὲν
978 4021 1084 4075 τῶν
1117 4002 1399 4091 ἁμαρτιῶν
1436 4018 1630 4087 ἄφεσιν
1669 4016 1881 4082 ἐλαϐεν,

302 4123 402 4174 ἐπὶ
458 4120 689 4183 πολλοὺς
744 4117 800 4170 δὲ
841 4117 1065 4187 χρόνους
1118 4114 1360 4182 θλίψεσιν
1413 4112 1507 4164 καὶ
1562 4112 1886 4182 πειρασμοῖς

303 4207 590 4260 ἑπάλαιεψ
612 4205 709 4257 καὶ
732 4203 1138 4275 χειρουργηθεὶς
1162 4202 1261 4271 τὴν
1290 4198 1555 4270 σηπεδόνα
1579 4199 1677 4269 τῆς
1703 4199 1883 4268 ἁμαρι-

1970 380 2064 442 sed
2089 382 2154 433 de
2183 380 2603 450 cogitationibus
2652 382 2975 437 disseruisse
3012 398 3105 448 se,
3141 383 3327 437 relicta
3350 398 3532 447 carne,

1971 471 2165 524 anima
2191 470 2517 525 mentionem
2554 471 2700 526 fecit.
2752 471 2817 525 Et
2866 475 3204 527 anima-utea
3233 476 3441 528 turbata
3464 486 3535 528 est

1970 562 2138 617 ualde.
2171 552 2295 617 Pari
2351 564 2508 618 modo
2542 563 2666 617 alibi
2697 565 2868 617 dixit:
2914 564 3109 619 Omnia
3152 583 3270 619 ossa
3303 584 3415 620 mea
3455 567 3538 620 di-

1972 664 2124 708 cent:
2147 653 2391 722 Domine,
2417 654 2662 721 Domine,
2690 656 2806 724 quis
2837 656 3024 710 similis
3048 656 3143 710 tibi
3165 657 3241 710 “‘i
3281 657 3391 713 Nec
3424 674 3539 711 ont-

1972 748 2100 804 nino
2158 764 2280 803 ossa
2331 750 2575 819 corporis
2617 751 2941 821 designavit.
2986 750 3119 808 Ossa
3157 754 3303 809 enim
3353 767 3540 808 carent

1969 855 2067 894 ore
2099 850 2153 895 et
2176 841 2367 896 labiis.‘
2385 841 2452 897 Et
2495 845 2691 897 iterum
2718 859 2732 896 :
2773 842 2937 897 Tinea
2959 834 3189 911 ossium,
3219 862 3308 899 cor
3335 846 3535 899 sensiti-

1970 933 2174 987 uum”.
2221 931 2404 1003 Neque
2442 949 2665 1004 prorsus
2716 949 2745 987 a
2796 934 2957 989 tineis
2988 950 3109 990 ossa
3152 937 3415 1003 eduntur;
3445 938 3539 990 sed

1971 1021 2097 1090 quia
2155 1036 2251 1090 per
2302 1024 2615 1079 acerrimas
2651 1023 3011 1093 cogitationes
3055 1026 3107 1079 in
3161 1026 3543 1081 afﬂictionibus

1971 1115 2330 1169 absumuntur
2381 1115 2574 1170 animze
2624 1115 2788 1170 vires.
2840 1116 2974 1175 Cum
3011 1116 3172 1184 igitur
3218 1117 3270 1170 in
3323 1132 3540 1172 sensum

1972 1204 2289 1259 delictorum
2351 1220 2571 1261 suorum
2618 1209 2856 1265 venisset
2897 1208 3084 1271 David,
3120 1218 3173 1261 et
3201 1209 3543 1262 conscientiae

1976 1302 2239 1348 tormenta
2307 1297 2606 1361 sensisset,
2665 1305 2826 1365 atque
2877 1311 2906 1349 a
2957 1297 3372 1367 cogitationibus
3403 1296 3545 1351 velut

1974 1386 2123 1440 duris
2144 1387 2491 1442 carnificibus
2528 1388 2836 1456 vapulasset
2877 1406 2892 1443 :
2932 1388 3063 1441 nihil
3100 1389 3296 1457 quippe
3322 1388 3399 1443 sic
3423 1398 3545 1441 tan-

1972 1478 2048 1547 git
2078 1480 2349 1544 anintttm,
2378 1488 2436 1531 ttt
2462 1479 2823 1542 conscientia,
2860 1492 2979 1547 qua:
3005 1479 3143 1532 clam
3179 1480 3405 1532 rimetur
3425 1478 3544 1531 ani-

1979 1583 2077 1622 mm
2103 1579 2366 1623 tormenta
2406 1586 2419 1626 :
2462 1571 2644 1625 Sanari
2677 1572 2929 1639 postulat.
2977 1571 3121 1625 Sana
3158 1589 3271 1636 nte,
3300 1571 3542 1634 Domine,

1972 1660 2221 1728 quoniam
2267 1661 2417 1715 valde
2467 1663 2777 1716 conturbata
2809 1673 2928 1716 sunt
2965 1680 3083 1716 ossa
3129 1680 3263 1716 mea.
3303 1665 3409 1718 Sed
3439 1679 3541 1717 nan

1975 1750 2181 1803 tantum
2234 1766 2407 1816 usque
2463 1754 2529 1805 ad
2584 1754 2807 1807 consilia
2860 1764 2914 1807 et
2972 1753 3324 1823 cogitatibncs
3359 1753 3547 1808 insiliit

1972 1841 2570 1907 conturbatioyverum
2601 1843 2772 1910 ipsam
2808 1857 3023 1912 quoque
3063 1844 3300 1897 animam
3331 1842 3547 1897 actione

1972 1945 2292 1987 concussam
2318 1933 2597 1987 demersit.
2625 1931 2689 1985 Et
2714 1934 2889 1986 animo
2908 1950 3021 1987 mea
3044 1934 3254 1986 turbata
3278 1944 3349 1986 est
3373 1932 3543 1987 ualde.

1971 2025 2257 2077 -Αηὶηια
2310 2042 2468 2089 mea,
2524 2026 2902 2095 repositorium
2961 2026 3342 2096 mysteriorum
3404 2024 3545 2079 Dei:

1973 2117 2148 2170 anima
2186 2134 2297 2171 mea
2324 2158 2339 2180 ,
2365 2118 2701 2172 Psalmorutn
2732 2117 2873 2173 fons.
2910 2117 3007 2173 Ubi
3040 2134 3141 2187 pax
3171 2119 3318 2172 velut
3341 2117 3393 2170 in
3426 2118 3548 2170 tita-

1973 2207 2114 2262 iamo
2162 2209 2560 2272 continebatur,
2623 2210 2694 2263 ibi
2755 2210 2950 2263 bellum
2987 2210 3192 2279 peccati
3227 2219 3415 2263 contra
3463 2227 3549 2262 me

1975 2298 2272 2352 ittsultavit.
2301 2298 2365 2351 Et
2390 2310 2469 2363 tu,
2499 2299 2739 2365 Domine,
2783 2317 3045 2371 usquequo
3068 2301 3092 2351 ."
3116 2299 3230 2354 Non
3257 2301 3458 2354 tardari
3482 2305 3546 2354 ad

1974 2390 2377 2459 pmnitentiam;
2453 2406 2519 2443 ne
2579 2392 2762 2445 tardes
2829 2394 2894 2445 ad
2962 2393 3064 2446 mei
3128 2392 3543 2461 providentiam.

1977 2482 2198 2536 Dixisti:
2239 2479 2297 2536 Si
2317 2498 2593 2537 conversus
2638 2484 2949 2553 iugemueris
2971 2524 2989 2550 ,
3012 2495 3135 2536 tunc
3161 2485 3335 2536 salvus
3357 2484 3458 2535 erit
3481 2483 3542 2533 ‘°.

1976 2570 2182 2639 itaque,
2226 2569 2352 2635 quia
2382 2569 2617 2626 laboravi
2650 2572 2704 2625 in
2733 2572 2924 2641 gemitu
2965 2588 3074 2625 meo
3105 2586 3211 2624 :—
3232 2568 3549 2640 Usquequo?

1975 2656 2085 2713 Nec
2114 2659 2285 2714 solum
2316 2674 2493 2730 gemo,
2541 2677 2725 2716 verum
2759 2662 2919 2716 etiam
2952 2660 3054 2715 ﬂeo
3086 2672 3139 2716 et
3170 2662 3459 2733 lacrytnor,
3485 2678 3549 2715 ac

1977 2766 2071 2819 per
2109 2750 2375 2822 lacrymtts
2413 2753 2609 2806 lectum
2655 2753 2878 2806 maculis
2930 2752 3143 2822 oppleo.
3197 2751 3407 2806 Lavabo
3458 2771 3550 2821 per

1975 2842 2211 2912 singulas
2240 2857 2410 2897 noctes
2443 2846 2630 2898 lectum
2661 2861 2830 2898 meum
2851 2884 2866 2909 ,
2894 2846 2948 2898 in
2975 2845 3219 2915 lacrymis
3256 2846 3385 2899 meis
3412 2858 3551 2899 strn-

1975 2940 2087 2985 tum
2104 2949 2274 2986 meum
2292 2928 2492 3005 rigabo.
2522 2965 2592 2975 —
2619 2931 2930 3007 Usquequo?
2951 2936 3081 2989 lllutl
3104 2933 3379 3005 Usquequo
3394 2937 3421 2990 1’
3444 2952 3548 2989 non

1978 3024 2217 3092 protulit,
2247 3028 2388 3093 quod
2415 3026 2759 3095 impatienter
2791 3028 2976 3091 ferret,
3000 3026 3091 3080 sed
3118 3027 3241 3093 quia
3260 3034 3546 3094 exspecta-

1978 3112 2069 3165 bat
2105 3121 2162 3166 ut
2203 3115 2489 3168 terminum
2550 3116 2909 3169 tentationutn
2970 3115 3222 3180 disceret,
3282 3114 3551 3183 ﬁnemque

1930 3248 1935 3253 ,
1980 3202 2350 3257 vexationum.
2398 3202 2514 3258 Non
2554 3204 2697 3258 enim
2732 3215 2789 3258 ut
2825 3204 2924 3274 ipsi
2953 3204 3316 3259 dimitteretur
3361 3221 3554 3273 pecca-

1981 3300 2122 3352 tum.
2169 3287 2337 3359 dixit,
2385 3291 2704 3366 Usquequo?
2732 3294 2866 3349 Nam
2889 3296 2978 3365 qui
3017 3297 3298 3351 audierat:
3339 3294 3408 3349 Et
3443 3298 3554 3351 Do-

1980 3385 2153 3437 minus
2203 3387 2402 3439 remisit
2454 3399 2723 3455 peccatum
2781 3397 2929 3441 tuum
2950 3388 3029 3454 ",
3091 3404 3196 3457 non
3256 3388 3556 3444 tiiiiidenter

1981 3476 2229 3540 dixisset,
2262 3476 2535 3550 Usquequo
2557 3481 2582 3533 ?
2611 3479 2822 3548 Quique
2867 3484 3342 3549 pr0nut.tiavcrat;
3377 3481 3503 3536 Dixi
3535 3497 3556 3536 :

1982 3568 2279 3636 Conﬁtebor
2311 3574 2583 3624 adversum
2626 3587 2704 3624 me
2745 3571 3068 3640 injustitiom
3102 3589 3270 3624 meant
3307 3570 3557 3639 Domino,

1981 3674 2025 3715 et
2060 3670 2115 3713 tu
2148 3661 2392 3714 remisisti
2422 3662 2733 3727 impietatem
2759 3661 2933 3713 cordis
2959 3660 3060 3712 mei
3086 3661 3128 3690 ¹⁸
3148 3699 3163 3724 ,
3197 3677 3559 3729 nequaquam,

1986 3750 2301 3819 Usquequo?
2352 3751 2415 3802 de
2464 3750 2782 3802 remissione
2840 3760 3183 3817 peccatorum
3228 3752 3558 3817 protulisset.

1985 3841 2089 3895 Sed
2127 3842 2251 3908 quia
2295 3847 2576 3905 acceperat
2622 3836 2835 3904 quidem
2891 3836 3259 3889 remissionem
3312 3850 3557 3904 peccato-

1985 3946 2134 3995 rum;
2166 3929 2331 3983 multo
2368 3937 2545 3981 autem
2591 3936 2830 3993 tempore
2860 3940 2982 3978 cum
3026 3924 3456 3981 tribulationibus
3500 3940 3554 3982 ct

1987 4021 2372 4076 tentationibtts
2415 4016 2749 4080 luctabatur;
2805 4025 2857 4069 et
2908 4017 2961 4067 in
2995 4013 3177 4067 uicere
3202 4019 3406 4083 peccati
3432 4017 3553 4070 chi-

1990 4112 2133 4181 rttrgi
2165 4126 2381 4164 manum
2415 4115 2695 4171 senserat,
2719 4105 3062 4172 cauteriaque
3089 4104 3443 4157 tentatiouutn
3465 4143 3481 4169 ,
3504 4114 3556 4157 et

1990 4202 2133 4255 acria
2196 4202 2486 4270 pltarmaca
2535 4197 3224 4267 vexationutnﬁecepcrat
3279 4193 3406 4259 ditt;
3466 4209 3563 4262 pro

302 4298 452 4363 τίας,
497 4297 782 4367 καυτῆρας
829 4294 1184 4365 πειρασμῶν,
1242 4293 1333 4344 καὶ
1375 4289 1643 4360 φάρμακα
1689 4289 1880 4360 δριμέα

1995 4291 2414 4361 asperrimorum
2486 4286 2841 4340 remediorum
2910 4284 3179 4338 ablatione
3242 4284 3564 4351 deprecatur

304 4390 545 4457 θλίψεων
577 4388 673 4440 ἐπὶ
701 4387 835 4439 πολὺ
861 4385 1081 4437 ἐλαϐενο
1119 4383 1247 4454 περὶ
1279 4383 1379 4451 τῆς
1411 4383 1516 4436 τῶν
1543 4380 1880 4453 δριμυτάτων

1999 4386 2282 4439 medicum.
2342 4381 2407 4434 Et
2458 4391 2535 4443 tu,
2588 4379 2834 4442 Domine,
2896 4377 3202 4448 usquequo?
3265 4376 3565 4446 Discipulos

306 4479 623 4552 φαρμάκων
676 4477 1017 4547 ἀφαιρέσεως
1060 4474 1363 4545 παρακαλεῖ
1407 4472 1498 4526 τὸν
1542 4473 1744 4542 ίατρόν.
1785 4469 1880 4525 Kal

1996 4485 2121 4528 tuus
2164 4473 2375 4527 Natltan
2419 4471 2671 4525 celeriter
2717 4469 3053 4539 chirurgicas
3082 4484 3273 4523 manus
3302 4469 3564 4529 adhibuit,

306 4574 417 4634 σὺ,
454 4572 671 4640 Κύριε,
707 4568 818 4635 ἕως
852 4568 1035 4630 adre;
1077 4566 1135 4619 '0
1178 4565 1423 4636 μαθητής
1471 4581 1565 4616 σου
1599 4562 1783 4615 Νάθαν
1807 4578 1895 4612 τα·

310 4654 454 4733 χὲωἶ
498 4660 947 4732 ὲχειρούργησεν,
978 4656 1179 4711 εἰπών·
1238 4656 1346 4710 Καὶ
1388 4656 1600 4724 Κύριος
1636 4654 1883 4721 ἀφεῖλεν

311 4756 382 4807 τὸ
403 4753 723 4823 ἁμάρτημᾲ
751 4768 887 4806 σου.
923 4751 1075 4802 Ἐπεὶ
1103 4744 1195 4802 οὖν
1224 4749 1427 4810 ἐκεῖνος
1454 4747 1553 4799 οὐκ
1580 4743 1893 4813 ἐϐράδυνεν,

312 4845 412 4896 ναὶ
444 4846 608 4907 αὐτὸς
646 4845 783 4917 πρὸς
817 4843 884 4897 τὰ
908 4842 1207 4913 δριμύτερα
1240 4840 1348 4893 τῶν
1389 4838 1618 4907 θλίψεων
1663 4837 1736 4908 μὴ
1768 4835 1895 4907 χρό-

310 4939 454 5002 νιζε.
482 4937 594 4991 Kal
611 4936 716 5001 σὺ,
740 4937 933 5004 Κύριε,
957 4934 1066 4999 ἕως
1093 4934 1269 5005 note;
1294 4932 1439 4993 Ἕως
1465 4929 1592 4981 πότε
1614 4932 1642 4981 ὁ
1678 4928 1897 4980 Ἀὅεσα-

312 5032 440 5102 ὶὼμ
467 5031 735 5100 πολεμεῇ
767 5028 913 5090 Ἕως
938 5027 1065 5080 πότε
1094 5027 1121 5078 ὁ
1145 5023 1205 5089 ἐξ
1233 5022 1366 5095 ἐμοῦ
1400 5024 1519 5075 κατ’
1548 5020 1711 5097 ἐρ.οῷ
1749 5020 1896 5084 Ἕως

1996 4565 2215 4618 dicens:
2252 4562 2320 4615 Et
2354 4562 2608 4616 Dominus
2632 4550 2858 4614 .abstulit
2888 4571 3156 4631 peccatum
3188 4571 3352 4613 tuum.
3386 4557 3565 4623 Quatt-

1997 4656 2064 4709 do
2095 4656 2254 4724 igitur
2290 4654 2377 4707 ille
2404 4670 2507 4708 non
2542 4653 2770 4715 distulit,
2809 4663 2862 4705 tu
2897 4654 3099 4721 pariter
3130 4653 3195 4704 ad
3232 4651 3563 4703 mordaciora

2000 4746 2406 4799 tribulationum
2462 4757 2528 4798 ne
2576 4744 2821 4798 moreris.
2859 4742 2923 4795 Et
2981 4751 3058 4805 tu,
3096 4739 3335 4802 Domine,
3381 4754 3563 4808 usque-

1999 4836 2139 4914 quo}
2189 4811 2478 4903 llsquequo
2526 4834 2782 4888 Absalom
2830 4832 3029 4887 bellum
3061 4832 3240 4899 gerit?
3282 4828 3567 4897 Usquequo

2003 4926 2094 4993 qui
2150 4940 2216 4979 ex
2262 4941 2382 4989 me,
2417 4936 2605 4980 contra
2652 4925 2777 4980 me?
2814 4923 3102 4993 Usquequo
3128 4922 3194 4977 ab
3222 4919 3572 4988 AcbitOpltele

2004 5036 2108 5072 non
2164 5016 2480 5073 ulcisceris?
2520 5016 2809 5087 Usquequo
2855 5017 3128 5072 exercitus
3167 5014 3294 5069 mihi
3346 5011 3568 5078 subjecti

392 5194 439 5225 "
465 5193 612 5248 Psal.
639 5190 934 5256 xxuv,10.
1022 5188 1063 5219 ¹⁸
1090 5186 1249 5241 Prov.
1290 5200 1401 5248 xw,
1432 5184 1521 5238 30.
1598 5182 1640 5213 ⁸⁸
1669 5181 1777 5234 lsa.
1804 5197 1872 5234 xx

1990 5180 2043 5233 5.
2123 5180 2163 5210 ¹⁷
2191 5176 2232 5229 li
2273 5178 2400 5245 ιιι-ε.
2435 5190 2530 5240 xu,
2575 5174 2662 5228 15.
2739 5172 2782 5203 ’⁸
2822 5171 2959 5225 Psal.
2990 5186 3134 5233 uiti,
3166 5168 3217 5220 5.

393 5346 511 5418 (46)
551 5344 825 5418 ’ᾼςσῆκεν.
855 5346 921 5418 Et
952 5344 1109 5418 paulo
1135 5335 1725 5418 post,_atpeir):ev.varite
1749 5334 1890 5418 enim

321 5404 453 5472 sunt
491 5404 653 5484 bujtis
679 5404 840 5470 'verbi
884 5404 1151 5468 lectiones
1183 5404 1383 5484 inisti)
1423 5409 1716 5484 scripturae
1748 5404 1900 5484 testi-

322 5488 510 5542 monio
540 5474 583 5539 ΙῘ
622 5485 757 5553 Reg.
786 5500 883 5548 xu,
922 5483 1007 5541 15.
1060 5479 1413 5553 παρεδίϐασε,
1456 5476 1657 5553 ἀφῆκες,
1688 5474 1897 5553 ἀφεῖλε,

322 5555 603 5627 ἀφείλετο,
634 5544 839 5607 necnon
869 5544 1176 5623 παρή-ταγὲ,
1210 5552 1260 5603 itt
1313 5544 1515 5619 (ἰσωνία
1566 5547 1633 5598 ad
1678 5544 1809 5614 μιαί.
1846 5558 1897 5607 ι,

579 5647 854 5707 ΡΑτκοι..
894 5645 1011 5704 Gn.
1054 5644 1107 5702 Χ
1122 5644 1188 5701 L.

1999 5349 2063 5387 ex
2099 5332 2343 5401 Didymo.
2362 5331 2407 5384 Α
2428 5325 2952 5401 Tertulliattoaulem
2984 5322 3176 5401 lectum
3220 5319 3576 5401 ittifsejtept-

2006 5389 2376 5473 nyaye'pa’tct
2423 5414 2489 5453 ex
2535 5412 2600 5450 eo
2644 5396 2784 5473 quod
2819 5405 3029 5454 vertat,
3084 5389 3434 5444 circumduxit
3461 5389 3574 5452 ,ιν

2008 5466 2264 5526 diuersus
2302 5469 2639 5529 Marrionem,
2674 5466 2759 5520 10.

3194 5619 3267 5678 15
