4060 6210
242 228 328 285 461

1377 225 1659 281 HOMILIA
1696 224 1836 280 XXI.
1872 225 1936 279 IN
1968 225 2163 281 PSAL.
2202 226 2309 281 VII.

3363 230 3470 283 669

245 339 367 405 alvo;
402 340 458 393 οὐ
490 340 627 408 ταχὺ
663 339 989 403 ἀλλοιοῦται,
1023 340 1145 394 οὔτε
1194 344 1475 413 τρέπεται,
1517 347 1544 397 6
1584 344 1641 397 δὲ
1685 343 1802 407 νέος

1913 352 1995 398 ιιιε
2035 345 2220 399 viuum
2249 361 2354 400 non
2402 345 2559 401 facile
2585 350 2870 411 alteratur,
2903 359 3077 414 neque
3110 345 3361 411 vertitur,
3391 346 3472 397 vi-

246 431 366 497 οῐνος
398 430 696 503 ἀμφίϐολος
738 431 954 499 γείτων·
987 430 1159 496 οὕτως
1207 435 1236 486 6
1273 435 1501 499 παλαιὸς
1542 433 1696 503 φίλος
1725 434 1800 497 ὡς

244 521 365 589 οἶνος
395 524 733 597 προπάλαιθς
776 524 1058 594 εὐφραίνει
1100 526 1193 579 τὸν
1221 508 1435 597 ἔχοντα,
1461 529 1571 581 Kal
1608 527 1799 581 τούτου

247 617 434 689 μάρτυς
486 618 521 687 η
562 615 683 669 θεία
731 615 948 686 Γραφήο
996 613 1171 682 Οἷνος
1220 616 1377 683 νέος,
1420 618 1599 687 φίλος
1642 618 1798 683 νέος·

241 710 339 764 ἐὰν
359 708 424 761 δὲ
448 706 778 776 nudatum},
796 710 926 777 μετ’
950 710 1335 778 εὐφροσύνης
1361 710 1549 765 αὐτὸν
1573 711 1800 764 πίεσαι.

243 800 439 871 Ὠσπερ
485 799 543 853 δὲ
582 802 612 853 6
642 799 925 870 πυρέττων
957 800 1051 854 καὶ
1087 803 1392 874 φρενητιῶν
1427 802 1520 856 τὸν
1570 799 1801 855 παλαιὸν

242 885 372 945 οἶνον
401 891 474 955 ὼς
505 890 758 965 πολέμιον
783 892 1209 965 ἀποστρέφεται,
1245 896 1273 947 6
1309 894 1365 947 δὲ
1399 894 1656 963 ὑγιαίνων
1708 892 1802 947 καὶ

244 982 537 1055 ἐρρωμένος
678 983 910 1055 καρδίαν
966 960 1338 1056 εὐφραίνεταιο
1381 960 1475 1040 καὶ
1505 980 1669 1050 οἶνος
1692 983 1801 1054 γὰρ

241 1073 531 1142 εὐφραίνει
572 1072 825 1142 καρδίαν
863 1074 1199 1144 ἀνθρώπου
1234 1074 1409 1140 οὕτως
1444 1078 1472 1130 6
1501 1075 1673 1130 νοσῶν
1704 1075 1801 1149 τὴν

243 1163 423 1235 φρένα,
455 1166 546 1218 καὶ
591 1167 656 1236 τῇ
696 1166 868 1237 κακίᾳ
911 1166 1214 1239 πυρέττων,
1261 1169 1352 1223 τὸν
1384 1172 1610 1242 ἀρχαῖον
1651 1170 1801 1239 φίλον

244 1255 420 1326 φεύγει
441 1257 515 1321 ὡς
543 1257 823 1329 πολέμιον⁵
846 1259 945 1315 όδὲ
967 1261 1225 1328 ὑγιαίνων
1251 1263 1348 1331 τὴν
1379 1263 1686 1334 συνείδησιν
1721 1263 1797 1327 ὡς

239 1350 505 1419 δευτέρους
542 1350 735 1418 γονέας
786 1352 880 1404 καὶ
926 1352 1187 1443 ἀδελφοὺς
1224 1356 1349 1418 τοὺς
1379 1355 1564 1424 φίλους
1596 1356 1801 1423 λογίζε-

238 1459 338 1497 ται.

301 1530 452 1584 Ὅθεν
508 1532 602 1585 τὸν
658 1534 831 1613 Χουσὶ
886 1535 1039 1603 φίλον
1079 1539 1173 1589 καὶ
1205 1539 1552 1610 ἀρχιεταῖρον
1596 1538 1800 1592 ἄνωθεν

234 1623 317 1676 καὶ
338 1624 576 1695 ὲξαρχῆς
598 1620 767 1695 εἶχεν,
792 1626 950 1680 τοῦτο
978 1628 1173 1697 λέγων’
1205 1630 1270 1683 El
1301 1632 1331 1683 6
1365 1630 1537 1700 μέγας
1560 1631 1800 1700 Μωῦσῆς

1904 452 2038 509 ιιιιιιι
2066 451 2198 492 vero
2220 452 2416 493 novum
2443 447 2525 493 est
2555 453 2753 508 anceps
2776 438 2987 493 vicinus
3011 455 3026 492 :
3058 439 3134 492 ita
3155 444 3313 492 vetus
3345 437 3473 491 ami-

1903 542 2000 581 cus
2033 535 2286 596 tanquam
2311 530 2495 584 vinum
2521 532 2788 586 vetnStum
2822 530 3055 586 laetificat
3095 545 3217 584 eum
3261 531 3350 599 qui
3381 531 3475 583 ha-

1901 619 2015 673 bet.
2051 617 2216 686 Cujus
2249 621 2326 676 rei
2355 620 2634 690 Scriptura
2673 622 2825 678 testis
2857 631 2941 677 est
2974 640 2987 676 :
3041 621 3227 675 Vinum
3262 637 3474 685 nouunt,

1903 709 2103 763 amicus
2126 726 2330 776 novus;
2363 711 2409 766 si
2435 722 2609 765 autem
2645 712 3028 775 inveteraverit,
3066 727 3182 764 cum
3216 710 3477 764 suavitate

1902 797 2042 852 bibes
2074 798 2209 853 illud
2235 800 2297 854 ὀ.
2345 800 2514 856 Porro
2552 802 2694 857 sicut
2724 804 2814 872 qui
2846 803 2997 858 febre
3021 803 3252 868 laborat,
3286 812 3476 871 estque

1904 889 2270 957 phreneticus,
2307 893 2489 947 vinum
2523 903 2681 949 vetus
2719 902 2779 948 ut
2822 892 2924 948 sibi
2965 894 3249 949 adversum
3301 893 3473 959 vitat;

1902 982 1992 1051 qui
2042 992 2220 1038 autem
2271 999 2436 1039 sanus
2483 983 2800 1054 validosque
2852 994 2955 1047 est,
3002 999 3098 1052 per
3129 984 3258 1038 illud
3313 986 3477 1039 corde

1902 1075 2234 1141 delectatur;
2276 1077 2475 1131 etenim
2521 1079 2699 1131 vinum
2738 1077 2971 1147 lwtiﬁcat
3001 1093 3093 1131 cor
3114 1076 3341 1131 hominis
3394 1078 3471 1129 ²²ι

1903 1165 1982 1220 sic
2013 1180 2154 1236 :eger
2201 1176 2382 1224 mente
2407 1209 2422 1233 ,
2460 1179 2514 1223 et
2565 1169 2786 1224 malitiae
2820 1168 2966 1225 febre
3012 1167 3284 1232 detentus,
3336 1167 3477 1221 anti-

1903 1273 2066 1326 quum
2102 1259 2334 1313 amicum
2360 1259 2495 1331 fugit
2522 1260 2672 1314 velut
2704 1262 2915 1315 hostem
2942 1278 2957 1327 ;
2990 1258 3321 1314 conscientia
3347 1272 3478 1312 vero

1904 1364 2066 1404 sanus
2114 1349 2287 1404 instar
2309 1352 2667 1406 secundorum
2689 1368 2752 1422 pa
2765 1366 2974 1407 rentum
3003 1363 3057 1405 ct
3088 1350 3315 1404 fratrum
3345 1352 3478 1402 anti-

1903 1453 1996 1493 cos
2024 1440 2191 1494 ducit.

1976 1528 2129 1583 Unde
2176 1531 2341 1585 David
2376 1530 2538 1587 Chusi
2586 1534 2818 1588 amicum
2857 1544 2909 1589 et
2958 1534 3255 1604 principem
3302 1534 3479 1587 socio-

1905 1634 2022 1671 rum
2052 1619 2179 1674 olim
2229 1630 2283 1676 et
2324 1622 2393 1676 ab
2441 1623 2611 1678 initio.
2633 1624 2843 1689 habuit,
2873 1625 2976 1679 hoc
3002 1640 3185 1682 secum
3219 1625 3429 1679 locutus
3462 1643 3476 1677 :

230 1683 503 1788 ἄνθρωπος
530 1683 820 1771 ’τοῦ“Θεοῦ
862 1720 955 1773 καὶ
1002 1683 1123 1784 θεὸς
1151 1683 1378 1793 Φαραὼ,
1517 1683 1674 1787 ξένον
1708 1683 1798 1776 κὲιὶ

1909 1710 2230 1782 Si'tnagnus
2276 1714 2472 1779 Moses,
2505 1718 2664 1772 homo
2714 1719 2801 1773 Dei
2853 1733 2916 1773 ac
2955 1721 3087 1774 deus
3137 1718 3477 1781 Pharaonis,

231 1808 351 1862 ἴδιον
381 1807 475 1861 τὸν
517 1808 704 1882 Ἰοθὼρ
735 1810 1037 1880 σύμὸουλον
1065 1811 1241 1884 ἔσχενο
1272 1814 1364 1867 τὸν
1391 1814 1559 1880 ξένον,
1590 1814 1681 1869 διὰ
1700 1814 1799 1887 τὴν

230 1900 538 1971 θρησκείαν,
576 1900 667 1953 καὶ
725 1900 875 1966 ἴδιον,
921 1902 1007 1956 διὰ
1057 1903 1158 1973 τὴν
1195 1905 1533 1974 συγγένειαν
1580 1908 1672 1960 καὶ
1702 1908 1799 1977 οὐχ

230 1991 661 2063 ὕπερηφάνησεν,
692 1992 814 2046 οὐδὲ
845 1990 1015 2047 εἶπεν·
1065 1993 1205 2062 Ἐγὼ
1241 1996 1301 2048 ού
1332 1994 1516 2067 χρῄζω
1549 1997 1651 2068 τῆς
1680 1998 1801 2051 τού·

228 2098 313 2134 του
339 2081 634 2153 γνὼμης’ό
656 2083 788 2147 Θεός
820 2100 908 2154 μοι
940 2084 1224 2156 ἐλάλησεν,
1266 2087 1596 2161 ἐπαιδεύθην
1635 2091 1788 2162 πάσῃ

232 2171 382 2242 σοφίᾳ
407 2171 741 2239 Αίγυπτίων,
779 2174 873 2226 καὶ
900 2175 1018 2238 πῶς
1045 2175 1235 2229 τοῦτον
1258 2178 1607 2251 γνωμοδότην
1633 2181 1800 2251 λήψο-

232 2280 354 2333 μαι;
400 2263 539 2315 Ἀλλ’
567 2264 719 2317 οὐδὲν
742 2264 947 2319 τούτων
969 2263 1139 2335 εἶπεν,
1174 2269 1404 2342 ἐπείσθη
1436 2271 1493 2325 δὲ
1518 2272 1596 2343 τῷ
1621 2274 1799 2338 καλῶς

231 2352 664 2425 συμϐουλεύοντι,
706 2355 883 2421 εἰδὼς,
919 2357 1001 2410 ὃτι
1039 2360 1420 2428 συμϐουλίας
1453 2362 1655 2416 ἀκούει
1696 2378 1801 2416 σο-

224 2447 350 2516 φός.
383 2438 499 2499 Kal
523 2444 710 2517 ὥσπερ
734 2447 828 2500 ἐπὶ
861 2448 958 2519 τῆς
986 2449 1213 2522 ἀγορᾶς,
1250 2452 1476 2523 ἱματίων
1500 2456 1800 2525 προκειμέ-

224 2555 343 2602 νων,
372 2538 401 2590 6
434 2537 659 2625 χρυσίον
693 2537 768 2609 μὴ
791 2537 949 2608 ἔχων,
981 2540 1264 2612 δοκιμάζει
1294 2543 1452 2614 μόνον
1480 2543 1547 2597 τά
1573 2544 1801 2614 ἐνδύμα-

221 2646 306 2695 τα,
340 2630 434 2683 καὶ
484 2628 670 2682 σκυλεῖ
698 2630 896 2694 ταῦτα,
934 2631 1250 2703 ἐνδυόμενος
1284 2635 1377 2687 καὶ
1408 2634 1797 2705 ἀποδυόμενος,

223 2721 313 2773 καὶ
341 2720 438 2773 δλα
471 2723 645 2792 φορεῖ,
673 2721 765 2775 καὶ
787 2721 910 2776 οὐδὲ
934 2723 991 2778 ἒν
1020 2725 1149 2793 παρ’
1178 2724 1356 2796 ἑαυτῷ
1386 2730 1594 2798 κρατεῖ·
1626 2727 1801 2793 οὕτως
1846 2784 1852 2789 ,

221 2815 249 2865 6
280 2811 573 2882 λεγόμενος
600 2812 770 2881 φίλος,
808 2815 882 2884 μὴ
913 2813 1052 2885 ἔχων
1080 2815 1278 2887 χρυσὸν
1306 2816 1526 2888 δόκιμον
1551 2817 1648 2888 τὴν
1679 2834 1802 2871 συν-

222 2902 445 2973 είδησιν,
483 2902 559 2966 ὡς
609 2905 669 2956 ὲν
715 2904 888 2976 ἀγορᾷ
918 2903 997 2975 τῷ
1045 2905 1145 2977 βίῳ
1186 2908 1394 2971 πάντας
1434 2907 1678 2965 ἐνδύεται
1707 2908 1801 2962 καὶ

1900 1811 2218 1877 extraneum
2260 1814 2317 1860 et
2350 1808 2628 1877 proprium
2668 1808 2946 1863 Jothorem
2996 1810 3182 1865 habuit
3224 1811 3480 1864 consilia-

1904 1891 2061 1953 rium.
2102 1903 2421 1949 extraneum
2453 1898 2521 1951 ob
2558 1897 2893 1967 religionem,
2942 1900 3216 1969 proprium
3263 1900 3333 1953 ob
3365 1898 3481 1953 atii-

1902 1978 2157 2047 nitatem;
2202 1995 2301 2035 nec
2330 1984 2559 2051 superbe
2589 1999 2648 2039 se
2677 1986 2865 2054 gessit,
2916 2001 3092 2055 neque
3134 1986 3272 2041 dixit
3301 2005 3315 2040 :
3367 1986 3479 2057 Ego

1903 2084 2006 2125 non
2042 2071 2256 2143 indigeo
2280 2074 2397 2142 ejus
2429 2078 2693 2143 consilio;
2721 2078 2863 2135 Deus
2887 2094 3097 2133 mecum
3137 2079 3347 2135 locutus
3376 2090 3480 2139 εει.

1900 2164 2123 2218 edoctus
2172 2180 2291 2219 sum
2328 2182 2546 2223 omnem
2596 2170 2922 2240 sapientiam
2976 2172 3386 2244 Egyptiorum;
3431 2186 3486 2228 ct

1865 2270 2009 2328 _quo
2050 2257 2209 2310 modo
2257 2258 2399 2313 hunc
2429 2261 2639 2315 consilii
2683 2264 2927 2318 datorem
2975 2266 3297 2320 assumam?
3339 2266 3485 2320 Nihil

1902 2348 2127 2402 istorum
2173 2350 2330 2416 dixit,
2378 2354 2472 2406 sed
2514 2355 2804 2410 obsecutus
2846 2368 2929 2411 est
2965 2367 3109 2411 recte
3141 2359 3480 2422 consulenti,

1902 2452 2101 2505 gnarus
2143 2439 2283 2507 quod
2313 2441 2533 2495 consilia
2584 2446 2730 2496 audit
2766 2448 2972 2513 sapiens
3011 2449 3077 2501 ".
3132 2449 3200 2502 Et
3238 2450 3378 2504 sicut
3428 2451 3484 2505 iu

1902 2526 2038 2593 foro,
2069 2529 2159 2583 ubi
2202 2540 2381 2586 vestes
2420 2538 2678 2601 exposita.-
2712 2546 2860 2601 sunt,
2908 2539 2997 2606 qni
3049 2539 3332 2607 pecuniam
3377 2551 3486 2597 non

1902 2619 2085 2684 habet,
2112 2621 2302 2690 probat
2346 2624 2517 2677 solum
2556 2627 2889 2694 indumenta,
2920 2643 3090 2699 eaque
3121 2631 3358 2700 deponit,
3401 2632 3485 2685 in-

1903 2710 2019 2764 duit
2048 2726 2108 2765 se
2147 2721 2309 2781 atque
2339 2716 2509 2781 exuit,
2569 2727 2621 2770 et
2660 2718 2843 2773 omnia
2892 2730 3088 2790 gestat,
3149 2721 3352 2776 nullum
3403 2730 3487 2777 ta-

1905 2817 2026 2856 men
2072 2806 2267 2859 retinet
2296 2808 2435 2876 apud
2474 2823 2571 2863 se:
2622 2811 2702 2864 sic
2735 2813 2826 2878 qui
2870 2812 3071 2866 dicitur
3113 2814 3340 2879 anticus,
3387 2828 3487 2868 nec

1905 2893 2067 2950 habet
2125 2897 2347 2965 probam
2395 2900 2678 2968 pecuniam
2739 2905 3162 2971 conscientiam,
3218 2904 3366 2959 velut
3431 2908 3485 2959 in

221 2994 535 3058 ἀποδύεται,
601 2995 809 3059 πάντας
854 2996 1131 3063 ἀλλάσσει,
1178 2999 1272 3051 καὶ
1316 2998 1436 3052 οὐδὲ
1481 3000 1576 3055 ἕνα
1625 3004 1800 3073 φορεῖ.

1909 2984 2047 3053 foro,
2107 2988 2157 3040 in
2190 2987 2297 3041 vita
2329 3003 2518 3045 onmes
2549 2991 2724 3046 induit
2760 3009 2825 3047 ac
2859 2996 3027 3061 exuit,
3059 3010 3249 3051 omnes
3289 3004 3486 3060 mutat,

234 3085 371 3138 Ἀλλ’
413 3087 515 3139 οὐκ
547 3081 687 3158 ἦσαν
729 3087 958 3142 τοιοῦτοι
991 3088 1132 3157 φίλοι
1170 3092 1199 3142 6
1240 3090 1410 3143 Χουσὶ
1447 3091 1542 3143 κα)⁵
1568 3093 1597 3144 6
1620 3090 1804 3157 Aa6l6,

219 3177 341 3230 οὑδὲ
372 3177 434 3230 τὸ
461 3177 658 3249 πικρὸν
694 3177 795 3243 τοῦ,
811 3178 967 3247 δόλου
992 3180 1250 3251 ποτήριον
1293 3181 1542 3252 ἀλλήλοις
1576 3182 1807 3253 προέπι-

220 3283 329 3331 νον,
379 3267 504 3320 οὐδὲ
556 3267 656 3339 τὴν
706 3269 979 3341 μάχαιραν
1036 3270 1129 3323 τοῦ
1155 3270 1349 3341 φθόνου
1420 3271 1542 3325 καθ’
1599 3272 1808 3326 ἑαυτῶν

219 3357 451 3423 ὢξυνανυ
484 3360 638 3412 αὐτοὶ
666 3359 723 3412 δὲ
754 3362 811 3414 ἐν
834 3362 1046 3425 ἑαυτοῖς
1075 3363 1303 3426 ἑαυτοὺς
1340 3363 1689 3434 κεράσαντες,
1714 3366 1809 3419 καὶ

218 3452 317 3515 τὰς
366 3451 466 3504 δύο
512 3450 690 3521 ψυχὰς
727 3452 855 3522 μίαν
902 3456 969 3524 τῇ
1009 3453 1247 3507 διαθέσει
1283 3454 1574 3520 δείξαντες,
1620 3456 1809 3529 ὥσπερ

217 3543 318 3612 τῆς
349 3542 675 3611 εὐημερίας,
715 3540 857 3595 οὕτω
897 3544 990 3598 καὶ
1013 3545 1111 3615 τῆς
1144 3544 1519 3617 ταλαιπωρίας
1559 3548 1811 3601 κοινωνοὶ

218 3634 485 3700 ἐγίνοντο.
509 3632 658 3686 Μίαν
688 3633 1098 3705 γὰρ-περῶντες
1121 3634 1214 3688 τοῦ
1249 3636 1365 3706 βίου
1391 3636 1687 3704 θάλασσαν,
1717 3639 1811 3691 καὶ

218 3728 303 3786 είς
334 3723 396 3775 τὸ
430 3722 566 3777 αὐτὸ
605 3723 810 3793 σκάφος
851 3725 952 3795 τῆς
989 3726 1346 3798 συνειδήσεως
1399 3727 1674 3792 πλέοντες,
1718 3729 1811 3780 καὶ

213 3814 319 3885 τὴν
374 3813 634 3867 εὐπλοταν
698 3817 793 3869 καὶ
850 3816 941 3869 τὸν
1000 3816 1243 3887 χειμῶνα
1302 3816 1563 3881 ὡσαύτως
1610 3818 1811 3888 ὑπέμε-

215 3923 334 3959 νον.

298 3996 555 4066 Ψαλμὸς
583 3996 663 4062 τῷ
692 3997 888 4061 Δαϐίδ,
919 3998 992 4052 ὃν
1009 3993 1166 4070 ᾖσεν
1194 3998 1274 4064 τῷ
1298 4001 1495 4068 Κυρίῳ
1520 3999 1670 4069 ὑπὲρ
1695 4000 1813 4053 τῶν

213 4086 425 4152 λόγων
460 4085 650 4137 Χουσὶ
687 4085 820 4142 υἱοῦ
858 4087 1109 4155 ἰεμενει.
1154 4089 1265 4140 Καὶ
1321 4087 1410 4141 διὰ
1465 4089 1517 4142 τί
1557 4090 1699 4161 ᾠδὴν
1737 4089 1812 4160 τῷ

214 4178 419 4250 Κυρίῳ
452 4178 483 4229 6
524 4178 688 4230 Aa6l6
732 4178 874 4250 ὑπὲρ
911 4178 1006 4232 τοῦ
1045 4176 1215 4234 Χουσὶ
1243 4180 1575 4253 ἀνέπεμψεν,
1612 4182 1679 4235 δι’
1707 4181 1814 4233 όλί-

210 4285 334 4335 γων
371 4268 601 4338 ἴδωμεν.
643 4269 703 4322 Ὀ
734 4269 848 4332 υἱὸς
893 4270 1055 4324 αὑτοῦ
1119 4271 1436 4344 ’Λϐεσαλὼμ
1477 4275 1597 4327 κατ’
1648 4273 1812 4327 αὑτοῦ

1913 3076 2496 3148 neminemquegestat.
2515 3081 2840 3151 Verumnon
2863 3086 3127 3155 ejusmodi
3145 3095 3299 3141 erant
3323 3089 3485 3142 amici

1912 3165 2074 3222 Chusi
2101 3176 2155 3222 et
2180 3166 2369 3236 David,
2398 3184 2574 3239 neque
2597 3187 2842 3228 amarum
2874 3176 2981 3229 doli
3016 3175 3241 3230 calicem
3270 3177 3371 3231 sibi
3405 3178 3489 3231 in-

1911 3258 2083 3313 vicem
2112 3260 2553 3329 propinaverant,
2599 3279 2773 3334 neque
2803 3264 3015 3321 invidia:
3050 3267 3286 3337 gladium
3327 3284 3488 3325 acue-

1915 3359 2038 3405 rant
2073 3361 2258 3407 contra
2294 3367 2384 3421 se;
2428 3355 2522 3409 sed
2563 3356 2663 3426 ipsi
2698 3358 2824 3412 dum
2868 3359 2921 3413 in
2952 3360 3261 3432 semetipsis
3295 3372 3488 3418 atteni-

1911 3452 2102 3511 perant
2158 3456 2259 3508 se,
2323 3445 2563 3516 duasque
2614 3449 2821 3506 animas
2872 3465 2972 3521 per
3021 3450 3272 3507 affectum
3324 3471 3487 3510 unam

1914 3534 2230 3600 ostendunt,
2263 3545 2323 3591 ut
2359 3540 2755 3607 prosperitatis,
2786 3543 2867 3598 sic
2887 3553 2942 3597 et
2972 3543 3304 3601 infelicitatis
3342 3551 3473 3602 socii

1911 3632 2085 3679 erant.
2125 3624 2300 3680 Unum
2337 3629 2482 3682 enim
2516 3633 2833 3687 emetientes
2871 3633 2994 3687 vita:
3026 3649 3195 3699 mare,
3225 3650 3290 3689 ac
3316 3636 3369 3688 in
3397 3651 3489 3691 ea-

1913 3718 2033 3772 dem
2074 3718 2197 3771 navi
2239 3720 2583 3775 conscientia:
2635 3724 2968 3791 navigantes,
3011 3741 3133 3779 cum
3173 3741 3487 3795 prosperam

1915 3809 2335 3880 navigationem,
2393 3819 2503 3864 tum
2556 3821 2936 3893 tempestatem
2998 3816 3201 3883 pariter
3249 3818 3488 3870 sustine-

1913 3900 2065 3955 bant.

1986 3990 2233 4045 Paalmus
2273 3990 2467 4054 David,
2512 4007 2662 4058 quem
2700 3992 2928 4044 cantavit
2976 3991 3202 4046 Domino
3245 4010 3339 4062 pro
3378 4012 3486 4051 ver-

1915 4084 1993 4138 bis
2039 4083 2200 4138 Chust'
2240 4083 2340 4151 ﬁlii
2379 4082 2596 4137 Jemini.
2635 4080 2901 4153 Et'quare
2943 4087 3216 4141 canticum
3262 4086 3490 4143 Domino

1915 4175 2158 4231 emiserit
2202 4173 2369 4229 David
2407 4190 2505 4245 pro
2540 4174 2726 4242 Cltusi,
2769 4176 2954 4245 paucis
2983 4177 3283 4233 videamus.
3321 4177 3491 4232 Filius

1917 4265 2034 4337 ejus
2060 4265 2312 4322 Absalom
2349 4267 2607 4322 adversus
2634 4282 2758 4322 eum
2786 4267 3127 4336 tyrannidem
3161 4269 3389 4338 arripuit
3418 4262 3489 4323 ’δέ

210 4361 615 4431 ιτυράννησεν.
659 4362 931 4432 Φιλήμασι
970 4362 1080 4435 γὰρ
1118 4365 1211 4416 καὶ
1247 4364 1600 4435 περιπλοκαῖς
1640 4382 1807 4434 σαγη-

1916 4357 2130 4415 Osculis
2175 4358 2320 4414 enim
2368 4369 2421 4415 et
2470 4358 2804 4427 amplexibus
2858 4358 3099 4429 singulos
3150 4360 3406 4425 irretitos,
3458 4379 3489 4416 a

212 4451 397 4504 νεύων
432 4452 670 4505 ἕκαστον
710 4454 843 4522 (69),
871 4454 969 4525 τῆς
1003 4454 1095 4507 τοῦ
1127 4455 1334 4526 πατρὸς
1359 4455 1539 4524 φιλίας
1565 4456 1692 4519 τοὺς
1725 4456 1811 4524 φί-

207 4542 347 4604 λους
371 4541 725 4606 ἀπέσπασεν,
751 4542 844 4596 τὸν
873 4543 1022 4596 δόλον
1050 4544 1127 4607 ὡς
1159 4543 1266 4608 ἰξὸν
1293 4545 1495 4616 φέρων,
1534 4546 1627 4596 κα)⁸
1647 4545 1708 4596 τὸ
1730 4546 1814 4613 φί-

208 4637 378 4706 λημα
412 4634 741 4706 ἄγκιστρον,
770 4635 863 4688 καὶ
912 4635 1102 4706 δέλεαρ
1137 4635 1235 4705 τὴν
1265 4635 1572 4697 κολακείαν,
1619 4635 1711 4687 καὶ
1740 4634 1816 4687 δί-

205 4747 363 4784 κτυα
389 4728 611 4798 πλάνης
632 4725 730 4791 τὰς
752 4727 1098 4797 περιπλοκάς.
1139 4728 1290 4780 Ἐπεὶ
1313 4722 1406 4780 οὖν
1422 4726 1629 4790 πάντας
1647 4726 1817 4789 οὕτως

202 4822 317 4874 ἕνα
362 4818 498 4873 καθ’
528 4818 627 4872 ἕνα
669 4818 794 4880 τοὺς
827 4817 1013 4885 φίλους
1060 4816 1156 4868 τοῦ
1185 4816 1348 4868 Δαόὶδ
1398 4815 1739 4887 ἀπεσύλησεν
1790 4819 1818 4868 ό

216 4909 590 4979 Ἀϐεσαλὼμ,
631 4906 843 4971 ὁπλίζει
880 4908 1062 4961 λοιπὸν
1085 4907 1280 4969 αὐτοὺς
1297 4906 1435 4959 κατά
1470 4906 1563 4959 τοῦ
1593 4906 1817 4977 πατρὸς,

206 5002 607 5073 συκοφαντίας
618 4999 770 5071 αὐτῷ
781 4999 874 5053 καὶ
894 4997 1145 5062 διαϐολάς
1172 4998 1410 5068 ράπτων.
1423 4998 1686 5062 Ἕκαστος
1711 4998 1818 5071 γάρ

202 5097 291 5159 ὡς
338 5094 462 5165 υἱῷ
495 5092 592 5147 τοῦ
627 5093 811 5159 Δαϐὶδ,
841 5093 935 5146 καὶ
971 5091 1047 5155 ὡς
1078 5089 1277 5160 μᾶλλον
1304 5090 1371 5142 τὰ
1401 5090 1519 5143 κατ’
1550 5089 1712 5143 αὑτὸν
1741 5091 1821 5142 εί·

203 5187 355 5247 θετι,
397 5186 695 5239 ἐπίστευεν
728 5182 1171 5253 συκοφαντοῦντι.
1215 5182 1370 5237 Ἐπεὶ
1399 5177 1490 5236 οὖν
1521 5182 1658 5254 μετά
1686 5182 1823 5236 πάν-

288 5346 569 5401 "-Eccli.
627 5363 705 5410 tx,
749 5347 834 5403 l5.
912 5346 1278 5409 "Psal.cut,
1314 5342 1399 5398 l5.

281 5492 422 5615 με»)
466 5492 832 5574 iurandm:
865 5492 1145 5574 ξκαστον.
1175 5492 1503 5572 Σαγηνεύειν
1530 5491 1666 5562 πρὸς
1691 5490 1821 5612 ἀλη-

204 5561 273 5613 Os
304 5580 384 5625 ας
426 5562 752 5643 ἐπίγνωσιν,
783 5562 1188 5643 ἀιιιιΔςγιίιιΙυε
1228 5565 1385 5619 Alex.
1434 5562 1651 5643 Dtalogo
1796 5578 1822 5613 e

205 5643 425 5686 uncta
457 5631 744 5698 Trinitate,
774 5647 828 5701 q.
878 5630 1014 5686 697.
1047 5631 1109 5686 Et
1144 5647 1249 5686 nou
1301 5644 1477 5688 autem
1520 5630 1820 5684 σαλινεύειν

1502 5346 1545 5377 ²¹
1582 5345 1741 5399 l’rov.
1798 5359 1908 5410 xu,
1946 5344 2030 5397 15.

1918 4451 2089 4520 patris
2119 4450 2354 4505 amicitia
2385 4451 2591 4507 amicos
2633 4451 2881 4517 retraxit,
2917 4450 3158 4507 fraudem
3212 4453 3380 4507 instar
3412 4454 3492 4506 vi-

1920 4544 1997 4597 sci
2054 4543 2253 4609 ferens,
2306 4543 2545 4597 osculum
2603 4542 2774 4597 instar
2824 4542 2993 4608 hami,
3043 4520 3331 4598 blanditias
3377 4546 3493 4599 vice

1922 4649 2083 4699 escre,
2118 4635 2401 4705 amplexus
2423 4637 2569 4689 velut
2595 4635 2729 4690 retia
2754 4636 2977 4690 erroris.
3013 4634 3300 4704 Postquam
3330 4634 3492 4705 igitur

1924 4727 2179 4781 Ahsalom
2239 4729 2316 4781 sic
2374 4713 2564 4782 omnes
2622 4726 2839 4781 Davidis
2899 4727 3103 4781 amicos
3156 4742 3318 4781 unum
3377 4737 3496 4796 post

1926 4817 2088 4873 alium
2137 4819 2487 4890 abripuisset,
2523 4820 2635 4890 jam
2683 4826 2858 4873 armat
2899 4826 3216 4894 eos.contra
3251 4827 3531 4899 patrem,‘

1927 4911 2012 4965 cui
2052 4910 2351 4966 calumnias
2377 4921 2432 4966 et
2471 4911 2881 4966 criminationes
2917 4911 3149 4964 censuit.
3199 4908 3496 4978 Unusquis-

1928 5015 2033 5072 que
2060 5002 2204 5056 enim
2247 5008 2303 5055 ut
2351 5002 2460 5055 tilio
2504 5000 2746 5066 Davidis,
2786 5010 2951 5069 utque
2983 5001 3071 5071 qui
3104 5000 3272 5069 magis
3318 5014 3498 5054 mores

1930 5093 2072 5148 illius
2105 5102 2479 5161 cognosceret,
2519 5095 2775 5149 credebat
2826 5094 3196 5149 calumnianti.
3230 5091 3327 5146 Ubi
3370 5107 3501 5161 ergo

1931 5201 2056 5240 cum
2113 5187 2327 5241 caneris
2376 5185 2783 5253 Achitophelem
2850 5201 3064 5256 Quoque
3128 5184 3499 5237 consiliarium

2124 5346 2169 5377 ³³
2196 5343 2240 5397 ll
2271 5343 2404 5415 Reg.
2444 5359 2511 5398 xv
2534 5384 2548 5409 ,
2582 5342 2619 5395 2
2656 5358 2778 5413 sqq.

1929 5487 2022 5543 aut
2067 5488 2336 5543 σαλεύειν.
2376 5487 2446 5559 Ut
2489 5486 2723 5559 iDiajogo
2765 5486 2800 5541 4
2829 5500 2881 5556 p.
2911 5484 3017 5542 528
3059 5483 3507 5557 σεσαγηνευμένα

1930 5562 2009 5624 είς
2040 5560 2333 5628 ἐπίγνωσιν
2364 5558 2457 5612 τοῦ
2488 5556 2637 5612 Υίοῦ.
