4060 6210
563 230 661 285 663
1834 225 1893 279 S.
1931 224 2166 281 ASTER.

2250 224 2554 281 AMASENI
3714 224 3832 284 484

558 351 779 406 Davidis
801 350 1051 406 Absalom
1082 364 1399 419 persuasum
1439 349 1685 414 abduxit,
1718 348 1891 403 virum
1928 352 1981 404 in
2007 365 2130 405 con-
2160 406 2161 411 η

2231 369 2338 404 των
2367 353 2395 404 6
2441 351 2764 422 Ἀϐεσαλὼμ
2804 354 2896 405 καὶ
2937 352 3028 405 τδν
3068 350 3350 422 Ἀχιτόφελ
3384 348 3472 401 τὸν
3518 346 3831 416 σύμϐουλον

557 442 692 497 siliis
744 440 1177 505 callidissimum,
1228 441 1432 510 quique
1480 450 1676 496 cuncta
1732 439 1997 496 bellorum
2052 443 2139 529 in)»

2235 441 2327 495 τοῦ
2362 444 2530 497 Δαὸὶδ
2558 443 2750 507 πείσας
2783 444 3148 515 ἀπεσύλησεν,
3197 442 3366 513 ἄνδρα
3397 439 3719 494 δεινὼτατον
3767 441 3833 492 ἰν

557 541 857 586 strumenta
916 539 971 585 et
1022 530 1462 585 machinamenta
1528 532 1580 585 in
1619 530 1802 601 lingua
1853 532 2132 601 gestabat;

2236 532 2503 605 γνώμαις,
2542 537 2638 591 καὶ
2676 535 2804 599 ὅλας
2841 535 2941 599 τὰς
2990 538 3047 588 ἐν
3081 533 3340 604 πολέμοις
3388 531 3691 594 πανοπλίας
3729 529 3832 583 καὶ

559 623 746 677 beatus
783 623 949 676 David
981 622 1146 677 Cbusi
1178 623 1476 693 principem
1521 623 1791 677 sociorum
1847 623 2026 678 verbis
2057 640 2139 678 ar-

2239 626 2487 694 μηχανὰς
2530 626 2623 679 ἐπὶ
2672 624 2924 697 γλώσσης
2971 626 3226 697 φέροντα,
3257 625 3286 677 6
3315 621 3586 695 μακάριος
3608 620 3697 676 τδν
3721 623 3830 694 ἀρ-

559 714 743 775 mavit,
769 722 930 782 atque
974 715 1055 768 sic
1101 713 1247 768 misit
1301 714 1562 768 adversus
1592 711 2026 781 Achitophelem,
2081 722 2139 767 ut

2237 716 2510 786 χιεταϊρον
2553 716 2645 769 τὸν
2683 717 2853 769 Χουσὶ
2891 715 3071 784 λόγοις
3110 706 3339 777 ὁπλίσας
3364 713 3509 766 κατά
3537 712 3632 766 τοῦ
3676 715 3832 785 ’Δχι-

558 804 795 871 aquilam
843 806 894 858 in
930 804 1225 874 perdicem.
1263 805 1456 860 Perdix
1497 805 1696 875 quippe
1723 813 1807 860 est
1847 812 2135 874 tyrannus,

2236 806 2399 875 τόφελ
2432 807 2771 872 ἀπέστειλεν,
2807 808 2885 871 ὡς
2921 807 3062 860 κατά
3094 806 3346 877 πέρδικος
3393 804 3574 860 ἀετόν.
3629 805 3831 878 Πέρδιξ

561 903 620 948 ιιι
658 894 748 962 qui
790 893 965 948 aliena
1002 893 1301 958 abstrahat,
1349 909 1646 963 rursusque
1684 895 1834 949 solus
1869 895 2139 965 relinqua-

2238 899 2346 971 γάρ
2372 902 2400 953 6
2422 899 2706 971 τύραννος,
2734 900 2811 964 ὡς
2845 899 2914 952 τά
2944 899 3200 971 ἀλλότρια
3236 895 3699 968 παρασπὼμενος,
3732 897 3832 949 καὶ

563 996 669 1042 tur.
702 984 880 1040 Testis
924 985 1209 1051 Jeremias,
1250 986 1375 1040 dum
1425 986 1591 1040 dicit:
1632 982 1890 1039 Clamavit
1933 987 2135 1054 perdix,

2241 991 2402 1045 πάλιν
2444 992 2651 1063 ἔρημος
2696 993 2807 1063 (50)
2856 991 3339 1061 καταλειπόμενος.
3391 990 3621 1062 Μάρτυς
3666 989 3831 1059 Ἰερε⁹

562 1079 885 1147 congregavit
926 1094 1045 1149 qua:
1092 1093 1195 1131 non
1241 1078 1434 1146 peperit
1463 1076 1530 1131 ".
1571 1075 1719 1132 Misit
1766 1078 2137 1133 consiliarium

2242 1085 2371 1155 μίας
2403 1084 2593 1140 εἰπών·
2631 1084 2974 1154 Ἐφώνησεν
2997 1083 3232 1151 πέρδιξ,
3262 1081 3616 1152 συνήγαγεν
3646 1080 3685 1134 d
3717 1083 3832 1134 οὐκ

560 1180 751 1224 contra
799 1169 1194 1235 insidiatorem,
1250 1168 1395 1223 velut
1445 1171 1655 1224 leonem
1716 1168 1771 1223 in
1820 1184 2128 1240 onagrum:

2239 1177 2463 1231 ἔτεκεν.
2493 1177 2597 1229 Τδν
2623 1176 2687 1228 σύ
2697 1175 2926 1247 μὸουλον
2960 1175 3106 1247 πρὸς
3133 1174 3224 1229 τὸν
3250 1173 3532 1227 ἐπίϐουλον
3563 1172 3832 1244 ἔπεμψεν,

574 1260 786 1314 Venatio
817 1260 1002 1325 leonis,
1030 1260 1214 1330 onagri
1240 1260 1294 1314 in
1328 1276 1500 1315 eremo
1546 1261 1592 1292 “
1622 1276 1638 1325 ;
1685 1260 1737 1314 ei
1782 1261 1918 1316 dixit
1952 1280 1965 1315 :
2020 1260 2139 1317 Non

2240 1268 2315 1332 ὡς
2358 1270 2498 1322 κατά
2545 1269 2776 1339 ὀνάγρου
2813 1268 3022 1322 λέοντα⁶
3068 1267 3341 1337 Κυνηγία
3381 1264 3654 1330 λέοντος,
3689 1264 3834 1318 ὄνα-

562 1367 697 1420 opus
741 1360 822 1405 est
857 1350 1122 1417 exercitu,
1184 1365 1290 1404 non
1342 1366 1520 1420 pugna
1566 1360 1621 1406 et
1668 1352 1884 1421 prmlio;
1940 1354 2139 1423 dissipa

2240 1378 2368 1429 γροι
2386 1362 2457 1415 ὲν
2486 1360 2703 1431 ἐρήμῳ·
2727 1360 2896 1414 εἰπὼν
2922 1359 3091 1430 αὐτῷ’
3128 1360 3201 1412 Ού
3233 1358 3394 1430 χρεία
3418 1357 3747 1422 πανοπλίας,
3770 1356 3836 1411 οὐ

564 1444 692 1497 mihi
741 1443 1021 1498 consilium
1062 1443 1457 1511 Achitopheiis,
1492 1452 1545 1497 et
1584 1444 1874 1499 cessabunt
1908 1445 2137 1500 insidia»

2242 1453 2401 1524 χρεία
2432 1454 2613 1524 μάχης
2652 1453 2747 1506 καὶ
2777 1452 3039 1522 πολέμου,
3073 1450 3427 1504 διασκέδασόν
3462 1465 3554 1520 μοι
3579 1450 3677 1520 τὴν
3706 1449 3837 1518 βου-

564 1532 735 1583 Arcus
775 1539 858 1584 est
916 1529 1263 1599 Achitopbel,
1315 1542 1371 1585 et
1414 1533 1608 1600 sagitta
1642 1534 1931 1600 Absalmu;
1981 1550 2142 1590 arcus

2281 1545 2340 1615 ὴν
2401 1544 2701 1615 Ἀχιτόφελ,
2763 1545 2857 1597 καὶ
2917 1542 3194 1596 πέπαυται
3248 1544 3281 1612 ὴ
3343 1540 3623 1613 ἐπιϐουλή.
3667 1540 3841 1606 Τόξον
3871 1554 3884 1565 ·

566 1638 787 1676 nervum
830 1622 1082 1693 praecide,
1128 1633 1185 1676 et
1234 1624 1428 1692 sagitta
1471 1623 1680 1677 inutilis
1715 1635 1919 1679 manet.
1969 1623 2144 1682 Profl-

2246 1634 2394 1687 ἐστὶν
2448 1635 2753 1705 Ἀχιτόφελ,
2800 1635 2892 1687 καὶ
2921 1633 3074 1704 βέλος
3113 1635 3142 1685 6
3186 1631 3525 1703 Ἀὄεσαλὼμ·
3578 1631 3834 1703 νευροκό-

564 1716 768 1771 eiscere
808 1721 874 1773 ad
911 1720 1283 1788 Absalomum,
1322 1723 1466 1776 velut
1508 1720 1657 1776 a'me
1706 1721 1901 1792 fugias,
1931 1733 1982 1777 et
2016 1739 2147 1779 con-

2249 1742 2422 1797 πησον
2457 1724 2566 1797 (51)
2596 1726 2658 1778 τὸ
2684 1725 2857 1790 τόξον,
2885 1725 2979 1778 καὶ
3008 1725 3159 1795 μένει
3184 1725 3245 1777 τὸ
3282 1723 3437 1794 βέλος
3463 1723 3654 1794 ἀργόν.
3694 1724 3842 1776 Ἀπ-

569 1807 738 1876 l'ugias
767 1811 834 1866 ad
871 1812 1055 1880 illum;
1084 1813 1223 1868 niale
1255 1815 1321 1868 de
1356 1830 1441 1868 me
1480 1814 1703 1882 loquere
1733 1815 1876 1883 apud
1910 1829 2055 1882 eum,
2089 1826 2146 1870 et

2247 1816 2366 1869 ελοε
2396 1815 2531 1888 πρὸς
2556 1816 2646 1870 τὸν
2685 1815 3026 1887 Ἀϐεσαλὼμ,
3065 1817 3140 1879 ὡς
3175 1818 3269 1869 ἀπ’
3301 1814 3434 1886 ἐμοῦ
3474 1815 3710 1885 φεύγων,
3736 1816 3842 1868 κά·-

568 1900 872 1957 maledictis
915 1918 1043 1974 erga
1102 1921 1188 1959 me
1238 1904 1341 1958 tuis
1378 1904 1500 1958 fove
1529 1904 1724 1959 anima:
1755 1904 1872 1975 ejus
1910 1905 2145 1962 febrem.

2247 1910 2411 1978 κείνῳ
2438 1909 2818 1989 δπροσφυγὼν,
2874 1908 3188 1979 λοιδόρησόν
3237 1924 3303 1977 με
3360 1907 3447 1958 ἐπ’
3482 1906 3668 1971 αὑτοῦ,
3716 1908 3842 1969 ταῖς

565 1990 698 2045 Cum
727 1993 817 2048 tibi
847 2003 904 2048 ut
939 1996 1115 2050 amico
1155 1997 1461 2062 conliderit,
1501 2006 1628 2051 tunc
1656 1996 1920 2067 persuade
1950 1997 2026 2052 illi
2077 2014 2146 2054 ne

2246 2002 2366 2054 κατ’
2409 1999 2545 2071 ἐμοῦ
2598 2001 2890 2072 λοιδορίαις
2937 1999 3219 2055 ἐπαντλῶν
3264 1998 3427 2052 αὐτοῦ
3464 1998 3555 2052 τὸν
3602 1999 3844 2069 πυρετὸν

569 2084 910 2154 Acbitopheli
943 2088 1148 2141 credat.
1186 2088 1393 2158 Dissipa
1429 2088 1557 2141 mihi
1608 2104 1757 2154 eum,
1790 2089 2011 2159 sejunge
2044 2089 2143 2143 mi-

2246 2092 2344 2161 τῆς
2370 2091 2560 2161 ψυχῆς.
2603 2091 2719 2144 ”Οτ“
2744 2092 2808 2145 ἄν
2844 2108 2926 2144 σοι
2952 2092 3029 2155 ὡς
3067 2092 3204 2161 φίλῳ
3235 2091 3520 2163 θαρρήσει,
3551 2091 3674 2144 τότε
3712 2095 3842 2144 πεῖ-

574 2190 754 2229 serum
788 2177 1183 2257 discipnlnma
1220 2181 1480 2249 magistro
1525 2180 1697 2248 malo;
1729 2189 1784 2234 et
1811 2181 1952 2235 sicut
1981 2183 2144 2247 nosti,

2251 2200 2339 2237 σον
2380 2183 2541 2236 αὐτὸν
2573 2182 2646 2254 μὴ
2681 2182 2964 2237 πείθεσθαι
2997 2183 3076 2254 τῷ
3117 2183 3423 2254 Ἀχιτόφελ.
3463 2183 3736 2237 Διασκὲδα
3760 2188 3854 2240 σόν

569 2267 792 2334 dedoce,
841 2284 935 2324 seu
973 2272 1152 2341 potius
1184 2271 1273 2326 illa
1307 2272 1440 2327 doce
1481 2288 1599 2341 quae
1626 2273 1780 2328 docet
1808 2274 1969 2328 Deus.
2016 2274 2148 2341 Quae

2253 2288 2343 2342 μοι
2392 2272 2574 2337 αὐτὸν,
2631 2272 2940 2342 άπόστησον
2987 2272 3083 2326 τοῦ
3138 2272 3311 2326 κακοῦ
3372 2272 3691 2328 διδασκάλου
3750 2274 3844 2327 τὸν

568 2356 677 2411 illic
703 2358 1057 2425 dissereutnr,
1111 2363 1239 2416 mihi
1269 2358 1469 2427 indica,
1499 2362 1553 2416 in
1595 2375 1826 2432 eamque
1859 2377 1971 2417 rem
2023 2379 2149 2433 par-

2249 2361 2431 2416 ἄθλιον
2466 2363 2731 2433 μαθητήν·
2771 2364 2863 2416 καὶ
2912 2363 2987 2427 ὡς
3026 2360 3192 2429 οἶδας,
3226 2364 3595 2435 μεταδίδαξον,
3639 2364 3846 2436 μᾶλλον

570 2449 690 2502 vula
716 2450 888 2520 puella
921 2454 1253 2508 internuntia
1282 2463 1458 2510 utere.
1493 2454 1817 2510 Sacerdotes
1852 2455 1984 2511 fiant
2017 2458 2149 2511 add-

2250 2453 2307 2506 δὲ
2348 2454 2531 2507 ἐκεῖνα
2572 2454 2799 2522 δίδαξον,
2831 2455 2975 2527 άπερ
3004 2456 3244 2510 διδάσκει
3286 2457 3439 2521 Θεός.
3482 2457 3563 2511 Τὰ
3602 2460 3719 2511 ἐκεῖ
3755 2457 3846 2512 λα-

570 2540 881 2595 lescentulm
923 2544 1215 2607 auditores.
1264 2545 1604 2602 Descendant
1650 2548 1866 2616 utrique
1913 2548 1979 2601 ad
2024 2549 2149 2603 fon-

2250 2544 2487 2617 λούμενα
2540 2548 2664 2618 ἐμοὶ
2699 2548 3036 2618 καταμήνυε,
3069 2548 3434 2620 παιδισκαρίῳ
3471 2550 3654 2621 μικρῷ
3685 2549 3845 2621 μεσί-

576 2644 682 2685 tem
726 2648 900 2701 aquae,
938 2635 1083 2688 velut
1129 2637 1476 2705 adaquatum,
1508 2647 1561 2690 et
1591 2636 1644 2690 in
1675 2639 1896 2691 auribus
1923 2638 2064 2693 sicut
2097 2640 2148 2693 in

2250 2653 2319 2706 τῃ
2370 2636 2734 2708 χρησάμενος.
2789 2638 2978 2709 Ἰερεῖς
3019 2637 3129 2709 (52)
3176 2637 3515 2707 γινέσθωσαν
3572 2640 3670 2711 τῆς
3721 2657 3848 2694 παι-

572 2723 779 2793 ltydriis
824 2735 1031 2779 secreta
1073 2728 1204 2781 mihi
1254 2727 1560 2782 infundant.
1610 2728 1816 2783 Cuncta
1865 2728 2148 2795 faciamus,

2247 2727 2442 2798 δίσκης
2467 2728 2754 2797 ἀκροαταί.
2798 2729 2921 2782 Ἐπὶ
2946 2729 3127 2800 πηγὴν
3152 2727 3342 2793 ὕδατος
3368 2729 3847 2784 καταϐαινέτωσαν

573 2814 884 2869 admiraude
945 2816 1135 2879 Cuusi,
1185 2833 1294 2886 quo
1342 2819 1599 2873 Absalom
1659 2835 1765 2872 non
1804 2830 2012 2888 pereat,
2044 2837 2150 2891 quo

2252 2819 2439 2890 ἄμφω,
2462 2819 2538 2884 ὡς
2562 2820 2721 2891 δῆθεν
2754 2821 3126 2892 ὑδρευόμενοι,
3158 2823 3251 2877 καὶ
3285 2823 3361 2886 ὼς
3389 2825 3447 2875 ἐν
3476 2822 3685 2894 ὑδρίαις
3723 2826 3849 2889 ταῖς

572 2917 673 2973 ego
721 2918 825 2958 non
877 2906 1123 2959 amittam
1168 2906 1359 2971 mium,
1410 2922 1517 2977 quo
1546 2923 1646 2962 nec
1709 2907 1799 2963 ille
1835 2910 1955 2963 sine
1998 2922 2153 2981 patre

2255 2912 2448 2973 ἀκοαῖς
2499 2910 2849 2983 άντλήτωσάν
2881 2929 2970 2983 μοι
3011 2912 3077 2965 τά
3113 2913 3409 2985 μυστήρια.
3444 2913 3631 2967 Πάντα
3680 2915 3848 2985 ποιή-

573 2994 664 3058 sit,
698 3009 798 3048 nec
824 3009 922 3064 ego
962 2996 1081 3050 sine
1122 2995 1252 3061 filio,
1305 3012 1415 3067 quo
1445 2997 1501 3051 in
1556 2999 1820 3067 sapientia
1869 3002 2152 3072 aucuperis

2258 3018 2459 3071 σωμεν,
2514 2995 2558 3053 ὦ
2602 3002 2872 3074 θαυμάσιε
2910 3005 3099 3068 Χουσὶ,
3148 3005 3266 3068 πῶς
3310 3005 3338 3056 6
3392 3005 3712 3076 Ἀϐεσαλὼμ
3770 3006 3851 3078 μὴ

575 3083 773 3150 pullum
810 3099 1009 3149 meum,
1059 3087 1147 3142 cui
1194 3101 1349 3155 vana,
1379 3088 1550 3156 gloria
1602 3089 1717 3145 alas
1766 3090 1935 3150 dedit.
1992 3107 2149 3161 quem

2269 3091 2561 3156 ὶπολεῖται,
2594 3094 2710 3159 πῶς
2740 3094 2851 3164 ἐγὼ
2878 3095 2953 3166 μὴ
2984 3096 3249 3167 ζημιωοῶ
3283 3098 3375 3151 τὸν
3413 3099 3547 3161 υἱὸν,
3580 3099 3696 3163 πῶς
3741 3100 3872 3169 μή-’

574 3177 826 3245 iuventus
852 3180 1284 3234 edocuitcontra
1319 3194 1405 3234 me
1433 3179 1705 3235 lascivire.

2256 3199 2317 3235 τε
2347 3186 2553 3249 ἐκεῖνος
2582 3185 2835 3256 ἀπάτωρ,
2874 3189 3009 3258 μήτε
3032 3188 3143 3256 ἐγὼ
3176 3189 3422 3253 ἄτεκνος,
3451 3190 3569 3253 πῶς
3591 3193 3652 3243 ἐν
3685 3191 3856 3263 σοφίᾳ

577 3268 807 3337 ίξεύσεις
854 3268 944 3323 τὸν
1012 3270 1225 3324 νεοττόν
1280 3288 1403 3341 μου,
1439 3264 1527 3325 ’δν
1586 3272 1620 3341 ἡ
1676 3268 1953 3334 κενοδοξία
1997 3271 2329 3342 ἐπτέρωσεν,
2391 3274 2454 3327 ὃν
2516 3277 2550 3346 ή
2618 3276 2807 3347 νεότης
2874 3278 3102 3348 σκιρτᾷν
3170 3278 3290 3331 κατ’
3357 3279 3491 3349 ἐμοῦ
3546 3280 3807 3346 ἐδίδαξεν.

651 3382 943 3453 Postquam
974 3387 1142 3442 David
1179 3389 1293 3442 hare
1321 3389 1496 3443 amico
1526 3404 1624 3444 suo
1667 3389 1833 3445 Cltusi
1865 3392 2022 3458 dixit,
2071 3393 2158 3446 ille

2340 3394 2558 3466 Ἐπειδὴ
2610 3396 2781 3451 ταῦτα
2815 3400 2844 3451 ὁ
2874 3399 3039 3453 Δαὸὶδ
3071 3399 3148 3470 τῷ
3174 3401 3344 3453 Χουσὶ
3378 3401 3456 3472 τῷ
3485 3402 3624 3474 φίλῳ
3666 3400 3851 3467 εἶπεν,

578 3487 708 3528 vero
737 3484 991 3542 tanquam
1018 3475 1163 3547 alter
1200 3477 1320 3545 ipse
1350 3491 1656 3532 sermonem
1715 3488 2004 3535 exsecutus
2033 3490 2115 3535 est
2140 3498 2154 3546 ;

2253 3487 2282 3537 6
2312 3484 2370 3538 δὲ
2407 3485 2483 3549 ὼς
2519 3487 2677 3552 ἄλλος
2705 3489 2869 3553 αὐτὸς
2902 3490 2980 3561 τῷ
3015 3491 3158 3562 λόγῳ
3200 3492 3581 3564 διηκονήσατο,
3610 3495 3705 3548 καὶ
3741 3498 3856 3548 ἀπ·-

579 3574 636 3618 et
666 3564 800 3618 abiit
831 3566 896 3617 ad
934 3565 1285 3620 Absalomum
1318 3576 1374 3621 ut
1405 3568 1704 3637 transfuga,
1746 3578 1801 3623 et
1838 3569 2043 3640 fugavit
2072 3571 2157 3625 in-

2253 3577 2414 3647 ἧλθεν
2445 3578 2580 3649 πρὸς
2606 3581 2697 3633 τδν
2741 3581 3080 3654 Ἀϐεσαλὼμ,
3112 3584 3188 3647 ὡς
3210 3584 3406 3652 φυγάς,
3433 3586 3526 3638 καὶ
3552 3587 3856 3655 ἐφυγάδευ-

579 3653 855 3707 ordinatos
882 3654 1051 3724 ipsius
1083 3664 1273 3709 contra
1320 3666 1528 3725 patrem
1566 3670 1778 3714 motus:
1815 3661 1941 3728 quia
1980 3662 2162 3717 verbis

2255 3684 2345 3721 σεν
2400 3670 2565 3724 αὑτοῦ
2621 3672 2719 3737 τάς
2766 3653 3035 3737 ἀτάκτους
3072 3675 3215 3727 κατά
3252 3675 3346 3728 τοῦ
3397 3653 3605 3749 πατρὸς
3642 3678 3847 3748 ὁρμάς·

578 3744 742 3799 Chusi
795 3746 1186 3814 imprudentem
1244 3747 1593 3803 Absalomum
1637 3751 1800 3818 vicit;
1849 3750 2016 3807 David
2062 3769 2160 3824 pro

2254 3760 2444 3832 ἐπειδὴ
2498 3760 2677 3831 λόγοις
2730 3766 2759 3817 6
2811 3765 2980 3818 Χουσὶ
3028 3767 3117 3818 τὸν
3160 3766 3449 3833 ἀλόγιστον
3511 3744 3852 3839 "assensu

582 3839 759 3893 verbis
813 3838 977 3894 Chusi
1030 3840 1234 3910 gratias
1288 3841 1399 3910 agit
1460 3842 1590 3896 Deo.
1655 3841 1905 3897 Psalmus
1965 3844 2157 3911 David,

2258 3852 2534 3922 ἐνίκησεν
2570 3854 2708 3925 ὑπὲρ
2737 3855 2846 3908 τῶν
2880 3854 3049 3923 λόγων
3072 3856 3240 3908 Χουσὶ
3263 3858 3289 3908 6
3320 3857 3486 3909 Δαϐὶδ
3510 3858 3587 3928 τῷ
3609 3859 3729 3930 Θεῷ
3756 3838 3857 3913 εύ-

579 3945 728 3997 quem
780 3932 1005 3983 cantavit
1061 3931 1281 3984 Domino
1340 3948 1433 3999 pro
1484 3934 1649 3985 verbis
1696 3932 1860 3987 Cltusi
1910 3934 2012 4002 ﬁlii
2063 3934 2156 3989 Je-

2263 3947 2529 4013 χαριστεί.
2589 3946 2837 4015 Ψαλμὸς
2880 3946 2961 4012 τῷ
2998 3946 3196 4010 Δαὸὶδ,
3251 3947 3323 4000 ὃν
3347 3943 3500 4019 ᾖσεν
3533 3947 3615 4015 τῷ
3652 3953 3853 4019 Κιφίῳ

583 4021 729 4074 mini.
771 4020 882 4076 Hoc
949 4033 1029 4077 est
1057 4038 1073 4077 :
1106 4021 1296 4077 Sermo
1322 4025 1550 4078 actionis
1603 4025 1788 4091 David,
1821 4040 1978 4094 quem
2015 4026 2157 4080 velut

2263 4032 2415 4100 ὑπὲρ
2444 4032 2563 4086 τῶν
2589 4036 2787 4103 λόγων
2818 4036 3005 4089 Χουσὶ
3042 4038 3176 4090 υἱοῦ
3227 4039 3478 4107 Ἰεμενεί.
3525 4042 3672 4095 Ἀντὶ
3724 4043 3846 4106 τοῦ,

586 4111 908 4180 triumphale
953 4113 1221 4168 canticum
1262 4113 1368 4168 Deo
1411 4115 1765 4169 consecravit.
1961 4168 1979 4182 ,

2267 4124 2438 4193 Λόγος
2470 4125 2719 4195 πράξεως
2747 4126 2825 4198 τῷ
2856 4127 3041 4193 Δαόὶδ,
3070 4128 3129 4181 ὃν
3159 4129 3234 4193 ὡς
3264 4130 3531 4185 ἐπινίκιον
3587 4132 3732 4205 ᾠδὴν
3767 4135 3853 4206 τῷ

2266 4213 2384 4283 Θεῷ
2410 4214 2690 4284 ἀνέθηκεν.
3486 4210 3493 4221 ’

649 4290 760 4342 Cur
803 4301 979 4344 autem
1013 4290 1151 4344 idem
1189 4289 1353 4345 Chusi
1388 4288 1667 4344 dicebatur
1685 4289 1824 4345 illius
1846 4288 2065 4354 Jemiui,
2100 4300 2153 4346 et

2334 4304 2430 4358 Διά
2458 4306 2510 4357 τί
2526 4305 2580 4358 δὲ
2605 4308 2633 4359 6
2648 4306 2809 4370 αύτδς
2825 4307 2994 4360 Χουσὶ
3010 4308 3123 4372 υίὸς
3152 4309 3395 4379 ’ῐεμενεὶ,
3416 4310 3509 4363 καὶ
3523 4311 3638 4375 υἱὸς
3652 4312 3858 4383 Ἀριχὶ

652 4472 701 4505 ³⁸
736 4472 935 4527 Jerem.
963 4489 1102 4537 xvii,
1133 4474 1217 4526 ll.
1325 4475 1367 4505 ⁸⁸
1410 4474 1576 4528 Eccli.
1611 4488 1743 4539 xm,
1776 4474 1869 4528 25.

656 4630 771 4707 (ευ)
802 4632 1082 4701 Ἔρημος.
1116 4633 1252 4707 llinc
1268 4634 1623 4704 proverbialis
1651 4634 1872 4707 locutio;
1904 4639 2044 4690 κατὰ
2066 4638 2158 4692 τὸν
2190 4644 2233 4699 D
2263 4641 2572 4707 κοπεῖσθαι,
2609 4642 2663 4696 in
2695 4646 3012 4698 memoriam
3046 4660 3274 4700 revocor
3302 4643 3522 4699 alterius
3556 4659 3666 4699 non
3706 4646 3851 4702 mul-

583 4702 814 4783 πέρδικα
846 4708 1069 4782 ςτυμνοί,
1104 4702 1908 4783 Alliariasi9__usurpata.Epist.
1940 4709 2007 4760 ad
2030 4708 2157 4762 soli-
2261 4721 2373 4783 tum
2412 4702 2695 4776 absimilis,
2721 4715 2815 4767 sed
2847 4716 3166 4770 recentioris
3191 4715 3429 4780 fabricae,
3474 4719 3615 4783 quod
3648 4715 3853 4771 leviter

585 4775 776 4853 ιανὶιιιη
806 4776 1234 4853 υιιαλιιμρειιιεε,
1268 4791 1336 4853 p._
1361 4774 1490 4853 ὣολ
1524 4786 1579 4843 et
1598 4774 1681 4853 .ab
1712 4774 2003 4853 interprete
2051 4794 2156 4832 non
2260 4782 2632 4853 depravatum,
2667 4774 2801 4837 viris
2847 4784 3181 4840 doctissimis
3220 4774 3507 4839 facessi'vit'
3543 4787 3850 4853 negotium,

583 4844 872 4925 intellecta.
900 4842 1222 4925 Plrilastrius
1267 4842 1642 4925 initio_0per.i.s
1669 4846 1786 4899 sui:
1812 4842 2012 4925 Perdis:
2033 4864 2157 4925 cum
2261 4842 2411 4925 ιιιιίιιἶ
2447 4851 2531 4916 16,
2564 4842 2839 4925 Passionis
2864 4852 3042 4908 Basilii
3074 4855 3376 4925 presbyteri
3398 4854 3465 4908 ad
3496 4842 3846 4925 xxu'Martii;

582 4912 1008 4997 infecunditatem
1044 4917 1297 4996 patiatur,
1322 4912 1515 4997 sapius
1549 4916 1773 4996 aliorum
1803 4914 1989 4997 furtim
2005 4919 2157 4997 fatus
2259 4936 2365 4989 quo
2400 4912 2527 4997 loco
2564 4921 2794 4997 habetur
2831 4925 2883 4977 in
2919 4942 3018 4997 ms.
3053 4912 3255 4997 έλαδεᾷ
3275 4924 3373 4977 ἕνα
3427 4924 3536 4977 ἀπὸ
3577 4923 3688 4978 τῶν
3727 4912 3853 4997 tivo;

583 4985 863 5063 incubans,
909 4990 1057 5050 quasi
1105 5002 1225 5066 suos
1278 4986 1387 5066 iam
1419 4986 1558 5066 [oret
1609 5001 1673 5039 ac
1716 4985 1944 5066 uindicat
1992 4985 2149 5055 filios,

2267 4985 2613 5066 τομηθέντων
2658 4991 2846 5066 λῴρων
2888 4994 2982 5047 τοῦ
3012 4994 3282 5066 σώματος.
3316 4999 3357 5047 Α
3394 5010 3481 5066 me
3517 5010 3644 5047 vero
3674 4985 3850 5049 corr:-

583 5069 743 5132 usque
886 5062 1085 5122 tempus
1126 5056 1373 5132 aliquod._
1414 5054 1644 5125 Cumque
1688 5057 1786 5132 eis
1805 5058 1921 5132 jam
1952 5054 2149 5132 tempus
2256 5054 2407 5127 gitur
2431 5054 2876 5132 ίνοτομηθέντων.
2906 5067 2985 5118 Ad
3011 5054 3153 5120 hunc
3177 5054 3416 5129 sensum,
3444 5064 3651 5130 Accepit
3682 5081 3851 5117 unum

583 5122 1417 5202 (etatis-discernensaccreuerit,
1454 5122 1574 5178 tunc
1606 5122 1816 5180 amissis
1844 5128 1968 5196 (leg.
1996 5122 2152 5202 omis-
2257 5122 2541 5202 ξέσον-ρούς
2566 5122 2651 5185 ἐιιῖ
2682 5134 2830 5196 loris,
2878 5150 2995 5202 qua:
3033 5151 3153 5187 cum
3206 5134 3353 5201 libris
3382 5122 3839 5201 r'esecta'fuerant.

582 5193 676 5262 sis)
704 5193 856 5272 {uisis
904 5194 1225 5272 parentibus,
1268 5195 1395 5272 jura
1425 5208 1692 5272 parentant
1746 5193 1897 5272 sensu
1925 5193 2152 5266 'proprio
2258 5193 2409 5272 Ἶνας
2435 5201 2596 5255 ﬁbras
2622 5218 2741 5256 esse
2774 5193 2838 5255 ac
2869 5193 3063 5257 nervos
3091 5193 3357 5259 neminem
3396 5202 3551 5272 fugit.

584 5264 936 5344 recordantes,
954 5264 1422 5344 palamquepculis
1447 5267 1885 5344 intuentem-sequi
1918 5282 2003 5320 eos
2035 5264 2152 5320 am-
2263 5339 2297 5344 _
2331 5270 2445 5344 (52)
2487 5272 2706 5344 ξζερεῖς.
2728 5272 2855 5344 AVox
2888 5272 3075 5344 ἱερέων
3108 5276 3410 5329 reducenda
3442 5264 3610 5344 Esthin
3632 5280 3844 5344 textum

582 5332 731 5412 ptius
754 5332 1114 5412 demorantur.
1141 5332 1363 5412 lteliqua
1393 5344 1541 5412 petes
1573 5337 1939 5412 _przccipue_ex
1966 5348 2153 5412 catena
2262 5332 2351 5412 B.‘
2374 5332 2579 5412 Cvrill‘i',
2635 5332 2774 5396 unde
2829 5332 3116 5412 exsulavit,
3159 5344 3307 5412 pulsa
3344 5358 3438 5412 per
3479 5336 3717 5412 afﬁnem,
3740 5342 3811 5412 κίε
3832 5370 3846 5380 -

582 5411 640 5481 et
664 5402 1044 5481 interpretibus
1068 5406 1119 5458 in
1142 5402 1723 5481 detentiam,B_u‘c_-harto
1747 5402 2153 5481 innflieroaoico,
2266 5409 2396 5480 ρῶν,
2418 5402 2500 5465 ἐι]
2526 5402 2682 5467 Joan.
2703 5427 2797 5477 xx,
2822 5411 2912 5475 22,
2942 5412 2994 5465 in
3025 5402 3129 5466 fine
3152 5402 3271 5481 pag.
3302 5402 3461 5475 1095,
3491 5413 3579 5465 ubi
3607 5411 3676 5464 de
3698 5402 3849 5481 hisce

584 5480 642 5552 et
668 5471 1111 5552 notisdoctor'utn
1151 5475 1447 5552 hominum,
1482 5473 1760 5552 Allatiiad
1795 5472 2152 5552 (instat/tium,
2266 5471 2462 5536 "veteris
2495 5481 2627 5552 legis
2683 5471 3077 5539 sacerdotibus.
3115 5471 3317 5538 ίιόοἶιιιι
3371 5471 3642 5541 indicasse
3698 5479 3848 5536 suni—

585 5535 891 5613 Coinbefisii
909 5543 976 5594 ad
1006 5540 1368 5613 Hippolytum,
1392 5535 1585 5613 Alluetii
1623 5544 1690 5595 ad
1720 5542 2014 5613 Origenem.
2138 5535 2148 5540 ⁷
2263 5551 2391 5604 ciat.

659 5605 771 5671 (51)
824 5605 1313 5680 Νευροκότὲηοῖον.
1355 5605 1533 5668 Verbo
1565 5605 1933 5684 νευροκοπεῖν,
1969 5631 2153 5685 νευρο-
