4060 6210
518 285 619 342 467
1793 287 1848 340 s.
1893 287 2163 340 ASTERII
2204 249 2502 341 AMASENI
3652 280 3763 338 468

528 402 585 443 ιιι
633 401 928 452 tim-monent
989 399 1297 468 aliquando,
1352 400 1430 452 sic
1479 416 1664 455 rursus
1697 403 2043 457 Ahsalomum
2072 421 2131 469 ;,

2160 398 2348 464 ,αὖθις
2397 400 2486 452 τὸν
2527 399 2875 469 Ἀὖεσαλὼμο
2913 399 3035 452 τότε
3074 397 3620 468 ἀναμιμνῃσκόμενος
3661 396 3763 464 τῆς

523 499 647 541 tunc
679 489 990 542 recordatus
1021 490 1086 541 de
1117 490 1352 556 potentia
1383 491 1597 558 psalmi.
1649 493 1896 548 eumdem
1935 493 2083 547 illum

2191 490 2473 558 δυνάμεως
2526 487 2619 540 τοῦ
2668 488 2905 558 ψαλμοῦ,
2952 489 3114 542 αὐτὸν
3160 489 3367 540 ἐκεῖνον
3411 487 3501 539 τὸν
3550 485 3765 555 ψαλμὸν

525 579 788 641 psalmum
859 579 1046 643 adepta
1125 579 1348 634 victoria
1428 583 1752 651 triumphale
1816 585 2084 638 canticum

2197 577 2332 648 μετὰ
2354 578 2452 646 τὴν
2480 575 2635 645 νίκην
2660 575 2923 629 ἐπινίκιον
2951 577 3092 647 ᾠδὴν
3119 574 3452 644 ἀνέπεμψεν.
3494 574 3646 626 Ἐπεὶ
3671 570 3766 627 οὖν

525 669 722 722 emisit.
775 667 957 736 Itaque
989 669 1113 738 quia
1163 681 1287 726 ante
1317 672 1512 728 bellum
1572 690 1691 728 eum
1726 684 1782 728 ut
1823 676 2086 744 psalmum

2195 675 2302 746 πρὸ
2327 673 2419 727 τοῦ
2451 674 2688 744 πολέμου
2712 672 2874 728 αὐτὸν
2899 673 3145 742 ἔψαλλεν,
3177 671 3314 742 μετά
3337 671 3393 723 δέ
3419 670 3510 722 τὸν
3531 669 3767 739 πόλεμον

526 757 765 822 protulit,
796 769 915 825 post
938 758 1134 812 bellum
1173 775 1301 816 vero
1345 765 1579 818 cantavit
1611 783 1623 818 :
1655 761 1900 819 Psalmus
1942 783 2087 830 quem

2194 762 2344 838 ᾖσεν,
2389 766 2634 833 Ψαλμὸς
2663 764 2737 818 ὃν
2768 759 2941 836 ᾖσεν.
2984 762 3155 832 Κάγὼ
3190 763 3290 816 οὐκ
3322 761 3532 815 ἐπαινῶ
3568 761 3630 812 τὸ
3674 761 3765 830 ἐρ-

524 852 769 904 cantavit.
814 851 989 920 Atque
1035 867 1136 921 ego
1174 869 1275 908 non
1309 854 1465 908 laudo
1507 857 1942 920 instrumentum,
1996 857 2088 911 sed

2197 855 2433 924 γαλείον,
2461 855 2594 907 ἀλλὰ
2629 855 2689 907 σέ
2719 855 2810 907 τὸν
2837 854 3088 925 τεχνίτην
3107 871 3121 885 ο
3153 853 3214 905 οὐ
3241 851 3508 922 θαυμάζω
3548 848 3646 918 τὴν
3685 867 3768 901 κι-

426 961 430 964 ⁴
529 954 578 994 te
615 941 910 1005 artiﬁcem;
959 959 1062 998 non
1107 945 1340 1013 suspicio
1376 947 1634 1018 citharam
1662 990 1676 1012 ,
1715 950 1809 1002 sed
1860 949 2029 1016 peritu

2197 947 2400 1017 Θάραν,
2450 937 2588 999 ἀλλὰ
2637 945 2728 998 τὸν
2769 945 3108 1014 ἐπιστήμονα
3158 943 3435 1014 μουσικόν.
3488 943 3553 994 Ei
3596 941 3691 994 καὶ
3742 943 3771 992 6

528 1031 808 1083 musicum.
835 1030 984 1086 Licet
1005 1032 1166 1088 Chusi
1190 1038 1529 1092 sermonibus
1553 1051 1616 1091 ac
1642 1038 1819 1092 verbis
1839 1049 2088 1106 tanquam

2197 1039 2365 1091 Χουσὶ
2411 1037 2598 1104 λόγους
2641 1038 2735 1089 καὶ
2767 1037 2986 1106 ῥήματα
3021 1035 3098 1098 ὼς
3136 1033 3275 1087 ὅπλα
3307 1033 3445 1103 ἔχων
3485 1031 3733 1100 ἐνίκησεν
3754 1045 3766 1057 ·

527 1122 690 1174 armis
723 1122 976 1190 przetlitus
1008 1125 1287 1180 victoriam
1317 1128 1691 1196 reportaverit,
1718 1137 1772 1181 at
1798 1129 1920 1182 novi
1951 1130 2090 1197 quod

2197 1130 2314 1184 ἀλλ’
2337 1125 2473 1194 οῖδα,
2501 1130 2584 1182 ὅτι
2614 1129 2827 1195 Κύριός
2854 1129 2998 1179 ἐστιν
3024 1129 3051 1179 ὁ
3073 1125 3278 1191 διδοὺς
3284 1124 3523 1194 ῥήματα
3539 1123 3664 1189 τοῖς
3675 1123 3774 1175 εὐ-

531 1208 780 1263 Dominus
809 1221 892 1264 est
919 1212 1008 1278 qui
1048 1214 1138 1264 dat
1176 1213 1326 1266 verba
1386 1215 1858 1282 euangelizantibus
1902 1216 2092 1267 virtute

2196 1217 2929 1290 αγγελιζομένοιςδυνάμει
2950 1214 3150 1282 πολλῇ
3169 1215 3302 1286 (5-4).
3327 1214 3403 1266 Δι’
3434 1214 3464 1265 ὃ
3485 1255 3498 1278 ,
3532 1207 3711 1279 Κύριε
3742 1215 3773 1264 ὁ

527 1301 690 1352 multa
755 1301 819 1354 ³¹.
880 1301 1233 1371 Quapropter,
1282 1303 1500 1357 Domine
1557 1303 1694 1358 Deus
1739 1322 1901 1368 meus,
1948 1307 2002 1358 in
2046 1317 2093 1359 te
2199 1312 2346 1378 Θεός
2370 1326 2511 1377 μου,
2533 1309 2631 1362 ἐπὶ
2655 1307 3031 1375 σοὶῆλπισα,
3065 1305 3274 1359 σῶσόν
3302 1321 3398 1373 με.
3427 1303 3645 1357 -Ὲπὶ
3672 1303 3777 1355 σοὶ

527 1394 756 1459 speravi;
804 1393 1002 1446 salvum
1030 1410 1109 1446 me
1143 1395 1246 1462 fac.
1272 1393 1422 1446 —‘-In
1462 1405 1510 1447 te
1554 1406 1883 1464 speraverant
1919 1406 2092 1466 patres

2213 1401 2473 1469 ἤλπισαν
2513 1401 2567 1452 οἱ
2603 1397 2853 1466 πατέρες
2893 1396 3080 1465 ἡμῶν.
3116 1395 3214 1452 καὶ
3257 1393 3594 1469 ἐσώθησαν.
3651 1395 3779 1446 Ἐπὶ
3812 1428 3816 1432 -

530 1485 713 1546 nostri,
762 1495 808 1536 et
839 1484 969 1536 salvi
1009 1485 1136 1551 facti
1182 1495 1301 1538 sunt
1347 1487 1412 1538 ³².
1466 1483 1522 1538 In
1562 1496 1611 1540 te
1657 1502 1777 1541 cum
1829 1495 2096 1554 sperasset

2204 1488 2284 1540 σοὶ
2314 1486 2540 1548 ἐλπίσας
2561 1485 2591 1537 6
2621 1484 2922 1556 προπάτωρ
2959 1484 3230 1556 Ἁϐραάμ,
3261 1483 3368 1536 ἀπὸ
3397 1483 3455 1548 ἓξ
3485 1481 3778 1552 βαρϐάρων

529 1574 744 1641 generis
798 1583 988 1628 auctor
1041 1575 1335 1640 Abraham,
1383 1591 1411 1628 a
1461 1591 1554 1631 sex
1597 1577 1810 1646 regibus
1852 1575 2097 1630 barbaris

2204 1575 2465 1644 βασιλέων
2493 1574 2777 1627 σέσωσται·
2795 1572 3073 1642 τεσσάρων
3102 1572 3199 1642 μέν
3217 1572 3324 1625 τῶν
3345 1571 3626 1625 Χαλδαίων
3639 1572 3777 1641 (55),

529 1675 774 1719 servatus
829 1677 943 1732 e31;
994 1677 1223 1735 quatuor
1268 1669 1552 1736 Chaldaeis,
1604 1671 1793 1736 quinto
1843 1669 2096 1740 Egyptio

2204 1666 2450 1736 πέμπτου
2485 1663 2542 1718 δέ
2575 1664 2668 1717 τοῦ
2701 1663 2998 1731 Αἰγυπτίου
3030 1662 3249 1733 Φαραὼ,
3318 1663 3413 1716 καὶ
3457 1663 3614 1716 ἕκτου
3681 1662 3778 1715 τοῦ

530 1758 851 1826 Pharaone,
881 1770 1066 1814 'sexto
1123 1759 1400 1816 Gerareno
1451 1761 1828 1828 Abimelecho,
1883 1761 2098 1830 quando
2131 1757 2133 1794 7

2201 1753 2510 1827 Γεραρηνοῦ
2571 1753 2876 1824 Ἀϐιμέλεχ,
2935 1754 3021 1806 ὅτε
3073 1753 3170 1824 τὴν
3219 1753 3437 1825 Σάρραν
3476 1755 3570 1807 ἀπ’
3597 1751 3781 1807 αὐτῶν

534 1851 671 1905 Dens
727 1852 917 1908 Saram
967 1853 1034 1906 ab
1086 1852 1150 1906 iis
1206 1861 1264 1906 ut
1309 1851 1614 1906 columbam
1647 1853 1714 1906 ab
1751 1851 2100 1920 accipitribus

2202 1848 2334 1910 Θεὸς
2365 1846 2441 1908 ὡς
2477 1845 2584 1898 ἀπὸ
2625 1845 2860 1913 ἱεράκων
2904 1843 3234 1917 περιστερὰν
3266 1843 3600 1896 ἀπέσπασεν.
3649 1843 3781 1895 Ἐπὶ

533 1943 692 1996 eruit.
729 1941 782 1996 ln
813 1951 862 1996 te
899 1958 994 2011 spe
1019 1941 1266 2014 conjecta
1299 1942 1470 2004 Isaac,
1507 1945 1564 1998 in
1596 1943 1924 1997 sacriﬁcium
1951 1944 2101 1997 obla-

2205 1939 2286 1992 σο)⁵
2314 1937 2539 2000 ἐλπίσας
2562 1937 2590 1988 6
2623 1936 2828 1998 Ἰσαὰκ,
2858 1937 2935 1998 είς
2959 1935 3150 1988 Θυσίαν
3178 1934 3623 2004 προσφερόμενος
3642 1933 3777 2002 (56),

537 2044 640 2098 tus,
672 2048 774 2087 non
804 2035 1138 2088 sacriﬁcatns
1167 2035 1381 2097 mansit,
1422 2043 1480 2088 et
1517 2035 1855 2090 sacrificatus
1882 2044 1967 2089 est
2007 2049 2101 2089 ne-

2202 2028 2397 2091 ἂθυτος
2423 2026 2710 2097 διέμεινεν,
2757 2026 2850 2078 καὶ
2886 2023 3053 2094 ἐθύθη
3083 2023 3158 2095 μὴ
3191 2023 3452 2094 Θυόμενος
3473 2039 3485 2054 ·
3516 2021 3680 2092 ἐθύθη
3709 2024 3779 2091 τῇ

535 2139 802 2192 quaquam
833 2124 1214 2190 'saeriticatus;
1259 2126 1561 2180 obedientia
1604 2127 1937 2181 sacriﬁcaws
1979 2126 2100 2190 fuit,

2205 2119 2470 2188 ὑποταγῇ,
2509 2116 2611 2170 οὐκ
2651 2115 2814 2186 ἐθύθη
2844 2118 2911 2185 τῇ
2956 2115 3158 2185 πληγῇ.
3209 2115 3332 2167 Ἐπὶ
3369 2114 3453 2167 σοὶ
3492 2113 3723 2175 ἐλπίσας
3751 2113 3780 2162 ὁ

537 2229 641 2268 non
667 2213 1006 2270 saerilicatus
1035 2226 1119 2270 est
1147 2217 1323 2284 plaga.
1375 2215 1638 2283 Quoniam
1686 2218 1738 2272 in
1781 2228 1834 2272 te
1865 2219 2104 2286 speravit

2216 2208 2410 2264 Ἰακὼό
2460 2209 2564 2262 ὑπὸ
2591 2206 2683 2260 τοῦ
2709 2204 2937 2274 ἀδελφοῦ
2979 2205 3149 2258 Ἥσαῦ
3187 2205 3288 2257 οὐκ
3316 2204 3621 2273 ἐφονεύετο,
3657 2202 3781 2255 οὐδὲ

533 2299 718 2364 Jacoh,
779 2321 808 2359 a
855 2305 1020 2362 fratre
1062 2307 1200 2362 Esau
1245 2309 1460 2364 occisus
1509 2325 1614 2366 non
1672 2317 1776 2375 est,
1813 2324 1910 2364 nec
1940 2309 2102 2363 alium

2205 2301 2363 2354 ἄλλον
2409 2299 2548 2351 Κάῖν
2581 2297 2671 2350 τὸν
2709 2295 2934 2364 ἀδελφὸν
2969 2289 3154 2366 εὗρεν·
3196 2294 3332 2348 ἀλλὰ
3370 2294 3462 2348 τὸν
3512 2293 3649 2364 μετὰ
3684 2309 3746 2346 τε
3766 2321 3779 2333 -

539 2397 760 2450 Cainum
812 2397 1034 2453 fratrem
1091 2399 1323 2464 invenit;
1389 2415 1573 2455 verum
1629 2400 1777 2456 illum
1841 2400 1930 2471 qui
1981 2414 2102 2455 cum

2206 2385 2512 2457 τρακοσίων
2544 2383 2753 2454 ἀνδρῶν
2784 2382 2930 2452 αὑτῷ
2955 2383 3342 2453 ἐπερχόμενον,
3369 2383 3446 2444 ὡς
3472 2381 3563 2434 ὑπ’
3599 2381 3779 2434 αὐτῶν

539 2489 946 2558 quadringentis
980 2490 1113 2544 viris
1149 2505 1271 2544 eum
1318 2492 1538 2546 adortus
1589 2491 1787 2557 fuerat,
1837 2493 1991 2561 quasi
2037 2492 2104 2546 ab

2207 2476 2431 2531 ἐκείνων
2460 2473 2892 2544 φυγαδευόμενον
2919 2471 3188 2541 ἐνίκησεν.
3233 2471 3356 2523 Ἐπὶ
3387 2471 3469 2523 σοὶ
3501 2471 3730 2532 ἐλπίσας
3754 2472 3782 2521 6

540 2577 728 2631 iisdem
773 2578 902 2646 ipsis
929 2576 1168 2648 fugatum
1202 2581 1418 2635 devicit.
1446 2581 1502 2634 ln
1537 2590 1587 2634 te
1613 2597 1838 2651 sperans
1880 2581 2102 2650 Joseph,

2221 2567 2440 2636 Ἰωσὴφ,
2473 2567 2553 2628 είς
2583 2564 2766 2618 δοῦλον
2791 2562 2977 2616 δούλου
3008 2562 3260 2632 πραθεὶς,
3289 2562 3471 2624 δοῦλος
3507 2561 3781 2631 ἁμαρτίας

539 2668 594 2722 in
627 2683 840 2724 servum
879 2671 1018 2724 servi
1049 2671 1318 2737 venditus,
1349 2687 1536 2727 servus
1570 2675 1775 2741 peccati
1828 2690 1934 2730 non
1985 2675 2102 2736 fuit,

2209 2659 2307 2710 οὐκ
2337 2657 2570 2724 ἐγένετο,
2606 2657 2672 2724 τῇ
2706 2651 2950 2723 ἁμαρτίᾳ
2988 2653 3088 2705 οὐκ
3132 2651 3472 2713 ἐδούλευσεν,
3511 2650 3574 2703 δι’
3623 2649 3650 2702 ὃ
3683 2649 3777 2702 καὶ

536 2763 760 2822 peccato
797 2769 902 2808 non
929 2757 1148 2821 serviit;
1202 2768 1421 2827 prepter
1451 2762 1591 2827 quod
1626 2770 1680 2816 et
1711 2763 1762 2815 in
1796 2763 2103 2827 universam

2207 2750 2304 2818 τῆς
2341 2746 2616 2814 Αἰγύπτου
2659 2744 2839 2812 πάσης
2885 2743 3220 2814 ἐκυρίευσεν.
3277 2744 3400 2795 Ἐπὶ
3439 2743 3520 2796 σοὶ
3554 2741 3778 2802 ἐλπίσας

538 2842 828 2914 Egyptum
859 2846 1164 2901 dominatus
1185 2823 1422 2915 est.—Qui
1453 2823 1506 2904 in
1548 2859 1598 2905 te
1643 2823 2103 2921 speravitiloses,

2208 2837 2412 2905 Μωσῆς
2456 2836 2548 2888 τὸν
2611 2835 2908 2902 Αίγύπτιον
2949 2835 3176 2905 στρατὸν
3232 2833 3418 2887 ὕδασιν
3453 2831 3778 2902 ἐμάστιεεν,

538 2932 846 3003 Εεγριὶυιη
871 2937 1174 2991 exercitum
1203 2939 1357 3006 aquis
1382 2941 1666 3008 percussit,
1697 2951 1859 3010 atque
1905 2943 1955 2996 in
1985 2958 2108 2997 cur-

2212 2930 2304 2980 καὶ
2328 2926 2588 2981 διώκοντα
2613 2928 2670 2978 ἐν
2701 2927 2940 2996 ἅρμασιν
2965 2926 3216 2995 ἐνίκησεν
3269 2926 3525 2995 κύμασιν.
3557 2924 3784 2990 Ἔλεγεν

540 3022 692 3078 ribus
735 3024 1106 3092 insequentem
1162 3024 1412 3082 ﬂuctibus
1449 3029 1741 3097 superavit.
1785 3029 1927 3084 Dixit
1963 3029 2143 3097 enim,

2276 3039 2320 3085 lp
2351 3023 2458 3083 τοῖς
2498 3019 2769 3091 πατράσιν
2804 3020 2897 3072 ἐπὶ
2944 3019 3021 3090 τῷ
3063 3019 3184 3089 Θεῷ
3227 3019 3542 3072 ἐλπίσασιν’
3568 3016 3780 3080 Scite,
3873 3075 3879 3084 _

544 3072 690 3078 ηπ--
735 3072 1106 3092 -_----,__..--.--
1162 3072 1412 3082 __--.__-
1449 3072 1741 3097 --,-.......
1785 3072 1927 3084 νη...

540 3117 779 3184 patribus
807 3118 896 3186 qui
936 3117 988 3171 in
1027 3117 1194 3172 Deum
1233 3131 1582 3188 speraverant
1612 3139 1624 3174 :
1655 3121 1824 3186 State,
1860 3133 1905 3176 et
1940 3123 2106 3177 uidete
2135 3082 2143 3122 ‘

2211 3072 2307 3164 καί
2336 3072 2508 3178 ὁρᾶτε
2548 3072 2664 3176 τήν
2697 3072 3004 3176 σωτηρίανζ
3041 3072 3166 3175 τὴν·⁸
3189 3107 3349 3176 παρὰ
3383 3107 3491 3161 τοῦ
3538 3106 3779 3174 Κυρίου,

539 3208 782 3270 salutem,
841 3225 958 3277 qua:
1013 3219 1088 3262 est
1153 3227 1185 3262 a
1245 3210 1490 3277 Domino,
1549 3229 1704 3280 quam
1768 3213 1922 3280 faciet
1967 3215 2105 3266 vobis

2210 3204 2289 3269 ἢν
2327 3203 2567 3268 ποιήσει
2600 3202 2741 3271 ὑμῖν
2776 3200 3067 3270 σήμερον.
3107 3202 3333 3254 Ἐκεῖνοι
3369 3200 3462 3252 ἐπὶ
3503 3199 3586 3251 σοὶ
3617 3197 3780 3268 ἠλπιο-

541 3300 692 3353 hodie
724 3301 788 3352 ³³.
823 3299 899 3352 llli
924 3301 975 3354 in
1009 3310 1060 3354 te
1089 3311 1464 3370 speraverant,
1500 3313 1553 3357 et
1586 3305 1782 3358 servati
1817 3314 1936 3358 sunt
1967 3323 1980 3356 ε
2007 3320 2105 3374 ego

2212 3313 2330 3357 σαν,
2367 3295 2459 3348 καὶ
2483 3293 2792 3362 ἐσώθησανο
2823 3292 2976 3361 κάγὼ
3031 3293 3130 3346 ἐπὶ
3173 3293 3270 3346 σοὶ
3303 3291 3554 3359 ἤλπισα,
3603 3291 3777 3356 Κύριε

541 3403 755 3460 quoque
793 3390 846 3442 in
886 3399 934 3442 te
964 3392 1184 3457 sperari,
1227 3391 1446 3445 Domine
1495 3393 1632 3446 Deus
1672 3408 1847 3457 meus;
1903 3395 2106 3447 salvum

2212 3391 2244 3440 ό
2275 3385 2417 3450 Θεός
2438 3402 2578 3453 μου,
2616 3385 2824 3438 σῶσόν
2842 3401 2939 3452 με.
2992 3385 3139 3436 Ἑκεί
3175 3385 3202 3436 6
3237 3382 3455 3452 Φαραὼ,
3489 3380 3724 3434 ἐνταῦθα
3755 3382 3785 3433 6

543 3497 624 3533 me
661 3481 768 3548 fac.
803 3480 915 3535 lllic
953 3480 1184 3546 Pharao,
1229 3483 1316 3536 hic
1370 3478 1530 3550 Saul;
1579 3484 1692 3539 illic
1735 3485 1973 3548 Amalec,
2023 3488 2108 3541 hic

2211 3475 2416 3529 Σαούλο
2451 3476 2566 3528 ἐκεῖ
2606 3475 2634 3526 6
2680 3473 2954 3544 ’Δμαλὴκ,
2995 3467 3096 3527 ὧδε
3130 3477 3158 3526 6
3203 3472 3548 3542 ’Δϐεσαλώμο
3584 3472 3703 3524 ἐκεί
3731 3469 3782 3522 oi

546 3573 822 3638 Absalom;
885 3573 996 3627 illic
1058 3571 1322 3643 Egyptii,
1361 3575 1448 3630 hic
1495 3575 1835 3645 alienigena};
1899 3576 2006 3631 illic
2057 3579 2108 3631 in

2211 3566 2519 3634 Αἰγύπτιοι,
2546 3559 2647 3618 ὧδε
2671 3567 2720 3618 οί
2750 3565 3063 3633 ἀλλόφυλοι·
3097 3566 3213 3618 ἐκεῖ
3236 3565 3292 3617 ἐν
3317 3565 3506 3634 ἐρήμῳ
3527 3565 3553 3615 ὁ
3577 3561 3782 3630 Μωσῆς

546 3666 762 3718 deserto
788 3664 964 3720 Moses
989 3674 1043 3721 et
1067 3665 1316 3734 populus,
1355 3666 1520 3720 etiam
1552 3668 1638 3722 hic
1681 3668 1734 3722 in
1770 3669 1982 3724 deserto
2013 3683 2110 3740 ego

2211 3657 2304 3711 καὶ
2344 3659 2372 3710 6
2419 3655 2580 3721 λαὸς,
2632 3654 2726 3708 καὶ
2759 3647 2860 3707 ὦδε
2915 3656 2972 3708 ἐν
3023 3655 3212 3725 ἐρήμῳ
3253 3652 3365 3721 ἐγὼ
3417 3651 3509 3704 καὶ
3549 3652 3577 3703 ὁ
3619 3651 3779 3740 λαὸςξ

544 3775 605 3812 ac
632 3760 856 3828 pepulus
883 3778 896 3813 :
929 3758 1099 3824 Quam
1117 3761 1473 3830 multipliciter
1493 3761 1584 3816 tibi
1600 3779 1723 3819 caro
1742 3781 1878 3833 mea,
1895 3766 1948 3818 in
1971 3739 2110 3820 terra

2212 3746 2549 3812 Ποσαπλῶς
2588 3761 2684 3798 σοι
2732 3745 2770 3810 ἠ
2815 3743 2974 3813 σάρξ
3010 3762 3148 3813 μου,
3198 3745 3266 3802 ὲν
3305 3741 3380 3812 γῇ
3431 3741 3630 3810 ἐρήμῳ
3681 3739 3780 3793 καὶ

544 3851 746 3904 deserta
774 3860 821 3904 et
857 3849 1000 3904 invia
1031 3850 1098 3904 ³⁵.

857 3849 1000 3904 invia
1031 3850 1098 3904 “.
2213 3837 2426 3904 ἀϐάτῳ.

612 3941 836 3996 Domine
853 3941 990 3995 Deus
1007 3957 1171 4006 meus,
1187 3943 1241 3996 in
1255 3953 1303 3996 te
1317 3946 1545 4013 speravi;
1561 3945 1758 4000 salvum
1777 3963 1856 4000 me
1877 3947 1980 4016 fac.
2002 3947 2065 4002 Et
2079 3962 2108 4001 a

2289 3953 2460 4018 Κύριε
2485 3955 2516 4004 o'
2553 3951 2697 4016 Θεός
2730 3968 2868 4019 μου,
2913 3949 3009 4002 ἐπὶ
3041 3948 3139 4003 σοὶ
3167 3947 3419 4015 ἤλπισα,
3458 3946 3666 4000 σῶσόν
3685 3959 3782 4012 με.

544 4050 577 4103 q
587 4034 739 4088 nibus
752 4034 953 4088 servari
969 4035 1120 4104 cupis
1135 4035 1158 4087 ?
1171 4035 1216 4087 A
1231 4035 1451 4105 quibus?
1469 4035 1549 4090 Ea:
1561 4039 1797 4094 omnibus
1808 4056 2112 4109 persequen-

2214 4041 2324 4095 Καὶ
2350 4043 2413 4093 ἐκ
2436 4041 2596 4093 τίνων
2622 4039 2859 4110 σωθῆναι
2889 4039 3106 4102 ποθεῖς;
3135 4039 3231 4091 Ἐκ
3264 4037 3457 4100 τίνων;
3502 4038 3602 4089 Ἐκ
3635 4034 3786 4087 πάν-

546 4127 683 4179 tibus
719 4141 819 4191 me,
847 4135 894 4178 et
929 4125 1092 4179 libera
1114 4143 1214 4182 me.
1246 4127 1326 4180 An
1357 4141 1482 4181 vero
1519 4128 1586 4182 ab
1615 4129 1860 4185 omnibus
1881 4129 2113 4184 inimicis

2217 4151 2332 4187 των
2361 4132 2477 4186 τῶι·
2517 4133 2853 4186 διωκόντων
2885 4147 2990 4199 με,
3030 4129 3127 4182 καὶ
3142 4129 3343 4197 -ρῦσαί
3381 4146 3476 4198 με.
3525 4128 3634 4180 Καὶ
3677 4122 3785 4196 ἆρα

547 4217 805 4272 liberatus
845 4216 966 4270 est?
1002 4217 1145 4270 Sane
1175 4217 1432 4271 liberatus
1463 4227 1563 4272 est.
1603 4218 1733 4284 Quis
1783 4221 1972 4274 testis?
2023 4219 2113 4274 ln-

2216 4225 2420 4295 ἐρύσθη
2454 4225 2517 4275 ἐκ
2562 4223 2778 4276 πάντων
2825 4221 2933 4274 τῶν
2983 4219 3225 4291 ἐχθρῶν;
3259 4220 3366 4272 Ναὶ
3414 4217 3639 4288 ἐρύσοη.
3693 4217 3789 4278 Τίς

547 4307 772 4376 scriptio
804 4306 994 4376 psalmi
1029 4305 1225 4361 decimi
1253 4307 1464 4374 septimi
1493 4325 1506 4360 :
1531 4307 1595 4360 In
1629 4308 1784 4376 ﬁnem
1813 4326 1970 4378 puero
2010 4309 2114 4363 Do-

2215 4313 2404 4367 τούτου
2455 4315 2700 4384 μάρτυς;
2763 4312 2826 4364 Ἥ
2869 4310 3145 4382 ἐπιγραφὴ
3192 4309 3285 4364 τοῦ
3324 4307 3785 4362 ἑπτακαιδεκάτου

545 4397 675 4450 mini
711 4394 923 4462 Davidi,
963 4411 1068 4464 qua
1091 4396 1174 4448 die
1202 4395 1416 4450 redemit
1443 4413 1560 4450 eum
1592 4396 1843 4452 Dominus
1869 4400 1932 4454 de
1955 4416 2113 4454 manu
2143 4397 2148 4455 1

2184 4404 2459 4477 ’ψαλμοῦο
2493 4407 2597 4471 Είς
2633 4403 2696 4457 τὸ
2729 4403 2900 4467 τέλος
2936 4401 3015 4467 τῷ
3044 4401 3205 4454 παιδὶ
3237 4401 3455 4468 Κυρίου
3486 4397 3563 4463 τῷ
3590 4397 3787 4460 Δαόὶδ,

548 4489 776 4540 omnium
797 4487 1125 4540 inimicorum
1153 4486 1265 4554 ejus
1280 4487 1636 4542 ".—Salvum
1656 4504 1734 4542 me
1750 4488 1831 4557 [ac
1853 4505 1918 4544 ex
1947 4493 2113 4544 omni-

2217 4492 2256 4568 ᾖ
2305 4495 2493 4566 ἡμέρᾳ
2539 4493 2917 4562 ἐλυτρώσατο
2964 4491 3151 4545 αὐτὸν
3197 4492 3411 4558 Κύριος
3460 4490 3528 4542 ἐκ
3590 4489 3788 4557 χειρὸς

621 4624 660 4654 ²¹
696 4622 836 4677 Psal.
871 4638 1034 4689 van,
1073 4624 1159 4679 12.
1235 4625 1279 4656 ³¹
1314 4624 1456 4680 Psal.
1488 4641 1603 4690 xxt,
1639 4625 1692 4690 5,
1727 4625 1782 4690 6,
1860 4627 1903 4658 ³³
1933 4627 2104 4686 Exod.
2152 4647 2224 4686 ιιι

1860 4627 1903 4658 ³³
1933 4627 2104 4686 Exod.
2152 4632 2355 4697 xlv,l5.
2434 4631 2479 4663 “
2505 4631 2644 4685 Psal.
2680 4647 2808 4696 uti,
2833 4629 2888 4682 2.
2956 4629 3008 4676 .⁸⁵
3043 4627 3182 4682 Psal.
3220 4642 3348 4689 ml.
3384 4627 3433 4678 1-

619 4764 729 4831 (54)
763 4762 1014 4842 Amerini-:1.
1061 4762 1280 4842 39.1.1131
1322 4762 1568 4842 Nonnulli
1608 4765 2109 4842 δυνάμειςπολλὰς,
2217 4792 2222 4841 ι

989 4782 1014 4810 ’l.
1061 4762 1280 4842 ποᾷλῇ.
1322 4762 1568 4842 Nonnulli
1608 4765 2109 4842 δυνάμειςπολλὰς,
2217 4772 2592 4842 μεσιπολριαίς.

548 4827 770 4910 esset“!
805 4827 1029 4910 πολλὴν,
1071 4827 1316 4887 videntur
1339 4834 1659 4890 habuissein
1685 4827 1956 4910 codicibus
1979 4827 2109 4896 suis.

2217 4827 2229 4842 ’
2286 4842 2398 4910 (55)
2438 4827 2926 4910 Τεσσάρῳνητῶις
2960 4835 3292 4910 Χαλδαίων.
3339 4832 3640 4910 (Ξεηηηις.Δ
3671 4827 3787 4908 Non

554 4899 704 4956 Unde
729 4899 1102 4967 Cassiodorus,
1135 4911 1190 4956 et
1214 4914 1400 4957 auctor
1419 4915 1768 4960 commentar.
1795 4909 1848 4959 in
1873 4908 2110 4963 Marcum
2217 4899 2349 4964 satis
2383 4899 2652 4964 'aecuraté
2688 4907 2842 4961 Philo
2894 4905 3108 4961 Judaaus
3163 4905 3298 4957 libro
3348 4901 3502 4966 Quod
3558 4899 3790 4951 deterius

553 4969 688 5047 t.__V_I
728 4986 947 5047 operum
983 4971 1039 5027 S.
1061 4972 1403 5047 Hieronymi,
1429 4983 1482 5028 et
1514 4975 1565 5028 in
1595 4973 1858 5047 Psalterio
1883 4980 2110 5046 quincu--
2215 4981 2406 5047 potiori
2447 4979 2690 5033 insidiari
2735 4976 2919 5047 soleat,
2965 4992 3013 5047 p.
3063 4973 3188 5047 {59,
3229 4983 3282 5027 et
3334 4971 3472 5024 libro
3516 4967 3588 5020 De
3623 4978 3794 5020 temu-

555 5041 709 5105 plici:
746 5042 1016 5116 Dominus
1038 5042 1183 5096 dabit
1207 5043 1412 5096 verbum
1439 5041 1912 5116 evthgelizantibus
1946 5050 2110 5102 virtu-
2215 5041 2396 5112 lentia,
2450 5065 2500 5115 p.
2552 5047 2678 5110 255,
2741 5045 2906 5098 refert
2949 5041 3017 5098 ab
3048 5043 3352 5116 Abrahamo
3406 5051 3792 5116 noverrpreges

554 5124 625 5184 tes
644 5111 858 5184 multas.
883 5111 937 5165 In
959 5112 1282 5184 Hieronymo
1305 5121 1479 5184 autem
1508 5108 1836 5184 Erasmianre
1860 5117 2112 5171 editionis
2223 5108 2392 5171 fuisse
2415 5108 2684 5172 devictos:
2715 5115 2966 5184 explicari
2991 5124 3166 5168 tamen
3209 5114 3280 5166 ita
3317 5116 3579 5184 potestati
3608 5108 3658 5184 i_n
3695 5108 3790 5160 de-

557 5182 608 5233 in
637 5175 1248 5256 l_t_ne_comment_arii'ad
1283 5183 1556 5256 Aggamm,
1588 5194 1641 5238 et
1679 5182 1904 5256 Prologo
1943 5186 2034 5240 lib.
2077 5206 2110 5242 Il
2223 5189 2377 5241 \‘iclis
2421 5197 2668 5256 quatuor,
2731 5175 2966 5253 quinque
3007 5199 3143 5256 quos
3174 5175 3401 5251 quatuor
3431 5181 3504 5256 illi
3541 5175 3794 5256 fuderant

546 5256 597 5301 in
639 5248 971 5326 Zachariam,
1004 5253 1243 5305 virtutem
1279 5246 1494 5326 multum
1545 5253 1710 5321 legas.
1765 5246 1902 5314 Alivhi
1940 5265 2113 5310 tamen
2223 5246 2705 5326 suhintelligantur.
2742 5246 2910 5326 Sane
2935 5246 3406 5309 exactius'narrat
3435 5251 3485 5304 in
3527 5260 3687 5313 opere
3720 5246 3792 5296 De

560 5322 694 5393 apud
753 5323 997 5393 eumdem
1051 5337 1301 5393 magnum
1358 5324 1658 5385 doctorem,
1710 5325 1899 5378 virtute
1955 5327 2118 5379 multa
2226 5322 2541 5391 Abrahamo,
2577 5343 2626 5392 p.
2660 5325 2781 5390 581,
2819 5325 2941 5378 582.

558 5389 814 5456 scriptum
856 5384 1330 5466 ittve_nitur.chtlit
1361 5395 1572 5466 verbum
1603 5384 1908 5446 mulieribus
1937 5395 2117 5448 Domi-

2296 5397 2405 5464 (56)
2444 5384 2546 5462 Eit}
2568 5384 2810 5466 θυσίαιιῇ
2829 5393 3331 5466 προσφερόμενος.
3361 5388 3416 5443 Si
3456 5402 3517 5440 ea
3539 5388 3606 5466 de
3632 5400 3691 5441 re
3721 5384 3792 5438 le-

559 5473 676 5534 ξ¹,⁸¹⁸’
700 5469 754 5508 ’⁸⁸
777 5463 1185 5528 “Mtte/5‘0"“
1207 5463 1440 5534 "illum"!
1467 5463 1702 5515 multant.
1737 5466 2119 5518 Arnobius.Ah
2229 5460 2370 5534 geris
2390 5460 2708 5522 Orationem
2735 5467 2764 5517 7
2796 5460 3387 5522 Basilii‘Selenciensis,
3440 5460 3640 5534 poteris
3665 5469 3794 5534 cur-

561 5524 832 5606 llivenone
882 5524 1006 5606 vero
1064 5532 1349 5606 exponitur
1395 5542 1623 5606 utraque
1679 5535 1874 5596 lectio,
1914 5536 2119 5606 uirtute

2227 5524 2400 5602 rigere
2435 5537 2592 5606 χάριν
2646 5535 2740 5588 τοῦ
2798 5534 3072 5606 θύματος,
3108 5539 3375 5606 expuncto
3423 5524 3614 5583 vitioso
3662 5524 3791 5577 Θαύ·

561 5597 746 5675 multa,
798 5597 1147 5675 etnuirtuteni
1189 5602 1438 5675 multam._
1481 5597 1718 5675 Denique
1751 5605 1922 5675 notari
1958 5606 2116 5675 etiam
2229 5597 2652 5675 puro;.'Si'cque
2680 5606 2850 5672 reperi
2870 5597 3003 5658 'cod.
3040 5597 3327 5670 μεμιιξ.

561 5674 796 5718 meretur
832 5665 1013 5719 llilarii
1045 5671 1344 5736 scriptura;
1393 5665 1667 5724 vin-utilius
1717 5673 1920 5732 multis,
1962 5673 2117 5726 δυνά-
