4060 6210
328 323 437 380 669

1494 317 1778 374 ilO'MlLlA
1813 316 1955 373 XXI.
1996 317 2062 372 ΙΝ
2098 317 2289 375 PSAL.
2320 318 2430 374 νη.

3471 321 3575 378 470

332 437 580 493 πάντων
643 430 766 486 τῶν
811 430 1041 507 ἐχθρῶν
1087 432 1294 486 αὐτοῦ.
1343 462 1413 473 -—
1462 431 1671 512 Σῶσόν
1706 450 1784 503 με
1838 434 1935 493 ἐκ

2035 451 2103 488 »ιιι
2122 437 2546 505 persequentibus
2567 452 2668 500 nte,
2691 447 2737 490 et
2760 436 2922 491 libera
2952 453 3048 491 me.
3082 436 3340 491 —Saleum
3360 452 3439 489 me
3470 437 3575 505 (ac,

330 530 579 586 πάντων
625 522 748 579 τῶν
795 523 1135 578 διωκόντων
1178 542 1277 594 με,
1331 525 1429 579 καὶ
1464 526 1652 593 ῥῦσαί
1691 543 1786 596 με.
1840 556 1910 569 --

300 618 551 676 ’Σῶσόν
587 632 683 685 με,
728 613 860 686 ἄρτι
917 612 1276 685 διωκόμενον⁸
1332 614 1522 684 ῥῦσαί
1559 633 1657 685 με,
1710 617 1911 688 μηκέτι

262 705 274 715 ’
336 712 432 765 ὑπ’
466 706 650 765 αὐτῶν
683 703 1106 775 πολεμούμενον.
1134 706 1248 759 Καὶ
1271 707 1357 770 σὺ,
1386 700 1432 760 ὧ
1459 706 1909 777 προσφιλέστατε,

336 803 468 871 λέγε
490 799 580 854 ἀεὶ
606 797 685 869 τῷ
709 796 827 866 Θεῷ
858 797 1323 869 προσευχόμενος⁸
1345 799 1520 867 Κύριε
1551 801 1584 852 ό
1605 798 1748 866 Θεός
1770 818 1909 868 μου,

338 893 442 947 ἐπὶ
474 890 575 944 σοὶ
605 888 859 957 ἤλπισα,
888 886 1099 942 σῶσόν
1112 905 1190 958 με
1210 904 1223 918 “
1262 889 1349 943 ἵνα
1377 905 1437 942 σε
1468 890 1532 943 ὲκ
1566 889 1784 943 πάντων
1807 889 1917 943 τῶν

341 980 648 1036 διωκόντων
692 976 946 1048 ρύσηται.
990 979 1169 1046 Κύριε
1215 982 1249 1031 ό
1289 980 1434 1043 Θεός
1469 996 1614 1047 μου,
1660 978 1759 1031 ἐπὶ
1813 979 1913 1034 σοὶ

342 1069 602 1138 ἤλπισα,
628 1065 835 1121 σῶσόν
851 1082 948 1134 με.
978 1066 1091 1120 Καὶ
1126 1066 1271 1130 τίνες
1294 1068 1343 1119 οἱ
1364 1066 1685 1133 διώκοντες;
1718 1068 1916 1139 Alcen-

345 1158 458 1222 τῶς
489 1158 587 1229 μὲν
617 1156 882 1227 αἱρετικοὶ
910 1155 1006 1209 καὶ
1039 1154 1239 1218 πάντες
1268 1157 1318 1209 oi.
1344 1157 1570 1228 πονηροὶ
1594 1158 1690 1210 καὶ
1719 1156 1917 1227 βάσκα-

345 1264 428 1301 νοι
458 1246 759 1317 ἄνθρωποι·
793 1244 1003 1315 νοητῶς
1028 1244 1085 1298 δὲ
1115 1244 1399 1299 διώκουσιν
1434 1248 1468 1317 ἡ
1499 1245 1724 1317 πορνεία
1758 1248 1851 1301 καὶ¹
1880 1249 1913 1317 ἡ

347 1336 581 1408 μοιχεία,
610 1337 704 1391 καὶ
730 1338 763 1408 ἡ
794 1336 1056 1406 ἁμαρτία,
1084 1336 1180 1389 καὶ
1204 1337 1238 1406 ἡ
1269 1336 1513 1391 ἀσέϐεια.
1552 1338 1618 1390 El
1653 1336 1727 1409 μὴ
1759 1337 1914 1391 ἐδίω-

342 1441 436 1477 κεν
460 1425 494 1494 ἠ
535 1424 774 1494 μοιχεία,
801 1424 895 1476 καὶ
918 1425 946 1476 6
974 1422 1106 1486 Θεὸς
1141 1422 1233 1479 τὸν
1255 1422 1583 1494 διωκόμενον
1617 1426 1682 1478 ὲκ
1710 1424 1914 1497 ταύτης

336 1514 554 1587 ἐρύετο,
587 1515 691 1567 ούκ
718 1514 785 1568 ἂν
825 1516 854 1567 6
888 1513 1297 1587 Παροιμιαστὴς
1324 1515 1509 1583 ἔλεγεν
1529 1532 1543 1545 ·
1577 1515 1728 1568 Eme
1801 1514 1916 1583 τὴν

336 1607 565 1675 σοφίαν
600 1605 727 1673 σὴν
758 1604 1034 1673 ἀδελφὴν
1083 1599 1257 1667 εἶναι,
1294 1606 1395 1660 ἵνα
1416 1618 1492 1660 σε
1513 1606 1769 1673 ρύσηται
1795 1606 1912 1660 ἀπὸ

336 1696 628 1769 γυναικὸς
658 1696 982 1775 ἀλλοτρίας
1014 1695 1110 1749 καὶ
1139 1694 1434 1764 πονηρᾶς·
1479 1696 1664 1767 ῥύεται
1691 1698 1800 1768 γάρ
1830 1712 1913 1759 τις

337 1789 433 1842 τὸν
475 1787 826 1856 διωκόμενον.
860 1772 922 1838 Εἰ
969 1785 1042 1856 μὴ
1077 1785 1354 1857 ὲδίωκενή
1391 1786 1594 1851 ἀδικία,
1632 1788 1734 1840 οὐκ
1773 1786 1839 1840 ἂν
1882 1787 1912 1838 6
1944 1772 1985 1825 Β

346 1878 649 1948 Προφήτης
694 1877 904 1945 ἔλεγεν·
954 1877 1088 1930 Ἀπὸ
1121 1876 1343 1945 ἀνδρὸς
1376 1876 1588 1931 ἀδίκου
1607 1877 1796 1945 ῥῦσαί
1812 1893 1910 1946 με.

2012 538 2170 592 quem
2225 528 2384 579 modo
2416 525 2784 594 insectantur;
2840 527 3005 580 libera
3050 544 3163 595 me,
3209 531 3297 598 qui
3344 530 3576 583 nondum

2012 615 2081 668 ah
2107 614 2211 669 illis
2237 614 2532 670 debellatus
2565 631 2705 670 sum.
2751 616 2818 671 Et
2860 627 2937 679 tu,
2983 632 3016 671 ο
3042 617 3379 680 charissime,
3416 616 3580 670 dicito

2013 720 2225 774 semper
2258 707 2368 762 Deo
2410 707 2460 760 in
2494 707 2741 777 precibus
2780 724 2793 763 :
2828 708 3058 763 Domine'
3084 708 3225 761 Deus
3257 724 3421 771 meus,
3451 709 3502 760 in
3533 716 3581 759 le

2013 800 2252 865 speravi;
2281 798 2477 853 salvum
2505 815 2585 854 me
2622 799 2708 868 foe
2740 815 2758 853 :
2790 815 2896 869 quo
2925 810 2976 855 te
3015 802 3081 854 ab
3120 799 3368 854 omnibus
3394 812 3577 865 perse-

2014 888 2301 955 qirentibtts
2327 889 2537 944 liberet.
2562 892 2779 945 Domine
2812 890 2949 945 Deus
2989 906 3154 955 meus,
3185 891 3240 942 in
3277 899 3325 942 te
3355 888 3578 947 speravi,

2015 979 2214 1030 salvum
2245 995 2326 1033 me
2357 981 2463 1048 fac.
2500 980 2726 1046 Quinam
2763 980 3203 1050 persequuntur?
3249 977 3584 1034 Sensihililer

2015 1066 2227 1134 quidem
2265 1068 2523 1131 haeretici,
2570 1084 2866 1139 omnesque
2915 1070 3038 1123 mali
3088 1085 3151 1123 ac
3204 1067 3369 1122 invidi
3395 1057 3582 1120 ’ῢοιιιί-

2016 1171 2149 1224 nes;
2207 1158 2614 1227 intelligibiliter
2658 1175 2787 1216 vero
2826 1169 3222 1230 persequuntur
3276 1156 3579 1213 fornicatio.

2016 1246 2360 1314 adulterium,
2401 1262 2700 1319 peccatum,
2730 1252 2999 1320 impietas.
3032 1250 3140 1305 Nisi
3171 1256 3585 1319 persequeretur

2016 1339 2271 1405 mtechia,
2302 1352 2356 1394 et
2380 1341 2523 1397 Deus
2548 1343 2926 1413 persecutione
2959 1350 3211 1398 vexatum
3239 1356 3301 1394 ex
3329 1355 3389 1394 ea
3413 1339 3588 1406 eripe-

2017 1439 2136 1493 ret,
2203 1427 2617 1485 Provetbiorum
2683 1443 2871 1489 auctor
2942 1447 3047 1487 non
3110 1426 3588 1500 scripsissetzDic

2015 1520 2330 1587 sapientiam
2386 1532 2529 1575 luant
2561 1540 2793 1578 sororem
2835 1540 2963 1585 esse,
3005 1532 3061 1575 ut
3100 1531 3149 1575 te
3188 1521 3372 1587 eripiat
3408 1534 3438 1570 ο
3472 1532 3590 1570 mu-

2015 1608 2142 1663 liere
2185 1610 2358 1665 aliena
2390 1623 2439 1667 et
2486 1615 2628 1667 mala
2676 1614 2720 1646 ³⁷
2753 1632 2766 1667 :
2797 1615 2956 1682 eripit
3002 1613 3144 1668 enim
3182 1611 3302 1679 quis
3336 1624 3459 1664 eum
3498 1612 3592 1676 qui

2019 1701 2449 1764 persecutionem
2473 1702 2829 1770 patitursNisi
2868 1711 3284 1772 persequeretur
3310 1696 3590 1767 iniquitas,

2016 1802 2118 1841 non
2157 1789 2381 1845 dixisset
2412 1793 2677 1861 Pr0pheta
2709 1812 2722 1846 :
2751 1794 2793 1857 Α
2841 1795 2954 1847 viro
2996 1795 3177 1861 iniquo
3210 1793 3350 1858 eripe
3393 1804 3475 1843 me
3521 1787 3589 1848 ".

2015 1876 2070 1931 Si
2109 1894 2216 1932 non
2264 1892 2679 1950 persequeretur
2711 1883 2920 1949 credes,
2970 1898 3076 1938 non
3132 1882 3539 1953 pronuntiasset
3575 1895 3591 1931 :

340 1968 410 2021 Εί
440 1966 516 2037 μὴ
550 1966 773 2018 ἐδίωκεν
797 1968 825 2018 ό
858 1965 1036 2035 φόνος,
1066 1966 1166 2020 οὐκ
1190 1967 1257 2019 ἂν
1285 1962 1464 2019 εἶπεν·
1519 1967 1726 2021 Ῥῦσαί
1746 1984 1821 2037 με
1835 1966 1915 2052 ’ἐξ

2035 1966 2202 2022 Libera
2227 1987 2306 2024 me
2335 1972 2397 2024 de
2426 1973 2793 2043 songuiuibus,
2823 1973 3121 2040 Deus,Deus
3145 1972 3335 2025 salutis
3358 1986 3481 2023 mea:
3512 1969 3591 2018 ”.

343 2057 629 2127 αίμάτων,
660 2059 692 2110 ὀ
717 2056 915 2127 Θεὸς,ό
940 2056 1083 2122 Θεὸς
1104 2055 1215 2125 τῆς
1242 2059 1536 2126 σωτηρίας
1551 2076 1691 2127 μου.
1709 2057 1919 2112 Σῶσόν

345 2164 420 2215 με
447 2146 517 2199 ὲκ
563 2146 808 2201 πάντων
834 2146 955 2200 τῶν
981 2146 1313 2201 διωκόντων
1336 2165 1434 2217 με,
1476 2148 1575 2202 καὶ
1600 2149 1791 2217 ῥῦσαί
1819 2165 1917 2218 με.

348 2235 414 2288 Εἰ
450 2235 524 2307 μὴ
558 2234 780 2289 ἐδίωκεν
812 2238 846 2306 ἡ
883 2235 1148 2306 ἁμαρτία,
1194 2237 1294 2290 οὐκ
1324 2237 1390 2291 ἂν
1418 2240 1451 2307 ἡ
1482 2238 1671 2310 Γραφὴ
1697 2239 1773 2302 ὼς
1821 2239 1924 2308 μή-

347 2340 454 2396 τηρ
479 2323 797 2395 ἐνουθέτησε
816 2340 829 2354 ο
868 2324 1105 2388 Τέκνον,
1131 2325 1212 2391 ὡς
1238 2324 1357 2379 ἀπὸ
1385 2325 1708 2395 προσώπου
1735 2327 1924 2395 ὄφεως

350 2416 503 2485 φύγε
528 2415 645 2469 ἀπὸ
677 2415 789 2482 τῆς
817 2416 1122 2485 ἁμαρτίας.
1152 2417 1217 2469 Ei
1241 2418 1316 2488 μὴ
1348 2417 1569 2472 ἐδίωκον
1598 2420 1655 2471 αἱ
1685 2419 1923 2489 ἀνομίαι,

355 2506 449 2558 xui.
482 2505 894 2576 κατελάμϐανον
917 2506 1008 2560 τὸν
1031 2506 1217 2579 ἀργῶς
1251 2507 1386 2575 πρὸς
1414 2507 1614 2578 ἀρετὰς
1642 2509 1926 2580 τρέχοντα,

357 2600 460 2652 οὐκ
482 2598 552 2651 ἂν
574 2600 603 2651 6
630 2598 793 2651 Aa6‘t6
820 2598 1026 2668 ἔλεγεν,
1051 2599 1133 2652 ὅτι
1156 2601 1501 2653 Κατέλαϐόν
1514 2616 1591 2669 με
1607 2602 1668 2653 αἱ
1693 2601 1930 2670 ἀνομίαι

356 2707 501 2759 μου,
526 2690 626 2742 καὶ
650 2692 763 2743 οὐκ
784 2689 1098 2759 ἠδυνήθην
1118 2690 1224 2744 τοῦ
1242 2689 1519 2753 βλέπειν.
1546 2690 1732 2756 Θέλεις
1752 2682 1947 2755 καλῶξ

360 2777 581 2846 φεύγων
615 2777 692 2848 μὴ
736 2779 1149 2850 καταληφθῆναι
1193 2780 1299 2832 ὑπὸ
1347 2779 1455 2834 τῶν
1501 2780 1717 2845 κακῶνς
1769 2780 1932 2849 Λέγει

362 2885 444 2921 σοι
474 2872 508 2940 ἡ
534 2869 725 2940 Γραφή
747 2888 760 2900 ·
789 2870 887 2938 Μὴ
920 2872 1076 2924 ποίει
1101 2871 1274 2937 κακὰ,
1307 2873 1407 2927 καί
1431 2874 1502 2924 οὺ
1535 2871 1620 2938 μή
1658 2886 1733 2925 σε
1759 2888 1934 2927 κατα·

360 2961 518 3029 λάϐῃ
568 2960 744 3014 κακά.
790 2961 1007 3030 Ἐπειδὴ
1049 2961 1157 3031 γάρ
1198 2963 1345 3015 ἐστιν
1395 2963 1611 3033 πνεῦμα
1657 2963 1931 3034 πορνείας,

362 3052 461 3105 καὶ
513 3050 731 3122 πνεῦμα
783 3051 1061 3122 μοιχείας·
1117 3053 1329 3124 πνεῦμα
1376 3054 1651 3125 πορνείας,
1695 3055 1823 3125 περὶ
1871 3047 1932 3107 οὗ

373 3142 535 3212 Ὠσηὲ
568 3117 753 3210 λέγει·
785 3117 1104 3209 ’Πνεῦματι
1147 3117 1430 3212 πορνείας
1450 3117 1893 3214 ’ἐπλανήθησαν
1915 3162 1928 3176 ·
1962 3117 2003 3173 C

362 3231 589 3301 πνεῦμα
632 3231 912 3303 μοιχείαν
941 3232 1051 3286 Καὶ
1088 3233 1448 3302 ἐμοίχευσεν
1489 3234 1598 3288 τὸν
1623 3235 1797 3291 λίθον
1833 3235 1933 3289 καὶ

360 3325 429 3380 τὸ
466 3324 692 3391 ξύλον,
731 3322 820 3376 διὰ
849 3322 917 3376 τὰ
950 3325 1009 3377 ὲν
1054 3324 1238 3388 αὐτοῖς
1271 3325 1579 3397 ὀρχούμενα
1611 3326 1932 3398 πνεύματα·

363 3416 463 3468 καὶ
498 3413 717 3485 πνεῦμα
752 3413 1131 3485 φιλαργυρίας,
1179 3415 1242 3468 τὸ
1289 3415 1473 3485 λέγων
1527 3415 1717 3472 Ταῦτα
1744 3417 1938 3472 πάντα

363 3522 469 3561 σοι
493 3507 690 3571 δώσω,
722 3505 830 3559 ἐὰν
857 3505 1062 3560 πεσὼν
1095 3506 1531 3576 προσκυνήσῃς
1558 3523 1679 3577 μοι’
1697 3507 1940 3561 ἕκαστον

365 3598 478 3651 τῶν
513 3592 767 3667 πονηρῶν
799 3596 1122 3667 πνευμάτων
1157 3597 1245 3650 ἀεὶ
1285 3596 1635 3668 ἐπιτηροῦσιν
1668 3598 1768 3667 τὴν
1810 3596 1940 3650 ὲκάσ

368 3705 498 3742 στου
526 3687 646 3741 ὁδόν
664 3703 679 3718 ο
715 3688 811 3741 καὶ
840 3687 1030 3741 ὁποίαν
1059 3688 1139 3750 είς
1171 3687 1288 3741 ὁδὸν
1321 3688 1595 3760 ἁμαρτίας
1621 3688 1849 3753 νεύσεις,
1882 3689 1944 3742 τὸ

369 3780 596 3850 πνεῦμα
614 3780 714 3850 τῆς
742 3778 1017 3851 ἁμαρτίας
1045 3779 1220 3832 ἐκεῖνό
1254 3796 1311 3832 σε
1337 3778 1521 3832 διώκει
1544 3779 1638 3832 καὶ
1666 3779 1945 3851 συντρέχει

367 3872 452 3941 τῷ
486 3871 873 3942 ἁμαρτάνοντι.
926 3868 988 3922 '0
1030 3870 1230 3932 Ἰούδας
1269 3870 1360 3922 ἐπὶ
1388 3869 1749 3941 φιλαργυρίαν
1781 3868 1945 3923 ὥδευ-

372 3981 491 4024 σεν,
518 3964 615 4017 καὶ
642 3964 672 4015 ὁ
710 3962 954 4026 διάϐολος
982 3962 1131 4033 αύτῷ
1170 3961 1260 4014 διὰ
1286 3961 1646 4033 φιλαργυρίας
1684 3962 1783 4034 τὴν
1813 3979 1948 4035 προ-

369 4052 558 4106 δοσίαν
580 4051 827 4106 ἐνέϐαλεν
847 4068 859 4081 ·
911 4051 1019 4106 Τοῦ
1051 4051 1334 4106 διαϐόλου
1362 4050 1479 4121 ἤδη
1491 4052 1885 4122 ἐμϐεϐηκότος
1902 4052 1948 4084 ³⁸

380 4142 476 4207 εις
532 4139 648 4207 τὴν
700 4139 952 4209 καρδίαν
993 4139 1178 4193 Ἰούδα
1241 4138 1509 4207 Σίμωνος
1549 4139 1951 4206 Ἰσκαριώτου,

371 4233 479 4286 ινα
519 4231 712 4286 αὐτὸν
759 4229 1023 4301 παραδῷ.
1071 4231 1159 4294 Ὠς
1196 4229 1304 4302 γὰρ
1337 4230 1433 4283 ἐὰν
1472 4230 1601 4302 περὶ
1635 4230 1952 4299 φιλοσοφίαν

372 4323 713 4396 ἀσχώηθῇς,
766 4324 795 4375 6
839 4321 1127 4391 φιλόσοφος
1173 4322 1510 4393 συμπράττει
1560 4337 1664 4387 σοι,
1716 4321 1809 4375 καὶ
1856 4320 1953 4374 ἐὰν

2018 2057 2231 2112 Saluum
2279 2075 2358 2112 me
2403 2060 2488 2128 {ac
2530 2076 2595 2113 ea:
2637 2060 2877 2114 omnibus
2930 2058 3351 2129 persequentibus
3408 2072 3507 2119 me,
3548 2066 3593 2109 et

2019 2146 2180 2199 libera
2216 2162 2317 2201 me.
2358 2144 2470 2201 Nisi
2502 2148 2931 2216 persecutionem
2965 2148 3266 2201 concitaret
3294 2153 3595 2215 peccatum,

2021 2252 2293 2305 nunquam
2323 2236 2607 2307 Scriptura
2636 2237 2779 2293 velut
2812 2248 2985 2293 mater
3040 2238 3443 2291 admonuisset:
3467 2231 3598 2289 Fili.

2021 2329 2172 2397 quasi
2198 2345 2232 2382 ιι
2268 2330 2404 2397 facie
2429 2330 2632 2382 colubri
2657 2332 2778 2399 fuge
2805 2347 2834 2382 ιι
2861 2341 3071 2396 peccato
3103 2328 3174 2379 “.
3206 2326 3319 2381 Nisi
3356 2328 3603 2392 inseque-

2028 2428 2212 2474 rentur
2276 2421 2544 2474 hominem
2594 2422 2908 2488 iniquitates
2959 2430 3013 2473 et
3081 2415 3597 2486 comprehenderent

2028 2527 2148 2566 cum
2180 2511 2271 2581 qui
2300 2511 2538 2581 segniter
2572 2511 2638 2564 ad
2690 2513 2922 2564 virtutes
2956 2511 3158 2579 pergit,
3198 2522 3300 2561 non
3332 2506 3445 2558 hzcc
3478 2517 3603 2571 pro;

2032 2602 2241 2658 tulisset
2260 2602 2427 2656 David
2449 2620 2462 2655 :
2486 2600 2997 2668 Conpreltenderuut
3021 2614 3101 2651 me
3127 2596 3431 2664 iniquitates
3448 2607 3601 2651 mem,

2030 2703 2078 2748 et
2113 2709 2214 2748 non
2242 2694 2388 2763 potui
2414 2702 2470 2747 ut
2496 2692 2723 2747 viderem
2765 2690 2835 2748 “.
2867 2689 3031 2745 Visne
3063 2687 3320 2757 prmclarc
3350 2681 3602 2753 fugiendo

2035 2797 2138 2837 non
2178 2780 2561 2850 comprehendi
2613 2795 2642 2834 a
2694 2776 2882 2833 malis?
2935 2778 3100 2830 Docet
3167 2786 3217 2828 te
3274 2774 3599 2842 Scriptura:

2038 2870 2166 2925 Noli
2199 2871 2375 2939 facere
2402 2870 2576 2935 mala;
2624 2881 2670 2924 et
2700 2886 2806 2925 non
2845 2880 2894 2922 te
2937 2866 3317 2937 apprehendeut
3359 2862 3500 2916 maia
3535 2859 3601 2912 “.

2038 2961 2484 3031 Quandoquidem
2537 2961 2681 3016 enim
2719 2969 2803 3015 est
2851 2960 3077 3030 spiritus
3112 2954 3507 3018 fornicationis,
3552 2961 3606 3005 et

2041 3054 2260 3121 spiritus
2317 3051 2859 3120 mtecbizempiritus
2912 3049 3315 3111 fornicationis,
3374 3046 3441 3098 de
3497 3058 3604 3112 quo

2037 3145 2174 3200 Osee
2197 3147 2312 3199 ait:
2342 3142 2548 3212 Spiritu
2604 3142 2966 3213 fornicationis
2997 3141 3197 3194 seducti
3239 3150 3356 3192 sunt
3388 3137 3464 3204 ";
3496 3137 3607 3205 spi-

2038 3236 2177 3290 ritus
2202 3235 2448 3290 mmchim
2472 3252 2485 3288 :
2516 3234 2583 3287 Et
2610 3236 2864 3288 moecham
2895 3243 2967 3287 est
2994 3232 3216 3301 lapident
3239 3243 3286 3286 et
3313 3228 3603 3299 lignum“;

2039 3333 2258 3395 propter
2302 3324 2529 3394 spiritus
2574 3324 2663 3394 qui
2706 3326 2760 3377 in
2800 3323 2906 3378 illis
2959 3322 3217 3376 insultant
3246 3339 3259 3374 :
3292 3330 3346 3373 et
3390 3320 3610 3389 spiritus

2041 3415 2299 3481 avaritia,
2325 3414 2418 3485 qui
2446 3413 2582 3470 dicit
2614 3433 2626 3470 :
2655 3414 2783 3469 lites
2806 3415 2999 3468 omnia
3026 3413 3123 3467 tibi
3152 3414 3309 3478 dabo,
3345 3412 3390 3465 si
3419 3410 3610 3464 cadens

2042 3507 2342 3561 adoraveris
2373 3523 2454 3561 me
2484 3507 2531 3540 η
2560 3525 2572 3561 :
2600 3507 2797 3577 singuli
2830 3506 3091 3562 malorum
3137 3506 3419 3575 spirituum
3473 3516 3613 3557 sem-

2042 3609 2140 3664 per
2171 3598 2430 3667 cujusque
2469 3598 2698 3652 hominis
2744 3598 2885 3650 viam
2917 3597 3209 3651 observant
3238 3615 3252 3650 :
3287 3605 3341 3650 et
3382 3595 3615 3669 adqua-

2045 3690 2364 3761 lemcunque
2412 3692 2618 3761 peccati
2658 3692 2801 3745 viam
2852 3707 3065 3762 vet-gas,
3114 3692 3336 3762 spiritus
3370 3692 3459 3746 ille
3493 3706 3616 3761 pec-

2046 3778 2152 3834 cati
2185 3788 2238 3833 te
2267 3780 2625 3847 persequitur,
2651 3781 3032 3847 concurritqne
3055 3781 3318 3847 peccanti.
3343 3778 3521 3833 ‘Judas
3549 3783 3614 3833 ad

2047 3869 2329 3924 avaritiam
2361 3869 2607 3932 tetendit,
2636 3878 2690 3921 et
2720 3850 2965 3923 diabolus
2997 3869 3045 3921 ei
3075 3883 3170 3936 per
3201 3868 3479 3921 avaritiam
3509 3870 3613 3922 im-

2049 3961 2195 4016 misit
2220 3960 2579 4028 proditionem
2612 3977 2625 4012 :
2656 3960 2789 4012 Cum
2817 3958 3057 4011 diabolus
3081 3959 3194 4028 jam
3224 3959 3522 4012 immisisset
3563 3961 3617 4012 in

2051 4068 2142 4107 cor
2170 4050 2332 4105 ludar
2379 4048 2608 4104 Simonis
2656 4048 2951 4116 lscariotte,
3004 4060 3060 4103 ut
3113 4050 3341 4104 traderet
3396 4067 3511 4105 eum
3543 4051 3612 4105 “.

2027 4181 2032 4186 .
2056 4141 2206 4195 Sicut
2227 4140 2372 4193 enim
2402 4140 2445 4195 si
2474 4139 2758 4209 occuperis
2776 4139 2915 4194 circa
2943 4140 3358 4211 phil050phiam,
3384 4142 3621 4212 philoso-

2053 4235 2193 4302 phus
2218 4231 2434 4302 adjuvat
2466 4239 2550 4297 te;
2594 4231 2638 4285 si
2671 4230 2813 4285 circa
2850 4232 3138 4300 poeticam,
3170 4243 3362 4302 poeta;
3405 4234 3450 4288 si
3474 4235 3620 4289 circa

2056 4323 2535 4388 architectonicen,
2586 4322 2914 4379 architectus
2950 4342 2963 4378 :
2997 4324 3068 4379 ita
3118 4326 3161 4379 si
3203 4326 3538 4396 propendeas
3568 4327 3620 4380 in

375 4416 510 4486 περὶ
544 4411 832 4484 ποιητικὴν
864 4414 891 4466 6
925 4410 1173 4482 ποιητὴς,
1213 4411 1307 4466 καὶ
1348 4410 1440 4465 ἐὰν
1472 4410 1602 4482 περὶ⁵
1636 4408 1935 4478 τεκτονικὴι

2060 4415 2491 4479 fornicatimiem,
2533 4415 2759 4483 spiritus
2783 4415 3161 4472 fornicationis
3185 4408 3463 4471 concurrit
3490 4417 3582 4471 tibi
3606 4434 3621 4478 ;

374 4511 405 4563 6
431 4507 641 4561 τέκτων
657 4522 670 4535 ’
688 4504 860 4567 οὕτως
876 4502 970 4558 ἐὰν
993 4503 1123 4576 περὶ
1146 4503 1400 4575 πορνείαν
1415 4501 1631 4573 νεύσῃς.
1656 4502 1716 4554 τὸ
1735 4501 1935 4572 πνεῦμα

2057 4508 2102 4561 si
2135 4507 2186 4560 in
2218 4507 2560 4577 zelotypiam,
2590 4507 2811 4576 spiritus
2852 4508 3128 4580 zel0typia:
3177 4508 3411 4562 incendit
3438 4517 3507 4563 te.
3541 4506 3622 4570 Si,

377 4598 481 4667 τῆς
517 4596 777 4667 πορνείας
812 4594 1093 4665 συντρέχει
1129 4610 1244 4649 σοι·
1290 4591 1386 4645 ἐὰν
1437 4592 1565 4661 περί
1597 4590 1950 4662 ζηλοτυπίαν,

379 4687 443 4740 τὸ
476 4685 698 4756 πνεῦμα
722 4686 819 4755 τῆς
837 4682 1165 4756 ζηλοτυπίας
1206 4682 1433 4736 ἀνάπτει
1458 4698 1538 4733 σε.
1570 4680 1730 4742 Ἐὰν,
1767 4681 1952 4750 φησὶν,

384 4779 629 4847 γένηται
658 4776 812 4845 γυνὴ
840 4773 1347 4843 ζηλοτυπουμένη,
1377 4773 1474 4826 καὶ
1499 4773 1647 4841 ἔλθῃ
1677 4770 1757 4837 τῷ
1785 4771 1955 4840 ἀνδρὶ

384 4868 576 4938 αὐτῆς
602 4868 841 4938 πνεῦμα
879 4866 1205 4935 ζηλώσεως.
1247 4867 1371 4921 Ἐὰν
1396 4867 1452 4920 δὲ
1486 4867 1613 4937 περὶ
1640 4864 1958 4934 φιλοσοφίαν

384 4962 639 5033 οὐράνιον
682 4960 795 5031 (57)
820 4960 1140 5032 ἀνανεύσῃς,
1180 4958 1241 5012 τὸ
1275 4959 1489 5029 πνεῦμα
1521 4959 1621 5027 τῆς
1656 4957 1845 5027 σοφίας
1878 4973 1960 5011 σοι

387 5049 823 5106 ὲπαναπαύεταν
855 5049 950 5103 ἐὰν
978 5051 1106 5121 περὶ
1134 5049 1368 5112 σύνεσιν,
1400 5050 1460 5102 τὸ
1484 5047 1699 5118 πνεῦμα
1714 5048 1811 5118 τῆς
1837 5064 1960 5100 συνο

388 5142 577 5206 έσεως.
627 5140 738 5199 Καὶ
810 5140 1335 5207 ἐπαναπαύσεται,
1386 5140 1582 5210 φησιν,
1635 5138 1728 5190 ἐπ’
1775 5139 1962 5194 αὐτὸν

461 5281 506 5312 ³⁸
517 5280 685 5336 Forte
715 5281 739 5333 ὲ

2059 4599 2251 4668 inquit,
2283 4600 2471 4655 mulier
2498 4615 2589 4669 per
2634 4599 2939 4669 zelatgpiam
2980 4608 3219 4668 suspecta
3255 4598 3411 4668 fuerit
3455 4600 3624 4659 impu-

2062 4688 2276 4752 dicitite,
2301 4706 2364 4741 ac
2389 4689 2579 4743 venerit
2601 4689 2709 4741 viro
2725 4687 2836 4755 ejus
2857 4688 3068 4756 spiritus
3092 4686 3359 4754 selotypite
3383 4683 3449 4737 ⁵⁷.
3474 4682 3624 4748 Quod

2062 4781 2107 4835 si
2137 4781 2203 4834 ad
2250 4781 2524 4836 caelestem
2581 4780 2972 4848 philosophiam
3020 4776 3369 4848 suspexeris,
3410 4774 3630 4842 spiritus

2064 4854 2344 4941 sapientia:
2388 4872 2677 4940 requiescit
2720 4885 2882 4940 super
2935 4880 3016 4937 te;
3063 4871 3107 4924 si
3156 4869 3220 4923 ad
3274 4867 3670 4925 iutellectum,‘

2067 4963 2291 5032 spiritus
2325 4962 2651 5016 intellectus.
2686 4962 2750 5015 Et
2776 4962 3071 5030 requiescet,
3113 4961 3305 5027 inquit,
3332 4973 3486 5027 super
3513 4973 3630 5011 eum

2065 5034 2279 5120 spiritus
2326 5052 2597 5119 sapientitz
2639 5064 2685 5105 et
2729 5051 3042 5116 intellectus,
3094 5051 3309 5118 spiritus
3352 5046 3556 5101 consilii
3584 5057 3630 5098 et

2066 5144 2411 5213 fortitudinis,
2471 5144 2682 5211 spiritus
2738 5142 2967 5197 scientia:
3009 5149 3055 5195 et
3117 5140 3355 5208 pietatis;
3419 5138 3633 5195 spiritus

748 5279 1131 5351 μὸεὸληκότος.
1191 5282 1232 5351 ξτ
1262 5280 1422 5334 Prov.
1452 5295 1551 5351 vn.
1575 5278 1629 5351 4.
1664 5280 1708 5351 δέ
1727 5278 1865 5334 Psal.
1894 5295 1935 5334 c:

2038 5297 2113 5341 ιι,
2137 5277 2193 5351 ᾖ.
2218 5277 2277 5351 _'_’
2298 5275 2438 5351 Psal.
2464 5291 2517 5338 ι.,
2547 5273 2632 5351 iii.
2673 5273 2727 5351 _‘_°
2753 5271 3125 5351 {Coelium}.
3189 5270 3244 5351 [ξ’
3267 5268 3419 5351 _l“sal.
3448 5283 3633 5351 xxxiii.

400 5351 484 5406 £3.
565 5350 609 5381 ⁵²
652 5338 813 5406 Εεὲιι.
838 5338 951 5415 νιιξ
980 5352 1033 5408 t.
1091 5338 1149 5383 ἠ
1174 5350 1299 5406 Ose.
1331 5365 1406 5415 tv,
1436 5349 1517 5403 12.
1595 5350 1641 5381 ιδ
1676 5348 1874 5404 Jerem.
1904 5364 1984 5414 ιιι,
2012 5353 2065 5407 9.
2102 5338 2110 5341 ’
2142 5347 2186 5379 ⁸⁵
2217 5346 2401 5400 Matth.
2437 5358 2507 5407 iv,
2541 5346 2593 5400 9.
2671 5344 2717 5375 “
2742 5341 2897 5397 loau.
2932 5340 3109 5405 xnt,2.
3187 5340 3229 5370 "
3265 5338 3420 5393 Num.
3461 5354 3513 5403 v,
3548 5339 3632 5392 14.

468 5481 581 5554 (57)
650 5476 1024 5552 Φιλοσοφίαν
1093 5460 1394 5552 οὐράνιον.
1476 5481 1676 5554 Nomen
1723 5483 1958 5551 ,φιλοσο-

397 5552 528 5620 φίας
572 5562 627 5605 et
665 5553 1036 5622 philosophiae,
1076 5555 1140 5607 de
1173 5555 1372 5621 pietate
1421 5560 1473 5607 et
1512 5552 1771 5619 religione
1809 5569 1967 5607 usur—

2071 5492 2336 5539 sectarum
2398 5480 2738 5534 Judaiearum
2791 5477 2994 5529 mentio
3046 5475 3104 5530 lit
3164 5490 3259 5543 per
3311 5474 3634 5543 Josephum;

2073 5555 2212 5621 apud
2245 5566 2402 5618 quem
2434 5552 2498 5603 ad
2531 5551 2688 5621 linem
2714 5562 2834 5613 cap.
2865 5545 2922 5610 2,
2958 5544 3051 5599 lib.
3090 5561 3218 5599 M’tll
3264 5546 3516 5615 Antiquit.
3547 5561 3637 5616 φι-

399 5619 528 5699 paut
554 5619 674 5675 tam
696 5619 1053 5699 sa_ct_'i,'quam
1075 5619 1282 5693 profani
1318 5624 1639 5699 scriptores,
1658 5633 1715 5699 ut
1739 5639 1764 5675 a
1794 5623 1967 5677 doctis
2074 5619 2316 5692 λοσὸφων
2351 5621 2486 5675 male
2516 5619 2714 5674 editum
2743 5626 3040 5689 comparet.

403 5692 536 5745 viris
566 5692 842 5773 διεῖλε-ῐυίι
880 5692 1223 5747 observatum
1245 5710 1271 5773 ε.
1295 5702 1349 5746 et
1379 5692 1837 5762 philosonhiarum
1874 5706 1967 5746 seu
