4024 6208
527 260 621 348 η’
1759 295 1817 351 s.
1858 295 2061 351 ASTEF

2172 298 2472 355 AMASEN]
3627 304 3736 360 472

491 409 692 463 timoris
721 408 814 461 Dei
844 406 1054 477 replebit
1083 423 1197 460 eum
1218 407 1282 459 “.
1301 437 1372 446 —
1393 403 1685 474 Neqttando
1705 408 1871 475 rapiat
1897 418 1950 460 ut
1986 408 2061 462 lea

2168 410 2401 477 πνεῦμα
2436 410 2657 478 σοφίας
2702 408 2799 463 καὶ
2847 408 3154 476 συνέσεως
3169 451 3185 473 ,
3228 412 3463 481 πνεῦμα
3488 414 3737 485 ,βουλῆς

490 499 722 552 animum
761 515 947 551 meam.
982 497 1239 560 Observa,
1280 499 1422 565 quod
1466 513 1495 549 a
1546 497 1789 567 pluribus
1817 500 2059 566 personis

2165 500 2264 552 καὶ
2312 501 2525 567 ἰσχύος
2542 539 2556 559 .
2604 500 2838 567 πνεῦμα
2889 499 3164 569 γνώσεως
3223 502 3321 555 καὶ
3381 505 3692 574 εὐσεϐείας
3717 525 3734 537 ·

492 590 544 643 in
575 606 731 641 unam
763 590 993 642 transiit.
1031 588 1161 643 Cum
1202 589 1343 641 enim
1375 587 1602 643 dixisset
1633 588 1767 646 :Ea;
1819 588 2057 642 omnibus

2166 591 2398 660 πνεῦμα
2423 593 2610 660 φόϐου
2644 592 2791 646 Θεοῦ
2825 592 3122 662 ἐμπλήσει
3150 593 3356 648 αὐτόν.
3399 625 3469 635 -
3491 597 3742 666 Μήποτε

490 680 907 749 persequentibus
936 696 1014 733 me
1038 678 1201 732 libera
1235 694 1345 742 me;
1377 693 1481 732 non
1512 676 1692 732 intulit
1720 696 1733 732 :
1764 676 2058 748 Nequando

2167 681 2412 751 ἁρπάσῃ
2440 683 2521 748 ὡς
2556 682 2712 738 λέων
2751 682 2866 748 τὴν
2893 684 3106 753 ψυχήν
3137 702 3278 754 μου.
3306 686 3608 760 Ἐπιτήρει,
3648 692 3740 743 ὅτι

489 773 694 836 rapiant
728 782 783 823 ut
814 771 983 829 leones
1012 773 1242 825 animam
1273 786 1479 833 meam;
1517 772 1629 833 sed,
1670 780 1725 823 ut
1754 771 1852 825 leo.

2167 774 2278 827 ἀπὸ
2303 774 2411 828 τῶν
2438 774 2646 828 πολλῶν
2672 774 2978 847 προσώπων
3026 775 3109 841 εἰς
3135 775 3195 831 ἓν
3222 779 3614 851 μεταϐέϐηκεν.
3640 783 3740 835 Ei-

491 864 604 916 πῖυν
669 862 797 934 γὰρ.
842 864 936 917 Ἐκ
976 863 1218 921 πάντων
1249 864 1368 918 τῶν
1414 864 1755 918 διωκόντων
1789 881 1866 933 με
1903 863 2095 931 ῥῦσαί
2126 883 2220 934 με,
2266 868 2369 921 οὐκ
2407 863 2579 933 εἶπεν,
2615 868 2838 939 Μήποτε
2883 868 3205 940 ἁρπάσωσιν
3242 869 3318 933 ὡς
3355 870 3566 937 λέοντες
3632 875 3740 944 τὴν

485 959 665 1028 ψυχήν
691 976 812 1028 μου,
845 958 959 1011 ἀλλ’
985 960 1066 1024 ὡς
1092 959 1269 1015 λέωνι

558 1055 623 1106 Et
648 1067 818 1122 quare
864 1068 893 1106 a
936 1053 1121 1109 multis
1170 1054 1418 1122 personis
1461 1055 1512 1108 in
1561 1069 1720 1107 unam
1772 1069 2055 1123 personam

490 1144 697 1213 redegit
743 1145 1043 1200 malitiam?
1089 1144 1549 1211 Quemadmodum
1596 1146 1648 1199 in
1691 1146 1844 1200 bellis
1877 1146 2058 1200 multi-

492 1233 620 1288 tudo
677 1214 1032 1293 barlmrorum
1088 1243 1360 1296 armatur.
1424 1235 1602 1288 cuncti
1661 1244 1840 1288 autem
1898 1236 2056 1289 unius

490 1335 705 1389 nutum,
763 1328 906 1394 regis
951 1339 1045 1381 ant
1090 1327 1332 1397 tyranni,
1378 1333 1698 1393 sequuntur,
1744 1334 1796 1380 et
1827 1325 1942 1379 sine
1971 1325 2061 1379 illo

493 1418 776 1471 multitudo
823 1419 994 1473 aciem
1056 1417 1409 1486 nescit:pari
1456 1417 1614 1470 modo
1656 1417 1780 1485 quia
1807 1416 2059 1469 Davidem

486 1510 637 1579 juxta
691 1526 908 1564 sensum
967 1512 1183 1580 quidem
1225 1508 1606 1579 impugnabant
1647 1508 1844 1561 milites
1873 1518 1924 1561 et
1956 1506 2065 1560 Ab-

489 1599 683 1663 salom,
710 1600 864 1669 juxta
922 1599 1244 1655 intellectum
1270 1614 1400 1654 vero
1420 1600 1691 1654 daemones
1716 1607 1773 1653 et
1800 1599 2063 1660 diabolus;

490 1692 743 1757 quoniam
798 1693 1028 1747 hostium
1094 1692 1378 1746 multitudo
1426 1692 1545 1745 sine
1588 1689 1723 1745 duce
1769 1690 1903 1743 nihil
1952 1696 2058 1749 est,
2095 1674 2133 1728 Β

492 1777 697 1829 leonem
751 1793 969 1841 vocans,
1018 1778 1142 1831 hinc
1185 1778 1556 1842 Absalomum,
1596 1777 1741 1830 illinc
1766 1776 2056 1837 diabolum,

492 1870 745 1933 precatur
769 1879 782 1915 :
810 1859 1103 1930 Nequaudo
1129 1862 1299 1921 rapiat
1327 1870 1381 1914 ut
1413 1861 1492 1914 leo
1515 1862 1746 1913 animam
1777 1876 1967 1913 meam.

558 2034 710 2098 Quod
733 2043 909 2089 autem
936 2035 1143 2090 leonem
1191 2035 1834 2105 appelluitAbsalomum
1867 2045 1920 2091 et
1946 2035 2059 2089 diu-

485 2121 941 2180 bolunmleclarat
964 2125 1014 2177 in
1041 2125 1249 2193 psalmo
1280 2140 1443 2191 nono,
1465 2128 1549 2181 his
1569 2126 1749 2180 verbis
1774 2143 1787 2180 :
1822 2125 2057 2179 Insidia-

488 2211 639 2264 turin
654 2209 1145 2283 abscondit0,quasi
1173 2214 1257 2269 leo
1273 2216 1328 2269 in
1351 2216 1597 2281 spelunca
1620 2232 1722 2269 sua
1752 2216 1820 2281 "’,
1865 2230 2059 2284 nempe

487 2301 802 2355 diabolusin
821 2302 1051 2357 subditis
1076 2304 1175 2357 sibi
1197 2305 1507 2361 hominibus
1534 2305 1887 2368 delitescens;
1930 2319 2058 2359 nec-

490 2404 593 2441 non
623 2389 873 2442 Ahsalom
907 2390 960 2443 in
990 2390 1094 2444 illis
1121 2391 1211 2459 qui
1243 2407 1365 2446 cum
1380 2407 1446 2446 eo
1481 2391 1976 2446 defeceruntlatere
1995 2406 2057 2445 se

487 2491 683 2549 putans
709 2500 722 2536 :
756 2481 1052 2537 lnsidiatur
1090 2493 1148 2537 ut
1171 2484 1339 2552 rapiat
1377 2498 1695 2551 pauperem;
1717 2498 1897 2552 rapere
1922 2499 2059 2552 pau-
2106 2518 2111 2521 μ

493 2587 668 2638 perem
698 2574 822 2626 dum
859 2573 1078 2629 attrahit
1121 2590 1259 2628 eum.
1293 2574 1348 2629 Si
1380 2573 1447 2628 de
1475 2572 1586 2627 fera
1622 2572 1776 2628 leone
1807 2572 2058 2642 loquere-

489 2675 596 2728 tur,
641 2666 987 2734 quandonam
1028 2667 1114 2720 leo
1162 2681 1452 2736 pauperem
1486 2681 1548 2719 ac
1592 2665 1814 2720 divitem
1852 2664 2057 2720 discer-

486 2768 618 2809 nere
658 2756 872 2824 potest?
912 2755 1102 2811 Nonne
1134 2757 1185 2809 in
1226 2757 1369 2810 hunc
1397 2764 1453 2809 et
1486 2755 1634 2811 illum
1671 2755 1952 2823 mqualiter
1979 2755 2061 2808 in-

490 2845 646 2898 silit?
703 2844 809 2899 Per
870 2846 1080 2899 leonem
1150 2846 1317 2916 igitur
1377 2845 1649 2899 diabolum
1718 2847 2057 2916 significavit,

487 2952 612 2991 cum
644 2935 778 2989 dixit
806 2954 818 2988 :
852 2933 1145 3006 Nequando
1184 2936 1358 3003 rapiat
1397 2944 1453 2988 ut
1495 2935 1575 2989 leo
1606 2936 1838 2989 animam
1866 2952 2055 2990 meam.

485 3026 555 3081 Et
581 3042 680 3080 cur
708 3027 791 3080 leo
823 2999 1103 3081 diabolus?
1155 2999 1270 3081 Non
1314 3033 1537 3093 propter
1583 3026 1788 3102 regiam
1833 2999 2128 3093 dignita-c

489 3130 617 3180 tem,
649 3119 742 3173 sed
775 3126 990 3188 propter
1020 3119 1356 3189 tyrannicam
1395 3116 1546 3184 vim;
1578 3116 1684 3179 leo,
1723 3131 1827 3170 non
1852 3117 1919 3171 ob
1958 3116 2062 3172 for-

488 3210 796 3271 titudinem,
829 3212 921 3264 sed
950 3209 1018 3262 ob
1051 3208 1426 3277 rapacitatem.
1483 3206 1595 3262 Leo
1625 3221 1687 3261 os
1721 3207 1883 3262 habet
1930 3205 2058 3262 feti-

487 3304 615 3355 dum
647 3309 703 3354 et
734 3298 1299 3366 graveolentissimum
1325 3317 1341 3353 :
1376 3298 1497 3352 talis
1519 3306 1605 3352 est
1632 3296 1902 3363 diabolus,
1935 3298 2057 3367 quia

489 3391 854 3461 blasphemias
899 3398 1148 3456 eructat,
1182 3398 1237 3443 et
1264 3388 1487 3442 deorum
1519 3387 1866 3442 multitudine
1897 3387 2055 3442 fetet.

487 3484 596 3543 Leo
632 3482 829 3537 dormit
871 3482 1072 3550 apertis
1109 3480 1314 3544 oculis;
1365 3479 1635 3534 daemones
1695 3490 1752 3532 et
1790 3464 2056 3543 diabolus.

489 3575 745 3644 pietatem
792 3583 848 3626 et
894 3572 1326 3627 moderationem
1369 3570 1474 3625 etsi
1519 3569 1792 3632 simulent,
1839 3580 2059 3639 apertos

485 3664 671 3721 oculos
714 3664 916 3724 habent
961 3663 1027 3717 ad
1085 3662 1368 3727 malitiam,
1421 3662 1564 3717 sicut
1623 3663 1881 3732 scriptum
1936 3674 2056 3719 est:

489 3754 616 3812 Non
648 3757 786 3809 enim
818 3770 1058 3813 somnum
1081 3756 1308 3824 capient,
1352 3754 1515 3808 donec
1544 3754 1891 3824 malefecerint
1913 3756 2060 3812 ιθ.οι

487 3862 618 3916 ergo
662 3846 998 3916 ostenderet,
1046 3859 1151 3900 non
1186 3844 1256 3900 de
1286 3843 1531 3899 sensibili
1561 3844 1715 3899 leone
1740 3846 2058 3901 disseruisse

486 3953 565 4004 se,
593 3938 688 3994 sed
715 3938 782 3992 de
809 3936 1151 4007 intelligihili,
1197 3952 1301 3990 non
1335 3936 1509 3991 dixit:
1534 3936 1836 4006 Neqnando
1884 3938 2060 4006 rapiat

484 4029 570 4085 leo
598 4030 831 4083 animam
851 4043 1055 4083 meam:
1078 4030 1196 4092 sed,
1232 4026 1528 4099 Nequando
1556 4029 1724 4097 rapiat
1742 4040 1796 4082 ut
1824 4028 1903 4084 leo
1932 4031 2054 4083 ani-

482 4139 624 4177 mam
660 4137 852 4175 meam.
880 4121 1050 4177 Porro
1080 4120 1190 4175 fera
1248 4121 1331 4177 leo
1366 4121 1599 4193 animam
1627 4136 1818 4190 rapere
1846 4122 2052 4192 nequit.

482 4217 742 4285 Quodque
772 4214 982 4269 leonum
1005 4216 1259 4284 pabulum
1284 4229 1507 4284 corpora
1534 4214 1664 4277 sint,
1700 4230 1805 4269 non
1827 4206 2048 4279 animae,

488 4314 715 4358 testatur
761 4303 968 4368 Daniel,
1013 4319 1135 4358 cum
1176 4304 1242 4359 de
1289 4312 1495 4373 septem
1545 4304 1790 4359 leonibus
1838 4305 1914 4358 ait
1942 4323 1955 4358 :
1983 4306 2050 4360 Et
2087 4341 2131 4396 ι)

483 4407 634 4451 erant
667 4398 722 4451 in
750 4397 870 4450 lacu
903 4406 1092 4463 septem
1121 4395 1328 4461 leones;
1360 4404 1408 4449 et
1428 4397 1691 4450 dabantur
1713 4398 1787 4451 eis
1814 4399 2046 4467 quotidie

482 4489 589 4542 duo
622 4504 844 4555 corpora
894 4496 942 4540 et
983 4488 1101 4540 dua:
1138 4503 1252 4540 oves
1282 4487 1324 4518 “
1352 4504 1367 4541 :
1402 4501 1633 4555 corpora
1662 4497 1718 4542 et
1749 4503 1898 4554 oves,
1945 4506 2050 4544 non

484 4589 664 4632 autem
710 4578 985 4633 hominum
1042 4577 1252 4631 animae.
1309 4576 1600 4645 Nequando
1644 4581 1814 4647 rapiat
1865 4590 1918 4632 ut
1975 4581 2053 4634 leo

483 4673 718 4726 animum
766 4687 956 4731 meum.
994 4668 1063 4723 Et
1089 4684 1196 4738 quo
1231 4668 1389 4723 modo
1420 4669 1561 4737 rapit
1588 4669 1713 4724 leo?
1780 4670 1916 4724 Dum
1953 4688 2054 4725 non

2235 1054 2346 1107 Καὶ
2370 1053 2458 1107 διὰ
2482 1053 2533 1107 τί
2553 1055 2618 1106 ἐκ
2650 1052 2859 1107 πολλῶν
2892 1052 3197 1125 προσώταον
3236 1054 3316 1117 εἰς
3350 1054 3408 1106 ἐν
3436 1055 3740 1126 πρόσωπον

2162 1146 2262 1216 τὴν
2293 1145 2492 1199 κακίαν
2535 1145 2930 1217 περιέστησενς
2959 1145 3166 1216 Ὥσπερ
3208 1147 3267 1198 ὲν
3310 1147 3424 1208 τοῖς
3469 1146 3744 1216 πολέμοις

2162 1236 2363 1308 πλῆθος
2393 1235 2682 1308 βαρϐάρων
2724 1233 3025 1300 ὁπλίζεται,
3060 1239 3108 1290 οἱ
3146 1236 3347 1301 πάντες
3370 1237 3428 1291 δὲ
3471 1237 3561 1291 τοῦ
3612 1241 3746 1303 ἑνὸς

2163 1326 2408 1397 νεύματι,
2434 1324 2528 1379 τοῦ
2554 1325 2723 1398 ρηγδς
2745 1325 2874 1395 (58),
2976 1325 3070 1379 τοῦ
3096 1326 3355 1397 τυράννου
3374 1327 3616 1389 ἕπονται,
3636 1328 3746 1383 καὶ

2164 1420 2290 1474 ἄνευ
2321 1419 2528 1471 ἐκείνου
2562 1419 2622 1471 τὸ
2675 1418 2877 1488 πλῆθος
2919 1420 3018 1472 οὐκ
3055 1417 3177 1473 οἶδε’
3196 1419 3527 1492 παράταξινο
3553 1420 3747 1485 οὕτως

2166 1509 2353 1579 ἐπειδὴ
2390 1509 2482 1561 τὸν
2525 1509 2690 1562 Δαϐὶδ
2725 1510 2843 1561 κατ’
2875 1508 3123 1579 αἷσθηςιν
3175 1510 3273 1579 μὲν
3328 1511 3450 1564 suo)
3464 1509 3624 1580 ἐμιυν
3682 1512 3747 1564 οἱ

2169 1598 2497 1670 στρατιῶται
2522 1600 2615 1653 καὶ⁵
2639 1600 2669 1651 6
2709 1599 3045 1669 Ἀϐεσαλὼμ,
3064 1598 3206 1652 κατὰ
3226 1598 3351 1652 νοῦν
3382 1600 3440 1663 δὲ
3462 1600 3508 1654 οἱ
3538 1602 3743 1673 ’δαίμο-

2162 1708 2250 1751 νες
2292 1692 2386 1744 καὶ
2430 1692 2459 1742 6
2507 1690 2781 1754 διάϐολος·
2829 1689 3012 1761 ἐπειδὴ
3047 1690 3111 1743 τὸ
3142 1690 3345 1761 πλῆθος
3373 1690 3480 1745 τῶν
3519 1692 3741 1765 ἐχθρῶν

2160 1781 2286 1835 ἄνευ
2320 1780 2413 1835 τοῦ
2448 1782 2714 1853 ἡγεμόνος
2747 1781 2897 1835 οὐδέν
2927 1783 3093 1845 ἐστιν,
3121 1781 3309 1835 λέοντα
3343 1783 3546 1847 καλῶν,
3576 1783 3740 1838 ἐνθεν

2160 1875 2251 1927 τὸν
2289 1872 2630 1943 Ἀϐεσαλὼμ,
2664 1873 2917 1927 κάκεῖθεν
2949 1873 3040 1926 τὸν
3077 1872 3339 1939 διάϐολον,
3386 1874 3696 1945 παρακαλεῖ
3721 1892 3737 1905 ·

2159 1965 2400 2031 Μήποτε
2433 1962 2678 2032 ἁρπάσῃ
2704 1964 2780 2029 ὡς
2804 1965 2962 2017 λέων
2986 1963 3101 2031 τὴν
3132 1965 3342 2033 ψυχήν
3350 1983 3489 2034 μου.

2229 2052 2338 2105 Καὶ
2382 2052 2462 2104 ὅτι
2504 2050 2695 2104 λέοντα
2731 2051 2822 2104 τὸν
2872 2050 3191 2121 Ἀϐεσαλὼμ
3222 2052 3316 2104 καὶ
3348 2052 3440 2104 τὸν
3488 2051 3740 2105 διάϐολον

2158 2140 2362 2208 ἔλεγεν,
2391 2141 2541 2210 δηλοῖ
2572 2142 2629 2193 ἐν
2656 2140 2732 2211 τῷ
2756 2140 2928 2211 ἐνάτῳ
2954 2140 3377 2211 ψαλμῷ,εἰπών·
3411 2143 3740 2210 Ἐνεδρεύει

2157 2232 2228 2285 ἐν
2258 2231 2605 2300 ἀποκρύφῳ,
2638 2231 2719 2295 ὡς
2752 2228 2909 2283 λέων
2943 2230 3013 2283 ἐν
3062 2228 3139 2299 τῇ
3172 2230 3408 2300 μάνδρᾳ
3450 2233 3635 2286 αὐτοῦ
3660 2251 3676 2262 ·
3706 2232 3742 2286 6

2163 2323 2262 2391 μὲν
2318 2320 2562 2384 διάϐολος
2613 2322 2671 2372 ὲν
2718 2323 2831 2384 τοῖς
2904 2320 3174 2390 ὑπηκόοις
3216 2322 3381 2376 αὑτοῦ
3425 2323 3742 2396 ἀνθρώποις

2159 2410 2568 2482 κρυπτόμενος·
2603 2412 2631 2462 6
2661 2409 2717 2462 δὲ
2757 2408 3078 2480 ’Δϐεσαλὼμ
3125 2414 3183 2464 ὲν
3224 2414 3334 2475 τοῖς
3391 2429 3740 2467 συναποσταρ

2161 2503 2409 2559 σιάσασιν
2446 2501 2594 2572 αὐτῷ
2621 2500 2902 2555 λανθάνειν
2934 2500 3213 2572 οἰόμενος·
3261 2501 3587 2570 Ἔνεδρεύει
3622 2502 3740 2558 τοῦ

2159 2592 2423 2660 ἁρπάσαι
2469 2590 2726 2661 πτωχὸν,
2755 2589 3021 2659 ἁρπάσαι
3069 2590 3306 2660 πτωχὸν
3334 2591 3404 2644 ἐν
3445 2591 3525 2657 τῷ
3552 2591 3739 2648 sua-

2160 2698 2264 2736 σαι
2301 2683 2507 2737 αὐτόν.
2539 2682 2649 2736 Καὶ
2676 2684 2725 2735 εἰ
2785 2681 2912 2752 περὶ
2940 2680 3033 2734 τοῦ
3059 2681 3247 2753 θηρίου
3271 2680 3364 2735 τοῦ
3390 2681 3601 2745 λέοντος
3617 2682 3739 2735 ἔλε-

2159 2787 2272 2839 γεν,
2300 2771 2395 2823 καὶ⁵
2422 2770 2551 2823 πότε
2583 2773 2611 2823 6
2642 2770 2780 2823 λέων
2818 2770 3034 2841 πτωχὸν
3084 2771 3176 2823 καὶ
3216 2768 3420 2840 πένητα
3441 2771 3486 2803 ⁸⁸
3521 2770 3737 2841 διακρῐο

2161 2875 2248 2911 ναι
2281 2858 2505 2912 δύναται
2529 2877 2543 2924 ;
2570 2859 2706 2929 Οὐχὶ
2729 2858 2786 2911 δὲ
2820 2858 2995 2930 τούτῳ
3020 2858 3256 2929 κάκείνῳ
3288 2859 3481 2928 ἐπίσης
3506 2859 3739 2928 ἐφάλλε-

2160 2966 2277 3013 ται;
2312 2950 2516 3003 Λέοντα
2539 2944 2632 3004 οὗν
2662 2948 2753 3003 τὸν
2774 2950 3019 3003 διάϐολον
3059 2949 3344 3021 ἐδήλωσεν,
3377 2950 3574 3004 εἰπών·
3605 2950 3738 3016 Μή-

2161 3054 2307 3094 ποτε
2331 3039 2577 3109 ἁρπάσῃ
2599 3041 2680 3107 ὡς
2698 3040 2854 3108 λέων
2887 3040 3002 3108 τὴν
3027 3039 3238 3109 ψυχήν
3256 3057 3398 3110 μου.
3426 3041 3535 3093 Καὶ
3559 3040 3650 3093 διὰ
3676 3040 3735 3092 τί

2160 3133 2295 3186 λέων
2326 3135 2355 3186 6
2380 3132 2660 3197 διάϐολος;
2694 3134 2769 3187 Οὐ
2801 3133 2890 3186 διὰ
2928 3133 2991 3186 τὸ
3026 3131 3324 3202 βασιλικὸν,
3367 3133 3504 3187 ἀλλὰ
3538 3133 3627 3186 διὰ
3668 3132 3735 3186 τὸ

2170 3226 2527 3298 τυραννικόνο
2571 3225 2707 3278 λέων
2750 3226 2810 3278 οὐ
2843 3224 2934 3278 διὰ
2971 3224 3034 3278 τὸ
3077 3224 3311 3296 ἰσχυρὸν,
3355 3223 3490 3278 ἀλλὰ
3534 3224 3622 3278 διὰ
3668 3225 3736 3278 τὸ

2159 3316 2517 3388 άρπακτικόν.
2555 3314 2705 3368 Δέων
2751 3314 2924 3385 στόμα
2970 3314 3082 3385 ἔχει
3144 3313 3421 3385 βρομῶδες
3466 3315 3561 3368 καὶ
3604 3315 3734 3367 δυσ-

2162 3408 2463 3461 ιοδέστατον
2480 3424 2495 3437 ·
2520 3406 2760 3470 τοιοῦτος
2780 3407 2809 3459 6
2830 3405 3092 3470 διάϐολος,
3129 3404 3473 3477 βλασφημίας
3505 3406 3733 3478 ἐρευγόο

2163 3514 2341 3567 μενος,
2375 3497 2471 3550 καὶ
2499 3499 2567 3568 τῇ
2596 3495 2856 3567 Μλυθεῖα
2920 3496 3157 3567 βρομῶν.
3197 3496 3256 3548 '0
3279 3493 3414 3557 λέων
3454 3495 3736 3549 καθεύδων

2169 3586 2547 3656 ἡνεῳγμένους
2572 3584 2686 3656 ἔχει
2717 3586 2841 3648 τοὺς
2863 3582 3174 3655 ὀφθαλμούς
3196 3600 3211 3613 ·
3244 3584 3339 3636 καὶ
3383 3584 3433 3635 οἱ
3479 3582 3734 3652 δαίμονες

2162 3680 2256 3731 καὶ
2297 3680 2326 3731 6
2359 3677 2624 3743 διάϐολος,
2675 3677 2957 3756 εὐλάϐειαν
2994 3677 3089 3729 καλ⁸
3120 3676 3416 3729 ἐπιείκειαν
3442 3672 3733 3744 ὑποκρινό-

2163 3785 2336 3837 μενοι,
2390 3770 2770 3841 ήνεῳγμένοος
2798 3770 2924 3831 τοὺς
2978 3766 3287 3838 ὀφθαλμοὺς
3341 3766 3478 3838 πρὸς
3529 3766 3731 3819 κακίαν

2157 3856 2402 3927 ἔχουσινδ
2445 3858 2521 3922 ὡς
2565 3856 2901 3926 γέγραπταιο
2938 3858 3020 3910 Οὐ
3050 3854 3158 3926 γὰρ
3182 3854 3268 3925 μὴ
3312 3853 3731 3919 ὑπνώσουσιν,

2154 3949 2266 4016 ἕως
2296 3946 2370 4006 οὗ
2395 3950 2903 4019 κακοποιήσωσιν.
2940 3942 3057 4004 ’Ἶνα
3081 3945 3174 4004 οὖν
3200 3948 3370 4022 δείξῃ,
3401 3949 3484 4002 ὅτι
3507 3948 3569 4001 οὗ
3603 3947 3734 4019 περὶ

2156 4043 2416 4116 αἰσθητοῦ
2449 4044 2682 4109 λέοντος,
2716 4043 2853 4098 ἀλλὰ
2876 4045 3005 4116 περὶ
3035 4043 3128 4097 τοῦ
3165 4042 3358 4114 νοητοῦ
3384 4041 3593 4110 ἔλεγεν,
3629 4041 3732 4094 οὐκ

2156 4131 2307 4189 εἶπεν
2326 4152 2342 4167 ο
2370 4136 2598 4207 Μήποτε
2621 4136 2841 4207 ἁρπάσῃ
2861 4136 2889 4188 6
2918 4136 3058 4189 λέων
3083 4136 3179 4206 τὴν
3200 4134 3378 4205 ψυχήν
3406 4151 3508 4204 μου
3527 4152 3541 4164 ο
3569 4132 3729 4197 ἀλλά,

2154 4226 2399 4296 Μήποτε
2430 4226 2670 4296 ἁρπάσῃ
2697 4226 2778 4293 ὡς
2812 4225 2971 4281 λέων
3012 4225 3128 4294 τὴν
3170 4225 3383 4295 ψυχήν
3405 4243 3548 4295 μου.
3579 4227 3734 4279 Λέων

2154 4314 2211 4367 δὲ
2253 4313 2315 4367 τὸ
2353 4313 2539 4384 θηρίον
2586 4314 2762 4385 ψυχὴν
2810 4314 3077 4386 ἁρπάζειν
3118 4316 3218 4368 οὐκ
3276 4309 3436 4367 οἶδεν.
3488 4315 3602 4368 Καὶ
3649 4317 3733 4368 δτι

2154 4404 2382 4459 λεόντων
2411 4405 2639 4476 σώματά
2663 4408 2801 4460 εἰσιν
2826 4406 2921 4461 καὶ
2941 4406 3002 4460 οὐ
3027 4405 3195 4477 ψυχαὶ
3221 4407 3254 4475 ὴ
3289 4405 3483 4477 τροφὴ,
3521 4407 3733 4476 μάρτυς

2155 4497 2184 4548 6
2213 4494 2430 4567 Δανιὴλ,
2472 4497 2602 4568 περὶ
2628 4496 2737 4550 τῶν
2769 4496 2911 4551 ἑπτά
2945 4497 3176 4551 λεόντων
3201 4496 3400 4551 εἰπών·
3433 4498 3542 4551 Καὶ
3570 4493 3735 4565 ἦσαν

2156 4584 2226 4636 ἐν
2258 4583 2337 4649 τῷ
2385 4585 2591 4651 λάκκῳ
2627 4585 2777 4640 ἑπτὰ
2815 4586 3080 4655 λέοντες,
3120 4586 3219 4641 καὶ
3255 4587 3482 4641 ἐδίδοτο
3522 4587 3735 4655 αὐτοῖς

2163 4677 2289 4728 καθ’
2317 4675 2585 4745 ἑκάστην
2615 4678 2845 4746 ἡμέραν
2888 4677 2997 4733 δύο
3028 4678 3272 4748 σώματα
3318 4681 3413 4735 καὶ
3445 4679 3552 4734 δύο
3590 4684 3735 4748 πρό-

553 4863 596 4895 “
630 4862 729 4917 lsa.
762 4878 837 4925 st,
866 4860 920 4915 Ξ.
996 4860 1041 4894 ⁸⁹
1073 4859 1216 4916 Psal.
1250 4878 1325 4927 Ix,
1361 4862 1414 4916 9.
1487 4860 1534 4893 "
1564 4861 1720 4915 Prov.
1753 4875 1824 4924 tv,
1852 4859 1935 4913 16.
2010 4860 2054 4895 ἰ

2160 4876 2220 4914 ,n.
2253 4876 2362 4924 xlv,
2383 4860 2470 4913 51.
2549 4860 2595 4893 "
2621 4860 2703 4914 An
2750 4860 3002 4914 πλούσιον
3027 4863 3051 4914 ?

558 5044 667 5115 (58)
724 5042 952 5112 Ῥητός.
1005 5043 1204 5115 Eodem
1264 5054 1522 5112 tempore,
1575 5044 1739 5115 ρηγὺς
1776 5044 1883 5097 τῶν
1925 5043 2053 5115 Γότ-

485 5114 593 5171 am
626 5114 868 5168 meminit
900 5116 957 5169 S.
995 5114 1411 5183 Cltrysostomus
1455 5114 1613 5181 epist.
1647 5115 1733 5174 M.
1775 5125 1827 5183 et
1871 5114 2053 5183 ῥηγῶν

485 5186 592 5239 τῶν
633 5183 872 5247 Οὒννων,
914 5197 994 5255 3εῇ
1026 5182 1237 5255 μοίρας,
1265 5183 1524 5255 Γοτθικῇς
1565 5184 1755 5255 ῥητός,
1788 5182 2056 5255 Olytnpip-

486 5259 651 5308 dorus
676 5257 815 5324 apud
845 5252 1088 5308 Photium
1106 5252 1133 5308 τ’
1152 5254 1443 5324 quinetiam
1461 5252 1922 5324 Hanniballianum
1948 5252 2055 5324 pi]-

486 5342 561 5391 γα
610 5321 927 5392 appellatum
982 5321 1224 5378 invenies
1280 5323 1333 5375 in
1364 5321 1619 5392 Chronico
1667 5322 2051 5392 Alexandrino.

484 5399 750 5445 ueterum
791 5404 983 5459 praeter
1020 5408 1180 5447 voces
1209 5391 1620 5464 vulgatas,ph§.
1651 5394 1843 5463 ρηγᾶς,
1868 5391 2045 5464 ρίγας.

490 5463 715 5535 etiam
768 5464 980 5535 ρήγιγαν
1039 5464 1294 5535 Massa.-
1349 5463 1605 5535 ρηγάτονν
1666 5465 1859 5535 etiam
1887 5463 2047 5535 θητι-

490 5530 604 5595 Ξιὲς,
634 5531 684 5583 id
708 5530 789 5584 est
818 5530 1012 5601 regius,
1040 5530 1235 5601 legitur
1252 5530 1653 5601 Symntictorum
1687 5531 1860 5584 Allatii
1890 5530 2045 5601 lilnt,

488 5618 543 5675 ρ.
575 5601 635 5654 9-1
672 5610 719 5653 et
743 5600 1040 5675 Αηγνάτον,
1061 5599 1354 5675 regnumin
1385 5602 1627 5675 C_onciliis
1656 5601 1857 5675 ALabbei
1883 5612 1920 5653 I.

492 5669 541 5748 λι.
584 5684 629 5737 ι,
660 5686 711 5725 c.
737 5669 856 5727 166.
883 5677 935 5722 et
978 5669 1153 5746 ρηγία,
1196 5671 1357 5739 regia.
1401 5670 1598 5724 Chron.
1631 5673 1776 5726 Alex.
1814 5687 1865 5738 ρ.
1922 5671 2047 5733 664,

2149 5043 2271 5097 77-8.
2332 5041 2443 5115 Nec
2496 5044 2693 5115 dispari
2752 5043 2960 5115 ratione
3017 5057 3202 5115 vocem
3263 5043 3544 5115 lpxspiouA
3572 5043 3729 5115 ponit

2151 5122 2206 5165 et
2252 5112 2473 5181 exponit
2517 5110 2751 5167 Joannes
2783 5113 3083 5167 Cinnamus
3125 5110 3486 5166 Historiarum
3533 5110 3626 5166 lib.
3674 5129 3732 5174 ν,

2150 5196 2271 5248 Cap.
2323 5182 2408 5245 10,
2461 5183 2578 5237 loco
2631 5183 2695 5234 ad
2739 5183 2882 5236 hunc
2919 5188 3131 5235 modum
3195 5182 3523 5236 restituendo
3564 5200 3577 5234 :
3620 5182 3732 5236 Τοῦ

2150 5252 2251 5321 τῆς
2286 5251 2562 5323 βασιλείας
2617 5253 2766 5323 οὐδὲν
2799 5252 3073 5323 προσῆκον
3100 5250 3512 5323 ὲπιϐατεῦουσιν
3538 5251 3731 5322 ὕψους,

2151 5320 2234 5374 vel
2286 5320 2454 5401 tonet
2504 5322 2669 5401 Mog,
2727 5320 2993 5401 ὲμξερέοο
3061 5323 3139 5401 νει
3203 5320 3456 5401 εμπεριὶοο
3516 5320 3735 5401 tanta;

2154 5391 2523 5464 περιτιθέντες
2537 5390 2771 5464 -κράτοςζ
2803 5390 3059 5444 Βούλεται
3079 5390 3136 5444 δὲ
3157 5390 3311 5464 τοῦτο
3334 5390 3395 5464 τὸ
3411 5391 3735 5464 λάκρότατον

2154 5461 2492 5533 ἑρμηνεύειν.
2529 5461 2750 5516 Maximi
2782 5464 3113 5533 principatus
3154 5461 3284 5533 nihil
3306 5462 3376 5533 ad
3402 5462 3542 5527 ipsos
3567 5463 3736 5533 per-tie

2157 5530 2358 5585 rientem
2384 5532 2738 5585 celsitudinem
2772 5532 3042 5595 invadunt,
3072 5531 3277 5593 imperii
3304 5532 3594 5584 dominium
3621 5530 3723 5582 sibi

2156 5600 2473 5654 tribuentes:
2512 5602 2648 5669 quod
2681 5616 2937 5653 summum
2969 5601 3227 5668 signiﬁcat
3277 5599 3570 5670 fastigium.
3614 5598 3727 5654 L0.

2157 5670 2340 5738 quitur
2369 5674 2432 5724 de
2461 5671 2682 5739 imperio
2709 5670 3050 5726 occidentali.
