4060 6210
321 299 430 357 £75

1490 298 1775 356 HOMILIA
1809 297 1950 353 XXI.
1989 299 2054 353 IN
2097 299 2286 355 [‘SAL.
2329 298 2435 354 Vil.

3464 290 3561 346 Ui

322 415 502 471 σαταο
548 412 781 483 σώματα
826 413 920 467 καὶ
975 413 1243 483 πρόϐατα,
1295 415 1411 467 ἀλλ’
1450 417 1550 470 οὐκ
1599 416 1893 489 ἀνθρώπων

2004 420 2192 488 estqui
2229 420 2464 482 redimat,
2491 453 2496 458 ι
2520 432 2679 479 neque
2726 417 2815 485 qui
2846 416 3046 469 salvum
3094 412 3279 482 faciat.
3322 409 3455 464 Nam
3496 412 3565 476 si.

319 506 513 577 ψυχαί.
539 504 786 570 Μήποτε
810 504 1057 573 luxtqu
1090 510 1172 571 ὠς
1200 507 1358 561 λέων
1384 508 1498 576 τὴν
1528 508 1741 577 ψυχήν
1753 526 1893 577 μου.

319 598 433 650 Καὶ
458 593 577 659 πῶς
610 593 847 666 ἁρπάζει
874 598 903 649 6
935 595 1104 661 λέων;
1133 597 1230 665 Μὴ
1266 598 1439 665 ὄντος
1486 599 1899 669 λυτρουμένου

315 686 474 758 μηδὲ
495 685 805 752 σώζοντος.
839 687 903 746 El
928 686 1040 759 γάρ
1060 688 1156 742 τοῦ
1188 689 1350 743 Δαὸὶδ
1382 691 1783 761 ποιμαίνοντος,
1821 691 1896 743 ὅτ’

320 778 387 832 ἂν
414 773 579 848 ἦλθεν
612 777 746 830 λέων
773 777 807 846 ἢ
838 777 1027 848 ἄρκος,
1065 780 1161 832 καὶ
1195 779 1499 851 ἐλάμϐανεν
1538 780 1808 850 πρόϐατον
1834 782 1898 833 ἐκ

318 868 421 938 τῆς
456 867 681 937 ἀγέλης,
715 870 745 921 6
772 866 940 922 Δασὶδ
967 868 1230 940 ἐξήρχετο
1262 870 1609 935 κατόπισθεν,
1650 871 1724 934 ὡς
1756 870 1896 924 κατὰ

317 960 602 1031 τυράννων
632 961 959 1030 στρατηγὸς,
993 962 1089 1014 καὶ
1122 961 1214 1015 τὸν
1244 961 1388 1033 θῆρα
1432 962 1684 1028 ἔτυπτεν,
1713 964 1808 1016 καὶ
1837 963 1897 1016 τὸ

321 1050 596 1123 πρόϐατον
631 1051 707 1115 ὡς
749 1052 1096 1122 αἰχμάλωτον
1120 1053 1447 1115 ἀποσπάσας
1476 1054 1711 1118 ἔσωζεν
1748 1053 1897 1122 πόσῳ

328 1140 533 1212 μᾶλλον
564 1139 695 1193 Θεοῦ
727 1142 820 1193 καὶ
844 1140 1131 1205 σώζοντος,
1166 1144 1195 1195 6
1222 1141 1358 1196 λέων
1389 1145 1419 1196 6
1444 1143 1690 1207 διάϐολος
1719 1144 1898 1214 ἀρπά-

325 1233 441 1297 ζειν
490 1232 552 1285 οὐ
582 1231 838 1297 δύναται;
887 1230 1133 1299 Μήποτε
1158 1233 1402 1302 ἁρπάσῃ
1448 1234 1531 1299 ὡς
1570 1234 1729 1302 λέων
1782 1234 1898 1301 τὴν

323 1323 533 1392 ψυχήν
561 1341 704 1393 μου.
739 1324 977 1378 Φύλαττέ
1010 1342 1078 1395 με
1104 1325 1179 1389 ὡς
1208 1324 1434 1395 ποιμὴν,
1472 1325 1565 1378 καὶ
1604 1327 1653 1377 οἱ
1682 1325 1897 1391 ὀδόντες

272 1431 277 1436 '
317 1414 579 1485 ἀργοῦσιν
608 1414 703 1468 τοῦ
731 1415 964 1480 λέοντος.

397 1504 619 1576 Ἐπειδὴ
663 1506 836 1561 ταῦτα
877 1503 1050 1573 εἶπεν,
1099 1516 1196 1568 καὶ
1242 1508 1590 1580 προσηύξατο
1629 1507 1892 1581 ῥωσθῆναι

310 1597 406 1651 τοῦ
456 1596 673 1662 λέοντος
717 1598 813 1652 τοῦ
859 1598 1203 1670 Ἀὁεσαλὼμ,
1230 1602 1325 1655 καὶ
1371 1600 1703 1671 εἰσηκούσθη
1726 1616 1894 1671 προσ-

311 1686 653 1758 ευξάμενος,
712 1688 927 1757 ἐπάγει,
970 1689 1066 1742 καὶ
1107 1691 1188 1752 είς
1241 1690 1537 1758 ἀπολογίαν
1586 1690 1887 1760 τρέπεται·

2003 512 2219 580 quando
2253 521 2438 576 pastor
2462 520 2580 562 erat
2613 507 2775 561 David
2798 547 2813 572 ,
2854 508 3066 576 quoties
3100 504 3333 559 venisset
3367 503 3448 556 leo
3475 510 3564 556 aut

2005 617 2189 665 ursus,
2221 610 2275 655 et
2304 602 2537 674 cepisset
2560 613 2714 653 ovem
2745 599 2811 653 de
2834 612 3014 668 grege,
3060 596 3223 649 David
3256 594 3568 665 egredieba-

2002 704 2088 746 tur
2134 702 2253 762 post
2290 708 2411 747 eum
2446 730 2462 756 ,
2512 702 2567 746 ut
2613 692 2869 745 adversus
2919 700 3179 759 tyrannos
3215 686 3324 741 dux
3357 686 3568 740 exerci-

2004 796 2110 848 tus,
2137 793 2192 838 et
2227 783 2395 838 ieram
2421 782 2778 854 percutiebat,
2810 795 3073 848 ovemque
3113 790 3366 845 tanquam
3395 776 3567 845 capti-

1998 891 2125 929 vum
2161 876 2510 929 abstraliebat
2543 883 2597 929 et
2626 873 2971 960 servabat":
3006 878 3206 940 quanto
3224 868 3412 936 magis,
3438 866 3564 919 dum

2002 966 2142 1019 Deus
2176 966 2388 1020 redimit
2418 975 2472 1019 et
2505 974 2707 1031 servat,
2733 964 2816 1018 leo
2841 961 3084 1033 diabolus
3118 973 3305 1028 rapere
3330 973 3435 1012 non
3473 971 3560 1024 po-

2003 1057 2145 1111 test?
2170 1055 2464 1127 Nequando
2490 1058 2663 1125 rapiat
2687 1066 2742 1110 ut
2769 1054 2848 1109 leo
2872 1054 3102 1107 animam
3130 1066 3315 1107 meum.
3344 1047 3563 1102 Custodi

1998 1163 2083 1201 me
2138 1158 2388 1217 tanquam
2438 1157 2652 1218 pastor,
2707 1156 2762 1201 et
2804 1145 2979 1201 leonis
3029 1146 3217 1198 dentes
3265 1138 3564 1195 inetlicaces

1995 1250 2173 1294 erunt.

2064 1514 2351 1581 Postquam
2376 1512 2489 1566 haec
2511 1510 2756 1580 protulit,
2776 1516 3058 1573 oravitque
3083 1502 3201 1556 erui
3232 1517 3259 1553 a
3290 1496 3445 1554 leone
3462 1491 3564 1545 Ab-

1994 1603 2221 1668 salomo,
2266 1613 2322 1658 et
2367 1602 2421 1655 in
2470 1600 2716 1656 oratione
2765 1596 3052 1652 exauditus
3098 1604 3216 1657 est,
3267 1587 3561 1659 subjungit,

1996 1706 2157 1765 atque
2184 1695 2250 1749 ad
2286 1694 2648 1749 defensionem
2674 1689 2940 1746 convertit
2964 1702 3021 1741 se
3048 1704 3060 1740 :
3089 1685 3144 1739 4.
3174 1682 3393 1736 Domine
3422 1678 3561 1731 Deus

310 1753 491 1848 Κύριε
520 1783 559 1833 ὀ
586 1782 733 1846 Θεός
758 1753 899 1850 μου,
925 1784 978 1834 εὶ
1018 1781 1277 1850 ἐποίησα
1302 1753 1499 1836 τοῦτο.
1539 1753 1754 1851 Ἐπειδὴ
1780 1781 1888 1852 γὰρ

1996 1753 2162 1853 nte-us,
2190 1787 2236 1841 si
2261 1786 2359 1855 feci
2394 1787 2554 1839 istud.
2604 1782 2738 1836 Nam
2779 1781 2903 1851 quia
2949 1776 3232 1837 Absalom,
3276 1781 3337 1825 ut
3382 1769 3465 1824 leo
3508 1767 3560 1820 in

310 1874 340 1924 6
381 1871 707 1942 ’Δὸεσαλὼμ
763 1872 839 1935 ὡς
882 1872 1021 1925 λέων
1090 1874 1148 1925 ἐν
1187 1872 1265 1943 τῷ
1292 1871 1495 1944 δρυμῷ·
1533 1872 1624 1925 τὸν
1678 1873 1891 1942 πατέρα

310 1964 557 2027 ἐδίωκεν,
593 1964 671 2027 ὡς
700 1963 838 2018 λέων
884 1965 990 2017 ἀπὸ
1018 1964 1120 2035 τῆς
1158 1967 1336 2037 κόμης
1388 1966 1682 2037 κρατηθεὶς
1728 1965 1889 2038 ἐκρέ-

315 2071 473 2125 ματο,
505 2056 601 2108 καὶ
629 2057 661 2126 ἡ
686 2056 833 2126 κόμη
847 2055 940 2108 τοῦ
969 2054 1186 2128 δένδρὸυ
1212 2056 1320 2110 ἀπὸ
1338 2058 1439 2128 τῆς
1463 2059 1638 2129 κόμης
1669 2058 1891 2128 ἐκράτει

309 2146 400 2199 τὸν
431 2145 647 2207 λέοντα,
684 2148 777 2200 καὶ
815 2148 891 2212 ὠς
916 2149 1105 2220 ἔριφος
1132 2151 1191 2202 ἐν
1231 2148 1484 2219 μακέλλῳ
1512 2151 1540 2201 6
1572 2148 1709 2202 λέων
1733 2148 1889 2218 ἐκρέ-

314 2254 471 2306 ματο,
501 2238 598 2290 καὶ
627 2237 968 2310 ὀψωνάτορες
1000 2241 1298 2311 ἀνάργυροι
1333 2239 1569 2310 κόρακες
1607 2239 1703 2293 καὶ
1743 2238 1892 2291 ἀετοὶ

312 2328 672 2399 παρεγίνοντο
696 2345 712 2361 ο
745 2331 839 2383 καὶ
888 2330 1037 2397 ἀξιον
1075 2330 1362 2399 ἐπιτάφιον
1392 2329 1542 2400 αὐτῷ
1568 2328 1825 2399 Σαλομὼν
1863 2330 1891 2382 6

312 2420 539 2489 ἀδελ-φὺς
579 2419 743 2475 αὐτοῦ
786 2421 1112 2491 ὑπέψαλλεν,
1166 2422 1376 2490 λέγων’
1420 2421 1762 2489 Ὀφθαλμὸν
1794 2437 1893 2473 κα-

310 2511 653 2582 ταγελῶντα
673 2513 917 2581 πατρὸς,
938 2514 1318 2583 ἐκκόψαιο-αν
1337 2514 1525 2567 αὐτὸν
1546 2515 1801 2581 κόρακες
1821 2513 1890 2566 ἐκ

309 2602 432 2660 τῶν
457 2604 809 2674 φαράγγων,
851 2605 953 2658 καὶ
982 2604 1382 2676 καταφάγοιεν
1421 2605 1609 2659 αὐτὸν
1638 2604 1888 2658 νεοσσοὶ

310 2696 527 2753 ἀετῶν.
565 2697 718 2750 Ἐπεὶ
761 2693 853 2752 οὖν
886 2695 938 2750 οἱ
961 2699 1172 2753 νεοσσοὶ
1207 2699 1298 2750 τὸν
1343 2697 1564 2751 νεοσσὸν
1601 2696 1695 2749 τοῦ
1726 2696 1892 2749 Δαδὶδ

312 2786 620 2841 κατεσθίειν
644 2787 921 2853 ἔσπευδον,
949 2787 1235 2859 προλαϐὼν
1254 2788 1311 2841 δὲ
1333 2789 1362 2840 6
1393 2786 1697 2858 στρατηγὸς
1731 2784 1889 2838 ἰωὰὸ

309 2879 384 2943 ὡς
422 2878 638 2951 ίξευτὴς
676 2879 910 2950 καλάμῳ
950 2879 1028 2950 τῷ
1077 2880 1263 2950 δόρατι
1292 2878 1383 2932 τὸν
1430 2879 1550 2932 νέον
1597 2877 1888 2949 ἐθήρασεν,

311 2972 409 3025 καὶ
434 2970 666 3042 πληγεὶς
695 2973 753 3025 ἐν
780 2970 857 3041 τῷ
883 2971 1006 3042 ἀέρι
1041 2969 1430 3041 ἐπτερύσσετο,
1486 2969 1577 3022 καὶ
1609 2969 1702 3022 τὸν
1732 2968 1892 3020 θάνα-

1990 1883 2138 1950 sylva
2187 1891 2396 1948 patrem
2426 1877 2887 1949 persequebatur;
2930 1881 2990 1926 ut
3032 1871 3114 1925 leo
3145 1883 3174 1921 a
3205 1879 3357 1920 coma
3383 1871 3562 1915 reten-

1992 1983 2078 2027 tus
2107 1972 2399 2040 pendebat,
2456 1979 2511 2023 et
2561 1967 2775 2021 arboris
2828 1977 2986 2019 coma
3037 1960 3249 2014 leonem
3292 1968 3358 2008 ex
3406 1963 3560 2004 coma

1996 2060 2236 2127 tenebat,
2277 2074 2341 2114 ac
2381 2057 2528 2112 velut
2561 2055 2746 2110 hatdus
2790 2054 2844 2107 in
2886 2048 3115 2105 macello
3158 2042 3425 2115 pendebat
3454 2040 3561 2102 leo,

1991 2161 2153 2220 atque
2182 2157 2535 2219 opsonatores
2569 2147 2686 2201 sine
2735 2143 2912 2215 pretio
2934 2139 3080 2195 corvi
3111 2146 3166 2191 et
3192 2132 3383 2202 aquilae
3406 2129 3567 2220 adve-

1990 2219 2201 2294 niebant
2230 2257 2244 2305 ;
2275 2239 2600 2308 dignumque
2646 2233 2979 2305 epitaphium
3029 2229 3077 2283 ei
3113 2223 3341 2281 succinit
3393 2219 3565 2273 frater

1993 2329 2109 2398 ejus
2152 2328 2432 2392 Salomon,
2465 2341 2563 2395 per
2604 2326 2720 2379 lucc
2765 2325 2969 2375 verba:
3007 2317 3227 2379 Oculum
3262 2313 3350 2381 qui
3374 2308 3561 2363 irridet

1988 2427 2211 2487 patrem,
2256 2415 2511 2483 e/Iodiant
2546 2428 2663 2467 eum
2696 2411 2835 2464 corvi
2862 2409 2925 2460 de
2946 2403 3290 2462 convallibus,
3317 2408 3364 2450 et
3391 2409 3563 2448 come-

1989 2484 2117 2561 dant
2147 2522 2264 2559 eum
2294 2504 2425 2570 pulli
2457 2501 2758 2571 aquilarum
2779 2498 2846 2551 “.
2870 2496 3004 2562 Quia
3038 2507 3167 2561 ergo
3193 2488 3319 2557 pulli
3360 2484 3562 2554 pullum

1990 2600 2212 2654 Davidis
2243 2611 2436 2653 vorare
2467 2593 2819 2657 festinabant,
2856 2585 3193 2659 prmveniens
3220 2587 3396 2633 autem
3428 2572 3564 2627 Joab

1991 2697 2094 2749 dux
2125 2692 2403 2747 exercitus
2444 2688 2594 2743 velut
2637 2698 2837 2751 auceps
2890 2678 3173 2741 arundine,
3221 2674 3376 2727 hasta
3406 2669 3563 2738 juve-

1994 2799 2114 2838 uem
2140 2791 2371 2837 venatus
2400 2788 2504 2846 est,
2536 2787 2933 2847 percussusqne
2964 2771 3016 2824 in
3057 2782 3182 2822 aere
3218 2764 3335 2817 alas
3366 2772 3566 2814 concu-

1993 2876 2181 2939 tiebat,
2235 2887 2335 2927 nec
2382 2880 2611 2927 mortem
2660 2867 2837 2921 vitare
2880 2869 3125 2934 poterat.
3173 2869 3227 2912 et
3268 2849 3565 2925 palpitabat
3625 2858 3631 2866 '

1990 2981 2283 3036 acremque
2318 2962 2657 3023 calcitrabat.
2689 2958 2830 3028 quod
2858 2964 3064 3026 patrem
3094 2949 3430 3004 calcitrassct
3456 2960 3467 2996 :
3504 2949 3564 2994 ut

307 3078 404 3115 τον
461 3037 655 3130 φυξεῖν
708 3060 808 3113 οὐκ
828 3037 1087 3130 -ἠδύνατο
1108 3099 1123 3125 ,
1181 3037 1280 3114 καὶ
1327 3058 1574 3131 σπαίρων
1611 3058 1702 3112 τὸν
1749 3058 1893 3129 ἀέρα

1995 3074 2118 3129 ergo
2161 3056 2312 3113 multi
2355 3065 2582 3110 mortem
2631 3048 2907 3105 Absalomi
2951 3044 3141 3099 Davidi
3188 3037 3561 3146 assignabqnt,

308 3123 594 3217 ιλάκτιζεν
616 3190 632 3215 ,
678 3123 1002 3223 ἐπειδὴ-τὸν
1053 3123 1265 3223 πατέρα
1300 3123 1619 3205 ὲλάκτΙισενο
1671 3149 1747 3214 ὡς
1795 3123 1893 3205 ούνῆ

1995 3123 2320 3206 accusabant
2349 3161 2495 3210 eum,
2526 3159 2589 3199 ac
2615 3142 2866 3196 dicebant
2896 3156 2911 3191 :
2948 3135 3044 3190 Ubi
3075 3130 3429 3187 mansuetudo
3460 3123 3567 3177 Da-

307 3261 378 3298 πο
393 3243 496 3297 ιιλοὶ
514 3242 606 3296 τὸν
632 3243 858 3296 θάνατον
888 3242 984 3296 τοῦ
1019 3242 1342 3312 ’Δϐεσαλὼμ
1372 3241 1453 3311 τῷ
1474 3239 1640 3294 Δαϐὶδ
1662 3240 1893 3312 ἐπιγρά-

307 3351 506 3405 gms;
525 3373 542 3399 ,
584 3333 681 3387 καὶ
715 3333 1027 3405 αἰτιώμενοι
1058 3334 1272 3403 ἔλεγον·
1301 3332 1413 3386 Ποῦ
1451 3335 1485 3403 ή
1519 3332 1763 3403 πραότης
1794 3330 1890 3383 τοῦ

220 3416 231 3425 ’
304 3426 476 3480 Δαϐίδ
497 3420 523 3492 ;’
576 3424 683 3479 ποῦ
734 3426 768 3497 ὴ
819 3428 1101 3497 προφήτου
1163 3426 1448 3490 εύλάϐειας
1501 3425 1631 3477 ἰδίου
1696 3424 1889 3495 τέκνου

306 3514 540 3587 νεότητα
579 3514 889 3588 σκιρτῶσαν
927 3516 1029 3568 ούκ
1063 3515 1314 3586 ἧνεγκεν,
1367 3513 1505 3567 ἀλλὰ
1540 3512 1892 3582 ’φονευθῆναι

304 3608 475 3664 αὐτὸν
510 3606 757 3679 ἀνηλεῶς
811 3606 1097 3663 ἐκέλευσεν
1117 3623 1132 3638 ο
1165 3605 1355 3676 ἐπειδὴ
1385 3605 1448 3658 τὺ
1483 3604 1679 3673 ψεῦδος
1723 3604 1818 3657 καὶ
1855 3604 1888 3673 ἦ

309 3698 652 3767 συκοφαντία
682 3696 1044 3764 ἐπλατύνετο,
1083 3698 1341 3770 μάρτυρα
1367 3700 1468 3768 τῆς
1514 3696 1824 3765 ἀθωότητος
1863 3695 1892 3746 6

305 3791 479 3848 Δαϐὶδ
498 3792 593 3846 τὸν
618 3791 751 3843 θεὸν
780 3791 1057 3845 ἐκάλεσεν.

380 3883 625 3947 Πάντες,
667 3882 933 3947 Δέσποτα,
968 3882 1237 3950 λέγουσιν,
1273 3884 1356 3936 ὅτι
1394 3882 1506 3951 ἐγὼ
1533 3883 1625 3935 τὸν
1670 3879 1895 3935 ’Δδεσα-
1934 3876 1942 3882 ’

302 3976 432 4045 λὼμ
466 3975 761 4044 ἐφόνευσα.
822 3976 1002 4044 Κύριε
1049 3979 1082 4029 ό
1132 3977 1278 4042 Θεός
1327 3992 1485 4044 μου,
1526 3977 1579 4028 ei
1629 3974 1893 4041 ἐποίησα

303 4066 517 4120 τοῦτο·
558 4067 611 4119 εί
634 4065 735 4137 τὴν
760 4065 938 4131 δεξιὰν
968 4069 1035 4137 τῇ
1072 4068 1255 4136 σφαγῇ
1285 4065 1381 4119 τοῦ
1406 4064 1597 4128 παιδὸς
1621 4064 1888 4136 ἐμόλυνα-

300 4156 855 4213 ειέστινάὃικιαὲν
871 4158 1085 4227 χερσίν
1108 4159 1328 4227 μου.Ει
1357 4159 1414 4210 ἐν
1439 4156 1762 4228 γράμμασιν
1796 4156 1893 4209 αὐ-

301 4245 398 4299 τὸν
425 4245 504 4309 ὡς
542 4245 634 4301 τὸν
659 4246 864 4316 Οὐρίαν
883 4248 1177 4316 ἐφόνευσω
1216 4248 1265 4298 εἰ
1297 4244 1584 4308 δακτύλοις
1608 4247 1761 4317 ἐμοῖς
1800 4245 1892 4298 τὸν

300 4337 432 4390 κατ’
453 4335 670 4389 ἐκείνου
706 4337 1121 4408 ἐσκιογράφησα
1152 4336 1402 4390 θάνατον.
1443 4335 1511 4390 Ἥ
1547 4338 1641 4390 καὶ
1683 4336 1887 4400 οὕτως’

1989 3243 2164 3299 vidis?
2199 3242 2285 3296 ubi
2322 3239 2596 3309 propheta:
2637 3232 2843 3304 pietas?
2881 3226 3084 3299 proprii
3132 3224 3225 3278 lilii
3278 3217 3566 3309 lascivien-

1995 3348 2101 3391 tem
2131 3307 2471 3404 juventutem
2507 3336 2613 3383 non
2652 3326 2792 3389 tulit,
2825 3322 2920 3377 sed
2953 3314 3189 3375 interimi
3227 3327 3349 3368 eum
3385 3307 3567 3363 immi-

1993 3424 2342 3481 sericorditcr
2379 3421 2588 3490 jussit:
2628 3413 3064 3488 quandoquidem
3120 3404 3455 3462 mendacium
3511 3406 3565 3450 et

1993 3517 2260 3571 calumnia
2288 3514 2591 3574 crescebat,
2630 3517 2821 3565 testem
2852 3501 3176 3561 innocentia:
3209 3496 3374 3551 David
3399 3504 3566 3547 voca-

1991 3610 2069 3662 vit
2102 3608 2291 3666 Deum.

2069 3877 2309 3941 Cuncti,
2375 3874 2644 3935 Domine,
2725 3870 2910 3921 dicunt
2972 3882 3000 3918 a
3063 3876 3148 3916 me
3216 3857 3563 3914 Absalomnm

1995 3973 2162 4027 luisse
2204 3970 2467 4023 occisum.
2514 3964 2738 4018 Domine
2782 3959 2925 4012 Deus
2967 3970 3136 4015 meus,
3165 3952 3211 4003 si
3243 3952 3343 4019 {cci
3379 3948 3521 4001 istud
3545 3962 3566 3999 :

1992 4064 2037 4120 si
2065 4062 2311 4118 dextram
2362 4058 2509 4111 caede
2546 4053 2638 4108 lilii
2690 4047 2951 4121 maculavi
2982 4062 2996 4099 :
3022 4044 3068 4098 si
3113 4052 3187 4096 est
3228 4040 3480 4109 iniquitas
3511 4036 3569 4091 in

1993 4156 2233 4210 manibus
2250 4152 2401 4206 meis.
2435 4148 2493 4204 Si
2526 4163 2619 4216 per
2650 4147 2854 4201 litteras
2881 4156 3026 4204 eum,
3061 4138 3204 4191 velut
3246 4135 3456 4199 Uriam,
3484 4133 3581 4185 in-—

1994 4247 2215 4315 terl‘eci;
2248 4245 2293 4299 si
2332 4222 2517 4312 digitis
2551 4240 2686 4295 meis
2714 4245 2944 4293 mortem
2983 4233 3245 4287 adversus
3273 4228 3445 4295 ipsmn
3476 4223 3570 4278 de-

1995 4341 2369 4396 lineavi..Aut
2409 4338 2572 4393 etiam
2595 4334 2717 4404 sic:
2756 4328 3007 4401 quoniam
3049 4332 3203 4394 pater
3231 4336 3259 4374 a
3293 4319 3404 4374 lilio
3432 4315 3567 4384 eripi

303 4412 812 4499 ἐτεειδὴ’ρυσθῆναι
852 4404 1087 4501 ὑπατηρ
1109 4430 1218 4484 ἀπὸ
1258 4428 1351 4482 τοῦ
1386 4427 1503 4486 υἱοῦ
1530 4428 1890 4501 προσηύχετο,

1999 4433 2340 4501 precabatur,
2377 4435 2435 4484 et
2473 4423 2706 4496 agricola
2753 4420 2989 4491 plantam
3018 4412 3188 4469 'vclut
3228 4410 3437 4480 spinam
3487 4404 3573 4501 iu-

303 4521 404 4577 καὶ
442 4522 472 4572 6
508 4519 755 4591 γεωργὸς
794 4518 856 4573 τὸ
898 4520 1063 4589 φυτὸν
1095 4521 1169 4584 ὡς
1208 4520 1450 4577 ἄκανθαν
1483 4520 1704 4590 ἔφυγεν,
1737 4522 1833 4573 καὶ
1863 4522 1891 4573 6

305 4614 518 4685 ποιμὴν
558 4613 651 4665 τὸν
682 4614 820 4685 ἄρνα
858 4613 936 4677 ὡς
979 4613 1170 4669 λέοντα
1220 4612 1639 4683 ἀπεδίδρασκεν,
1672 4610 1895 4662 ἀναϐλέ-

305 4707 417 4778 ψας
446 4708 528 4772 εἰς
563 4706 658 4759 τὸν
690 4706 916 4778 οὐρανὸν
949 4705 1163 4773 ἔλεγεν·
1205 4704 1262 4756 '0
1295 4704 1409 4766 υίὸς
1438 4702 1539 4772 ἐμὲ
1565 4704 1657 4755 τὸν
1680 4702 1891 4774 πατέρα

306 4797 559 4868 πολεμεῖ.
588 4792 768 4866 Κύριε
803 4800 838 4852 d
882 4797 1022 4863 Θεός
1048 4812 1168 4864 μου
1188 4836 1203 4860 ,
1237 4796 1290 4847 ει
1317 4793 1574 4861 ἐποίησα
1600 4793 1795 4848 τοῦτο.
1828 4795 1892 4846 Εἰ

304 4887 399 4941 τὸν
421 4889 654 4943 τεκόντα
685 4887 963 4959 ἐλύπησα·
996 4890 1044 4941 ει
1077 4886 1151 4957 μὴ
1170 4886 1245 4948 ὡς
1271 4885 1452 4948 δοῦλος
1477 4886 1713 4956 δεσπότῃ
1736 4884 1890 4937 ἐδού-

306 4981 507 5035 λευσα·
545 4982 597 5034 εἰ
642 4980 735 5035 τὸν
770 4981 979 5034 ἐκείνου
1009 4979 1241 5033 θάνατον
1267 4977 1404 5048 ἐμὴν
1438 4977 1750 5049 ἐλευθερίαν
1784 4976 1892 5030 ὲνό⁴

313 5090 466 5145 μισα.
503 5075 682 5141 Κύριε
740 5076 774 5127 ὀ
822 5072 967 5139 Θεός
1008 5090 1147 5141 μου,
1195 5073 1249 5125 εὶ
1296 5071 1555 5138 ἐποίησα
1599 5069 1792 5123 τοῦτο.
1825 5071 1889 5121 Ὃ

310 5164 570 5236 ὑπομένω
599 5164 895 5236 είέπραξα.
921 5167 991 5219 El
1017 5164 1191 5219 ἔστιν
1211 5164 1411 5219 ἀδικία
1429 5165 1499 5217 ἐν
1520 5162 1730 5231 χερσίν
1753 5179 1894 5230 μου.

312 5256 374 5310 El
404 5257 666 5310 ἐπέσεισα
698 5256 799 5320 τὰς
840 5260 1049 5328 χεῖρας,
1078 5256 1195 5328 τὴνρ
1216 5257 1513 5326 σύντροφον
1547 5254 1737 5308 πενίαν
1765 5255 1901 5307 ὀνει-

315 5348 474 5412 δίζων
504 5349 586 5420 τῷ
614 5349 806 5422 πατρί·
839 5352 887 5403 εἰ
934 5351 1011 5421 μὴ
1041 5350 1139 5413 τὰς
1170 5349 1279 5403 ἀπὸ
1300 5350 1409 5403 τῶν
1435 5348 1696 5419 καμάτων
1724 5364 1895 5419 προσ-

316 5439 464 5503 όδους
506 5441 849 5513 προσέφερον
872 5458 887 5472 ⁸
942 5443 992 5495 ει
1031 5442 1105 5513 μὴ
1144 5442 1220 5505 ὡς
1281 5441 1540 5512 δευτέραν
1574 5439 1893 5511 προσφορὰν

318 5530 393 5602 τῷ
418 5534 588 5604 πατρὶ
623 5532 724 5605 τὴν
762 5534 1021 5607 εἰσφορὰν
1050 5534 1259 5606 ἔφερον,
1304 5535 1370 5587 El
1396 5533 1568 5586 ἐστιν
1590 5531 1789 5586 ἀδικία
1825 5531 1896 5585 ἐν

386 5741 434 5772 ⁸⁸
465 5740 485 5795 1
531 5742 664 5812 Reg.
695 5759 829 5813 xvu,
864 5744 955 5813 δί,
989 5744 1077 5800 35.
1153 5745 1197 5777 "
1227 5745 1382 5802 Prov.
1415 5762 1543 5814 xxx,
1573 5748 1657 5803 l7.

1999 4491 2207 4596 giebat,
2253 4491 2551 4592 pastorque
2582 4530 2779 4587 agnum
2813 4522 3071 4580 tanquam
3111 4508 3317 4561 leonem
3345 4491 3569 4596 vitabat.

1996 4591 2298 4686 suspiciens
2324 4614 2383 4667 in
2409 4611 2608 4667 ctelum
2641 4608 2780 4663 dixit
2807 4624 2821 4660 :
2846 4604 3016 4659 Filius
3042 4616 3127 4656 me
3161 4608 3366 4669 patrem
3396 4591 3570 4648 hosti-

1997 4710 2116 4762 liter
2153 4707 2307 4779 petit.
2347 4706 2566 4759 Domine
2596 4702 2737 4755 Deus
2763 4716 2931 4763 meus,
2968 4697 3015 4750 si
3047 4696 3148 4764 feci
3185 4688 3345 4745 istud.
3382 4686 3438 4740 Si
3475 4698 3571 4754 ge-

1996 4805 2226 4857 nitorem
2290 4798 2535 4854 molestia
2576 4794 2767 4859 aﬂeci;
2820 4792 2866 4847 si
2913 4800 3171 4857 tanquam
3220 4796 3414 4838 servus
3471 4779 3571 4830 do-

1998 4894 2145 4947 mino
2199 4907 2303 4945 non
2340 4889 2603 4967 servivi;
2661 4888 2703 4942 si
2767 4895 2997 4939 mortem
3064 4878 3206 4932 illius
3263 4873 3572 4927 libertatem

1998 5000 2173 5040 meam
2219 4960 2521 5037 arbitratus
2570 4994 2711 5034 sum.
2756 4978 2977 5030 Domine
3014 4972 3157 5026 Deus
3184 4982 3351 5031 meus,
3392 4962 3438 5016 si
3470 4960 3572 5030 feci

1999 5076 2165 5131 istud.
2200 5075 2353 5142 Quod
2394 5073 2571 5143 patior
2607 5071 2651 5125 si
2683 5069 2789 5141 egi.
2821 5069 2883 5125 Si
2918 5077 2991 5120 est
3020 5063 3269 5133 iniquitas
3316 5060 3370 5110 in
3408 5054 3576 5109 mani-

2002 5170 2096 5223 bus
2148 5170 2298 5221 meis.
2361 5164 2417 5219 Si
2468 5162 2714 5218 concussi
2758 5174 2971 5220 manus,
3029 5171 3087 5210 ut
3130 5147 3574 5206 contubernalem

2000 5267 2372 5328 paupertatem
2423 5252 2807 5322 exprobrarem
2857 5247 3037 5318 patri;
3095 5246 3139 5298 si
3186 5258 3249 5296 cx
3297 5237 3575 5295 laboribus

2001 5359 2293 5420 proventus
2339 5362 2444 5401 non
2481 5343 2645 5399 detuli
2672 5360 2687 5408 ;
2718 5343 2761 5397 si
2794 5356 2899 5396 non
2929 5338 3070 5393 velut
3099 5335 3393 5392 secundam
3425 5330 3578 5388 obla-

2003 5445 2205 5497 tionem
2257 5440 2401 5510 patri
2445 5437 2599 5492 attuli
2651 5436 2987 5506 pensionem.
3026 5429 3086 5486 Si
3128 5439 3201 5483 est
3238 5424 3488 5498 iniquitas
3520 5425 3575 5478 in

2003 5534 2241 5588 manibus
2284 5532 2429 5586 meis.
2477 5529 2532 5585 Si
2576 5543 2766 5584 manus
2795 5527 2860 5581 ad
2892 5525 3149 5580 ultionem
3178 5530 3230 5577 et
3260 5521 3446 5592 plagas
3476 5517 3570 5573 ad-
