  <div class='ocr_page' id='page_1' title='image "/cluster/home/n/w/nwhite01/storage/ocr_20150623/40/hvd.32044073501843/247.png"; bbox 0 0 4024 6208; ppageno 0'>
   <div class='ocr_carea' id='block_1_1' title="bbox 385 295 491 352">
    <p class='ocr_par' dir='ltr' id='par_1_1' title="bbox 385 295 491 352">
     <span class='ocr_line' id='line_1_1' title="bbox 385 295 491 352; baseline -0.019 0"><span class='ocrx_word' id='word_1_1' title='bbox 385 295 491 352; x_wconf 65' lang='lat'><strong>£79</strong></span> 
     </span>
    </p>
   </div>
   <div class='ocr_carea' id='block_1_2' title="bbox 1403 293 2551 352">
    <p class='ocr_par' dir='ltr' id='par_1_2' title="bbox 1403 293 2551 352">
     <span class='ocr_line' id='line_1_2' title="bbox 1403 293 2551 352; baseline 0.001 -4"><span class='ocrx_word' id='word_1_2' title='bbox 1403 295 1742 350; x_wconf 72' lang='lat' dir='ltr'><strong>NEMESIUS</strong></span> <span class='ocrx_word' id='word_1_3' title='bbox 1780 293 2148 352; x_wconf 84' lang='lat' dir='ltr'><strong>EPISCOPUS</strong></span> <span class='ocrx_word' id='word_1_4' title='bbox 2174 293 2551 351; x_wconf 85' lang='lat' dir='ltr'><strong>EMESENUS.</strong></span> 
     </span>
    </p>
   </div>
   <div class='ocr_carea' id='block_1_3' title="bbox 3515 297 3626 351">
    <p class='ocr_par' dir='ltr' id='par_1_3' title="bbox 3515 297 3626 351">
     <span class='ocr_line' id='line_1_3' title="bbox 3515 297 3626 351; baseline 0.009 -1"><span class='ocrx_word' id='word_1_5' title='bbox 3515 297 3626 351; x_wconf 68' lang='grc' dir='ltr'>ιδο</span> 
     </span>
    </p>
   </div>
   <div class='ocr_carea' id='block_1_4' title="bbox 389 408 1969 483">
    <p class='ocr_par' dir='ltr' id='par_1_4' title="bbox 389 409 1938 481">
     <span class='ocr_line' id='line_1_4' title="bbox 389 409 1938 481; baseline -0.003 -13"><span class='ocrx_word' id='word_1_6' title='bbox 389 426 496 469; x_wconf 87' lang='lat' dir='ltr'><strong>tam</strong></span> <span class='ocrx_word' id='word_1_7' title='bbox 528 421 855 468; x_wconf 87' lang='lat' dir='ltr'><strong>senectutem</strong></span> <span class='ocrx_word' id='word_1_8' title='bbox 900 411 1162 481; x_wconf 86' lang='lat' dir='ltr'><strong>pervenit.</strong></span> <span class='ocrx_word' id='word_1_9' title='bbox 1192 409 1346 478; x_wconf 86' lang='lat' dir='ltr'><strong>Item,</strong></span> <span class='ocrx_word' id='word_1_10' title='bbox 1374 412 1509 466; x_wconf 92' lang='lat' dir='ltr'><strong>alter</strong></span> <span class='ocrx_word' id='word_1_11' title='bbox 1537 412 1751 480; x_wconf 86' lang='lat' dir='ltr'><strong>quidem</strong></span> <span class='ocrx_word' id='word_1_12' title='bbox 1773 411 1938 464; x_wconf 75' lang='lat' dir='ltr'><strong>Aria-</strong></span> 
     </span>
    </p>
   </div>
   <div class='ocr_carea' id='block_1_5' title="bbox 2047 408 3620 483">
    <p class='ocr_par' dir='ltr' id='par_1_5' title="bbox 2049 408 3620 483">
     <span class='ocr_line' id='line_1_5' title="bbox 2049 408 3620 483; baseline -0.002 -18"><span class='ocrx_word' id='word_1_13' title='bbox 2049 412 2142 465; x_wconf 79' lang='grc' dir='ltr'>τοῦ</span> <span class='ocrx_word' id='word_1_14' title='bbox 2177 413 2292 482; x_wconf 85' lang='grc' dir='ltr'>βίου</span> <span class='ocrx_word' id='word_1_15' title='bbox 2328 413 2690 483; x_wconf 70' lang='grc' dir='ltr'><strong>κατήντησεν*</strong></span> <span class='ocrx_word' id='word_1_16' title='bbox 2720 409 2987 479; x_wconf 84' lang='grc' dir='ltr'>δεύτερον,</span> <span class='ocrx_word' id='word_1_17' title='bbox 3016 416 3045 468; x_wconf 80' lang='grc' dir='ltr'>ό</span> <span class='ocrx_word' id='word_1_18' title='bbox 3085 408 3184 478; x_wconf 80' lang='grc' dir='ltr'>μὲν</span> <span class='ocrx_word' id='word_1_19' title='bbox 3209 409 3307 479; x_wconf 81' lang='grc' dir='ltr'><strong>τῆς</strong></span> <span class='ocrx_word' id='word_1_20' title='bbox 3356 410 3620 478; x_wconf 79' lang='grc' dir='ltr'>Ἀρειανι-</span> 
     </span>
    </p>
   </div>
   <div class='ocr_carea' id='block_1_6' title="bbox 390 502 1948 572">
    <p class='ocr_par' dir='ltr' id='par_1_6' title="bbox 390 502 1948 572">
     <span class='ocr_line' id='line_1_6' title="bbox 390 502 1948 572; baseline -0.003 -14"><span class='ocrx_word' id='word_1_21' title='bbox 390 521 580 560; x_wconf 86' lang='lat' dir='ltr'><strong>norum</strong></span> <span class='ocrx_word' id='word_1_22' title='bbox 607 505 787 558; x_wconf 80' lang='lat' dir='ltr'><strong>furore</strong></span> <span class='ocrx_word' id='word_1_23' title='bbox 816 503 1004 572; x_wconf 86' lang='lat' dir='ltr'><strong>plenus</strong></span> <span class='ocrx_word' id='word_1_24' title='bbox 1038 512 1156 555; x_wconf 87' lang='lat' dir='ltr'><strong>erat</strong></span> <span class='ocrx_word' id='word_1_25' title='bbox 1184 517 1199 555; x_wconf 90' lang='lat'><strong>:</strong></span> <span class='ocrx_word' id='word_1_26' title='bbox 1224 503 1312 557; x_wconf 90' lang='lat' dir='ltr'><strong>hic</strong></span> <span class='ocrx_word' id='word_1_27' title='bbox 1351 517 1480 556; x_wconf 88' lang='lat' dir='ltr'><strong>vero</strong></span> <span class='ocrx_word' id='word_1_28' title='bbox 1508 502 1560 555; x_wconf 92' lang='lat' dir='ltr'><strong>in</strong></span> <span class='ocrx_word' id='word_1_29' title='bbox 1599 503 1715 556; x_wconf 85' lang='lat' dir='ltr'><strong>suis</strong></span> <span class='ocrx_word' id='word_1_30' title='bbox 1750 511 1948 555; x_wconf 85' lang='lat' dir='ltr'><strong>tracta-</strong></span> 
     </span>
    </p>
   </div>
   <div class='ocr_carea' id='block_1_7' title="bbox 387 591 1945 664">
    <p class='ocr_par' dir='ltr' id='par_1_7' title="bbox 387 591 1945 664">
     <span class='ocr_line' id='line_1_7' title="bbox 387 591 1945 664; baseline -0.004 -13"><span class='ocrx_word' id='word_1_31' title='bbox 387 597 549 662; x_wconf 85' lang='lat' dir='ltr'><strong>tibus,</strong></span> <span class='ocrx_word' id='word_1_32' title='bbox 584 611 702 664; x_wconf 69' lang='lat' dir='ltr'><strong>qua:</strong></span> <span class='ocrx_word' id='word_1_33' title='bbox 727 603 850 647; x_wconf 90' lang='lat' dir='ltr'><strong>sunt</strong></span> <span class='ocrx_word' id='word_1_34' title='bbox 881 592 1001 645; x_wconf 83' lang='lat' dir='ltr'><strong>ﬁdei</strong></span> <span class='ocrx_word' id='word_1_35' title='bbox 1029 593 1338 647; x_wconf 76' lang='lat' dir='ltr'><strong>orthodoxa:</strong></span> <span class='ocrx_word' id='word_1_36' title='bbox 1367 593 1600 646; x_wconf 86' lang='lat' dir='ltr'><strong>docetac</strong></span> <span class='ocrx_word' id='word_1_37' title='bbox 1617 591 1778 646; x_wconf 78' lang='lat' dir='ltr'><strong>tradit</strong></span> <span class='ocrx_word' id='word_1_38' title='bbox 1803 609 1818 658; x_wconf 92' lang='lat'><strong>;</strong></span> <span class='ocrx_word' id='word_1_39' title='bbox 1842 607 1945 646; x_wconf 89' lang='lat' dir='ltr'><strong>non</strong></span> 
     </span>
    </p>
   </div>
   <div class='ocr_carea' id='block_1_8' title="bbox 387 683 1944 754">
    <p class='ocr_par' dir='ltr' id='par_1_8' title="bbox 387 683 1944 754">
     <span class='ocr_line' id='line_1_8' title="bbox 387 683 1944 754; baseline -0.003 -14"><span class='ocrx_word' id='word_1_40' title='bbox 387 699 563 741; x_wconf 88' lang='lat' dir='ltr'><strong>autem</strong></span> <span class='ocrx_word' id='word_1_41' title='bbox 616 685 756 754; x_wconf 90' lang='lat' dir='ltr'><strong>quod</strong></span> <span class='ocrx_word' id='word_1_42' title='bbox 793 683 884 736; x_wconf 90' lang='lat' dir='ltr'><strong>Dei</strong></span> <span class='ocrx_word' id='word_1_43' title='bbox 924 683 1094 738; x_wconf 86' lang='lat' dir='ltr'><strong>Filius</strong></span> <span class='ocrx_word' id='word_1_44' title='bbox 1127 700 1192 739; x_wconf 89' lang='lat' dir='ltr'><strong>ac</strong></span> <span class='ocrx_word' id='word_1_45' title='bbox 1243 684 1476 739; x_wconf 85' lang='lat' dir='ltr'><strong>Verbum</strong></span> <span class='ocrx_word' id='word_1_46' title='bbox 1522 699 1587 738; x_wconf 83' lang='lat' dir='ltr'><strong>ex</strong></span> <span class='ocrx_word' id='word_1_47' title='bbox 1641 684 1805 738; x_wconf 89' lang='lat' dir='ltr'><strong>nihilo</strong></span> <span class='ocrx_word' id='word_1_48' title='bbox 1854 685 1944 747; x_wconf 89' lang='lat' dir='ltr'><strong>sit,</strong></span> 
     </span>
    </p>
   </div>
   <div class='ocr_carea' id='block_1_9' title="bbox 387 771 1948 842">
    <p class='ocr_par' dir='ltr' id='par_1_9' title="bbox 387 771 1948 842">
     <span class='ocr_line' id='line_1_9' title="bbox 387 771 1948 842; baseline 0.001 -15"><span class='ocrx_word' id='word_1_49' title='bbox 387 776 462 828; x_wconf 87' lang='lat' dir='ltr'><strong>uti</strong></span> <span class='ocrx_word' id='word_1_50' title='bbox 493 776 713 827; x_wconf 89' lang='lat' dir='ltr'><strong>insanus</strong></span> <span class='ocrx_word' id='word_1_51' title='bbox 765 772 853 826; x_wconf 91' lang='lat' dir='ltr'><strong>ille</strong></span> <span class='ocrx_word' id='word_1_52' title='bbox 904 771 1352 842; x_wconf 83' lang='lat' dir='ltr'><strong>blaSphemusque</strong></span> <span class='ocrx_word' id='word_1_53' title='bbox 1378 774 1621 828; x_wconf 79' lang='lat' dir='ltr'><strong>Asterius</strong></span> <span class='ocrx_word' id='word_1_54' title='bbox 1654 774 1818 842; x_wconf 87' lang='lat' dir='ltr'><strong>:quin</strong></span> <span class='ocrx_word' id='word_1_55' title='bbox 1855 789 1948 842; x_wconf 84' lang='lat' dir='ltr'><strong>po-</strong></span> 
     </span>
    </p>
   </div>
   <div class='ocr_carea' id='block_1_10' title="bbox 386 865 1944 934">
    <p class='ocr_par' dir='ltr' id='par_1_10' title="bbox 386 865 1944 934">
     <span class='ocr_line' id='line_1_10' title="bbox 386 865 1944 934; baseline 0 -16"><span class='ocrx_word' id='word_1_56' title='bbox 386 870 490 920; x_wconf 90' lang='lat' dir='ltr'><strong>tius</strong></span> <span class='ocrx_word' id='word_1_57' title='bbox 523 881 732 934; x_wconf 85' lang='lat' dir='ltr'><strong>semper</strong></span> <span class='ocrx_word' id='word_1_58' title='bbox 752 879 967 928; x_wconf 89' lang='lat' dir='ltr'><strong>esse,ac</strong></span> <span class='ocrx_word' id='word_1_59' title='bbox 993 881 1204 933; x_wconf 85' lang='lat' dir='ltr'><strong>semper</strong></span> <span class='ocrx_word' id='word_1_60' title='bbox 1226 865 1369 919; x_wconf 85' lang='lat' dir='ltr'><strong>Patri</strong></span> <span class='ocrx_word' id='word_1_61' title='bbox 1394 866 1746 930; x_wconf 80' lang='lat' dir='ltr'><strong>coexsistere,</strong></span> <span class='ocrx_word' id='word_1_62' title='bbox 1782 867 1944 919; x_wconf 83' lang='lat' dir='ltr'><strong>Deum</strong></span> 
     </span>
    </p>
   </div>
   <div class='ocr_carea' id='block_1_11' title="bbox 385 956 1943 1020">
    <p class='ocr_par' dir='ltr' id='par_1_11' title="bbox 385 956 1943 1020">
     <span class='ocr_line' id='line_1_11' title="bbox 385 956 1943 1020; baseline -0.001 -10"><span class='ocrx_word' id='word_1_63' title='bbox 385 958 621 1020; x_wconf 90' lang='lat' dir='ltr'><strong>tradens,</strong></span> <span class='ocrx_word' id='word_1_64' title='bbox 657 957 876 1010; x_wconf 81' lang='lat' dir='ltr'><strong>asserit.</strong></span> <span class='ocrx_word' id='word_1_65' title='bbox 912 956 1114 1020; x_wconf 87' lang='lat' dir='ltr'><strong>Tertio,</strong></span> <span class='ocrx_word' id='word_1_66' title='bbox 1145 957 1391 1011; x_wconf 83' lang='lat' dir='ltr'><strong>Asterius</strong></span> <span class='ocrx_word' id='word_1_67' title='bbox 1420 956 1507 1011; x_wconf 90' lang='lat' dir='ltr'><strong>ille</strong></span> <span class='ocrx_word' id='word_1_68' title='bbox 1529 957 1813 1010; x_wconf 56' lang='lat' dir='ltr'><strong>hereticus</strong></span> <span class='ocrx_word' id='word_1_69' title='bbox 1839 970 1943 1009; x_wconf 91' lang='lat' dir='ltr'><strong>non</strong></span> 
     </span>
    </p>
   </div>
   <div class='ocr_carea' id='block_1_12' title="bbox 382 1045 1940 1116">
    <p class='ocr_par' dir='ltr' id='par_1_12' title="bbox 382 1045 1940 1116">
     <span class='ocr_line' id='line_1_12' title="bbox 382 1045 1940 1116; baseline -0.003 -13"><span class='ocrx_word' id='word_1_70' title='bbox 382 1049 530 1103; x_wconf 87' lang='lat' dir='ltr'><strong>urbis</strong></span> <span class='ocrx_word' id='word_1_71' title='bbox 579 1048 845 1111; x_wconf 70' lang='lat' dir='ltr'><strong>Amasezr,</strong></span> <span class='ocrx_word' id='word_1_72' title='bbox 883 1047 975 1101; x_wconf 87' lang='lat' dir='ltr'><strong>sed</strong></span> <span class='ocrx_word' id='word_1_73' title='bbox 1025 1046 1246 1101; x_wconf 82' lang='lat' dir='ltr'><strong>alterius</strong></span> <span class='ocrx_word' id='word_1_74' title='bbox 1279 1047 1555 1116; x_wconf 86' lang='lat' dir='ltr'><strong>cujusdam</strong></span> <span class='ocrx_word' id='word_1_75' title='bbox 1609 1045 1749 1100; x_wconf 89' lang='lat' dir='ltr'><strong>haud</strong></span> <span class='ocrx_word' id='word_1_76' title='bbox 1785 1045 1940 1112; x_wconf 80' lang='lat' dir='ltr'><strong>longe</strong></span> 
     </span>
    </p>
   </div>
   <div class='ocr_carea' id='block_1_13' title="bbox 379 1120 1939 1207">
    <p class='ocr_par' dir='ltr' id='par_1_13' title="bbox 379 1120 1939 1207">
     <span class='ocr_line' id='line_1_13' title="bbox 379 1120 1939 1207; baseline -0.001 -16"><span class='ocrx_word' id='word_1_77' title='bbox 379 1138 666 1191; x_wconf 84' lang='lat' dir='ltr'><strong>Antiochia</strong></span> <span class='ocrx_word' id='word_1_78' title='bbox 703 1120 1067 1206; x_wconf 83' lang='lat' dir='ltr'><strong>episcopatum</strong></span> <span class='ocrx_word' id='word_1_79' title='bbox 1117 1139 1409 1207; x_wconf 84' lang='lat' dir='ltr'><strong>impietatis</strong></span> <span class='ocrx_word' id='word_1_80' title='bbox 1439 1138 1689 1191; x_wconf 89' lang='lat' dir='ltr'><strong>mercede</strong></span> <span class='ocrx_word' id='word_1_81' title='bbox 1719 1151 1748 1188; x_wconf 91' lang='lat' dir='ltr'><strong>a</strong></span> <span class='ocrx_word' id='word_1_82' title='bbox 1776 1136 1939 1190; x_wconf 88' lang='lat' dir='ltr'><strong>sociis</strong></span> 
     </span>
    </p>
   </div>
   <div class='ocr_carea' id='block_1_14' title="bbox 380 1225 1943 1296">
    <p class='ocr_par' dir='ltr' id='par_1_14' title="bbox 380 1225 1943 1296">
     <span class='ocr_line' id='line_1_14' title="bbox 380 1225 1943 1296; baseline -0.003 -13"><span class='ocrx_word' id='word_1_83' title='bbox 380 1228 648 1283; x_wconf 70' lang='lat' dir='ltr'><strong>hazreticis</strong></span> <span class='ocrx_word' id='word_1_84' title='bbox 702 1228 953 1296; x_wconf 90' lang='lat' dir='ltr'><strong>accepit:</strong></span> <span class='ocrx_word' id='word_1_85' title='bbox 987 1229 1127 1282; x_wconf 90' lang='lat' dir='ltr'><strong>unde</strong></span> <span class='ocrx_word' id='word_1_86' title='bbox 1189 1229 1350 1281; x_wconf 86' lang='lat' dir='ltr'><strong>etiam</strong></span> <span class='ocrx_word' id='word_1_87' title='bbox 1399 1226 1693 1283; x_wconf 86' lang='lat' dir='ltr'><strong>accersitus</strong></span> <span class='ocrx_word' id='word_1_88' title='bbox 1749 1225 1943 1279; x_wconf 86' lang='lat' dir='ltr'><strong>Antio-</strong></span> 
     </span>
    </p>
   </div>
   <div class='ocr_carea' id='block_1_15' title="bbox 379 1316 1942 1386">
    <p class='ocr_par' dir='ltr' id='par_1_15' title="bbox 379 1316 1942 1386">
     <span class='ocr_line' id='line_1_15' title="bbox 379 1316 1942 1386; baseline -0.002 -14"><span class='ocrx_word' id='word_1_89' title='bbox 379 1319 552 1372; x_wconf 88' lang='lat' dir='ltr'><strong>chiam</strong></span> <span class='ocrx_word' id='word_1_90' title='bbox 610 1319 904 1386; x_wconf 80' lang='lat' dir='ltr'><strong>impietatis</strong></span> <span class='ocrx_word' id='word_1_91' title='bbox 940 1318 1182 1372; x_wconf 91' lang='lat' dir='ltr'><strong>subsidio</strong></span> <span class='ocrx_word' id='word_1_92' title='bbox 1209 1333 1239 1370; x_wconf 90' lang='lat' dir='ltr'><strong>a</strong></span> <span class='ocrx_word' id='word_1_93' title='bbox 1278 1333 1386 1372; x_wconf 61' lang='lat' dir='ltr'><strong>suae</strong></span> <span class='ocrx_word' id='word_1_94' title='bbox 1418 1326 1579 1372; x_wconf 69' lang='lat' dir='ltr'><strong>secta:</strong></span> <span class='ocrx_word' id='word_1_95' title='bbox 1610 1316 1942 1376; x_wconf 88' lang='lat' dir='ltr'><strong>hominibus,</strong></span> 
     </span>
    </p>
   </div>
   <div class='ocr_carea' id='block_1_16' title="bbox 378 1405 1938 1476">
    <p class='ocr_par' dir='ltr' id='par_1_16' title="bbox 378 1405 1938 1476">
     <span class='ocr_line' id='line_1_16' title="bbox 378 1405 1938 1476; baseline -0.003 -15"><span class='ocrx_word' id='word_1_96' title='bbox 378 1407 713 1462; x_wconf 75' lang='lat' dir='ltr'><strong>admirabilis</strong></span> <span class='ocrx_word' id='word_1_97' title='bbox 770 1406 968 1461; x_wconf 84' lang='lat' dir='ltr'><strong>Juliani</strong></span> <span class='ocrx_word' id='word_1_98' title='bbox 1026 1408 1296 1476; x_wconf 89' lang='lat' dir='ltr'><strong>precibus,</strong></span> <span class='ocrx_word' id='word_1_99' title='bbox 1332 1407 1407 1461; x_wconf 89' lang='lat' dir='ltr'><strong>uti</strong></span> <span class='ocrx_word' id='word_1_100' title='bbox 1465 1422 1649 1460; x_wconf 82' lang='lat' dir='ltr'><strong>sumus</strong></span> <span class='ocrx_word' id='word_1_101' title='bbox 1709 1405 1938 1472; x_wconf 68' lang='lat' dir='ltr'><strong>prmfati,</strong></span> 
     </span>
    </p>
   </div>
   <div class='ocr_carea' id='block_1_17' title="bbox 379 1497 1943 1564">
    <p class='ocr_par' dir='ltr' id='par_1_17' title="bbox 379 1497 1943 1564">
     <span class='ocr_line' id='line_1_17' title="bbox 379 1497 1943 1564; baseline -0.003 -11"><span class='ocrx_word' id='word_1_102' title='bbox 379 1500 671 1554; x_wconf 83' lang='lat' dir='ltr'><strong>miserabili</strong></span> <span class='ocrx_word' id='word_1_103' title='bbox 699 1500 844 1554; x_wconf 79' lang='lat' dir='ltr'><strong>exitu</strong></span> <span class='ocrx_word' id='word_1_104' title='bbox 889 1501 1048 1552; x_wconf 91' lang='lat' dir='ltr'><strong>vitam</strong></span> <span class='ocrx_word' id='word_1_105' title='bbox 1092 1500 1281 1552; x_wconf 79' lang='lat' dir='ltr'><strong>ﬁnivit.</strong></span> <span class='ocrx_word' id='word_1_106' title='bbox 1320 1497 1612 1562; x_wconf 76' lang='lat' dir='ltr'><strong>Pizeterea,</strong></span> <span class='ocrx_word' id='word_1_107' title='bbox 1645 1497 1780 1550; x_wconf 91' lang='lat' dir='ltr'><strong>alter</strong></span> <span class='ocrx_word' id='word_1_108' title='bbox 1817 1497 1943 1564; x_wconf 88' lang='lat' dir='ltr'><strong>qui-</strong></span> 
     </span>
    </p>
   </div>
   <div class='ocr_carea' id='block_1_18' title="bbox 377 1585 1943 1658">
    <p class='ocr_par' dir='ltr' id='par_1_18' title="bbox 377 1585 1943 1658">
     <span class='ocr_line' id='line_1_18' title="bbox 377 1585 1943 1658; baseline -0.004 -14"><span class='ocrx_word' id='word_1_109' title='bbox 377 1591 494 1644; x_wconf 86' lang='lat' dir='ltr'><strong>dem</strong></span> <span class='ocrx_word' id='word_1_110' title='bbox 525 1605 740 1658; x_wconf 78' lang='lat' dir='ltr'><strong>gregem</strong></span> <span class='ocrx_word' id='word_1_111' title='bbox 779 1589 954 1654; x_wconf 88' lang='lat' dir='ltr'><strong>docet,</strong></span> <span class='ocrx_word' id='word_1_112' title='bbox 993 1589 1152 1656; x_wconf 91' lang='lat' dir='ltr'><strong>inque</strong></span> <span class='ocrx_word' id='word_1_113' title='bbox 1179 1589 1469 1642; x_wconf 90' lang='lat' dir='ltr'><strong>virtutibus</strong></span> <span class='ocrx_word' id='word_1_114' title='bbox 1518 1587 1754 1642; x_wconf 86' lang='lat' dir='ltr'><strong>studiose</strong></span> <span class='ocrx_word' id='word_1_115' title='bbox 1794 1585 1943 1638; x_wconf 85' lang='lat' dir='ltr'><strong>labo-</strong></span> 
     </span>
    </p>
   </div>
   <div class='ocr_carea' id='block_1_19' title="bbox 378 1665 1935 1750">
    <p class='ocr_par' dir='ltr' id='par_1_19' title="bbox 378 1665 1935 1750">
     <span class='ocr_line' id='line_1_19' title="bbox 378 1665 1935 1750; baseline -0.002 -16"><span class='ocrx_word' id='word_1_116' title='bbox 378 1691 480 1744; x_wconf 88' lang='lat' dir='ltr'><strong>rat,</strong></span> <span class='ocrx_word' id='word_1_117' title='bbox 515 1696 578 1733; x_wconf 90' lang='lat' dir='ltr'><strong>ac</strong></span> <span class='ocrx_word' id='word_1_118' title='bbox 635 1681 900 1750; x_wconf 66' lang='lat' dir='ltr'><strong>religiosm</strong></span> <span class='ocrx_word' id='word_1_119' title='bbox 933 1681 1096 1734; x_wconf 88' lang='lat' dir='ltr'><strong>totius</strong></span> <span class='ocrx_word' id='word_1_120' title='bbox 1124 1665 1556 1739; x_wconf 76' lang='lat' dir='ltr'><strong>conversationis</strong></span> <span class='ocrx_word' id='word_1_121' title='bbox 1583 1694 1647 1733; x_wconf 91' lang='lat' dir='ltr'><strong>ac</strong></span> <span class='ocrx_word' id='word_1_122' title='bbox 1680 1678 1804 1732; x_wconf 71' lang='lat' dir='ltr'><strong>vita:</strong></span> <span class='ocrx_word' id='word_1_123' title='bbox 1832 1676 1935 1731; x_wconf 81' lang='lat' dir='ltr'><strong>do-</strong></span> 
     </span>
    </p>
   </div>
   <div class='ocr_carea' id='block_1_20' title="bbox 2051 496 3619 574">
    <p class='ocr_par' dir='ltr' id='par_1_20' title="bbox 2051 496 3619 574">
     <span class='ocr_line' id='line_1_20' title="bbox 2051 496 3619 574; baseline 0 -18"><span class='ocrx_word' id='word_1_124' title='bbox 2051 505 2151 573; x_wconf 85' lang='grc' dir='ltr'><strong>κῆς</strong></span> <span class='ocrx_word' id='word_1_125' title='bbox 2174 503 2376 574; x_wconf 83' lang='grc' dir='ltr'><strong>λύσσης</strong></span> <span class='ocrx_word' id='word_1_126' title='bbox 2424 503 2807 574; x_wconf 74' lang='grc' dir='ltr'>ἐπεπλήρωτοο</span> <span class='ocrx_word' id='word_1_127' title='bbox 2846 496 2998 564; x_wconf 72' lang='grc' dir='ltr'>οὗτος</span> <span class='ocrx_word' id='word_1_128' title='bbox 3047 501 3124 566; x_wconf 86' lang='grc' dir='ltr'>δὲ,</span> <span class='ocrx_word' id='word_1_129' title='bbox 3163 503 3220 553; x_wconf 81' lang='grc' dir='ltr'>ὲν</span> <span class='ocrx_word' id='word_1_130' title='bbox 3254 503 3366 563; x_wconf 84' lang='grc' dir='ltr'>τοῖς</span> <span class='ocrx_word' id='word_1_131' title='bbox 3398 503 3619 566; x_wconf 78' lang='grc' dir='ltr'>οἰκείοις</span> 
     </span>
    </p>
   </div>
   <div class='ocr_carea' id='block_1_21' title="bbox 2049 592 3620 665">
    <p class='ocr_par' dir='ltr' id='par_1_21' title="bbox 2049 592 3620 665">
     <span class='ocr_line' id='line_1_21' title="bbox 2049 592 3620 665; baseline 0.001 -20"><span class='ocrx_word' id='word_1_132' title='bbox 2049 594 2225 663; x_wconf 84' lang='grc' dir='ltr'><strong>λόγοις</strong></span> <span class='ocrx_word' id='word_1_133' title='bbox 2251 595 2316 648; x_wconf 75' lang='grc' dir='ltr'>τὰ</span> <span class='ocrx_word' id='word_1_134' title='bbox 2345 594 2454 646; x_wconf 83' lang='grc' dir='ltr'><strong>τῶν</strong></span> <span class='ocrx_word' id='word_1_135' title='bbox 2481 593 2774 665; x_wconf 81' lang='grc' dir='ltr'>ὀρθοδόξων</span> <span class='ocrx_word' id='word_1_136' title='bbox 2806 592 3140 662; x_wconf 76' lang='grc' dir='ltr'><strong>δογματίζει,</strong></span> <span class='ocrx_word' id='word_1_137' title='bbox 3175 593 3275 644; x_wconf 88' lang='grc' dir='ltr'><strong>οὐκ</strong></span> <span class='ocrx_word' id='word_1_138' title='bbox 3315 594 3378 644; x_wconf 86' lang='grc' dir='ltr'>ὲκ</span> <span class='ocrx_word' id='word_1_139' title='bbox 3419 593 3492 663; x_wconf 81' lang='grc' dir='ltr'>μὴ</span> <span class='ocrx_word' id='word_1_140' title='bbox 3530 594 3620 646; x_wconf 77' lang='grc' dir='ltr'><strong>ὕν-</strong></span> 
     </span>
    </p>
   </div>
   <div class='ocr_carea' id='block_1_22' title="bbox 2048 683 3623 755">
    <p class='ocr_par' dir='ltr' id='par_1_22' title="bbox 2048 683 3623 755">
     <span class='ocr_line' id='line_1_22' title="bbox 2048 683 3623 755; baseline 0 -17"><span class='ocrx_word' id='word_1_141' title='bbox 2048 704 2154 738; x_wconf 88' lang='grc' dir='ltr'>των</span> <span class='ocrx_word' id='word_1_142' title='bbox 2197 686 2287 738; x_wconf 81' lang='grc' dir='ltr'><strong>τὸν</strong></span> <span class='ocrx_word' id='word_1_143' title='bbox 2316 685 2442 738; x_wconf 82' lang='grc' dir='ltr'>Υίδν</span> <span class='ocrx_word' id='word_1_144' title='bbox 2492 687 2585 739; x_wconf 72' lang='grc' dir='ltr'>καὶ</span> <span class='ocrx_word' id='word_1_145' title='bbox 2628 685 2798 753; x_wconf 84' lang='grc' dir='ltr'>Λόγον</span> <span class='ocrx_word' id='word_1_146' title='bbox 2839 685 2932 736; x_wconf 79' lang='grc' dir='ltr'>τοῦ</span> <span class='ocrx_word' id='word_1_147' title='bbox 2975 684 3132 746; x_wconf 82' lang='grc' dir='ltr'>Θεοῦ,</span> <span class='ocrx_word' id='word_1_148' title='bbox 3179 683 3255 747; x_wconf 82' lang='grc' dir='ltr'>ὼς</span> <span class='ocrx_word' id='word_1_149' title='bbox 3293 687 3321 738; x_wconf 87' lang='grc' dir='ltr'><strong>ὁ</strong></span> <span class='ocrx_word' id='word_1_150' title='bbox 3365 685 3623 755; x_wconf 83' lang='grc' dir='ltr'>μεμηνὼς</span> 
     </span>
    </p>
   </div>
   <div class='ocr_carea' id='block_1_23' title="bbox 2047 773 3623 845">
    <p class='ocr_par' dir='ltr' id='par_1_23' title="bbox 2047 773 3623 845">
     <span class='ocr_line' id='line_1_23' title="bbox 2047 773 3623 845; baseline -0.001 -19"><span class='ocrx_word' id='word_1_151' title='bbox 2047 774 2346 844; x_wconf 81' lang='grc' dir='ltr'>δυσφημῶν</span> <span class='ocrx_word' id='word_1_152' title='bbox 2391 774 2682 845; x_wconf 80' lang='grc' dir='ltr'><strong>Ἀστέριος,</strong></span> <span class='ocrx_word' id='word_1_153' title='bbox 2710 774 2797 826; x_wconf 76' lang='grc' dir='ltr'><strong>ἀεὶ</strong></span> <span class='ocrx_word' id='word_1_154' title='bbox 2839 773 2897 825; x_wconf 82' lang='grc' dir='ltr'>δὲ</span> <span class='ocrx_word' id='word_1_155' title='bbox 2927 773 3052 825; x_wconf 74' lang='grc' dir='ltr'>ὄντα</span> <span class='ocrx_word' id='word_1_156' title='bbox 3084 773 3364 840; x_wconf 82' lang='grc' dir='ltr'>θεολογῶν,</span> <span class='ocrx_word' id='word_1_157' title='bbox 3407 774 3498 826; x_wconf 79' lang='grc' dir='ltr'><strong>καὶ</strong></span> <span class='ocrx_word' id='word_1_158' title='bbox 3535 774 3623 826; x_wconf 70' lang='grc' dir='ltr'>ἀεὶ</span> 
     </span>
    </p>
   </div>
   <div class='ocr_carea' id='block_1_24' title="bbox 2049 865 3621 937">
    <p class='ocr_par' dir='ltr' id='par_1_24' title="bbox 2049 865 3621 937">
     <span class='ocr_line' id='line_1_24' title="bbox 2049 865 3621 937; baseline -0.001 -18"><span class='ocrx_word' id='word_1_159' title='bbox 2049 867 2273 920; x_wconf 75' lang='grc' dir='ltr'>συνόντα</span> <span class='ocrx_word' id='word_1_160' title='bbox 2305 866 2382 936; x_wconf 82' lang='grc' dir='ltr'>τῷ</span> <span class='ocrx_word' id='word_1_161' title='bbox 2418 867 2622 937; x_wconf 64' lang='grc' dir='ltr'><strong>Πειτρί⁸</strong></span> <span class='ocrx_word' id='word_1_162' title='bbox 2660 866 2860 937; x_wconf 84' lang='grc' dir='ltr'>τρίτον,</span> <span class='ocrx_word' id='word_1_163' title='bbox 2895 866 2923 916; x_wconf 85' lang='grc' dir='ltr'>ὁ</span> <span class='ocrx_word' id='word_1_164' title='bbox 2979 865 3077 934; x_wconf 86' lang='grc' dir='ltr'><strong>μὲν</strong></span> <span class='ocrx_word' id='word_1_165' title='bbox 3124 865 3395 934; x_wconf 80' lang='grc' dir='ltr'>αίρετικὸς</span> <span class='ocrx_word' id='word_1_166' title='bbox 3433 865 3621 917; x_wconf 81' lang='grc' dir='ltr'><strong>Ἀστέ-</strong></span> 
     </span>
    </p>
   </div>
   <div class='ocr_carea' id='block_1_25' title="bbox 2049 953 3622 1028">
    <p class='ocr_par' dir='ltr' id='par_1_25' title="bbox 2049 953 3622 1028">
     <span class='ocr_line' id='line_1_25' title="bbox 2049 953 3622 1028; baseline -0.003 -19"><span class='ocrx_word' id='word_1_167' title='bbox 2049 975 2181 1028; x_wconf 87' lang='grc' dir='ltr'>ριος,</span> <span class='ocrx_word' id='word_1_168' title='bbox 2229 957 2289 1009; x_wconf 80' lang='grc' dir='ltr'><strong>οὐ</strong></span> <span class='ocrx_word' id='word_1_169' title='bbox 2340 957 2438 1026; x_wconf 82' lang='grc' dir='ltr'><strong>τῆς</strong></span> <span class='ocrx_word' id='word_1_170' title='bbox 2493 957 2807 1026; x_wconf 82' lang='grc' dir='ltr'>Ἀμασείας,</span> <span class='ocrx_word' id='word_1_171' title='bbox 2859 955 2971 1008; x_wconf 82' lang='grc' dir='ltr'><strong>ἀλλ’</strong></span> <span class='ocrx_word' id='word_1_172' title='bbox 3007 954 3170 1024; x_wconf 82' lang='grc' dir='ltr'>ἄλλης</span> <span class='ocrx_word' id='word_1_173' title='bbox 3215 953 3360 1016; x_wconf 79' lang='grc' dir='ltr'>τινὸς</span> <span class='ocrx_word' id='word_1_174' title='bbox 3414 956 3622 1016; x_wconf 78' lang='grc' dir='ltr'>πόλεως</span> 
     </span>
    </p>
   </div>
   <div class='ocr_carea' id='block_1_26' title="bbox 2047 1041 3622 1119">
    <p class='ocr_par' dir='ltr' id='par_1_26' title="bbox 2047 1041 3622 1119">
     <span class='ocr_line' id='line_1_26' title="bbox 2047 1041 3622 1119; baseline -0.003 -19"><span class='ocrx_word' id='word_1_175' title='bbox 2047 1046 2447 1119; x_wconf 79' lang='grc' dir='ltr'>πλησιαζούσης</span> <span class='ocrx_word' id='word_1_176' title='bbox 2469 1049 2533 1116; x_wconf 83' lang='grc' dir='ltr'>τῇ</span> <span class='ocrx_word' id='word_1_177' title='bbox 2565 1045 2852 1115; x_wconf 79' lang='grc' dir='ltr'>Ἀντιόχου,</span> <span class='ocrx_word' id='word_1_178' title='bbox 2871 1045 3056 1115; x_wconf 76' lang='grc' dir='ltr'>μισθὸν</span> <span class='ocrx_word' id='word_1_179' title='bbox 3075 1044 3171 1113; x_wconf 84' lang='grc' dir='ltr'><strong>τῆς</strong></span> <span class='ocrx_word' id='word_1_180' title='bbox 3193 1043 3444 1106; x_wconf 79' lang='grc' dir='ltr'>ἀσεϐείας</span> <span class='ocrx_word' id='word_1_181' title='bbox 3468 1041 3622 1112; x_wconf 78' lang='grc' dir='ltr'>παρὰ</span> 
     </span>
    </p>
   </div>
   <div class='ocr_carea' id='block_1_27' title="bbox 2044 1131 3620 1211">
    <p class='ocr_par' dir='ltr' id='par_1_27' title="bbox 2044 1131 3620 1211">
     <span class='ocr_line' id='line_1_27' title="bbox 2044 1131 3620 1211; baseline -0.006 -17"><span class='ocrx_word' id='word_1_182' title='bbox 2044 1141 2153 1194; x_wconf 84' lang='grc' dir='ltr'><strong>τῶν</strong></span> <span class='ocrx_word' id='word_1_183' title='bbox 2189 1139 2618 1211; x_wconf 83' lang='grc' dir='ltr'>συναιρεσιωτῶν</span> <span class='ocrx_word' id='word_1_184' title='bbox 2659 1140 2756 1207; x_wconf 82' lang='grc' dir='ltr'>τὴν</span> <span class='ocrx_word' id='word_1_185' title='bbox 2816 1137 3117 1208; x_wconf 75' lang='grc' dir='ltr'>ἐπισκοπὴν</span> <span class='ocrx_word' id='word_1_186' title='bbox 3166 1135 3382 1204; x_wconf 75' lang='grc' dir='ltr'>εἴληφεν</span> <span class='ocrx_word' id='word_1_187' title='bbox 3405 1150 3419 1164; x_wconf 85' lang='grc'>⁶</span> <span class='ocrx_word' id='word_1_188' title='bbox 3455 1134 3513 1201; x_wconf 78' lang='grc' dir='ltr'>ἐξ</span> <span class='ocrx_word' id='word_1_189' title='bbox 3550 1131 3620 1205; x_wconf 82' lang='grc' dir='ltr'><strong>ἦς</strong></span> 
     </span>
    </p>
   </div>
   <div class='ocr_carea' id='block_1_28' title="bbox 2045 1227 3618 1303">
    <p class='ocr_par' dir='ltr' id='par_1_28' title="bbox 2045 1227 3618 1303">
     <span class='ocr_line' id='line_1_28' title="bbox 2045 1227 3618 1303; baseline -0.004 -17"><span class='ocrx_word' id='word_1_190' title='bbox 2045 1235 2138 1286; x_wconf 73' lang='grc' dir='ltr'><strong>καὶ</strong></span> <span class='ocrx_word' id='word_1_191' title='bbox 2174 1232 2507 1303; x_wconf 83' lang='grc' dir='ltr'>μετάκλητος</span> <span class='ocrx_word' id='word_1_192' title='bbox 2546 1234 2602 1284; x_wconf 76' lang='grc' dir='ltr'>ὲν</span> <span class='ocrx_word' id='word_1_193' title='bbox 2643 1231 2940 1299; x_wconf 75' lang='grc' dir='ltr'>’Δντιοχείᾳ</span> <span class='ocrx_word' id='word_1_194' title='bbox 2978 1229 3127 1299; x_wconf 81' lang='grc' dir='ltr'>παρὰ</span> <span class='ocrx_word' id='word_1_195' title='bbox 3152 1228 3261 1279; x_wconf 84' lang='grc' dir='ltr'><strong>τῶν</strong></span> <span class='ocrx_word' id='word_1_196' title='bbox 3301 1227 3618 1298; x_wconf 70' lang='grc' dir='ltr'>ὁμοφρὸνων</span> 
     </span>
    </p>
   </div>
   <div class='ocr_carea' id='block_1_29' title="bbox 2044 1316 3615 1390">
    <p class='ocr_par' dir='ltr' id='par_1_29' title="bbox 2044 1316 3615 1390">
     <span class='ocr_line' id='line_1_29' title="bbox 2044 1316 3615 1390; baseline -0.004 -16"><span class='ocrx_word' id='word_1_197' title='bbox 2044 1321 2280 1390; x_wconf 80' lang='grc' dir='ltr'>γεγονὼς</span> <span class='ocrx_word' id='word_1_198' title='bbox 2326 1322 2418 1373; x_wconf 68' lang='grc' dir='ltr'>ἐπὶ</span> <span class='ocrx_word' id='word_1_199' title='bbox 2455 1319 2740 1390; x_wconf 71' lang='grc' dir='ltr'>συμμαχίᾳ.</span> <span class='ocrx_word' id='word_1_200' title='bbox 2785 1319 2878 1372; x_wconf 81' lang='grc' dir='ltr'>τοῦ</span> <span class='ocrx_word' id='word_1_201' title='bbox 2911 1318 3334 1388; x_wconf 82' lang='grc' dir='ltr'>δυσσεὸήματος,</span> <span class='ocrx_word' id='word_1_202' title='bbox 3369 1319 3488 1379; x_wconf 82' lang='grc' dir='ltr'>ταῖς</span> <span class='ocrx_word' id='word_1_203' title='bbox 3519 1316 3615 1369; x_wconf 79' lang='grc' dir='ltr'>τοῦ</span> 
     </span>
    </p>
   </div>
   <div class='ocr_carea' id='block_1_30' title="bbox 2044 1408 3615 1484">
    <p class='ocr_par' dir='ltr' id='par_1_30' title="bbox 2044 1408 3615 1484">
     <span class='ocr_line' id='line_1_30' title="bbox 2044 1408 3615 1484; baseline -0.005 -18"><span class='ocrx_word' id='word_1_204' title='bbox 2044 1413 2345 1484; x_wconf 84' lang='grc' dir='ltr'>Θαυμασίου</span> <span class='ocrx_word' id='word_1_205' title='bbox 2403 1411 2690 1465; x_wconf 86' lang='grc' dir='ltr'>Ἰουλιανοῦ</span> <span class='ocrx_word' id='word_1_206' title='bbox 2740 1413 3098 1482; x_wconf 80' lang='grc' dir='ltr'>προσευχαῖς,</span> <span class='ocrx_word' id='word_1_207' title='bbox 3151 1409 3225 1472; x_wconf 82' lang='grc' dir='ltr'><strong>ὼς</strong></span> <span class='ocrx_word' id='word_1_208' title='bbox 3271 1408 3615 1478; x_wconf 78' lang='grc' dir='ltr'>προείρηται,</span> 
     </span>
    </p>
   </div>
   <div class='ocr_carea' id='block_1_31' title="bbox 2043 1495 3617 1571">
    <p class='ocr_par' dir='ltr' id='par_1_31' title="bbox 2043 1495 3617 1571">
     <span class='ocr_line' id='line_1_31' title="bbox 2043 1495 3617 1571; baseline -0.006 -16"><span class='ocrx_word' id='word_1_209' title='bbox 2043 1504 2132 1555; x_wconf 60' lang='grc' dir='ltr'>τὸν</span> <span class='ocrx_word' id='word_1_210' title='bbox 2165 1501 2277 1571; x_wconf 90' lang='grc' dir='ltr'>βίον</span> <span class='ocrx_word' id='word_1_211' title='bbox 2307 1500 2504 1564; x_wconf 82' lang='grc' dir='ltr'><strong>ἀθλίως</strong></span> <span class='ocrx_word' id='word_1_212' title='bbox 2537 1499 2928 1568; x_wconf 80' lang='grc' dir='ltr'>κατέστρεψεν·</span> <span class='ocrx_word' id='word_1_213' title='bbox 2965 1498 3056 1550; x_wconf 71' lang='grc' dir='ltr'>ἐπὶ</span> <span class='ocrx_word' id='word_1_214' title='bbox 3103 1496 3327 1559; x_wconf 71' lang='grc' dir='ltr'>τούτοιςς</span> <span class='ocrx_word' id='word_1_215' title='bbox 3359 1498 3388 1548; x_wconf 81' lang='grc' dir='ltr'>ὁ</span> <span class='ocrx_word' id='word_1_216' title='bbox 3420 1495 3517 1563; x_wconf 79' lang='grc' dir='ltr'><strong>μὲν</strong></span> <span class='ocrx_word' id='word_1_217' title='bbox 3538 1495 3617 1546; x_wconf 82' lang='grc' dir='ltr'><strong>δι-</strong></span> 
     </span>
    </p>
   </div>
   <div class='ocr_carea' id='block_1_32' title="bbox 2042 1586 3621 1662">
    <p class='ocr_par' dir='ltr' id='par_1_32' title="bbox 2042 1586 3621 1662">
     <span class='ocr_line' id='line_1_32' title="bbox 2042 1586 3621 1662; baseline -0.006 -15"><span class='ocrx_word' id='word_1_218' title='bbox 2042 1596 2226 1648; x_wconf 73' lang='grc' dir='ltr'>δάσκει</span> <span class='ocrx_word' id='word_1_219' title='bbox 2255 1593 2318 1644; x_wconf 86' lang='grc' dir='ltr'><strong>τὸ</strong></span> <span class='ocrx_word' id='word_1_220' title='bbox 2361 1592 2630 1662; x_wconf 80' lang='grc' dir='ltr'>ποίμνιον,</span> <span class='ocrx_word' id='word_1_221' title='bbox 2657 1592 2749 1644; x_wconf 65' lang='grc' dir='ltr'><strong>καλ⁵</strong></span> <span class='ocrx_word' id='word_1_222' title='bbox 2793 1591 3156 1658; x_wconf 81' lang='grc' dir='ltr'>φιλοπονεῖται</span> <span class='ocrx_word' id='word_1_223' title='bbox 3187 1589 3314 1656; x_wconf 71' lang='grc' dir='ltr'>περὶ</span> <span class='ocrx_word' id='word_1_224' title='bbox 3355 1586 3462 1639; x_wconf 81' lang='grc' dir='ltr'><strong>τῶν</strong></span> <span class='ocrx_word' id='word_1_225' title='bbox 3489 1587 3621 1655; x_wconf 86' lang='grc' dir='ltr'><strong>ἀρε-</strong></span> 
     </span>
    </p>
   </div>
   <div class='ocr_carea' id='block_1_33' title="bbox 2041 1678 3621 1753">
    <p class='ocr_par' dir='ltr' id='par_1_33' title="bbox 2041 1678 3621 1753">
     <span class='ocr_line' id='line_1_33' title="bbox 2041 1678 3621 1753; baseline -0.008 -13"><span class='ocrx_word' id='word_1_226' title='bbox 2041 1686 2171 1748; x_wconf 84' lang='grc' dir='ltr'>τῶν,</span> <span class='ocrx_word' id='word_1_227' title='bbox 2209 1687 2422 1753; x_wconf 81' lang='grc' dir='ltr'>ἁπάσης</span> <span class='ocrx_word' id='word_1_228' title='bbox 2443 1685 2498 1737; x_wconf 85' lang='grc' dir='ltr'><strong>δὲ</strong></span> <span class='ocrx_word' id='word_1_229' title='bbox 2521 1685 2793 1738; x_wconf 79' lang='grc' dir='ltr'>δείκνυται</span> <span class='ocrx_word' id='word_1_230' title='bbox 2829 1681 3121 1751; x_wconf 78' lang='grc' dir='ltr'>θεαρέστου</span> <span class='ocrx_word' id='word_1_231' title='bbox 3155 1678 3424 1740; x_wconf 79' lang='grc' dir='ltr'>πολιτείας</span> <span class='ocrx_word' id='word_1_232' title='bbox 3451 1693 3621 1730; x_wconf 85' lang='grc' dir='ltr'>κατα-</span> 
     </span>
    </p>
   </div>
   <div class='ocr_carea' id='block_1_34' title="bbox 377 1751 1969 1848">
    <p class='ocr_par' dir='ltr' id='par_1_34' title="bbox 377 1769 1936 1844">
     <span class='ocr_line' id='line_1_34' title="bbox 377 1769 1936 1844; baseline -0.001 -20"><span class='ocrx_word' id='word_1_233' title='bbox 377 1773 629 1826; x_wconf 86' lang='lat' dir='ltr'><strong>micilium</strong></span> <span class='ocrx_word' id='word_1_234' title='bbox 685 1773 970 1844; x_wconf 83' lang='lat' dir='ltr'><strong>proditur:</strong></span> <span class='ocrx_word' id='word_1_235' title='bbox 1005 1786 1232 1840; x_wconf 90' lang='lat' dir='ltr'><strong>quorum</strong></span> <span class='ocrx_word' id='word_1_236' title='bbox 1297 1773 1427 1826; x_wconf 90' lang='lat' dir='ltr'><strong>nihil</strong></span> <span class='ocrx_word' id='word_1_237' title='bbox 1486 1770 1856 1844; x_wconf 88' lang='lat' dir='ltr'><strong>deprehendas</strong></span> <span class='ocrx_word' id='word_1_238' title='bbox 1885 1769 1936 1822; x_wconf 91' lang='lat' dir='ltr'><strong>in</strong></span> 
     </span>
    </p>
   </div>
   <div class='ocr_carea' id='block_1_35' title="bbox 2047 1751 3328 1848">
    <p class='ocr_par' dir='ltr' id='par_1_35' title="bbox 2047 1771 3328 1848">
     <span class='ocr_line' id='line_1_35' title="bbox 2047 1771 3328 1848; baseline -0.008 -16"><span class='ocrx_word' id='word_1_239' title='bbox 2047 1779 2276 1848; x_wconf 69' lang='grc' dir='ltr'>γὼγιονο</span> <span class='ocrx_word' id='word_1_240' title='bbox 2312 1779 2340 1830; x_wconf 85' lang='grc' dir='ltr'>ὁ</span> <span class='ocrx_word' id='word_1_241' title='bbox 2367 1777 2422 1829; x_wconf 82' lang='grc' dir='ltr'><strong>δὲ</strong></span> <span class='ocrx_word' id='word_1_242' title='bbox 2451 1777 2602 1830; x_wconf 81' lang='grc' dir='ltr'>οὐδὲν</span> <span class='ocrx_word' id='word_1_243' title='bbox 2630 1774 2866 1828; x_wconf 81' lang='grc' dir='ltr'>τοιοῦτον</span> <span class='ocrx_word' id='word_1_244' title='bbox 2904 1771 3328 1840; x_wconf 80' lang='grc' dir='ltr'>ὲπιγινώσκετα,</span> 
     </span>
    </p>
   </div>
   <div class='ocr_carea' id='block_1_36' title="bbox 377 1865 565 1916">
    <p class='ocr_par' dir='ltr' id='par_1_36' title="bbox 377 1865 565 1916">
     <span class='ocr_line' id='line_1_36' title="bbox 377 1865 565 1916; baseline 0.016 -2"><span class='ocrx_word' id='word_1_245' title='bbox 377 1865 565 1916; x_wconf 79' lang='lat' dir='ltr'><strong>altero.</strong></span> 
     </span>
    </p>
   </div>
   <div class='ocr_carea' id='block_1_37' title="bbox 375 2031 3606 2076">
    <p class='ocr_par' dir='ltr' id='par_1_37' title="bbox 375 2031 3606 2076">
     <span class='ocr_line' id='line_1_37' title="bbox 375 2031 3606 2076; baseline -0.001 -2"><span class='ocrx_word' id='word_1_246' title='bbox 375 2031 3606 2076; x_wconf 57' lang='lat' dir='ltr'><strong>Mm</strong></span> 
     </span>
    </p>
   </div>
   <div class='ocr_carea' id='block_1_38' title="bbox 386 2078 429 2092">
    <p class='ocr_par' dir='ltr' id='par_1_38' title="bbox 386 2078 429 2092">
     <span class='ocr_line' id='line_1_38' title="bbox 386 2078 429 2092; baseline 0 -3"><span class='ocrx_word' id='word_1_247' title='bbox 386 2078 429 2092; x_wconf 67' lang='grc' dir='ltr'><strong>ρ-</strong></span> 
     </span>
    </p>
   </div>
   <div class='ocr_carea' id='block_1_39' title="bbox 1573 2209 2400 2262">
    <p class='ocr_par' dir='ltr' id='par_1_39' title="bbox 1573 2209 2400 2262">
     <span class='ocr_line' id='line_1_39' title="bbox 1573 2209 2400 2262; baseline -0.008 0"><span class='ocrx_word' id='word_1_248' title='bbox 1573 2218 1748 2262; x_wconf 78' lang='lat' dir='ltr'><strong>CIRCA</strong></span> <span class='ocrx_word' id='word_1_249' title='bbox 1785 2212 2007 2258; x_wconf 76' lang='lat' dir='ltr'><strong>ANNUM</strong></span> <span class='ocrx_word' id='word_1_250' title='bbox 2043 2211 2264 2254; x_wconf 79' lang='lat' dir='ltr'><strong>DOMINI</strong></span> <span class='ocrx_word' id='word_1_251' title='bbox 2303 2209 2400 2255; x_wconf 88' lang='lat' dir='ltr'><strong>CD.</strong></span> 
     </span>
    </p>
   </div>
   <div class='ocr_carea' id='block_1_40' title="bbox 489 2397 2574 2699">
    <p class='ocr_par' dir='ltr' id='par_1_40' title="bbox 489 2397 2574 2699">
     <span class='ocr_line' id='line_1_40' title="bbox 489 2397 2574 2699; baseline -0.004 0"><span class='ocrx_word' id='word_1_252' title='bbox 489 2679 520 2699; x_wconf 82' lang='lat'><strong>.</strong></span> <span class='ocrx_word' id='word_1_253' title='bbox 1049 2397 1054 2403; x_wconf 25' lang='grc'><strong>“</strong></span> <span class='ocrx_word' id='word_1_254' title='bbox 1432 2516 2574 2696; x_wconf 87' lang='lat' dir='ltr'><strong>NEMESIUS</strong></span> 
     </span>
    </p>
   </div>
   <div class='ocr_carea' id='block_1_41' title="bbox 1118 2835 1934 2929">
    <p class='ocr_par' dir='ltr' id='par_1_41' title="bbox 1118 2835 1934 2929">
     <span class='ocr_line' id='line_1_41' title="bbox 1118 2835 1934 2929; baseline -0.005 0"><span class='ocrx_word' id='word_1_255' title='bbox 1118 2835 1934 2929; x_wconf 88' lang='lat' dir='ltr'><strong>EPISCOPUS</strong></span> 
     </span>
    </p>
   </div>
   <div class='ocr_carea' id='block_1_42' title="bbox 2089 2832 2842 2926">
    <p class='ocr_par' dir='ltr' id='par_1_42' title="bbox 2089 2832 2842 2926">
     <span class='ocr_line' id='line_1_42' title="bbox 2089 2832 2842 2926; baseline 0 -4"><span class='ocrx_word' id='word_1_256' title='bbox 2089 2832 2842 2926; x_wconf 84' lang='lat' dir='ltr'><strong>EMESENUS</strong></span> 
     </span>
    </p>
   </div>
   <div class='ocr_carea' id='block_1_43' title="bbox 1973 3059 2044 3072">
    <p class='ocr_par' dir='ltr' id='par_1_43' title="bbox 1973 3059 2044 3072">
     <span class='ocr_line' id='line_1_43' title="bbox 1973 3059 2044 3072; baseline 0 -3"><span class='ocrx_word' id='word_1_257' title='bbox 1973 3059 2044 3072; x_wconf 55' lang='lat' dir='ltr'><strong>rw.</strong></span> 
     </span>
    </p>
   </div>
   <div class='ocr_carea' id='block_1_44' title="bbox 1277 3203 2724 3321">
    <p class='ocr_par' dir='ltr' id='par_1_44' title="bbox 1277 3203 2724 3321">
     <span class='ocr_line' id='line_1_44' title="bbox 1277 3203 2724 3321; baseline -0.003 0"><span class='ocrx_word' id='word_1_258' title='bbox 1277 3205 1888 3321; x_wconf 84' lang='lat' dir='ltr'><strong>NOTITIA</strong></span> <span class='ocrx_word' id='word_1_259' title='bbox 1939 3203 2724 3320; x_wconf 84' lang='lat' dir='ltr'><strong>HISTORICA</strong></span> 
     </span>
    </p>
   </div>
   <div class='ocr_carea' id='block_1_45' title="bbox 1229 3419 2768 3487">
    <p class='ocr_par' dir='ltr' id='par_1_45' title="bbox 1229 3419 2768 3487">
     <span class='ocr_line' id='line_1_45' title="bbox 1229 3419 2768 3487; baseline -0.001 -13"><span class='ocrx_word' id='word_1_260' title='bbox 1229 3425 1322 3486; x_wconf 80' lang='lat' dir='ltr'><strong>(Ex</strong></span> <span class='ocrx_word' id='word_1_261' title='bbox 1348 3423 1641 3477; x_wconf 77' lang='lat' dir='ltr'><strong>Bibliotheca</strong></span> <span class='ocrx_word' id='word_1_262' title='bbox 1666 3428 1873 3476; x_wconf 84' lang='lat' dir='ltr'><strong>Patrum</strong></span> <span class='ocrx_word' id='word_1_263' title='bbox 1895 3426 2152 3486; x_wconf 84' lang='lat' dir='ltr'><strong>Gallandii,</strong></span> <span class='ocrx_word' id='word_1_264' title='bbox 2180 3429 2216 3473; x_wconf 94' lang='lat' dir='ltr'><strong>t.</strong></span> <span class='ocrx_word' id='word_1_265' title='bbox 2243 3423 2349 3484; x_wconf 86' lang='lat' dir='ltr'><strong>VII,</strong></span> <span class='ocrx_word' id='word_1_266' title='bbox 2373 3424 2575 3486; x_wconf 67' lang='lat' dir='ltr'><strong>Proles.</strong></span> <span class='ocrx_word' id='word_1_267' title='bbox 2597 3436 2647 3485; x_wconf 87' lang='lat' dir='ltr'><strong>p.</strong></span> <span class='ocrx_word' id='word_1_268' title='bbox 2673 3419 2768 3487; x_wconf 78' lang='lat' dir='ltr'><strong>xl.)</strong></span> 
     </span>
    </p>
   </div>
   <div class='ocr_carea' id='block_1_46' title="bbox 444 3676 3620 3761">
    <p class='ocr_par' dir='ltr' id='par_1_46' title="bbox 444 3676 3620 3761">
     <span class='ocr_line' id='line_1_46' title="bbox 444 3676 3620 3761; baseline -0 -15"><span class='ocrx_word' id='word_1_269' title='bbox 444 3691 486 3746; x_wconf 83' lang='lat' dir='ltr'><strong>l.</strong></span> <span class='ocrx_word' id='word_1_270' title='bbox 525 3690 752 3755; x_wconf 83' lang='lat' dir='ltr'><strong>Emesae,</strong></span> <span class='ocrx_word' id='word_1_271' title='bbox 793 3703 913 3758; x_wconf 72' lang='lat' dir='ltr'><strong>qua:</strong></span> <span class='ocrx_word' id='word_1_272' title='bbox 956 3699 1010 3744; x_wconf 88' lang='lat' dir='ltr'><strong>et</strong></span> <span class='ocrx_word' id='word_1_273' title='bbox 1055 3691 1256 3754; x_wconf 89' lang='lat' dir='ltr'><strong>Emisa,</strong></span> <span class='ocrx_word' id='word_1_274' title='bbox 1306 3693 1360 3746; x_wconf 90' lang='lat' dir='ltr'><strong>in</strong></span> <span class='ocrx_word' id='word_1_275' title='bbox 1404 3676 1676 3749; x_wconf 71' lang='lat' dir='ltr'><strong>Phoenicia</strong></span> <span class='ocrx_word' id='word_1_276' title='bbox 1708 3697 1940 3752; x_wconf 89' lang='lat' dir='ltr'><strong>secunda</strong></span> <span class='ocrx_word' id='word_1_277' title='bbox 1973 3702 2013 3757; x_wconf 90' lang='lat' dir='ltr'><strong><em>C</em></strong></span> <span class='ocrx_word' id='word_1_278' title='bbox 2051 3697 2125 3749; x_wconf 78' lang='lat' dir='ltr'><strong>De</strong></span> <span class='ocrx_word' id='word_1_279' title='bbox 2152 3704 2343 3748; x_wconf 87' lang='lat' dir='ltr'><strong>natura</strong></span> <span class='ocrx_word' id='word_1_280' title='bbox 2367 3693 2615 3755; x_wconf 78' lang='lat' dir='ltr'><strong>hominis,</strong></span> <span class='ocrx_word' id='word_1_281' title='bbox 2652 3691 2766 3746; x_wconf 87' lang='lat' dir='ltr'><strong>sive</strong></span> <span class='ocrx_word' id='word_1_282' title='bbox 2791 3691 2999 3761; x_wconf 87' lang='lat' dir='ltr'><strong>aliquas</strong></span> <span class='ocrx_word' id='word_1_283' title='bbox 3026 3704 3095 3746; x_wconf 83' lang='lat' dir='ltr'><strong>ex</strong></span> <span class='ocrx_word' id='word_1_284' title='bbox 3123 3704 3189 3746; x_wconf 91' lang='lat' dir='ltr'><strong>eo</strong></span> <span class='ocrx_word' id='word_1_285' title='bbox 3218 3690 3435 3760; x_wconf 80' lang='lat' dir='ltr'><strong>eclogas</strong></span> <span class='ocrx_word' id='word_1_286' title='bbox 3461 3692 3620 3746; x_wconf 75' lang='lat' dir='ltr'><strong>exhi-</strong></span> 
     </span>
    </p>
   </div>
   <div class='ocr_carea' id='block_1_47' title="bbox 373 3781 1942 3858">
    <p class='ocr_par' dir='ltr' id='par_1_47' title="bbox 373 3781 1942 3858">
     <span class='ocr_line' id='line_1_47' title="bbox 373 3781 1942 3858; baseline 0.003 -20"><span class='ocrx_word' id='word_1_287' title='bbox 373 3786 660 3854; x_wconf 87' lang='lat' dir='ltr'><strong>episcopus</strong></span> <span class='ocrx_word' id='word_1_288' title='bbox 702 3782 865 3836; x_wconf 75' lang='lat' dir='ltr'><strong>fuisse</strong></span> <span class='ocrx_word' id='word_1_289' title='bbox 903 3782 1133 3836; x_wconf 89' lang='lat' dir='ltr'><strong>traditur</strong></span> <span class='ocrx_word' id='word_1_290' title='bbox 1175 3781 1496 3852; x_wconf 82' lang='lat' dir='ltr'><strong>Nemesius;</strong></span> <span class='ocrx_word' id='word_1_291' title='bbox 1538 3787 1695 3856; x_wconf 89' lang='lat' dir='ltr'><strong>eique</strong></span> <span class='ocrx_word' id='word_1_292' title='bbox 1737 3788 1788 3841; x_wconf 92' lang='lat' dir='ltr'><strong>in</strong></span> <span class='ocrx_word' id='word_1_293' title='bbox 1826 3789 1942 3858; x_wconf 88' lang='lat' dir='ltr'><strong>epi-</strong></span> 
     </span>
    </p>
   </div>
   <div class='ocr_carea' id='block_1_48' title="bbox 373 3871 1945 3946">
    <p class='ocr_par' dir='ltr' id='par_1_48' title="bbox 373 3871 1945 3946">
     <span class='ocr_line' id='line_1_48' title="bbox 373 3871 1945 3946; baseline 0.003 -18"><span class='ocrx_word' id='word_1_294' title='bbox 373 3888 655 3942; x_wconf 84' lang='lat' dir='ltr'><strong>scoporum</strong></span> <span class='ocrx_word' id='word_1_295' title='bbox 690 3871 1074 3926; x_wconf 85' lang='lat' dir='ltr'><strong>Emesenorum</strong></span> <span class='ocrx_word' id='word_1_296' title='bbox 1105 3874 1244 3927; x_wconf 90' lang='lat' dir='ltr'><strong>serie</strong></span> <span class='ocrx_word' id='word_1_297' title='bbox 1274 3873 1568 3929; x_wconf 87' lang='lat' dir='ltr'><strong>ordinanda</strong></span> <span class='ocrx_word' id='word_1_298' title='bbox 1599 3877 1842 3946; x_wconf 90' lang='lat' dir='ltr'><strong>quintum</strong></span> <span class='ocrx_word' id='word_1_299' title='bbox 1868 3878 1945 3932; x_wconf 88' lang='lat' dir='ltr'><strong>lo-</strong></span> 
     </span>
    </p>
   </div>
   <div class='ocr_carea' id='block_1_49' title="bbox 371 3963 1946 4040">
    <p class='ocr_par' dir='ltr' id='par_1_49' title="bbox 371 3963 1946 4040">
     <span class='ocr_line' id='line_1_49' title="bbox 371 3963 1946 4040; baseline 0.003 -20"><span class='ocrx_word' id='word_1_300' title='bbox 371 3981 495 4020; x_wconf 67' lang='lat' dir='ltr'><strong>cum</strong></span> <span class='ocrx_word' id='word_1_301' title='bbox 528 3973 672 4019; x_wconf 87' lang='lat' dir='ltr'><strong>recte</strong></span> <span class='ocrx_word' id='word_1_302' title='bbox 698 3963 953 4020; x_wconf 89' lang='lat' dir='ltr'><strong>tribuisse</strong></span> <span class='ocrx_word' id='word_1_303' title='bbox 979 3964 1189 4018; x_wconf 86' lang='lat' dir='ltr'><strong>videtur</strong></span> <span class='ocrx_word' id='word_1_304' title='bbox 1219 3965 1289 4019; x_wconf 94' lang='lat' dir='ltr'><strong>cl.</strong></span> <span class='ocrx_word' id='word_1_305' title='bbox 1321 3965 1647 4036; x_wconf 86' lang='lat' dir='ltr'><strong>Lequienius</strong></span> <span class='ocrx_word' id='word_1_306' title='bbox 1673 3969 1750 4040; x_wconf 88' lang='lat' dir='ltr'><strong>(a)</strong></span> <span class='ocrx_word' id='word_1_307' title='bbox 1784 3989 1796 4024; x_wconf 90' lang='lat'><strong>:</strong></span> <span class='ocrx_word' id='word_1_308' title='bbox 1835 3985 1946 4024; x_wconf 79' lang='lat' dir='ltr'><strong>me-</strong></span> 
     </span>
    </p>
   </div>
   <div class='ocr_carea' id='block_1_50' title="bbox 375 4054 1940 4126">
    <p class='ocr_par' dir='ltr' id='par_1_50' title="bbox 375 4054 1940 4126">
     <span class='ocr_line' id='line_1_50' title="bbox 375 4054 1940 4126; baseline 0.004 -17"><span class='ocrx_word' id='word_1_309' title='bbox 375 4056 523 4109; x_wconf 86' lang='lat' dir='ltr'><strong>dium</strong></span> <span class='ocrx_word' id='word_1_310' title='bbox 549 4055 754 4110; x_wconf 84' lang='lat' dir='ltr'><strong>scilicet</strong></span> <span class='ocrx_word' id='word_1_311' title='bbox 779 4055 916 4108; x_wconf 90' lang='lat' dir='ltr'><strong>inter</strong></span> <span class='ocrx_word' id='word_1_312' title='bbox 943 4055 1163 4109; x_wconf 88' lang='lat' dir='ltr'><strong>Paulum</strong></span> <span class='ocrx_word' id='word_1_313' title='bbox 1187 4054 1230 4124; x_wconf 87' lang='grc'>1,</span> <span class='ocrx_word' id='word_1_314' title='bbox 1255 4058 1345 4126; x_wconf 89' lang='lat' dir='ltr'><strong>qui</strong></span> <span class='ocrx_word' id='word_1_315' title='bbox 1373 4059 1424 4112; x_wconf 91' lang='lat' dir='ltr'><strong>in</strong></span> <span class='ocrx_word' id='word_1_316' title='bbox 1457 4058 1784 4115; x_wconf 87' lang='lat' dir='ltr'><strong>Seleuciensi</strong></span> <span class='ocrx_word' id='word_1_317' title='bbox 1815 4076 1940 4115; x_wconf 81' lang='lat' dir='ltr'><strong>con-</strong></span> 
     </span>
    </p>
   </div>
   <div class='ocr_carea' id='block_1_51' title="bbox 375 4144 1944 4213">
    <p class='ocr_par' dir='ltr' id='par_1_51' title="bbox 375 4144 1944 4213">
     <span class='ocr_line' id='line_1_51' title="bbox 375 4144 1944 4213; baseline 0.006 -15"><span class='ocrx_word' id='word_1_318' title='bbox 375 4144 498 4198; x_wconf 88' lang='lat' dir='ltr'><strong>cilio</strong></span> <span class='ocrx_word' id='word_1_319' title='bbox 535 4145 765 4212; x_wconf 74' lang='lat' dir='ltr'><strong>Georgio</strong></span> <span class='ocrx_word' id='word_1_320' title='bbox 788 4145 1181 4213; x_wconf 80' lang='lat' dir='ltr'><strong>Alexandrino,</strong></span> <span class='ocrx_word' id='word_1_321' title='bbox 1222 4149 1419 4202; x_wconf 89' lang='lat' dir='ltr'><strong>Acacio</strong></span> <span class='ocrx_word' id='word_1_322' title='bbox 1447 4148 1765 4206; x_wconf 67' lang='lat' dir='ltr'><strong>Caesariensi</strong></span> <span class='ocrx_word' id='word_1_323' title='bbox 1795 4152 1944 4207; x_wconf 90' lang='lat' dir='ltr'><strong>aliis-</strong></span> 
     </span>
    </p>
   </div>
   <div class='ocr_carea' id='block_1_52' title="bbox 374 4235 1946 4306">
    <p class='ocr_par' dir='ltr' id='par_1_52' title="bbox 374 4235 1946 4306">
     <span class='ocr_line' id='line_1_52' title="bbox 374 4235 1946 4306; baseline 0.004 -20"><span class='ocrx_word' id='word_1_324' title='bbox 374 4248 480 4304; x_wconf 86' lang='lat' dir='ltr'><strong>que</strong></span> <span class='ocrx_word' id='word_1_325' title='bbox 512 4235 776 4290; x_wconf 72' lang='lat' dir='ltr'><strong>Arianica:</strong></span> <span class='ocrx_word' id='word_1_326' title='bbox 819 4235 1070 4291; x_wconf 80' lang='lat' dir='ltr'><strong>factionis</strong></span> <span class='ocrx_word' id='word_1_327' title='bbox 1121 4237 1442 4305; x_wconf 65' lang='lat' dir='ltr'><strong>prmsulibus</strong></span> <span class='ocrx_word' id='word_1_328' title='bbox 1483 4239 1798 4306; x_wconf 65' lang='lat' dir='ltr'><strong>adhaerens,</strong></span> <span class='ocrx_word' id='word_1_329' title='bbox 1837 4240 1946 4293; x_wconf 77' lang='lat' dir='ltr'><strong>for-</strong></span> 
     </span>
    </p>
   </div>
   <div class='ocr_carea' id='block_1_53' title="bbox 375 4325 1947 4398">
    <p class='ocr_par' dir='ltr' id='par_1_53' title="bbox 375 4325 1947 4398">
     <span class='ocr_line' id='line_1_53' title="bbox 375 4325 1947 4398; baseline 0.003 -19"><span class='ocrx_word' id='word_1_330' title='bbox 375 4325 533 4379; x_wconf 77' lang='lat' dir='ltr'><strong>mula:</strong></span> <span class='ocrx_word' id='word_1_331' title='bbox 554 4326 788 4394; x_wconf 90' lang='lat' dir='ltr'><strong>ipsorum</strong></span> <span class='ocrx_word' id='word_1_332' title='bbox 816 4325 935 4379; x_wconf 84' lang='lat' dir='ltr'><strong>tidei</strong></span> <span class='ocrx_word' id='word_1_333' title='bbox 967 4326 1318 4394; x_wconf 89' lang='lat' dir='ltr'><strong>subscripsit;</strong></span> <span class='ocrx_word' id='word_1_334' title='bbox 1342 4336 1394 4380; x_wconf 90' lang='lat' dir='ltr'><strong>et</strong></span> <span class='ocrx_word' id='word_1_335' title='bbox 1419 4326 1728 4397; x_wconf 79' lang='lat' dir='ltr'><strong>Cyriacum,</strong></span> <span class='ocrx_word' id='word_1_336' title='bbox 1751 4329 1864 4398; x_wconf 88' lang='lat' dir='ltr'><strong>qui,</strong></span> <span class='ocrx_word' id='word_1_337' title='bbox 1889 4339 1947 4384; x_wconf 92' lang='lat' dir='ltr'><strong>ut</strong></span> 
     </span>
    </p>
   </div>
   <div class='ocr_carea' id='block_1_54' title="bbox 376 4414 1946 4488">
    <p class='ocr_par' dir='ltr' id='par_1_54' title="bbox 376 4414 1946 4488">
     <span class='ocr_line' id='line_1_54' title="bbox 376 4414 1946 4488; baseline 0.003 -20"><span class='ocrx_word' id='word_1_338' title='bbox 376 4415 542 4469; x_wconf 83' lang='lat' dir='ltr'><strong>reiert</strong></span> <span class='ocrx_word' id='word_1_339' title='bbox 572 4414 842 4469; x_wconf 90' lang='lat' dir='ltr'><strong>Palladius</strong></span> <span class='ocrx_word' id='word_1_340' title='bbox 873 4415 972 4486; x_wconf 70' lang='grc' dir='ltr'><strong>(ὁ),</strong></span> <span class='ocrx_word' id='word_1_341' title='bbox 1004 4415 1226 4471; x_wconf 75' lang='lat' dir='ltr'><strong>Joannis</strong></span> <span class='ocrx_word' id='word_1_342' title='bbox 1249 4415 1618 4488; x_wconf 85' lang='lat' dir='ltr'><strong>Chrysostomi</strong></span> <span class='ocrx_word' id='word_1_343' title='bbox 1650 4434 1828 4473; x_wconf 78' lang='lat' dir='ltr'><strong>causa:</strong></span> <span class='ocrx_word' id='word_1_344' title='bbox 1851 4436 1946 4488; x_wconf 84' lang='lat' dir='ltr'><strong>pa-</strong></span> 
     </span>
    </p>
   </div>
   <div class='ocr_carea' id='block_1_55' title="bbox 373 4505 1942 4580">
    <p class='ocr_par' dir='ltr' id='par_1_55' title="bbox 373 4505 1942 4580">
     <span class='ocr_line' id='line_1_55' title="bbox 373 4505 1942 4580; baseline 0.005 -22"><span class='ocrx_word' id='word_1_345' title='bbox 373 4505 661 4561; x_wconf 86' lang='lat' dir='ltr'><strong>trocinium</strong></span> <span class='ocrx_word' id='word_1_346' title='bbox 719 4515 939 4560; x_wconf 91' lang='lat' dir='ltr'><strong>strenue</strong></span> <span class='ocrx_word' id='word_1_347' title='bbox 999 4509 1254 4576; x_wconf 84' lang='lat' dir='ltr'><strong>suscepit.</strong></span> <span class='ocrx_word' id='word_1_348' title='bbox 1313 4509 1385 4562; x_wconf 86' lang='lat' dir='ltr'><strong>De</strong></span> <span class='ocrx_word' id='word_1_349' title='bbox 1443 4507 1678 4564; x_wconf 86' lang='lat' dir='ltr'><strong>Nemesii</strong></span> <span class='ocrx_word' id='word_1_350' title='bbox 1728 4511 1942 4580; x_wconf 91' lang='lat' dir='ltr'><strong>quidem</strong></span> 
     </span>
    </p>
   </div>
   <div class='ocr_carea' id='block_1_56' title="bbox 369 4596 1945 4671">
    <p class='ocr_par' dir='ltr' id='par_1_56' title="bbox 369 4596 1945 4671">
     <span class='ocr_line' id='line_1_56' title="bbox 369 4596 1945 4671; baseline 0.004 -20"><span class='ocrx_word' id='word_1_351' title='bbox 369 4596 664 4666; x_wconf 88' lang='lat' dir='ltr'><strong>episcopali</strong></span> <span class='ocrx_word' id='word_1_352' title='bbox 723 4598 848 4653; x_wconf 84' lang='lat' dir='ltr'><strong>sede</strong></span> <span class='ocrx_word' id='word_1_353' title='bbox 898 4598 1160 4654; x_wconf 85' lang='lat' dir='ltr'><strong>Emesena</strong></span> <span class='ocrx_word' id='word_1_354' title='bbox 1187 4639 1202 4663; x_wconf 88' lang='lat'><strong>,</strong></span> <span class='ocrx_word' id='word_1_355' title='bbox 1243 4609 1296 4653; x_wconf 90' lang='lat' dir='ltr'><strong>et</strong></span> <span class='ocrx_word' id='word_1_356' title='bbox 1328 4602 1392 4654; x_wconf 84' lang='lat' dir='ltr'><strong>de</strong></span> <span class='ocrx_word' id='word_1_357' title='bbox 1429 4611 1667 4670; x_wconf 87' lang='lat' dir='ltr'><strong>tempore</strong></span> <span class='ocrx_word' id='word_1_358' title='bbox 1704 4619 1810 4671; x_wconf 93' lang='lat' dir='ltr'><strong>quo</strong></span> <span class='ocrx_word' id='word_1_359' title='bbox 1851 4603 1945 4658; x_wconf 75' lang='grc' dir='ltr'><strong>ηο-</strong></span> 
     </span>
    </p>
   </div>
   <div class='ocr_carea' id='block_1_57' title="bbox 342 4673 1942 4774">
    <p class='ocr_par' dir='ltr' id='par_1_57' title="bbox 342 4673 1942 4774">
     <span class='ocr_line' id='line_1_57' title="bbox 342 4673 1942 4774; baseline 0.004 -32"><span class='ocrx_word' id='word_1_360' title='bbox 342 4673 547 4774; x_wconf 61' lang='grc' dir='ltr'>ξτιιετίι</span> <span class='ocrx_word' id='word_1_361' title='bbox 578 4689 829 4744; x_wconf 89' lang='lat' dir='ltr'><strong>dubitant</strong></span> <span class='ocrx_word' id='word_1_362' title='bbox 863 4691 1100 4744; x_wconf 89' lang='lat' dir='ltr'><strong>nonnulli</strong></span> <span class='ocrx_word' id='word_1_363' title='bbox 1135 4712 1146 4746; x_wconf 91' lang='lat'>:</span> <span class='ocrx_word' id='word_1_364' title='bbox 1177 4693 1304 4760; x_wconf 91' lang='lat' dir='ltr'><strong>quin</strong></span> <span class='ocrx_word' id='word_1_365' title='bbox 1329 4703 1381 4746; x_wconf 91' lang='lat' dir='ltr'><strong>et</strong></span> <span class='ocrx_word' id='word_1_366' title='bbox 1402 4693 1608 4747; x_wconf 87' lang='lat' dir='ltr'><strong>Cavcus</strong></span> <span class='ocrx_word' id='word_1_367' title='bbox 1632 4708 1697 4749; x_wconf 92' lang='lat' dir='ltr'><strong>eo</strong></span> <span class='ocrx_word' id='word_1_368' title='bbox 1727 4709 1942 4762; x_wconf 88' lang='lat' dir='ltr'><strong>proces-</strong></span> 
     </span>
    </p>
   </div>
   <div class='ocr_carea' id='block_1_58' title="bbox 343 4775 1942 4868">
    <p class='ocr_par' dir='ltr' id='par_1_58' title="bbox 343 4775 1942 4868">
     <span class='ocr_line' id='line_1_58' title="bbox 343 4775 1942 4868; baseline 0.004 -36"><span class='ocrx_word' id='word_1_369' title='bbox 343 4775 439 4868; x_wconf 55' lang='lat' dir='ltr'><strong>lsit</strong></span> <span class='ocrx_word' id='word_1_370' title='bbox 467 4790 527 4834; x_wconf 92' lang='lat' dir='ltr'><strong>ut</strong></span> <span class='ocrx_word' id='word_1_371' title='bbox 559 4779 890 4836; x_wconf 80' lang='lat' dir='ltr'><strong>confidenter</strong></span> <span class='ocrx_word' id='word_1_372' title='bbox 917 4783 1213 4836; x_wconf 89' lang='lat' dir='ltr'><strong>asseruerit</strong></span> <span class='ocrx_word' id='word_1_373' title='bbox 1246 4782 1336 4853; x_wconf 91' lang='lat' dir='ltr'><strong>(c),</strong></span> <span class='ocrx_word' id='word_1_374' title='bbox 1373 4783 1437 4837; x_wconf 90' lang='lat' dir='ltr'><strong>de</strong></span> <span class='ocrx_word' id='word_1_375' title='bbox 1459 4781 1711 4838; x_wconf 86' lang='lat' dir='ltr'><strong>Nemesio</strong></span> <span class='ocrx_word' id='word_1_376' title='bbox 1740 4785 1942 4840; x_wconf 85' lang='lat' dir='ltr'><strong>incerta</strong></span> 
     </span>
    </p>
   </div>
   <div class='ocr_carea' id='block_1_59' title="bbox 343 4871 1944 4942">
    <p class='ocr_par' dir='ltr' id='par_1_59' title="bbox 343 4871 1944 4942">
     <span class='ocr_line' id='line_1_59' title="bbox 343 4871 1944 4942; baseline 0.007 -19"><span class='ocrx_word' id='word_1_377' title='bbox 343 4871 489 4932; x_wconf 77' lang='lat' dir='ltr'><strong>fesse</strong></span> <span class='ocrx_word' id='word_1_378' title='bbox 528 4873 730 4938; x_wconf 88' lang='lat' dir='ltr'><strong>omnia,</strong></span> <span class='ocrx_word' id='word_1_379' title='bbox 764 4887 885 4927; x_wconf 90' lang='lat' dir='ltr'><strong>cum</strong></span> <span class='ocrx_word' id='word_1_380' title='bbox 918 4873 983 4927; x_wconf 91' lang='lat' dir='ltr'><strong>de</strong></span> <span class='ocrx_word' id='word_1_381' title='bbox 1017 4887 1082 4927; x_wconf 90' lang='lat' dir='ltr'><strong>eo</strong></span> <span class='ocrx_word' id='word_1_382' title='bbox 1119 4873 1276 4942; x_wconf 88' lang='lat' dir='ltr'><strong>plane</strong></span> <span class='ocrx_word' id='word_1_383' title='bbox 1301 4875 1497 4929; x_wconf 88' lang='lat' dir='ltr'><strong>sileant</strong></span> <span class='ocrx_word' id='word_1_384' title='bbox 1532 4884 1762 4930; x_wconf 87' lang='lat' dir='ltr'><strong>veteres.</strong></span> <span class='ocrx_word' id='word_1_385' title='bbox 1796 4877 1864 4930; x_wconf 91' lang='lat' dir='ltr'><strong>At</strong></span> <span class='ocrx_word' id='word_1_386' title='bbox 1893 4878 1944 4934; x_wconf 89' lang='lat' dir='ltr'><strong>id</strong></span> 
     </span>
    </p>
   </div>
   <div class='ocr_carea' id='block_1_60' title="bbox 376 4963 1941 5034">
    <p class='ocr_par' dir='ltr' id='par_1_60' title="bbox 376 4963 1941 5034">
     <span class='ocr_line' id='line_1_60' title="bbox 376 4963 1941 5034; baseline 0.008 -20"><span class='ocrx_word' id='word_1_387' title='bbox 376 4963 647 5019; x_wconf 90' lang='lat' dir='ltr'><strong>immerito</strong></span> <span class='ocrx_word' id='word_1_388' title='bbox 696 4980 826 5020; x_wconf 86' lang='lat' dir='ltr'><strong>sane</strong></span> <span class='ocrx_word' id='word_1_389' title='bbox 871 4967 1300 5034; x_wconf 84' lang='lat' dir='ltr'><strong>pronuntiatum.</strong></span> <span class='ocrx_word' id='word_1_390' title='bbox 1340 4969 1554 5024; x_wconf 76' lang='lat' dir='ltr'><strong>Nullum</strong></span> <span class='ocrx_word' id='word_1_391' title='bbox 1600 4972 1740 5026; x_wconf 87' lang='lat' dir='ltr'><strong>enim</strong></span> <span class='ocrx_word' id='word_1_392' title='bbox 1781 4971 1941 5028; x_wconf 88' lang='lat' dir='ltr'><strong>dubi-</strong></span> 
     </span>
    </p>
   </div>
   <div class='ocr_carea' id='block_1_61' title="bbox 2049 3779 3618 3850">
    <p class='ocr_par' dir='ltr' id='par_1_61' title="bbox 2049 3779 3618 3850">
     <span class='ocr_line' id='line_1_61' title="bbox 2049 3779 3618 3850; baseline 0 -12"><span class='ocrx_word' id='word_1_393' title='bbox 2049 3787 2230 3850; x_wconf 88' lang='lat' dir='ltr'><strong>beant,</strong></span> <span class='ocrx_word' id='word_1_394' title='bbox 2279 3798 2382 3837; x_wconf 92' lang='lat' dir='ltr'><strong>non</strong></span> <span class='ocrx_word' id='word_1_395' title='bbox 2416 3782 2588 3837; x_wconf 91' lang='lat' dir='ltr'><strong>solum</strong></span> <span class='ocrx_word' id='word_1_396' title='bbox 2627 3779 2861 3836; x_wconf 85' lang='lat' dir='ltr'><strong>Nemesii</strong></span> <span class='ocrx_word' id='word_1_397' title='bbox 2898 3795 3091 3835; x_wconf 90' lang='lat' dir='ltr'><strong>nomen</strong></span> <span class='ocrx_word' id='word_1_398' title='bbox 3115 3820 3131 3846; x_wconf 92' lang='lat'><strong>,</strong></span> <span class='ocrx_word' id='word_1_399' title='bbox 3169 3781 3262 3836; x_wconf 92' lang='lat' dir='ltr'><strong>sed</strong></span> <span class='ocrx_word' id='word_1_400' title='bbox 3301 3797 3421 3835; x_wconf 90' lang='lat' dir='ltr'><strong>eum</strong></span> <span class='ocrx_word' id='word_1_401' title='bbox 3453 3785 3618 3838; x_wconf 86' lang='lat' dir='ltr'><strong>etiam</strong></span> 
     </span>
    </p>
   </div>
   <div class='ocr_carea' id='block_1_62' title="bbox 2049 3873 3616 3944">
    <p class='ocr_par' dir='ltr' id='par_1_62' title="bbox 2049 3873 3616 3944">
     <span class='ocr_line' id='line_1_62' title="bbox 2049 3873 3616 3944; baseline -0.002 -14"><span class='ocrx_word' id='word_1_402' title='bbox 2049 3877 2210 3931; x_wconf 82' lang='lat' dir='ltr'><strong>fuisse</strong></span> <span class='ocrx_word' id='word_1_403' title='bbox 2240 3877 2572 3944; x_wconf 85' lang='lat' dir='ltr'><strong>episcopum,</strong></span> <span class='ocrx_word' id='word_1_404' title='bbox 2605 3881 2659 3928; x_wconf 90' lang='lat' dir='ltr'><strong>et</strong></span> <span class='ocrx_word' id='word_1_405' title='bbox 2689 3875 2897 3928; x_wconf 66' lang='lat' dir='ltr'><strong>Emesae</strong></span> <span class='ocrx_word' id='word_1_406' title='bbox 2931 3873 3144 3940; x_wconf 89' lang='lat' dir='ltr'><strong>quidem</strong></span> <span class='ocrx_word' id='word_1_407' title='bbox 3176 3874 3400 3937; x_wconf 63' lang='lat' dir='ltr'><strong>sedisse,</strong></span> <span class='ocrx_word' id='word_1_408' title='bbox 3437 3874 3616 3941; x_wconf 87' lang='lat' dir='ltr'><strong>palam</strong></span> 
     </span>
    </p>
   </div>
   <div class='ocr_carea' id='block_1_63' title="bbox 2049 3967 3620 4039">
    <p class='ocr_par' dir='ltr' id='par_1_63' title="bbox 2049 3967 3620 4039">
     <span class='ocr_line' id='line_1_63' title="bbox 2049 3967 3620 4039; baseline -0.003 -15"><span class='ocrx_word' id='word_1_409' title='bbox 2049 3971 2282 4039; x_wconf 89' lang='lat' dir='ltr'><strong>produnt</strong></span> <span class='ocrx_word' id='word_1_410' title='bbox 2316 3987 2328 4023; x_wconf 95' lang='lat'><strong>:</strong></span> <span class='ocrx_word' id='word_1_411' title='bbox 2363 3978 2420 4024; x_wconf 90' lang='lat' dir='ltr'><strong>ut</strong></span> <span class='ocrx_word' id='word_1_412' title='bbox 2450 3984 2514 4023; x_wconf 84' lang='lat' dir='ltr'><strong>ex</strong></span> <span class='ocrx_word' id='word_1_413' title='bbox 2552 3983 2657 4022; x_wconf 92' lang='lat' dir='ltr'><strong>uno</strong></span> <span class='ocrx_word' id='word_1_414' title='bbox 2686 3976 2846 4037; x_wconf 87' lang='lat' dir='ltr'><strong>atque</strong></span> <span class='ocrx_word' id='word_1_415' title='bbox 2873 3968 3046 4022; x_wconf 89' lang='lat' dir='ltr'><strong>altero</strong></span> <span class='ocrx_word' id='word_1_416' title='bbox 3078 3968 3254 4022; x_wconf 90' lang='lat' dir='ltr'><strong>indice</strong></span> <span class='ocrx_word' id='word_1_417' title='bbox 3284 3967 3620 4021; x_wconf 81' lang='lat' dir='ltr'><strong>Bibliotheca:</strong></span> 
     </span>
    </p>
   </div>
   <div class='ocr_carea' id='block_1_64' title="bbox 2049 4059 3621 4129">
    <p class='ocr_par' dir='ltr' id='par_1_64' title="bbox 2049 4059 3621 4129">
     <span class='ocr_line' id='line_1_64' title="bbox 2049 4059 3621 4129; baseline -0.003 -15"><span class='ocrx_word' id='word_1_418' title='bbox 2049 4061 2477 4115; x_wconf 78' lang='lat' dir='ltr'><strong>bibliothecarum</strong></span> <span class='ocrx_word' id='word_1_419' title='bbox 2495 4061 2970 4129; x_wconf 80' lang='lat' dir='ltr'><strong>ntanuscriptorum</strong></span> <span class='ocrx_word' id='word_1_420' title='bbox 2990 4059 3468 4113; x_wconf 72' lang='lat' dir='ltr'><strong>Montfaucouiantc</strong></span> <span class='ocrx_word' id='word_1_421' title='bbox 3489 4061 3621 4114; x_wconf 82' lang='lat' dir='ltr'><strong>satis</strong></span> 
     </span>
    </p>
   </div>
   <div class='ocr_carea' id='block_1_65' title="bbox 2049 4151 3620 4220">
    <p class='ocr_par' dir='ltr' id='par_1_65' title="bbox 2049 4151 3620 4220">
     <span class='ocr_line' id='line_1_65' title="bbox 2049 4151 3620 4220; baseline -0.001 -14"><span class='ocrx_word' id='word_1_422' title='bbox 2049 4161 2384 4220; x_wconf 89' lang='lat' dir='ltr'><strong>compertum</strong></span> <span class='ocrx_word' id='word_1_423' title='bbox 2433 4151 2713 4206; x_wconf 90' lang='lat' dir='ltr'><strong>habemus.</strong></span> <span class='ocrx_word' id='word_1_424' title='bbox 2783 4151 3004 4206; x_wconf 83' lang='lat' dir='ltr'><strong>Accedit</strong></span> <span class='ocrx_word' id='word_1_425' title='bbox 3067 4160 3323 4219; x_wconf 71' lang='lat' dir='ltr'><strong>prmterea</strong></span> <span class='ocrx_word' id='word_1_426' title='bbox 3373 4160 3620 4204; x_wconf 86' lang='lat' dir='ltr'><strong>veterum</strong></span> 
     </span>
    </p>
   </div>
   <div class='ocr_carea' id='block_1_66' title="bbox 2049 4241 3616 4313">
    <p class='ocr_par' dir='ltr' id='par_1_66' title="bbox 2049 4241 3616 4313">
     <span class='ocr_line' id='line_1_66' title="bbox 2049 4241 3616 4313; baseline -0.003 -15"><span class='ocrx_word' id='word_1_427' title='bbox 2049 4246 2374 4313; x_wconf 87' lang='lat' dir='ltr'><strong>scriptorum</strong></span> <span class='ocrx_word' id='word_1_428' title='bbox 2433 4243 2925 4298; x_wconf 89' lang='lat' dir='ltr'><strong>ecclesiasticorum</strong></span> <span class='ocrx_word' id='word_1_429' title='bbox 2994 4243 3321 4304; x_wconf 84' lang='lat' dir='ltr'><strong>auctoritas,</strong></span> <span class='ocrx_word' id='word_1_430' title='bbox 3396 4241 3616 4294; x_wconf 79' lang='lat' dir='ltr'><strong>Maximi</strong></span> 
     </span>
    </p>
   </div>
   <div class='ocr_carea' id='block_1_67' title="bbox 2047 4333 3620 4399">
    <p class='ocr_par' dir='ltr' id='par_1_67' title="bbox 2047 4333 3620 4399">
     <span class='ocr_line' id='line_1_67' title="bbox 2047 4333 3620 4399; baseline -0.003 -9"><span class='ocrx_word' id='word_1_431' title='bbox 2047 4335 2376 4390; x_wconf 80' lang='lat' dir='ltr'><strong>confessoris</strong></span> <span class='ocrx_word' id='word_1_432' title='bbox 2400 4344 2453 4389; x_wconf 91' lang='lat' dir='ltr'><strong>et</strong></span> <span class='ocrx_word' id='word_1_433' title='bbox 2479 4335 2748 4390; x_wconf 86' lang='lat' dir='ltr'><strong>Anastasii</strong></span> <span class='ocrx_word' id='word_1_434' title='bbox 2779 4334 3018 4399; x_wconf 73' lang='lat' dir='ltr'><strong>Sinaitae,</strong></span> <span class='ocrx_word' id='word_1_435' title='bbox 3066 4350 3271 4389; x_wconf 89' lang='lat' dir='ltr'><strong>necnon</strong></span> <span class='ocrx_word' id='word_1_436' title='bbox 3301 4333 3466 4395; x_wconf 76' lang='lat' dir='ltr'><strong>Mosis</strong></span> <span class='ocrx_word' id='word_1_437' title='bbox 3494 4334 3620 4387; x_wconf 87' lang='lat' dir='ltr'><strong>Bar-</strong></span> 
     </span>
    </p>
   </div>
   <div class='ocr_carea' id='block_1_68' title="bbox 2047 4425 3624 4497">
    <p class='ocr_par' dir='ltr' id='par_1_68' title="bbox 2047 4425 3624 4497">
     <span class='ocr_line' id='line_1_68' title="bbox 2047 4425 3624 4497; baseline -0.003 -16"><span class='ocrx_word' id='word_1_438' title='bbox 2047 4427 2278 4497; x_wconf 73' lang='lat' dir='ltr'><strong>Ccpbm;</strong></span> <span class='ocrx_word' id='word_1_439' title='bbox 2308 4442 2534 4494; x_wconf 87' lang='lat' dir='ltr'><strong>quorum</strong></span> <span class='ocrx_word' id='word_1_440' title='bbox 2571 4427 2642 4480; x_wconf 93' lang='lat' dir='ltr'><strong>illi</strong></span> <span class='ocrx_word' id='word_1_441' title='bbox 2679 4427 2873 4481; x_wconf 72' lang='lat' dir='ltr'><strong>sacculo</strong></span> <span class='ocrx_word' id='word_1_442' title='bbox 2907 4441 3002 4492; x_wconf 77' lang='lat' dir='ltr'><strong>vn,</strong></span> <span class='ocrx_word' id='word_1_443' title='bbox 3040 4427 3128 4481; x_wconf 89' lang='lat' dir='ltr'><strong>hic</strong></span> <span class='ocrx_word' id='word_1_444' title='bbox 3172 4437 3346 4480; x_wconf 88' lang='lat' dir='ltr'><strong>autem</strong></span> <span class='ocrx_word' id='word_1_445' title='bbox 3386 4443 3440 4480; x_wconf 79' lang='lat' dir='ltr'><strong>Ix</strong></span> <span class='ocrx_word' id='word_1_446' title='bbox 3473 4425 3624 4479; x_wconf 85' lang='lat' dir='ltr'><strong>desi-</strong></span> 
     </span>
    </p>
   </div>
   <div class='ocr_carea' id='block_1_69' title="bbox 2050 4517 3621 4587">
    <p class='ocr_par' dir='ltr' id='par_1_69' title="bbox 2050 4517 3621 4587">
     <span class='ocr_line' id='line_1_69' title="bbox 2050 4517 3621 4587; baseline -0.001 -15"><span class='ocrx_word' id='word_1_447' title='bbox 2050 4531 2208 4573; x_wconf 87' lang='lat' dir='ltr'><strong>nente</strong></span> <span class='ocrx_word' id='word_1_448' title='bbox 2238 4518 2503 4573; x_wconf 89' lang='lat' dir='ltr'><strong>claruisse</strong></span> <span class='ocrx_word' id='word_1_449' title='bbox 2534 4519 2906 4587; x_wconf 89' lang='lat' dir='ltr'><strong>perhibentur.</strong></span> <span class='ocrx_word' id='word_1_450' title='bbox 2938 4519 3003 4572; x_wconf 87' lang='lat' dir='ltr'><strong>Et</strong></span> <span class='ocrx_word' id='word_1_451' title='bbox 3034 4518 3296 4571; x_wconf 81' lang='lat' dir='ltr'><strong>Maximus</strong></span> <span class='ocrx_word' id='word_1_452' title='bbox 3321 4517 3538 4587; x_wconf 88' lang='lat' dir='ltr'><strong>quidem</strong></span> <span class='ocrx_word' id='word_1_453' title='bbox 3570 4519 3621 4570; x_wconf 89' lang='lat' dir='ltr'><strong>in</strong></span> 
     </span>
    </p>
   </div>
   <div class='ocr_carea' id='block_1_70' title="bbox 2052 4607 3627 4678">
    <p class='ocr_par' dir='ltr' id='par_1_70' title="bbox 2052 4607 3627 4678">
     <span class='ocr_line' id='line_1_70' title="bbox 2052 4607 3627 4678; baseline -0.004 -14"><span class='ocrx_word' id='word_1_454' title='bbox 2052 4610 2331 4678; x_wconf 78' lang='lat' dir='ltr'><strong>Opusculis</strong></span> <span class='ocrx_word' id='word_1_455' title='bbox 2366 4609 2669 4678; x_wconf 81' lang='lat' dir='ltr'><strong>theologicis</strong></span> <span class='ocrx_word' id='word_1_456' title='bbox 2709 4619 2754 4662; x_wconf 84' lang='lat' dir='ltr'><strong>et</strong></span> <span class='ocrx_word' id='word_1_457' title='bbox 2803 4609 3068 4677; x_wconf 78' lang='lat' dir='ltr'><strong>polemicis</strong></span> <span class='ocrx_word' id='word_1_458' title='bbox 3103 4609 3210 4662; x_wconf 91' lang='lat' dir='ltr'><strong>duo</strong></span> <span class='ocrx_word' id='word_1_459' title='bbox 3257 4608 3371 4661; x_wconf 83' lang='lat' dir='ltr'><strong>loca</strong></span> <span class='ocrx_word' id='word_1_460' title='bbox 3417 4607 3627 4673; x_wconf 78' lang='lat' dir='ltr'><strong>profert</strong></span> 
     </span>
    </p>
   </div>
   <div class='ocr_carea' id='block_1_71' title="bbox 2051 4698 3624 4768">
    <p class='ocr_par' dir='ltr' id='par_1_71' title="bbox 2051 4698 3624 4768">
     <span class='ocr_line' id='line_1_71' title="bbox 2051 4698 3624 4768; baseline -0.003 -16"><span class='ocrx_word' id='word_1_461' title='bbox 2051 4699 2400 4763; x_wconf 86' lang='lat' dir='ltr'><strong>Nemesiana,</strong></span> <span class='ocrx_word' id='word_1_462' title='bbox 2435 4715 2551 4768; x_wconf 72' lang='lat' dir='ltr'><strong>quze</strong></span> <span class='ocrx_word' id='word_1_463' title='bbox 2592 4699 2670 4753; x_wconf 90' lang='lat' dir='ltr'><strong>sic</strong></span> <span class='ocrx_word' id='word_1_464' title='bbox 2706 4699 2950 4753; x_wconf 88' lang='lat' dir='ltr'><strong>inscribit</strong></span> <span class='ocrx_word' id='word_1_465' title='bbox 2994 4698 3072 4767; x_wconf 78' lang='grc' dir='ltr'><strong>(ά)</strong></span> <span class='ocrx_word' id='word_1_466' title='bbox 3111 4718 3124 4751; x_wconf 88' lang='lat'><strong>:</strong></span> <span class='ocrx_word' id='word_1_467' title='bbox 3178 4699 3284 4752; x_wconf 84' lang='grc' dir='ltr'>Τοῦ</span> <span class='ocrx_word' id='word_1_468' title='bbox 3328 4698 3479 4766; x_wconf 83' lang='grc' dir='ltr'>ἁγίου</span> <span class='ocrx_word' id='word_1_469' title='bbox 3512 4698 3624 4748; x_wconf 84' lang='grc' dir='ltr'><strong>Νε-</strong></span> 
     </span>
    </p>
   </div>
   <div class='ocr_carea' id='block_1_72' title="bbox 2054 4788 3625 4860">
    <p class='ocr_par' dir='ltr' id='par_1_72' title="bbox 2054 4788 3625 4860">
     <span class='ocr_line' id='line_1_72' title="bbox 2054 4788 3625 4860; baseline -0.003 -18"><span class='ocrx_word' id='word_1_470' title='bbox 2054 4789 2238 4860; x_wconf 77' lang='grc' dir='ltr'>μεαίου</span> <span class='ocrx_word' id='word_1_471' title='bbox 2272 4790 2570 4844; x_wconf 76' lang='grc' dir='ltr'>ἐπισκόπου</span> <span class='ocrx_word' id='word_1_472' title='bbox 2631 4790 2882 4859; x_wconf 76' lang='grc' dir='ltr'>Ἐμέσης,</span> <span class='ocrx_word' id='word_1_473' title='bbox 2922 4790 3103 4844; x_wconf 87' lang='lat' dir='ltr'><strong>Sancti</strong></span> <span class='ocrx_word' id='word_1_474' title='bbox 3137 4788 3368 4843; x_wconf 80' lang='lat' dir='ltr'><strong>Nemesii</strong></span> <span class='ocrx_word' id='word_1_475' title='bbox 3398 4791 3625 4856; x_wconf 72' lang='grc' dir='ltr'>ερίετομί</span> 
     </span>
    </p>
   </div>
   <div class='ocr_carea' id='block_1_73' title="bbox 2051 4881 3624 4950">
    <p class='ocr_par' dir='ltr' id='par_1_73' title="bbox 2051 4881 3624 4950">
     <span class='ocr_line' id='line_1_73' title="bbox 2051 4881 3624 4950; baseline -0.001 -15"><span class='ocrx_word' id='word_1_476' title='bbox 2051 4881 2310 4937; x_wconf 76' lang='lat' dir='ltr'><strong>Emeseni.</strong></span> <span class='ocrx_word' id='word_1_477' title='bbox 2353 4881 2536 4949; x_wconf 83' lang='lat' dir='ltr'><strong>Neque</strong></span> <span class='ocrx_word' id='word_1_478' title='bbox 2576 4882 2731 4936; x_wconf 89' lang='lat' dir='ltr'><strong>aliter</strong></span> <span class='ocrx_word' id='word_1_479' title='bbox 2775 4883 3092 4936; x_wconf 87' lang='lat' dir='ltr'><strong>Anastasius</strong></span> <span class='ocrx_word' id='word_1_480' title='bbox 3131 4882 3366 4946; x_wconf 88' lang='lat' dir='ltr'><strong>Sinaita,</strong></span> <span class='ocrx_word' id='word_1_481' title='bbox 3416 4882 3505 4950; x_wconf 90' lang='lat' dir='ltr'><strong>qui</strong></span> <span class='ocrx_word' id='word_1_482' title='bbox 3559 4897 3624 4934; x_wconf 81' lang='lat' dir='ltr'><strong>ex</strong></span> 
     </span>
    </p>
   </div>
   <div class='ocr_carea' id='block_1_74' title="bbox 2049 4973 3624 5042">
    <p class='ocr_par' dir='ltr' id='par_1_74' title="bbox 2049 4973 3624 5042">
     <span class='ocr_line' id='line_1_74' title="bbox 2049 4973 3624 5042; baseline -0.001 -15"><span class='ocrx_word' id='word_1_483' title='bbox 2049 4973 2282 5028; x_wconf 85' lang='lat' dir='ltr'><strong>Nemesii</strong></span> <span class='ocrx_word' id='word_1_484' title='bbox 2308 4987 2471 5041; x_wconf 89' lang='lat' dir='ltr'><strong>opere</strong></span> <span class='ocrx_word' id='word_1_485' title='bbox 2497 4973 2603 5027; x_wconf 91' lang='lat' dir='ltr'><strong>duo</strong></span> <span class='ocrx_word' id='word_1_486' title='bbox 2635 4973 2760 5028; x_wconf 91' lang='lat' dir='ltr'><strong>item</strong></span> <span class='ocrx_word' id='word_1_487' title='bbox 2793 4986 3045 5041; x_wconf 79' lang='lat' dir='ltr'><strong>excerpta</strong></span> <span class='ocrx_word' id='word_1_488' title='bbox 3078 4975 3213 5028; x_wconf 91' lang='lat' dir='ltr'><strong>bene</strong></span> <span class='ocrx_word' id='word_1_489' title='bbox 3241 4974 3396 5042; x_wconf 80' lang='lat' dir='ltr'><strong>longa</strong></span> <span class='ocrx_word' id='word_1_490' title='bbox 3430 4974 3481 5026; x_wconf 92' lang='lat' dir='ltr'><strong>in</strong></span> <span class='ocrx_word' id='word_1_491' title='bbox 3510 4988 3624 5026; x_wconf 60' lang='lat' dir='ltr'><strong>me.</strong></span> 
     </span>
    </p>
   </div>
   <div class='ocr_carea' id='block_1_75' title="bbox 374 5031 3619 5135">
    <p class='ocr_par' dir='ltr' id='par_1_75' title="bbox 374 5031 3619 5135">
     <span class='ocr_line' id='line_1_75' title="bbox 374 5031 3619 5135; baseline 0.004 -32"><span class='ocrx_word' id='word_1_492' title='bbox 374 5055 517 5108; x_wconf 85' lang='lat' dir='ltr'><strong>tandi</strong></span> <span class='ocrx_word' id='word_1_493' title='bbox 553 5055 728 5110; x_wconf 90' lang='lat' dir='ltr'><strong>locum</strong></span> <span class='ocrx_word' id='word_1_494' title='bbox 765 5056 1072 5126; x_wconf 88' lang='lat' dir='ltr'><strong>relinquunt</strong></span> <span class='ocrx_word' id='word_1_495' title='bbox 1101 5058 1331 5127; x_wconf 91' lang='lat' dir='ltr'><strong>primum</strong></span> <span class='ocrx_word' id='word_1_496' title='bbox 1363 5060 1602 5114; x_wconf 92' lang='lat' dir='ltr'><strong>omnium</strong></span> <span class='ocrx_word' id='word_1_497' title='bbox 1635 5062 1940 5131; x_wconf 87' lang='lat' dir='ltr'><strong>complures</strong></span> <span class='ocrx_word' id='word_1_498' title='bbox 1979 5031 2023 5085; x_wconf 68' lang='grc' dir='ltr'>Β</span> <span class='ocrx_word' id='word_1_499' title='bbox 2049 5065 2193 5120; x_wconf 92' lang='lat' dir='ltr'><strong>dium</strong></span> <span class='ocrx_word' id='word_1_500' title='bbox 2229 5064 2501 5119; x_wconf 89' lang='lat' dir='ltr'><strong>adducens</strong></span> <span class='ocrx_word' id='word_1_501' title='bbox 2533 5064 2622 5133; x_wconf 81' lang='grc' dir='ltr'>(ε),</span> <span class='ocrx_word' id='word_1_502' title='bbox 2647 5064 2872 5119; x_wconf 87' lang='lat' dir='ltr'><strong>alterum</strong></span> <span class='ocrx_word' id='word_1_503' title='bbox 2908 5065 2981 5119; x_wconf 88' lang='lat' dir='ltr'><strong>De</strong></span> <span class='ocrx_word' id='word_1_504' title='bbox 3006 5066 3326 5134; x_wconf 81' lang='lat' dir='ltr'><strong>providentia</strong></span> <span class='ocrx_word' id='word_1_505' title='bbox 3363 5065 3451 5135; x_wconf 76' lang='grc' dir='ltr'><strong>(Ι),</strong></span> <span class='ocrx_word' id='word_1_506' title='bbox 3487 5065 3619 5118; x_wconf 80' lang='lat' dir='ltr'><strong>alte-</strong></span> 
     </span>
    </p>
   </div>
   <div class='ocr_carea' id='block_1_76' title="bbox 373 5148 1940 5223">
    <p class='ocr_par' dir='ltr' id='par_1_76' title="bbox 373 5148 1940 5223">
     <span class='ocr_line' id='line_1_76' title="bbox 373 5148 1940 5223; baseline 0.006 -25"><span class='ocrx_word' id='word_1_507' title='bbox 373 5161 502 5201; x_wconf 87' lang='lat' dir='ltr'><strong>mss.</strong></span> <span class='ocrx_word' id='word_1_508' title='bbox 531 5149 767 5213; x_wconf 89' lang='lat' dir='ltr'><strong>codices,</strong></span> <span class='ocrx_word' id='word_1_509' title='bbox 795 5149 884 5218; x_wconf 88' lang='lat' dir='ltr'><strong>qui</strong></span> <span class='ocrx_word' id='word_1_510' title='bbox 917 5148 1032 5204; x_wconf 91' lang='lat' dir='ltr'><strong>sive</strong></span> <span class='ocrx_word' id='word_1_511' title='bbox 1057 5149 1324 5219; x_wconf 79' lang='lat' dir='ltr'><strong>integrum</strong></span> <span class='ocrx_word' id='word_1_512' title='bbox 1355 5154 1588 5206; x_wconf 86' lang='lat' dir='ltr'><strong>auctoris</strong></span> <span class='ocrx_word' id='word_1_513' title='bbox 1614 5153 1780 5206; x_wconf 91' lang='lat' dir='ltr'><strong>nostri</strong></span> <span class='ocrx_word' id='word_1_514' title='bbox 1806 5167 1940 5223; x_wconf 88' lang='lat' dir='ltr'><strong>opus</strong></span> 
     </span>
    </p>
   </div>
   <div class='ocr_carea' id='block_1_77' title="bbox 443 5387 1764 5458">
    <p class='ocr_par' dir='ltr' id='par_1_77' title="bbox 443 5387 1764 5458">
     <span class='ocr_line' id='line_1_77' title="bbox 443 5387 1764 5458; baseline 0.001 -18"><span class='ocrx_word' id='word_1_515' title='bbox 443 5387 519 5456; x_wconf 77' lang='grc' dir='ltr'>(α)</span> <span class='ocrx_word' id='word_1_516' title='bbox 559 5387 815 5458; x_wconf 78' lang='lat' dir='ltr'><strong>Lequien.</strong></span> <span class='ocrx_word' id='word_1_517' title='bbox 845 5388 940 5442; x_wconf 88' lang='lat' dir='ltr'><strong>0r.</strong></span> <span class='ocrx_word' id='word_1_518' title='bbox 974 5387 1192 5451; x_wconf 82' lang='lat' dir='ltr'><strong>Christ.,</strong></span> <span class='ocrx_word' id='word_1_519' title='bbox 1230 5397 1359 5446; x_wconf 89' lang='lat' dir='ltr'><strong>tom.</strong></span> <span class='ocrx_word' id='word_1_520' title='bbox 1389 5388 1451 5451; x_wconf 84' lang='grc' dir='ltr'><strong>ΙΙ,</strong></span> <span class='ocrx_word' id='word_1_521' title='bbox 1483 5403 1606 5458; x_wconf 71' lang='lat' dir='ltr'><strong>pag.</strong></span> <span class='ocrx_word' id='word_1_522' title='bbox 1640 5388 1764 5443; x_wconf 76' lang='grc'><strong>859.</strong></span> 
     </span>
    </p>
   </div>
   <div class='ocr_carea' id='block_1_78' title="bbox 444 5457 1824 5530">
    <p class='ocr_par' dir='ltr' id='par_1_78' title="bbox 444 5457 1824 5530">
     <span class='ocr_line' id='line_1_78' title="bbox 444 5457 1824 5530; baseline 0.006 -22"><span class='ocrx_word' id='word_1_523' title='bbox 444 5457 519 5530; x_wconf 87' lang='lat' dir='ltr'><strong>(b)</strong></span> <span class='ocrx_word' id='word_1_524' title='bbox 561 5457 770 5530; x_wconf 56' lang='grc' dir='ltr'><strong>[³³11θρζ</strong></span> <span class='ocrx_word' id='word_1_525' title='bbox 793 5458 934 5530; x_wconf 73' lang='lat' dir='ltr'><strong>Dial.</strong></span> <span class='ocrx_word' id='word_1_526' title='bbox 971 5461 1034 5513; x_wconf 83' lang='lat' dir='ltr'><strong>de</strong></span> <span class='ocrx_word' id='word_1_527' title='bbox 1076 5458 1175 5512; x_wconf 81' lang='lat' dir='ltr'><strong>Vit.</strong></span> <span class='ocrx_word' id='word_1_528' title='bbox 1203 5457 1498 5530; x_wconf 47' lang='lat' dir='ltr'><strong>Qhrysosg.</strong></span> <span class='ocrx_word' id='word_1_529' title='bbox 1533 5475 1654 5530; x_wconf 74' lang='lat' dir='ltr'><strong>pag.</strong></span> <span class='ocrx_word' id='word_1_530' title='bbox 1682 5459 1824 5530; x_wconf 27' lang='lat'><strong>194.,</strong></span> 
     </span>
    </p>
   </div>
   <div class='ocr_carea' id='block_1_79' title="bbox 468 5527 1570 5598">
    <p class='ocr_par' dir='ltr' id='par_1_79' title="bbox 468 5527 1570 5598">
     <span class='ocr_line' id='line_1_79' title="bbox 468 5527 1570 5598; baseline 0.004 -21"><span class='ocrx_word' id='word_1_531' title='bbox 468 5527 514 5595; x_wconf 69' lang='grc' dir='ltr'><strong>ρ)</strong></span> <span class='ocrx_word' id='word_1_532' title='bbox 555 5527 686 5598; x_wconf 63' lang='lat' dir='ltr'><strong>(Dav.</strong></span> <span class='ocrx_word' id='word_1_533' title='bbox 724 5527 864 5580; x_wconf 79' lang='lat' dir='ltr'><strong>Hist.</strong></span> <span class='ocrx_word' id='word_1_534' title='bbox 896 5528 1024 5591; x_wconf 83' lang='lat' dir='ltr'><strong>litt.,</strong></span> <span class='ocrx_word' id='word_1_535' title='bbox 1064 5541 1194 5583; x_wconf 92' lang='lat' dir='ltr'><strong>tom.</strong></span> <span class='ocrx_word' id='word_1_536' title='bbox 1229 5528 1268 5591; x_wconf 92' lang='grc'>1,</span> <span class='ocrx_word' id='word_1_537' title='bbox 1299 5545 1418 5598; x_wconf 77' lang='lat' dir='ltr'><strong>pag.</strong></span> <span class='ocrx_word' id='word_1_538' title='bbox 1444 5529 1570 5583; x_wconf 77' lang='lat'><strong>9.76.</strong></span> 
     </span>
    </p>
   </div>
   <div class='ocr_carea' id='block_1_80' title="bbox 380 5596 1944 5720">
    <p class='ocr_par' dir='ltr' id='par_1_80' title="bbox 380 5596 1944 5720">
     <span class='ocr_line' id='line_1_80' title="bbox 447 5596 1944 5676; baseline 0.007 -29"><span class='ocrx_word' id='word_1_539' title='bbox 447 5596 526 5676; x_wconf 68' lang='lat' dir='ltr'><strong>(it)</strong></span> <span class='ocrx_word' id='word_1_540' title='bbox 569 5596 783 5649; x_wconf 76' lang='lat' dir='ltr'><strong>Maxim.</strong></span> <span class='ocrx_word' id='word_1_541' title='bbox 816 5598 954 5668; x_wconf 90' lang='lat' dir='ltr'><strong>Opp.</strong></span> <span class='ocrx_word' id='word_1_542' title='bbox 1005 5609 1136 5653; x_wconf 87' lang='lat' dir='ltr'><strong>tom.</strong></span> <span class='ocrx_word' id='word_1_543' title='bbox 1171 5598 1234 5663; x_wconf 91' lang='grc'><strong>11,</strong></span> <span class='ocrx_word' id='word_1_544' title='bbox 1268 5596 1390 5668; x_wconf 63' lang='lat' dir='ltr'><strong>pag.</strong></span> <span class='ocrx_word' id='word_1_545' title='bbox 1417 5599 1518 5653; x_wconf 76' lang='grc'><strong>155</strong></span> <span class='ocrx_word' id='word_1_546' title='bbox 1543 5601 1673 5656; x_wconf 91' lang='lat' dir='ltr'><strong>edit.</strong></span> <span class='ocrx_word' id='word_1_547' title='bbox 1701 5600 1944 5657; x_wconf 77' lang='lat' dir='ltr'><strong>Combel‘.</strong></span> 
     </span>
     <span class='ocr_line' id='line_1_81' title="bbox 380 5663 737 5720; baseline 0 -2"><span class='ocrx_word' id='word_1_548' title='bbox 380 5663 550 5720; x_wconf 73' lang='lat' dir='ltr'><strong>Paris.</strong></span> <span class='ocrx_word' id='word_1_549' title='bbox 584 5667 737 5720; x_wconf 63' lang='grc'><strong>1674.</strong></span> 
     </span>
    </p>
   </div>
   <div class='ocr_carea' id='block_1_81' title="bbox 423 5685 737 5720">
    <p class='ocr_par' dir='ltr' id='par_1_81' title="bbox 423 5685 737 5720">
     <span class='ocr_line' id='line_1_82' title="bbox 423 5685 737 5720; baseline -0.003 -1"><span class='ocrx_word' id='word_1_550' title='bbox 423 5685 550 5720; x_wconf 81' lang='lat' dir='ltr'><strong>arts.</strong></span> <span class='ocrx_word' id='word_1_551' title='bbox 584 5685 645 5720; x_wconf 88' lang='grc' dir='ltr'><strong>ιυ</strong></span> <span class='ocrx_word' id='word_1_552' title='bbox 663 5685 737 5718; x_wconf 74' lang='grc' dir='ltr'><strong>Ν.</strong></span> 
     </span>
    </p>
   </div>
   <div class='ocr_carea' id='block_1_82' title="bbox 2053 5153 3623 5227">
    <p class='ocr_par' dir='ltr' id='par_1_82' title="bbox 2053 5153 3623 5227">
     <span class='ocr_line' id='line_1_83' title="bbox 2053 5153 3623 5227; baseline 0.001 -18"><span class='ocrx_word' id='word_1_553' title='bbox 2053 5169 2170 5209; x_wconf 89' lang='lat' dir='ltr'><strong>rum</strong></span> <span class='ocrx_word' id='word_1_554' title='bbox 2205 5153 2281 5208; x_wconf 87' lang='lat' dir='ltr'><strong>De</strong></span> <span class='ocrx_word' id='word_1_555' title='bbox 2321 5165 2514 5209; x_wconf 85' lang='lat' dir='ltr'><strong>natura</strong></span> <span class='ocrx_word' id='word_1_556' title='bbox 2547 5156 2773 5210; x_wconf 72' lang='lat' dir='ltr'><strong>hominis</strong></span> <span class='ocrx_word' id='word_1_557' title='bbox 2797 5155 2870 5227; x_wconf 83' lang='lat' dir='ltr'><strong>(g)</strong></span> <span class='ocrx_word' id='word_1_558' title='bbox 2891 5173 2906 5221; x_wconf 90' lang='lat'><strong>;</strong></span> <span class='ocrx_word' id='word_1_559' title='bbox 2931 5171 2992 5210; x_wconf 88' lang='lat' dir='ltr'><strong>ea</strong></span> <span class='ocrx_word' id='word_1_560' title='bbox 3024 5173 3082 5211; x_wconf 92' lang='lat' dir='ltr'><strong>se</strong></span> <span class='ocrx_word' id='word_1_561' title='bbox 3106 5157 3459 5226; x_wconf 88' lang='lat' dir='ltr'><strong>descripsisse</strong></span> <span class='ocrx_word' id='word_1_562' title='bbox 3492 5171 3623 5225; x_wconf 85' lang='lat' dir='ltr'><strong>pro-</strong></span> 
     </span>
    </p>
   </div>
   <div class='ocr_carea' id='block_1_83' title="bbox 2117 5394 3624 5467">
    <p class='ocr_par' dir='ltr' id='par_1_83' title="bbox 2117 5394 3624 5467">
     <span class='ocr_line' id='line_1_84' title="bbox 2117 5394 3624 5467; baseline 0.003 -20"><span class='ocrx_word' id='word_1_563' title='bbox 2117 5394 2186 5464; x_wconf 87' lang='lat' dir='ltr'><strong>(e)</strong></span> <span class='ocrx_word' id='word_1_564' title='bbox 2217 5394 2415 5467; x_wconf 65' lang='lat' dir='ltr'><strong>Anast.</strong></span> <span class='ocrx_word' id='word_1_565' title='bbox 2441 5394 2582 5458; x_wconf 72' lang='lat' dir='ltr'><strong>Sim,</strong></span> <span class='ocrx_word' id='word_1_566' title='bbox 2605 5394 2834 5467; x_wconf 68' lang='lat' dir='ltr'><strong>Quaestt.</strong></span> <span class='ocrx_word' id='word_1_567' title='bbox 2861 5412 2991 5451; x_wconf 83' lang='lat' dir='ltr'><strong>xvnr</strong></span> <span class='ocrx_word' id='word_1_568' title='bbox 3012 5405 3066 5449; x_wconf 85' lang='lat' dir='ltr'><strong>et</strong></span> <span class='ocrx_word' id='word_1_569' title='bbox 3094 5396 3393 5467; x_wconf 55' lang='lat' dir='ltr'><strong>xxrv.&#39;0pp.</strong></span> <span class='ocrx_word' id='word_1_570' title='bbox 3413 5396 3624 5461; x_wconf 75' lang='lat' dir='ltr'><strong>Grets.,</strong></span> 
     </span>
    </p>
   </div>
   <div class='ocr_carea' id='block_1_84' title="bbox 2049 5463 3091 5534">
    <p class='ocr_par' dir='ltr' id='par_1_84' title="bbox 2049 5463 3091 5534">
     <span class='ocr_line' id='line_1_85' title="bbox 2049 5463 3091 5534; baseline 0.002 -16"><span class='ocrx_word' id='word_1_571' title='bbox 2049 5463 2180 5518; x_wconf 86' lang='lat' dir='ltr'><strong>tom.</strong></span> <span class='ocrx_word' id='word_1_572' title='bbox 2217 5463 2353 5526; x_wconf 78' lang='lat' dir='ltr'><strong>XIV,</strong></span> <span class='ocrx_word' id='word_1_573' title='bbox 2385 5475 2523 5533; x_wconf 90' lang='lat' dir='ltr'><strong>part.</strong></span> <span class='ocrx_word' id='word_1_574' title='bbox 2556 5481 2615 5525; x_wconf 87' lang='grc' dir='ltr'><strong>ιι,</strong></span> <span class='ocrx_word' id='word_1_575' title='bbox 2657 5481 2777 5534; x_wconf 76' lang='lat' dir='ltr'><strong>pag.</strong></span> <span class='ocrx_word' id='word_1_576' title='bbox 2811 5465 2940 5531; x_wconf 73' lang='grc'><strong>270,</strong></span> <span class='ocrx_word' id='word_1_577' title='bbox 2965 5467 3091 5520; x_wconf 69' lang='grc'><strong>294.</strong></span> 
     </span>
    </p>
   </div>
   <div class='ocr_carea' id='block_1_85' title="bbox 2121 5534 3156 5607">
    <p class='ocr_par' dir='ltr' id='par_1_85' title="bbox 2121 5534 3156 5607">
     <span class='ocr_line' id='line_1_86' title="bbox 2121 5534 3156 5607; baseline 0.002 -18"><span class='ocrx_word' id='word_1_578' title='bbox 2121 5534 2186 5607; x_wconf 75' lang='grc' dir='ltr'><strong>(Ι)</strong></span> <span class='ocrx_word' id='word_1_579' title='bbox 2229 5534 2548 5607; x_wconf 29' lang='grc' dir='ltr'>Νβιηρειυε</span> <span class='ocrx_word' id='word_1_580' title='bbox 2579 5545 2688 5588; x_wconf 85' lang='lat' dir='ltr'><strong>nat.</strong></span> <span class='ocrx_word' id='word_1_581' title='bbox 2713 5538 2884 5607; x_wconf 81' lang='lat' dir='ltr'><strong>_hom.,</strong></span> <span class='ocrx_word' id='word_1_582' title='bbox 2923 5552 3038 5607; x_wconf 91' lang='lat' dir='ltr'><strong>cap.</strong></span> <span class='ocrx_word' id='word_1_583' title='bbox 3073 5537 3156 5591; x_wconf 65' lang='grc'><strong>44.</strong></span> 
     </span>
    </p>
   </div>
   <div class='ocr_carea' id='block_1_86' title="bbox 2121 5604 2754 5674">
    <p class='ocr_par' dir='ltr' id='par_1_86' title="bbox 2121 5604 2754 5674">
     <span class='ocr_line' id='line_1_87' title="bbox 2121 5604 2754 5674; baseline -0.006 -14"><span class='ocrx_word' id='word_1_584' title='bbox 2121 5606 2195 5673; x_wconf 79' lang='lat' dir='ltr'><strong>(g)</strong></span> <span class='ocrx_word' id='word_1_585' title='bbox 2240 5605 2312 5657; x_wconf 86' lang='lat' dir='ltr'><strong>Id.</strong></span> <span class='ocrx_word' id='word_1_586' title='bbox 2357 5604 2510 5668; x_wconf 91' lang='lat' dir='ltr'><strong>ibid.,</strong></span> <span class='ocrx_word' id='word_1_587' title='bbox 2553 5620 2670 5674; x_wconf 85' lang='lat' dir='ltr'><strong>cap.</strong></span> <span class='ocrx_word' id='word_1_588' title='bbox 2707 5605 2754 5656; x_wconf 82' lang='lat' dir='ltr'><strong>l.</strong></span> 
     </span>
    </p>
   </div>
  </div>
