4024 6208
364 258 463 318 ‘8!

1748 249 2283 306 PROLEGOMENA.

3458 318 3465 325 ,
3514 256 3622 315 482

359 377 542 431 ﬁtetur
567 386 633 426 ex
660 369 909 425 Namatio
939 369 1177 436 episwpo
1207 367 1482 434 Emeseno,
1514 368 1784 439 Νεμεαίου
1814 369 1939 420 ὲπι-
1969 371 2012 428 Α
2043 366 2275 421 omittat.
2326 364 2408 421 Ad
2451 367 2564 422 haec
2603 368 2809 423 nullum
2862 381 3128 427 memorat
3170 383 3445 431 auctorem
3465 416 3480 440 ,
3524 379 3615 445 qui

360 466 565 522 σκόπου
619 461 875 533 Ἐμέσης.
928 459 1107 515 Moses
1157 474 1291 535 vero
1322 459 1638 530 ~Bar-Cepha
1688 468 1942 514 nonnulla

359 575 428 614 ex
463 556 654 613 eodem
687 567 852 623 Opere
878 551 1044 607 verba
1076 550 1338 625 recitans,
1378 550 1681 607 Nemesium
1711 548 1943 620 philoso-

360 650 528 718 phum
554 642 918 700 Christianum
951 640 1196 695 nominat
1227 639 1328 711 (a),
1364 640 1546 709 operis
1575 639 1755 709 potius
1779 654 1943 710 argu-

365 747 609 795 mentum
639 734 881 798 scilicet,
914 746 1078 803 quam
1128 732 1367 786 auctoris
1415 731 1734 800 dignitatem
1766 730 1942 800 respi-

326 866 329 875 ν
363 832 537 886 ciens.
573 825 824 883 Presulis
853 826 1072 879 demum
1114 823 1282 878 nostri
1316 822 1600 887 meminit,
1633 822 1821 875 eadem
1859 821 1942 874 in-

363 921 660 989 scriptione
683 931 815 971 usus
842 929 950 984 qua
974 912 1243 968 Maximus
1262 921 1318 967 et
1340 910 1684 973 Anastasius,
1710 908 1942 979 scriptor

358 1024 661 1080 anonymus
691 1006 830 1077 apud
863 1002 1330 1059 Montfauconium
1359 1002 1434 1074 (b)
1466 1003 1644 1057 adhuc
1679 1000 1937 1065 ineditus,

356 1105 410 1157 in
441 1101 663 1170 Eclogis
701 1098 893 1153 ordine
935 1095 1280 1166 alphabetico
1325 1094 1570 1164 digestis,
1604 1107 1725 1162 quae
1765 1106 1794 1145 a
1828 1089 1941 1145 Pa-

354 1191 561 1245 rallelis
594 1186 998 1243 Damasceuicis
1026 1185 1310 1241 diderunt.
1347 1184 1427 1239 Ex
1465 1184 1661 1253 quibus
1694 1198 1824 1253 ergo
1852 1183 1941 1236 in-

356 1284 606 1354 telligas,
641 1290 860 1336 rectene
897 1296 964 1333 an
996 1294 1185 1345 secus,
1220 1277 1288 1332 de
1333 1285 1556 1332 auctore
1601 1286 1785 1333 nostro
1834 1275 1940 1331 Ca-

356 1390 490 1430 veus
517 1374 726 1442 aliique
755 1372 1089 1427 censuerint.

424 1521 492 1575 II.
534 1519 735 1574 Verum
767 1528 825 1573 ut
857 1534 920 1573 ea
958 1519 1134 1573 denuo
1166 1518 1338 1589 magis
1387 1519 1777 1574 conﬁrmentur
1822 1533 1942 1588 quae

357 1612 611 1683 superius
668 1611 847 1666 obiter
909 1620 1033 1680 post
1086 1609 1441 1679 Lequienium
1504 1611 1823 1680 attigimus,
1874 1611 1941 1664 de

2044 466 2167 525 post
2204 455 2794 524 quadringentesimum
2848 475 2876 513 a
2930 461 3152 519 Christo
3196 480 3395 520 annum
3447 467 3621 522 incla-

2046 547 2235 601 ruerit.
2277 546 2469 603 Omnia
2499 547 2717 603 demum
2750 550 2802 604 in
2833 560 3056 607 auctore
3089 565 3277 610 nostro
3304 556 3349 611 si
3379 557 3617 628 penitius

2045 639 2515 708 introspiciantur,
2548 654 2652 695 non
2683 641 2911 697 suadere
2938 643 3133 710 solum,
3169 646 3263 699 sed
3295 648 3458 701 etiam
3488 664 3619 718 per-

2043 731 2275 786 suadere
2317 730 2592 797 videntur,
2642 732 2839 787 saeculo
2881 748 2935 787 tv
2970 734 3252 791 desinente
3291 737 3463 806 ipsum
3518 739 3618 794 Ilo-

2045 836 2238 877 ruisse.

2113 970 2199 1026 IlI.
2236 969 2422 1041 Neque
2461 979 2639 1026 tamen
2682 981 2977 1043 propterea
3023 989 3147 1030 cum
3192 974 3489 1046 Lequienio
3532 979 3619 1031 af-

2044 1064 2263 1119 ﬁrmare
2306 1064 2503 1128 ausim,
2532 1063 2843 1120 Nemesium
2885 1050 3129 1119 noﬂrum
3163 1065 3362 1120 Basilio
3395 1078 3442 1121 et
3494 1066 3624 1121 Gre-

2041 1155 2188 1224 goria
2234 1153 2580 1217 Nazianzeno
2617 1156 2853 1209 amicitia
2892 1156 3383 1225 conjunctiuimum
3431 1158 3621 1225 fuisse,

2041 1243 2127 1296 cui
2148 1258 2348 1311 nempe,
2373 1243 2565 1312 inquit,
2589 1243 2936 1298 Philocaliam
2961 1262 3109 1298 suam
3133 1258 3498 1315 nuncuparunt
3535 1248 3619 1318 (Ι).

2041 1334 2198 1388 Aliud
2245 1335 2502 1388 nimirum
2548 1334 2739 1403 agebat
2789 1350 2840 1389 v.
2883 1348 2935 1391 c.
2989 1335 3115 1389 dum
3158 1336 3274 1392 haec
3342 1339 3620 1393 scriberet.

2040 1423 2226 1494 Neque
2253 1425 2398 1479 enim
2431 1424 2680 1480 Nemesio
2710 1426 2996 1492 Emeseno,
3032 1427 3127 1481 sed
3169 1426 3457 1483 Theodoro
3487 1428 3625 1499 Tya-

2040 1518 2197 1572 nensi
2228 1508 2483 1588 episcopo
2520 1533 2550 1571 a
2597 1517 2798 1573 Basilio
2841 1528 2896 1573 et
2921 1518 3186 1589 Gregorio
3219 1519 3388 1575 fuisse
3432 1521 3626 1575 inscri-
3678 1539 3691 1543 ·

2042 1616 2210 1676 ptam,
2242 1608 2324 1661 vel
2369 1608 2547 1677 potius
2591 1608 2659 1663 ad
2691 1609 2836 1664 hunc
2872 1610 3192 1680 simpliciter
3228 1611 3447 1665 missam
3490 1610 3623 1665 Plii-

359 1718 606 1775 tempore
635 1717 743 1772 quo
782 1702 835 1756 in
882 1703 1141 1756 cathedra
1180 1701 1445 1756 Emesena
1501 1702 1702 1756 sederit
1747 1700 1940 1755 Neme—
1970 1722 2014 1776 Β
2042 1698 2288 1753 localiam
2320 1699 2724 1770 Origenianam,
2762 1717 2829 1757 ex
2863 1705 3051 1757 eodem
3091 1700 3438 1758 Nazianzeno
3468 1704 3625 1759 intel-

356 1795 508 1858 sius;
549 1792 845 1846 observare
884 1791 1116 1859 primum
1145 1789 1349 1858 iuverit
1383 1805 1504 1845 cum
1538 1791 1745 1846 editore
1791 1790 1936 1846 Oxo-

354 1884 573 1948 niensi,
610 1884 907 1937 antistitem
958 1891 1204 1939 nostrum
1242 1896 1304 1937 ea
1354 1876 1675 1951 tetnpestate
1716 1883 1934 1947 vixisse,

354 1993 467 2047 qua
504 1974 759 2030 Ecclesia:
800 1988 984 2043 pacem
1017 1973 1310 2028 turbabant
1337 1972 1720 2042 Apollinarius,
1751 1971 1936 2027 Enna--

352 2070 502 2124 mius
549 2074 714 2135 atque
753 2064 1097 2134 Origenistat.
1143 2064 1211 2118 Et
1248 2065 1315 2119 de
1345 2062 1679 2133 Apollinario
1721 2064 1937 2133 quidem

350 2161 520 2217 verba
573 2158 783 2212 faciens
838 2154 1131 2213 Nemesius
1177 2157 1278 2212 sub
1322 2156 1513 2227 {operis
1562 2156 1777 2211 initium
1834 2155 1931 2230 (c),

350 2254 535 2324 ipsum
582 2250 838 2319 deinceps
888 2249 1132 2304 studiose
1176 2249 1378 2305 refellit
1419 2249 1516 2320 (ά).
1570 2250 1714 2306 Alibi
1759 2260 1938 2305 autem

351 2355 547 2400 contra
604 2342 930 2397 Eunomium
975 2340 1154 2411 palam
1199 2341 1438 2410 disputat
1485 2341 1593 2412 (e);
1648 2357 1806 2412 quem
1856 2344 1942 2409 pi-

352 2437 559 2491 mirum
601 2449 630 2487 a
663 2432 950 2502 prarcipuis
984 2434 1159 2501 quarti
1203 2433 1385 2488 saeculi
1421 2433 1678 2489 Ecclesia:
1709 2434 1942 2502 scripto-

355 2526 538 2589 ribus,
579 2523 779 2578 Basilio
801 2524 1101 2593 praesertim
1132 2532 1187 2577 et
1216 2532 1444 2593 utroque
1466 2523 1751 2594 Gregorio,
1775 2524 1942 2579 fuisse

353 2621 732 2687 impugnatum
756 2628 914 2668 nemo
941 2614 1135 2668 nescit.
1179 2612 1606 2684 Origenistarum
1635 2625 1814 2670 autem
1858 2615 1941 2669 in-

354 2707 570 2760 somnia
590 2704 659 2757 de
677 2703 978 2758 animarum
1007 2704 1265 2758 descensu
1282 2717 1345 2758 ac
1370 2704 1840 2775 transmigratione
1862 2716 1941 2760 ta-

354 2798 460 2850 cite
477 2794 1091 2865 primum,postmodum
1119 2809 1246 2849 vero
1261 2796 1598 2865 apertissime
1623 2797 1828 2867 respuit
1849 2800 1938 2870 (1).

359 2887 510 2953 Quod
553 2886 601 2939 si
662 2882 949 2938 Nemesius
1015 2884 1141 2937 dum
1204 2884 1491 2940 creationis
1551 2901 1687 2953 opus
1742 2902 1940 2941 secun-

365 2981 488 3031 dum
521 2966 936 3044 Scripturarum
961 2974 1171 3042 eloquia
1197 2989 1459 3030 enarrare
1485 2977 1704 3046 satagit,
1734 2977 1941 3031 anima-

2037 1792 2251 1862 Iigimus
2282 1791 2398 1863 (ιιι).
2435 1792 2549 1847 Sub
2577 1792 2718 1846 idem
2751 1800 2965 1863 tempus
2996 1793 3274 1849 enimvero
3305 1794 3402 1849 fuit
3435 1794 3625 1850 Neme-

2037 1883 2150 1938 sius
2180 1883 2399 1951 quidam
2431 1882 2677 1952 Gregorii
2712 1883 3044 1939 Nazianzeni
3076 1885 3382 1949 familiaris,
3413 1887 3625 1957 Cappa-

2041 1976 2210 2030 dociae
2249 1974 2536 2045 praefectus
2577 1986 2739 2044 atque
2769 1992 2798 2030 a
2827 1977 3044 2031 Christo
3072 1977 3279 2032 alienus
3300 2017 3316 2042 ,
3362 1980 3428 2033 ad
3462 1994 3625 2048 quem

2039 2077 2254 2122 exstant
2278 2075 2511 2137 quatuor
2557 2067 2799 2137 ejusdem
2850 2066 3181 2126 Nazianzeni
3234 2070 3477 2137 epistolae
3519 2070 3624 2142 (η),

2040 2169 2093 2213 et
2125 2173 2344 2213 carmen
2373 2158 2505 2212 satis
2534 2158 2803 2226 prolixum
2832 2158 2909 2230 (ο)
2938 2175 3044 2228 quo
3088 2160 3155 2214 ab
3183 2159 3506 2216 idololatriae
3540 2177 3630 2216 va-

2042 2249 2218 2303 nitate
2252 2251 2428 2319 ipsnm
2470 2264 2699 2305 avocare
2726 2250 2907 2304 studet
2934 2266 2950 2305 :
2980 2266 3139 2321 quem
3168 2260 3345 2307 tamen
3372 2254 3439 2307 ab
3465 2252 3627 2307 Emc-

2041 2354 2173 2393 seno
2208 2338 2646 2409 distinguendum
2678 2353 2798 2393 esse
2837 2338 3120 2395 Fabricius
3156 2341 3234 2412 (ρ)
3270 2343 3468 2412 aliique
3502 2359 3629 2398 con-

2045 2430 2293 2484 tendunt.
2324 2430 2482 2497 Atqui
2516 2430 2659 2486 haud
2699 2430 2859 2499 longe
2892 2445 2922 2483 a
2963 2447 3090 2485 vero
3113 2435 3302 2488 abesse
3334 2443 3485 2503 putat
3517 2435 3626 2489 Til-

2043 2521 2332 2575 lemontius
2357 2520 2459 2592 (ᾳ),
2486 2521 2531 2576 si
2562 2510 3019 2591 quisNemesium
3045 2522 3370 2578 Nazianzeni
3394 2526 3628 2580 amicum

2039 2612 2134 2682 qui
2161 2611 2516 2683 Cappadociae
2547 2613 2859 2683 praefectum
2890 2613 3123 2684 agebat,
3153 2613 3276 2669 libri
3307 2614 3386 2668 De
3430 2626 3626 2669 natura

2040 2704 2267 2757 hominis
2292 2712 2569 2758 auctorem
2599 2703 2895 2758 existimet.
2928 2702 3099 2769 Quam
3137 2719 3269 2759 sane
3295 2707 3620 2760 sententiam

2045 2795 2115 2848 ita
2145 2793 2446 2849 luculenter
2474 2793 2693 2862 exponit
2718 2794 2895 2848 editor
2922 2792 3246 2851 Oxoniensis
3279 2793 3351 2866 (r)
3401 2811 3415 2848 :
3466 2815 3485 2847 ι
3521 2796 3629 2849 Bil-

2044 2884 2200 2952 lius,»
2221 2886 2417 2958 inquit,
2453 2904 2472 2937 ι
2502 2897 2555 2940 et
2578 2886 2669 2939 alii
2692 2886 2933 2940 nonnulli
2961 2886 3186 2941 minime
3213 2886 3506 2943 verisimile
3528 2904 3629 2959 pu-

2048 2983 2183 3041 tant,
2214 2962 2570 3047 Cappadocia:
2603 2976 2946 3046 praefectum,
2973 2978 3245 3033 hominem
3271 2979 3453 3033 saeculi
3481 2982 3629 3035 curis

364 3083 479 3121 rum
510 3065 999 3137 prmexsistentiam
1037 3064 1229 3119 doceat
1257 3065 1362 3136 (g),
1386 3082 1510 3121 eum
1535 3069 1749 3122 demum
1784 3083 1942 3123 secu-
1971 3057 2013 3112 C
2048 3065 2321 3119 addictum
2350 3075 2406 3120 et
2436 3082 2465 3119 a
2512 3066 2826 3121 Christiana
2854 3067 3055 3137 pietate
3087 3068 3345 3133 alienum,
3382 3079 3475 3124 aut
3505 3072 3623 3139 epi-

366 3159 476 3212 rius
514 3158 689 3211 fuisse
730 3156 991 3219 locutum,
1027 3164 1083 3208 ut
1126 3156 1309 3224 phrasi
1358 3156 1751 3227 Augustiniana
1797 3167 1944 3222 utar,

363 3250 793 3307 existimaverim
831 3247 1115 3316 equidem;
1154 3263 1275 3302 cum
1327 3248 1629 3318 praesertim
1663 3257 1716 3304 et
1745 3264 1810 3303 eo
1855 3263 1945 3303 ve-

368 3344 625 3398 tustiores
657 3340 847 3395 Patres
880 3339 951 3392 ita
997 3353 1215 3407 quoque
1260 3337 1462 3392 fuerint
1503 3339 1693 3402 locuti,
1735 3338 1947 3395 Pierius

368 3434 760 3491 Alexandrinus
787 3432 889 3503 (Ιι),
932 3430 1237 3484 Methodius
1263 3428 1323 3501 li)
1351 3430 1568 3501 aliique.
1599 3430 1774 3484 Aliter
1802 3431 1943 3485 enim

373 3525 550 3593 procul
576 3522 742 3578 dubio
780 3522 1083 3575 censuisset
1113 3530 1295 3574 noster
1323 3529 1531 3585 auctor,
1566 3536 1630 3573 ac
1659 3520 1947 3593 προϋπάρ-

376 3614 504 3687 ξεως
546 3614 741 3681 dogma
779 3610 1170 3681 Origenianum
1218 3613 1604 3682 impugnasset,
1643 3615 1688 3668 si
1736 3628 1949 3683 perspe-

384 3717 520 3760 ctum
591 3704 877 3759 habuisset
954 3704 1263 3770 huiusmodi
1326 3705 1505 3773 magni
1565 3705 1763 3759 Leonis
1819 3703 1950 3758 etfa-

382 3807 481 3850 tum
506 3797 570 3867 (j)
609 3815 623 3852 :
656 3795 930 3850 Catholica
957 3795 1109 3863 ﬁdes,
1149 3795 1340 3864 inquit,
1369 3806 1671 3850 constanter
1693 3797 1947 3863 prwdicat

381 3899 524 3957 atque
567 3889 842 3953 veraciter,
882 3886 1021 3956 quod
1052 3888 1245 3940 anima?
1284 3887 1574 3950 hominum,
1641 3887 1949 3956 priusquam

378 3980 756 4049 iuspirarentur
781 3981 1104 4046 corporibus,
1152 3996 1253 4032 non
1293 3980 1456 4048 fuere,
1488 3995 1578 4033 nec
1606 3980 1672 4033 ab
1718 3979 1826 4032 alio
1868 3980 1951 4033 in-

382 4081 719 4138 corporantur
771 4072 871 4124 nisi
915 4075 979 4124 ab
1012 4071 1195 4140 opiﬁce
1228 4071 1353 4134 Deo,
1397 4072 1485 4141 qui
1517 4082 1563 4125 et
1596 4071 1829 4136 ipsarum
1873 4083 1946 4124 est

382 4174 574 4216 creator
608 4172 658 4217 et
707 4179 1007 4231 corporum.
1050 4162 1451 4217 Advertendum
1497 4172 1756 4232 praeterea
1810 4163 1949 4216 scri-

384 4254 542 4322 psisse
585 4254 896 4310 Nemesium
958 4263 1080 4309 ante
1131 4253 1364 4308 Nestorii
1421 4263 1582 4323 atque
1635 4254 1949 4326 Eutychetis

385 4351 636 4414 tempora,
660 4356 721 4399 ut
751 4344 992 4415 pluribus
1015 4345 1193 4414 arguit
1215 4343 1390 4399 editor
1413 4344 1739 4400 Oxoniensis
1774 4364 1788 4399 :
1816 4346 1944 4413 quin

2050 3170 2273 3222 scopum
2296 3155 2456 3218 ‘Iieri,
2486 3164 2580 3208 aut
2622 3155 2821 3209 librum
2854 3156 3159 3211 istiusmodi
3195 3158 3369 3225 qualis
3406 3159 3494 3214 hic
3529 3176 3628 3213 no-

2048 3255 2161 3301 ster
2185 3253 2269 3299 est
2296 3245 2386 3314 qui
2417 3260 2528 3316 pra:
2555 3246 2804 3301 manibus
2839 3247 3090 3312 habetur,
3127 3236 3432 3316 scripsisse.
3472 3248 3624 3316 Quod

2053 3347 2232 3393 autem
2273 3338 2340 3392 ad
2390 3338 2771 3409 praefecturam
2822 3341 3020 3394 attinet
3064 3347 3119 3394 et
3161 3354 3357 3394 nomen
3411 3340 3634 3396 Christo

2053 3431 2291 3485 nondum
2323 3431 2529 3499 datum,
2563 3430 2720 3486 facile
2748 3432 2854 3486 erit
2894 3447 3189 3501 reponere;
3222 3448 3333 3487 rem
3365 3448 3483 3487 eam
3527 3450 3630 3486 non

2050 3523 2184 3577 adeo
2215 3523 2588 3577 incredibilem
2618 3524 2786 3577 videri
2828 3524 2894 3578 iis
2923 3526 3013 3593 qui
3049 3525 3320 3589 noverint,
3350 3526 3537 3596 quales
3569 3541 3635 3580 eo

2052 3608 2269 3678 ipso'in
2327 3611 2528 3665 saeculo
2578 3610 2802 3667 fuerunt
2842 3614 3197 3678 Ambrosius,
3244 3614 3526 3669 Nectarius
3578 3624 3634 3667 et

2054 3699 2350 3770 Synesius,
2400 3716 2522 3754 cum
2562 3702 2629 3754 ad
2667 3703 2825 3757 sedes
2859 3718 2987 3758 suas
3020 3714 3489 3769 promoverentur.
3523 3702 3633 3757 Nec

2052 3800 2200 3844 certe
2234 3790 2514 3845 Nemesius
2549 3802 2735 3846 noster
2765 3793 2940 3846 sacris
2975 3792 3160 3848 infulis
3193 3795 3445 3863 indignus
3475 3810 3633 3862 pror-

2052 3896 2146 3936 sus
2177 3882 2482 3947 hahebitur,
2518 3883 2608 3952 qui
2659 3898 2690 3935 a
2738 3882 3013 3951 Theologo
3062 3885 3345 3953 Gregorio,
3400 3886 3633 3953 philoso-

2051 3974 2207 4041 phice,
2249 3972 2542 4045 probitatis,
2564 3976 2817 4044 justitiw,
2854 3979 3102 4030 amicitia:
3137 3978 3354 4032 demum
3391 3980 3632 4045 nomine,

2056 4080 2161 4118 non
2221 4066 2380 4118 modo
2431 4065 2665 4130 laudari,
2710 4068 2802 4120 sed
2850 4082 2972 4121 cum
3012 4070 3359 4124 veneratione
3399 4071 3633 4139 quadam

2055 4154 2254 4223 suspici
2283 4167 2444 4223 atque
2477 4155 2580 4210 coli
2627 4167 2897 4211 meruerat
2937 4177 2950 4211 :
2994 4173 3154 4225 quem
3182 4160 3345 4212 etiam
3376 4170 3635 4228 utcunque

2055 4243 2177 4295 aliut
2210 4244 2596 4307 charissimam,
2634 4245 2798 4314 magis
2828 4246 3114 4299 etiamnum
3139 4245 3355 4299 chorum
3396 4247 3637 4313 futurum

2055 4335 2269 4405 ejusque
2300 4335 2472 4387 animo
2503 4336 2708 4403 penitus
2752 4350 2843 4387 ceu
2881 4336 3127 4390 columna
3175 4353 3311 4390 turea
3347 4338 3635 4390 inscriben-

380 4447 436 4489 ει
463 4449 584 4492 ante
609 4436 912 4507 Pelagium,
951 4452 1073 4491 cum
1104 4439 1156 4490 in
1185 4436 1388 4506 prolixa
1415 4437 1481 4490 de
1514 4437 1683 4492 libero
1720 4438 1942 4491 arbitrio

2066 4428 2194 4479 dum
2235 4426 2461 4494 Spondet
2508 4427 2600 4498 (r),
2638 4426 2826 4497 ἐπειδὴ
2868 4426 2934 4481 ἂν
2962 4427 3121 4499 γένῃ,
3157 4425 3294 4481 Θεοῦ
3325 4429 3417 4481 καὶ
3452 4426 3637 4495 σαφῶς

386 4526 738 4599 disputatione
794 4528 869 4600 (lt)
922 4529 1299 4600 Pelagianismi
1348 4531 1677 4585 mentionem
1728 4544 1942 4599 prorsus

2059 4522 2357 4594 ἡμέτερος’
2392 4520 2618 4589 scilicet,
2651 4538 2773 4577 cum
2802 4523 2988 4592 pietati
3018 4524 3345 4580 Christiana:
3372 4539 3430 4579 se
3463 4531 3631 4577 totum

390 4833 517 4957 ﬁgis)
554 4832 731 4888 Moses
759 4829 845 4895 B.,
893 4830 969 4885 De
1003 4830 1215 4900 parad.,
1263 4843 1382 4899 pag.
1419 4827 1487 4883 55
1511 4826 1637 4881 edit.
1672 4829 1946 4898 Antvverp.

452 4974 521 5040 (b)
564 4973 859 5028 Montfaur.
889 4970 1029 5026 Bibl.
1065 4967 1255 5034 Coisl.,
1288 4965 1559 5040 pagaMS.

475 5044 519 5112 c)
557 5043 775 5098 Nemes.
809 5041 885 5095 De
918 5048 1035 5112 nat.
1064 5041 1230 5105 hom.,
1258 5054 1377 5108 cap.
1411 5039 1458 5092 l.

473 5111 523 5183 ά)
560 5114 638 5167 Id.
666 5113 823 5183 ibid”
859 5126 981 5180 cap.
1011 5111 1067 5183 ἓ.

474 5180 520 5255 ε)
558 5183 635 5240 Id.
678 5181 838 5255 ibid.,
860 5195 980 5248 cap.
1016 5180 1068 5255 ζ).

557 5255 633 5309 ΙιΙ.
666 5253 823 5315 ibid.,
864 5266 984 5318 cap.
1010 5251 1071 5321 2,
1107 5250 1160 5303 3.

473 5319 521 5392 gl
552 5323 629 5377 Id.
654 5322 813 5383 ibid.,
849 5336 968 5389 cap.
1001 5319 1065 5392 2.7
1103 5388 1160 5392 __
1299 5386 1410 5392 ____
1553 5389 1567 5392 _
1867 5345 1882 5359 -

472 5386 522 5463 li)
560 5393 704 5449 Pier.
741 5392 896 5447 Alex.
919 5386 1071 5460 apud
1103 5388 1263 5443 Phot.
1292 5386 1431 5440 Bibl.
1469 5389 1594 5444 cod.
1623 5401 1774 5451 cxtx,
1823 5402 1944 5456 pag.

547 5529 1028 5603 Metliod._Qonviv.
1056 5529 1189 5598 νει-9.
1229 5535 1368 5582 orat.
1399 5542 1461 5592 ιι,
1494 5525 1606 5597 εει.
1643 5524 1729 5597 [Τ.
1782 5523 1943 5579 Χνιιι

391 5598 577 5655 nostra:
602 5598 744 5655 Bibl.
780 5598 923 5670 PP.]

453 5671 517 5743 ο)
556 5671 662 5728 Leo
706 5672 757 5736 ι.
790 5663 948 5741 εμιεῖ.
983 5684 1071 5733 xv,
1092 5668 1169 5724 ‘ad
1214 5666 1456 5732 Turrib.,
1491 5680 1612 5737 cap.
1657 5665 1750 5733 to,
1782 5663 1919 5735 opp.

2056 4838 2191 4885 tom.
2217 4828 2257 4892 l,
2285 4843 2406 4898 pag.
2443 4826 2547 4884 705
2575 4830 2705 4885 edit.
2735 4830 2930 4886 Baller.

2150 4897 2201 4981 lt)
2222 4898 2480 4981 'Nemesq
2508 4916 2629 4981 cap.
2773 4900 2871 4981 fit),
2906 4900 2995 4981 μ.

2151 4968 2187 5036 Ι)
2222 4966 2486 5038 Lequien.
2519 4966 2613 5022 0r.
2659 4966 2879 5035 Christ.,
2909 4978 3039 5024 tom.
3064 4968 3138 5038 ill,
3173 4983 3294 5038 pag.
3333 4966 3460 5038 840.

2153 5038 2222 5101 ιιι)
2262 5037 2424 5106 Greg.
2465 5037 2594 5092 Naz.
2623 5041 2778 5109 epist.
2812 5055 3028 5093 Lxxxvn
3061 5037 3426 5110 [nuncicxv].

2149 5107 2203 5179 n)
2245 5107 2318 5161 Id.
2367 5108 2672 5179 epist._79,
2722 5110 2847 5174 185,
2902 5109 3021 5175 184,
3070 5108 3175 5163 185
3221 5106 3405 5179 [nunc
3455 5122 3636 5176 σχειν,

2054 5176 2276 5249 cxcvm,
2295 5176 2506 5249 ξραμερι
2539 5176 2581 5249 ].

2059 5249 2225 5389 10ῃῆ
2249 5247 2329 5302 Id.
2360 5247 2658 5303 carm.‘r.x1
2703 5247 2895 5320 [nunc
2940 5247 3165 5314 vtt,'lib.
3199 5262 3260 5314 ιι,
3300 5256 3435 5303 sect.
3476 5248 3535 5311 2,
3582 5263 3636 5316 p.

2127 5352 2648 5475 (Birtbrtpzmibt.
2699 5384 2794 5440 cr.
2843 5395 2974 5442 tom.
3021 5385 3131 5453 vn,
3185 5402 3305 5458 pag.
3344 5388 3468 5444 549.
3511 5386 3636 5456 [EtL

2057 5455 2246 5512 llarles
2271 5455 2362 5521 IX,
2396 5456 2557 5527 504.]
3186 5455 3200 5457 '
3261 5455 3279 5458 '
3522 5455 3529 5456 ί

2125 5528 2200 5599 (q)
2241 5526 2623 5599 '_l‘illem._lllém.
2674 5527 2823 5599 each,
2888 5537 3017 5583 tom.
3055 5525 3146 5593 IX,
3182 5542 3305 5599 pag.
3342 5528 3468 5596 541,
3506 5525 3631 5583 607.

2129 5596 2199 5666 (r)
2235 5596 2408 5667 onn.
2434 5596 2651 5667 Pt'mfat.
2685 5600 2750 5651 ad
2786 5597 2996 5653 Nemes.
3028 5612 3149 5667 pag.
3182 5596 3244 5652 'v.

2131 5665 2201 5738 (ε)
2243 5665 2406 5739 Greg.
2446 5665 2574 5723 Νη.
2604 5668 2764 5739 epist.
2798 5665 3036 5725 cuxtuv
3059 5665 3227 5739 [nunc
3251 5665 3361 5740 cc].

2153 5038 2222 5109 in)
2248 5037 2303 5109 7G
2315 5052 2424 5106 reg.
2442 5108 2445 5109 ν
2465 5037 2594 5092 Naz.
2623 5041 2778 5109 epist.
2812 5055 3028 5093 Lxxxvn
