4024 6208
282 193 384 249 485
1661 190 2171 246 PHOLEGOMENA
2182 232 2194 246 .
3440 208 3538 262 586

283 305 648 361 Schroeckhio
688 304 787 376 (α),
821 303 1048 358 summis
1083 303 1245 367 viris,
1295 315 1356 357 ea
1397 301 1489 358 hic
1514 345 1528 368 ,
1577 318 1635 359 ut
1683 316 1806 359 nota
1831 346 1845 369 ,
1899 305 2355 376 pr;rtermitteu-.la
2390 309 2650 378 judicavi.
2691 313 2877 368 Solum
2916 314 3017 370 huc
3055 333 3200 380 noto,
3246 334 3330 372 me
3368 322 3536 374 ιιιὶικιιδ

279 400 556 454 codicibus
586 398 945 468 Augustanis,
985 394 1195 452 duobus
1227 397 1623 454 Dresdensibus
1643 438 1658 463 ,
1691 399 2024 469 totidemque
2055 401 2529 457 Monachiensibus
2549 445 2564 469 ,
2590 420 2654 458 ac
2686 417 2945 474 pra-terea
2975 409 3182 464 duabus
3216 405 3408 480 priscis
3433 413 3539 467 Go—

284 492 435 546 nonis
464 502 521 546 et
545 491 710 545 Valla:
742 489 950 544 Latinis
981 489 1325 544 versionibus
1356 490 1679 545 instructum
1712 491 1779 544 ad
1815 492 1955 546 hanc
1985 493 2278 548 editionem
2307 496 2627 550 accessisse.
2657 495 2752 549 llis
2791 507 2974 552 autem
3019 502 3212 570 copiis,
3251 501 3318 555 de
3347 505 3541 572 quibus

281 587 437 655 paulo
469 585 696 641 inferius
735 585 847 639 dixi
878 585 1063 652 latius,
1090 584 1162 638 ita
1198 599 1328 640 usus
1359 599 1500 650 sum,
1542 593 1601 639 ut
1633 594 1854 649 textum,
1897 601 2056 655 quem
2093 598 2308 652 vocant,
2335 587 2601 654 Graecum,
2640 591 2707 643 ab
2743 591 3016 647 Ellebodio
3042 608 3106 646 ex
3141 595 3352 649 duobus
3388 596 3539 649 valde

277 681 495 735 vitiosis
529 680 801 734 codicibus
835 679 1075 743 editum,
1125 678 1370 748 adeoque
1401 678 1586 733 multis
1616 679 1669 732 in
1713 678 1846 734 locis
1897 691 2208 750 corruptum
2232 721 2246 745 ,
2281 682 2349 736 ab
2388 681 2599 736 edilore
2629 682 2924 738 Oxoniensi
2974 700 3100 740 vero
3132 686 3219 739 vix
3249 687 3538 756 quinquies

278 784 606 834 correctum,
637 785 897 842 quantum
929 772 1044 827 ﬁeri
1081 782 1305 842 posset,
1347 773 1776 827 emendatiorem
1821 775 2058 829 ederem.
2093 775 2166 828 Eo
2193 790 2322 845 ergo
2351 783 2560 844 spectat
2588 777 3110 832 animadversionmn
3144 794 3380 833 mearum
3415 793 3543 847 pars

281 867 540 920 maxima.
576 864 641 919 Ut
668 874 847 919 autem
880 865 1112 919 lectores
1137 864 1364 931 scirent,
1394 864 1521 934 quid
1573 865 1626 918 in
1658 872 1913 933 perpetua
1957 867 2206 922 oratione
2235 869 2556 921 mutaverim
2589 876 2643 922 et
2672 869 3026 934 correxerim,
3056 885 3174 925 eam
3219 870 3289 924 ob
3320 885 3537 924 causam

279 959 476 1027 ubique
503 968 630 1011 ante
657 955 1158 1010 animadversiones
1188 969 1336 1010 meas
1365 954 1542 1011 notavi
1576 955 1836 1010 lectiones
1867 955 2129 1012 Ellebodii
2163 972 2191 1010 a
2225 957 2359 1011 meis
2389 957 2776 1026 discrepantes.
2813 956 2888 1012 De
2914 958 3138 1026 singulis
3163 960 3433 1013 vocabulis
3470 975 3533 1011 ac

271 1049 467 1103 formis
503 1049 718 1102 dicendi
750 1064 879 1112 non,
907 1047 1010 1102 nisi
1045 1048 1135 1101 ubi
1168 1061 1389 1102 necesse
1423 1047 1559 1112 fuit,
1597 1048 1818 1113 monui;
1853 1064 1977 1102 nam
2017 1049 2232 1104 dicendi
2263 1064 2430 1118 genus
2456 1047 2723 1112 Nemesii,
2758 1050 2809 1104 in
2867 1059 3013 1106 tanta
3053 1045 3218 1104 etiam
3271 1066 3452 1105 rerum
3487 1066 3542 1107 et

277 1143 674 1198 sententiarum
709 1140 1006 1196 subtilitate
1039 1152 1093 1193 et
1137 1137 1464 1204 diﬂicultate,
1503 1139 1569 1192 ad
1601 1138 2008 1207 intelligendum
2063 1131 2219 1194 valde
2265 1149 2348 1193 est
2383 1147 2628 1209 apertum
2661 1148 2822 1208 atque
2857 1141 3188 1210 expeditum.
3227 1138 3539 1195 Priscorum

281 1238 414 1291 cuitu
447 1237 760 1305 sapientum
793 1233 1023 1302 quilibet
1068 1232 1537 1303 ingeniosissimus
1563 1241 1618 1286 et
1644 1231 1992 1287 doctissimus
2031 1243 2144 1284 tum
2177 1232 2390 1286 demum
2418 1233 2788 1288 arbitrabatur
2813 1233 2980 1290 licere
3027 1235 3127 1290 sibi
3161 1248 3354 1289 nomen
3385 1252 3538 1289 suum

283 1329 515 1396 proliteri
545 1329 691 1382 inter
718 1327 1088 1395 philosophos,
1119 1325 1164 1380 si
1187 1340 1308 1394 qua:
1339 1325 1454 1393 ipse
1487 1324 1757 1378 subtiliter
1789 1333 1841 1378 et
1865 1335 2021 1377 acute
2053 1323 2524 1379 animadvertisset
2549 1335 2639 1378 aut
2671 1327 3052 1396 excogitasset,
3080 1327 3325 1381 oratione
3358 1337 3538 1396 posset

277 1434 546 1489 exponere
579 1419 832 1486 eleganti,
875 1409 1032 1471 culta'
1060 1425 1115 1470 et
1167 1416 1475 1484 perspicua.
1521 1416 1724 1482 Quodsi
1766 1424 1945 1469 tamen
1975 1415 2273 1476 acciderit,
2326 1424 2382 1469 ut
2413 1417 2933 1471 adolescentulorum
2985 1418 3180 1488 aliquis
3234 1420 3286 1472 iu
3336 1418 3540 1472 Graecis

277 1517 478 1570 haereat
502 1521 598 1565 aut
634 1510 876 1570 dubitet,
906 1523 970 1563 eo
1013 1508 1065 1562 in
1100 1507 1217 1562 loco
1247 1517 1426 1563 autem
1461 1507 1592 1560 nihil
1623 1522 1652 1561 a
1687 1521 1774 1562 me
1808 1507 2068 1561 monitum
2105 1507 2208 1572 sit,
2242 1507 2497 1562 Ellebodii
2544 1509 2990 1577 interpretatione
3028 1510 3218 1564 Latina
3255 1527 3351 1580 pro
3381 1527 3535 1566 com-

275 1605 544 1659 mentario
571 1602 647 1654 uti
677 1601 892 1670 poterit.
929 1599 1055 1652 Eam
1089 1598 1252 1667 igitur
1293 1597 1379 1652 vel
1421 1598 1563 1652 hanc
1590 1599 1660 1653 ob
1689 1613 1909 1652 causam
1943 1597 2286 1653 immutatam
2316 1597 2566 1662 servavi,
2607 1599 2707 1653 nisi
2756 1599 2843 1654 ubi
2875 1601 2940 1654 ad
2967 1611 3164 1654 textum
3198 1601 3468 1667 Graecum,
3509 1617 3538 1656 a

275 1715 357 1752 me
385 1696 722 1751 auctoritate
751 1693 997 1747 codicum
1031 1699 1336 1746 correctum
1358 1729 1374 1754 ,
1420 1691 1803 1745 conformanda
1829 1682 1996 1760 ’atque
2042 1691 2375 1746 immutanda
2423 1691 2541 1746 fuit.
2575 1693 2885 1762 Scriptores
2928 1706 3140 1751 veteres
3185 1697 3253 1750 ab
3286 1695 3538 1751 Netnesio

283 1789 536 1842 laudatos
564 1787 764 1855 saepius
793 1800 852 1838 ac
885 1783 1193 1854 diligentius
1224 1783 1276 1838 in
1309 1782 1866 1837 animadversionibns
1894 1793 2184 1851 uotassem,
2220 1785 2319 1838 nisi
2353 1785 2424 1838 ita
2453 1800 2547 1839 eos
2588 1785 2877 1851 laudasset,
2909 1796 2965 1840 ut
3002 1787 3297 1842 sententias
3338 1789 3538 1856 potius,

270 1879 432 1951 quam
469 1881 659 1943 verba,
691 1876 956 1932 retulerit.
991 1876 1117 1930 Inde
1141 1876 1305 1930 etiam
1339 1875 1558 1940 accidit,
1590 1886 1648 1929 ut
1678 1891 1777 1930 nec
1809 1876 1990 1931 editor
2031 1877 2356 1932 Oxoniensis
2396 1887 2647 1932 accurate
2685 1886 2737 1931 et
2772 1878 2989 1932 deﬁnite
3023 1879 3138 1932 loca
3170 1879 3268 1932 ista
3301 1880 3541 1933 indicare

263 1972 528 2042 potuerit.
563 1967 826 2022 Joannem
879 1969 1308 2030 Damascenum,
1338 1966 1430 2035 qui
1467 1967 1636 2020 multa
1679 1984 1744 2022 ex
1780 1966 2032 2023 Nemesio
2063 1968 2262 2029 hausit,
2304 1969 2440 2021 satis
2485 1969 2699 2022 curiose
2736 1969 2920 2022 videor
2952 1980 3186 2024 notasse.
3218 1969 3537 2038 Gregorium

265 2064 581 2135 Nyssenum
613 2063 810 2123 etiam,
844 2063 985 2114 inter
1013 2058 1165 2126 cujus
1195 2072 1362 2130 opera
1394 2072 1554 2131 caput
1578 2059 1874 2116 secundum
1901 2069 1956 2114 et
1989 2061 2203 2114 tertium
2241 2061 2457 2129 legitur,
2491 2061 2777 2132 diligenter
2828 2062 3160 2131 comparavi.
3191 2061 3538 2117 Anastasium

268 2158 538 2211 Sinaitam
594 2169 658 2206 ex
691 2152 1014 2206 bibliotheca
1055 2150 1374 2218 Noesseltii,
1405 2155 1598 2208 summi
1631 2155 1763 2219 viri,
1809 2153 2018 2222 accepit
2061 2164 2116 2207 et
2159 2154 2209 2206 in
2253 2169 2406 2206 nsunt
2448 2169 2624 2206 meum
2672 2154 2803 2206 duas
2847 2154 3173 2222 qtuestiones
3213 2152 3546 2207 examinavit

263 2247 570 2318 Gregorius
599 2245 834 2300 Gottlieb
865 2242 1294 2310 Wernsdorfius,
1322 2246 1402 2299 vir
1425 2247 1841 2310 eruditissimus,
1867 2247 1958 2314 qui
1986 2261 2125 2300 nunc
2153 2245 2300 2299 llalae
2324 2254 2715 2301 commoratur.
2748 2247 2852 2299 Sed
2875 2244 3090 2300 Juliauo
3121 2246 3388 2310 Pomerio,
3422 2244 3542 2297 Elia

259 2342 542 2405 Cretensi,
574 2327 788 2394 Meletio
810 2337 1074 2391 Monacho
1097 2347 1150 2390 et
1176 2337 1382 2395 Joanne
1406 2338 1725 2407 Philopono,
1751 2339 1841 2408 qui
1875 2339 1928 2392 in
1967 2338 2238 2393 nonnullis
2265 2337 2400 2392 locis
2423 2338 2667 2392 adhiberi
2692 2339 3008 2406 potuissent,
3038 2338 3125 2392 hic
3155 2337 3538 2422 Vitcmbergte,

267 2448 325 2491 ut
359 2433 627 2490 credibile
659 2441 761 2495 est,
787 2444 1016 2499 prorsus
1051 2430 1220 2482 carui.
1246 2427 1634 2484 Verumtamen
1672 2445 1770 2484 nec
1801 2428 2100 2498 Lipsiensis
2127 2429 2449 2484 bibliotheca
2477 2429 2787 2483 academica
2810 2444 2966 2496 opem
2999 2430 3126 2482 mihi
3161 2429 3304 2484 ferre
3337 2430 3535 2499 potuit.

266 2532 428 2584 Viros
457 2529 656 2581 doctos
684 2539 833 2594 ergo,
874 2522 964 2591 qui
993 2522 1386 2592 copiosioribus
1415 2521 1766 2590 bibliothecis.
1787 2521 2036 2576 instructi
2065 2520 2194 2574 mihi
2243 2521 2378 2575 bene
2409 2521 2632 2590 cupiunt
2677 2529 2730 2574 et
2766 2519 2832 2573 de
2868 2519 2967 2574 hac
3000 2519 3235 2574 editione
3282 2537 3399 2574 mea
3433 2537 3530 2590 pa-

266 2627 374 2679 lam
399 2621 670 2690 judicium
704 2617 867 2672 laturi
903 2627 1049 2679 sunt,
1087 2615 1479 2669 humanissime
1525 2627 1676 2683 rogo,
1712 2622 1770 2666 ut
1799 2611 1989 2667 saltem
2022 2612 2247 2667 Joannis
2279 2612 2563 2683 Philoponi
2603 2611 3070 2666 Commentarium
3111 2611 3164 2665 in
3217 2621 3324 2666 tres
3365 2612 3530 2668 libros

263 2714 586 2769 Aristotelis
627 2711 704 2765 De
752 2710 930 2762 anima
971 2706 1259 2762 consulant
1286 2713 1504 2774 propter
1529 2703 1704 2758 locum
1743 2705 2012 2757 Ammonii
2039 2718 2161 2772 pag.
2199 2703 2288 2768 41,
2325 2704 2455 2758 edit.
2489 2701 2663 2756 Oxon.
2706 2701 2883 2756 Locus
2914 2701 3013 2757 iste
3044 2701 3272 2757 fortasse
3306 2704 3540 2773 reperie-

267 2818 359 2860 tur
384 2806 438 2858 in
469 2803 714 2858 editione
747 2799 950 2854 Veneta
993 2797 1118 2851 folio
1149 2818 1204 2859 ο,
1245 2809 1367 2865 pag.
1405 2794 1492 2860 15,
1539 2804 1634 2847 aut
1667 2793 1791 2848 folio
1822 2812 1880 2864 q.
1914 2809 2038 2866 pag.
2074 2795 2130 2847 5.
2171 2793 2281 2848 lloc
2317 2809 2481 2847 unum
2511 2805 2772 2864 pratterea
2801 2794 2964 2858 addo,
2993 2795 3134 2864 quod
3171 2805 3350 2850 tamen
3383 2812 3542 2851 nemo

282 2900 357 2951 ita
386 2897 593 2950 dictum
625 2903 800 2960 putet,
835 2900 893 2944 ut
931 2899 1023 2943 aut
1059 2889 1188 2942 mihi
1226 2887 1426 2956 aliquid
1477 2887 1822 2941 ambitiosius
1863 2903 2200 2958 arrOgarem,
2234 2897 2326 2941 aut
2359 2886 2608 2942 Nemesio
2636 2896 2840 2943 temere
2867 2888 3222 2956 gratiticarer.
3265 2888 3388 2959 Legi
3425 2891 3544 2958 phi-

273 2993 617 3061 losotihorum
647 2988 958 3043 Graecorum
996 2985 1195 3039 multas
1237 2983 1304 3037 de
1336 2983 1420 3037 his
1461 2982 1592 3052 ipsis
1623 2983 1783 3037 rebus
1827 2992 1935 3037 tam
1983 2999 2170 3047 veras,
2199 2999 2357 3052 quam
2398 2983 2671 3038 mirabiles
2711 2984 3042 3047 sententias,
3078 2985 3202 3037 item
3252 2988 3544 3054 scriptores

275 3084 677 3140 ecclesiasticos
705 3080 922 3134 Graecos
952 3079 1088 3132 bene
1119 3075 1338 3140 multos,
1374 3077 1425 3128 in
1454 3062 1545 3129 his
1573 3074 1830 3135 Basilium
1863 3075 1956 3140 M.,
1989 3076 2311 3145 Gregorium
2341 3075 2640 3145 Nyssenum
2659 3118 2674 3140 ,
2705 3073 3154 3146 Chryso'stomum
3179 3115 3193 3138 ,
3221 3076 3539 3132 Theodore-

277 3190 411 3243 tum,
449 3192 612 3247 atque
645 3177 932 3245 Origenem
965 3174 1164 3236 etiam,
1200 3172 1293 3242 qui
1341 3170 1651 3240 singulatim
1687 3171 1876 3226 eadem
1913 3180 2230 3239 argumenta
2275 3179 2465 3223 ornate
2505 3171 2828 3238 cotiioseque
2862 3178 3249 3238 exposuerunt.
3293 3169 3398 3222 Sed
3434 3171 3538 3224 ista

276 3271 500 3338 iunctim
535 3271 740 3332 omnia,
768 3268 1054 3322 multorum
1079 3266 1449 3336 antiquiorum
1487 3264 1734 3319 refutatis
1768 3265 2066 3328 erroribus,
2100 3279 2207 3319 uno
2243 3264 2344 3318 hoc
2379 3262 2557 3317 libello
2583 3263 2820 3326 brevius,
2855 3263 3164 3316 accuratius
3197 3271 3252 3315 et
3289 3260 3543 3316 subtilius

285 3381 315 3418 a
349 3364 593 3420 Nemesio
617 3363 886 3432 explicata
923 3372 1068 3416 sunt.
1100 3361 1228 3428 Quae
1267 3375 1392 3415 vero
1427 3375 1491 3414 ea
1521 3361 1691 3414 sunt?
1723 3360 1943 3414 Scilicet
1985 3375 2046 3413 ea
2069 3400 2084 3424 ,
2128 3374 2248 3429 qua:
2294 3359 2538 3423 homini,
2582 3368 2637 3411 nt
2683 3357 2923 3422 homini,
2960 3356 3098 3413 scitu
3139 3368 3265 3411 sunt
3309 3357 3543 3412 maxime

286 3453 606 3516 necesSaria,
641 3465 868 3522 qumque
888 3451 956 3504 ad
989 3457 1154 3512 recte,
1185 3447 1488 3517 tranquille,
1515 3457 1850 3510 constanter,
1873 3449 2144 3517 sapienter
2174 3449 2436 3518 beateque
2459 3449 2741 3502 vivendum
2778 3448 3102 3519 permultum
3133 3449 3328 3503 valent.
3354 3447 3542 3519 Neque

287 3545 422 3598 enim
461 3544 647 3597 dubito
679 3543 809 3611 quin
844 3541 888 3594 is
920 3539 1012 3609 qui
1045 3539 1188 3592 hunc
1230 3537 1471 3592 libellum
1521 3539 1783 3592 attentius
1817 3538 2005 3604 legerit
2041 3553 2104 3593 ac
2141 3539 2357 3606 penitus
2394 3539 2756 3606 intellexerit,
2796 3541 3021 3595 multum
3053 3556 3114 3597 se
3159 3543 3226 3597 ad
3266 3541 3538 3596 Christia-

294 3655 408 3692 nam
431 3638 767 3708 sapientiam,
802 3635 1080 3696 virtutem,
1123 3632 1487 3700 pietatemqne
1532 3631 1827 3699 profecisse
1880 3631 2221 3700 proﬁteatur.
2256 3633 2410 3697 Quod
2461 3632 2678 3700 quidem
2712 3635 3053 3689 commodum
3100 3642 3157 3688 ut
3191 3635 3256 3689 ad
3305 3633 3541 3688 lectores

291 3745 465 3785 omnes
487 3729 769 3792 redundet,
802 3743 868 3782 ex
905 3729 1087 3782 animo
1118 3735 1266 3795 opto.
1301 3724 1614 3778 Scribebam
1642 3725 2006 3794 Vitembergae
2047 3725 2100 3778 d.
2137 3725 2170 3778 6
2196 3726 2350 3780 Mart.
2387 3726 2548 3781 1801.

357 3955 428 4027 (a)
457 3954 765 4010 Cltristliclie
805 3953 1347 4025 Kircltengeschichte.
1382 3953 1537 4008 Theil
1567 3954 1622 4019 7,
1652 3953 1797 4009 Scite
1833 3952 2088 4007 M7-45l.
