4024 6208
546 236 646 293 ιδτ
1610 221 1950 277 nsnssms
1990 206 2368 276 EPISCOPUS
2400 212 2787 271 EMESENUS.
3615 211 3701 266 tas
3742 187 3763 193 ’

1934 476 3696 503 W

550 494 1929 529 Μ

1338 725 1397 829 κ’
1454 731 2193 837 EXPLICATIO
2266 728 2870 822 SIGLABUM

802 1009 885 1069 Et
911 1003 1142 1066 notitia
1183 1001 1547 1073 editionum,
1599 997 1902 1070 codicum,
1931 995 2287 1055 versionum
2314 1009 2385 1051 ac
2432 987 2817 1069 reliquorum
2844 1000 3121 1079 operum,
3162 1000 3293 1062 qua
3318 982 3384 1042 in
3418 980 3523 1042 hac

1775 1168 2044 1231 editione
2081 1164 2369 1228 adhibita
2401 1168 2568 1224 sunt.

615 1567 739 1621 Ant.
800 1563 976 1619 Editio
1023 1561 1430 1630 Antvcrpienms
1478 1556 1605 1610 anni
1644 1556 1816 1621 1565,
1862 1555 1916 1611 8.
1972 1553 2121 1609 Hanc
2149 1561 2198 1615 Α
2227 1551 2493 1605 editiones
2524 1548 2575 1602 in
2618 1545 2871 1600 Auctario
2909 1542 3142 1597 Ducazno
3185 1540 3511 1596 Bibliotheca:
3557 1540 3741 1597 Patrum

544 1657 754 1715 curavit
786 1654 1032 1709 NiCasius
1056 1651 1400 1712 Ellebodius,
1429 1647 1770 1711 Casletanus,
1801 1646 1886 1700 vir
1915 1645 2117 1701 doctis-
2222 1643 2411 1709 Paris,
2455 1639 2615 1709 1524,
2653 1648 2695 1693 t.
2740 1636 2805 1702 II,
2852 1652 2906 1705 ιι.
2954 1634 3058 1689 466
3102 1649 3223 1704 sqq.
3274 1646 3329 1689 et
3368 1634 3420 1688 in
3466 1633 3743 1688 Bibliotheca

546 1751 733 1812 simus,
768 1746 858 1815 qui
900 1743 1105 1813 primus
1139 1740 1327 1797 Graeca
1363 1738 1531 1795 edidit
1570 1752 1635 1792 ex
1680 1737 1890 1791 duobus
1915 1735 2116 1791 codici-
2232 1733 2457 1790 Patrum
2490 1732 2821 1809 Morelliana,
2852 1728 3025 1793 Paris,
3053 1726 3213 1793 1644,
3249 1736 3285 1780 ι.
3318 1725 3426 1790 XII,
3452 1742 3502 1796 p.
3530 1726 3620 1780 708
3641 1742 3739 1796 sqq.

546 1840 644 1893 bus
671 1853 731 1891 ac
763 1851 953 1890 novam
985 1834 1285 1888 versionem
1320 1832 1565 1886 Latinam
1594 1829 1809 1899 adjecit.
1851 1828 1927 1882 De
1965 1836 2115 1881 utro-

544 1945 648 1999 que
664 1928 860 1993 ,codice
882 1927 953 1979 ita
978 1926 1139 1979 habet
1164 1924 1215 1976 in
1244 1922 1558 1990 prml'alione
1583 1941 1598 1976 :
1621 1919 1790 1982 Μόλις
1811 1918 1945 1972 ποτὲ
1963 1917 2115 1971 δυσὶν

547 2020 874 2088 ἐνετύχομεν
896 2016 1271 2087 ἀντιγράφοις,
1304 2016 1398 2068 καὶ
1451 2013 1662 2077 τούτοις
1694 2014 2009 2083 ἀνηκέστως
2040 2012 2119 2065 δι-

545 2111 903 2183 εφθαρμένοις
926 2109 1021 2163 καὶ
1043 2108 1251 2178 μυρίων
1281 2106 1690 2177 ἁμαρτημάτων
1715 2104 1995 2175 γέμουσιν.
2023 2096 2118 2165 Οἷς

527 2202 963 2273 ἐπιμελέστερον
1005 2198 1357 2261 ἐπιϐαλόντες
1383 2236 1397 2259 ,
1441 2197 1534 2250 καὶ
1569 2195 1679 2249 τῶν
1731 2197 1789 2247 ὲν
1837 2193 2118 2265 ἑκατέροις

545 2292 959 2365 ἁμαρτημάτων
1006 2293 1069 2344 ὲκ
1105 2291 1214 2342 τῶν
1267 2291 1397 2360 παρ’
1435 2288 1715 2358 ἑκατέροις
1753 2285 1928 2358 ὀρθῶς
1975 2285 2117 2355 ἔχειν

543 2381 838 2434 δοκούντων
866 2380 1424 2449 καταστοχασάμενοι,
1455 2379 1563 2431 κάκ
1588 2376 1697 2430 τῶν
1731 2376 1959 2429 ἐνόντων
1994 2377 2117 2427 ἐπι-

545 2472 933 2545 διορθώσαντες
952 2512 966 2536 ,
1005 2470 1324 2541 ὑγιεστέραν
1370 2470 1521 2542 παρὰ
1549 2469 1684 2522 πολὺ
1712 2469 1813 2539 τῆς
1843 2466 2117 2539 προτέρας

544 2560 643 2632 τὴν
682 2559 1063 2632 πραγματείαν
1103 2557 1613 2629 παρεσκευάσαμεν.
1662 2556 1741 2610 Ex
1792 2546 1879 2611 liis
1909 2555 2118 2610 duobus

547 2667 678 2721 ergo
706 2652 858 2704 valde
885 2650 1157 2720 corruptis
1202 2650 1480 2704 codicibus
1506 2688 1522 2712 ,
1553 2657 1613 2702 ut
1655 2647 1770 2717 ipse
1812 2645 2113 2717 profitetur,

547 2741 847 2795 orationem
896 2739 1138 2795 Graecam
1192 2740 1399 2808 primus
1429 2739 1599 2794 edidit
1656 2752 1720 2792 ac
1757 2754 1856 2808 pro
1906 2737 2115 2791 viribus

547 2831 660 2884 suis
687 2830 981 2884 constituit.
1026 2829 1406 2898 Discrepantes
1436 2829 1696 2883 lectiones
1736 2839 1936 2891 autem,
1971 2836 2118 2883 certe

549 2921 931 2983 notabiliores,
977 2921 1210 2990 margini
1241 2921 1495 2975 editionis
1533 2920 1748 2990 adjecit.
1779 2920 1984 2974 Novam
2020 2935 2115 2973 au-
2148 2940 2191 2993 Β

552 3024 655 3066 tem
688 3012 993 3066 versionem
1028 3011 1275 3065 Latinam
1308 3011 1534 3075 addidit,
1562 3011 1707 3080 quod
1724 2998 1912 3066 'versio
1942 3010 2115 3066 Geor-

553 3105 624 3174 gii
661 3102 824 3159 Vallue
854 3103 928 3175 ta)
976 3104 1153 3157 minus
1195 3104 1243 3158 ei
1278 3103 1622 3172 probabatur.
1674 3102 1747 3157 De
1777 3118 1838 3158 ea
1866 3104 2008 3157 enim
2041 3105 2113 3156 ita

547 3203 731 3248 censet
759 3195 810 3247 in
834 3194 1146 3263 praefatione
1172 3211 1185 3247 :
1224 3191 1287 3248 Ὀ
1316 3191 1508 3265 πρώην
1532 3192 1593 3246 τὸ
1620 3192 1821 3263 βιϐλίον
1852 3192 2012 3246 τοῦτο
2039 3193 2119 3256 είς

547 3283 643 3354 τὴν
705 3283 993 3353 Ῥωμαίων
1049 3283 1327 3336 διάλεκτον
1379 3286 1725 3353 μετενεγκεῖν
1786 3284 2117 3355 ἐγχειρήσας

547 3370 818 3442 Γεώργιος
851 3374 880 3423 ὁ
912 3372 1143 3441 Βάλλης,
1179 3372 1239 3424 οὐ
1279 3372 1478 3442 μᾶλλον
1536 3374 1881 3443 ήρμήνευσεν
1918 3373 1951 3442 ἢ
1996 3389 2118 3425 συν-

548 3462 669 3532 έχεε
697 3462 790 3514 καὶ
812 3462 1118 3533 κατῄσχυνε
1152 3462 1242 3515 τὸν
1259 3462 1564 3531 φιλόσοφον,
1591 3462 1713 3516 καθ’
1734 3463 1970 3532 ἑκάστην
1998 3480 2118 3533 σχε-

2289 3453 2358 3509 D.
2403 3454 2453 3507 1.
2495 3454 2675 3509 Codex
2705 3454 3020 3511 Dresdensis
3044 3455 3388 3511 bibliothecae
3408 3447 3743 3510 Electoralisl.

547 3552 635 3605 δὸν
664 3553 915 3623 περίοδον
940 3554 1037 3622 τῆς
1066 3551 1161 3605 τοῦ
1186 3553 1457 3624 Νεμεαίου
1491 3553 1731 3616 διανοίας
1765 3554 2114 3624 ἀποπίπτων,

2220 3545 2374 3600 Hunc
2396 3559 2496 3614 ego
2534 3546 2618 3600 bis
2644 3547 2949 3600 esarninavi
2998 3546 3063 3600 ad
3102 3548 3400 3601 editionem
3431 3541 3742 3610 Antverpien-

548 3646 650 3696 κάν
685 3646 795 3708 τοῖς
828 3644 1331 3714 κατημαξευμένοις
1362 3645 1596 3696 τουτοισὶ
1626 3643 1735 3696 τῶν
1758 3643 1956 3710 λέξεων
1987 3645 2117 3714 σχή-

2220 3651 2333 3691 sem
2368 3646 2423 3691 et
2456 3636 2842 3692 Oxoniensem.
2891 3637 2990 3691 Est
3039 3639 3481 3693 membranaceus
3524 3650 3634 3689 sate.
3663 3646 3743 3684 xu.

552 3736 718 3803 μασιν
782 3735 872 3787 ὑπ’
923 3735 1193 3805 ἁμαθείας
1243 3738 1466 3806 γελοίως
1517 3735 1891 3790 ἀπαλλάττων.
1950 3735 2119 3804 Hujus

2222 3716 2555 3780 utarhitror.
2593 3725 2764 3782 Habet
2795 3725 2921 3780 folia
2955 3727 3099 3780 ιιι-4·
3122 3727 3218 3793 81,
3265 3736 3391 3791 seu;
3417 3723 3747 3795 quaterniones

548 3824 799 3876 editioois
834 3829 1079 3893 exempla
1127 3828 1231 3880 vidi
1281 3827 1509 3896 duplicis
1550 3828 1794 3894 generis,
1851 3841 1969 3895 quae
2017 3827 2118 3880 hoc

2220 3816 2406 3871 decem
2435 3825 2489 3870 et
2520 3831 2684 3869 unum
2737 3816 2945 3870 folium.
3010 3816 3115 3870 Sed
3163 3818 3451 3885 quaternio
3486 3818 3655 3870 tertius
3678 3820 3746 3864 te-

549 3911 665 3967 solo
712 3912 852 3966 inter
893 3929 951 3968 se
990 3914 1263 3981 differunt,
1308 3919 1447 3986 quod
1480 3918 1672 3987 pagina
1713 3919 1809 3973 is]
1851 3917 2114 3985 exempla,
2221 3922 2366 3960 mere
2397 3908 2605 3961 insutus
2632 3917 2714 3961 est
2758 3917 2876 3975 post
2931 3909 3230 3967 decimum.
3283 3910 3338 3962 In
3366 3907 3582 3963 secundo
3608 3903 3741 3958 etiam

550 4012 608 4053 ut
648 4001 883 4068 videtur,
936 4005 1084 4074 prius
1130 4021 1405 4075 expressa,
1464 4017 1586 4077 ροει
1632 4009 1791 4062 ﬁnem
1846 4007 2110 4062 orationis
2218 3996 2422 4049 dissuta
2462 4005 2584 4048 sunt
2614 3993 2759 4047 folia.
2788 3994 2843 4048 In
2873 3996 3216 4049 hocaniauu
3238 3994 3508 4050 recentiori
3529 3992 3747 4059 scriptum

546 4089 748 4146 Graecae
793 4092 967 4146 solum
1001 4098 1311 4164 paginarum
1343 4099 1629 4161 custodem,
1675 4108 1733 4151 ιιι
1775 4109 1989 4163 vocant,
2020 4099 2116 4152 ha-
2218 4094 2332 4139 est:
2368 4082 2453 4137 Ex
2481 4084 2785 4138 bibliotheca
2839 4085 3227 4139 Loesclreriana
3258 4086 3471 4140 Clodius
3512 4094 3745 4150 compara-

548 4178 707 4246 bent,
740 4181 991 4236 nimirum
1040 4184 1182 4238 hunc
1227 4184 1272 4236 Μ
1316 4186 1369 4239 '5.
1402 4185 1458 4238 ιιι
1511 4187 1768 4256 exemplis
1815 4197 1989 4242 autem
2018 4187 2116 4241 ali-
2219 4178 2326 4241 vit;
2355 4177 2420 4231 ab
2449 4175 2552 4228 alia
2605 4191 2762 4229 manu
2804 4192 2818 4228 :
2874 4174 3111 4229 Nemesii
3159 4176 3386 4246 episcopi
3424 4165 3670 4229 Tractat!"
3695 4168 3744 4219 ἀι

548 4267 866 4334 quantulum
917 4278 1038 4337 post
1082 4272 1354 4340 expressis
1379 4312 1393 4333 ,
1453 4273 1652 4328 omisso
1703 4274 1807 4329 isto
1854 4275 2110 4338 custode,
2144 4312 2186 4367 Ο
2219 4269 2414 4320 anima.
2451 4266 2601 4319 Liber
2627 4267 2772 4319 bona?
2791 4277 2927 4320 nota:
2948 4281 3010 4319 nc
3032 4284 3313 4320 annorum.
3362 4267 3485 4319 Item
3509 4265 3555 4316 in
3586 4261 3741 4314 charm

547 4355 803 4409 continuo
853 4368 974 4424 post
1004 4360 1321 4413 vocabulum
1360 4360 1511 4424 τέλος
1552 4363 1718 4416 notati
1748 4350 1873 4417 sunt
1899 4379 2112 4419 errores
2145 4350 2186 4367 υ
2219 4357 2507 4425 separatim
2537 4356 2746 4426 adjecta
2772 4356 3000 4426 legitur:
3040 4355 3123 4410 Ex
3150 4358 3455 4411 bibliotheca
3489 4350 3745 4407 Seideliana

549 4446 860 4516 typouietae,
894 4462 1028 4516 quos
1049 4450 1100 4503 in
1129 4452 1232 4505 hac
1261 4451 1497 4507 editione
1524 4453 1686 4508 tacite
1716 4455 1950 4508 con-exi.
2220 4447 2397 4499 Berol.
2432 4448 2646 4500 redemit
2671 4445 2736 4499 V.
2760 4446 2823 4499 Ε.
2859 4446 3177 4502 Loesclterus
3208 4449 3275 4502 D.
3307 4437 3746 4501 constatSthaleris

2221 4536 2288 4591 18
2350 4538 2572 4606 grossis.
2605 4536 2681 4589 Ex
2716 4537 2801 4590 his
2858 4553 2986 4607 ergo
3053 4551 3300 4604 constat,
3359 4542 3493 4592 hunc
3538 4535 3743 4589 codicem

2221 4630 2395 4697 primo
2418 4639 2654 4696 emptum
2689 4644 2809 4682 esse
2842 4644 2908 4683 ex
2946 4629 3271 4685 bibliotheca
3319 4628 3525 4684 Seidelii
3570 4620 3745 4675 Bero“-

2221 4719 2401 4772 uensis
2415 4717 2729 4783 aVaIentino
2752 4718 2980 4774 Ernesto
2996 4715 3745 4785 Loeschero,superiuteudeme

615 4801 697 4855 Ab
736 4801 838 4857 hac
879 4804 1113 4861 editione
1144 4821 1364 4877 prorsus
1417 4824 1520 4863 non
1561 4807 1817 4864 differunt
1871 4812 2112 4880 repetita:
2219 4810 2490 4878 quondam
2536 4809 2848 4873 Dresdensi,
2909 4811 3103 4865 deinde
3155 4826 3218 4865 ex
3283 4809 3586 4864 bibliotheca
3632 4802 3743 4856 Loe-

2312 1871 2415 1926 Oz.
2464 1869 2641 1926 Editio
2692 1866 3019 1927 Osoniensis
3069 1877 3101 1916 e
3167 1860 3378 1918 theatco
3432 1860 3745 1915 Sheldoniano

2223 1963 2381 2027 1671,
2413 1962 2467 2017 8.
2501 1960 2668 2030 Hujus
2701 1959 2899 2023 editor,
2927 1971 3087 2026 quem
3114 1954 3399 2017 Fabricius
3430 1963 3572 2022 putat
3609 1952 3746 2008 fuisse

2222 2054 2482 2110 Joannem
2516 2052 2745 2116 Fellum,
2778 2051 3088 2121 episcopum
3111 2045 3489 2110 Oxoniensem,
3524 2046 3748 2115 expressit

2219 2144 2507 2199 editionem
2526 2140 2803 2203 Ellebodii,
2820 2137 3160 2209 paucissimis
3174 2138 3231 2191 in
3247 2145 3413 2198 testu.
3432 2137 3576 2190 modo
3596 2136 3745 2199 tacite,

2220 2237 2377 2290 modo
2415 2234 2660 2288 codicum
2700 2231 3024 2286 auctoritate
3070 2228 3314 2284 mutatis.
3363 2225 3457 2293 Qui
3502 2226 3747 2282 contulerit

2220 2327 2359 2381 hanc
2393 2308 2682 2380 editionem
2717 2338 2746 2376 a
2772 2322 2964 2401 pagina
2996 2320 3083 2384 82,
3110 2331 3162 2374 et
3201 2318 3457 2373 Ellebodii
3481 2334 3510 2373 a
3530 2334 3576 2386 p.
3606 2318 3682 2381 50,
3711 2318 3746 2369 is

2221 2416 2485 2483 inveniet,
2512 2415 2736 2485 paginas
2770 2412 3050 2482 utriusque
3073 2410 3335 2487 editionis
3365 2410 3429 2464 ab
3454 2410 3547 2464 hoc
3569 2408 3666 2462 loco
3694 2409 3745 2459 ad

2224 2507 2389 2587 tinem
2407 2507 2702 2562 convenire
2731 2504 2897 2559 etiam
2926 2504 2979 2557 in
3007 2518 3242 2558 numero
3266 2502 3643 2556 vocabulorum.
3670 2496 3745 2551 γε.

2222 2596 2425 2651 riantes
2476 2596 2738 2651 lectiones
2781 2592 3034 2649 editionis
3105 2592 3512 2662 Autverpiensis
3559 2604 3740 2659 prorsus

2221 2688 2480 2759 neglexit,
2509 2687 2653 2756 quod
2681 2702 2788 2741 non
2828 2685 3056 2740 debebat
3082 2684 3228 2740 ﬁeri.
3265 2686 3383 2754 Ipse
3411 2685 3536 2738 duos
3567 2682 3742 2737 codices

2219 2774 2553 2831 Oxonienses
2589 2775 2868 2841 adhibuit,
2900 2790 3037 2844 quos
3070 2784 3257 2828 tamen
3289 2774 3452 2828 octies
3470 2773 3540 2845 (b)
3569 2770 3742 2835 solum,

2219 2868 2375 2937 quasi
2406 2868 2601 2933 obiter,
2628 2866 2888 2922 laudavit.
2944 2865 3266 2921 Versionem
3300 2865 3536 2920 Latinam
3564 2863 3741 2918 Ellebo-

2224 2959 2296 3013 dii
2323 2957 2566 3027 pluribus
2603 2957 2657 3011 in
2688 2957 2825 3012 locis
2855 2973 2918 3012 ac
2947 2957 3272 3029 plerumque
3303 2968 3493 3014 temere
3522 2955 3741 3017 mutavit,

2220 3064 2322 3103 nec
2368 3063 2431 3103 ea
2470 3051 2537 3103 de
2574 3062 2634 3102 re
2667 3048 2902 3103 lectores
2947 3049 3256 3104 admonuit.
3301 3049 3551 3104 Praeterea
3578 3049 3622 3101 iu
3663 3046 3744 3099 line

2220 3139 2714 3194 animadversiones
2761 3139 3046 3194 nonnullas
3090 3141 3330 3211 adjecit,
3364 3141 3411 3194 in
3451 3140 3626 3209 quibus
3652 3135 3743 3190 fere

2220 3231 2428 3284 notavit
2472 3242 2719 3285 auctores
2768 3246 2798 3284 a
2863 3229 3111 3286 Nemesio
3169 3231 3439 3287 laudatos.
3489 3229 3744 3299 Singularis

2223 3320 2401 3375 omnia
2432 3319 2591 3389 hujus
2625 3319 2877 3375 editionis
2908 3321 3021 3375 suis
3053 3320 3184 3376 locis
3226 3320 3451 3377 iudicavi
3480 3322 3527 3374 in
3557 3319 3694 3373 notis.

623 4576 905 4635 Vat-iantes
950 4581 1207 4639 lectiones
1262 4587 1546 4667 utriusque
1590 4588 1794 4643 codicis
1840 4589 1925 4644 hic
1978 4588 2112 4643 infra

548 4667 690 4723 inter
715 4669 945 4739 reliquas
967 4675 1147 4727 notavi
1172 4677 1353 4730 addita
1384 4688 1507 4730 nota
1533 4679 1657 4731 Αηι.

619 5116 695 5240 (ag
732 5118 869 5170 Ante
897 5115 1100 5170 Vallum
1131 5117 1273 5171 hunc
1302 5116 1537 5171 libellum
1565 5116 1753 5173 Latine
1776 5118 2105 5187 interpreta-
2204 5119 2300 5175 fuit
2331 5137 2609 5191 expressa,
2646 5123 3081 5192 Burgundionem
3121 5135 3303 5180 autem
3347 5126 3525 5180 (ἔνατα
3559 5114 3739 5176 verbum

619 5201 634 5236 ς
694 5196 843 5240 uerat
868 5185 1167 5240 Richardus
1194 5186 1525 5240 Buranndio.
1558 5187 1807 5240 Pisamts.
1844 5191 1933 5240 uni
1964 5204 2106 5240 anno
2201 5193 2353 5240 verba
2387 5193 2677 5240 reddidisse
2723 5206 2877 5240 atoue
2912 5196 3090 5240 υηιηὶιι
3122 5195 3362 5240 barbaris
3390 5188 3640 5240 ιιηεηιηιίίσ
3667 5186 3739 5237 ob-

548 5193 648 5263 ξιξξ
667 5185 843 5263 fuerat
868 5185 1167 5263 Ricltardns
1194 5186 1525 5263 BiLrgnudio,
1558 5187 1807 5263 Pisanus,
1844 5185 1934 5263 qui
1964 5204 2106 5263 anno
2201 5193 2353 5244 verba
2387 5185 2677 5263 reddidisse
2723 5185 2877 5263 alque
2912 5196 3090 5248 omnia
3122 5195 3362 5248 barbaris
3390 5186 3739 5263 uocabulisob-

548 5253 590 5337 1³
590 5253 875 5337 Ιξριοοιιίἱλ,
886 5266 961 5337 ,εει
985 5257 1224 5337 ioanncs
1241 5253 1402 5337 Eone
1447 5253 1937 5337 thjptbergensis-
1977 5256 2109 5337 Vide
2202 5274 2442 5337 scin-asse
2474 5278 2537 5313 ac
2571 5253 2832 5337 [φάρσεεέ
2862 5274 3053 5317 auctor
3083 5274 3165 5320 est
3197 5265 3347 5320 Cono
3380 5266 3428 5317 in
3463 5259 3739 5332 przel'atioue

549 5319 762 5395 Eabric.
810 5325 952 5395 Bibl.
980 5323 1075 5382 Gr.
1103 5326 1209 5381 vol.
1241 5326 1357 5390 VII,
1403 5343 1454 5395 p.
1500 5324 1626 5389 550,
1658 5333 1712 5395 et
1736 5319 1793 5393 ἶ).
1830 5326 1964 5390 647;
2001 5326 2105 5379 vol.
2204 5330 2270 5381 ad
2307 5345 2459 5384 suam
2486 5319 2785 5384 versionem
2813 5319 3085 5389 Latinam.

549 5387 684 5470 VIII,
712 5408 767 5462 p.
798 5394 927 5471 161,
948 5406 1090 5471 et__ea
1114 5410 1232 5471 qua}
1260 5387 1631 5471 infra'monui.
1657 5387 2109 5471 Ut_ranique:_ver-
2246 5398 2352 5471 _(_")
2390 5401 2523 5471 Eam
2550 5402 2619 5471 ob
2650 5416 2873 5471 causam
2908 5419 2966 5458 se
2995 5387 3216 5460 excusat
3256 5402 3308 5455 iu
3341 5400 3636 5471 pra'fatione
3660 5407 3734 5462 pa-

555 5463 766 5542 sionem
801 5463 1105 5542 Ellcbodius
1131 5463 1344 5521 videtur
1369 5467 1665 5542 ignorasse.
1714 5463 2108 5542 Burgundionis
2208 5463 2344 5538 gina
2368 5469 2665 5539 peuultima
2694 5488 2706 5523 :
2748 5470 2804 5525 Is
2832 5483 2972 5527 certe
2995 5485 3107 5529 erat
3142 5463 3543 5533 auctor-"noster,
3566 5474 3662 5522 etc.

550 5535 755 5598 νει-δίο,
784 5540 841 5587 ut
880 5535 1136 5600 arbitror,
1184 5535 1457 5604 nunquam
1492 5536 1682 5591 formis
1719 5535 2123 5605 typograpbicis
2214 5535 2235 5538 ⁷
2369 5535 2384 5539 ⁷
3101 5547 3104 5551 ’
