4060 6210
297 263 402 319 189

294 480 344 531 in
385 471 783 527 biblimhecam
836 461 1215 518 Eleetoralem.
1281 453 1608 524 Marginibus
1673 449 1877 505 codicis

294 565 564 620 interdum
597 557 830 624 ascripta
879 559 1006 607 sunt
1037 548 1258 610 scholia,
1293 547 1383 598 sed
1427 542 1652 597 minoris
1698 539 1879 609 pretii.

294 655 576 709 Interdum
635 649 796 704 etiam
855 651 1112 698 notantur
1152 639 1317 692 varia!
1372 636 1651 690 lectiones.
1713 633 1884 686 liabet

298 743 468 795 etiam
504 735 876 792 correctiones
902 747 929 783 a
962 743 1126 784 manu
1161 725 1472 788 recentiori,
1498 737 1881 791 nonnunquam

304 833 468 885 valde
503 831 729 896 ineptas.
759 823 814 877 In
841 821 1114 876 nonmdlis
1157 819 1398 889 partibus
1435 816 1631 870 adesus
1675 823 1758 867 est
1787 829 1886 881 pu-

306 923 542 977 tredine.
578 919 780 972 Tamen
816 905 900 968 vel
924 904 1002 966 sie
1031 911 1116 965 hic
1146 901 1314 964 codex
1361 907 1502 960 inter
1529 906 1759 973 optimos
1784 918 1882 954 nu-

309 1014 600 1068 merandus
620 1018 722 1064 est.

392 1127 457 1182 D.
488 1125 545 1179 2.
598 1124 772 1178 Codex
825 1116 1145 1173 Dresdensis
1193 1111 1516 1169 Electoralis
1558 1111 1613 1164 2.
1673 1109 1770 1163 llic.
1806 1118 1889 1163 est

316 1219 629 1272 rharlaceus
645 1228 771 1268 sate.
799 1226 884 1265 xv.
909 1207 1072 1262 Habet
1101 1216 1306 1260 tantum
1331 1207 1564 1274 quinque
1582 1202 1705 1255 folia
1727 1201 1886 1255 in-8°.

317 1312 564 1366 Contioet
597 1309 772 1378 capita
799 1322 827 1358 a
860 1305 930 1359 35
962 1305 1027 1356 ad
1057 1300 1149 1364 38,
1181 1301 1230 1353 in
1256 1298 1454 1368 quibus
1475 1298 1540 1352 de
1577 1295 1686 1350 fato
1715 1309 1887 1363 expo-

314 1406 477 1458 nitur.
512 1401 659 1456 Satis
687 1398 975 1468 diligenter
1019 1393 1253 1462 scriptus
1302 1399 1401 1445 est.
1443 1388 1582 1443 Usus
1613 1387 1894 1454 utriusque

311 1495 516 1550 codicis
549 1491 869 1547 Dresdensis
912 1487 1136 1554 contigit
1192 1483 1322 1537 mihi
1369 1481 1630 1537 beneﬂcio
1660 1478 1895 1532 Adelun-

311 1589 408 1658 git,
441 1585 544 1638 viri
579 1583 806 1637 illustris
833 1589 992 1649 atque
1021 1577 1397 1633 eruditissimi.

1650 237 2016 291 l‘lilllJiUUM
2031 235 2110 283 hi‘
2124 235 2164 281 Α
2176 269 2188 282 .

294 380 468 438 scheri
492 394 521 432 a
555 375 772 438 Clodio,
811 366 1220 425 hibliothccario
1259 363 1528 431 quondam
1561 359 1868 416 Dresdensi,
1909 367 1947 418 Α
1984 355 2022 405 Λ
2053 351 2274 403 lteisero
2299 345 2440 400 enim
2475 342 2554 396 sic
2587 350 2803 395 notatus
2827 348 2943 394 erat

3446 214 3551 269 490

2992 358 3004 392 :
3049 337 3449 390 Adaemutionis
3470 352 3557 389 ca-

1983 443 2092 508 pita
2115 434 2498 508 philosophica.
2537 432 2673 486 Cum
2708 446 2839 500 ergo
2883 430 3104 491 scirem,
3151 430 3297 482 hunc
3327 426 3560 479 Nemesii

1988 531 2224 586 libellum
2285 524 2604 582 Adamanlio
2653 523 2818 576 etiam
2863 521 2916 574 in
2977 519 3252 573 nonnullis
3287 518 3565 571 codicibus
3645 522 3652 530 '

1989 623 2174 685 tribui,
2202 632 2262 672 ut
2321 619 2374 671 in
2430 616 2602 669 altero
2658 611 2975 674 Oxoniensi,
3013 611 3268 665 continuo
3312 625 3374 663 ea
3416 608 3482 662 de
3509 623 3565 661 re

1987 714 2226 769 consului
2258 711 2470 779 Mayum
2525 722 2722 769 meum,
2773 705 2860 772 qui
2922 705 3037 758 sine
3079 704 3187 756 ulla
3230 716 3376 756 mora
3408 701 3566 767 hujus

1987 822 2200 876 quoque
2235 801 2438 857 codicis
2471 801 2651 852 varias
2686 798 2967 859 lectiones,
3004 813 3030 847 a
3063 810 3119 849 se
3156 793 3566 863 diligentissime.

1990 907 2224 959 notatas,
2260 895 2324 948 ad
2359 907 2443 946 me
2477 890 2800 944 transmisit.
2855 888 3083 942 Constat
3121 887 3220 940 iste
3266 886 3454 944 codex,
3490 883 3564 935 uti

1988 1007 2052 1044 ex
2087 988 2243 1058 Mayo
2285 985 2470 1049 didici,
2498 984 2640 1038 l‘oliis
2671 999 2800 1046 nx,
2827 997 3054 1051 quorum
3098 977 3349 1047 qnmlibet
3375 975 3568 1044 pagina

1992 1082 2152 1137 habet
2201 1093 2394 1133 versus
2435 1077 2528 1132 24.
2583 1075 2778 1130 Forma
2825 1082 2906 1128 est
2939 1109 2954 1137 ,
2985 1081 3041 1125 ιιι
3098 1072 3255 1139 vulgo
3298 1077 3510 1131 vocant,
3537 1065 3570 1118 4

1993 1175 2148 1237 min.,
2185 1182 2275 1226 aut
2297 1170 2330 1224 8
2359 1171 2486 1240 maj.
2512 1170 2758 1238 Scriptus
2787 1168 2998 1221 videtur
3031 1180 3154 1217 δίου.
3176 1178 3262 1214 xiv
3293 1170 3396 1212 attt'
3423 1173 3489 1210 xv
3517 1158 3568 1210 in

1993 1264 2215 1318 chartis.
2269 1260 2503 1316 lndicem
2557 1247 2717 1316 habet
2786 1276 2801 1312 :
2881 1247 3345 1326 Ἀδαμαντίωνος
3388 1253 3574 1320 λόγος

1995 1354 2429 1426 κεφαλαιώδης.
2466 1352 2524 1406 1η
2556 1351 2821 1421 principio
2876 1359 2928 1403 et
2967 1359 3091 1402 ante.
3136 1345 3343 1415 singula
3397 1341 3573 1410 capita

1998 1449 2158 1502 habet
2187 1447 2391 1501 indices
2427 1445 2690 1513 capitum,
2721 1458 2856 1512 quos
2900 1442 3013 1495 suis
3070 1440 3202 1494 locis
3234 1435 3445 1503 repetii.
3476 1433 3576 1485 De-

2001 1540 2192 1594 licitin
2251 1539 2430 1592 verbis
2491 1524 2596 1588 ὑπὸ
2647 1552 2827 1599 τινων,
2881 1535 2974 1586 καὶ
3006 1531 3230 1602 μηδένα.
3285 1526 3418 1579 Vide
3442 1525 3575 1579 edit.

1999 1631 2258 1696 Antverp.
2290 1643 2412 1698 pag.
2442 1621 2562 1690 161,
2602 1627 2738 1680 med.
2773 1625 3012 1678 Primum
3037 1632 3197 1690 caput
3230 1616 3574 1673 inscribitur:

383 1714 448 1765 Α.
496 1709 1137 1776 i.lllustrisAugustanm
1166 1702 1472 1771 reipublicae
1499 1701 1550 1764 1,
1577 1698 1812 1754 in-l'olio.
1847 1699 1898 1750 ts

2016 1717 2138 1788 Περὶ
2170 1717 2412 1788 φύσεως
2443 1717 2782 1786 ἀνθρώπου,
2819 1717 2907 1786 qui
2932 1725 3015 1769 est
3063 1715 3222 1768 index
3260 1712 3427 1765 totius
3457 1699 3577 1760 libri

315 1804 550 1872 scriptus
601 1811 685 1854 est
736 1801 786 1853 in
835 1799 1020 1852 charta
1049 1795 1368 1865 bombycina
1398 1807 1547 1854 s:ce.,
1575 1802 1633 1845 ut
1662 1791 1896 1852 videtur,

318 1912 402 1950 λιν
434 1906 528 1948 aut
557 1910 644 1947 xv.
683 1893 833 1946 Ilunc
875 1891 1130 1945 Reiserus
1168 1891 1221 1942 in
1284 1887 1537 1955 Cara/ago
1573 1883 1900 1937 bibliothecae

320 1988 650 2053 Augustarum
676 1980 883 2036 notavit
912 1996 1034 2049 pag.
1059 1979 1148 2044 7-3,
1202 1995 1350 2033 num.
1390 1975 1444 2029 5.
1484 1973 1667 2029 Codex
1692 1982 1775 2026 est
1806 1987 1902 2040 op-

322 2079 463 2131 tima:
489 2085 651 2130 noue.
695 2072 886 2128 Deﬁcit
913 2085 1092 2126 tamen
1122 2073 1173 2124 in
1211 2069 1315 2123 line
1338 2067 1529 2137 capitis
1557 2067 1647 2120 41.

390 2211 457 2263 Α.
495 2209 552 2261 ‘2.
593 2207 779 2262 Codex
807 2205 1153 2274 Augustanus
1173 2200 1226 2266 Ξ,
1264 2217 1350 2270 ap.
1378 2196 1662 2252 lieiserutn
1682 2237 1696 2261 ,
1732 2211 1785 2264 p.
1811 2182 1901 2259 54,

325 2315 378 2358 n.
409 2294 497 2357 l3.
531 2301 969 2355 Membranaceus
994 2296 1154 2357 iii-8°,
1178 2301 1304 2346 sieo.
1355 2298 1408 2345 xi
1441 2298 1532 2343 aut
1582 2293 1679 2341 χιι.
1724 2287 1778 2338 ln
1805 2286 1906 2339 hoc

327 2407 508 2449 tamen
545 2391 673 2446 tolia
704 2391 756 2444 in
787 2388 1056 2460 principio
1109 2394 1229 2440 sunt
1264 2385 1549 2437 chartacea
1590 2387 1732 2444 xvu;
1777 2377 1903 2431 item

328 2507 380 2553 κ,
405 2489 458 2543 in
486 2481 590 2541 line
616 2485 808 2554 capitis
833 2473 926 2546 3‘5,
963 2481 1037 2534 uti
1075 2479 1126 2534 in
1164 2476 1325 2531 rariis
1348 2473 1666 2530 lectionibus
1704 2470 1904 2524 notavi.

327 2581 453 2635 llwc
485 2579 684 2646 scripta
713 2583 837 2628 sunt
899 2588 1054 2635 3:20.,
1085 2580 1144 2623 ιιι
1179 2571 1410 2631 videtur,
1445 2581 1557 2620 xvi.
1588 2564 1775 2618 Scriba
1810 2563 1910 2617 fuit

329 2671 580 2740 diligens,
602 2678 658 2722 et
680 2669 1048 2736 Angustanum
1086 2661 1327 2717 codicem
1360 2660 1414 2724 l,
1446 2673 1476 2712 a
1517 2673 1622 2726 quo
1664 2655 1779 2709 fere
1795 2669 1906 2718 non

331 2764 603 2823 dissentit,
672 2759 958 2828 diligenter
1005 2754 1294 2824 expressit.
1332 2751 1388 2804 In
1447 2752 1514 2804 iis
1553 2763 1672 2818 qua:
1707 2747 1908 2815 scripta

333 2867 459 2910 sunt
492 2870 520 2907 a
553 2868 713 2908 manu
745 2851 915 2922 prima
952 2850 1004 2904 in
1065 2847 1411 2908 membranis,
1457 2860 1600 2913 saepe
1629 2851 1909 2912 peccatum

333 2949 418 3004 est
437 2957 625 3002 contra
652 2942 1113 3011 orthographiam.
1171 2938 1373 2992 Tamen
1423 2937 1474 2990 in
1513 2937 1615 2990 hoc
1661 2935 1914 3002 leguntur

333 3041 516 3110 capita
541 3038 745 3096 ultima,
772 3048 890 3103 qua:
916 3033 1110 3085 desunt
1141 3031 1194 3083 in
1223 3031 1539 3098 Augustano
1566 3026 1617 3079 1.
1660 3023 1913 3090 Quinimo

334 3143 459 3206 post
487 3133 646 3186 ﬁnem
677 3126 870 3196 capitis
894 3123 1205 3193 44,1cgitur
1228 3121 1389 3174 etiam
1421 3118 1562 3173 aliud
1598 3133 1721 3171 cum
1741 3115 1918 3169 indice

335 3196 473 3281 hoc:
510 3224 614 3277 Ἐν
645 3221 760 3274 τίνι
788 3217 855 3272 τὸ
881 3214 1240 3286 ἡγεμονικὸν
1279 3211 1532 3281 ἵδρυται.
1577 3199 1765 3275 Incipit
1793 3224 1805 3260 :
1832 3196 1920 3258 Σι-

331 3317 487 3388 γάτω
543 3315 695 3367 πᾶσα
735 3307 1059 3380 στοχαστικὴ
1114 3302 1486 3378 ματαιολογία.
1523 3301 1625 3355 Sed
1674 3301 1775 3354 hoc
1805 3298 1922 3353 sine

335 3411 451 3462 ullo
483 3408 647 3460 dubio
684 3413 958 3456 auctorem
1013 3400 1174 3452 habet
1229 3396 1548 3462 Gregorium
1596 3391 1918 3462 Nyssenum.

340 3491 453 3554 Etsi
481 3507 662 3551 autem
693 3488 781 3549 hic
809 3484 975 3548 codex
1007 3497 1149 3545 nunc
1171 3489 1417 3550 eumdem
1442 3476 1676 3541 indicem
1706 3476 1919 3545 habeat,

337 3603 501 3658 quem
531 3591 879 3656 Augustanus
912 3582 964 3646 1,
1014 3591 1189 3635 tamen
1231 3578 1410 3648 colligi
1468 3577 1640 3648 possit
1689 3577 1831 3630 hunc
1859 3575 1924 3628 li-

342 3680 544 3734 bellum
583 3678 636 3730 in
671 3677 774 3729 hoc
807 3675 995 3730 codice
1037 3673 1165 3728 olim
1203 3671 1463 3726 tributum
1513 3683 1634 3723 esse
1662 3667 1926 3737 Gregorio

342 3770 610 3840 Nysseno.
655 3766 862 3821 Etenim
893 3775 1016 3836 post
1041 3765 1178 3818 istud
1219 3772 1403 3832 caput,
1439 3768 1546 3830 quo
1609 3759 1821 3812 auctior
1845 3765 1928 3810 est

345 3867 435 3916 hic
469 3863 664 3922 codex,
697 3859 955 3914 continuo
999 3875 1027 3910 a
1065 3858 1241 3927 prima
1291 3870 1450 3909 manu
1500 3850 1928 3920 Iegitnrlibellns

340 3952 598 4019 Gregorii
631 3948 1222 4021 Nyssenicumindice:
1246 3944 1362 3998 Τοῦ
1378 3942 1564 3998 αὑτοῦ
1596 3939 1928 4010 Γρηγοριόυ

341 4046 624 4110 Νύσσης,
659 4042 796 4110 Περὶ
849 4040 1062 4110 ψυχῆς
1095 4038 1196 4109 (a).
1245 4037 1438 4106 Incipit
1491 4051 1504 4087 :
1564 4032 1782 4104 Ἐπειδὴ
1834 4031 1930 4084 τοῦ

343 4135 694 4207 ἀνθρωπίνου
721 4134 838 4204 βίου
868 4133 1003 4204 πρὸς
1042 4132 1132 4184 τὸν
1164 4130 1298 4184 Θεὸν
1347 4128 1580 4200 μετέστη
1614 4129 1643 4180 ὁ
1677 4125 1844 4188 πολὺς
1874 4125 1931 4176 ἐν

345 4229 526 4299 ἁγίοις
579 4228 885 4289 Βασίλειος.
925 4225 1165 4289 Accedit,
1211 4225 1354 4292 quod
1407 4223 1561 4276 tertia
1621 4235 1812 4274 manus
1846 4219 1930 4273 isti

345 4325 546 4375 ultimo
607 4321 800 4388 capiti,
859 4319 925 4370 de
973 4331 1080 4386 quo
1148 4315 1280 4375 dixi.
1343 4312 1740 4381 ascripsitzTo
1763 4311 1934 4383 παρὸν

347 4411 643 4480 κεφάλαιον
679 4409 743 4480 ιβ’
769 4410 885 4462 ἔστι
915 4408 1008 4462 τοῦ
1037 4407 1201 4461 αὐτοῦ
1223 4405 1444 4475 Νύσσης
1462 4408 1518 4458 ὲν
1533 4407 1598 4476 τῇ
1621 4405 1932 4477 κατασκευῇ
1965 4406 2012 4464 1)

346 4503 448 4557 τοῦ
479 4501 792 4574 ἀνθρώπου.
832 4502 941 4555 Καὶ¹
971 4493 1074 4555 ὦδε
1131 4500 1228 4572 μὲν
1279 4497 1380 4553 οὐκ
1430 4497 1644 4569 ἐγράφη
1692 4494 1933 4558 τελείωςς

349 4594 471 4648 ἀλλ’
499 4595 738 4646 ἐλλείπει
771 4593 954 4664 μέρος.

435 4727 542 4781 llos
565 4727 703 4779 duos
733 4725 948 4778 codices
977 4723 1319 4792 Augustanbs
1340 4761 1354 4786 ,
1405 4733 1541 4788 quos
1576 4717 1707 4772 mihi
1741 4711 1940 4770 libera-

356 4822 563 4876 lissime
589 4815 957 4873 commodavit
992 4814 1350 4884 Hieronymus
1379 4811 1628 4869 Andreas
1683 4808 1940 4873 llertens,

356 4915 446 4964 vir
491 4908 886 4965 celeberrimus
943 4914 997 4960 et
1055 4905 1424 4966 doctissimus,
1470 4904 1583 4973 ipse.
1628 4902 1940 4970 comparavi

357 5017 545 5056 mense
573 4999 716 5054 Maio
745 4996 1046 5062 annil796,
1087 5010 1208 5050 cum
1244 5009 1420 5048 essem
1453 4995 1709 5062 Augustae
1745 4990 1944 5045 Vinde-

361 5096 614 5148 licornm.
653 5090 707 5144 In
735 5104 800 5143 eo
833 5100 1011 5141 tamen
1046 5086 1260 5157 negotio
1307 5085 1534 5140 multttm
1582 5085 1794 5151 adjutus
1827 5099 1943 5136 sum

360 5200 522 5255 opera
552 5181 780 5236 Joannis
797 5179 1016 5234 Gottlob
1049 5179 1190 5249 May,
1215 5178 1316 5232 viri
1347 5176 1699 5231 eruditissimi
1728 5175 1944 5230 aetnihi

362 5290 709 5330 aIIIICISSlllll.

437 5391 502 5442 Α.
531 5390 587 5442 ’5.
619 5389 965 5461 Augustatms
995 5387 1048 5450 5,
1079 5385 1374 5439 secundant
1402 5384 1685 5438 Reiserum
1717 5380 1949 5452 pag.88,

381 5497 536 5534 num.
592 5481 683 5534 6'5.
738 5479 835 5534 llic
881 5478 1052 5532 codex
1106 5478 1493 5547 propemodum
1541 5492 1626 5529 me
1685 5474 1950 5529 latuisset.

438 5652 512 5723 (ai
562 5651 696 5704 Vide
731 5647 981 5723 tom.gll|,
1021 5664 1076 5715 p.
1111 5645 1234 5712 181,
1277 5646 1406 5701 edit.
1441 5644 1613 5723 Paris.
1644 5643 1804 5723 l658.

441 5717 518 5795 (ι)
561 5723 843 5803 Postremo
873 5721 1065 5773 borum
1097 5733 1311 5785 quoque
1349 5719 1510 5769 vatim
1551 5717 1811 5768 lectiones
1866 5725 1956 5764 no-I

695 5811 1107 5873 Pnnot...Gn.
1147 5811 1276 5870 XL.

2005 1814 2057 1866 in
2094 1812 2214 1865 aliis
2250 1813 2406 1865 codd.
2441 1811 2620 1864 Codex
2655 1820 2738 1863 est
2775 1810 2926 1862 home
2956 1817 3113 1862 notae.
3145 1803 3416 1858 Interdum
3448 1813 3582 1854 con-

2005 1903 2154 1957 venit
2181 1901 2496 1956 notabiliter
2516 1917 2635 1954 cum
2671 1900 2738 1953 Μ.
2769 1887 2820 1962 1,
2849 1898 3119 1951 interdum
3149 1907 3268 1949 cum
3304 1894 3366 1948 D.
3393 1894 3442 1948 1.
3475 1891 3578 1945 litt-

1997 1986 2234 2064 jus‘modi
2292 1993 2534 2048 codicem
2597 1982 2661 2045 ad
2719 2006 2910 2043 manus
2957 1989 3120 2041 etiam
3169 1985 3358 2040 habuit
3410 1983 3583 2038 editor

2005 2087 2354 2152 Oxoniensis,
2390 2087 2533 2141 unde
2563 2083 2814 2140 nonnulla
2852 2082 3014 2136 tacite
3039 2079 3368 2135 emendavit.

2078 2219 2370 2286 Prmterea,
2429 2233 2550 2272 cum
2621 2232 2765 2272 anno
2811 2214 2948 2270 1796
3000 2212 3262 2268 Monachii
3316 2226 3585 2275 versarer,

2011 2311 2117 2363 vidi
2146 2311 2311 2363 etiam
2363 2312 2415 2362 in
2463 2308 2788 2362 bibliotheca
2846 2305 3133 2359 Electorali
3181 2303 3320 2357 duos
3373 2302 3590 2353 codices

2009 2401 2241 2455 Nemesii
2277 2399 2375 2469 (ιι),
2412 2413 2546 2466 quos
2583 2409 2787 2458 tamen,
2827 2397 2947 2448 aliis
3000 2395 3227 2465 negotiis
3279 2392 3589 2462 impeditus,

2009 2505 2327 2560 Comparare
2360 2505 2462 2542 non
2489 2489 2659 2557 potui.
2686 2489 2838 2540 Alter
2862 2488 2930 2553 (ο)
2961 2495 3040 2538 cst
3075 2500 3223 2536 nutu:
3247 2483 3338 2546 29,
3375 2486 3592 2536 charta-

2010 2599 2136 2637 ceus
2169 2581 2381 2637 in-folio
2407 2595 2532 2635 δτι-ο.
2564 2594 2674 2633 xvi.
2699 2578 2948 2632 Continet
2980 2591 3008 2628 a
3058 2574 3184 2627 t'olio
3213 2573 3315 2627 108
3339 2573 3403 2626 ad
3446 2573 3546 2627 159
3574 2578 3588 2626 ἑ

2009 2673 2306 2744 Νεμεαίου
2336 2671 2676 2724 ἐπισκόπου
2716 2668 2975 2737 Ἐμέσης
3023 2665 3161 2733 Περὶ
3209 2665 3447 2734 φύσεως
3483 2664 3593 2718 dr-

2012 2765 2269 2835 θρώπου.
2309 2764 2516 2818 Desinit
2543 2764 2719 2832 capite
2743 2762 2834 2825 5‘2,
2869 2759 3010 2828 Περὶ
3049 2759 3154 2812 τοῦ
3199 2756 3509 2819 ἑκουσίου,
3539 2758 3591 2810 in

2016 2859 2215 2921 verbis,
2249 2855 2387 2909 ἐθῶν
2413 2855 2484 2908 τὰ
2511 2854 2738 2907 τοιαῦτα
2763 2851 3146 2924 κατορθοῦται.
3177 2850 3425 2920 Ejusdem
3459 2866 3596 2902 non-'-

2017 2946 2156 3000 mdla
2201 2960 2229 2998 a
2265 2945 2442 3016 capite
2496 2944 2567 2996 55
2615 2942 2681 2996 ad
2739 2953 2902 3010 caput
2948 2941 3016 2994 57
3051 2941 3213 2993 verba
3291 2938 3596 2991 ἐπιδέουσιν

1943 3067 1986 3124 C
2018 3036 2396 3108 ἀπαράϐατον,
2451 3035 2706 3106 leguntur
2759 3049 2788 3086 a
2850 3032 2978 3087 folio
3022 3032 3124 3085 170
3155 3032 3222 3085 ad
3273 3031 3393 3083 175.
3450 3031 3600 3083 Alter

2021 3129 2184 3182 etiam
2211 3127 2530 3180 chartaeeus
2581 3135 2663 3178 est
2696 3123 2911 3178 in-lolio
2959 3139 3087 3178 saec.-
3147 3137 3259 3185 xw,
3292 3137 3442 3176 num.
3473 3120 3596 3176 10οι

2020 3220 2273 3275 Continct
2298 3219 2534 3274 Nemesii
2566 3216 2742 3287 capita
2765 3218 2830 3270 de
2871 3216 3000 3279 fato,
3023 3229 3152 3280 etc.,
3177 3231 3206 3268 a
3242 3215 3414 3284 capite
3445 3213 3514 3267 55
3533 3215 3600 3265 ad

2026 3315 2184 3368 linem
2215 3313 2359 3379 libri,
2413 3329 2441 3366 a
2495 3310 2621 3366 folio
2669 3311 2772 3365 152
2802 3311 2867 3364 ad
2904 3310 3028 3364 170.
3093 3309 3356 3378 Deinceps
3411 3309 3604 3378 legitur

2024 3407 2187 3462 etiam
2214 3405 2448 3460 Nemesii
2480 3405 2698 3459 nomine
2734 3403 2871 3459 liber
2907 3402 2983 3457 De
3005 3403 3384 3456 contemnenda
3414 3413 3601 3464 morte,

2027 3516 2189 3568 quem
2237 3498 2535 3552 novissime
2593 3496 2850 3550 Demetrii
2898 3495 3125 3566 Cydonii
3174 3497 3392 3550 nomine
3437 3493 3608 3547 edidit

2027 3590 2276 3653 Kniuoel,
2311 3589 2395 3643 vir
2415 3575 2834 3650 eruditissimus,
2894 3585 3091 3656 Lipsiae
3129 3585 3284 3647 l786,
3333 3584 3389 3640 8.
3443 3583 3610 3653 Equi-

2028 3684 2147 3736 dem
2177 3696 2307 3734 vero
2340 3678 2483 3732 nullo
2509 3679 2668 3732 modo
2703 3677 2831 3729 mihi
2887 3677 3216 3744 persuadere
3269 3691 3510 3744 possum,
3546 3686 3610 3728 ut

2029 3775 2270 3837 credam,
2311 3775 2458 3827 hunc
2493 3784 2707 3840 quoque
2760 3763 2996 3822 libellum
3044 3783 3164 3821 esse
3193 3767 3450 3822 Neznesii.
3522 3768 3610 3820 Et-

2031 3865 2174 3918 enim
2205 3872 2254 3916 et
2282 3861 2481 3933 φράσις
2501 3869 2553 3913 et
2576 3858 2818 3928 συνθήκη
2845 3866 2899 3910 et
2925 3857 3156 3911 διάνοιαι,
3186 3858 3610 3911 suntdissimilli-

2033 3972 2156 4010 mar.
2185 3953 2586 4007 Sententiarum
2631 3965 2761 4003 vero
2796 3951 3087 4004 diversitas
3145 3949 3376 4004 maxime
3419 3949 3614 4002 intelli-

2033 4049 2180 4118 gitur
2209 4062 2274 4100 ex
2301 4045 2512 4100 duobus
2542 4041 2901 4112 argumentis,
2936 4057 3056 4112 qum
3075 4050 3304 4112 uterque
3331 4043 3610 4096 tractavit:

2034 4138 2264 4192 alterum
2293 4143 2399 4198 est,
2436 4133 2505 4186 de
2564 4128 2975 4186 lmmortalitate
3007 4132 3208 4196 animi;
3269 4132 3521 4192 alterum,
3551 4135 3616 4186 de

2037 4229 2332 4282 virtutibus
2363 4235 2418 4282 et
2469 4225 2844 4289 facultatibus,
2903 4224 3098 4294 quibus
3127 4225 3375 4280 homines
3418 4237 3614 4280 cat-tera

2039 4321 2373 4375 antecellunt
2395 4317 2674 4373 animalia.

2111 4452 2245 4508 Con.
2278 4455 2431 4506 notat
2460 4448 2764 4502 Versionem
2825 4439 3072 4502 Latinam
3101 4441 3324 4502 Joannis
3361 4447 3619 4509 Cononis,

2041 4561 2202 4614 quam
2235 4541 2488 4597 hortante
2526 4532 2692 4595 Beato
2745 4537 3006 4594 Rhenano
3035 4539 3266 4607 primum
3319 4540 3485 4593 edidit
3514 4527 3622 4592 Ᾱιά

2042 4643 2254 4706 genlor.
2283 4632 2440 4690 13l2.
2469 4632 2561 4684 l'ol.
2603 4632 2712 4700 ligo
2755 4647 2885 4683 tlSttS
2915 4645 3032 4683 sum
3085 4625 3331 4697 Gregorii
3394 4631 3621 4700 Nyeseni

2042 4726 2282 4781 editione
2315 4724 2507 4778 Latina
2529 4723 2694 4777 anil.
2724 4723 2884 4781 l56‘2.
2908 4724 2995 4775 ubi
3034 4723 3119 4775 hic
3167 4716 3379 4775 libellus
3430 4720 3626 4790 legitur

2045 4834 2073 4871 a
2107 4833 2229 4888 pag.
2258 4817 2355 4870 171
2391 4821 2456 4870 ad
2487 4813 2614 4869 550.
2650 4815 2723 4868 De
2751 4816 3019 4868 indicibus
3065 4824 3124 4867 et—
3167 4813 3429 4868 divisione
3464 4814 3628 4867 totius

2045 4907 2248 4977 operis,
2287 4907 2362 4960 uti
2402 4907 2538 4972 apud
2591 4905 2868 4960 Cononem
2919 4916 3199 4970 notantur,
3258 4893 3441 4960 manui
3492 4898 3628 4958 infra

2047 4999 2161 5052 suis
2184 4999 2318 5054 locis
2352 4998 2406 5050 in
2439 4999 2603 5051 notis.
2627 4997 2779 5050 Cono
2808 4998 3009 5050 nullum
3032 4999 3294 5067 integrum
3323 4993 3629 5066 exemplum

2049 5090 2295 5144 Grzeeum
2325 5089 2532 5148 habuit.
2561 5088 2655 5142 sed
2686 5097 2893 5142 tantum
2932 5089 3173 5166 qumdam
3245 5089 3416 5158 capita
3448 5100 3500 5144 et
3526 5089 3631 5142 l'ra-

2051 5191 2269 5253 gmenta
2303 5197 2365 5236 ea.
2429 5180 2755 5235 bibliotheca
2789 5180 3022 5234 cretiobii
3079 5181 3304 5234 fratrum
3361 5183 3480 5235 0rd.
3525 5183 3634 5236 ιΙὶιί

2055 5275 2319 5329 Dominici
2345 5272 2661 5328 Basilcensi.
2691 5273 2830 5340 Ergo
2863 5271 3170 5325 versionem
3211 5271 3635 5345 Burgundionis,

2054 5367 2391 5435 quamhaud
2437 5365 2598 5419 dubie
2645 5366 2907 5432 scriptam
2963 5363 3174 5428 habuit,
3225 5365 3276 5418 in
3322 5366 3507 5420 multis
3541 5381 3636 5436 pro

2058 5459 2284 5515 arbitrio
2315 5471 2412 5512 suo
2465 5458 2714 5522 mutavit,
2747 5456 2988 5510 adhibita
3042 5466 3222 5512 tamen
3261 5457 3313 5510 in
3371 5457 3638 5514 nonnullis

2062 5649 2185 5692 tatm
2221 5647 2365 5698 sunt,
2400 5645 2455 5688 ut
2486 5635 2572 5688 hic
2605 5634 2832 5688 inferius
2869 5635 3074 5688 monui.

2131 5708 2202 5781 (ι’)
2246 5711 2394 5762 llum:
2434 5709 2483 5760 iu
2517 5708 2660 5759 notis
2693 5708 2955 5775 appellavi
3005 5708 3070 5759 tt.
3107 5706 3126 5759 1
3158 5748 3171 5770 ,
3226 5707 3453 5759 alterunt
3484 5701 3550 5756 Μ.
3579 5700 3642 5757 96

3286 5802 3360 5858 16
