4060 6210
464 238 568 290 ινδ

1491 229 1789 283 NEMESIU
1803 229 1840 279 S
1880 227 2256 284 ΕΙ)ΙὸιῖοΡυὲ
2303 228 2576 282 I'IMESICN
2589 229 2692 284 US.

3626 227 3728 283 £90

465 356 714 425 pretatio,
751 369 856 424 quo
887 354 1128 408 omnium
1165 347 1531 417 intelligentizu
1561 349 1917 407 serviremus.
1949 346 2042 398 ad-
2074 355 2115 408 Α
2147 362 2307 414 quam
2339 347 2555 414 probari
2614 347 2706 400 tibi
2746 347 2926 415 cupio,
2976 348 3195 402 nescire
3226 355 3275 399 te
3312 343 3475 399 nolui.
3512 341 3586 397 De
3618 356 3728 393 ra?-

463 445 796 517 jungeretur.
845 445 966 499 llaec
1017 455 1183 512 pauca
1223 441 1290 495 de
1322 439 1550 494 consilio
1590 454 1709 492 meo
1761 448 1812 493 et
1855 452 2044 506 Opera,

2159 440 2306 502 teris,
2363 456 2483 494 cum
2511 441 2679 508 leges,
2704 455 2801 508 pro
2823 440 3048 494 arbitrio
3071 453 3163 494 tuo
3196 437 3553 494 existimabis.
3580 431 3726 489 Vale.

1697 687 1766 747 C.
1813 685 2148 748 Plautinus
2190 691 2409 752 lectori
2456 711 2484 750 ε

536 808 648 861 Non
701 805 942 860 inutilem
1011 806 1266 861 stmllesis
1317 805 1486 867 viris,
1559 819 1732 872 neque
1782 806 2046 873 ingratam

468 915 577 953 rem
613 898 850 953 facturus
885 897 1015 952 mihi
1041 897 1282 961 videbar,
1313 897 1378 958 si,
1409 896 1534 964 quia
1571 893 1879 949 Nemesium
1908 911 2049 951 nunc

471 993 709 1060 primum
764 991 816 1044 in
873 991 1048 1044 lucem
1102 988 1486 1056 producimus,
1545 986 1768 1055 paucula
1819 986 1884 1040 de
1935 987 2068 1056 ipso-

469 1081 713 1134 Nemesio
737 1081 1018 1146 adderem;
1053 1095 1155 1133 non
1186 1088 1243 1131 ut
1268 1079 1412 1132 illmn
1453 1077 1687 1141 laudem,
1731 1092 1852 1129 nam
1905 1077 2047 1131 bona

475 1189 645 1238 nierx,
695 1183 753 1226 ut
799 1173 1014 1235 dicitur,
1062 1187 1311 1242 prtecone
1359 1186 1465 1225 non
1511 1179 1673 1240 eget:
1705 1171 1832 1239 quid
1869 1180 2048 1224 autem

472 1264 572 1317 hoc
607 1263 1000 1316 commentario
1031 1261 1083 1314 in
1119 1261 1283 1315 simili
1331 1269 1652 1328 argumento
1678 1267 1856 1313 exstat
1889 1273 2048 1312 accu-

469 1354 680 1407 ratius?
717 1353 833 1416 sed,
875 1363 932 1406 ut
980 1353 1100 1423 quis
1139 1352 1226 1406 ille
1268 1351 1484 1406 tandem
1538 1350 1720 1414 fuerit,
1759 1350 1927 1404 verbo
1961 1349 2045 1402 iu-

475 1449 674 1501 dicem.
725 1445 1108 1515 Philosophum
1160 1446 1320 1516 igitur
1379 1444 1548 1497 fuisse
1597 1451 1652 1498 et
1702 1441 2052 1511 episcopum,

480 1538 617 1592 liber
663 1537 885 1607 ejusque
933 1537 1093 1591 index
1142 1545 1446 1591 testantur:
1481 1545 1534 1588 et
1574 1548 1639 1588 ex
1684 1534 1909 1603 epistola
1956 1532 2057 1586 hac

475 1629 805 1683 Nazianzeni
834 1628 932 1697 (a),
970 1643 1129 1698 quam
1157 1627 1244 1682 hic
1267 1628 1431 1682 etiam
1465 1624 1819 1696 adjiciemlam
1851 1623 2055 1694 putavi,

541 1768 618 1836 (a)
661 1765 906 1836 Epistula
949 1765 1194 1836 Gregorii
1242 1774 1325 1820 est
1369 1763 1460 1825 79,
1498 1778 1616 1832 qua:
1643 1761 2050 1836 incipitinoor

468 1833 610 1892 δοκῶ
643 1833 920 1910 φορτικός.
957 1837 1028 1890 lia
1057 1833 1182 1890 vero
1208 1837 1277 1890 ita
1303 1845 1614 1902 comparata
1645 1842 1749 1897 est,
1784 1843 1839 1884 ut
1867 1833 2056 1885 eodem

1539 1957 1866 1964 ——..-._.——-
1879 1955 2016 1960 -_—.__-_
2039 1954 2092 1959 -__
2107 1954 2136 1957 Α..

2156 810 2314 864 facile
2379 809 2736 879 intelligitur,
2800 818 3014 878 quanta:
3071 804 3232 858 fuerit
3279 801 3616 856 auctoritatis
3670 817 3734 856 ac

2151 901 2386 956 nominis
2448 901 2822 972 philosophus.
2885 900 2958 954 Ex
3010 899 3196 952 eadem
3251 897 3594 965 perspicuum
3631 905 3734 957 esr,

2149 1010 2271 1050 eum
2318 994 2565 1050 ﬂoruisse
2619 995 2946 1063 imperatore
2989 991 3252 1045 Gratiano
3301 1003 3364 1041 ac
3408 985 3734 1047 Theodosio,

2151 1107 2257 1161 quo
2329 1101 2570 1160 tempore
2637 1089 2903 1143 Maximus
2969 1087 3130 1140 etiam
3198 1081 3575 1150 philosophus,
3648 1077 3737 1131 Li-

2153 1183 2394 1248 bauius,
2463 1180 2740 1245 Basilius,
2811 1178 3075 1247 multique
3147 1174 3234 1228 alii
3301 1172 3736 1244 praestantissimi

2149 1273 2250 1326 viri
2301 1273 2574 1327 vivebant.
2629 1269 2875 1324 Meminit
2935 1269 3046 1337 ipse
3072 1263 3321 1334 Origenis
3350 1275 3405 1317 et
3437 1259 3738 1330 Apolinarii

2153 1381 2288 1435 quos
2331 1365 2646 1419 adolescens
2700 1362 2898 1415 vidisse
2957 1361 3187 1412 fortasse
3244 1355 3436 1426 potuit.
3494 1353 3567 1406 De
3619 1353 3741 1404 loco

2155 1459 2457 1528 ἐπισκοπῆς
2534 1455 2664 1510 nihil
2734 1455 2995 1518 comperi.
3063 1451 3215 1504 Nunc
3295 1449 3360 1504 ad
3430 1446 3738 1518 epistolam.

2162 1552 2308 1606 Vale.

2159 1755 2679 1829 juregad__quem_vis
2733 1752 2896 1806 alium
2953 1750 3261 1829 Nemesium
3296 1746 3518 1829 .srripta
3571 1743 3744 1799 rideri

2169 1827 2353 1896 possit.
2393 1826 2652 1879 Consulto
2685 1840 2812 1893 ergo
2836 1839 2955 1876 eam
2990 1826 3454 1890 prretermisimus.

2531 1950 2556 1954 _
2589 1950 2594 1954 _
2607 1949 2673 1954 κ.
2682 1948 2777 1954 ____.-
2787 1942 3290 1952 .._..__‘--____._—.___..—

937 2098 1584 2188 PlUEFATlO
1665 2095 2244 2187 EDITORIS
2316 2051 3076 2212 OXONlENSlS
3147 2076 3225 2154 (η)

541 2431 834 2483 Auctorem
872 2428 958 2482 hic
1002 2428 1192 2484 damus
1233 2434 1491 2490 veterem,
1541 2425 1832 2490 crmlitum,
1887 2423 2055 2492 pium,
2091 2429 2133 2486 Β
2169 2425 2356 2478 sertim
2388 2424 2527 2491 apud
2561 2421 2835 2486 librarios,
2880 2421 2969 2491 qui
3013 2421 3062 2475 id
3096 2435 3307 2491 semper
3332 2429 3518 2490 agunt,
3554 2431 3606 2476 ut
3646 2439 3747 2479 no-

473 2524 561 2590 ιιιιί
611 2523 662 2575 ἰιι
711 2521 887 2590 Lyieo
919 2520 1131 2589 pariter
1161 2527 1214 2574 et
1245 2519 1490 2574 Ecclesia
1521 2518 1846 2572 dictaturam
1895 2531 2053 2569 exer-

473 2617 622 2682 cuit;
662 2624 870 2667 uaturzc
903 2612 1063 2680 juxta
1110 2623 1162 2665 et
1203 2613 1419 2682 pietatis
1450 2613 1698 2676 antistes,
1733 2613 1783 2663 iu
1816 2610 2056 2678 philosoo

475 2705 612 2770 phiae
655 2701 924 2771 mysteriis
962 2711 1178 2770 epupta,
1236 2701 1354 2754 lidei
1397 2700 1700 2768 episcopus.
1739 2698 1844 2752 Sed
1875 2697 2056 2751 nescio

474 2811 580 2859 quo
635 2793 764 2851 lato,
819 2792 1067 2843 humanae
1117 2792 1309 2843 animm
1357 2791 1489 2853 ritu,
1539 2805 1702 2859 quam
1750 2787 2058 2842 felicissime

475 2888 716 2938 enarrat.
755 2879 954 2946 reliqua
992 2887 1182 2931 cuncta
1218 2879 1340 2930 dunt
1374 2877 1619 2944 intelligit
1650 2885 1703 2930 et
1737 2889 2053 2946 perscruta-

477 2983 583 3033 tur,
633 2968 763 3022 latet
800 2970 933 3036 ipse,
982 2983 1080 3021 uec
1126 2969 1256 3021 satis
1305 2968 1660 3037 dignoscitur.
1713 2967 2058 3022 [lissiiuulato

475 3066 592 3131 ejus
622 3077 716 3132 per
748 3076 904 3132 quem
951 3061 1242 3130 plurimum
1267 3062 1615 3129 proiecerunt
1647 3060 1881 3122 nomine,
1919 3059 2057 3114 cele-

484 3158 606 3210 bres
635 3157 835 3225 aliquot
865 3155 1026 3223 prisci
1071 3154 1168 3206 ιιινί
1215 3156 1530 3223 scriptores,
1575 3152 1820 3206 Julianus
1861 3151 2056 3205 Pome-

495 3254 608 3304 ri-us
649 3251 745 3318 (ὑ),
773 3248 928 3301 Joan.
978 3246 1364 3310 Damasccnus,
1405 3246 1544 3299 Elius
1573 3245 1866 3311 Cretensis,
1899 3243 2059 3298 Mele-

492 3345 619 3404 tius,
647 3341 891 3394 Eretrius
917 3340 1010 3410 (ε),
1045 3354 1148 3390 ιιοιι
1187 3338 1342 3391 modo
1377 3337 1624 3404 periodos
1643 3337 1924 3405 plurimas,
1961 3336 2054 3389 sed

476 3433 678 3486 solidas
705 3432 928 3500 paginas
967 3431 1305 3497 sclredasque
1347 3427 1709 3481 voluminibus
1757 3429 1870 3480 suis
1914 3427 2059 3478 inse-

481 3539 654 3577 ruere.
691 3525 827 3589 t)uin
866 3523 1064 3576 leviora
1109 3519 1222 3574 lucc
1266 3519 1470 3573 iuerint
1499 3535 1516 3584 ;
1550 3533 1644 3588 per
1675 3519 1824 3587 plura
1861 3519 2053 3572 swcula

481 3633 618 3686 opus
665 3616 934 3684 integrum
965 3614 1118 3667 titulo
1154 3625 1308 3667 tenus
1349 3613 1711 3678 immutatum,
1744 3623 1795 3666 et
1825 3611 2058 3682 philoso-

479 3711 620 3776 pbize
675 3708 847 3776 elogio
899 3717 1138 3772 auctum,
1173 3705 1436 3776 Gregorio
1489 3705 1754 3770 accessit;
1815 3716 1868 3758 et
1917 3703 2058 3758 inter

2164 2515 2404 2569 minibus
2449 2513 2895 2568 celebratissimis
2933 2525 3143 2565 merces
3172 2527 3297 2566 suas
3341 2513 3746 2580 commendent,

2162 2607 2443 2662 Neinesius
2478 2605 2620 2660 illico
2651 2607 2700 2658 in
2752 2604 3071 2674 Gregorium
3115 2605 3352 2664 transiit.
3391 2614 3445 2660 et
3470 2604 3748 2676 Nyssenus

2162 2699 2214 2751 in
2246 2699 2569 2753 Emesenum
2601 2697 3028 2766 permutabalur.

2236 2788 2302 2842 Ut
2352 2789 2521 2842 verbo
2556 2789 2759 2850 dicam,
2802 2803 3113 2856 quanquam
3167 2787 3253 2841 vix
3302 2787 3588 2858 quisquam
3639 2798 3748 2851 est,

2160 2879 2314 2946 cujus
2363 2879 2522 2932 ellata
2573 2879 2757 2948 plures
2809 2880 3039 2933 subinde
3089 2880 3260 2933 citant
3301 2891 3355 2934 et
3411 2891 3746 2946 mutuantur,

2168 2971 2353 3026 videre
2391 2971 2628 3025 nondum
2665 2970 2891 3038 contigit
2924 2985 2988 3023 ex
3024 2971 3299 3024 veteribus
3325 2971 3582 3040 aliquem,
3609 2988 3751 3041 prte-

2161 3071 2244 3118 ter
2288 3063 2633 3118 Auastasium
2677 3060 2951 3116 Nicmnum
2997 3061 3050 3114 in
3091 3060 3291 3126 Qumst.
3324 3061 3377 3114 in
3415 3062 3477 3117 S.
3519 3061 3746 3124 εει-ἱρὴ,

2161 3169 2215 3212 et
2261 3157 2446 3212 Mosen
2499 3155 2866 3224 Bar-Ccpltatn
2915 3153 2966 3207 in
3015 3151 3156 3207 libro
3210 3152 3285 3206 De
3335 3154 3606 3222 paradiso,
3654 3156 3749 3220 qui

2169 3250 2342 3319 ipsum
2398 3250 2716 3304 nominatim
2781 3246 3101 3312 laudaverit.
3177 3245 3457 3313 Superiori
3525 3246 3747 3316 quidem

2160 3342 2376 3406 ςωοιιιη,
2407 3355 2528 3394 cum
2560 3340 2762 3394 Graeca:
2796 3337 2990 3394 littera:
3037 3337 3193 3407 pulsa
3228 3337 3480 3391 barbarie
3519 3337 3750 3404 Europa:

2162 3432 2496 3502 postliminio
2539 3432 2914 3494 redderentur,
2963 3429 3126 3483 Valla:
3173 3439 3234 3484 et
3297 3430 3562 3484 Ellebodii
3600 3431 3747 3484 indi-

2157 3525 2280 3586 ciis,
2325 3533 2378 3575 et
2421 3539 2551 3578 mss.
2593 3522 2948 3592 plurimormn
2975 3521 3258 3591 sullragio,
3288 3522 3547 3592 appositis
3580 3525 3746 3577 etiam

2159 3616 2476 3668 criticorum
2525 3615 2773 3678 calculis,
2834 3615 2922 3668 diu
2973 3629 3266 3684 Oppressus
3340 3615 3623 3686 Nemesius
3693 3615 3744 3667 in

2155 3708 2426 3778 integrum
2479 3708 2881 3763 resti-tuebatur.
2931 3707 3070 3776 Quin
3113 3718 3168 3762 ct
3199 3708 3348 3762 card.
3385 3707 3749 3762 Bullarmiuus

483 3799 734 3854 l’ra-sulis
775 3799 1002 3870 Nysseni
1043 3799 1241 3866 scripta
1276 3799 1470 3867 passim
1501 3795 1887 3865 evulgabatnr:
1917 3794 2060 3864 quod
2089 3791 2128 3847 C
2168 3801 2242 3854 De
2283 3803 2465 3870 script.
2501 3801 2687 3855 ercles.
2721 3802 2784 3854 ad
2814 3817 3012 3855 annum
3045 3801 3168 3864 500,
3205 3813 3336 3866 etc.,
3365 3802 3748 3856 observatione

479 3895 550 3945 ita
592 3891 816 3953 factum,
854 3903 912 3943 ut
956 3890 1249 3957 Gregorius
1292 3889 1551 3957 deinceps
1593 3888 1732 3957 apud
1778 3887 2058 3956 plerOsque

478 3991 584 4028 non
632 3975 906 4045 Nysseuus
951 3973 1113 4039 ultra,
1153 3974 1246 4027 sed
1277 3973 1578 4027 Etiiesenus
1608 3973 1852 4038 audiret;
1903 3975 2054 4040 quasi

479 4071 576 4120 ista
622 4066 958 4136 cognominis
1006 4065 1403 4133 permutatione
1443 4079 1564 4118 cum
1617 4075 1800 4118 nostro
1843 4065 2056 4118 decide-

481 4171 663 4221 retur,
715 4168 769 4212 et
836 4160 902 4212 de
955 4157 1110 4225 plagii
1167 4157 1360 4224 injuria
1416 4156 1724 4210 satisﬁeret.
1778 4155 1850 4209 lla
1907 4156 2050 4208 enim

475 4251 797 4317 Gregorium
849 4249 1174 4318 appellatum
1223 4263 1364 4312 esse,
1416 4257 1629 4302 constat
1675 4263 1778 4301 non
1833 4247 1989 4300 ["0th
2027 4262 2078 4315 (ε⁵

476 4340 757 4396 'l'rithemii
803 4340 894 4394 lib.
941 4341 1012 4392 De
1054 4341 1282 4408 imagine
1330 4349 1378 4392 et
1433 4340 1732 4392 conditione
1789 4339 2053 4403 horru'uis,‘

477 4431 699 4486 Honorii
752 4434 845 4484 lib.
887 4431 962 4484 De
1002 4431 1364 4484 ecclesiasticis
1402 4432 1790 4500 scriptoribus;
1823 4431 2052 4484 Vincen-

483 4527 555 4577 tio
601 4525 651 4576 in
687 4522 840 4590 Spcc.
881 4522 1004 4577 hist.
1053 4523 1145 4574 lib.
1180 4537 1289 4584 xiv,
1325 4538 1373 4576 c.
1405 4521 1506 4587 28;
1542 4521 1777 4576 Bostouo
1810 4523 2053 4577 lluricnsi

478 4620 530 4670 in
575 4632 674 4670 suo
716 4615 929 4680 Cata!.;
971 4614 1279 4669 Leunelavii
1323 4613 1604 4668 Pandectis
1645 4615 1786 4668 llist.
1821 4615 2053 4682 '1'urcic.,

475 4714 570 4766 sed
600 4712 764 4766 etiam
803 4709 1075 4763 nonnullis
1117 4707 1428 4777 Hieronymi
1458 4707 1737 4760 codicibus
1778 4709 1917 4778 typis
1961 4711 2059 4762 itu-

478 4803 706 4872 pressis,
749 4813 804 4855 et
850 4801 1122 4871 plerisque
1151 4816 1280 4855 mss.
1316 4799 1525 4855 Revera
1559 4810 1845 4855 tractatum
1891 4805 2058 4857 edidit

479 4895 548 4949 M.
580 4895 761 4948 Basilii
792 4895 963 4948 frater
992 4892 1286 4963 Nyssenus,
1321 4891 1398 4945 De
1428 4892 1637 4960 api/icio
1685 4895 1937 4959 hominis,
1963 4897 2054 4964 qui

477 5001 600 5041 cum
640 4988 779 5041 idetn
823 4986 1099 5040 videretur
1149 5000 1268 5038 cum
1324 4985 1425 5038 hoc
1471 4997 1677 5049 nostro,
1723 4988 1811 5054 qui
1855 4987 1929 5040 De
1961 5005 2056 5039 ua-

481 5087 602 5131 tara
634 5078 862 5131 hominis
894 5077 1210 5132 inscribitur
1235 5116 1250 5142 ,
1285 5078 1688 5147 promptissimo
1720 5078 1891 5146 lapsu,
1924 5096 2057 5148 prte-

2168 3893 2324 3947 tcrtia
2357 3891 2743 3962 inCregorium
2784 3894 3082 3948 ait:libros
3125 3903 3240 3948 octo
3291 3894 3365 3949 De
3405 3894 3745 3964 philosophia

2166 4001 2267 4038 non
2297 3985 2464 4050 uideri
2503 4001 2614 4039 esse
2653 3984 2712 4039 S.
2750 3983 2994 4056 Gregorii
3043 3985 3294 4057 Nysseni,
3343 3987 3611 4042 rationem
3647 3987 3747 4040 ad-

2165 4077 2320 4142 dens,
2355 4077 2490 4131 satis
2545 4076 2753 4130 futilem
2788 4078 2930 4130 illam
2968 4080 3206 4147 quidem,
3235 4078 3352 4133 scil.
3385 4077 3541 4144 Quod
3573 4080 3625 4131 in
3651 4078 3745 4135 lib.

2163 4169 2388 4220 secundo
2427 4169 2574 4222 docet
2615 4171 2848 4222 animum
2904 4187 3004 4222 non
3049 4171 3218 4222 creari
3265 4171 3316 4224 in
3368 4186 3608 4240 corpore,
3654 4169 3745 4224 sed

2161 4269 2281 4311 ante
2303 4275 2489 4327 Corpus
2530 4259 2689 4328 fuisse
2729 4272 2996 4324 creatam;
3041 4263 3131 4325 qui
3171 4273 3244 4314 est
3289 4277 3437 4315 error
3470 4261 3738 4332 Origenis.

2160 4350 2324 4418 Quasi
2372 4368 2498 4406 vero
2543 4369 2646 4406 non
2699 4355 2797 4408 sub
2845 4355 3034 4409 eadem
3069 4355 3266 4408 invidia
3306 4354 3577 4410 laboraret
3613 4354 3745 4425 Nys-

2163 4461 2344 4510 semis,
2370 4445 2524 4515 cujus
2557 4447 2754 4515 scripta
2783 4448 2850 4502 ab
2875 4448 3198 4516 Origenistis
3225 4449 3547 4518 interpolata
3574 4450 3742 4504 fuisse

2160 4547 2352 4590 auctor
2380 4549 2462 4591 est
2508 4537 2874 4608 Nicephorus;
2929 4540 3036 4594 imo
3069 4541 3206 4594 adeo
3247 4542 3464 4608 penitus
3499 4540 3748 4612 Nysseno
3780 4585 3792 4605 ς

2161 4629 2445 4684 calumniae
2483 4630 2631 4685 labes
2675 4633 2774 4686 ista
2828 4633 3076 4695 adhazsit,
3113 4642 3168 4686 ut
3208 4632 3480 4687 Germano
3515 4633 3748 4700 patriar.

2159 4720 2276 4774 clla:
2319 4738 2536 4776 necesse
2557 4737 2701 4777 esset
2737 4724 2929 4777 librmu
2983 4726 3251 4794 integrum
3287 4725 3648 4780 conscribere.
3686 4738 3746 4778 ut

2162 4809 2334 4877 ipsum
2372 4829 2434 4863 ea
2472 4811 2536 4865 de
2601 4829 2658 4866 re
2716 4823 3040 4874 excusaret;
3081 4815 3222 4880 quod
3272 4815 3456 4866 videre
3498 4821 3582 4866 est
3628 4821 3742 4864 tum

2159 4901 2309 4965 alibi,
2340 4912 2450 4953 tum
2485 4901 2533 4954 in
2562 4901 2733 4956 Photii
2763 4902 3106 4972 Myriobiblo.
3137 4906 3204 4958 At
3233 4920 3362 4957 vero
3389 4904 3432 4956 si
3467 4903 3587 4956 libri
3619 4912 3745 4957 octo

2160 4992 2234 5044 De
2272 4993 2602 5064 philosophia
2650 5009 2753 5047 non
2802 5007 2926 5046 sunt
2960 4996 3226 5064 Gregorii,
3275 4998 3415 5050 hanc
3451 4997 3644 5048 saltem
3673 4995 3742 5048 ob

2154 5099 2393 5144 causam,
2423 5085 2563 5151 quod
2593 5084 2748 5138 docet
2775 5085 3012 5138 animant
3051 5103 3153 5140 non
3192 5088 3366 5142 creari
3402 5087 3454 5140 in
3487 5100 3743 5154 corpore,

551 5233 624 5309 (ιι)
660 5232 937 5309 Fabricios
983 5232 1035 5309 in
1086 5229 1412 5309 Bibliotheca
1455 5229 1550 5285 Gr.
1599 5233 1729 5309 vol._
1759 5233 1869 5309 ΠΙ,
1919 5251 2037 5309 pag.
2079 5241 2120 5295 D
2155 5248 2314 5309 catur,
2349 5239 2615 5304 expiscari
2666 5255 2768 5290 non
2815 5241 2983 5308 potui,
3031 5241 3130 5294 etsi
3177 5239 3325 5309 plura
3361 5240 3487 5293 Elia:
3514 5241 3744 5304 scripta,

479 5300 614 5366 55L
655 5303 971 5364 arbitratur,
1021 5304 1160 5375 hunc
1193 5300 1648 5375 lliiSSﬁAJtlallllClll
1693 5300 2040 5375 Fellunr,qiii

483 5383 1011 5441 posteacreatusrest
1039 5374 1322 5441 episcopus
1342 5369 1685 5426 Oxoniensis.

554 5444 626 5510 (ὁ)
663 5439 862 5494 .Iuliani
916 5439 1148 5496 Pomerii
1192 5439 1356 5496 libros
1407 5443 1577 5496 habeo
1626 5444 1676 5496 iu
1722 5442 2046 5498 Bibliotheca

482 5511 726 5582 Patrum.
772 5511 1040 5582 Meletiutn
1086 5512 1612 5582 benelicioiliangeri
1660 5519 1840 5582 accepi
1873 5532 1933 5567 ex
1967 5519 2048 5569 bi-

483 5581 765 5654 bliothecal
811 5581 1300 5651 Guelpherhytana.
1500 5594 1692 5638 neutro
1752 5581 2044 5654 quidquam

484 5650 705 5712 profeci.
739 5651 811 5704 De
839 5665 945 5717 quo
971 5650 1146 5704 autem
1189 5655 1326 5706 libro
1372 5653 1497 5705 Elim
1523 5650 1797 5708 Cretensis
1834 5650 1918 5709 hic
1960 5658 2041 5711 dt-

2153 5323 2275 5386 quze
2307 5308 2356 5359 in
2386 5309 2662 5362 codicibus
2692 5309 3103 5380 Illosqueusibus
3133 5308 3496 5380 reperiuntur,
3534 5321 3742 5365 tracta-

2160 5393 2348 5431 \Cl‘llll.

2229 5448 2299 5516 (ι’)
2339 5449 2586 5520 llretrius
2639 5467 2831 5502 nomen
2883 5461 2964 5505 est
3019 5451 3234 5520 gentile,
3299 5466 3403 5502 non
3461 5453 3744 5520 proprium

2159 5519 2281 5570 Viri.
2333 5519 2470 5573 l‘ttlo
2509 5537 2638 5582 ergo
2667 5519 3050 5589 corriguttduiit
3090 5536 3212 5575 esse
3245 5539 3258 5573 :
3294 5521 3538 5576 Meletius
3570 5519 3741 5574 iatro-

2161 5591 2427 5660 sophista,
2469 5594 2558 5658 qui
2595 5593 2789 5643 librum
2826 5595 2896 5643 Ue
2927 5591 3134 5645 Immitto
3165 5593 3402 5660 Scripsit.
3431 5591 3552 5647 για.
3578 5593 3743 5647 Fubr.

2159 5657 2297 5712 Ιίιιιί.
2333 5661 2422 5714 Gr.
2462 5657 2566 5715 vol.
2605 5661 2732 5723 V'lll,
2770 5678 2819 5721 υ.
2851 5662 2974 5715 403.
