4024 6208
303 355 393 410 197

1644 359 2178 418 PROLECOMENA.

3444 368 3550 423 498

299 472 472 525 mirari
507 473 644 527 satis
677 488 785 527 non
832 461 1078 541 possum,
1127 474 1255 543 quid
1297 477 1350 528 in
1396 486 1628 532 mentem
1666 481 1871 534 venerit
1904 485 1948 540 Α
1981 478 2190 532 niurnm
2219 474 2614 530 feracissimum
2641 474 2770 528 illud
2794 476 3047 529 saeculum
3077 477 3237 543 sapit,
3259 477 3344 533 tibi
3372 480 3552 533 etimi-

298 564 510 631 nuperis
556 563 806 619 omnibus
851 561 1082 635 Nysseni
1127 567 1443 633 editoribus,
1493 577 1550 622 ut
1603 570 1869 642 integrum

297 656 592 710 secundum
620 668 801 727 caput,
835 659 978 727 quod
1005 659 1187 729 operis
1215 659 1451 717 Neinesii
1473 678 1577 717 non
1626 674 1869 719 content-

298 748 527 800 nendam
557 757 758 816 partem
781 748 966 813 ellicit,
993 759 1046 804 et
1068 750 1215 805 illum
1243 752 1423 819 ipsum
1458 755 1524 808 de
1562 755 1868 811 animarum

299 839 720 906 praeexsistentia
752 853 993 893 errorem
1031 840 1085 895 in
1129 855 1188 895 se
1226 842 1409 909 habet,
1464 855 1747 915 postquam
1790 856 1871 900 to-

300 940 408 982 tnui
428 946 563 998 opus
584 928 846 1002 Gregorio
864 932 1165 1003 justissimo
1178 934 1382 1005 judicio
1402 939 1601 991 dudum
1626 950 1871 1007 ereptum

302 1020 566 1078 Emeseno
604 1034 794 1078 nostro
837 1024 1113 1081 addictum
1155 1025 1365 1092 fuisset,
1410 1029 1709 1086 etiamnum
1748 1041 1872 1086 tan-

294 1123 451 1178 quam
494 1108 740 1182 Gregorii
791 1114 1083 1184 genuinum
1143 1114 1310 1171 letum
1366 1118 1508 1172 inter
1544 1134 1708 1188 opera
1759 1122 1874 1189 ejus

295 1201 632 1268 evulgarent.
691 1203 829 1270 Quin
881 1213 937 1259 et
995 1207 1199 1277 pariter
1254 1207 1438 1263 mirari
1495 1212 1659 1272 subit,
1707 1229 1877 1281 quare

303 1303 590 1348 tractatum
629 1297 947 1364 przedictum
975 1309 1140 1369 caput
1165 1300 1534 1358 continentem
1575 1320 1603 1358 a
1636 1303 1878 1376 Burgun-

300 1384 451 1437 dione
502 1383 696 1440 Latine
739 1386 968 1452 editum,
1017 1404 1117 1444 nec
1161 1406 1271 1445 non
1302 1391 1565 1458 Cononis,
1604 1394 1872 1466 Rhenani,

304 1474 482 1537 Vatiae,
515 1474 777 1533 Ellebodii
807 1480 952 1534 curis
975 1480 1372 1549 elucubratutn,
1405 1486 1583 1541 denuo
1628 1487 1878 1545 Frederi-

295 1583 389 1622 cus
419 1567 679 1624 Morellus
717 1571 1191 1642 interpretaretur,
1224 1560 1379 1632 [nulla
1416 1577 1614 1635 laboris
1660 1591 1768 1637 tam
1796 1600 1879 1639 suo

294 1660 547 1729 perracui
584 1663 791 1718 ratione
817 1665 1047 1720 reddita.

362 1749 419 1805 In
459 1751 701 1807 editione
753 1753 1035 1820 Ellebodii,
1083 1766 1142 1811 ut
1198 1766 1253 1814 et
1318 1758 1514 1831 Bigna'i
1584 1766 1783 1831 etiam,
1823 1766 1875 1822 in

1972 570 2175 622 cismus
2208 566 2320 634 jam
2351 566 2722 636 exspiraturus
2745 565 2960 619 ultimos
2989 581 3114 620 suos
3147 578 3377 623 conatus
3403 569 3552 623 vide-

1979 668 2063 712 tur
2093 658 2349 724 edidisse,
2386 668 2440 712 et
2484 659 2584 713 sub
2625 656 2911 721 Hieroclis,
2944 656 3165 722 Plotini,
3206 658 3536 721 Jamblichii.

1976 749 2258 822 Porphyrii
2284 759 2338 804 et
2370 749 2719 818 reliquorum,
2751 749 2839 819 qui
2877 748 2944 801 ab
2977 748 3216 816 Eunapio
3242 764 3549 804 memoran-

1981 850 2090 901 tur.
2133 842 2418 911 prtesidiis,
2482 841 2872 912 philosophiam
2923 840 3337 896 Cltristianismo
3391 859 3552 911 oppo-

1980 937 2111 995 suit,
2140 945 2199 988 ut
2231 950 2295 989 ex
2323 935 2490 989 altera
2531 944 2683 1003 parte
2710 934 2896 988 eadem
2941 943 3258 1002 tempestate
3291 935 3547 1003 auspiciis

1981 1041 2090 1080 non
2153 1025 2474 1089 minoribus,
2522 1024 2590 1077 ab
2646 1023 2961 1085 Athanasio,
3017 1024 3235 1086 Basilio,
3283 1024 3551 1091 Ephrenm

1980 1119 2139 1190 Syro,
2180 1117 2443 1188 Nysscno,
2490 1115 2851 1175 Nazianzeno.
2898 1113 3196 1185 Epiphanio
3224 1116 3361 1169 idem
3396 1115 3552 1170 Chri-

1979 1211 2293 1265 stianismus
2343 1209 2697 1287 philosophia:
2751 1207 2912 1261 ctiam
2945 1208 3207 1277 Suppetiis
3238 1208 3550 1261 delettdeba-

1980 1313 2087 1356 tur.
2134 1300 2239 1355 Sed
2298 1302 2350 1353 in
2399 1316 2455 1353 re
2491 1310 2599 1351 tam
2633 1299 2835 1352 lubrica
2871 1300 3005 1352 certi
3038 1299 3240 1367 aliquid
3289 1308 3549 1360 statuere,

1982 1393 2168 1448 nimia:
2199 1402 2346 1447 esset
2374 1392 2651 1453 attdacim;
2686 1392 2986 1458 prmsertint
3017 1391 3234 1460 quando
3262 1390 3393 1444 nihil
3426 1408 3552 1459 pro-

1981 1485 2148 1547 hibet,
2199 1485 2378 1554 plures
2411 1484 2576 1538 fuisse
2610 1480 2912 1545 Nemesios,
2958 1497 3160 1551 easque
3202 1481 3554 1554 philosophos

1978 1588 2032 1630 et
2062 1577 2401 1632 Christianos
2449 1576 2591 1630 circa
2633 1575 2957 1629 Nazianzeni
3010 1587 3268 1645 tempora.
3304 1577 3462 1629 Certe
3499 1576 3549 1628 in

1978 1667 2168 1723 lsidori
2214 1669 2501 1723 Pelusiota:
2543 1670 2762 1737 scriptis
2801 1667 3037 1723 Nemesii
3081 1669 3242 1723 etiam
3271 1668 3551 1737 cujusdam

1985 1761 2312 1815 mentionem
2346 1775 2655 1822 occnrre't'e,
2687 1769 2742 1814 et
2789 1760 3028 1828 quinque
3059 1759 3316 1828 epistolas
3349 1759 3551 1812 numini

294 1837 549 1893 Biblioth.
590 1838 744 1894 Patr.
777 1842 882 1896 vol.
920 1842 1033 1908 XII,
1067 1846 1153 1900 hic
1194 1858 1377 1903 noster
1412 1850 1697 1910 Netnesitts
1731 1855 1871 1913 Gre-

1993 1851 2075 1905 isti
2128 1851 2330 1906 dicatas
2383 1851 2626 1919 reperiri,
2658 1852 2793 1906 satis
2837 1859 3084 1914 constat;
3119 1849 3235 1903 scil.
3272 1849 3550 1921 Νεμεσίῳ,

291 1930 432 1999 gorii
458 1929 785 1988 Nazianzeni
815 1934 1099 1993 familiaris
1119 1949 1172 1993 et
1204 1940 1553 2010 Cappadocia:
1587 1948 1873 2015 prtefectus

296 2021 466 2076 fuisse
521 2023 755 2088 dicitur;
818 2026 869 2079 in
922 2026 1077 2097 cujus
1135 2034 1420 2089 sententia:
1474 2036 1874 2096 ﬁrmamentum

295 2114 524 2183 epistola
564 2115 638 2170 79
671 2131 702 2170 a
733 2114 1074 2175 Nazianzeno
1140 2123 1207 2177 ad
1262 2126 1507 2180 eunidein
1562 2130 1760 2200 scripta
1819 2133 1873 2188 in

296 2205 536 2260 medium
574 2208 912 2277 producitur.
943 2210 1264 2270 Debuissent
1309 2218 1524 2287 quidem
1554 2222 1669 2289 pari
1701 2225 1876 2278 omni-

296 2309 367 2350 no
390 2296 520 2365 jure
554 2306 667 2352 tres
699 2297 816 2352 alia:
844 2302 1108 2370 epistulae,
1139 2304 1399 2361 nitnirutn
1446 2308 1567 2374 185,
1598 2310 1720 2377 184,
1754 2314 1874 2382 185,

294 2401 396 2441 nec
440 2403 551 2441 non
612 2399 666 2444 et
717 2405 938 2447 carmen
977 2396 1111 2449 satis
1150 2396 1440 2464 prolixum,
1502 2404 1566 2455 ad
1625 2406 1874 2461 eumdem

296 2479 529 2546 scripta,
577 2479 632 2533 in
686 2480 1050 2537 testimonium
1102 2487 1284 2540 citari.
1333 2488 1519 2544 Billius
1545 2494 1786 2561 quidem,
1820 2507 1879 2551 ut

290 2579 347 2623 et
370 2568 461 2622 alii
486 2570 753 2636 nannulli,
786 2574 1006 2630 minime
1043 2579 1334 2633 verisimile
1361 2592 1572 2649 tunam,
1596 2583 1879 2658 Cappado-

293 2660 394 2715 cite
428 2661 772 2732 prafectum,
806 2667 1080 2723 hominem
1128 2671 1311 2726 saeculi
1342 2675 1490 2730 cut-is
1516 2678 1789 2734 addictmn
1824 2689 1881 2735 et

292 2769 326 2805 ει
358 2751 674 2817 Christiana
707 2757 904 2826 pietate
949 2759 1206 2829 alienum,
1252 2776 1346 2819 aut
1392 2767 1701 2838 episcopum
1739 2771 1880 2838 ﬁeri,

293 2855 393 2900 aut
441 2844 643 2902 librant
689 2848 1022 2917 istiusmodi,
1058 2853 1234 2921 qualis
1287 2856 1376 2910 hic
1431 2868 1615 2914 noster
1645 2871 1748 2928 est,
1789 2866 1880 2935 qui

294 2952 413 3007 pra:
444 2940 704 2995 manibus
739 2941 1001 3013 habetur,
1030 2945 1339 3014 scripsisse.
1375 2948 1529 3015 Quod
1580 2961 1761 3008 autem
1815 2958 1883 3010 ad

296 3028 683 3097 pneteuuram
757 3034 972 3099 attinet,
1021 3046 1076 3090 ct
1127 3052 1320 3092 nomen
1384 3041 1598 3098 Christo
1646 3046 1881 3101 nondum

293 3123 514 3187 datum,
547 3122 707 3180 facile
733 3126 838 3181 erit
869 3142 1164 3198 reponere:
1208 3146 1321 3186 rem
1348 3148 1469 3188 eam
1502 3150 1611 3189 non
1633 3139 1768 3192 adeo
1798 3139 1885 3193 iii-

1981 1941 2073 1995 lib.
2105 1958 2168 2003 Il,
2204 1942 2367 2011 epist.
2398 1942 2521 2006 151,
2560 1942 2652 1995 lib.
2685 1957 2756 2005 tv,
2792 1942 2950 2010 epist.
2979 1941 3068 2000 33,
3094 1950 3146 1994 et
3183 1941 3276 1994 lib.
3306 1956 3358 2006 ν,
3394 1941 3551 2009 epist.

1980 2035 2070 2099 56;
2103 2034 2357 2105 Νεμεσίῳ
2388 2033 2687 2105 Πρριίτωρε,
2722 2033 2814 2087 lib.
2847 2048 2887 2095 ι,
2928 2033 3087 2111 (διῄει.
3136 2032 3229 2096 44,
3258 2042 3313 2086 et
3340 2032 3554 2085 demunt

1980 2125 2237 2197 Νεμεσίῳ
2257 2124 2612 2197 Μαστριανῷ,
2648 2125 2739 2178 lib.
2770 2139 2843 2186 tv,
2869 2124 3029 2190 epist.
3055 2122 3143 2177 81.
3178 2124 3307 2189 Qua:
3339 2123 3555 2193 quidem

1983 2229 2159 2271 utrum
2193 2232 2357 2269 unum
2389 2217 2644 2285 aliquem,
2674 2232 2741 2269 an
2768 2215 3016 2270 diversos
3048 2217 3354 2285 designent,
3384 2231 3452 2267 an
3487 2215 3553 2267 ad

1984 2317 2261 2361 auctorem
2300 2318 2542 2361 nostrum
2588 2308 2856 2363 ullatenus
2906 2317 3169 2377 spectent,
3224 2307 3450 2361 aliorum
3487 2306 3559 2360 sit

1980 2401 2263 2469 judicium.
2326 2402 2454 2455 Mihi
2511 2401 2750 2469 quidem,
2795 2410 2873 2464 ut,
2930 2417 3050 2469 qua:
3098 2401 3352 2463 sentiam,
3389 2401 3560 2453 libere

1992 2494 2236 2562 eloquar,
2276 2493 2723 2547 verisitnillimum
2749 2507 2970 2562 prorsus
3001 2493 3232 2554 videtur,
3253 2491 3556 2545 Nemesium

1988 2587 2130 2640 hunc
2157 2594 2399 2639 nostrum
2436 2585 2636 2639 vixisse
2678 2583 2893 2639 domum
2924 2595 3209 2653 appetente
3234 2595 3428 2650 quarto
3459 2600 3560 2637 ste-

1988 2677 2131 2749 cplo,
2155 2676 2274 2731 scil.
2318 2686 2443 2731 ante
2472 2686 2562 2730 aut
2593 2676 2847 2737 Nestorii.
2884 2685 2977 2730 aut
3009 2675 3321 2747 Eutychetis
3347 2684 3558 2746 tempu-

1991 2782 2045 2820 ra
2065 2806 2081 2833 ,
2111 2767 2211 2821 hoc
2237 2776 2340 2831 est,
2372 2775 2662 2837 antequam
2696 2764 2896 2819 Paulus
2932 2764 3108 2818 Entesi
3148 2764 3403 2828 sedisset.
3436 2777 3559 2818 eum

1990 2860 2253 2929 intelligo,
2286 2859 2375 2929 qui
2422 2861 2682 2914 adversus
2725 2858 3030 2912 Nestorium
3060 2873 3118 2911 re
3143 2868 3362 2911 strenue
3410 2864 3561 2923 gesta

1989 2966 2053 3006 eo
2087 2952 2305 3006 nomine
2367 2965 2396 3002 a
2452 2949 2655 3021 Cyrillo
2704 2943 3070 3002 Alexandiino
3137 2946 3564 3000 cunmlatissinte

1993 3043 2197 3098 laudari
2240 3042 2458 3104 meruit,
2485 3052 2536 3095 et
2569 3040 2637 3094 ab
2682 3039 2957 3093 historicis
3015 3037 3403 3092 ecclesiasticis
3436 3051 3562 3105 pas-

1992 3136 2094 3189 sint
2124 3133 2411 3189 celebrari.
2452 3129 2619 3198 llujus
2661 3132 2734 3185 rei
2778 3131 3031 3184 indicium
3074 3144 3178 3182 non
3217 3128 3330 3182 lere
3360 3137 3560 3190 statuo,

296 3214 624 3269 credibilem
653 3216 821 3271 videri
861 3196 1046 3289 iiquui
1071 3225 1339 3290 noverint,
1369 3226 1561 3295 quales
1592 3242 1658 3282 eo
1683 3230 1799 3298 ipso
1830 3230 1884 3284 in

1993 3226 2137 3294 quod
2167 3239 2287 3279 cum
2312 3238 2431 3292 cap.
2461 3223 2515 3288 5,
2534 3196 2542 3198 1
2562 3222 2698 3291 Περὶ
2728 3220 2994 3287 ἐνὼσεως
3010 3218 3214 3288 ψυχῆς
3244 3219 3341 3272 καὶ
3363 3218 3564 3287 σώμα-

300 3308 508 3367 mulo
544 3308 759 3365 fuerunt
799 3314 1139 3382 Ambrosius,
1175 3315 1455 3374 Nectarins
1503 3330 1555 3373 et
1601 3320 1885 3392 Synesius,

302 3412 431 3454 eum
454 3400 524 3455 ad
563 3404 723 3459 sedes
765 3419 891 3459 suas
924 3420 1394 3476 proutoverentur.
1443 3410 1552 3467 Nec
1595 3423 1743 3469 certe
1784 3413 1889 3469 Ne-

311 3490 518 3547 mesius
546 3502 732 3548 noster
761 3496 934 3550 sacris
964 3496 1152 3552 infulis
1183 3498 1434 3568 indignus
1462 3515 1684 3568 prorsus
1721 3501 1888 3556 habe-

313 3581 481 3651 bitur,
508 3584 600 3654 qui
630 3600 660 3639 a
693 3585 963 3657 Theologo
996 3588 1262 3660 Gregorio
1310 3589 1681 3661 philosophiae,
1706 3593 1889 3661 probi-

316 3674 478 3741 hatis,
500 3675 744 3744 justiti.e,
774 3681 1028 3736 amicitiae
1058 3684 1271 3736 demum
1318 3685 1557 3752 nomine,
1592 3701 1697 3741 non
1733 3689 1893 3741 modo

323 3766 546 3834 laudari,
582 3772 675 3825 sed
710 3787 830 3826 cum
860 3775 1206 3831 veneratione
1230 3775 1461 3844 quadam
1498 3779 1699 3847 suspici
1731 3789 1893 3848 atque

322 3862 425 3919 coli
458 3876 757 3930 meruerat;
794 3884 950 3935 quem
991 3871 1156 3922 etiam
1200 3880 1474 3939 utcunque
1514 3872 1642 3926 olim
1681 3873 1892 3928 charis-

322 3952 535 4021 simam,
565 3956 736 4023 tttagis
767 3957 1064 4012 etiamnum
1100 3961 1325 4015 charum
1371 3961 1634 4028 futurum,
1665 3963 1895 4033 ejusque

324 4046 501 4102 animo
553 4051 768 4118 penitus
822 4064 919 4106 ceu
968 4050 1219 4106 columna
1283 4070 1424 4108 aerea
1486 4054 1892 4110 inscribendum

323 4143 564 4206 spondet,
596 4142 785 4214 ἐπειδὴ
813 4143 881 4197 ἂν
909 4144 1043 4216 γένῃ
1076 4143 1211 4198 Θεοῦ
1243 4146 1337 4200 καὶ
1372 4145 1560 4216 σαφῶς
1593 4145 1856 4220 ἡμέτερος
1878 4163 1892 4177 ο

325 4235 441 4293 scil.
486 4236 671 4302 pietati
724 4238 1046 4293 Christiana:
1079 4255 1138 4293 se
1181 4250 1349 4295 totum
1388 4243 1704 4308 tradiderit;
1752 4242 1895 4311 quod

325 4325 383 4381 iu
437 4331 770 4385 carminibus
831 4332 1009 4386 dcnuo
1066 4333 1414 4395 vaticinatur,
1470 4343 1525 4389 et
1569 4350 1668 4389 ceu
1700 4336 1897 4390 entheo

322 4417 548 4485 qundam
579 4420 762 4476 furore
785 4423 1043 4490 percitus,
1072 4438 1259 4491 poema
1293 4438 1448 4477 suum
1479 4423 1680 4479 claudit
1713 4441 1727 4479 :

958 4558 1261 4632 Nspécato;
1284 4559 1651 4632 66ptpdbupo;

325 4623 723 4700 Kennaodxnat
746 4627 985 4700 τάλαντα
1000 4699 1004 4700 ί
1022 4623 1177 4700 eia-qq
1203 4623 1665 4699 ibsia'ravdcsac,

322 4694 399 4770 9t?
429 4694 896 4770 χρνσὸνῖοὶύενῖα
926 4699 1019 4751 καὶ
1057 4694 1314 4770 ἄργυρόν,
1347 4700 1467 4770 (ζῦδὲ
1498 4701 1594 4770 μὲν
1634 4700 1830 4766 ἵππους

325 4763 646 4851 grass“.
688 4768 1030 4851 πειςξρςξίεΝτοις2
1064 4763 1306 4851 ἁξῖδιὶέον
1332 4763 1758 4851 εὖχος,ς’ἕ)ςονςιςας3

327 4836 670 4910 ξῼχεΐᾶγων
698 4855 711 4867 ⁸
728 4836 953 4910 πλοῦτος
970 4840 1079 4910 γὰρ
1105 4836 1429 4910 ἀνοῦτατοςτ
1463 4836 1583 4895 avrti.
1602 4840 1658 4893 δὲ
1685 4842 1900 4900 πάντων

380 4907 621 4979 ἀργαρον
660 4908 955 4979 αἰγλήεντα
981 4907 1154 4980 μέγαν
1181 4909 1409 4981 ληῖσατο
1431 4911 1685 4983 Χριστόν.

390 5041 488 5103 His
534 5045 736 5100 addere
796 5045 999 5112 licebit,
1054 5046 1285 5116 plurima
1333 5061 1456 5103 esse
1484 5047 1682 5103 iudicia
1729 5064 1901 5117 eaque

314 5153 424 5191 non
472 5138 895 5205 contemnenda,
938 5155 1057 5208 qua:
1090 5140 1415 5211 scriptorem
1468 5142 1613 5195 hunc
1667 5139 1899 5196 Nazian-

315 5227 434 5280 zeni
465 5226 669 5282 seculo
705 5227 1013 5284 addixerint
1040 5245 1054 5282 τ
1089 5229 1343 5285 nimirum
1373 5231 1547 5300 primo
1573 5232 1625 5286 in
1657 5231 1781 5287 loco
1816 5241 1898 5288 to-

316 5330 401 5373 tus
452 5321 568 5375 fere
612 5330 699 5375 est
752 5320 805 5374 in
838 5323 1251 5389 controversiis,
1286 5339 1407 5393 quae
1459 5339 1525 5379 ea
1579 5334 1898 5395 tempestate

314 5411 370 5464 in
427 5410 673 5466 Ecclesia
725 5410 1113 5480 versabantur,
1163 5409 1590 5483 Origenistarum
1638 5412 1901 5485 intelligo,

313 5503 781 5574 Apollinariorum
824 5515 880 5561 et
914 5505 1373 5562 Eunomianorum
1409 5505 1704 5562 literesibus
1745 5506 1903 5562 refel-

312 5596 517 5652 lendis.
539 5596 794 5653 Secundo
813 5605 1074 5655 auctores
1100 5599 1274 5656 solum
1299 5602 1451 5664 citat,
1493 5600 1583 5669 qui
1618 5610 1746 5654 ante
1774 5616 1908 5670 qua-

316 5685 812 5755 dringentesimum
862 5702 1064 5742 annum
1093 5702 1124 5742 a
1161 5689 1383 5745 Christo
1433 5690 1757 5744 inclaruere.
1814 5691 1907 5744 Dc-

318 5794 472 5835 qum
506 5778 700 5845 scripti
736 5780 902 5845 ipsius
936 5784 1217 5837 charattcr
1246 5783 1702 5837 nobilissimorum
1754 5784 1904 5852 iuge—

1991 3335 2095 3384 τος
2129 3306 2286 3371 verba
2327 3315 2558 3378 factum,
2599 3313 2665 3368 de
2712 3313 3065 3384 hypostatiea—
3103 3313 3303 3365 unione
3350 3310 3566 3365 deitatis

1991 3423 2113 3462 cum
2144 3404 2482 3460 humanitate
2515 3404 2565 3457 in
2602 3418 2829 3472 persona
2879 3402 3185 3457 Servatoris
3217 3401 3385 3456 neStri
3416 3418 3597 3455 ευριπ-τ

1993 3500 2069 3551 tio
2114 3497 2415 3560 incidisset,
2463 3505 2651 3550 contra
2713 3493 3038 3548 Eunomium
3092 3505 3277 3563 apt-tte
3331 3494 3567 3561 disputat

1994 3589 2079 3644 his
2122 3590 2349 3644 verbis:
2390 3585 2664 3658 Καθαρῶς
2705 3585 2994 3656 ἀσώματος
3038 3585 3199 3655 φύσις
3256 3586 3424 3657 χωρεῖ
3471 3585 3570 3655 μὲν

1993 3678 2286 3743 ἀκωλύτως
2320 3678 2408 3732 διὰ
2454 3678 2690 3744 πάντων,
2719 3677 2785 3729 δι’
2807 3677 2979 3747 αὐτῆς
3019 3677 3076 3729 δὲ
3122 3678 3294 3741 οὐδὲν,
3327 3677 3465 3730 ὥστε
3494 3673 3571 3744 τῷ

1998 3772 2093 3843 μὲν
2125 3775 2320 3842 χωρεῖν
2345 3770 2433 3824 διὰ
2463 3772 2678 3825 πάντων
2700 3768 2961 3840 ἡνῶσθαι,
2989 3767 3067 3837 τῷ
3093 3768 3149 3820 δὲ
3180 3768 3344 3837 μηδὲν
3375 3768 3442 3820 δι’
3474 3769 3570 3819 αὖ·

1994 3861 2114 3932 τῆς,
2153 3861 2334 3933 μένειν
2373 3862 2601 3933 ἄμικτον
2657 3861 2750 3913 καὶ
2792 3859 3125 3929 detinui-0w
3161 3874 3281 3926 quae
3329 3857 3569 3924 quidem,

1996 3958 2038 4012 si
2067 3972 2128 4011 ea
2177 3962 2499 4023 tempestate
2553 3950 2835 4005 Nestorius
2879 3960 2971 4003 aut
3010 3948 3279 4021 Eutychus
3319 3949 3572 4018 dogmata

1994 4062 2090 4101 sua
2119 4045 2479 4114 evulgassent,
2518 4041 2684 4095 multo
2714 4040 3071 4111 opportunius
3126 4041 3387 4094 adversus
3422 4040 3571 4107 ipsos

1997 4136 2227 4191 fuissent
2281 4135 2574 4200 intentata;
2612 4131 2811 4201 quippe
2860 4130 2951 4199 qui
3002 4130 3213 4185 altioris
3256 4129 3412 4199 lange
3454 4131 3574 4182 sub.

1998 4228 2132 4284 sellii
2185 4225 2585 4287 bzrresiarcbar,
2614 4233 2668 4279 et
2721 4222 3043 4277 Eunomium
3084 4221 3271 4274 multis
3302 4235 3574 4290 parasan-

1998 4320 2079 4387 gis
2124 4318 2451 4388 antegressi,
2504 4327 2672 4371 totum
2704 4314 2818 4370 fere
2864 4315 3232 4369 Christianum
3265 4315 3476 4377 orbem,
3510 4328 3575 4367 o-

2009 4414 2239 4466 rientem
2273 4408 2595 4478 przesertim,
2631 4408 2937 4462 turbavere.
2982 4407 3045 4461 Et
3076 4407 3292 4476 quidem
3334 4404 3577 4474 pauculis

2008 4503 2145 4568 istis,
2189 4516 2309 4572 qua:
2338 4500 2576 4566 laudavi,
2609 4500 2808 4563 verbis,
2844 4498 3126 4567 utriusque
3174 4497 3331 4552 istius
3359 4496 3578 4551 nefaria!

2011 4596 2284 4649 haereseos
2335 4592 2581 4663 jugulum
2637 4592 2811 4661 ipsum
2868 4589 3156 4645 manifeste
3191 4589 3409 4658 petitur.
3446 4589 3578 4644 Cum

2011 4684 2151 4739 enint
2184 4683 2417 4739 Nestorii
2452 4697 2714 4737 venenum
2753 4681 2805 4735 in
2837 4682 2939 4735 hoc
2962 4681 3085 4750 poni
3114 4680 3389 4741 asserebat
3414 4679 3578 4746 Ephe-

2009 4777 2129 4830 sina
2168 4779 2428 4847 synodus,
2488 4776 2630 4844 quod
2691 4784 2939 4827 naturam
3016 4773 3309 4826 humanam
3388 4773 3580 4824 divime

2008 4866 2272 4937 ὲνωθῆναι
2318 4865 2461 4921 κατὰ
2524 4865 2707 4935 σχέσιν
2746 4865 2962 4927 dixerit,
2996 4865 3072 4917 ait
3110 4863 3410 4925 Nemesins,
3451 4862 3580 4916 reali

2008 4958 2302 5027 intimoque
2334 4974 2473 5013 nexu
2495 4958 2764 5027 conjungi,
2783 4955 2860 5027 τῷ
2893 4955 2991 5027 μὲν
3018 4957 3215 5026 χωρεῖν
3242 4952 3334 5008 διὰ
3366 4953 3583 5006 πάντων

2007 5048 2267 5120 ἡνῶσθαι.
2313 5048 2569 5115 Quiniino
2613 5048 2828 5118 quando
2859 5062 2889 5102 e
2927 5056 3117 5101 contra
3155 5044 3421 5116 Eutyches
3476 5042 3583 5097 Do-

2008 5140 2139 5196 tnini
2170 5141 2339 5195 nostri
2370 5149 2595 5196 naturas
2620 5139 2843 5194 omnino
2870 5136 3254 5202 confunderet,
3292 5135 3582 5204 ipsissiniis

2010 5230 2249 5288 Nemesii
2300 5232 2478 5287 verbis
2530 5231 2771 5302 synodus
2825 5225 3283 5284 Chalcedonensis
3314 5226 3579 5289 decernit,

2009 5326 2151 5397 quod
2203 5327 2272 5382 sit
2318 5326 2552 5398 ἄμικτος
2583 5325 2676 5378 καὶ
2703 5322 3045 5393 datiuum;-
3083 5319 3223 5387 quod
3263 5318 3465 5387 pariter
3500 5320 3584 5372 di-

2011 5415 2241 5469 cendum
2271 5416 2336 5469 de
2364 5416 2567 5489 omissa
2608 5414 2821 5484 penitus
2849 5414 2903 5466 in
2953 5412 3109 5481 longa
3142 5410 3209 5464 de
3237 5408 3408 5464 libero
3441 5410 3587 5464 arbi-

2011 5505 2114 5560 trio
2135 5504 2497 5576 disputatione
2526 5503 2908 5576 Pelagianismi
2944 5502 3233 5557 mentione.
3265 5503 3583 5571 Quanquam

2010 5596 2160 5649 enim
2227 5597 2279 5650 in
2304 5594 2593 5651 Occidente
2665 5595 3002 5667 potissimum
3051 5602 3294 5664 grassata
3356 5603 3437 5649 est
3500 5592 3584 5645 illa

2011 5686 2198 5756 pestis,
2242 5687 2473 5756 reliquas
2531 5697 2709 5741 tamen
2772 5685 2920 5741 orbis
2969 5683 3261 5740 Christiani
3339 5682 3586 5751 regiones

2015 5779 2197 5849 utique
2225 5779 2537 5844 amaverat;
2576 5780 2839 5851 siquidem
2868 5794 3008 5833 anno
3037 5778 3241 5834 Christi
3273 5775 3399 5840 415,
3431 5787 3586 5841 syno-
