4060 6210
440 344 538 404 499

1451 341 1802 397 NEMESIUS
1837 340 2218 399 EPISCOPUS
2257 337 2643 397 EMESENUS.

3597 343 3703 395 560

437 460 535 510 tius
559 457 612 509 itt
657 455 857 525 Pelagii
884 463 938 508 et
971 452 1202 508 Cazlestii
1249 467 1412 506 causa
1447 453 1683 524 Diospoli
1717 455 2018 509 Palaestina:
2049 466 2092 518 Α
2200 457 2352 524 Quod
2394 455 2459 510 ad
2495 453 2785 508 editionem
2821 454 2990 523 ipsam
3033 454 3260 518 attinet,
3306 453 3529 507 breviter
3577 470 3704 522 pro-

437 545 812 600 t-elebrabatur
875 560 889 596 :
941 544 1211 597 maturius
1273 543 1438 597 etiam
1500 546 1909 617 Hierosolymis,
1972 547 2015 601 si

437 639 627 692 Orosio
661 637 794 691 lides
857 636 909 689 itt
967 635 1148 689 libello
1187 634 1262 690 De
1291 637 1503 691 arbitrii
1531 638 1774 693 libertate
1813 640 1907 692 ita.
1943 649 2022 693 te-

437 729 620 781 stanti.

506 820 642 885 Quin
673 831 728 874 et
766 822 1045 875 mantissa:
1091 819 1210 876 loco
1243 822 1443 878 addere
1502 823 1708 887 licebit,
1750 824 2018 894 siquidem

439 925 558 976 post
590 921 842 979 quartum
898 912 1156 967 saeculum
1191 915 1590 986 προῦπάρξεως
1638 915 1830 985 dogma
1884 915 2022 970 male

439 1003 490 1056 in
526 1001 772 1058 Ecclesia
800 1002 988 1058 audire
1012 1004 1202 1074 coepit,
1236 1015 1290 1059 et
1327 1007 1542 1060 tandem
1579 1005 1874 1060 Justiniani
1905 1021 2021 1060 arvo

436 1113 464 1146 a
514 1095 722 1167 synodo
752 1096 1344 1165 Constantinopolitano
1393 1112 1617 1167 prorsus
1639 1097 2019 1164 danmabatur,

440 1189 554 1243 fieri
589 1204 693 1242 tton
732 1199 931 1256 potest,
964 1197 1021 1243 ut
1052 1189 1124 1242 ita
1153 1205 1347 1245 secure
1377 1191 1442 1243 de
1484 1191 1572 1244 illo
1607 1191 2022 1261 philosophare-

409 1266 528 1332 ‘tur
557 1279 862 1344 Nemesius,
893 1281 937 1335 si
974 1281 1268 1350 quidquam
1293 1295 1354 1335 ea
1384 1295 1448 1336 ex
1487 1294 1662 1351 parte,
1695 1283 1782 1337 illa
1812 1291 2020 1354 tempe-

437 1381 598 1437 state,
623 1389 727 1442 qua
753 1375 798 1428 is
829 1374 1143 1442 scripserat,
1181 1374 1372 1429 fuisset
1407 1375 1716 1430 definitum.

510 1464 618 1518 Sed
666 1465 732 1518 de
772 1475 992 1519 auctore
1024 1475 1209 1518 nostro
1237 1465 1505 1520 hactenus
1534 1483 1548 1532 ;
1579 1467 1644 1521 de
1669 1467 1876 1537 scripto
1906 1467 2023 1536 ipso

441 1555 694 1609 nonnulla
721 1565 1015 1626 supersunt
1046 1557 1297 1612 dicenda.
1331 1553 1398 1611 Et
1428 1558 1648 1626 quidem
1679 1559 1724 1614 si
1771 1558 2024 1614 lectionis

440 1649 699 1714 varietas,
736 1651 1026 1704 verborum
1063 1650 1323 1714 delectus,
1362 1650 1632 1704 rationum
1681 1653 1912 1720 pondus,
1935 1649 2026 1720 ju-

439 1740 560 1794 dieii
592 1751 772 1805 tenor,
823 1741 1061 1796 methodi
1117 1743 1276 1806 ordo,
1303 1739 1608 1812 disputandi
1651 1757 1902 1806 acumen,
1932 1757 2024 1794 ar-

441 1832 678 1899 guntcnti
731 1831 948 1885 demum
997 1830 1256 1900 dignitas,
1284 1843 1339 1887 et
1371 1831 1536 1900 (quod
1583 1831 1650 1884 ad
1678 1830 1908 1900 gratiam
1934 1829 2020 1883 in-
2056 1814 2099 1868 Β

441 1923 668 1976 eundaat
713 1937 819 1976 non
863 1921 998 1976 levis
1027 1931 1111 1976 est
1147 1923 1428 1994 momenti)
1465 1937 1678 1977 summa
1708 1935 1830 1975 cum
1859 1921 2022 1975 rebus

442 2013 642 2067 nostris
695 2013 1062 2075 necessitudo,
1118 2023 1404 2068 tractatum
1441 2013 1677 2090 aliquem
1727 2011 2023 2067 lectoribus

441 2103 868 2160 suiseonciliare
895 2106 1126 2175 poterit;
1164 2107 1350 2175 utique
1376 2106 1463 2161 hic
1488 2105 1651 2160 fuerit
1683 2105 1839 2176 longe
1875 2119 2023 2160 com-

443 2196 898 2252 mendatissitnus.

518 2291 746 2348 Unicum
802 2291 882 2346 vel
941 2293 1120 2347 adhuc
1173 2293 1369 2358 omisi,
1426 2292 1530 2347 hoc
1581 2302 1757 2346 tamen
1823 2289 2026 2345 saeculo

445 2383 667 2438 minime
695 2383 1130 2453 pnetereundutn
1163 2402 1176 2437 :
1213 2383 1257 2438 si
1291 2383 1342 2437 itt
1377 2382 1716 2452 philosophia
1753 2380 2021 2445 naturali,

446 2476 711 2530 medicina
770 2487 824 2530 et
877 2485 1132 2531 anatome
1185 2476 1402 2530 inventa
1449 2491 1585 2529 nova
1669 2475 1736 2529 ad
1787 2475 2025 2544 palatum

446 2565 685 2630 faciunt,
735 2580 834 2621 nec
872 2565 974 2621 hac
1024 2580 1090 2620 ex
1129 2575 1283 2634 parte
1321 2565 1691 2620 destituimur.
1746 2564 2022 2620 Habemus

449 2654 538 2709 hic
590 2664 824 2723 praete,
860 2663 915 2708 et
940 2655 1065 2724 jure
1097 2652 1296 2707 tnerito
1331 2667 1427 2720 pro
1458 2653 1656 2707 nostris
1689 2651 2027 2705 vindicamus

448 2761 512 2798 ea
540 2785 556 2806 ,
589 2756 812 2815 propter
847 2761 967 2814 quae
1000 2745 1234 2814 pridiani
1284 2744 1491 2812 aliquot
1544 2745 1596 2798 itt
1648 2759 1708 2799 re
1761 2743 2026 2798 litteraria

450 2841 638 2890 heroes
677 2835 876 2890 cristas
908 2836 1163 2905 erigunt,
1213 2845 1270 2890 et
1311 2835 1670 2888 arternitatetn
1707 2831 2026 2887 nominibus

448 2925 559 2979 suis
611 2923 879 2994 spondent
921 2924 1327 2995 postulantque.
1358 2921 1714 2977 Doctissimus
1764 2918 2009 2990 Sylvius,

451 3032 501 3070 ttt
531 3015 992 3086 disputationibus
1024 3015 1252 3071 medicis
1303 3029 1408 3068 non
1447 3013 1519 3067 ita
1562 3012 1771 3081 pridetn
1821 3010 2020 3075 editis,

449 3125 570 3163 cum
607 3109 936 3166 adversariis
967 3109 1290 3180 quibusdam
1319 3107 1455 3162 satis
1481 3106 1683 3161 acriter
1711 3104 2025 3168 contendit,

453 3202 558 3256 tttri
595 3219 658 3256 ex
695 3204 760 3256 iis
794 3173 1154 3273 ltypotheseos
1183 3199 1466 3270 cujusdam
1499 3199 1619 3253 laus
1653 3206 1707 3252 et
1738 3199 1931 3261 decus,
1965 3196 2031 3250 de
2059 3173 2102 3230 (ἶ

457 3309 555 3347 usu
587 3292 710 3348 bilis
739 3293 792 3347 itt
825 3293 1150 3361 corporibus
1185 3290 1578 3355 animantium,
1623 3289 1906 3344 debeatur.
1962 3284 2031 3342 Ut

453 3401 551 3454 pax
603 3385 860 3453 deinceps
913 3384 1054 3439 inter
1111 3399 1206 3441 eos
1259 3385 1511 3453 componi
1563 3383 1770 3452 possit,
1823 3384 2032 3444 sciant,

458 3479 609 3531 velim
631 3517 647 3544 ,
676 3493 790 3531 rem
828 3485 995 3532 totam
1028 3476 1098 3531 ab
1129 3487 1351 3531 auctore
1383 3486 1568 3532 nostro
1588 3515 1604 3540 ,
1637 3485 1764 3530 ante
1793 3475 1939 3529 mille
1984 3485 2037 3528 et

457 3580 756 3623 tercentum
793 3570 904 3623 lere
935 3584 1143 3634 annos,
1173 3583 1277 3621 non
1315 3568 1648 3637 propositam
1699 3568 1857 3622 modo
1889 3607 1902 3628 ,
1938 3565 2035 3620 sed

453 3676 504 3714 οτι
532 3671 791 3717 accurate
815 3671 1124 3715 enarratatn
1155 3703 1170 3725 ,
1199 3661 1376 3729 capite
1407 3661 1662 3714 nimirum
1691 3659 1791 3723 28,
1818 3675 1872 3728 p.
1908 3657 2036 3712 225.

457 3756 512 3808 Si
550 3757 664 3808 haec
698 3761 878 3808 autem
913 3753 1116 3808 leviora
1148 3753 1452 3820 vidcantur,
1487 3752 1616 3821 qttid
1648 3751 1861 3806 demum
1895 3751 2038 3803 dice-

458 3863 615 3910 ntns,
654 3846 698 3900 si
750 3847 886 3900 ratio
933 3845 1306 3900 circulationis
1341 3844 1657 3914 sanguinis,
1698 3844 1748 3896 itt
1785 3857 1894 3911 quo
1929 3856 2036 3894 uno

458 3941 676 3994 invento
707 3939 964 3993 satculum
997 3939 1098 3992 hoc
1131 3946 1412 4006 tantopere
1443 3953 1502 3992 se
1547 3935 1697 3990 edert
1726 3977 1740 4000 ,
1791 3935 2041 3989 Nemesio

459 4033 658 4084 .ludutn
685 4029 756 4082 sit
775 4029 978 4098 agnita,
1007 4028 1296 4097 verbisque
1323 4027 1456 4081 satis
1484 4025 1826 4096 signantibus
1853 4023 2040 4076 adum-

461 4121 658 4174 brata?
690 4120 949 4176 Consulat
996 4121 1167 4174 lector
1195 4135 1315 4189 cap.
1349 4118 1420 4172 ‘24
1443 4160 1458 4184 ,
1493 4134 1544 4188 p.
1576 4117 1713 4180 9.09,
1747 4127 1801 4172 et
1845 4115 2044 4184 dijudi-

461 4225 574 4276 t-et,
615 4228 742 4266 num
778 4223 981 4267 temere
1013 4213 1130 4266 haec
1159 4213 1430 4267 dicantur.
1479 4213 1522 4265 A
1575 4209 1820 4280 pluribus
1857 4222 2044 4262 recen-

461 4309 644 4362 sendis
676 4309 1041 4376 supersedeo;
1077 4309 1179 4362 hoc
1212 4317 1418 4362 tantum
1453 4321 1596 4361 nunc
1623 4306 1868 4374 agimus,
1899 4304 2042 4372 quod

425 4407 429 4412 '
461 4400 696 4468 propolae
727 4401 960 4464 faciunt,
998 4401 1089 4470 qui
1116 4401 1381 4455 Attalicas
1413 4410 1588 4454 vestes
1625 4411 1676 4452 et
1711 4397 1915 4450 Milesia
1948 4412 2043 4465 pe~

465 4493 773 4546 ristrontata
809 4493 1014 4545 venalia
1048 4503 1354 4561 propomtnt
1383 4509 1398 4547 :
1441 4490 1632 4559 tapetis
1668 4489 1896 4558 alicujus
1921 4503 2046 4541 oras

467 4581 844 4650 linthriatnque
871 4583 1247 4645 ostendimus,
1283 4599 1386 4637 non
1424 4581 1696 4636 volumina
1728 4579 1911 4633 omnia
1946 4579 2044 4633 ob-

458 4673 676 4744 jiciuttts
709 4685 762 4728 et
796 4673 1149 4739 explicamus.

537 4767 804 4818 Audacter
833 4767 1094 4830 dixerint,
1132 4768 1368 4837 quisquis
1409 4767 1753 4836 hypomnenta
1801 4766 1897 4815 hoc
1943 4779 2044 4815 non

467 4877 681 4928 prorsus
720 4861 1039 4930 negligenter
1072 4862 1310 4915 evolvet-lt
1339 4902 1352 4924 ,
1390 4877 1506 4914 eum
1541 4859 1770 4928 plurima
1808 4865 2043 4924 repertu-

469 4969 614 5016 rum,
648 4969 811 5024 eaque
844 4969 946 5006 non
977 4952 1101 5006 levis
1130 4956 1408 5018 momenti,
1442 4970 1557 5023 (Iure
1587 4954 1728 5020 apud
1762 4949 2046 5003 neotericos

471 5045 746 5112 magistros
767 5085 781 5108 ,
833 5045 1020 5113 quibus
1049 5045 1278 5098 solemne
1305 5045 1530 5097 Itnbetnr
1566 5043 1793 5096 scribere
1822 5054 2042 5107 semper,

475 5150 736 5198 antiquam
771 5136 940 5206 legere
965 5178 978 5202 ,
1013 5137 1225 5189 omnino
1267 5155 1394 5187 nam
1432 5135 1763 5189 t'itlebnntttr.

2127 550 2305 615 ﬁteor,
2353 563 2439 601 me
2497 547 2546 600 id
2595 547 2805 615 egisse,
2861 558 2920 601 ut
2963 546 3165 600 librum
3207 546 3517 614 egregium,
3571 563 3704 614 pau-

2126 641 2208 695 cis
2272 639 2564 694 admodum
2611 638 2918 708 cognitum,
2971 645 3025 691 et
3063 644 3157 690 aut
3208 638 3316 692 situ
3361 637 3705 707 tenebrisque

2125 733 2401 796 obsitum,
2454 741 2547 786 aut
2595 731 2788 786 saltem
2841 731 2892 784 in
2956 729 3178 783 Patrum
3227 729 3550 783 Bibliotheca
3605 732 3705 786 Sub

2127 833 2279 878 arcta
2336 822 2581 878 custodia
2641 821 2917 885 habitum,
2978 831 3034 875 et
3089 821 3338 877 servilem
3394 822 3445 876 itt
3497 837 3704 877 morem

2125 926 2476 981 catenatum,
2511 915 2760 970 libertate
2801 918 3058 968 donarem
3087 954 3102 977 ,
3143 925 3197 969 et
3236 915 3492 970 studiosae
3513 913 3699 981 juven-

2131 1010 2261 1064 tutis
2299 1007 2555 1063 familiari
2597 1005 2872 1062 convictui
2916 1007 3351 1062 commendantur
3401 1007 3702 1063 redderem.

2129 1098 2388 1166 Quinimo
2416 1099 2662 1153 laxatum
2692 1109 2856 1162 eunt,
2887 1097 3193 1167 saepiusque
3237 1095 3520 1163 mutilum,
3566 1100 3705 1153 duo-

2127 1207 2247 1246 rum
2296 1206 2428 1247 mss.
2459 1205 2561 1260 ope
2585 1230 2600 1255 ,
2637 1204 2737 1244 nec
2769 1201 2876 1244 non
2912 1193 3194 1245 auctorum
3223 1188 3538 1255 collatione,
3571 1207 3710 1261 quos

2129 1295 2221 1338 attt
2253 1284 2368 1352 ipse
2395 1283 2599 1352 passim
2630 1281 2845 1346 laudat,
2875 1291 2966 1335 aut
2994 1281 3084 1351 qui
3114 1281 3287 1352 ipsum
3316 1283 3705 1353 ceutpilarunt,

2129 1375 2361 1430 subinde
2391 1374 2732 1429 restituerem
2765 1389 2779 1438 ;
2831 1371 3102 1427 recensita
3137 1371 3428 1441 aliquando
3450 1414 3466 1439 ,
3499 1373 3585 1426 ubi
3622 1389 3710 1428 res

2130 1467 2181 1520 id
2209 1465 2448 1520 maxime
2484 1463 2822 1534 postulabat,
2856 1474 2911 1518 et
2941 1479 3039 1533 per
3079 1463 3252 1519 otium
3286 1464 3473 1530 licuit,
3520 1464 3706 1519 Latina

2129 1561 2412 1625 versione,
2477 1553 2917 1626 adjectis'etiam
2965 1555 3289 1626 quibusdam
3341 1558 3708 1612 annotationi-

2132 1652 2236 1706 bus
2270 1667 2285 1715 ;
2319 1666 2442 1720 qua:
2465 1650 2646 1704 omnia
2697 1649 2886 1719 quanti
2926 1649 3035 1704 sint
3086 1647 3268 1719 pretii,
3326 1660 3565 1705 nostrum
3603 1667 3710 1704 non

2137 1744 2303 1800 fuerit
2337 1743 2714 1814 pronuntiare.

2207 1853 2261 1911 Is
2301 1869 2440 1912 certe
2471 1868 2582 1910 erat
2619 1866 2805 1911 auctor
2837 1866 3032 1921 noster,
3061 1857 3152 1926 qui
3177 1855 3395 1911 editoris
3429 1856 3715 1927 diligentis.

2137 1950 2258 2004 simi
2287 1963 2443 2002 curas
2470 1948 2695 2018 exigeret
2722 1965 2743 2000 :
2774 1963 2876 2000 non
2915 1947 3097 2017 quales
3127 1964 3256 2003 meae
3296 1948 3541 2017 fuerant,
3573 1949 3714 2002 alio-

2135 2056 2250 2092 rum
2275 2039 2511 2093 arbitrils
2536 2046 2783 2108 perpetuo
2817 2039 3057 2092 obnoxia!
3077 2081 3091 2107 ,
3124 2047 3172 2091 et
3204 2039 3425 2108 proinde
3456 2041 3714 2094 intercisa:

2133 2148 2353 2200 semper,
2385 2141 2434 2186 et
2464 2131 2792 2186 desultorite.

2203 2271 2273 2324 At
2313 2269 2451 2338 :equi
2488 2267 2722 2337 bonique
2755 2267 3004 2323 consulat
3034 2269 3243 2323 amicus
3273 2267 3460 2335 lector,
3489 2273 3544 2324 et
3575 2269 3719 2325 inter

2136 2361 2421 2430 legendum
2457 2358 2654 2428 sapius
2687 2356 3030 2422 meminerit,
3061 2371 3214 2411 suam
3247 2357 3335 2412 hic
3367 2357 3565 2428 ubique
3600 2373 3716 2413 rem

2135 2453 2220 2524 agi
2253 2470 2266 2518 ;
2305 2451 2424 2507 scil.
2461 2451 2550 2504 hic
2576 2450 2676 2506 Ιοδί
2724 2449 3006 2516 exhiberi,
3037 2465 3143 2504 non
3190 2449 3570 2517 Qartesianunt
3613 2465 3714 2504 au-

2135 2553 2407 2608 tomaton,
2453 2543 2671 2598 tictiletn
2727 2550 2950 2606 testam,
3005 2541 3310 2612 ligneamve
3371 2542 3714 2605 machinam,

2135 2652 2255 2707 quae
2283 2635 2464 2691 szeculi
2499 2633 2658 2704 hujus
2710 2632 3017 2689 Promethei
3053 2642 3107 2689 et
3132 2633 3353 2689 fabriles
3385 2633 3581 2688 Daedali
3617 2637 3718 2687 titt-

2136 2743 2308 2795 xere;
2355 2727 2448 2782 sed
2485 2726 2662 2780 vivam
2707 2725 2800 2780 Dei
2836 2724 3071 2780 viventis
3102 2725 3432 2796 imaginem,
3481 2725 3715 2778 numinis

2135 2819 2525 2888 omnipotentis
2571 2832 2868 2888 ectypum;
2926 2831 3046 2885 quae
3108 2818 3292 2872 mundi
3354 2817 3712 2872 architectum

2138 2912 2411 2976 Condere,
2468 2911 2758 2981 virumque
2797 2911 3169 2966 Christianum
3209 2911 3524 2966 describere
3551 2949 3565 2972 ,
3607 2925 3714 2961 non

2138 3008 2438 3061 detleceret.
2473 3006 2575 3060 Alii
2603 3007 2668 3058 ad
2698 3006 2975 3074 speculum
3008 3018 3068 3058 se
3101 3003 3558 3074 cantetnplentur,
3601 3002 3719 3072 pal-

2139 3101 2334 3170 pebras
2367 3097 2672 3169 intingant,
2710 3099 2901 3153 dentes
2939 3099 3269 3162 instaurettt,
3311 3096 3504 3150 faciem
3549 3095 3720 3149 ωειῑὶ-

2138 3204 2352 3259 centnr,
2393 3192 2748 3262 capillitium,
2788 3191 2986 3260 duplici
3029 3191 3248 3245 nomine
3300 3184 3572 3253 alienum,
3621 3203 3717 3240 ve-
3780 3172 3798 3190 ³

2140 3295 2260 3340 xenl
2300 3295 2734 3354 torqueantque;
2776 3293 2829 3338 tu
2878 3285 3122 3347 interim,
3155 3283 3307 3338 bona:
3345 3282 3543 3336 mentis
3577 3280 3721 3335 Can-

2127 3377 2341 3443 didate,
2367 3377 2432 3429 ad
2463 3377 2841 3445 politissimum
2876 3379 2978 3431 hoc
3011 3377 3319 3446 κάτοπτρον
3344 3375 3572 3443 teipsum
3606 3373 3722 3426 exi-

2141 3484 2272 3538 gas,
2313 3469 2562 3538 corporis
2599 3484 2766 3537 opes,
2809 3469 3004 3524 animm
3039 3469 3429 3538 pratrogativas
3452 3508 3465 3531 ,
3509 3473 3724 3520 natura;

2141 3561 2410 3615 universa:
2439 3560 2618 3616 dotem
2647 3601 2662 3626 ,
2698 3562 2750 3614 iu
2781 3560 2992 3616 tabulas
3019 3571 3182 3630 atque
3215 3575 3440 3614 censum
3475 3557 3679 3612 releras
3705 3576 3720 3611 :

2135 3652 2448 3722 pudeatque
2472 3653 2712 3707 divinum
2739 3653 2939 3707 animal
2964 3695 2976 3716 ,
3003 3651 3199 3706 summi
3230 3651 3468 3706 numinis
3489 3693 3502 3716 ,
3537 3650 3722 3704 mundi

2143 3745 2411 3810 universi,
2445 3746 2700 3816 quodque
2732 3745 2839 3802 illis
2878 3746 3185 3816 proximum
3213 3786 3228 3811 ,
3264 3744 3344 3800 sui
3376 3743 3545 3811 ipsius
3587 3757 3722 3798 con-

2146 3835 2478 3906 tentplatioui
2518 3848 2725 3901 natum,
2780 3837 2846 3890 ad
2881 3839 3160 3891 brutorum
3193 3835 3373 3891 studia
3401 3844 3456 3890 et
3486 3834 3725 3889 delecta.

2145 3938 2326 3982 utenta
2384 3928 2736 3984 descendere.
2793 3927 2934 3993 Quin
2975 3929 3190 3996 dignam
3231 3927 3506 3980 natalibus
3541 3938 3726 3979 sumas

2145 4018 2452 4089 superbiam
2485 4035 2498 4082 ;
2544 4019 2768 4081 divitiis,
2809 4019 3128 4081 honoribus,
3165 4017 3562 4086 voluptatibus,
3600 4030 3725 4070 cor-

2149 4109 2405 4179 porisque
2445 4109 2718 4164 illecebris
2757 4108 3171 4177 quibuscnnquc
3211 4109 3438 4177 insuper
3480 4109 3715 4173 habitis,

2148 4202 2432 4256 veritatem
2465 4211 2520 4255 et
2554 4201 2808 4256 virtutem
2843 4201 3055 4254 ambias
3089 4200 3247 4254 unice
3285 4209 3340 4252 et
3371 4199 3725 4254 consecter-is.

2148 4291 2380 4345 Tantum
2417 4301 2466 4345 te
2498 4291 2550 4344 itt
2585 4290 2812 4345 scientia
2849 4291 3145 4359 profecisse
3184 4289 3377 4344 credas
3402 4329 3416 4353 ,
3460 4300 3724 4355 quantum

2149 4385 2200 4437 itt
2237 4383 2480 4437 moribus
2518 4381 2688 4436 lueris
2725 4383 3105 4448 emendatior;
3147 4398 3212 4437 eo
3253 4397 3424 4450 usque
3463 4382 3725 4444 doctum,

2152 4479 2202 4530 itt
2242 4486 2502 4546 quantum
2544 4477 2745 4531 bonum
2776 4519 2792 4543 ,
2834 4477 2905 4530 ita
2939 4475 3347 4545 philosomtum,
3383 4484 3440 4528 ut
3468 4470 3728 4528 Christia-

2081 4601 2122 4655 υ
2155 4585 2302 4622 ttttttt.
2364 4565 2625 4622 Parentes
2675 4567 2892 4636 quidem
2952 4567 3119 4620 nostri
3181 4574 3510 4634 praepostera
3560 4563 3682 4628 gula
3713 4602 3729 4625 ,

2155 4661 2465 4731 priusquam
2545 4661 2666 4714 vita:
2745 4659 2992 4713 arborem
3053 4655 3417 4719 tlelibassent,
3488 4652 3732 4706 scientize

2157 4757 2365 4807 t'tuctus
2406 4753 2765 4815 devorantes,
2808 4759 3036 4804 mortem
3077 4749 3177 4802 sibi
3231 4747 3571 4818 posterisque
3616 4745 3734 4798 suis

2155 4847 2523 4907 arcessivere;
2569 4861 2664 4899 nos
2716 4845 2832 4898 vice
2882 4857 3035 4896 versa
3085 4841 3437 4898 scientiarum
3489 4836 3734 4893 surculus

2159 4943 2280 4992 vine
2339 4939 2516 4992 arbori
2577 4939 2911 5002 inserentes,
2959 4952 3060 4991 non
3103 4937 3364 4990 innocuas
3403 4932 3594 4995 modo,
3635 4932 3726 4984 sed

2154 5044 2207 5085 t-t
2264 5032 2526 5085 salutares
2569 5033 2763 5099 dapes,
2809 5031 2916 5084 into
2972 5030 3328 5083 :etcrnitatcm
3367 5026 3536 5092 ipsam
3595 5035 3729 5090 epu-

2156 5126 2400 5178 labimur
