4082 6212
549 310 665 383 ὕἾΞ.

1943 325 2001 383 s.
2046 308 2400 386 EPlPtlANtr

3726 340 3837 396 576

544 435 887 508 singulorum
920 452 981 493 se
1016 444 1204 496 aetates
1234 442 1664 501 accommodans
1702 445 1968 516 paulatim
2014 463 2128 506 eru-

2244 453 2338 506 xatl.
2362 452 2570 528 ἑκάστῃ
2596 452 2786 526 ἡλικίᾳ
2802 454 3180 528 ἁρμοζᾶμενος
3203 457 3494 530 προϐαίνει
3515 459 3583 532 τῇ
3608 462 3839 536 παιδείᾳ

544 527 678 591 diat,
715 541 815 582 nec
847 526 1112 584 infantem
1154 528 1347 586 eadem
1395 546 1507 603 qua
1548 531 2020 593 adolescentulum
2048 539 2133 594 di-

543 616 830 686 sciplinam
881 619 1196 686 contineat,
1245 637 1347 678 nec
1397 623 1871 684 adolescentulum
1906 632 2137 702 perinde

542 722 608 761 ac
658 707 951 776 juvenem,
1000 720 1097 765 aut
1153 711 1301 768 hunc
1350 723 1410 770 ut
1469 717 1696 774 robusta
1726 718 1841 789 jam
1880 737 1945 777 ac
1991 723 2136 780 virili

543 807 699 855 :etate
742 811 1017 858 coerceat.
1044 804 1304 869 Quinimo
1363 808 1623 865 tenellum
1655 811 1870 878 adhuc,
1894 830 1957 870 ac
1999 832 2138 887 pene

544 887 833 947 lactentem
885 893 1057 965 digito
1107 898 1377 968 castigat;
1436 903 1729 972 puerulum
1797 921 1927 961 vero
1971 909 2135 978 paulo

544 984 893 1053 grandiorem
942 989 1200 1060 colapho,
1250 991 1385 1048 loris
1439 993 1950 1066 adolescentulum,
1978 1001 2138 1071 juve-
2178 1036 2185 1041 ι

542 1093 669 1132 nem
699 1079 871 1150 virgis
900 1080 1174 1154 objurgat.
1218 1082 1391 1142 Porro
1420 1087 1513 1142 ubi
1554 1090 1637 1144 vir
1667 1090 1810 1147 inter
1840 1091 1987 1149 viros
2012 1109 2137 1151 esse

542 1171 730 1242 carpit,
762 1173 809 1227 si
832 1175 1056 1243 gravius
1083 1177 1345 1246 quiddam
1379 1177 1696 1251 deliquerit,
1720 1183 1905 1255 gladio
1924 1201 1988 1241 ex
2021 1186 2137 1257 lege

543 1264 937 1334 plectetur.lta
985 1266 1256 1327 Dominus
1304 1272 1607 1345 unicuique
1655 1275 1938 1334 hominum
1984 1281 2136 1336 aetati

543 1362 912 1412 consentanea
941 1362 1294 1431 praescripsit.
1326 1364 1539 1434 Quippe
1571 1375 1780 1424 veteres
1811 1369 1969 1436 illos,
2012 1379 2136 1427 tan-

542 1461 706 1515 quam
744 1462 868 1502 cum
902 1453 1174 1520 puerulis,
1220 1469 1286 1510 ac
1317 1456 1425 1511 vim
1474 1460 1652 1514 sancti
1695 1459 1937 1532 Spiritus
1976 1466 2136 1535 igno-

541 1539 794 1594 rantibus
835 1551 1054 1612 ageret,
1097 1555 1244 1601 metu
1277 1563 1342 1602 ac
1383 1557 1594 1607 terrore
1634 1552 1960 1624 castigabat.
1992 1554 2134 1610 Tum

542 1632 968 1700 perfectioribus
996 1638 1326 1708 perfectiora
1359 1646 1617 1716 mysteria
1651 1649 1961 1719 proposuit.
1997 1648 2134 1704 Nam

543 1724 597 1779 in
623 1726 785 1797 227
810 1727 1103 1801 Evangelio
1126 1734 1332 1802 passim
1361 1736 1436 1790 ita
1453 1737 1758 1809 discipulos
1774 1742 2134 1812 compellasse

538 1815 741 1888 legitur
768 1839 781 1874 :
808 1818 1042 1877 Nescitis
1070 1826 1198 1895 quid
1227 1827 1391 1897 facio,
1426 1830 1607 1884 scietis
1649 1841 1825 1887 autem
1863 1842 2046 1903 postea
2075 1835 2128 1899 ⁸,

2235 1833 2384 1888 ἐστιν
2431 1832 2569 1889 ὅταν
2594 1837 2791 1892 τέλειοι
2832 1815 3103 1910 γένησθεζ
3145 1840 3241 1894 καὶ
3276 1815 3475 1895 πάλιν·
3515 1844 3639 1897 Οὐκ
3672 1841 3842 1911 ἤδει-
3940 1847 3955 1855 ”

539 1907 803 1965 nimirum
837 1926 961 1967 cum
1009 1913 1370 1984 perfectiores
1406 1920 1582 1977 eritis.
1616 1920 1747 1978 Item
1794 1925 1931 1980 illud
1970 1945 1981 1981 :
2018 1924 2129 1981 Ne-

538 1999 809 2066 sciebant,
839 2003 1002 2060 donec
1038 2024 1072 2060 a
1107 2011 1331 2064 mortuis
1364 2025 1656 2083 resurgeret
1681 2018 1724 2070 ³.
1765 2014 1856 2070 Sic
1901 2025 1955 2072 et
1986 2016 2130 2074 Pau-

537 2092 626 2149 lus
664 2111 676 2147 :
712 2090 965 2150 Nondum
1003 2098 1146 2152 enim
1194 2104 1451 2168 poteratis
1478 2143 1492 2169 ,
1547 2105 1639 2160 sed
1688 2124 1781 2162 nec
1832 2108 2005 2165 adhuc
2034 2128 2129 2182 po-

543 2185 693 2239 testis
729 2185 793 2241 ':
843 2195 903 2241 ut
940 2191 1283 2261 ostenderet,
1331 2196 1755 2266 procedentibus
1787 2205 2129 2274 temporibus

545 2276 874 2344 perfectiora
923 2280 1042 2337 dari
1088 2296 1394 2355 praecepta;
1428 2305 1551 2360 quae
1604 2290 1733 2347 licet
1777 2294 1968 2350 eadem
2019 2298 2131 2352 sint

546 2384 784 2439 semper,
823 2373 984 2429 aliam
1012 2377 1373 2436 nihilominus
1422 2385 1692 2441 rationem
1726 2385 1991 2454 induunt,
2031 2405 2131 2447 nec

538 2463 733 2521 eodem
802 2467 1123 2537 junioribus
1186 2490 1297 2544 quo
1334 2475 1580 2534 robustis
1620 2480 1784 2535 modo
1821 2489 2133 2553 temperan-

538 2565 646 2612 tur.
695 2558 830 2615 Cum
878 2564 1022 2618 enim
1068 2566 1206 2637 legis
1247 2569 1364 2625 inec
1397 2581 1547 2628 esset
1580 2574 1816 2629 formula
1853 2594 1866 2630 :
1902 2576 2130 2632 Oculum

537 2663 634 2716 pro
679 2651 867 2716 oculo,
916 2668 1027 2708 non
1078 2654 1219 2710 dixit
1250 2676 1263 2711 :
1294 2657 1487 2716 Eruite
1520 2661 1742 2717 oculum
1791 2680 1893 2734 pro
1929 2668 2129 2734 oculo;

539 2738 669 2803 sed,
715 2741 761 2796 si
812 2744 939 2810 quis
988 2746 1210 2801 oculum
1251 2750 1492 2816 eruerit,
1539 2754 1591 2808 ei
1637 2755 1832 2812 oculus
1881 2768 2125 2814 eruetur.

540 2828 663 2885 Ideo
698 2832 930 2901 quilibet
976 2843 1036 2889 ut
1081 2840 1300 2911 corpori
1329 2857 1432 2897 suo
1464 2846 1813 2913 consuleret,
1848 2850 2129 2907 maxillam

537 2923 843 2979 verberanti
874 2928 1182 2996 praebebat,
1215 2948 1322 2988 non
1354 2934 1471 3005 ipse
1496 2937 1842 2996 verberabat.

610 3013 728 3080 Qua
765 3018 976 3075 ratione
1025 3021 1143 3091 jam
1177 3030 1291 3079 tum
1339 3041 1405 3081 ea
1459 3029 1846 3098 servabantur,
1895 3049 2019 3105 quae
2071 3035 2126 3091 in

457 3111 461 3115 '
538 3101 832 3176 Evangelia
864 3109 1028 3165 modo
1057 3118 1167 3166 tam
1196 3117 1401 3185 apertis
1430 3119 1610 3175 verbis
1648 3101 1927 3195 concepta:
1945 3134 2076 3181 sunt
2108 3146 2123 3183 :

2246 545 2342 598 καὶ
2378 545 2478 599 οὐκ
2513 546 2645 611 ίσως
2668 547 2730 601 τὸ
2773 549 2968 621 μικρὸν
3012 548 3212 623 βρέφος
3250 551 3494 606 παιδεύει
3524 553 3604 626 τῷ
3640 573 3840 629 μειρα-

2241 636 2366 709 κίῳ,
2397 636 2521 691 οὐδὲ
2549 637 2609 692 τὸ
2644 638 2930 711 μειράκιον
2978 640 3241 707 ὡσαύτως
3269 642 3349 715 τῷ
3385 645 3678 718 νεανίσκῳ,
3716 649 3837 704 οὐδε

2238 728 2332 783 τὸν
2404 730 2623 785 νεανίαν
2677 729 2756 803 τῷ
2808 731 3001 804 τελείῳ
3036 733 3208 805 ἀνδρί.
3253 735 3414 790 Ἀλλὰ
3450 738 3530 809 τῷ
3565 740 3670 811 μὲν
3707 742 3833 796 ὑπο-

2239 819 2430 892 τιτθίῳ
2460 820 2548 876 διὰ
2577 821 2841 876 δακτύλου
2881 823 3098 878 παιδεία
3124 826 3357 895 γίνεται,
3392 829 3592 901 παιδίῳ
3623 831 3683 886 δὲ
3710 836 3829 904 μεί-

2239 908 2356 974 ξονι
2380 911 2471 966 διὰ
2498 913 2681 985 χειρὸς
2713 912 3077 986 ῥαπίσματος,
3104 919 3378 990 μειρακίῳ
3400 918 3458 972 δὲ
3490 920 3581 974 διὰ
3612 921 3834 992 ίμάντος

2240 1005 2509 1078 νεανίσκῳ
2565 1006 2654 1060 διὰ
2700 1007 2922 1079 ῥάϐδου,
2957 1009 3119 1081 ἀνδρὶ
3152 1009 3211 1064 δὲ
3247 1009 3529 1081 ἐκδίκησις
3559 1012 3673 1067 τῶν
3715 1032 3835 1086 μει-

2241 1096 2408 1162 ζόνων
2472 1101 2940 1170 παραπτωμάτων
2995 1101 3243 1175 μάχαιρα
3293 1103 3383 1158 διὰ
3425 1104 3626 1176 νόμου·
3692 1106 3837 1162 οὕτω

2237 1188 2336 1245 καὶ
2387 1191 2417 1243 6
2468 1190 2674 1263 Κύριος
2707 1191 2839 1264 ἑξῆς
2873 1196 3184 1266 ἐνομοθέτει
3213 1197 3420 1269 ἑκάστῃ
3454 1201 3617 1271 γενεᾷ
3664 1201 3839 1273 ἁρμὸς

2238 1278 2422 1344 ζοντα.
2488 1282 2762 1349 Ἐκείνους
2813 1285 2912 1356 μὲν
2969 1286 3079 1360 γὰρ
3133 1288 3286 1360 φόϐῳ
3334 1289 3725 1363 ὲσωφρόνιζεν,
3764 1293 3841 1358 ὡς

2237 1371 2473 1437 παιδίοις
2516 1378 2737 1447 μικροῖς
2769 1376 3173 1451 διαλεγόμενος,
3210 1381 3307 1435 καὶ
3338 1381 3594 1458 ἀγνοοῦσι
3621 1385 3726 1457 τὴν
3745 1385 3845 1438 δύ-

2238 1481 2403 1536 ναμιν
2457 1466 2551 1520 τοῦ
2589 1468 2746 1537 ἁγίου
2787 1469 3108 1542 Πνεύματος
3131 1489 3144 1505 ·
3175 1474 3303 1538 τοὺς
3351 1473 3410 1527 δὲ
3454 1474 3719 1540 τελείους,
3752 1493 3846 1530 τε·

2237 1555 2398 1611 λείων
2455 1542 2617 1628 ἠξίου
2653 1563 2993 1634 μυστηρίων.
3026 1565 3138 1619 Καὶ
3167 1567 3225 1618 ὲν
3256 1566 3336 1637 τῷ
3376 1567 3699 1640 Εὐαγγελίῳ
3727 1567 3848 1640 γὰρ

2237 1646 2382 1701 οὕτω
2438 1666 2557 1712 πως
2613 1649 2759 1721 λέγει
2806 1657 2921 1718 τοῖς
2962 1655 3230 1727 μαθηταῖς
3271 1658 3329 1711 ὲν
3369 1657 3584 1723 πολλοῖς
3610 1659 3843 1724 τόποιςο

2250 1743 2372 1795 Οὐκ
2402 1740 2603 1797 οῖδατε
2636 1745 2695 1797 τί
2738 1745 2918 1799 ποιῶ·
2946 1747 3292 1818 ὕστερονδὲ
3318 1748 3650 1820 γνώσεσθε,
3683 1768 3845 1805 τουτ-

2229 1950 2373 2000 oar,
2407 1935 2519 2001 ἕως
2572 1930 2799 1999 ἀνέστη
2840 1932 2909 1985 ἐκ
2942 1930 3063 1986 τῶν
3103 1933 3367 2002 νεκρῶνσ
3404 1935 3433 1989 6
3477 1934 3536 1988 δὲ
3580 1935 3801 2001 Παῦλος
3824 1957 3838 1971 ~

2233 2027 2409 2081 Οὔπω
2461 2027 2574 2098 γὰρ
2636 2024 2969 2094 ἠδύνασθε,
3017 2026 3155 2080 ἀλλ’
3212 2026 3356 2082 οὐδὲ
3396 2027 3484 2081 ἔτι
3532 2027 3839 2084 δύνασθε’

2236 2117 2474 2182 δεικνὺς,
2520 2117 2601 2170 ὅτι
2652 2116 2859 2188 καιρῶν
2888 2118 3189 2187 προϊόντων
3228 2118 3566 2194 τελειότεραι
3596 2121 3840 2189 ἐντολαὶ,

2229 2204 2388 2264 οὖσαι
2439 2209 2537 2280 μὲν
2585 2210 2642 2262 al
2699 2209 2884 2273 αὐταὶ,
2923 2209 3395 2281 μεταϐαλλόμεναι
3438 2212 3496 2266 δὲ
3526 2215 3607 2276 είς
3635 2214 3843 2285 ἑτέραν

2233 2300 2418 2370 σχέσιν
2442 2319 2455 2331 ·
2485 2300 2621 2355 ἀλλὰ
2659 2304 2773 2365 τοῖς
2815 2301 2957 2364 νέοις
2992 2301 3094 2373 μὲν
3130 2300 3307 2367 ἄλλως
3334 2302 3838 2377 σχηματιζόμεναι,

2232 2390 2437 2463 ἑτέρως
2486 2391 2543 2445 δὲ
2594 2394 2708 2457 τοῖς
2738 2392 3157 2465 ὲντελεστέροις.
3200 2395 3598 2467 Νομοθετήσας
3649 2395 3762 2469 γὰρ
3808 2399 3839 2450 6

2228 2484 2393 2555 νόμος
2425 2484 2526 2555 (7),
2566 2486 2909 2555 Ὀφθαλμὸν
2935 2486 3071 2541 ἀντὶ
3092 2487 3427 2558 ὀφθαλμοῦ,
3445 2489 3546 2543 οὐκ
3563 2484 3719 2543 εἶπεν
3738 2489 3841 2543 αὒ-

2230 2578 2375 2640 τοῖς’
2442 2576 2763 2632 Ἐκϐάλλετε
2806 2577 3083 2650 ὀφθαλμὸν
3135 2580 3257 2634 ἀντὶ
3307 2579 3622 2652 ὀφθαλμοῖν
3675 2581 3819 2647 ἀλλ’,

2244 2668 2373 2722 Ἐὰν
2407 2667 2615 2742 ἐκϐάλῃ
2648 2686 2731 2733 τις
2744 2669 3042 2741 ὀφθαλμὸν,
3060 2669 3463 2743 ἐκϐληθήσεται
3494 2674 3523 2725 6
3552 2663 3837 2742 ὀφθαλμὸς

2230 2761 2327 2816 τοῦ
2370 2761 2718 2827 ἐκϐαλόντος.
2772 2763 3041 2827 Ἕκαστος
3086 2762 3164 2829 δὲ,
3207 2762 3522 2834 φειδόμενος
3561 2763 3658 2818 τοῦ
3697 2764 3833 2819 ἰδίου

2234 2854 2508 2925 σώματος,
2546 2853 2839 2925 παρεδίδου
2867 2854 2967 2925 τὴν
2997 2854 3225 2925 σιαγόνα
3251 2855 3569 2923 τύπτεσθαι,
3600 2857 3698 2911 καὶ
3726 2858 3833 2911 οὐκ

2233 2946 2454 3000 ἔτυπτε.

2302 3039 2414 3093 Καὶ
2453 3038 2564 3094 ἀπὸ
2582 3039 2703 3094 τότε
2731 3041 3064 3110 ἐφυλάττετο
3096 3041 3274 3098 τὰνῦν
3308 3045 3367 3098 ἐν
3402 3042 3480 3115 τῷ
3509 3042 3835 3115 Εὑαγγελίῳ

2231 3130 2521 3203 τηλαυγῶς
2582 3132 2870 3204 εἰρημένα,
2907 3133 3029 3187 τότε
3064 3135 3161 3207 μὲν
3199 3135 3436 3208 ἀνάγκη,
3459 3134 3534 3198 ὼς
3560 3134 3698 3189 νέων
3725 3152 3834 3188 σω·-

539 3212 664 3251 cum
694 3215 759 3253 eo
788 3208 971 3258 tamen
1001 3204 1341 3274 discrimine,
1377 3215 1522 3282 quod
1557 3216 1631 3269 illi
1662 3228 1809 3272 metu
1842 3234 1907 3273 ac
1937 3237 2128 3277 neces-

2232 3190 2659 3295 φρονιέομένων,
2693 3190 2804 3278 ’νῦν
2852 3190 2910 3276 δὲ
2966 3190 3450 3297 προαιρέσει,ιᾷῖᾷ
3493 3190 3559 3298 δὴ
3600 3224 3833 3280 τελείων

542 3290 701 3345 sitate
737 3292 883 3346 velut
923 3293 1304 3356 adolescentes
1348 3301 1403 3357 in
1443 3304 1620 3360 ollicio
1659 3311 2044 3379 continentur,
2073 3314 2125 3368 hi

542 3388 730 3451 utpote
761 3383 1085 3442 confirmata
1127 3389 1242 3458 jam
1274 3398 1434 3450 aetate
1479 3406 1673 3467 sponte
1704 3416 1803 3454 sua
1834 3416 1898 3456 ac
1936 3404 2127 3459 volun-

541 3482 650 3528 tate
681 3477 1083 3549 obtemperent.
1114 3481 1185 3536 At
1214 3487 1359 3540 enim
1389 3492 1669 3546 contraria
1697 3493 1802 3549 ista
1829 3495 2122 3552 videntur:

542 3565 767 3622 Oculum
797 3586 894 3639 pro
915 3573 1066 3627 oculo
1087 3615 1102 3641 ,
1128 3584 1183 3632 et
1204 3576 1611 3639 interfectorem
1640 3586 1873 3643 interfici
1909 3588 2122 3659 jubere.

495 3714 505 3723 ,
539 3657 643 3715 Sed
683 3662 749 3718 de
779 3665 872 3719 illa
909 3666 1105 3737 judicii
1148 3670 1237 3727 die
1280 3673 1362 3729 sic
1386 3674 1697 3746 loquentem
1735 3657 2015 3740 Christum
2045 3687 2126 3743 vi-

536 3752 728 3810 demus
763 3774 775 3810 :
814 3756 1028 3824 Veniet,
1054 3759 1253 3831 inquit,
1277 3765 1392 3834 ejus
1434 3766 1721 3837 Dominus,
1755 3774 1994 3846 seipsum
2029 3792 2127 3833 au-

439 3919 448 3929 \
536 3852 644 3900 tem
684 3849 959 3922 intelligit,
997 3853 1089 3923 qui
1117 3855 1189 3910 sit
1231 3858 1478 3914 omnium
1515 3859 1814 3931 Dominus,
1838 3877 1888 3921 et
1916 3884 2125 3924 servum

535 3939 706 4009 ipsum
736 3943 791 3996 in
830 3943 966 3999 duas
1004 3956 1182 4016 partes
1222 3949 1452 4017 secubit;
1491 3962 1541 4007 et
1582 3966 1787 4024 partem
1835 3959 1952 4031 ejus
2001 3979 2122 4017 cum

535 4031 841 4101 inﬁdelibus
890 4048 1046 4105 ponet
1069 4039 1109 4093 ⁸.
1145 4038 1333 4097 llestat
1382 4043 1549 4115 igitur
1590 4056 1650 4103 ut
1694 4059 1887 4105 contra
1929 4055 2121 4111 Salva-

536 4134 709 4181 torem
768 4127 946 4199 ipsum
980 4132 1285 4191 calumnias
1318 4146 1440 4195 tuas
1472 4155 1536 4195 ac
1568 4143 1858 4200 maledicta
1892 4162 2123 4204 conver-

535 4223 643 4282 tas,
673 4234 910 4292 eumque
940 4237 1065 4279 esse
1110 4224 1315 4281 bonum
1370 4228 1630 4288 infleieris
1650 4274 1663 4300 ,
1695 4237 1913 4291 tametsi
1944 4237 2121 4294 bonus

533 4324 657 4363 eum
695 4308 854 4367 Pater
880 4315 1158 4383 genuerit,
1189 4316 1477 4391 bonusque
1513 4321 1586 4377 sit
1617 4337 1682 4379 ac.
1707 4325 1923 4395 justus,
1954 4344 2054 4384 nec
2089 4345 2120 4385 a

533 4397 693 4455 Patre
723 4402 994 4460 diversus.
1026 4405 1298 4472 Quocirca
1340 4419 1397 4465 tu
1426 4412 1520 4483 qui
1540 4413 1738 4491 [legum
1763 4417 1922 4474 nobis
1947 4422 2119 4489 parti-

2232 3315 2590 3385 πειθομένων.
2620 3315 2683 3368 Et
2709 3314 2765 3368 δὲ
2792 3316 3024 3386 φάσκεις
3055 3316 3394 3389 περιπλοκὴν
3425 3312 3566 3372 εἶναι
3596 3317 3831 3389 ταύτην,

2228 3405 2291 3459 τὸ
2324 3404 2526 3474 λέγειν,
2575 3406 2913 3477 Ὀφθαλμὸν
2965 3407 3098 3463 ἀντὶ
3145 3408 3481 3479 ὀφθαλμοῦ,
3520 3409 3615 3463 καὶ
3647 3410 3709 3463 τὸ
3735 3410 3832 3464 τὸν

2230 3496 2395 3567 φονέα
2423 3495 2767 3566 φονεύεσθαι.
2809 3498 2919 3551 ἰδοὺ
2950 3498 3046 3552 καὶ
3076 3499 3203 3570 περὶ
3223 3499 3551 3571 τῆςὴμέρας
3575 3500 3675 3571 τῆς
3701 3499 3829 3572 κρί-

2230 3607 2366 3654 σεω;
2396 3589 2667 3662 βλέπομεν
2679 3591 2771 3645 τὸν
2812 3591 3041 3664 Σωτῆρα
3071 3590 3319 3661 λέγοντα,
3354 3592 3441 3646 ὅτι
3486 3593 3830 3647 Ἐλεύσεται

2227 3686 2262 3738 ὁ
2323 3683 2512 3738 αὑτοῦ
2563 3684 2915 3752 Δεσπότης*
2963 3682 3123 3737 τοῦτο
3162 3682 3219 3736 δὲ
3243 3683 3373 3754 περὶ
3411 3681 3605 3736 ἑαυτοῦ
3638 3683 3826 3752 ἔλεγεν

2227 3773 2389 3838 αὐτὸς
2416 3756 2635 3828 πάντων
2667 3773 2742 3827 ὢν
2773 3774 3071 3847 Δεσπότης,
3111 3774 3207 3829 καί
3240 3791 3374 3847 φησι
3394 3791 3409 3805 ο
3437 3774 3548 3829 Kal
3592 3773 3829 3843 διχοτοο

2226 3866 2407 3936 privet
2434 3865 2624 3920 αὑτὸν
2638 3866 2746 3921 τὸν
2770 3866 3028 3921 δοῦλον·
3052 3866 3154 3922 καὶ
3183 3868 3250 3921 τὸ
3270 3867 3453 3937 μέρος
3468 3865 3657 3921 αὐτοῦ
3671 3865 3827 3935 μετὰ

2226 3957 2345 4012 τῶν
2358 3959 2633 4014 ἀπίστων
2660 3959 2853 4027 θήσει.
2886 3959 3095 4015 Οὐκοῦν
3116 3961 3138 3993 ⁸
3172 3961 3266 4014 καὶ
3293 3960 3421 4033 περὶ
3453 3960 3547 4014 τοῦ
3570 3959 3826 4031 Σωτῆρος

2227 4047 2490 4124 ὲξοπλίζῃ
2546 4052 2905 4120 συκοφαντεῖν
2944 4050 3105 4106 πάλιν
3136 4052 3380 4124 ῥήματα,
3415 4051 3512 4106 καὶ
3541 4052 3715 4115 εἴποις
3757 4048 3827 4105 ἂν

2223 4143 2410 4199 τοῦτον
2444 4145 2519 4217 μὴ
2546 4140 2686 4199 εἶναι
2710 4144 2936 4214 ἀγαθὸν,
2956 4145 3134 4198 καίτοι
3169 4160 3232 4214 γε
3263 4145 3328 4197 ἐκ
3359 4144 3576 4216 Πατρὸς
3610 4141 3825 4212 ἀγαθοῦ

2223 4236 2642 4308 γεγεννημένον,
2688 4237 2785 4291 καὶ
2842 4236 3048 4306 ἀγαθὸν
3096 4236 3246 4303 ὅντα,
3290 4236 3425 4290 ἀλλὰ
3471 4235 3703 4300 δίκαιον,
3723 4236 3824 4291 καὶ.

2222 4328 2335 4384 οὔθ’
2365 4330 2552 4402 ἓτερον
2582 4330 2735 4403 παρὰ
2765 4329 2858 4385 τὸν
2889 4330 3133 4402 Πατέρα.
3173 4328 3415 4393 Δρνασαι
3459 4328 3570 4401 ἄρα
3597 4328 3695 4382 καὶ
3723 4327 3824 4380 αὐ-

2221 4422 2311 4475 τὸν
2371 4420 2770 4495 ἀπαλλοτριοῦν
2807 4421 2907 4492 τῆς
2953 4422 3046 4475 τοῦ
3082 4422 3299 4493 Πατρὸς
3342 4420 3552 4486 οὐσίας,
3575 4415 3619 4474 ὦ
3641 4415 3820 4483 οὗτος,

532 4500 619 4546 tor
646 4507 709 4547 ac
732 4503 1011 4564 geometra
1047 4507 1273 4568 repente
1297 4500 1573 4571 prodiisti,
1600 4519 1664 4560 ac
1695 4507 1964 4564 trifariam
1995 4513 2119 4567 uni-

2231 4516 2249 4568 5
2302 4514 2580 4585 προελθὼν
2633 4517 2767 4586 ἡμῖν
2814 4514 2978 4568 πάλιν
3021 4514 3323 4588 διαιρέτης,
3366 4515 3460 4568 καὶ
3493 4513 3823 4586 γεωμέτρης

531 4601 690 4643 versa
717 4586 946 4655 dividis,
982 4596 1136 4661 potes
1164 4592 1316 4649 illum
1357 4611 1387 4649 a
1424 4595 1603 4655 Patris
1649 4600 1966 4661 abalienare
2010 4621 2112 4661 na-

532 4688 676 4736 tura.
736 4679 893 4748 Quod
941 4692 1120 4740 autem
1159 4689 1675 4748 nonnulla-definis
1727 4695 1780 4748 iu
1825 4695 1943 4768 lege
1994 4715 2117 4756 esse

529 4771 896 4829 adumbrandi
927 4775 1385 4851 significandique
1410 4797 1576 4839 causa
1606 4788 1835 4858 scripta,
1869 4791 2118 4848 veritatis

529 4866 782 4922 nonnihil
809 4868 1063 4941 attigisti,
1101 4879 1160 4925 ut
1198 4874 1389 4943 paucis
1420 4875 1489 4933 iis
1532 4882 1813 4951 aspersis,
1846 4884 1989 4939 viam
2017 4886 2118 4941 tibi

532 4955 587 5012 in
624 4958 839 5017 caeteris
877 4959 943 5015 ad
992 4961 1265 5019 fallaciam
1303 4965 1661 5040 fraudemque
1704 4975 1971 5034 munires.
2003 4973 2116 5032 Nec

531 5050 676 5105 enim
709 5052 1046 5110 dillitendum
1073 5065 1178 5123 est,
1211 5058 1343 5129 quin
1368 5059 1485 5115 hzec
1525 5062 1632 5118 illis
1677 5063 1731 5118 in
1764 5066 1937 5136 figura
1981 5082 2118 5123 con-

532 5142 780 5213 tigerint,
818 5146 1023 5226 scripta
1059 5148 1171 5205 sint
1217 5157 1400 5205 autem
1451 5152 1519 5207 ad
1559 5155 1963 5226 correptionem
2016 5174 2116 5213 no-

532 5241 732 5301 stram,
778 5237 832 5290 in
875 5224 1015 5309 quos
1066 5238 1199 5295 lines
1246 5241 1572 5297 saeuior-um
1622 5243 1994 5311 devenerunt,
2040 5251 2117 5304 ait

530 5335 755 5384 sanctus
783 5330 1079 5401 Apostolus
1113 5333 1155 5401 ‘,
1179 5347 1306 5389 cum
1335 5333 1402 5391 de
1424 5336 1867 5407 circumcisione,
1888 5357 1952 5395 ac
1978 5340 2117 5398 Sab-

2218 4608 2328 4664 τῶν
2377 4611 2579 4683 νόμων.
2625 4610 2828 4682 τριχῶς
2861 4610 2935 4665 τὰ
2979 4611 3156 4665 πάντα
3187 4610 3431 4683 διαιρῶν.
3462 4608 3571 4662 Καὶ
3605 4608 3688 4680 τῷ
3717 4609 3822 4680 μὲν

2218 4703 2415 4767 εἰπεῖν,
2441 4701 2525 4755 ὅτι
2557 4702 2639 4765 εἰς
2664 4701 2871 4766 τύπους
2916 4700 3260 4774 συμϐολικῶς
3302 4719 3425 4757 τινα
3454 4702 3510 4754 ἐν
3556 4698 3637 4771 τῷ
3664 4699 3823 4772 νόμῳ

2216 4793 2554 4864 γέγραπται,
2582 4793 2742 4864 ὀλίγα
2772 4793 3013 4867 παρήψω
3039 4795 3138 4866 τῆς
3166 4793 3451 4866 ἀληθείας,
3473 4792 3562 4847 ἵνα
3589 4791 3680 4845 διὰ
3704 4791 3820 4845 τῶν

2216 4882 2413 4953 ὀλίγων
2439 4883 2674 4957 δυνηθῇς
2716 4885 2812 4940 καὶ
2853 4888 2933 4950 εἰς
2963 4886 3034 4940 τὰ
3065 4886 3202 4941 ἄλλα
3237 4885 3539 4957 ἀπατῆσαι.
3568 4882 3674 4938 Καὶ
3703 4881 3817 4955 γὰρ

2218 4974 2298 5047 τῷ
2328 4975 2439 5031 ὂντι
2457 4975 2688 5040 ἐκείνοις
2705 4977 2953 5042 τυπικῶς
2975 4976 3291 5032 συνέϐαινεν
3313 4995 3325 5008 ο
3349 4974 3568 5050 ἐγράφη
3595 4974 3653 5028 δὲ
3682 4974 3817 5046 ἡμῖν

2213 5069 2294 5133 είς
2319 5068 2623 5137 νουθεσίαν,
2651 5072 2735 5135 είς
2754 5070 2851 5136 οὓς
2873 5071 2944 5126 τὰ
2964 5070 3094 5144 τέλη
3112 5070 3221 5124 τῶν
3243 5068 3457 5124 αἰώνων
3478 5068 3816 5140 κατήντησε,

2215 5162 2379 5233 φησὶν
2407 5163 2435 5215 ὁ
2480 5162 2783 5232 ἁγιώτατος
2834 5162 3196 5229 Ἀπόστολος,
3237 5160 3366 5234 περί
3404 5178 3465 5215 τε
3510 5159 3821 5232 περιτομῆς

2214 5250 2408 5322 λέγων,
2442 5255 2537 5308 καὶ
2558 5256 2859 5320 Σαδϐάτου,
2892 5256 2989 5309 καὶ
3012 5254 3123 5309 τῶν
3154 5252 3355 5308 ἄλλων.
3382 5253 3509 5307 Είθε
3541 5252 3599 5307 δὲ
3634 5250 3819 5306 πάντα

2215 5346 2506 5418 ἠλήθευες,
2539 5350 2635 5404 καὶ
2662 5349 2847 5404 οὐκέτι
2878 5351 3060 5423 τρίτον
3093 5346 3258 5421 μέσον
3287 5345 3409 5403 θεὸν
3442 5348 3533 5403 τὸν
3574 5347 3650 5421 μὴ
3685 5346 3820 5401 δντα

606 5506 809 5601 ξίοξιηε
837 5527 958 5601 XIIII.
985 5513 1037 5568 7.
1073 5517 1133 5601 μ’
1153 5513 1309 5571 Joau.
1347 5532 1405 5577 ll.
1441 5517 1530 5573 22.
1609 5519 1628 5551 ³
1656 5518 1677 5573 l
1705 5520 1834 5577 Cor.
1870 5539 1949 5590 tu,
1979 5523 2034 5578 Ξ.

2231 5527 2366 5596 atth,
2400 5545 2548 5598 χειν,
2585 5531 2675 5600 50,
2703 5532 2793 5590 5i.
2870 5536 2890 5565 '
2922 5531 2942 5587 Ι
2980 5534 3105 5592 Cor.
3148 5550 3201 5601 x,
3233 5535 3318 5590 ll.
3398 5536 3417 5566 °
3444 5535 3606 5592 Deest
3640 5535 3715 5601 εί,
3747 5543 3806 5589 et

534 5579 770 5635 tollenda
792 5582 1166 5656 interrogatio.

604 5757 681 5829 (7)
723 5758 1143 5831 Νομοθετήσας
1177 5761 1287 5833 γὰρ
1344 5767 1376 5820 o'
1405 5766 1606 5837 νόμος.
1640 5768 1872 5843 August.
1921 5784 2106 5831 contra

2231 5774 2352 5843 lum,
2388 5795 2507 5852 τιιψ.
2541 5782 2592 5836 8.
