4082 6212
424 164 524 220 667

1531 159 1806 217 NEMESII
1846 157 2157 218 EPISCOP!
2193 155 2488 214 EMESENI

3538 137 3652 192 66$
3664 170 3683 196 κ

427 281 640 348 divisio,
669 279 884 352 alioque
919 280 1097 348 modo,
1128 279 1295 350 partis
1343 278 1536 334 animie
1577 279 1804 334 rationis
1835 293 1982 334 com-

2104 294 2200 342 τος·
2232 277 2394 348 ἑτέρα
2421 275 2479 328 δὲ
2505 271 2769 343 διαίρεσις
2796 270 2916 325 καθ’
2937 268 3121 340 ἕτερον
3146 264 3344 338 τρόπον
3373 259 3464 314 τοῦ
3495 259 3652 352 λογιῗ

427 371 589 439 potis,
615 380 696 428 est
733 373 785 426 in
821 372 1082 426 rationem
1117 381 1172 424 et
1198 369 1517 424 orationem.
1553 368 1647 424 Est
1676 381 1856 426 autem
1897 386 1983 424 ra-

429 463 526 521 tio.
556 463 718 516 animi
751 461 988 532 agitatio,
1041 473 1160 529 quae
1197 459 1254 514 iit
1306 460 1359 513 in
1413 469 1565 529 parte
1605 461 1817 524 animae,
1866 474 1986 529 quae

428 551 823 615 ratiocinator,
882 551 1000 605 sine
1059 548 1166 602 ulla
1216 547 1538 602 elocutione.
1619 545 1771 602 Unde
1846 563 1988 618 saepe

426 638 594 693 etiam
633 647 873 693 tacentes
901 647 1070 692 totam
1108 636 1379 691 rationem
1412 651 1534 690 cum
1565 636 1758 690 animis
1791 637 1988 692 nostris

428 728 794 799 percurrimus
827 736 881 783 et
919 729 972 782 in
999 729 1225 784 somniis
1256 729 1609 796 disputamus,
1645 737 1699 781 et
1727 741 1822 797 per
1853 729 1990 783 hanc

431 818 667 872 maxime
715 818 842 889 (non
890 819 1039 874 enim
1081 834 1233 889 aeque
1279 835 1375 889 per
1421 818 1735 884 orationem)
1785 818 1990 872 ratione

429 909 636 978 praediti
666 925 787 964 esse
818 924 1004 964 omnes
1031 910 1283 964 dicimur.
1313 909 1446 964 Nam
1473 921 1529 966 et
1565 909 1652 978 qui
1695 909 1843 964 surdi
1883 909 1989 963 nati

429 1008 576 1068 sunt,
623 1009 677 1056 et
709 1001 801 1070 qui
835 1017 962 1057 casu
1010 1012 1103 1056 aut
1147 1002 1332 1056 morbo
1365 1001 1545 1072 aliquo
1588 1016 1771 1056 vocem
1805 1001 1994 1055 amise-

430 1101 576 1154 runt,
604 1091 951 1146 nihilominus
975 1093 1181 1146 ratione
1208 1101 1446 1146 utuntur.
1473 1090 1744 1149 OratiOnis
1774 1105 1991 1155 munus,

431 1183 486 1238 in
514 1197 646 1239 voce
674 1193 730 1238 et
764 1198 1013 1239 sermone
1052 1184 1396 1254 perspicitur.
1427 1183 1783 1240 Instrumenta
1812 1192 1991 1240 autem

430 1273 578 1328 vocis
609 1273 776 1327 multa
807 1282 954 1328 sunt.
990 1272 1124 1327 Nam
1175 1283 1229 1329 et
1271 1273 1522 1338 musculi,
1557 1274 1648 1344 qui
1683 1275 1825 1328 intus
1868 1281 1995 1327 sunt

431 1361 486 1414 in
514 1361 705 1416 mediis
749 1361 1029 1426 lateribus,
1061 1369 1115 1416 et
1145 1363 1357 1427 thorax,
1391 1371 1446 1418 et
1483 1362 1682 1432 pulmo,
1714 1370 1768 1416 et
1802 1375 1992 1430 aspera

432 1451 652 1517 arteria,
684 1461 738 1506 et
780 1451 992 1523 larynx,
1023 1465 1077 1506 et
1109 1453 1298 1507 horum
1348 1453 1603 1517 maxime,
1643 1454 1785 1523 quod
1833 1451 1994 1507 carti-

2084 368 2180 423 κοῦ
2213 369 2310 439 τῆς
2346 367 2541 438 ψυχῆς,
2580 365 2609 418 ὅ
2631 381 2690 418 τε
2710 363 3037 434 καλούμενος
3056 355 3357 417 ἐνδιάθετος
3379 352 3534 419 λόγος
3554 348 3652 401 καὶ

2083 464 2113 516 ό
2149 460 2499 534 προφορικός.
2533 459 2689 512 Ἔστι
2718 457 2776 510 δὲ
2805 454 3101 516 ἐνδιάθετος
3138 450 3237 521 μὲν
3262 446 3437 515 λόγος,
3469 443 3549 534 τδᾉ
3575 441 3654 494 κί-

2085 532 2232 622 νημὲι
2251 550 2350 620 τῆς
2379 548 2580 620 ψυχῆς.
2607 547 2668 600 τὸ
2691 549 2748 600 ὲν
2776 545 2852 616 τῷ
2884 537 3260 610 διαλογιστικῷ
3295 535 3406 604 (93)
3436 532 3653 601 γινόμε-

2085 659 2195 707 νον,
2251 642 2377 696 ἄνευ
2431 640 2574 703 τινὸς
2621 639 2999 709 ὲκφωνήσεως.
3052 632 3212 687 Ὅθεν
3268 627 3526 686 πολλάκις
3561 624 3656 676 καὶ

2089 731 2421 796 σιωπῶντες,
2453 731 2610 798 λόγον
2657 729 2775 782 ὅλον
2807 729 2936 798 παρ’
2986 725 3197 786 ἑαυτοῖς
3235 717 3654 789 διεξερχόμεθαο

2088 823 2181 877 καὶ
2203 823 2260 875 ὲν
2288 823 2400 885 τοῖς
2417 821 2644 892 ὀνείροις
2673 817 3028 890 διαλεγόμεθα
3061 814 3201 887 (94)”
3237 813 3378 867 κατὰ
3414 808 3573 864 τοῦτο
3600 807 3659 859 δὲ

2091 913 2324 985 μάλιστα
2361 912 2566 982 λογικοὶ⁵
2607 911 2808 976 πάντες
2857 909 3021 980 ἐσμέν
3077 906 3209 978 (95).
3254 904 3329 956 Οὐ
3374 902 3481 972 γὰρ
3514 898 3661 952 οὕτω

2088 1003 2229 1058 κατὰ
2251 1001 2341 1055 τὸν
2365 1000 2694 1072 προφορικὸν
2721 1000 2898 1068 λόγον,
2927 998 3001 1061 ὼς
3023 996 3164 1051 κατὰ
3187 993 3372 1048 τοῦτον
3396 991 3527 1062 (96).
3549 989 3662 1042 Καὶ

2088 1091 2196 1163 γὰρ
2219 1093 2267 1144 οἱ
2291 1092 2357 1144 ὲκ
2378 1090 2604 1160 γενετῆς
2628 1089 2739 1162 (97)
2778 1088 2970 1157 κωφοὶ,
2998 1088 3092 1141 καὶ
3114 1087 3162 1138 οἱ
3192 1083 3278 1138 διὰ
3306 1081 3477 1144 πάθος
3509 1080 3543 1150 ἢ
3572 1079 3662 1131 νό-

2091 1199 2240 1252 σημα
2265 1181 2377 1252 (98)
2401 1181 2497 1252 τὴν
2527 1179 2706 1253 φωνὴν
2728 1180 3108 1241 ἀποϐαλόντες,
3136 1176 3289 1231 οὐδὲν
3318 1170 3478 1246 ἦττον
3507 1173 3660 1239 λογι-

2091 1273 2177 1328 κοί
2207 1275 2363 1327 εἰσιν.
2400 1271 2462 1327 Ὀ
2488 1271 2548 1325 δὲ
2586 1271 2916 1342 προφορικὸς
2967 1269 3122 1337 λόγος
3153 1267 3211 1320 ὲν
3255 1269 3320 1336 τῇ
3363 1265 3511 1334 φωνῇ
3543 1261 3666 1332 (99)-

2092 1367 2186 1420 καὶ
2217 1367 2336 1428 ταῖς
2362 1364 2660 1428 διαλέκτοις
2687 1364 2762 1436 (1)
2796 1363 2893 1434 τὴν
2933 1361 3211 1433 ἐνέργειαν
3256 1358 3370 1430 ἔχει
3389 1371 3403 1385 ο
3454 1356 3670 1426 όργανι

2091 1457 2150 1511 δὲ
2181 1457 2278 1528 τῆς
2306 1457 2491 1527 φωνῆς
2515 1457 2701 1510 πολλά.
2731 1456 2798 1508 Οἵ
2812 1472 2872 1508 τε
2901 1452 3010 1525 γὰρ
3029 1454 3086 1506 ὲν
3130 1454 3243 1515 τοῖς
3273 1447 3666 1521 μεσοπλεύροις

433 1541 732 1610 laginosum
776 1552 960 1609 est,et
1013 1545 1162 1598 nervi
1205 1553 1562 1611 recurrentes,
1599 1553 1654 1598 et
1701 1544 1915 1615 lingula,
1943 1555 1996 1600 et

2104 1547 2296 1602 ἔσωθεν
2326 1547 2459 1620 μύες
2473 1547 2547 1620 (2)
2574 1549 2668 1603 καὶ
2688 1549 2717 1600 ό
2741 1544 2922 1618 θώραξ
2946 1545 3041 1599 καὶ
3059 1547 3088 1598 ό
3107 1541 3382 1613 πνεύμων,
3405 1542 3440 1612 ἦ
3459 1557 3517 1592 τε
3537 1554 3664 1610 τρα-

431 1645 619 1686 omnes
650 1631 913 1698 musculi,
955 1633 1047 1702 qui
1086 1634 1184 1688 has
1213 1645 1396 1705 partes
1429 1644 1668 1700 movent,
1692 1637 1994 1691 emittendae

2104 1641 2218 1710 Κεῖα
2242 1615 2492 1712 ἀρτηρία*
2515 1615 2609 1693 καὶ
2635 1641 2664 1692 ό
2689 1615 2915 1710 λάρυγξ,
2961 1635 3055 1691 καὶ
3104 1634 3305 1688 τούτων
3336 1631 3569 1701 μάλιστα
3601 1627 3667 1680 τὸ

433 1721 583 1777 vocis
627 1731 754 1777 sunt
801 1724 1186 1779 instrumenta.
1241 1725 1519 1780 Sermonis
1577 1735 1756 1780 autem
1795 1740 1876 1783 os.
1937 1725 1994 1780 In

434 1814 537 1870 hoc
581 1813 724 1870 enim
769 1814 986 1886 ﬁngitur
1021 1825 1076 1872 et
1106 1817 1384 1887 ﬁguratur,
1424 1827 1478 1874 et
1515 1819 1661 1874 velut
1698 1817 1998 1874 conforma-

437 1915 523 1959 tur
555 1919 751 1971 scrmo,
787 1907 969 1974 lingua
997 1916 1053 1962 et
1079 1908 1398 1976 gurgulione
1428 1909 1616 1979 plectri
1645 1910 1820 1966 locum
1851 1912 1995 1966 οὶιιί·

437 1997 714 2061 nentihus,
764 1997 964 2065 palato,
1011 1998 1128 2051 cavi
1173 1997 1338 2062 illius,
1388 1999 1530 2067 quod
1573 2014 1761 2055 sonum
1807 2000 1994 2068 refert,

432 2087 681 2141 dentibus
722 2096 778 2141 et
836 2086 1258 2154 cujusdammodi
1291 2088 1404 2144 oris
1454 2089 1627 2154 hiatu,
1675 2099 1734 2144 ut
1770 2091 1837 2162 .in
1874 2093 1989 2163 lyra

436 2175 758 2230 chordarum
809 2191 963 2231 usum
1019 2177 1398 2248 explentibus,
1469 2180 1780 2236 conferente
1831 2184 1992 2236 etiam

436 2265 636 2335 aliquid
674 2281 835 2334 naso,
866 2275 925 2321 ut
964 2281 1066 2321 vox
1092 2281 1290 2324 sonora
1323 2269 1396 2324 sit
1443 2283 1536 2324 seu
1568 2270 1801 2342 egregia,
1843 2280 1902 2324 ut
1943 2271 1996 2325 in

435 2357 754 2412 canentibus
779 2370 1019 2426 apparet.
1409 2383 1424 2387 λ·

2096 1731 2409 1802 χονδρῶδες,
2460 1731 2644 1785 καὶτὰ
2677 1728 3138 1802 παλινδρομοῦντα
3170 1727 3242 1798 (3)
3283 1723 3450 1795 νεῦρα
3484 1721 3578 1776 καὶ
3628 1721 3663 1790 ἠ

2095 1821 2325 1891 γλωττὶς
2353 1822 2427 1893 (4)
2455 1824 2548 1876 καὶ
2561 1823 2760 1887 πάντες
2774 1824 2823 1875 οἱ
2841 1820 3114 1884 κινοῦντες
3128 1818 3301 1874 ταῦτα
3313 1817 3381 1870 τὰ
3408 1817 3568 1888 μόρια
3585 1814 3675 1883 (5)

2100 1913 2253 1984 μύες,
2291 1914 2391 1983 τῆς
2419 1914 2779 1985 ὲκφωνήσεώς
2803 1916 2938 1967 εἰσιν
2964 1911 3169 1982 όργανα
3205 1910 3282 1980 (6)
3306 1925 3320 1938 ·
3342 1907 3442 1977 τῆς
3466 1906 3524 1960 δὲ
3549 1905 3670 1959 διωρ

2096 2004 2310 2067 λέκτου,
2341 2006 2402 2058 τὸ
2451 2005 2625 2076 στόμα
2672 2005 2766 2075 (7).
2800 2005 2888 2058 Ἑν
2915 2003 3086 2074 τούτῳ
3118 2001 3226 2072 γὰρ
3279 1998 3670 2054 διαπλάττεται

2097 2097 2193 2149 καὶ
2222 2097 2612 2168 σχηματίζεται
2639 2097 2733 2148 καὶ
2757 2095 2919 2149 οἱονεὶ
2949 2093 3272 2165 μορφοῦται,
3292 2092 3326 2161 ἡ
3353 2089 3663 2148 διάλεκτος·

2100 2190 2198 2258 τῆς
2229 2188 2326 2258 μὲν
2352 2187 2600 2260 γλώσσης
2624 2187 2716 2242 καὶ
2744 2187 2838 2240 τοῦ
2863 2183 3248 2259 γαργαρεῶνος
3287 2181 3559 2251 πλήκτρου
3580 2177 3672 2230 λό-

2103 2295 2199 2346 γον
2220 2277 2521 2348 ἐπεχόντων
2551 2277 2623 2349 (8)
2647 2296 2660 2308 ·
2689 2277 2788 2347 τῆς
2823 2276 2880 2330 δὲ
2909 2274 3161 2348 ὑπερῴας
3183 2312 3197 2337 ,
3226 2270 3440 2343 ὴχείου·
3473 2267 3580 2320 τῶν
3610 2266 3672 2319 δὲ

2106 2367 2332 2423 ὀδόντων
2365 2369 2459 2423 xuii
2478 2369 2575 2440 τῆς
2603 2371 2760 2432 ποιᾶς
2791 2365 2884 2420 τοῦ
2913 2366 3176 2436 στόματος
3214 2361 3516 2428 διανοίξεως
3569 2356 3672 2427 (9).

430 2453 514 2516 ὼς
541 2455 597 2506 ὲν
624 2453 780 2526 λύρᾳ,
816 2455 911 2528 τὴν
938 2456 1046 2509 τῶν
1077 2456 1281 2530 χορδῶν
1311 2457 1761 2529 ἀναπληρούντων
1797 2460 2001 2530 χρείαν,
2045 2464 2399 2538 συντελούσης
2427 2483 2483 2520 τι
2506 2465 2717 2536 καὶτῆς
2746 2465 2888 2537 ῥινὸς
2934 2463 3071 2536 πρὸς
3114 2459 3380 2531 εὐφωνίαν
3409 2458 3524 2528 ἦτοι
3557 2455 3672 2526 (10)

439 2544 782 2614 κακοφωνίαν
806 2545 936 2617 (ll),
973 2547 1047 2612 ὼς
1081 2547 1237 2618 δῆλον
1278 2551 1341 2602 ὲκ
1368 2547 1476 2603 τῶν
1504 2548 1736 2621 ᾀδόντων
1763 2551 1896 2623 (12).

1067 2639 1217 2694 CAP.
1253 2639 1367 2694 XV.

929 2731 1047 2783 Alia
1078 2731 1263 2784 divisio
1298 2733 1507 2787 animm.

514 2819 766 2874 Dividunt
797 2819 956 2874 aliter
990 2821 1042 2874 in
1084 2822 1246 2886 vires,
1305 2831 1398 2877 aut
1444 2822 1671 2892 species,
1703 2831 1794 2876 aut
1828 2833 2008 2883 partes

2588 2643 2699 2715 96
2734 2644 2888 2696 κει».
2937 2641 3017 2697 IE'
3051 2641 3182 2712 (ιε).

2446 2733 2648 2803 Ἑτέρα
2677 2733 2963 2802 διαίρεσις
2988 2729 3095 2798 τῆς
3121 2727 3346 2799 ψυχῆς.

2182 2820 2456 2894 Διαιροῦσι
2484 2823 2540 2876 δὲ
2571 2824 2664 2876 καὶ
2691 2821 2865 2886 ἄλλως
2898 2823 2976 2885 εἰς
3007 2819 3258 2890 δυνάμεις
3291 2817 3325 2888 ἢ
3354 2817 3467 2886 εῐδη
3496 2815 3607 2886 (14)
3637 2813 3672 2883 1)

1602 2981 1764 3037 VAR.
1807 2981 2003 3039 LECT.
2043 2981 2132 3037 ET
2173 2981 2503 3037 ANIMADV.

444 3097 519 3151 Ita
553 3096 604 3150 in
639 3105 804 3159 textu,
831 3095 908 3150 M.
941 3095 992 3159 1,
1041 3093 1198 3160 Con.,
1230 3110 1350 3149 cum
1408 3112 1512 3165 qua
1550 3096 1750 3151 simul.
1774 3136 1788 3151 .
1812 3135 1827 3150 .
1875 3098 2011 3152 divi-

443 3169 662 3221 duntur.
696 3166 854 3239 Yall.,
883 3180 1105 3239 qure..._
1123 3166 1329 3219 dividit.
1360 3165 1528 3239 Supra
1559 3183 1609 3232 p.
1641 3167 1728 3234 75,
1759 3167 1820 3220 τὸ
1852 3168 2010 3239 σῶμα

448 3275 462 3289 .
485 3274 499 3289 .
525 3276 538 3289 .
565 3239 684 3299 ταῖς
708 3235 962 3304 ψυχικαῖς
986 3234 1244 3304 δυνάμεσι
1283 3236 1682 3304 συνδιαιρείται.

525 3276 538 3289 .
565 3254 684 3299 ταις
751 3253 962 3304 υχικαις
986 3253 1244 3304 ουναμεσι
1283 3253 1486 3289 συνοιαι
1527 3253 1682 3290 ειται.

516 3305 652 3382 (95)-
672 3253 747 3382 Ti
777 3305 847 3357 ἐν
872 3303 952 3368 τῷ
975 3303 1411 3382 διατῑογιστικῷ.
1440 3253 1607 3382 ὲν
1660 3305 1735 3376 τῷ
1779 3305 2011 3382 διαλογι-

447 3373 722 3445 σμῷηὸθά
753 3388 817 3426 ex
841 3387 980 3445 corr.
1012 3375 1411 3445 pritt§e_ulatius
1435 3373 1835 3445 διαλογιστίκῷ,
1859 3379 1915 3429 υ.
1947 3373 2000 3428 1.

519 3440 1071 3564 (9όῖὶΔιαλεγόμερα.
1129 3440 1494 3508 Colloquimur
1537 3440 1606 3498 et'
1649 3440 2001 3513 disputamus,

519 3531 580 3564 ill.
654 3515 773 3564 aulo
800 3521 944 3564 ante.
974 3510 1326 3564 εξεογόιιεθα.
1365 3510 1436 3564 Μ.
1469 3513 1519 3564 1.

445 3510 580 3567 Coit.
612 3510 773 3565 Paulo
800 3510 944 3574 ante,
974 3510 1326 3580 ἐξερχόμεθα,
1365 3510 1436 3565 Μ.
1469 3513 1519 3565 1.

496 3582 648 3705 é(95))
661 3581 1147 3704 Hgirzecilcérticol
1174 3581 1379 3650 ἐσμεν.
1408 3582 1629 3652 Λογικοὶ
1677 3582 1873 3646 πάντες
1914 3585 2004 3636 ἐσ-

523 3669 570 3705 ν.
655 3691 667 3704 .
746 3692 760 3705 .
837 3690 850 3704 .
925 3689 940 3705 .
1011 3694 1023 3705 .
1049 3669 1102 3704 ο.

523 3669 570 3714 ν,
609 3669 667 3705 υ.
708 3669 850 3716 1,3.
887 3669 940 3712 ι,
969 3669 1102 3712 Ζ,Ο.

451 3668 570 3722 μεν,
609 3668 667 3705 υ.
708 3668 760 3716 1,
788 3668 850 3704 Α.
887 3668 940 3712 ι,
969 3668 1023 3712 z,
1049 3669 1102 3704 ο.

521 3723 628 3803 (96)
668 3722 763 3787 Ὠς
801 3719 950 3774 κατὰ
1009 3719 1241 3776 τοῦτον.
1293 3720 1458 3776 Addit
1489 3721 1668 3786 Cono,
1729 3722 2012 3777 rationales

450 3795 766 3846 exsislimtts.

662 3860 1112 3936 Qi‘éxjeregﬁc.
1141 3862 1206 3936 0_l
1233 3864 1300 3936 ὲκ
1321 3864 1600 3936 γεννητῆς.
1635 3865 1694 3919 D.
1726 3862 1952 3936 1,AA.A3.

525 3929 738 4000 (98),"11
771 3929 1009 4000 νέφημά
1056 3949 1129 3984 τι.
1165 3932 1229 3982 Τι
1255 3929 1427 4000 abest.
1469 3929 1548 3988 '1).
1578 3936 1626 3996 1,
1665 3937 1727 3988 A.
1785 3933 1834 3994 1,
1873 3932 1926 3994 ει,
1957 3934 2009 3997 3,

451 3997 774 4124 goqqg’ag.
827 3997 952 4063 Καί,
982 4001 1097 4055 loco
1129 4001 1184 4071 ἦ,
1221 3999 1288 4055 Μ.
1327 4002 1376 4056 1.
1415 4003 1556 4068 Mox,
1597 4002 2009 4068 ἀποϐάλλοντες,

526 4140 637 4208 (99)
671 4141 772 4192 Ἐν
795 4137 871 4206 τῇ
897 4137 1086 4207 φωνῇ.
1119 4138 1217 4192 llic
1244 4139 1295 4192 in
1327 4157 1493 4207 marg.
1530 4159 1558 4196 a
1604 4160 1748 4196 man.
1780 4158 1886 4196 rec.
1918 4144 2010 4193 de-

457 4210 626 4263 ﬁnitio
660 4227 672 4261 :
800 4210 916 4282 εστι
942 4210 1124 4282 φωνή;
1159 4210 1312 4282 Φωνὴ
1356 4212 1501 4282 ἐστιν
1544 4213 1823 4282 νάπήχησις
1854 4211 2015 4263 πνεύ-

2186 3098 2266 3169 (6)
2297 3097 2410 3165 Τῆς
2439 3093 2832 3169 ἐκφυσήσεῴς
2866 3097 3042 3169 _siqw
3065 3093 3330 3169 ggrara._
3350 3093 3462 3162 Τῆς
3500 3092 3681 3161 ἐκφω-

2109 3163 2317 3240 νήὰεῶς
2345 3163 2481 3221 εἰσιν
2509 3163 2735 3238 ὄργανα.
2763 3165 2822 3217 D.
2860 3165 2910 3228 1,
2939 3164 3039 3220 ΟΧ.
3072 3164 3226 3216 Ἐστι
3253 3163 3423 3217 solum
3448 3173 3677 3222 mutant.

2109 3239 2225 3293 loco
2245 3239 2399 3298 εἰσίν,
2436 3239 2498 3290 Α.
2532 3239 2582 3301 1,
2607 3237 2661 3290 2.
2701 3232 3033 3302 Ἑκφύσεως,
3057 3232 3173 3288 loco
3199 3233 3574 3302 ὲκφυσήσεως,
3603 3229 3677 3284 Μ.

2108 3237 2225 3293 loco
2245 3239 2399 3298 εἰσίν,
2436 3239 2498 3290 Α.
2532 3237 2582 3301 1,
2607 3237 2661 3290 2.
2701 3237 3033 3304 Ἐκφύσεως,
3057 3237 3173 3288 loco
3199 3237 3574 3302 ὲκφυσὴσεως,
3603 3237 3677 3284 Μ.

2110 3310 2162 3373 1,
2195 3306 2361 3371 Valla,
2389 3306 2683 3377 efﬂationis.
2716 3303 2892 3377 Nihilo
2919 3304 3092 3357 minus
3115 3313 3291 3377 tamen
3318 3303 3684 3377 ὲκφωνήσεως

2109 3371 2748 3457 praeferendiimvidctur.
2781 3372 2856 3429 De
2883 3387 3014 3428 voce
3048 3374 3191 3428 enim
3219 3382 3275 3427 et
3313 3387 3570 3428 sermone
3619 3371 3676 3425 ιι.

2110 3445 2146 3499 L
2178 3457 2372 3584 (gini;
2405 3512 2621 3584 στόμα,
2649 3511 2797 3584 cono
2817 3527 2890 3584 (ex
2934 3513 3111 3568 vicino
3151 3513 3365 3584 repetit,
3401 3526 3678 3584 organum,

2118 3581 2344 3645 scilicet,
2383 3592 2485 3636 est.
2520 3581 2660 3648 Mox,
2686 3582 3090 3646 διαπλάσσεται,
3108 3581 3322 3637 omissis
3355 3581 3452 3635 κα)⁵
3474 3597 3686 3651 σχημα-

2119 3653 2344 3719 τίζεται,
2367 3653 2432 3707 Α.
2463 3652 2514 3707 3.

2190 3724 2264 3793 (8)
2291 3724 2491 3794 Λόγως
2513 3723 2871 3794 ἐπεχόντων.
2898 3720 3029 3788 Λόγ.
3059 3720 3310 3790 ἐχόντων,
3346 3721 3406 3774 D.
3434 3719 3501 3794 1.
3547 3721 3687 3794 Λόγ.

2119 3791 2428 3863 ἐπέχοντος,
2460 3791 2561 3848 Ox.
2599 3793 2903 3863 Syllahajte
2931 3809 2960 3842 ιι
3004 3807 3148 3863 man.
3176 3791 3592 3863 __rc_c.__addita,
3616 3791 3682 3843 Α.

2119 3864 2173 3917 2.
2208 3859 2605 3927 Ohtinentihus,
2635 3859 2767 3918 Con.
2795 3859 3146 3926 Habentibus,
3176 3859 3475 3926 Vall.Mox,
3503 3860 3693 3930 ἡχίου,

2115 3935 2263 4069 υοῶ)
2301 4001 2410 4056 Τοῦ
2442 3999 2713 4069 σώματος
2750 3999 3114 4066 διανοιξεως.
3144 3999 3250 4052 Τοῦ
3315 3999 3581 4069 στόματος
3608 4000 3690 4054 δι-

2119 4068 2392 4136 ανοίξεως,
2431 4073 2490 4124 D.
2525 4068 2576 4132 1,
2607 4072 2668 4124 A.
2725 4073 2774 4134 1,
2802 4072 2852 4123 3.
2882 4070 2986 4123 Τοῦ
3023 4071 3285 4138 στόματος
3319 4068 3591 4137 ἀνοίξεως,
3619 4073 3686 4123 Α.

2117 4143 2171 4196 2.
2205 4143 2328 4196 Oris
2352 4141 2646 4208 apertione,
2683 4141 2816 4193 Con.
2852 4140 2973 4194 Oris
3005 4137 3161 4203 rictu,
3196 4137 3329 4208 Vall.

2193 4212 2300 4282 (10)
2330 4207 2752 4282 Σὺττελούονης
2772 4227 2826 4263 τι
2845 4209 2941 4263 καὶ
2958 4250 2972 4263 .
2991 4249 3005 4264 .
3027 4248 3042 4262 .
3075 4208 3224 4277 ἦτοι.
3265 4207 3356 4273 Τε,
3391 4207 3508 4262 loco
3528 4224 3601 4271 τι,
3636 4216 3693 4261 οι

457 4296 622 4359 ματος
646 4277 764 4359 καθ’
793 4271 965 4359 ὁρμὴν
992 4271 1091 4331 καὶ¹
1109 4271 1420 4359 προαίρεσιν
1449 4271 1901 4359 amavimus}...
1929 4297 1991 4333 συ
2050 4271 2094 4328 ἰ)
2120 4271 2402 4359 εἴτελοςο
2420 4279 2567 4359 ἦτοι,
2587 4279 2656 4332 Μ.

457 4348 710 4418 στελλομέ
719 4348 940 4420 νωνᾼτῶν
956 4348 1346 4420 λμεσοπλεύρων
1377 4348 1527 4420 μυῶν
1545 4353 1636 4404 καὶ
1655 4348 1758 4404 star
1771 4348 2019 4420 τῆςτραο

453 4419 602 4490 χείας
633 4415 894 4490 ᾁρτηρίας
919 4415 1010 4468 τόν
1039 4417 1176 4490 ἀέρα
1204 4415 1542 4490 πληττούσης
1590 4421 1681 4475 καὶ
1729 4415 2020 4473 stemm-

457 4484 622 4564 μένῃς
761 4484 816 4564 γ’)
828 4484 1004 4564 (in-:13;
1031 4488 1122 4564 καὶ
1157 4484 1559 4564 ἐπιγλωττίδος.

457 4553 480 4682 ὲ
620 4555 748 4680 ἐ(αό
777 4553 847 4606 ἐν
878 4553 1002 4620 ταῖς
1039 4555 1386 4616 διαλέκτοις.
1431 4559 1516 4612 Ἐν
1566 4560 1739 4626 abest,
1769 4560 1831 4615 D.
1863 4561 1913 4622 1,
1952 4561 2013 4613 A.

494 4667 509 4682 .
577 4669 591 4682 .
659 4667 672 4682 .
757 4641 805 4677 τ.

494 4667 509 4691 ,
539 4641 591 4692 '1,
620 4641 672 4688 ο,
707 4641 805 4679 υτ.

525 4697 600 4768 (9)
634 4696 814 4769 Μύες.
843 4696 952 4769 Sic,
986 4695 1075 4750 sed
1096 4710 1331 4769 eerorr.
1357 4712 1463 4751 rec.
1499 4698 1648 4769 μῦες,
1683 4698 1744 4753 D.
1781 4697 1833 4755 1.
1869 4698 2019 4764 Μῦες

453 4765 672 4822 exhibet
706 4768 768 4818 Α.
805 4769 851 4827 l.
874 4767 1031 4836 μύες.
1064 4770 1128 4819 Α.
1155 4765 1210 4820 2.

526 4835 598 4907 (5)
630 4835 1178 4909 Παλινδρομοῦντα.
1223 4835 1389 4909 Prius
1419 4854 1449 4890 ν
1481 4853 1638 4905 supra
1693 4838 1948 4909 scriptum
1988 4856 2016 4894 a

456 4921 604 4962 man.
639 4921 791 4977 _rec.,
836 4909 895 4961 Ι).
935 4910 984 4960 1.
1020 4908 1186 4966 (Juno.
1236 4907 1700 4977 cartilaginosum,
1760 4907 1899 4977 quod
1945 4921 2017 4962 est

455 4975 738 5047 secundum
770 4985 1104 5047 recurrentes
1129 4991 1338 5047 nervos.
1365 4975 1516 5046 Legit
1537 4992 1684 5047 ergo,
1701 4980 1762 5033 τὸ
1782 4975 1934 5033 κατὰ
1951 4978 2020 5032 τὰ

459 5043 704 5113 παλινδρ.
740 5047 843 5102 Sed
872 5045 1038 5110 Valla,
1067 5046 1399 5098 chondrodes
1428 5043 1819 5104 etrecurrentes
1845 5051 2014 5102 nervi.

529 5114 606 5183 (4)
637 5117 746 5169 Kal
779 5119 818 5185 ἡ
858 5115 1121 5186 τλωττίς.
1158 5115 1267 5168 Καὶ
1295 5116 1329 5187 ἡ
1359 5115 1697 5183 ὲπιγλωττίς,
1721 5121 1786 5174 Α.
1827 5118 1883 5184 3,
1918 5116 2019 5173 Ox.

463 5183 631 5237 Valla.
667 5185 866 5237 alotlis.

509 5188 631 5246 alia.
667 5188 866 5248 glottis.

533 5254 608 5325 (ᾗ)
639 5255 717 5325 Τὰ
741 5257 922 5325 μόρια
957 5254 1163 5309 ταῦτα.
1190 5255 1374 5311 Ταῦτα
1397 5257 1463 5311 τά

463 5325 514 5377 1.
551 5322 840 5381 ταῦτα’τᾶ
874 5325 1041 5396 νεῦρα
1077 5325 1258 5396 μόρια,
1287 5326 1351 5381 Α.
1383 5328 1437 5382 3.

463 5408 605 5445 (ξονι.

464 5461 672 5542 habet:
707 5464 771 5542 Et
796 5479 983 5519 omnes
1031 5465 1112 5518 hae
1155 5466 1448 5536 particulzr,
1483 5466 1741 5532 musculi,
1783 5461 2023 5537 adsumu-

466 5540 621 5586 υοηιδ
653 5540 776 5586 sunt
808 5547 1024 5604 organa.

1542 5257 1686 5328 όρια,
1708 5256 1770 5328 Α.
1804 5258 1853 5322 1,
1874 5258 1928 5320 2,
1956 5256 2018 5309 1).

1527 5324 1591 5380 0x
1615 5328 1668 5390 1,
1701 5324 1832 5395 μύες
1879 5337 1933 5380 et
1957 5343 2019 5381 ex

637 5395 790 5465 μῦες,
818 5397 876 5448 D.
913 5395 1060 5449 1.οί
1090 5395 1361 5460 κινοῦντες
1389 5397 1587 5452 omittit
1613 5397 1778 5460 (Juno,
1817 5397 1905 5465 qui
1952 5397 2020 5448 ita
2067 5415 2133 5465 5:15

2188 4352 2297 4417 (ll)
2330 4346 2645 4416 Εὐφωνίαν
2675 4349 2805 4418 ἤτοι
2843 4349 3272 4418 καλλιφωνίαν.
3335 4347 3620 4416 Ευφωνίαν
3655 4346 3691 4416 ἢ

2118 4418 2484 4487 κακοφωνίαν,
2507 4419 2567 4471 D.
2596 4420 2646 4484 1,
2673 4419 2741 4472 Μ.
2765 4420 2814 4476 1.
2839 4419 2940 4472 Sed
2962 4421 3046 4472 hic
3068 4420 3225 4471 habet
3246 4419 3380 4477 εἴτε.
3403 4419 3517 4471 loco
3544 4419 3692 4488 ἦτοι-

2117 4489 2477 4543 Κακοωωνίαν
2505 4489 2662 4543 habet
2705 4493 2864 4542 etiam
2903 4488 2968 4542 Α.
2997 4490 3051 4541 ‘2.
3086 4487 3461 4543 Καλοφωνίαν.
3517 4491 3581 4542 Α.
3628 4487 3682 4540 3.

2171 4502 2477 4549 ακοφωνιαν
2506 4502 2662 4543 ιιιιυρι
2705 4502 2864 4542 οιιιιιιι
2903 4502 2968 4542 Α.
2997 4502 3051 4541 2.
3086 4502 3461 4549 λαλοφωνιαν,
3517 4502 3581 4542 Α.
3628 4502 3682 4540 ἐ).

2123 4504 2477 4559 λακοφωνιαν
2506 4504 2662 4543 habet
2705 4504 2864 4542 etiam
2903 4504 2968 4542 Α.
2997 4504 3051 4541 2.
3086 4504 3461 4555 λαλοφωνιαν,
3517 4504 3581 4542 Α.
3628 4504 3682 4540 ο.

2123 4561 2316 4617 Voluit.
2352 4560 2532 4622 credo,
2552 4558 2914 4628 κακοφωνίαν.
2949 4560 3026 4612 Ad
3047 4561 3235 4611 bonum
3261 4567 3314 4610 et
3344 4559 3463 4611 item
3491 4559 3686 4609 malam

2119 4631 2494 4688 sunoritatem,
2520 4631 2652 4681 (Eon.
2681 4633 2754 4681 Ad
2787 4629 3124 4681 vocalitatem
3147 4642 3237 4680 seu
3265 4629 3415 4680 vocis
3438 4635 3688 4677 venusta-

2122 4709 2248 4762 tem,
2284 4698 2418 4751 Vall.
2455 4697 2820 4767 KaXXttpwvia.
2861 4699 3052 4764 legitur
3104 4698 3242 4765 apud
3266 4695 3504 4767 iDionys.
3543 4694 3695 4767 llali-

2120 4785 2269 4823 earn.
2304 4778 2342 4821 ι.
2370 4769 2428 4830 ΙΙ,
2458 4784 2507 4831 p.
2535 4766 2746 4829 33,37.
2784 4766 2882 4821 Hic
2923 4778 3208 4834 utrumque
3264 4766 3438 4820 locum
3493 4766 3698 4819 habere

2121 4845 2316 4905 pnteSI,
2361 4836 2715 4907 καλλιφωνία,
2749 4847 2806 4891 ιιι
2839 4851 3227 4907 synonytnum;
3261 4835 3598 4907 κακοφωνία,
3636 4847 3700 4889 ιιι

2120 4908 2467 4960 contrarium.
2506 4905 2791 4974 Utriusque
2826 4905 2967 4961 enim
3006 4905 3166 4959 eausa
3193 4922 3315 4960 esse
3347 4905 3694 4972 potest.Cum

2119 4991 2248 5030 vero
2301 4977 2387 5028 vix
2434 4976 2690 5030 credibile
2730 4977 2819 5034 sit.
2851 4991 3174 5045 quemquam
3215 4976 3486 5043 εὐφωνίαν
3523 4976 3694 5042 expli-

2121 5059 2246 5116 care
2273 5046 2454 5116 addito
2486 5045 2849 5116 καλλιφωνίαν
2874 5064 2887 5076 ·
2918 5045 3165 5116 equidem
3184 5047 3407 5116 probavi
3440 5061 3699 5116 κακοφωο

2121 5115 2260 5168 νίαν.
2297 5113 2401 5169 Sed
2435 5117 2506 5184 ita
2537 5113 2714 5170 malim
2743 5115 2905 5168 etiam
2939 5115 2995 5184 ἥ,
3026 5123 3116 5167 aut
3147 5113 3279 5179 εἴτε,
3316 5115 3432 5169 loco
3460 5115 3602 5184 ἦτοι.

2197 5184 2316 5256 (12)
2352 5183 2661 5256 ᾍδόντων.
2688 5182 3032 5256 Αὐλητῶνόι
3053 5200 3080 5237 a
3114 5199 3257 5238 man.
3290 5199 3400 5240 rec.
3426 5182 3518 5254 ῃό.
3547 5182 3704 5254 ᾀδόν-

2117 5235 2263 5315 τωὶιζ
2278 5235 2353 5306 ἱ).
2367 5235 2433 5306 ’1.
2462 5235 2754 5312 esset;
2773 5235 2861 5307 δίΖή
2880 5235 2936 5308 ις

2194 5325 2304 5394 (13)
2343 5323 2474 5393 Cap.
2528 5323 2615 5379 15.
2670 5322 3134 5386 ΙηόειεἊλλωςο
3169 5317 3307 5384 Περὶ
3352 5322 3460 5375 τῶν
3514 5321 3694 5404 μερῷν

3602 5409 3708 5461 της.

2191 5464 2303 5532 (11)
2346 5463 2414 5519 Ἢ
2437 5463 2587 5531 εἴδη.
2617 5464 2688 5516 ’Ἡ
2718 5465 2798 5526 εἰς
2829 5462 2966 5532 εἴδη,
2995 5462 3062 5532 Μ.
3101 5463 3150 5515 1.
3181 5461 3393 5519 Omisso
3427 5462 3542 5527 καί,
3573 5476 3707 5516 ante

2124 5533 2315 5603 ἄλλως,
2347 5535 2564 5591 exhibet
2601 5534 2634 5604 ἢ
2672 5534 2832 5598 είδυς.
2869 5531 2958 5588 Sic
2986 5531 3048 5586 Α.
3079 5532 3127 5586 3.
