4098 6200
313 250 421 324 $33

1573 262 1781 319 NOTAE
1823 264 1889 318 IN
1924 263 2302 322 NEMESIUM.

3489 266 3596 324 834

314 399 439 439 nam
470 381 756 455 producat,
793 382 984 455 altera,
1015 392 1173 452 prout
1204 381 1335 455 olim
1374 379 1790 455 exhibebantur,
1820 384 1905 437 de-
1938 389 1978 445 Α
2009 401 2129 454 gere
2152 385 2357 455 quidem
2388 385 2554 440 ullum
2583 386 2795 447 bonum,
2830 388 2969 455 quod
2990 387 3054 439 sil
3083 384 3373 449 seiunctum
3402 404 3433 439 ιι
3471 387 3594 440 deli-

314 470 420 509 uuo
484 454 742 518 restituit,
810 454 1020 508 sincera
1088 462 1142 507 et
1201 453 1409 523 integra
1464 452 1552 507 illa
1600 469 1903 521 rt-prtesen-

316 534 456 579 tans.
1718 572 1733 587 .

381 595 509 659 Pag.
556 594 643 649 9|.
686 592 942 647 Πλάτων
994 595 1261 662 σωτηρία
1295 592 1658 660 αἰσθήσεως.
1696 593 1818 648 H‘ec
1845 594 1898 647 in

314 661 531 717 Philebo
564 674 891 727 occurrunt,
921 672 977 718 ut
1020 674 1073 718 et
1094 680 1214 732 qua:
1236 667 1301 717 de
1342 664 1611 718 oblivione
1638 675 1693 718 et.
1746 666 1906 719 remi—

315 736 581 788 niscentia
613 743 942 802 sequuntur.
980 733 1049 787 At
1092 750 1197 789 non
1225 748 1288 787 ea
1325 734 1494 787 solum
1538 735 1902 801 meminimus,

311 820 436 873 qnze
470 819 723 857 sensuum
760 804 1109 857 internuntiis
1142 804 1486 873 percipimus,
1519 806 1612 859 sed
1637 805 1799 859 etiam
1824 805 1907 871 ju-

312 875 454 928 dicia
491 887 542 927 et
578 875 856 927 ratiocinia
889 875 957 928 de
986 875 1144 927 rebus
1186 889 1214 927 a
1257 875 1481 927 materia
1526 876 1905 929 remotissimis

315 945 498 997 habita
534 961 547 996 :
588 956 729 999 recte
751 952 929 997 autem
967 956 1157 998 auctor
1188 953 1372 998 noster
1398 945 1509 1000 haec
1540 960 1603 997 ex
1636 946 1903 999 accidenti

316 1026 371 1068 rt
404 1016 561 1083 quasi
595 1015 913 1068 secundario
956 1016 1229 1068 memoria:
1268 1018 1581 1069 transmissa
1632 1016 1780 1077 dicit,
1832 1017 1906 1067 si-

316 1088 537 1151 quidem
587 1101 762 1155 rernm
808 1084 1233 1155 intelligibilium
1292 1085 1424 1138 idctr
1468 1086 1903 1155 pilantasntatmn

296 1157 441 1207 ’loco
473 1156 633 1207 menti
662 1153 1007 1217 objiciuntur.

392 1226 519 1292 γης.
546 1226 634 1277 92.
680 1225 774 1289 Ὧς
810 1223 875 1276 τὸ
896 1220 1049 1276 εἶναι
1081 1222 1245 1275 ϐδεῖν.
1281 1223 1336 1276 Si
1366 1224 1627 1292 inprimis
1659 1225 1899 1278 notioni-

296 1292 422 1348 ibus
465 1296 766 1365 ἀνάμνησιν
806 1309 954 1346 suam
986 1304 1252 1356 eoa-recal,
1286 1296 1424 1347 idem
1460 1294 1572 1349 fere
1603 1297 1727 1361 erit,
1761 1312 1823 1349 ac
1859 1296 1902 1348 si

321 1366 636 1417 instinctum
670 1365 906 1415 dixisset.
1444 1366 1473 1375 ‘

378 1433 517 1502 Pag.
546 1434 635 1488 95.
684 1432 913 1498 Ἐπειδὴ
953 1431 1021 1485 δὲ
1056 1431 1177 1485 τῶν
1202 1433 1565 1497 αἰσθήσεων.
1612 1435 1736 1489 llzee
1763 1434 1903 1502 apud

314 1504 583 1558 Galenum
610 1504 878 1559 habentur
908 1505 956 1554 in
986 1504 1119 1555 libro
1148 1503 1222 1555 De
1254 1507 1426 1566 oculo,
1458 1508 1501 1559 si
1537 1509 1693 1561 modo
1714 1505 1903 1560 Galeni

314 1590 505 1628 revera
538 1574 643 1637 sit;
681 1589 800 1624 nam
830 1574 967 1638 apud
1002 1574 1219 1626 crit:cus
1252 1577 1547 1628 dubitatur.

386 1644 514 1711 Pag.
558 1644 645 1698 9!.
692 1641 970 1714 Τοιοῦτον
994 1642 1322 1712 ἀναῃράεοει
1344 1647 1641 1714 Γαληνός.
1674 1645 1793 1699 Lib.
1832 1645 1905 1700 De

312 1714 445 1768 locis
480 1714 706 1781 n/fertis,
739 1728 790 1765 c.
822 1712 875 1764 2.

385 1780 519 1853 Pag.
540 1784 626 1837 96.
660 1782 872 1848 Ζήνων
896 1780 964 1833 δὲ
987 1786 1018 1835 ό
1048 1786 1326 1851 Στωϊκός.
1353 1784 1478 1839 llzec
1501 1802 1603 1839 non
1631 1786 1784 1841 aliter
1802 1786 1903 1841 Ze-

324 1855 454 1908 noni
497 1853 833 1926 imputanda,
868 1858 1287 1926 quamdncibns
1332 1857 1490 1908 tribui
1530 1858 1704 1911 solent
1750 1873 1902 1926 quae-

314 1938 531 1997 cunque
556 1922 656 1976 sub
681 1939 867 1997 eorum
893 1924 1146 1990 auspiciis
1171 1938 1451 1993 geruntur.
1497 1927 1703 1980 Revera
1730 1922 1904 1997 Cltry-

315 1996 504 2063 sippns
561 2003 614 2046 et
672 1994 923 2064 ejusdem_
951 2008 1208 2059 sequaces
1243 1997 1293 2047 in
1342 2000 1596 2064 prmtlicta
1634 1994 1900 2051 sententia

314 2060 492 2118 erant.
542 2065 611 2116 At
643 2060 855 2115 sililes
882 2060 1239 2128 Tertulliano,
1282 2060 1398 2133 cap.
1444 2068 1530 2130 H,
1574 2069 1647 2121 De
1699 2069 1900 2131 (mima,

316 2134 467 2189 Zeno
514 2133 568 2186 in
615 2141 724 2186 tres
770 2142 949 2198 partes
1006 2134 1203 2189 divisit.
1256 2134 1483 2207 Cautius
1526 2153 1652 2207 ergo
1696 2137 1906 2191 Plutar—

321 2207 481 2268 chus,
537 2218 694 2274 quem
742 2213 940 2274 auctor
984 2217 1168 2274 noster
1214 2207 1300 2260 hic
1339 2206 1451 2260 fere
1483 2206 1786 2274 descripsit,
1826 2209 1904 2262 sic

322 2275 576 2343 preponit
599 2289 614 2326 :
636 2273 864 2347 Στῳῖκοὶ
898 2272 955 2339 ἐξ
985 2273 1129 2347 ὀκτὼ
1157 2276 1337 2347 μερῶν
1379 2294 1510 2347 φασι
1560 2272 1900 2341 συνεστάναι,

316 2356 371 2397 et
394 2346 618 2417 demum
657 2345 890 2417 animam
928 2348 1020 2417 ‘sic
1066 2345 1400 2400 instructam
1430 2356 1709 2417 comparat
1741 2348 1905 2401 πολύ-

310 2413 479 2476 ποδος
513 2412 859 2476 πλεκτάναις,
897 2412 1072 2475 cirris,
1109 2431 1228 2468 cum
1265 2417 1461 2484 quibus
1500 2412 1569 2470 Μ’
1594 2419 1789 2471 animal
1827 2420 1905 2471 vi-

312 2486 440 2538 cina
465 2484 644 2538 omnia
682 2484 1056 2549 apprehendit,
1089 2500 1389 2541 sconimate
1422 2488 1553 2541 satis
1596 2490 1803 2541 urbano
1850 2489 1901 2541 in

322 2555 467 2620 illos,
501 2554 592 2621 qui
639 2552 941 2623 κατάληψιν
972 2568 1123 2607 suam
1164 2557 1391 2609 subinde
1433 2559 1766 2622 ingerebant.
1804 2557 1906 2612 E0—

311 2630 446 2749 ¢glem
476 2625 634 2705 modo
657 2623 918 2694 Diogenes
946 2624 1193 2680 Laertius
1229 2642 1244 2678 :
1269 2627 1405 2680 Φασὶ
1443 2626 1539 2697 τὴν
1567 2628 1743 2699 ψυχὴν
1766 2624 1904 2682 εἶναι

346 2711 627 2749 metuam.

346 2711 456 2749 κτα
462 2711 530 2763 με
538 2711 603 2763 ρη
614 2733 627 2746 .

691 2763 1123 2832 Ἀριστοτέλης.
1154 2764 1391 2818 Allectus
1427 2767 1633 2821 versati
1671 2768 1724 2821 in
1755 2777 1907 2835 parte

311 2836 512 2906 anima;
566 2835 868 2906 _irration_ali
928 2837 1080 2888 docet
1147 2836 1495 2906 philosophus
1543 2838 1636 2890 lib.
1674 2836 1901 2906 ili/1a.,

311 2904 529 2978 capLS;
566 2903 658 2958 lib.
689 2919 750 2959 nt
779 2904 856 2978 De
891 2907 1245 2978 animmcap.
1274 2903 1419 2978 ί9;”ιι
1468 2905 1647 2977 Topic.
1684 2922 1808 2978 cap.
1848 2903 1903 2976 7,

308 2973 580 3043 et'Topt‘c.
609 2989 648 3028 ιι
677 2990 794 3042 cap.
826 2974 880 3041 5,
910 2983 963 3027 et
994 2975 1118 3028 abbi
1144 2977 1363 3042 passim.

384 3044 516 3114 Pag.
551 3043 638 3099 98.
685 3043 883 3112 Πάθος
928 3043 1059 3098 ἐστὶ
1103 3045 1364 3114 κίνησις.
1428 3045 1565 3102 lluie
1604 3048 1902 3104 definitioni

308 3115 439 3170 addi
486 3114 644 3181 solet,
693 3116 835 3182 quod
887 3116 1051 3168 motio
1101 3116 1200 3171 ista
1246 3118 1316 3170 sit
1364 3132 1484 3170 cum
1526 3134 1630 3172 non
1669 3120 1899 3175 naturali

288 3185 613 3240 ‘mutatione
645 3184 908 3258 corporis,
939 3200 1107 3258 quam
1126 3185 1338 3258 κίνησιν
1365 3187 1629 3258 αἰσθητήν
1650 3190 1780 3243 dicit
1804 3204 1900 3244 au-

284 3265 437 3326 ‘ctor
465 3263 672 3326 noster.
698 3253 757 3307 In
790 3256 890 3308 bac
917 3253 1011 3308 eos
1038 3253 1246 3321 πάθουςέ
1277 3253 1620 3326 bomonyinia
1653 3260 1748 3311 ιοιί
1774 3269 1900 3314 sunt

313 3324 510 3391 Stoici,
542 3325 634 3392 qui
674 3335 930 3398 tanquam
959 3327 1173 3398 morbos
1214 3334 1267 3380 et
1295 3324 1645 3398 aegritudines
1672 3327 1898 3384 allectus

313 3405 663 3469 aversantur,
717 3404 771 3469 et
820 3396 1434 3469 perindecssevolunt,
1478 3407 1533 3451 ιιι
1561 3398 1756 3469 aliquis
1782 3400 1900 3455 illos

315 3464 595 3539 moderari
645 3465 840 3535 cupiat,
885 3480 964 3539 ac
1023 3465 1067 3539 si
1116 3467 1241 3539 velit
1276 3467 1485 3539 modice
1530 3464 1811 3539 :egrotare,
1845 3479 1901 3524 et

314 3552 441 3589 cum
496 3535 705 3589 ratione
758 3535 986 3601 quadam
1042 3535 1296 3591 insanire.
1356 3535 1605 3592 Eosdem'
1646 3555 1776 3594 vero
1820 3540 1902 3593 af-

312 3604 514 3678 fectus,
540 3615 1015 3678 quantumcunque
1036 3608 1528 3678 subpatbematum
1557 3611 1774 3663 nomine
1793 3609 1901 3664 dis-

310 3676 574 3745 plieeant,
599 3676 699 3730 sub
732 3675 1026 3738 εὐπαθείας
1059 3675 1215 3731 titulo
1246 3677 1477 3730 libenter
1500 3678 1896 3746 amplexantur.

313 3747 429 3801 Sed
455 3745 693 3800 solemne
723 3747 863 3813 apud
891 3746 1021 3800 istos
1040 3754 1141 3812 est,
1170 3750 1237 3801 de
1271 3760 1461 3800 vocum
1496 3745 1738 3815 apicibus
1760 3748 1900 3804 bella

350 3831 528 3871 erere.

310 3832 528 3956 seligant;
545 3884 668 3939 101.
699 3883 830 3938 Τῶν
857 3883 1120 3956 ἡδονῶν.
1131 3883 1269 3956 _Htec
1295 3883 1406 3940 fere
1422 3886 1489 3941 ad
1516 3894 1748 3942 mentem
1771 3886 1899 3942 Διὶ-ι

314 3952 531 4029 stotelis
562 3956 811 4029 dicuntur
842 3952 967 4008 Em.
999 3955 1067 4009 ad
1092 3952 1403 4009 Nicomach.
1440 3956 1532 4012 lib.
1564 3973 1622 4023 ι,
1663 3960 1901 4029 quinque

312 4026 911 4098 prioribuscapitibus.

387 4094 518 4165 Pag.
554 4090 872 4149 102ζΚατὰ
899 4091 1047 4149 Θεὸν
1067 4090 1256 4155 ζῶντι.
1287 4095 1388 4164 Qui
1418 4095 1599 4152 seaculi
1633 4097 1792 4153 rebus
1817 4113 1901 4151 vas

314 4168 627 4240 ledixeruut
664 4174 720 4240 et.
759 4167 1046 4240 asceticatu
1080 4168 1243 4240 vitam
1289 4167 1784 4239 perfectionemque.
1816 4168 1901 4240 (ut

312 4237 535 4307 plurimi
562 4236 709 4307 loqui
741 4237 950 4307 amant)
985 4235 1381 4307 ingrediuntur.

388 4306 516 4376 Pag.
550 4305 672 4359 105.
711 4303 1086 4376 Τὴν-ἡδονὴν
1117 4303 1378 4375 γένεσιν.
1410 4307 1612 4363 Contra
1642 4310 1781 4364 banc
1807 4310 1900 4364 de-

314 4374 640 4450 ﬁnitiOnem,
669 4391 791 4443 qua:
836 4374 1082 4450 Platonis
1128 4374 1218 4431 est
1271 4379 1323 4432 in
1366 4376 1607 4442 Philebo,
1662 4380 1900 4450 disputat

2008 461 2142 508 catis
2166 454 2229 508 et
2271 454 2501 508 obscenis
2545 454 2913 523 voluptatibus,
2940 466 2995 509 ut
3015 456 3207 511 Cicero
3235 456 3307 510 De
3334 466 3444 510 ttat.
3472 457 3595 509 deo-

2008 542 2145 589 rum,
2179 541 2234 587 n,
2273 526 2320 578 1.
2357 524 2463 579 Sed
2511 541 2722 587 revera,
2772 527 2913 595 quod
2970 527 3109 580 idem
3157 527 3346 579 Cicero
3399 527 3598 595 saepius

2006 600 2285 666 admouet,
2320 594 2447 648 illttd
2473 595 2540 650 de
2572 594 2864 666 indolentia
2894 597 3083 666 dogma
3114 595 3178 648 ad
3210 594 3593 666 Hieronymum

2010 665 2279 733 llltodinm
2323 674 2582 730 tanquam
2620 665 2735 730 ejus
2766 665 3028 732 peculium
3072 668 3326 733 pertinet.

2077 730 2207 803 Pag.
2245 734 2367 789 105.
2403 730 2847 803 Ἀριστοτέλης.
2884 734 3028 798 Ιιίιις,
3064 730 3183 803 qute
3210 735 3474 803 sequitur,
3500 751 3588 802 pe-

2008 805 2212 870 riodus,
2247 806 2394 871 prius
2425 806 2686 867 omissa,e
2715 822 2842 859 mss.
2907 807 3104 858 nostris
3136 806 3525 874 suppeditautr.

2079 875 2205 941 Pag.
2235 874 2356 928 108.
2406 874 2519 943 Τῆς
2544 874 2611 928 δὲ
2642 876 2850 943 λύπης
2882 875 3139 944 ὄργανον
3168 873 3456 943 totum
3489 873 3599 943 τῆς

2011 947 2269 1011 κοιλίας.
2314 944 2566 998 Fortasse
2612 950 2811 999 rectius
2858 946 3158 1011 subjectum
3206 947 3326 1013 quis
3378 947 3596 1003 dixerit,

2007 1033 2167 1083 quam
2208 1019 2649 1069 instrumentum.
2694 1015 2798 1069 Sed
2836 1016 3190 1077 liclntontius,
3218 1028 3267 1068 et
3305 1016 3347 1066 si
3382 1017 3472 1081 qui
3506 1015 3596 1067 alii

2005 1096 2148 1146 Sunt,
2184 1086 2380 1153 quibus
2420 1086 2488 1138 ita
2522 1086 2734 1138 animus
2773 1097 2854 1137 est
2884 1086 2936 1138 in
2970 1085 3189 1152 patinis,
3218 1096 3271 1136 Ill
3305 1085 3355 1137 in
3394 1088 3597 1137 ventri-

2005 1156 2128 1209 culo
2188 1155 2388 1208 mentis
2437 1156 2619 1208 sedem
2670 1157 2969 1225 posuerint.
3001 1154 3124 1221 jure
3168 1156 3361 1208 merito
3409 1170 3600 1221 sensus

2006 1225 2181 1277 multis
2222 1240 2325 1277 non
2352 1228 2529 1278 modo
2566 1224 3004 1288 instrumenttnn,
3048 1226 3141 1279 sed
3177 1227 3440 1295 originem
3479 1224 3600 1279 fon-

2009 1305 2223 1362 temque
2249 1295 2703 1347 cxistimaverint.

2077 1365 2209 1417 lbid.
2244 1365 2519 1431 Γαληνὸς
2552 1366 2621 1418 ἐν
2651 1364 2731 1430 τῷ
2757 1365 2947 1431 τρίτῳ.
2983 1364 3404 1419 Commentariis
3451 1364 3598 1418 scili-

2005 1443 2092 1515 cet
2139 1436 2193 1491 in
2245 1433 2592 1504 Prognostica
2626 1435 2985 1505 Hippocratis,
3020 1438 3085 1489 de
3114 1452 3217 1506 qua
3252 1451 3308 1489 re
3348 1435 3599 1505 superius

2011 1520 2243 1558 Cﬂlllllls.

2396 1571 2601 1640 Ῥίζαις
2625 1573 2693 1627 δὲ
2713 1578 2772 1628 αἱ
2800 1575 3041 1644 φλέϐες.
3071 1575 3144 1627 Ita
3180 1574 3386 1629 similes
3411 1575 3601 1628 volunt

2006 1645 2159 1717 Plato
2189 1653 2242 1699 et
2278 1644 2623 1709 Aristoteles,
2662 1657 2718 1699 ut
2745 1648 2904 1700 homo
2946 1649 3075 1717 ipsis
3106 1647 3178 1700 sit
3207 1654 3411 1699 tantum
3441 1647 3598 1715 plano

1938 1745 1978 1799 Β
2010 1724 2063 1768 ta
2081 1716 2331 1799 iuver-sa;

2541 1746 2559 1769 l

2080 1784 2208 1850 Pag.
2241 1785 2361 1856 115.
2386 1785 2870 1855 Διαστελλομένη
2894 1784 3013 1855 μὲν
3031 1787 3100 1839 ἐκ
3121 1786 3259 1841 τῶν.
3294 1786 3345 1838 In
3385 1787 3601 1856 sangui-

2007 1857 2094 1911 nis
2124 1854 2476 1909 circulatione
2512 1854 2725 1909 arteriai
2759 1854 3114 1926 paeuinaticm
3151 1859 3371 1909 trahunt
3401 1872 3466 1908 ex
3492 1854 3602 1909 'veo

2007 1942 2074 1980 na
2106 1941 2257 1991 cava,
2309 1936 2365 1979 et
2413 1927 2610 1979 arteria
2669 1943 2860 1995 magna
2902 1942 2967 1980 ex
3005 1929 3152 1979 venis
3204 1926 3598 1995 pnentnonicis,

2007 2006 2298 2062 utrumque
2331 2004 2508 2048 tamen
2545 1996 2814 2050 mediante
2848 1998 3030 2049 corde.
3066 1996 3123 2050 Si
3160 1997 3473 2056 addidisset,
3510 2011 3599 2049 ve-

2010 2081 2105 2119 nas
2147 2066 2272 2118 alibi
2310 2066 2525 2119 trahere
2559 2080 2623 2118 ex
2669 2067 2882 2120 arteriis
2920 2066 3312 2133 adjacentibus,
3343 2066 3480 2119 niltil
3518 2079 3600 2118 re-

2007 2136 2149 2190 etius
2185 2136 2290 2189 diei
2323 2136 2603 2203 potuisset.

2079 2205 2214 2259 Ibid.
2262 2205 2640 2274 Ἀϐουλήτως
2663 2205 2797 2275 γάρ.
2833 2205 2990 2260 Certa
3019 2221 3117 2260 nec
3142 2206 3390 2261 evitanda
3423 2209 3601 2273 impn-

2009 2274 2141 2329 ritas
2176 2290 2241 2328 ex
2278 2277 2389 2343 lege
2430 2274 2823 2330 Mosaica’binc
2868 2278 3216 2344 sequebatur,
3250 2279 3403 2340 adeo,
3456 2286 3513 2330 ut
3552 2277 3599 2330 si

2009 2347 2135 2412 quid
2173 2345 2275 2398 tale
2316 2345 2486 2412 pridie
2527 2346 2632 2398 diei
2676 2344 2951 2413 Kippurim
2996 2347 3292 2406 itteidiSSet,
3330 2348 3381 2398 in
3423 2347 3601 2400 subsi-

2009 2416 2113 2466 diis
2145 2416 2339 2466 summi
2366 2415 2661 2468 sacerdotis
2689 2417 2864 2483 Sagan
2898 2430 2993 2467 ceu
3018 2417 3250 2468 vicarius
3276 2415 3597 2477 habebatur,

2009 2484 2098 2552 qui
2134 2485 2313 2535 munia
2354 2484 2469 2547 ejus
2496 2483 2690 2536 obiret.
2728 2484 2779 2535 lu
2818 2484 3124 2536 Christiana
3164 2483 3401 2537 Ecclesia
3444 2484 3600 2537 aliter

2014 2564 2218 2605 aetum.
2253 2552 2486 2607 Proinde
2517 2552 2831 2607 Timotheus
2856 2554 3257 2605 Alexandrinus
3289 2555 3338 2604 in
3374 2568 3596 2622 respou-

2010 2624 2086 2676 sis
2117 2624 2417 2677 canonicis.
2447 2624 2547 2675 sub
2583 2624 2894 2675 conditione
2924 2633 3128 2674 tantum
3155 2640 3180 2673 a
3207 2624 3378 2675 sacris
3408 2638 3601 2676 arcen—

2011 2693 2108 2746 dos
2135 2691 2548 2763 ὀνειραςθὲντας
2574 2695 2757 2763 docet,
2790 2694 2850 2763 Ei.
2890 2692 2988 2762 μὲν
3028 2693 3312 2745 ὑπόκειται
3335 2693 3602 2763 ἐπιθυμία.

2012 2761 2288 2830 γυναικὸζ,
2320 2763 2423 2815 οὐκ
2450 2761 2671 2831 ὀφείλειο
2727 2763 2775 2813 εξ
2805 2762 2862 2814 δὲ
2890 2761 2917 2814 ὀ
2948 2763 3188 2824 Σατανᾶς
3222 2762 3471 2831 πειράζει
3503 2761 3600 2814 a6-

2007 2832 2121 2895 τὸν,
2152 2831 2239 2913 iv;
2266 2833 2354 2885 διὰ
2382 2833 2484 2913 εεῆς
2512 2834 2839 2913 τξρφφάσεως
2868 2832 3075 2913 causa;
3109 2832 3469 2913 ὰᾎλοῖριῶται
3498 2833 3601 2903 τῆς

2011 2903 2297 2966 κοινωνίας
2350 2902 2459 2956 τῶν
2528 2902 2686 2955 Θείων
2751 2903 3086 2974 μυστηρίων,
3146 2902 3349 2971 ὀφείλει.
3412 2902 3603 2957 κοινω-
3685 2928 3691 2934 υ

2013 2975 2215 3123 ῒεῖξὲιε.
2408 3042 2791 3123 Ἀναφέρετᾳι
2817 3042 2947 3113 γάρ.
2972 3042 3107 3123 _lltcc
3135 3058 3254 3111 quae
3278 3050 3598 3123 sequuntur,

1931 3104 1974 3162 Ο
2008 3104 2210 3179 duplici
2256 3104 2599 3181 Hippocratis
2622 3104 2936 3166 'tcstiun'inio
2970 3114 3104 3166 freta
3131 3104 3276 3178 sunt,
3304 3104 3372 3165 ρι’
3386 3112 3599 3179 quidem

2005 3198 2105 3236 nec
2151 3183 2285 3236 satis
2337 3185 2487 3235 lit-ma
2545 3183 2624 3238 vel
2674 3183 2754 3236 bis
2792 3183 3092 3236 allirmante
3140 3183 3271 3237 Coo.
3318 3183 3367 3235 is
3420 3194 3600 3236 autem

2004 3253 2170 3306 verba
2201 3253 2313 3305 lucc
2344 3250 2506 3306 liabet
2539 3254 2631 3306 lib.
2668 3254 2803 3320 Περὶ
2832 3252 3042 3320 ἀέρων,
3083 3250 3340 3311 ὑδάτων.
3377 3252 3599 3313 τόπων.

2003 3321 2116 3376 fere
2149 3324 2259 3393 sub
2283 3321 2441 3393 linem
2480 3339 2510 3393 :7
2539 3338 2748 3376 neeum:
2785 3324 2835 3375 in
2891 3326 2984 3376 lib.
3018 3322 3156 3389 Περὶ
3191 3322 3397 3393 γονῆς,
3442 3338 3600 3388 quem

2007 3400 2187 3445 tamen
2220 3390 2459 3462 Galenus
2498 3392 2683 3462 Polybi
2729 3408 2847 3447 esse
2893 3395 2987 3446 ait.
3021 3394 3125 3446 Sed
3159 3394 3291 3447 littes
3330 3390 3402 3445 sit
3436 3407 3603 3459 penes

2002 3471 2275 3516 auctores.
2308 3460 2559 3528 Quotidie
2589 3460 2705 3518 fere
2735 3464 2874 3532 apud
2904 3478 3000 3517 nos
3034 3477 3184 3517 vena:
3217 3463 3491 3531 jugulates
3521 3466 3604 3518 in-

2002 3531 2257 3586 ciduntur
2292 3549 2306 3585 :
2341 3541 2397 3585 at
2431 3533 2576 3586 nulla
2605 3531 2862 3587 sterilitas
2884 3533 3079 3587 exinde
3110 3534 3263 3603 sequi
3301 3535 3604 3602 deprehen-

2002 3615 2062 3673 sa
2104 3613 2207 3657 est.
2237 3603 2394 3671 Apud
2424 3614 2634 3658 veteres
2667 3604 2884 3673 quidem
2920 3605 3217 3657 inoleverat
3258 3603 3345 3656 illa
3382 3613 3602 3658 senten-

2005 3671 2100 3735 tia,
2137 3686 2369 3740 corpora
2401 3684 2583 3726 nostra
2611 3671 2763 3742 quasi
2793 3673 3056 3742 symbolis
3086 3690 3113 3724 a
3145 3673 3372 3742 singulis
3403 3688 3603 3740 paren-

2005 3748 2119 3793 tum
2181 3743 2440 3795 membris
2490 3744 2836 3810 undieunque
2900 3744 3134 3796 terrasis
3186 3742 3598 3808 coagmentati:

2004 3810 2145 3863 unde
2169 3811 2256 3863 via
2288 3811 2535 3878 quaedam
2564 3813 2816 3878 prtetoria
2850 3811 3133 3864 videbatur
3169 3812 3477 3873 munienda,
3506 3826 3603 3879 per

2002 3893 2165 3946 quam
2215 3880 2283 3932 ab
2315 3880 2580 3933 extremis
2613 3880 2855 3948 partibus
2890 3880 3058 3947 stipes
3101 3882 3218 3934 ista:
3244 3879 3436 3932 deduci
3478 3894 3600 3947 pus-

2002 3949 2131 4020 siut.
2170 3948 2332 4020 Quod
2355 3960 2536 4020 autem
2568 3951 2646 4002 ait
2674 3958 2865 4020 auctor
2892 3960 3094 4020 noster,
3126 3948 3456 4020 ἀναφέρεται.
3489 3949 3600 4020 γὰρ

2003 3964 2131 4002 διιιι.
2170 3964 2324 4014 υιιοιι
2355 3964 2536 4002 autem
2568 3964 2646 4002 att
2674 3964 2865 4003 auctor
2892 3964 3094 4013 noster,
3126 3964 3298 4017 αναφε
3339 3964 3456 4000 erat
3489 3965 3600 4020 γαρ

2003 4016 2221 4090 πρῶτον
2278 4016 2380 4087 μὲν
2427 4018 2518 4071 διὰ
2566 4017 2819 4090 περιόδου
2875 4018 3076 4088 πολλῆς
3141 4020 3222 4083 εἰς
3274 3964 3374 4088 τςιν
3432 4034 3604 4090 κεφα-

2003 4035 2044 4070 π
2083 4034 2221 4071 ωτον
2278 4034 2380 4087 μεν
2427 4034 2518 4071 οια
2566 4034 2819 4090 περιοοθυ
2875 4034 3076 4088 mune
3141 4035 3222 4083 εις
3274 4034 3374 4088 την
3432 4034 3597 4087 κεφα-

2001 4034 2121 4159 λιξν,
2151 4096 2291 4159 etc.,
2343 4103 2471 4142 vero
2501 4103 2604 4143 non
2628 4103 2850 4159 prorsus
2884 4089 3139 4142 abbot-ret
3180 4103 3308 4143 vasa
3337 4089 3597 4159 cbylilera

2002 4157 2365 4229 Pecquetiana
2406 4173 2509 4229 pro
2538 4157 2880 4229 spermaticis
2910 4159 3090 4212 habita
3129 4158 3313 4213 fuisse.

2074 4225 2202 4298 Pag.
2234 4225 2351 4281 115.
2384 4225 2455 4282 At
2484 4225 2883 4300 δὲ’τυναῒκες.
2915 4230 3304 4298 Argumentum
3360 4229 3494 4284 satis
3519 4231 3601 4283 in-

2004 4306 2376 4367 exspectatum
2402 4315 2418 4366 ;
2451 4299 2949 4354 commodissimum
2978 4309 3157 4354 autem
3181 4313 3280 4368 pro
3305 4302 3599 4355 asserenda

2005 4370 2219 4422 arbitrti
2250 4368 2523 4426 libertate.

315 4447 483 4501 etiam
544 4437 763 4502 Aristot.
828 4444 951 4501 Etlt.
998 4447 1091 4499 lib.
1154 4462 1249 4511 vn,
1300 4463 1422 4516 cap.
1471 4450 1559 4512 15,
1593 4437 1659 4504 ἐι
1703 4437 1796 4503 lib.
1841 4466 1897 4513 χ,

2076 4437 2205 4516 Pag.
2236 4438 2357 4516 t_t6_.
2399 4438 2464 4493 '0
2490 4439 2561 4516 es
2582 4439 2788 4516 τένῳν.
2823 4438 3096 4516 Tendines
3119 4453 3312 4495 sensus
3341 4440 3480 4516 sunt
3505 4456 3604 4516 ex-

314 4533 436 4586 cap.
469 4517 523 4571 2.
570 4516 675 4589 Sed
716 4517 950 4571 maxima
996 4531 1121 4585 pars
1151 4516 1449 4583 hominum,
1483 4520 1518 4573 ii
1560 4519 1769 4574 scilicet
1811 4520 1904 4589 qui

315 4596 539 4658 propter
578 4587 875 4654 voluptates
905 4602 964 4641 se
1005 4589 1058 4641 in
1099 4590 1286 4641 urbem
1323 4589 1519 4643 missos
1568 4587 1901 4653 existimant,

316 4657 409 4725 qui
442 4657 630 4709 vivunt
660 4667 717 4710 ut
739 4659 920 4723 edant,
948 4672 1054 4711 non
1085 4658 1250 4711 edunt
1276 4667 1335 4712 ut
1361 4660 1563 4725 vivant,
1591 4658 1733 4713 hanc
1764 4674 1906 4713 mor-

316 4729 474 4783 dicus
507 4736 780 4798 tueantur,
806 4728 1081 4798 siquidem
1103 4727 1156 4780 in
1188 4728 1375 4782 iisdem
1401 4744 1574 4784 tevum
1600 4731 1906 4798 transigunt

313 4808 374 4853 et
417 4797 644 4867 repotiis
685 4797 894 4852 natales
935 4797 1178 4866 quotidie
1219 4798 1514 4853 celebrant.
1560 4797 1906 4854 Meminerint

317 4878 500 4921 tamen
529 4868 631 4920 hoc
658 4868 773 4934 sive
799 4868 1049 4934 aenigma,
1085 4868 1201 4921 sive
1222 4866 1590 4924 deﬁnitionem
1630 4883 1662 4924 a
1685 4869 1905 4925 Platone

316 4938 516 5008 ibidem
554 4938 699 4990 reddi
738 4932 963 5008 ετῌδοιῖὴ
990 4936 1188 5008 ᾁεὶνοι)
1221 4937 1436 5005 γένεσίς
1465 4939 1809 5008 ὲστιν,οὐσία
1846 4939 1904 4993 δὲ

313 5008 418 5061 οὐκ
449 5007 566 5080 ἔστι
602 5005 928 5080 τοπαράπαν
965 5005 1178 5077 ἡδονῆς.
1224 5024 1287 5062 ac
1317 5009 1359 5062 si
1410 5005 1654 5063 abortum
1691 5026 1906 5080 semper

316 5088 507 5146 partus
534 5079 636 5130 iste
663 5077 869 5139 let-crit,
903 5094 1000 5131 nec
1025 5079 1198 5131 vitalis
1229 5082 1408 5148 proles
1430 5080 1625 5135 exinde
1651 5077 1896 5151 sequere-

316 5160 424 5200 llll‘.

386 5217 517 5291 Pag.
554 5213 675 5268 101.
719 5216 1061 5291 Ἐξτικοψος
1097 5215 1184 5291 δέ.
1229 5216 1488 5286 Epicurus
1539 5233 1636 5289 pro
1688 5222 1903 5291 egregia

313 5302 412 5339 sua
465 5288 821 5338 incenstantia
864 5288 1150 5353 aliquando
1185 5302 1452 5341 summum
1498 5288 1694 5343 bonum
1721 5288 1774 5343 in
1816 5288 1903 5343 vo-

313 5357 543 5425 luptate,
571 5356 858 5424 aliquando
892 5358 942 5409 in
981 5357 1294 5423 indolentia,
1318 5359 1526 5412 scilicet
1557 5362 1611 5413 iit
1643 5359 1786 5414 bono
1811 5369 1904 5414 aut

310 5435 500 5497 stante
551 5436 644 5497 aut
699 5430 750 5479 in
800 5437 945 5479 motu
990 5427 1243 5491 collocat,
1301 5428 1591 5497 aliquando
1643 5431 1695 5483 in
1740 5430 1901 5484 εὐθυο

316 5495 421 5567 μίᾳ
454 5506 508 5567 et
532 5496 821 5567 idel'atcalis
850 5497 986 5552 bene
1007 5498 1108 5551 sibi
1139 5500 1340 5552 conscii
1368 5495 1534 5553 animi
1566 5499 1773 5556 deliciis
1795 5514 1906 5557 sta-

319 5566 444 5622 tuit.
479 5566 624 5620 Alibi
650 5578 780 5620 vero
810 5568 1151 5635 prolitcntcnt
1179 5569 1452 5636 audimus,
1479 5566 1547 5625 Se
1574 5587 1677 5625 non
1718 5572 1905 5628 intelli-

391 5699 469 5773 (α)
505 5697 637 5771 Ρυε.
666 5699 790 5758 no.

2008 4509 2375 4581 quisitissitui,
2410 4513 2552 4581 unde
2584 4511 2729 4581 nulla
2764 4513 2971 4564 ratione
2995 4511 3097 4565 dici
3127 4520 3308 4581 queat,
3341 4511 3482 4581 quod
3511 4510 3602 4564 τέ-

2006 4595 2113 4633 νων
2137 4578 2213 4652 sit
2238 4578 2589 4652 ἀναίσθητος.
2614 4580 2840 4652 Oportet
2872 4583 3058 4652 igitur,
3088 4578 3164 4652 uti
3186 4583 3251 4635 de
3281 4578 3601 4652 cartilagine

2009 4653 2169 4723 verba
2201 4648 2315 4704 btec
2350 4648 2739 4723 intelligantur.
2775 4648 2948 4723 Voces
2975 4651 3119 4707 enim
3156 4651 3270 4706 ista:
3291 4648 3598 4722 promiscue

2008 4721 2153 4788 apud
2185 4729 2396 4775 veteres
2428 4721 2558 4776 usui-
2599 4723 2676 4775 ari
2707 4721 2912 4775 solent.

2078 4788 2208 4843 Patr.
2247 4789 2369 4843 121.
2415 4791 2487 4843 Ἠ
2519 4737 2594 4843 δξ
2617 4789 2808 4843 ξανθὴ
2846 4807 2912 4843 γο

2078 4788 2208 4859 Pag.
2247 4789 2369 4845 121.
2415 4791 2487 4846 Ἠ
2519 4788 2589 4843 δὲ
2617 4789 2808 4858 ξανθὴ
2842 4788 2998 4858 χολὴ
3024 4819 3095 4830 --
3125 4791 3425 4847 συντελεῖ.
3456 4790 3600 4847 Inte-

2008 4872 2164 4928 grutn
2210 4861 2354 4915 hunc
2389 4862 2785 4930 paragraphum
2832 4863 3011 4930 legere
3054 4860 3306 4929 dignetur
3352 4861 3598 4918 eruditus

2008 4929 2247 5000 Sylvius,
2282 4940 2337 4983 et
2374 4929 2606 5000 ingenue
2636 4931 2780 4985 dicat
2809 4929 2938 4999 quid
2969 4930 3181 4983 tandem
3212 4933 3410 4987 sentiat
3433 4936 3497 4987 de
3518 4931 3600 4987 fe-

2009 4998 2096 5071 lici
2163 5013 2261 5052 suo
2322 4998 2564 5063 invento,
2632 5016 2741 5071 quo
2796 4998 3027 5071 primum
3082 5010 3345 5053 terrarum
3408 5006 3597 5057 orbem

2008 5069 2198 5142 beasse
2227 5082 2285 5121 se
2323 5080 2507 5138 sperat
2531 5079 2585 5124 et
2614 5068 2893 5136 gloriatur.
2933 5068 3043 5142 l‘lec
3084 5071 3367 5142 pugnitebit
3398 5086 3596 5142 operte,

2007 5138 2077 5202 si,
2110 5152 2229 5206 quae
2268 5142 2432 5192 etiam
2486 5142 2551 5194 de
2597 5142 2801 5207 splene,
2833 5140 3071 5200 renibus,
3117 5138 3409 5208 glautlulis,
3433 5138 3599 5196 'alia-

2010 5220 2240 5274 rumque
2264 5210 2497 5277 partium
2534 5226 2629 5264 usu
2677 5209 2929 5278 deinceps
2969 5218 3315 5277 enarrantur,
3345 5212 3599 5269 conside-

2009 5291 2235 5331 faverit.

2082 5346 2207 5416 Pag.
2231 5346 2367 5420 125.
2405 5348 2973 5420 Ἐμνημονεύσαμεν
2988 5346 3278 5405 ἑκουσίου
3299 5352 3399 5406 καὶ
3420 5353 3622 5410 ὤιον-ι

2008 5416 2172 5472 σίου.
2207 5418 2337 5484 Quae
2372 5416 2673 5488 sequuniur
2712 5423 2777 5474 de
2808 5416 3047 5473 fontibus
3094 5420 3366 5477 actionum
3408 5426 3603 5480 Imma-

2012 5503 2077 5541 na
2092 5502 2233 5563 rum,
2259 5491 2481 5543 omnino
2509 5492 2575 5543 atl
2608 5489 2912 5545 Aristotelis
2938 5496 3173 5543 mentem
3206 5494 3516 5563 exiguntur,
3549 5506 3606 5553 et

2011 5559 2300 5680 Raxiinam
2339 5570 2548 5630 partem
2572 5564 2852 5632 desumpta
2883 5568 3010 5616 sunt
3035 5574 3066 5615 e
3102 5563 3265 5620 tertio
3296 5559 3421 5622 Eth.
3462 5559 3511 5621 1.“
3532 5570 3603 5625 ad

2072 5643 2232 5680 tcom.

2072 5643 2232 5683 tcom.
