4098 6200
434 295 542 361 st’l

436 510 717 526 wmn‘-..‘
750 514 1321 524 ..ρ›----.--α-ο-Μ
1334 516 1457 522 __...~
1482 513 1831 524 -α-..ρο--ν-,οη
1872 515 2219 525 .___—____.

1746 299 2124 357 HIERONYMI
2166 302 2402 359 GHECI

3581 308 3691 367 868

1014 668 1314 785 ΤΟΥ
1370 667 2180 787 ΜΑΚΑΡΙΟΥ
2236 667 3111 785 ΙΕΡΩΝΥΜΟΥ

596 924 930 980 ΔΙΛΔΟΓΟΣ
989 926 1149 979 ΠΕΡΙ
1190 925 1325 978 ΤΗΣ
1362 924 1561 991 ᾹΓΙΑΣ
1603 922 1911 986 ΤΡΙΑΔυΣ,
1952 920 2286 976 ΕΡΩΤΗΣΙΣ
2327 918 2644 972 ΙΟΥΔΑΙΟΥ
2678 918 2859 971 ΠΡΟΣ
2914 918 3051 972 ΤΟΝ
3088 920 3533 981 ΧΡΙΣΤΙΔΝΟΝ.

1120 1394 1639 1476 DIALOGUS
1715 1394 1851 1472 DE
1926 1392 2319 1477 SANCTA
2394 1395 2999 1488 TBINITATE,

1440 1574 1652 1632 mea
1690 1574 1996 1634 JUDIEUM
2036 1576 2125 1632 ET
2164 1558 2666 1634 CHRISTIANUM.

488 1961 726 2014 Juda'us.
785 1958 916 2013 Cum
970 1959 1107 2015 Deus
1157 1958 1301 2016 dicat
1333 1998 1349 2026 ,
1398 1958 1600 2026 Videte,
1645 1958 1815 2014 videte
1861 1957 1999 2029 quod
2026 1960 2079 2023 Α

416 2069 509 2123 ego
535 2068 672 2119 sum,
698 2067 790 2106 nec
822 2049 960 2106 Deus
984 2060 1059 2105 est
1079 2060 1269 2120 preter
1296 2067 1376 2106 me
1394 2052 1436 2118 ¹,
1465 2044 1738 2122 quomod'o
1774 2063 1870 2105 vos
1891 2064 2004 2106 cre-

417 2148 546 2203 ditis
593 2156 648 2201 et
672 2145 911 2201 adoratis
948 2143 1188 2210 Patrem,
1234 2159 1393 2215 quem
1435 2159 1534 2201 nos
1575 2143 1744 2200 Deum
1772 2142 2006 2200 conﬁte-

419 2256 561 2305 mur,
597 2251 652 2295 et
677 2237 895 2304 Filium,
928 2246 983 2293 et
1013 2235 1270 2307 Spiritum
1296 2236 1588 2293 sanctum?
1612 2235 1746 2292 Nam
1780 2235 2001 2292 idolola-

418 2343 622 2387 trarum
666 2344 815 2385 more
848 2344 971 2385 cum
1020 2338 1131 2384 tres
1183 2327 1314 2385 deos
1347 2328 1606 2394 doceatis,
1653 2328 1821 2383 Deum
1872 2326 2005 2399 legis

417 2426 590 2492 istius,
632 2423 754 2479 Non
797 2434 872 2479 est
934 2421 1072 2478 Deus
1106 2433 1293 2493 prwlor
1337 2439 1435 2491 nte,
1472 2432 1747 2479 auctorem
1792 2420 2005 2478 adicitis

414 2515 634 2586 injuria.

485 2610 840 2674 Christianus.
877 2608 1243 2663 Tremendum
1274 2616 1359 2663 est
1389 2616 1445 2663 et
1476 2605 1999 2675 incomprehensibi-

416 2702 465 2756 le
501 2700 819 2769 mysterium
859 2698 1023 2763 Deus,
1062 2699 1244 2768 itaque
1268 2713 1371 2753 non
1395 2713 1501 2752 una
1532 2698 1805 2768 similique
1836 2713 1998 2768 opor-

416 2800 494 2845 tet
544 2805 643 2845 nos
683 2789 997 2845 defensione
1035 2789 1100 2843 ad
1129 2788 1393 2858 quoslibet
1431 2790 1526 2854 uti,
1554 2790 1644 2843 sed
1670 2789 2000 2844 convenien-

414 2892 499 2939 ter
553 2882 839 2950 unicuique
903 2889 958 2936 et
1022 2881 1278 2936 decenter
1338 2881 1403 2934 ad
1467 2880 1851 2951 interrogatum
1916 2896 1999 2936 re-

412 2975 697 3045 spondere.
731 2975 811 3030 Ad
862 2982 914 3029 te
947 2973 1152 3042 itaque,
1189 2970 1390 3036 ιῐυιιειιε,
1439 2981 1494 3026 et
1544 2972 1609 3026 ad
1648 2971 1995 3027 circumcisos

415 3070 507 3139 qui
554 3077 729 3124 tecum
786 3081 949 3121 unum
988 3066 1150 3121 Deum
1189 3065 1389 3130 colunt,
1429 3065 1501 3119 ita
1543 3064 1771 3119 dicimus
1808 3081 1824 3119 :
1855 3062 1998 3119 Con-

415 3159 607 3224 ﬁteris,
652 3156 855 3224 Judace,
910 3157 1076 3213 Deum
1134 3173 1319 3223 unum,
1353 3157 1473 3213 ςαξιί
1519 3166 1574 3213 et
1622 3167 1780 3213 terra:
1827 3158 1998 3214 facto-

311 3271 324 3284 ·
412 3252 570 3307 rem?

483 3344 729 3398 Judwus.
764 3342 978 3410 Utique.

486 3435 839 3490 Christianus.
875 3432 941 3487 Et
969 3431 1143 3501 qualis
1189 3440 1272 3485 est
1316 3430 1405 3485 ille
1446 3444 1604 3499 quem
1654 3428 1787 3485 colis
1831 3429 1991 3495 Deus,

414 3527 555 3581 unde
586 3534 678 3579 aut
706 3524 794 3579 ubi
826 3532 929 3589 est,
960 3533 1013 3576 et
1043 3520 1313 3591 quomodo
1341 3519 1495 3574 sedet
1526 3520 1606 3575 vel
1648 3529 1912 3586 movetur,
1941 3529 1997 3575 et

415 3616 686 3687 quomodo
714 3615 951 3685 loquitur
980 3624 1034 3670 et
1068 3614 1200 3667 vivit
1229 3624 1284 3667 et
1315 3613 1533 3668 videtet
1563 3612 1749 3681 tangit,
1780 3623 1827 3667 et
1858 3626 1993 3681 quo-

414 3709 574 3765 modo
597 3707 1073 3779 comprehenditur
1103 3705 1271 3777 ipsius
1295 3705 1572 3777 potentia?

483 3889 728 3944 Judwus.
776 3887 1011 3945 Omnino
1051 3885 1633 3954 incomprehensibilis,
1686 3887 1989 3940 incontem-

410 3982 626 4053 plabilis
662 3992 715 4036 et
754 3978 1137 4036 inenarrabilis
1157 3976 1434 4044 Deus‘est,
1470 3987 1524 4034 et
1546 3978 1807 4049 sapientia
1832 3986 1887 4034 et
1909 3979 1988 4034 vis

408 4086 667 4132 etsermo
690 4082 743 4127 et
774 4072 994 4144 spiritus
1023 4071 1139 4127 Dei.

485 4166 841 4223 Christianus.
874 4164 942 4221 Et
964 4165 1255 4235 quomodo,
1285 4179 1318 4220 ο
1347 4164 1563 4230 stolide,
1596 4180 1625 4219 a
1653 4179 1738 4219 me
1767 4165 1902 4236 petis
1932 4175 2001 4235 ut_

408 4259 506 4315 tibi
555 4257 730 4315 dicam
776 4257 1048 4329 quomodo
1102 4257 1379 4328 generatio
1433 4256 1707 4327 contingat
1760 4256 1877 4323 Dei,
1932 4270 1987 4312 et

407 4352 678 4423 quomodo
706 4347 901 4405 Filiqu
928 4348 1072 4403 Deus
1101 4348 1315 4413 haheat,
1341 4357 1393 4404 et
1415 4347 1630 4417 quando
1650 4358 1701 4402 et
1718 4350 1987 4417 quomodo

2015 1762 2074 1777 —

2185 1960 2247 2013 '0
2283 1959 2591 2028 Ἰουδαῖος.
2624 1961 2733 2015 Τοῦ
2764 1961 2902 2016 Θεοῦ
2945 1961 3217 2032 λέγοντος,
3261 1964 3470 2032 Ἴδετε,
3512 1967 3698 2034 ῖδετεσ

2109 2054 2197 2108 ὅτι
2231 2053 2344 2124 ἐγώ
2371 2058 2509 2124 ειμι,
2550 2054 2649 2109 καὶ
2686 2057 2797 2110 οὐκ
2829 2057 2961 2110 ἐστι
2998 2055 3143 2123 Θεὸς
3179 2057 3348 2127 πλὴν
3377 2059 3548 2129 ἐμοῦ,
3575 2063 3701 2128 πῶς
3808 2108 3822 2119 ρ

2107 2145 2266 2214 ὑμεῖς
2307 2143 2603 2206 πιστεύετε⁵
2633 2145 2728 2198 καὶ
2763 2148 3115 2217 προσκυνεῖτε
3154 2146 3393 2219 Πατέρα,
3437 2149 3497 2203 ὃν
3528 2153 3699 2224 ἡμεῖς
3732 2146 3737 2153 “

2104 2232 2238 2315 Θεὸν
2273 2232 2666 2305 ὁμολογοῦμεν,
2712 2235 2807 2288 καλ⁵
2835 2232 2963 2288 Υῖὸν
2997 2237 3091 2290 καὶ
3118 2235 3272 2306 ἅγιον
3297 2239 3563 2311 Πνεῦμας
3605 2244 3698 2307 '0;

2105 2323 2215 2397 γὰρ
2247 2324 2628 2398 εἰδωλολάτραι
2660 2329 2809 2399 τρεῖς
2837 2326 2990 2392 θεοὺς
3014 2328 3452 2401 δόγμασι-ἕξοντες,
3487 2334 3581 2389 τὸν
3607 2353 3699 2390 νο-

2109 2417 2482 2488 μοθετήσαντα
2525 2417 2679 2484 Θεὸν,
2709 2418 2792 2472 ὅτι
2837 2421 2961 2474 Οὐκ
2993 2419 3125 2474 ἔστι
3155 2421 3300 2489 Θεὸς
3321 2425 3491 2493 πλὴν
3520 2425 3694 2496 ἐμοῦ,

2104 2507 2446 2580 ὲνυὸρίσατε.

2186 2599 2240 2651 '0
2275 2603 2511 2667 πιστός.
2537 2598 2773 2672 Φοὸεροῦ
2808 2599 2902 2655 καὶ
2932 2601 3319 2675 ἁκαταλήπτου
3352 2604 3697 2676 ὑπάρχοντος

2102 2690 2200 2744 τοῦ
2230 2693 2357 2764 περὶ
2389 2692 2528 2753 Θεὸν,
2565 2694 2890 2765 μυστηρίου,
2931 2696 2992 2748 οὐ
3034 2696 3163 2767 μίαν
3197 2697 3317 2750 οὐδὲ
3355 2699 3548 2768 ὁμοίαν
3570 2698 3694 2752 δέον

2102 2784 2250 2853 ἡμᾶς
2282 2783 2549 2853 ποιεῖσθαι
2577 2785 2676 2856 τὴν
2712 2786 3031 2855 ἀπολογίαν,
3058 2786 3194 2840 ἀλλὰ
3224 2788 3552 2859 προσφόρως
3594 2790 3691 2842 καὶ

2103 2876 2425 2946 πρεπόντως
2454 2878 2669 2949 ἑκάστῳ
2705 2879 2977 2950 ἐρωτῶντι
3014 2879 3436 2951 ἀποκρίνασθαι.
3478 2881 3691 2935 Οὐκοῦν

2102 2963 2240 3035 πρὸς
2271 2966 2329 3018 σὲ
2353 2966 2446 3018 τὸν
2484 2966 2736 3021 Ἰουδαῖον
2764 2970 2857 3022 καὶ
2882 2969 3010 3032 τοὺς
3048 2972 3144 3024 σὺν
3171 2971 3253 3025 σοὶ⁵
3282 2972 3692 3044 ἐμπεριτόμους

2103 3054 2402 3127 μοναρχίαν
2439 3055 2697 3122 σέϐοντας
2736 3058 2967 3129 λέγομεν
3015 3060 3209 3124 οὕτως’
3267 3062 3602 3132 Ὁμολογεῖς,
3643 3064 3691 3118 ὧ

2113 3145 2353 3211 Ἰουδαῖε,
2387 3146 2519 3203 Θεὸν
2543 3146 2660 3213 ἕνα,
2689 3150 2921 3220 ποιητὴν
2958 3150 3188 3222 οὐρανοῦ
3220 3152 3312 3207 καὶ
3343 3153 3478 3224 γῆς

2177 3321 2247 3387 ’οι
2277 3324 2581 3392 Ἰουδαῖος.
2609 3328 2735 3383 Nai.

2172 3411 2233 3470 '0
2260 3420 2496 3484 πιστός.
2545 3420 2653 3473 Καὶ
2686 3421 2834 3484 ποῖός
2874 3423 3022 3476 ἐστιν
3049 3418 3203 3488 οὗτος
3235 3424 3369 3489 Θεὸς
3394 3425 3455 3481 δν
3480 3427 3684 3496 σέϐεις,

2098 3511 2262 3566 πόθεν
2303 3512 2450 3565 ἐστὶν
2489 3514 2584 3566 καὶ
2618 3513 2724 3566 ποῦ
2759 3514 2910 3582 ﬁeri;
2942 3518 3036 3569 καὶ
3067 3518 3186 3582 πῶς
3213 3519 3447 3592 κάθηται
3469 3522 3563 3574 καὶ
3596 3539 3685 3576 κι-

2098 3606 2304 3668 vei-cat;
2362 3605 2458 3657 καὶ
2506 3606 2624 3669 πῶς
2670 3605 2822 3659 λαλεῖ
2865 3607 2957 3660 καὶ
3002 3608 3068 3680 ζῇ
3096 3610 3189 3663 καὶ
3222 3609 3416 3682 θεωρεῖ
3447 3612 3544 3665 καὶ
3578 3614 3688 3683 ψη-

2097 3697 2372 3765 λαφᾶται;
2426 3697 2520 3749 καὶ
2571 3696 2689 3762 πῶς
2742 3698 3282 3773 καταλαμϐάνεταιή
3322 3703 3549 3774 δύναμις
3585 3705 3686 3759 a6-

2070 3774 2227 3852 ’τοῦς

2177 3882 2243 3934 '0
2277 3882 2573 3948 Ἰουδαῖος.
2609 3884 2835 3949 Πάντως
2880 3886 2962 3939 ὅτι
3003 3886 3385 3960 ἀκατάληπτός
3427 3892 3545 3946 ἔστι
3587 3892 3685 3945 καὶ

2095 3972 2405 4047 ἀθεώρητος
2436 3976 2531 4029 καὶ⁹
2553 3974 2845 4048 ἀδιήγητος
2873 3979 2903 4031 6
2934 3978 3089 4045 Θεὸς,
3143 3981 3237 4034 καὶ
3265 3983 3300 4053 ἡ
3328 3982 3493 4052 σοφία
3522 3985 3620 4037 καὶ
3647 3986 3682 4055 ἡ

1988 4082 2001 4093 '
2098 4067 2248 4136 ἰσχῦς
2269 4068 2362 4120 καὶ
2390 4069 2419 4121 6
2446 4067 2602 4137 λόγος
2629 4069 2804 4123 καὶτὸ
2834 4070 3052 4143 πνεῦμα
3089 4074 3277 4128 αὑτοῦ.

2175 4161 2237 4212 '0
2270 4164 2503 4227 πιστός.
2544 4164 2654 4217 Καὶ
2685 4162 2821 4227 πῶς,
2857 4159 2902 4217 ὧ
2925 4164 3143 4238 ἀνόητε,
3175 4168 3275 4238 ἐμὲ
3309 4168 3565 4234 ἀπαιτεῖς
3596 4170 3680 4223 λέ-

2092 4268 2231 4320 γειν,
2255 4253 2372 4317 πῶς
2400 4255 2547 4308 ἐστιν
2563 4259 2591 4310 6
2609 4256 2765 4322 τόκος
2788 4258 2881 4312 τοῦ
2907 4258 3064 4326 Θεοῦ,
3097 4262 3192 4314 καὶ
3214 4261 3331 4326 πῶς
3357 4262 3471 4334 ἔχει
3502 4264 3630 4317 Υῖὸν
3652 4266 3682 4318 6

2091 4342 2243 4426 Θεὸς,
2278 4348 2372 4400 καὶ
2402 4348 2533 4401 πότε
2559 4351 2653 4403 καὶ
2681 4350 2797 4414 πῶς
2834 4351 3023 4407 τοῦτον
3046 4353 3324 4425 ἐγέννησε,
3359 4358 3453 4410 καὶ
3487 4356 3608 4421 πῶς
3644 4360 3681 4426 ἡ

408 4414 558 4499 illum
608 4440 876 4512 genuerit,
922 4450 977 4494 et
1017 4438 1290 4508 quomodo
1345 4414 1581 4493 Trinitas
1626 4438 1697 4492 sit
1734 4414 1991 4493 trinitas?

2100 4437 2261 4508 Τριάς
2314 4439 2429 4492 ἐστι
2483 4442 2671 4513 τριάς;
2729 4440 2866 4497 Εἰπέ
2918 4461 3009 4515 μοι
3056 4414 3120 4498 σῖ)
3162 4414 3253 4498 τὸν
3284 4414 3449 4499 τόπον

408 4535 582 4591 Dicito
630 4544 684 4589 tu
722 4533 875 4599 mihi,
912 4533 957 4588 si
1003 4542 1177 4601 potes,
1214 4531 1391 4586 locum
1440 4539 1495 4585 et
1530 4530 1890 4598 latitudinem,
1932 4541 1987 4586 et

2100 4530 2291 4596 πλάτος
2329 4533 2423 4586 καὶ
2456 4537 2630 4605 μῆκος
2676 4535 2770 4590 τοῦ
2801 4536 2956 4603 Θεοῦ,
2991 4539 3087 4593 ἐὰν
3114 4538 3263 4612 δύνῃ,
3300 4542 3395 4596 καὶ
3420 4541 3565 4608 λέγω
3596 4559 3680 4596 σοι

405 4628 797 4701 longitudinem
839 4625 956 4692 Dei,
986 4634 1041 4681 et
1072 4622 1248 4679 dicam
1282 4622 1376 4678 tibi
1411 4621 1652 4677 vicissim
1687 4622 1903 4692 quando
1933 4631 1985 4677 et

2100 4623 2245 4692 κάγὼ
2274 4624 2335 4679 τὸ
2372 4626 2501 4680 πότε
2539 4628 2632 4681 καὶ⁸
2675 4627 2793 4691 πῶς
2836 4630 3127 4703 ἐγέννησεν
3159 4635 3187 4686 6
3214 4633 3365 4697 Θεός.
3411 4634 3541 4686 Εἰπέ
3584 4651 3680 4704 μοι

405 4723 680 4794 quomodo
707 4719 951 4793 genuerit
982 4720 1144 4774 Deus.
1187 4716 1281 4772 Die
1327 4727 1382 4770 tu
1427 4715 1556 4771 mihi
1584 4714 1760 4786 qualis
1788 4716 1859 4771 sit
1886 4714 1979 4771 Dei

2100 4717 2176 4780 τὸ,
2207 4718 2385 4780 ὁποῖός
2413 4720 2557 4772 ἐστιν
2590 4721 2617 4772 6
2640 4720 2797 4790 λόγος
2820 4721 2912 4776 τοῦ
2942 4722 3099 4790 Θεοῦ,
3136 4725 3231 4778 καὶ
3263 4727 3381 4793 πῶς
3404 4727 3555 4782 λαλεῖ
3584 4733 3683 4785 αὖα

402 4829 607 4883 sermo,
634 4822 689 4871 et
724 4812 995 4884 quomodo
1026 4810 1172 4866 illum
1200 4809 1340 4866 Deus
1367 4806 1655 4878 eloquitur,
1696 4818 1752 4863 et
1786 4822 1888 4877 ego
1921 4808 1987 4863 ti-

2100 4808 2176 4860 τὸν
2208 4811 2234 4871 ό
2267 4806 2414 4874 Θεὸς,
2452 4811 2546 4863 καὶ
2586 4810 2730 4881 λέγω
2766 4831 2847 4867 σοι
2878 4814 3031 4883 κάγὼ
3064 4817 3180 4882 πῶς
3207 4818 3269 4871 ἐκ
3307 4821 3545 4890 γαστρὸς
3573 4826 3682 4897 πρὸ

405 4909 459 4965 bi
484 4910 658 4965 dicam
688 4920 793 4977 qua
819 4904 1027 4960 ratione
1049 4913 1175 4958 ante
1201 4902 1483 4957 luciferum
1512 4917 1577 4958 ex
1605 4910 1760 4955 utero
1788 4900 1979 4956 Filium

2100 4901 2364 4973 ἑωσφόρον
2393 4902 2681 4970 ἐγέννησεν
2708 4904 2854 4959 Υἰόν.
2881 4906 2944 4958 El
2968 4906 3024 4959 δὲ
3057 4909 3086 4959 6
3111 4907 3268 4979 λόγος
3304 4912 3398 4965 καὶ
3426 4912 3489 4965 τὸ
3516 4915 3682 4969 πνεῦ-

405 4999 767 5071 generaverit.
821 4996 878 5051 Si
912 5010 1042 5050 vero
1081 5005 1135 5049 et
1170 5008 1350 5049 sermo
1397 5000 1453 5048 et
1473 4992 1695 5064 spiritus
1721 4992 1981 5062 locusque

2100 5011 2163 5063 aa
2188 4994 2283 5048 καὶ
2309 4997 2337 5047 6
2358 4995 2520 5061 τόπος
2549 4998 2642 5051 καὶ
2663 4998 2725 5051 τὸ
2749 4998 2882 5069 ὕψος
2913 4982 3009 5055 καὶ
3036 5000 3097 5055 τὸ
3129 5001 3290 5072 βάθος
3313 5007 3409 5059 καὶ
3433 5006 3463 5057 6
3489 5006 3679 5080 θρόνος

403 5101 458 5146 et
486 5090 714 5145 altitudo
753 5090 808 5143 et
849 5084 1185 5158 profunditas
1208 5094 1261 5139 et
1291 5084 1517 5138 thronus
1550 5092 1605 5137 et
1645 5093 1856 5153 tempus
1883 5082 1978 5137 Dei

2100 5086 2177 5140 (αἱ
2214 5088 2245 5142 6
2277 5088 2467 5158 χρόνος
2510 5088 2605 5142 τοῦ
2639 5089 2774 5143 Θεοῦ
2819 5091 3186 5166 ἀκατάληπτά
3214 5099 3340 5161 εἰσι,
3376 5098 3558 5169 δῆλον,
3596 5102 3681 5156 ὅτι

405 5178 968 5251 incomprehensibilia
997 5185 1144 5243 sunt,
1174 5174 1396 5229 evidens
1438 5184 1519 5230 est
1553 5175 1717 5229 etiam
1753 5190 1980 5245 genera—

2100 5179 2176 5232 ta“.
2201 5180 2230 5232 6
2262 5179 2420 5244 τόκος
2451 5181 2616 5235 αὑτοῦ
2644 5182 2884 5255 ἀρῤητος
2917 5186 3013 5240 καὶ
3041 5189 3479 5261 ἀνερμήνευτος.
3533 5194 3682 5267 Ἐρος

405 5273 602 5327 tionem
633 5272 752 5341 ejus
781 5267 1012 5340 exprimi
1049 5267 1227 5322 verbis
1273 5274 1327 5322 et
1362 5264 1621 5336 esplicari
1660 5281 1765 5320 non
1801 5280 1980 5337 posse.

2100 5270 2230 5341 ιένῳ
2278 5270 2335 5324 δὲ
2388 5273 2551 5327 πάλιν
2597 5276 2805 5345 φράσον
2841 5296 2953 5350 μοι,
2989 5274 3045 5335 ὦ
3090 5283 3541 5359 πληῳτράχηλε
3581 5264 3683 5344 καὶ

405 5361 510 5418 Sed
535 5372 593 5416 ut
620 5365 813 5418 iterent
839 5362 1163 5432 interrogem
1200 5366 1270 5426 te,
1306 5358 1457 5414 dura
1483 5357 1712 5414 cervicis
1742 5368 1797 5413 et
1817 5357 1983 5414 incir-

2100 5363 2417 5434 ὶπερίτμητε
2451 5368 2517 5437 τῇ
2562 5369 2757 5441 καρδίᾳ
2799 5364 2844 5425 ὦ
2888 5371 3127 5441 ἰουδαῖε,
3163 5376 3282 5442 πῶς
3312 5357 3603 5451 ἐξέρχεται
3653 5387 3683 5436 6

401 5455 641 5510 eiuncise
673 5454 835 5510 corde
859 5452 1062 5519 Iudaee,
1098 5451 1371 5523 quomodo
1398 5459 1585 5507 noster
1622 5464 1803 5507 sermo
1849 5466 1978 5520 pro-

2100 5456 2347 5527 ιμέτερος
2369 5457 2555 5527 λόγος;
2586 5462 2683 5516 καὶ
2709 5464 2757 5517 εἰ
2783 5464 2944 5520 τοῦτο
2960 5465 3127 5537 δοίης,
3160 5470 3377 5541 ἀντερῶ
3407 5489 3491 5524 σοι
3520 5470 3681 5538 αὖθις

400 5544 616 5601 lertnr?
649 5554 809 5614 atque
838 5546 883 5601 si
921 5546 1024 5603 hoc
1061 5542 1265 5603 dixeris
1306 5544 1460 5611 mihi,
1497 5543 1699 5614 rogabo
1736 5543 1971 5600 vicissim

2100 5547 2255 5616 ςάγὼ·
2286 5550 2494 5605 (νὺκοῦν
2533 5553 2624 5606 καὶ
2664 5554 2814 5628 χείλη
2864 5567 3145 5641 σωματικὰ
3177 5560 3270 5615 καὶ
3291 5562 3552 5632 γλῶσσαν
3584 5568 3679 5621 καὶ

469 5726 489 5760 ¹
532 5724 681 5781 Deut.
712 5738 879 5788 xxxii,
907 5722 993 5777 59.
