4098 6200
405 212 514 272 διο

1514 211 1859 268 MALOGUS
1898 208 1983 263 DE
2026 208 2083 267 S.
2127 210 2518 266 TlilNlTATE.

3556 215 3660 274 850

395 330 615 390 ὀδόντας
643 327 742 381 καὶ
766 326 1014 397 λάρυγγα
1048 324 1186 377 κατά
1216 324 1274 377 σὲ
1295 323 1405 393 ἔχει
1441 328 1469 377 6
1499 327 1630 389 Θεός
1659 343 1673 390 ;
1701 326 1841 379 ὥστε
1871 326 1981 378 λοι-

2096 336 2138 379 le
2167 345 2178 378 :
2213 325 2462 395 Nunquid
2489 336 2543 380 et
2573 327 2710 381 labia
2743 330 3040 398 corporalia
3086 338 3140 382 et
3181 328 3414 400 linguam
3443 341 3499 384 et
3537 332 3669 385 den-

400 420 496 472 πὸν
531 417 629 471 καὶ
663 417 976 487 σωματικὸς
1005 415 1098 467 καὶ
1127 413 1351 477 τοπικὸς
1374 416 1468 467 καὶ
1494 416 1686 484 ὁρατὸς
1718 416 1810 468 καὶ
1833 415 1987 485 περί-

395 509 643 584 γραπτός
691 510 831 570 ἐστι,
870 508 962 560 καὶ
1006 508 1054 559 εἰ
1103 507 1290 571 τοῦτο,
1334 507 1426 558 καὶ
1467 505 1700 568 κτιστός·
1733 507 1840 558 πᾶν
1878 505 1986 576 γὰρ

397 599 712 673 σωματικὸν
737 599 836 652 κα)⁵
859 597 1234 669 περίγραπτον
1269 599 1522 668 πρᾶγμα,
1557 597 1712 667 δῆλον
1750 599 1846 651 ml.
1869 615 1986 650 κτι-

399 691 547 746 στόν.
590 690 727 743 Εἰπὲ
771 689 835 759 δή
891 704 984 758 μοι
1021 687 1228 752 λοιπὸν,
1269 681 1314 739 ὧ
1362 687 1620 758 τολμηρὲ,
1659 689 1754 740 καὶ
1797 687 1876 751 τὸ,
1904 685 1988 751 τίς

399 785 583 848 ἔκτισε
615 784 708 838 καὶ
746 782 973 852 ἐποίησε
1014 781 1106 834 τὸν
1132 780 1289 836 Θεόν.
1331 779 1402 834 Ὠ
1442 781 1540 851 τῆς
1577 781 1675 851 σῆς
1721 779 1988 852 κακίστης

400 877 496 930 καὶ
525 874 932 946 ἀφρονεστάτης
965 871 1310 942 πωρώσεωςῑ
1355 870 1738 941 Ἐρωτὼμενος
1769 870 1878 943 γὰρ
1923 871 1986 924 σὺ

403 963 538 1036 παρ’
565 963 722 1034 ἐμοῦ,
755 961 874 1026 πῶς
899 964 1046 1015 ὲστιν
1073 963 1102 1014 6
1129 961 1286 1029 λόγος
1315 960 1406 1014 τοῦ
1433 960 1589 1022 Θεοῦ,
1616 961 1648 1032 ἢ
1689 961 1838 1014 ποῖόν
1872 963 1988 1014 ἐστι

403 1058 466 1118 τὸ
495 1056 713 1127 πνεῦμα
739 1055 834 1109 τοῦ
866 1054 1025 1120 Θεοῦ,
1061 1054 1094 1124 ἢ
1121 1055 1150 1106 6
1179 1053 1342 1116 τόπος
1371 1052 1406 1123 ἢ
1430 1056 1458 1106 6
1487 1053 1672 1124 θρόνος
1697 1053 1791 1106 τοῦ
1829 1052 1986 1116 Θεοῦ,

405 1149 606 1216 λέγεις’
663 1146 897 1218 Ἀπορῶ,
933 1148 1014 1199 ὃτι
1059 1147 1160 1198 οὐκ
1199 1141 1334 1198 οῖδα·
1362 1144 1458 1202 καὶ
1495 1146 1594 1215 ἐμὲ
1641 1147 1990 1216 εἰσπράττεις

407 1240 502 1304 καὶ
541 1221 868 1307 ἀναγκάζεις
901 1237 1102 1306 λέγειν,
1126 1237 1240 1300 πῶς
1271 1239 1414 1290 ἐστιν
1454 1238 1484 1289 ὁ
1512 1237 1667 1300 τόκος
1693 1238 1785 1290 καὶ
1807 1239 1836 1290 6
1865 1237 1992 1301 Υἱὸς

406 1332 500 1385 τοῦ
534 1330 691 1385 Θεοῦ.
726 1332 796 1384 Σὺ
815 1329 1012 1401 θορυὸῇ
1042 1332 1136 1388 καὶ
1162 1330 1520 1398 ἀγανακτεῖς,
1552 1329 1686 1383 διότι
1710 1330 1874 1399 λέγω,
1909 1332 1991 1384 ὅτι

401 1425 517 1495 ἔχει
571 1425 600 1476 6
657 1423 789 1486 Θεὸς
834 1422 958 1478 Υἰὸν
992 1421 1334 1492 προαιώνιον,
1369 1421 1657 1493 πανάγιον,
1714 1423 1988 1486 ἄκτιστον,

399 1517 814 1602 ἀκατάληπτον,
835 1516 1229 1587 ὑπερὰμωμον,
1247 1514 1575 1586 ὑπέρσοφον,
1600 1515 1990 1587 ὑπερκόσμιον,

402 1601 773 1679 ῦπεράγαθον.
819 1609 929 1670 Καὶ
970 1606 1088 1671 πῶςΔ
1114 1604 1226 1674 ἐγὼ
1253 1606 1452 1687 μᾶλλον
1486 1605 1560 1677 μὴ
1597 1605 1904 1679 θορυϐηθῶ,
1939 1601 1984 1662 ὦ

400 1671 725 1770 ἀναίσχυντε
767 1697 1003 1762 Ἰουδαῖε,
1031 1697 1113 1750 ὅτι
1143 1671 1205 1749 σὺ
1242 1671 1432 1751 ἑαυτὸν
1465 1671 1579 1750 υἱὸν
1613 1671 1747 1752 Θεοῦ
1789 1671 1986 1771 ὸνομάο
2017 1671 2058 1728 Β

404 1791 519 1856 ζεις
539 1790 734 1860 λέγων,
762 1791 846 1844 ὅτι
880 1791 989 1854 υίὸς
1018 1791 1358 1862 πρωτότοκος
1389 1789 1481 1843 τοῦ
1503 1790 1637 1844 Θεοῦ
1670 1793 1698 1844 6
1735 1791 1987 1863 Ἰσραήλ;

405 1884 508 1951 Συ,
534 1885 563 1936 6
599 1882 804 1953 μωρὸς,
839 1883 932 1936 καὶ
961 1883 1082 1952 οὐχὶ
1117 1882 1299 1952 σοφὸς,
1338 1885 1366 1936 6
1394 1882 1707 1954 ἀχάριστος,
1727 1884 1755 1935 6
1789 1901 1991 1954 γογγυ-

408 1975 560 2044 στὴς,
599 1976 628 2026 6
657 1975 908 2044 ἀνήκοος,
966 1976 995 2026 6
1036 1973 1377 2045 θεομίσητος,
1421 1976 1449 2026 6
1477 1975 1916 2049 θεοσκόρπιστος,
1961 1979 1990 2037 6

408 2062 527 2134 Θεῷ
556 2063 861 2125 ἀντίδικος.
904 2062 1016 2116 υἱὸν
1047 2062 1182 2116 Θεοῦ
1234 2063 1424 2116 ἑαυτὸν
1487 2061 1795 2134 ὀνομάζεις»
1833 2061 1990 2132 κάγὼ

405 2155 593 2226 ἐπειδὴ
615 2155 758 2222 λέγω
784 2153 913 2207 Υίὸν
938 2153 1072 2208 Θεοῦ
1105 2154 1305 2222 ἀγαθὸν
1332 2155 1422 2207 καὶ
1445 2154 1740 2225 εὐεργέτην
1771 2156 1865 2208 καὶ
1886 2157 1992 2208 Σω-

405 2249 548 2319 τῆρα
577 2247 669 2300 καὶ
690 2246 913 2308 δίκαιον,
945 2247 1271 2314 ἀγανακτεῖς
1302 2246 1394 2299 καὶ
1421 2248 1672 2323 ἐγκαλεῖς
1696 2247 1789 2298 καὶ
1825 2246 1989 2316 βλασ-

407 2343 631 2412 φημεῖς,
675 2341 770 2393 καὶ
807 2339 1199 2412 εἰδωλολάτρην
1237 2357 1302 2410 με
1330 2339 1658 2403 ἀποκαλεῖς;
1698 2339 1762 2391 Τί
1788 2339 1994 2409 θερμά-

408 2435 499 2509 ςῃ,
528 2429 574 2488 ὧ
607 2435 822 2504 ἀνόητε.
852 2435 946 2487 καὶ
969 2433 1022 2487 τί
1051 2433 1321 2507 ταράσσῃ,
1356 2432 1492 2486 ὲπάν
1517 2433 1643 2486 Υἱὸν
1673 2432 1807 2485 Θεοῦ
1829 2431 1994 2486 ἀκού-

411 2505 539 2598 σῇςς
575 2525 646 2576 Συ
674 2524 769 2576 ἕνα
797 2524 923 2576 Υἱὸν
957 2524 1015 2576 οὐ
1054 2523 1232 2594 βούλει
1258 2505 1538 2594 όμολογεῖν
1569 2523 1724 2576 Θεοῦ·
1755 2525 1848 2576 καὶ
1877 2522 1993 2588 πῶς

335 2597 352 2612 ”
408 2597 461 2688 ἠγ
477 2617 597 2670 θεία
621 2617 806 2688 Γραφὴ
844 2618 936 2676 καὶ
961 2619 990 2669 6
1006 2616 1190 2679 Δαϐὶδ,
1227 2617 1424 2687 μᾶλλον
1444 2617 1501 2670 δὲ
1531 2617 1662 2670 αὐτὸ
1687 2615 1748 2670 τὸ
1772 2617 1996 2687 Πνεῦμα

409 2711 470 2764 τὸ
499 2711 651 2780 ᾆγιον
682 2712 850 2780 λέγει,
879 2713 962 2764 ὅτι
1010 2711 1149 2780 Ἐγὼ
1177 2707 1348 2764 εἶπεν
1381 2712 1514 2766 Θεοί
1545 2712 1705 2767 ἐστε.
1751 2711 1847 2764 καὶ
1879 2711 1994 2765 vlol

422 2804 708 2871 Ὑψίστου
762 2803 1025 2870 mimae;
1091 2803 1240 2864 Ἐὰν,
1277 2801 1598 2874 ἀνθρώπους
1652 2803 1842 2872 ψιλοὺς
1903 2804 1996 2856 καὶ

2092 427 2172 472 tes
2199 429 2488 488 gutturque
2524 434 2589 473 ex
2623 429 2709 471 tua
2738 421 3000 474 sententia
3034 421 3172 474 Deus
3201 421 3436 476 habeat?
3467 430 3525 474 ut
3546 437 3671 491 por-

2089 525 2149 563 ro
2177 519 2234 564 et
2270 510 2381 575 ipse
2415 511 2486 576 sit
2512 525 2800 579 corporeus
2833 519 2994 581 atque
3031 511 3084 566 in
3127 512 3244 567 loco
3267 520 3320 566 et
3349 513 3575 568 visibilis
3607 530 3670 567 ac

2087 599 2551 671 circumscriptus,
2581 609 2742 667 atque
2763 600 2806 654 si
2833 601 2947 655 hmc
2970 602 3045 655 ita
3067 601 3196 665 sint,
3235 611 3488 666 creatus;
3516 603 3671 671 quid-

2089 690 2218 760 quid
2249 691 2391 745 enim
2431 705 2748 759 corporeum
2789 700 2841 746 et
2875 693 3341 761 circumscriptum
3378 702 3480 757 est,
3518 709 3671 748 crea-

2092 793 2204 837 tum
2231 797 2353 838 esse
2381 782 2728 837 manifestum
2749 790 2850 838 est.
2875 781 2992 838 Jam
3021 783 3107 838 dic
3131 785 3262 837 mihi
3306 784 3371 838 ad
3407 784 3541 848 hac,
3576 799 3672 837 au-

2090 874 2310 940 dacule,
2348 875 2470 944 quis
2515 873 2603 930 ille
2635 876 2704 930 sit
2742 875 2832 944 qui
2881 875 3045 929 Deum
3081 875 3321 930 condidit
3357 884 3411 928 et
3450 875 3592 928 fecit.
3627 874 3672 930 0

2091 967 2383 1036 pessimam
2441 975 2587 1020 tuam
2631 975 2686 1020 et
2740 966 3288 1036 imprudentissimam
3329 965 3667 1020 caecitatem!

2094 1057 2330 1128 Rogatus
2367 1056 2511 1111 enim
2547 1071 2577 1110 a
2605 1071 2688 1111 me
2719 1056 2988 1126 quomodo
3033 1057 3255 1112 verbum
3290 1055 3384 1111 Dei
3435 1057 3528 1122 sit,
3583 1065 3674 1111 aut

2092 1147 2264 1216 qualis
2291 1148 2361 1202 sit
2402 1147 2622 1217 spiritus
2657 1148 2770 1213 Dei,
2807 1148 3021 1204 locusve
3057 1157 3151 1202 aut
3175 1147 3398 1202 thronus
3432 1147 3546 1212 Dei,
3581 1147 3662 1200 l'a-

2097 1239 2226 1294 teris
2279 1249 2332 1294 te
2381 1241 2586 1294 haerere
2629 1248 2682 1293 et
2726 1240 2948 1294 minime
2979 1239 3156 1304 scire;
3224 1254 3312 1294 me
3352 1254 3480 1294 vero
3517 1237 3674 1307 iubes

2093 1331 2376 1402 adigisque
2405 1332 2587 1386 dicere
2607 1332 2878 1400 quomodo
2908 1332 3050 1386 Deus
3077 1334 3150 1386 sit
3182 1339 3236 1387 et
3269 1331 3549 1402 generatio
3578 1332 3672 1385 Dei

2095 1440 2158 1480 ac
2213 1424 2398 1479 Filius.
2447 1423 2816 1480 'l'utuultuaris
2859 1434 3022 1495 atque
3063 1439 3206 1495 aegre
3253 1424 3362 1479 fers
3410 1423 3553 1494 quod
3587 1424 3673 1492 aio

2098 1517 2205 1571 Deo
2241 1529 2361 1571 esse
2411 1515 2605 1570 Filium
2647 1526 2930 1582 aeternum,
2981 1516 3407 1581 sanctissimum,
3461 1515 3674 1568 increa-

2098 1618 2232 1676 tum,
2284 1607 2907 1678 incomprehensibilem,
2941 1601 3534 1672 immaculatissimum,
3591 1621 3675 1661 sa-

2094 1699 2510 1770 pientissimum,
2543 1700 2744 1756 mundo
2769 1700 3027 1768 priorem,
3059 1715 3123 1756 ac
3145 1699 3403 1755 bonitatis
3423 1712 3669 1754 summae.

2093 1790 2158 1844 Et
2215 1793 2484 1860 quomodo
2540 1805 2646 1845 non
2706 1791 2837 1846 mihi
2890 1793 3061 1860 magis
3113 1791 3274 1848 liceat
3337 1791 3673 1857 tumultuari,

2092 1883 2234 1953 quod
2272 1891 2344 1947 te,
2378 1881 2560 1938 Iudaee
2617 1884 2920 1953 impudens,
2964 1884 3058 1939 Dei
3097 1884 3266 1939 lilium
3299 1885 3572 1954 appellas;
3612 1884 3710 1938 li—'

2093 1975 2196 2039 lius
2233 1975 2377 2036 enim
2420 1976 2514 2034 Dei
2560 1976 2949 2047 primogenitus
2989 1976 3235 2031 lsrael’?
3276 1975 3376 2042 Tu,
3413 1977 3576 2033 stulte
3624 1987 3678 2031 et

2095 2067 2407 2136 neutiquam
2441 2067 2678 2136 sapiens,
2719 2069 2948 2136 ingrate,
2979 2069 3442 2133 obmurmurator,
3491 2069 3676 2123 inobo-

2092 2157 2265 2224 dieus,
2294 2158 2464 2214 invise
2494 2158 2621 2227 Deo,
2661 2174 2691 2212 a
2721 2159 2828 2214 Deo
2843 2158 3086 2230 disperse
3123 2161 3312 2231 illique
3344 2176 3674 2231 repugnans,

2093 2259 2148 2305 tu
2183 2251 2348 2305 lilium
2382 2251 2476 2305 Dei
2508 2261 2559 2306 te
2587 2251 2846 2321 appellas,
2873 2263 2928 2306 et
2956 2267 3056 2322 ego
3088 2254 3304 2322 quando
3345 2253 3540 2308 Filium
3583 2253 3675 2308 Dei

2097 2355 2345 2409 nuncupo
2371 2341 2572 2396 bonum
2603 2340 2748 2393 illum
2790 2348 2843 2395 et
2874 2340 3293 2405 benefactorem,
3337 2341 3675 2398 Salvatorem

2090 2434 2423 2504 iustumque,
2457 2433 2566 2488 fers
2595 2450 2756 2503 aegre,
2786 2444 2840 2489 et
2875 2435 3020 2489 velut
3049 2435 3259 2489 crimen
3292 2433 3549 2502 impingis
3572 2433 3678 2486 mi-

2097 2527 2174 2593 bi,
2209 2534 2263 2581 et
2297 2542 2326 2579 a
2357 2526 2689 2596 blasphemia
2729 2543 2834 2582 non
2865 2527 3106 2582 abstines
3137 2535 3298 2596 atque
3338 2525 3675 2581 idololatrutn

2099 2633 2184 2673 tne
2239 2618 2682 2688 appellasiQuid
2731 2619 2806 2674 ita
2853 2617 3162 2675 ell’ervescis
3212 2620 3314 2683 ira,
3367 2615 3580 2680 stolide,
3625 2624 3678 2668 et

2098 2712 2456 2780 perturbaris,
2508 2712 2724 2780 quando
2780 2710 2974 2764 Filium
3026 2709 3116 2764 Dei
3165 2709 3354 2765 audis?
3399 2707 3478 2763 Tu
3512 2720 3678 2760 unum

2099 2818 2204 2856 non
2243 2802 2320 2857 vis
2358 2802 2606 2858 conﬁteri
2643 2802 2836 2857 Filium
2883 2803 3017 2868 Dei;
3066 2813 3120 2858 et
3170 2799 3440 2882 quomodo
3493 2797 3675 2852 divina

412 2878 689 2969 φθαρτοὺς
717 2898 811 2951 καὶ
835 2897 1060 2968 θνητοὺς
1085 2895 1406 2962 κατεδέξατο
1440 2897 1468 2948 6
1508 2895 1640 2960 Θεὸς
1678 2897 1825 2959 υἱοὺς
1859 2894 1994 2948 Θεοῦ

2101 2895 2379 2964 Scriptura
2404 2906 2458 2950 et
2487 2895 2675 2961 David,
2703 2896 2815 2950 sive
2840 2896 3017 2964 potius
3049 2878 3416 2962 sanctus'ipse
3446 2889 3682 2960 Spiritus

411 2992 505 3043 καὶ
553 2989 707 3054 θεοὺς
748 2988 1054 3061 ὀνομάζειν,
1106 2987 1225 3051 πῶς
1278 2988 1340 3040 σὺ
1396 2987 1630 3058 νομίζων
1663 2989 1880 3042 πάντων
1921 2987 1995 3040 δι-

2100 2990 2176 3043 ait
2218 3008 2230 3044 :
2278 2989 2397 3044 Dixi
2433 3006 2451 3044 :
2488 2989 2573 3043 Dii
2599 2991 2770 3054 estis,‘
2797 2999 2953 3058 atque
2993 2989 3302 3058 ﬁlii‘omtm
3331 2984 3588 3043 Altissimi
3615 2982 3679 3035 ’ἲ

411 3087 694 3156 καιότερος
732 3085 824 3138 καὶ
857 3083 1245 3155 ἀκριϐέστερος
1280 3078 1439 3148 εἶναι,
1471 3083 1569 3136 ἕνα
1607 3084 1734 3136 Υίὸν
1765 3084 1994 3153 ἄμωμον

2104 3080 2160 3135 Si
2199 3081 2368 3134 nudos
2398 3080 2645 3138 homines
2683 3090 2738 3132 et
2765 3077 3144 3145 corruptibiles
3195 3089 3259 3130 ac
3293 3072 3554 3130 mortales
3582 3073 3678 3126 ad-

411 3179 514 3231 καὶ
545 3175 809 3244 πανάγιον
833 3173 1112 3244 ὁμολογεῖν
1140 3173 1200 3226 ου
1231 3171 1501 3243 καταδέχῃ
1531 3171 1666 3225 Θεοῦ
1693 3188 1706 3236 ;

2105 3171 2252 3234 misit
2282 3170 2424 3226 Deus
2457 3168 2595 3232 lilios
2623 3168 2719 3225 Dei
2748 3169 2986 3238 deosque
3012 3165 3298 3232 nominari,
3327 3164 3597 3235 quomodo
3623 3170 3681 3217 tu

412 3271 507 3343 qui
539 3269 792 3325 omnibus
823 3266 1023 3336 justior
1049 3265 1464 3334 accuratiorque
1497 3264 1596 3328 tibi
1655 3281 1778 3323 esse
1837 3267 2056 3335 videris,
2107 3284 2270 3323 unmn
2326 3266 2444 3321 sine
2492 3262 2612 3318 labe
2653 3271 2708 3318 et
2751 3260 3152 3317 sanctissimum
3198 3258 3291 3315 Dei
3336 3257 3528 3314 Filium
3577 3271 3683 3310 non

413 3361 682 3431 suscipis?

496 3458 558 3517 ’ρ
605 3449 909 3521 Ἰουδαῖος.
955 3453 1092 3507 Ἀλλ’
1140 3454 1200 3506 οὐ
1234 3492 1250 3518 ,
1297 3451 1479 3515 καθὼς
1534 3452 1598 3504 σὺ
1645 3451 1823 3520 λέγεις
1872 3453 1998 3506 Υίδν

416 3550 553 3603 Θεοῦ
606 3545 927 3619 προαιὼνιον
957 3546 1052 3599 καὶ
1102 3546 1374 3607 ἀκτιστον,
1429 3542 1572 3597 οὕτω
1621 3543 1768 3612 λέγει
1799 3545 1827 3596 6
1866 3545 1999 3609 Θεὸς

415 3642 530 3697 υἱὸν
557 3639 722 3696 αὑτοῦ
752 3635 892 3694 εἶναι
927 3639 1021 3694 καὶ
1043 3638 1140 3712 δὸν
1202 3634 1434 3708 Ἰσραὴλ,
1467 3636 1587 3689 οὐδὲ
1621 3637 1748 3699 τοὺς
1780 3636 2000 3699 λοιποὺς

417 3732 738 3806 ἀνθρώπους
775 3732 904 3804 περὶ
944 3723 1018 3785 ὧν
1064 3727 1236 3784 εἶπεν·
1292 3727 1441 3798 Ἐγὼ
1482 3723 1640 3782 εἶπα·
1685 3727 1818 3780 Θεοί
1859 3727 2002 3780 ἐστε

418 3827 514 3881 καὶ
533 3825 650 3881 vloi
686 3825 699 3844 '
713 3823 980 3892 Υψίστου
1009 3820 1256 3888 πάντεςέ

502 3920 564 3974 '0
619 3917 854 3984 πιστός.
888 3913 1051 3969 Ἀλλά
1100 3914 1290 3978 ποίους
1338 3913 1485 3981 λέγει
1517 3912 1546 3965 6
1592 3912 1726 3976 Θεὸς
1777 3910 2002 3969 τούτους

415 4011 573 4073 θεοὺς
607 4010 702 4063 καῒ⁵
725 4009 874 4072 υἱοὺς
895 4007 1056 4062 αὑτοῦ
1084 4006 1176 4060 τοῦ
1217 4005 1509 4075 Ὑψίστου;

501 4101 564 4154 '0
622 4098 929 4165 Ἰουδαῖος.
965 4096 1313 4170 Ἀνθρὼπους
1350 4096 1501 4160 τινὰς
1538 4094 1684 4163 λέγει
1732 4094 2004 4164 φθαρτοὺς

419 4195 515 4247 καὶ
544 4192 794 4262 θνητοὺς,
815 4191 964 4254 υἱοὺς
983 4191 1337 4268 λεγομένους.¹

499 4287 563 4339 '0
595 4284 830 4351 πιστός.
863 4279 1011 4347 Εἶτα,
1041 4283 1256 4354 ἀνόητε,
1276 4281 1648 4352 πεπωρωμένε
1675 4283 1742 4350 τῇ
1779 4278 1996 4352 καρδία,

421 4379 586 4432 πόσον
634 4376 877 4447 διαφέρει
910 4375 971 4428 τὸ
1009 4374 1312 4444 ὁμολογεῖν,
1363 4373 1444 4425 ὅτι
1492 4373 1604 4442 ἔχει
1645 4372 1837 4425 Υίὸν,ὁ
1867 4372 1999 4436 Θεὸς

416 4467 718 4538 ἄφθαρτον,
767 4465 1054 4522 ἀθάνατον.
1089 4465 1284 4532 ἁγνὸν,
1307 4464 1707 4534 ἀναμάρτητον,
1760 4463 1997 4526 αἰώνιον,

418 4560 714 4632 ἄτρεπτον,
749 4558 954 4629 ἀπαθῆ,
979 4557 1121 4629 ὑπὲρ
1148 4557 1208 4610 τὸ
1235 4554 1521 4626 ὀνομάζειν
1544 4555 1864 4624 ἀνθρώπους
1891 4555 2002 4618 ὑλι-

420 4655 549 4716 κοὺς
585 4653 679 4704 καὶ
713 4650 985 4722 φθαρτοὺς
1011 4651 1105 4703 καὶ
1135 4648 1402 4720 τρεπτοὺς
1423 4647 1517 4701 καὶ
1542 4647 1791 4719 θνητοὺς,
1851 4649 2000 4712 υἱοὺς

417 4744 586 4810 Θεοῦ;
622 4743 696 4796 Τὸ
721 4743 820 4813 μὲν
840 4742 949 4814 γὰρ
977 4743 1169 4808 εἰπεῖν,
1197 4741 1277 4793 ὅτι
1308 4739 1422 4810 ἔχει
1444 4739 1572 4796 Υἱὸν
1594 4739 1768 4802 όΘεὸς
1795 4739 2002 4811 ἀφθαρ-

418 4854 510 4891 τον
543 4837 639 4889 καὶ
677 4834 944 4888 ἀθάνατον
960 4833 1054 4888 καὶ
1097 4831 1502 4904 ἀναμάρτητον,
1532 4831 1732 4904 πρέπει
1760 4831 1838 4903 τῷ
1861 4831 1999 4901 Θεῷ,

419 4931 516 4982 καὶ
536 4930 671 4999 τιμή
701 4930 817 4981 ἐστι
849 4925 926 4997 τῷ
966 4924 1104 4996 Θεῷ,
1137 4924 1278 4996 ὑπὲρ
1302 4924 1363 4977 τὸ
1382 4924 1582 4993 λέγειν,
1613 4925 1692 4978 ὅτι
1712 4924 1825 4987 υίὸς
1857 4941 2004 4994 πρω-

419 5020 640 5082 τότοκός
686 5019 801 5071 ἐστι
840 5015 934 5070 τοῦ
989 5014 1123 5069 Θεοῦ
1151 5017 1179 5069 6
1219 5014 1456 5086 Ἰσραὴλ,
1482 5017 1511 5068 6
1537 5015 1715 5087 μωρὸς
1742 5013 1868 5077 λαὸς
1910 5013 2001 5066 καὶ

423 5111 746 5183 ἁμαρτωλὸς
784 5114 880 5166 καὶ
911 5109 1225 5182 παράνομος
1256 5110 1350 5162 καὶ
1381 5107 1605 5178 ἀσεϐής.
1646 5105 2002 5176 Βλασφημίαν

423 5206 534 5275 γὰρ
556 5203 715 5256 τοῦτο
744 5203 1044 5275 προσφέρει
1075 5201 1194 5273 Θεῴ
1222 5201 1371 5271 παρά
1399 5200 1508 5253 τῶν
1537 5199 1780 5252 ἀπίστων
1810 5197 2000 5251 ἐθνῶνο

426 5297 676 5350 δύνανται
723 5297 831 5366 γὰρ
859 5294 1054 5364 λέγειν’
1089 5294 1210 5358 Πῶς
1247 5292 1379 5355 Θεὸς
1413 5294 1558 5346 ἐστιν
1603 5290 1869 5362 ἀληθινὸς,
1924 5291 2006 5343 ὅτι

431 5388 620 5459 [ἰατὴρ
648 5387 884 5460 ὑπάρχει
923 5386 1038 5440 υἱοῦ
1073 5385 1284 5457 μωροῦς

501 5635 530 5679 ⁸.
560 5632 829 5700 ﬁstulam
849 5631 938 5684 “l2.
1017 5631 1034 5661 ³
1063 5629 1198 5684 l'sal.
1223 5646 1406 5695 unt,
1435 5630 1482 5681 ’i.

2173 3446 2414 3502 Iudaeus.
2440 3441 2554 3498 Non
2579 3442 2672 3508 ita,
2693 3451 2752 3495 ut
2771 3449 2824 3496 tu
2848 3439 2983 3497 dicis
3011 3437 3204 3494 Filium
3232 3437 3321 3493 Dei
3341 3445 3602 3492 aeternum
3630 3444 3685 3489 et

2104 3539 2426 3598 increatum,
2484 3533 2625 3588 Dcus
2676 3530 2844 3585 lilium
2879 3545 3033 3585 suum
3064 3544 3186 3584 esse
3231 3526 3396 3582 Israel
3431 3525 3680 3587 allirmat.

2104 3641 2276 3696 neque
2300 3624 2436 3677 alios
2470 3621 2718 3676 homines
2751 3621 2817 3676 de
2842 3620 3038 3690 quibus
3065 3620 3141 3673 ait
3176 3635 3190 3672 :
3229 3617 3354 3671 Dixi
3375 3631 3394 3669 :
3433 3616 3516 3670 Dii
3537 3618 3682 3687 estis,

2101 3728 2254 3785 atque
2288 3715 2386 3783 ﬁlii
2407 3728 2583 3766 omnes
2619 3711 2895 3764 Alliuimi.

2177 3891 2532 3948 Christianus.
2591 3886 2789 3954 Quales
2838 3886 3022 3956 itaque
3072 3887 3211 3942 Deus
3252 3885 3416 3941 hosce
3445 3887 3574 3941 deos
3621 3887 3684 3950 li:

2107 3984 2315 4053 liosque
2338 3980 2600 4036 Altissimi
2632 3977 2901 4049 appellat?

2175 4074 2417 4130 ludam.
2469 4071 2727 4127 Homines
2777 4070 3036 4141 quosdam
3086 4071 3158 4126 ita
3208 4080 3364 4127 vocat
3415 4072 3685 4142 corrupti-

2107 4166 2243 4222 bilcs
2272 4181 2337 4220 ac
2378 4167 2660 4230 mortales,
2691 4162 2782 4235 qui
2819 4163 3051 4220 ﬁliorum
3084 4162 3159 4219 illi
3196 4163 3420 4220 veniunt
3447 4163 3684 4226 nomine,

2179 4251 2530 4308 Christianus.
2558 4251 2828 4319 Quantum
2859 4253 3022 4322 igitur
3058 4259 3296 4320 praestat,
3345 4266 3378 4305 ο
3412 4251 3603 4306 stolide
3633 4262 3688 4308 et

2107 4346 2269 4399 corde
2297 4343 2589 4408 obeatcate,
2615 4341 2858 4399 couliteri
2883 4344 2991 4400 Deo
3021 4358 3186 4398 unum
3219 4355 3340 4398 esse
3373 4341 3565 4396 Filium
3605 4340 3687 4401 in,-

2107 4434 2536 4506 corruptibilem,
2564 4435 2945 4500 immortalem,
2976 4447 3244 4498 sanctum.
3273 4436 3390 4491 sine
3440 4443 3684 4506 peccato.

2105 4540 2389 4593 internum,
2416 4527 2828 4592 immutabilem,
2864 4529 3273 4598 impassibilem,
3307 4543 3465 4598 quant
3509 4528 3685 4584 bomir

2033 4625 2077 4680 D
2109 4635 2202 4674 nes
2227 4619 2557 4684 materiales.
2587 4620 2986 4689 corruptibiles,
3037 4619 3321 4674 mutabiles
3350 4635 3410 4673 ac
3435 4619 3688 4680 mortales

2107 4713 2200 4772 Dei
2236 4714 2375 4769 ﬁlios
2411 4712 2718 4784 appellare?
2739 4710 2874 4765 Nam
2903 4709 3172 4794 aﬂirnt'are
3194 4711 3336 4780 quod
3363 4709 3554 4763 Filium
3589 4710 3688 4762 ba-

2104 4807 2196 4861 bet
2226 4803 2756 4876 Deuscorruptionis
2777 4812 3056 4872 expertem
3083 4813 3137 4858 et
3166 4802 3523 4869 immortalem
3559 4802 3689 4866 alie-

2105 4912 2344 4966 numque
2387 4911 2417 4948 a
2457 4905 2702 4964 peccato,
2757 4894 2980 4965 dignum
3015 4897 3123 4950 Deo
3156 4903 3260 4959 est,
3307 4894 3565 4952 ekbonor
3612 4895 3685 4947 illi

2106 4989 2300 5058 major,
2329 5005 2488 5063 quam
2512 4987 2694 5042 dicere
2711 4987 3127 5057 primogenitum
3148 4987 3239 5052 Dei
3259 5000 3394 5040 esse
3413 4983 3686 5051 Israelem,

2105 5081 2359 5150 populum
2397 5079 2543 5133 illum
2572 5079 2796 5134 stultum
2843 5089 2898 5133 et
2945 5077 3179 5146 peccatis
3225 5075 3481 5140 obsitum,
3517 5077 3688 5130 viola-

2111 5179 2278 5225 torem
2333 5170 2465 5241 Iegis
2517 5171 2865 5241 impiumque.
2905 5167 3040 5223 Nam
3089 5167 3228 5244 apud
3283 5177 3469 5236 gentes
3529 5183 3556 5220 a
3589 5167 3692 5222 lidc

2109 5261 2313 5316 alienas
2344 5262 2445 5314 boc
2498 5261 2660 5314 etiam
2702 5259 3277 5328 blasphemiaaansam
3323 5258 3548 5328 praebet,
3597 5258 3688 5328 qui
3773 5325 3778 5330 _

2113 5363 2335 5422 possunt
2367 5354 2602 5423 objicere
2630 5371 2642 5407 :
2679 5354 2960 5432 Quomodo
2991 5368 3150 5409 verus
3185 5352 3270 5408 illc
3300 5352 3438 5410 Deus
3470 5363 3552 5409 est
3581 5362 3690 5420 sto-

2115 5445 2233 5501 lida:
2268 5446 2431 5516 prolis
2459 5443 2654 5506 Pater?
