4098 6200
434 268 533 334 851

437 470 597 525 modo
618 477 675 524 et
710 467 926 538 quando
958 466 1108 523 illum
1129 468 1401 539 genuerit.
1834 531 1844 542 .

510 559 867 618 Christianus.
917 558 1037 616 Non
1085 575 1304 631 possum
1333 575 1443 617 non
1469 561 1717 617 conﬁteri
1754 563 1895 633 quod
1920 563 2014 618 Fi-

434 655 563 708 lium
591 653 752 707 habet
780 652 944 718 Deus,
992 668 1115 709 cum
1144 667 1303 709 sacra
1342 651 1621 724 Scriptura
1670 669 1739 710 ex
1781 669 2012 725 persona

433 744 528 799 Dei
559 754 614 799 et
640 742 816 799 Patris
830 743 1006 812 palam
1033 743 1179 799 dicat
1204 744 1272 798 ad
1308 743 1503 800 Filium
1540 763 1554 800 :
1589 744 1672 801 Eat
1704 758 1853 821 utero
1892 754 2016 801 ante

434 834 709 905 luciferum
731 837 889 909 genui
920 845 969 891 te
1006 835 1029 868 ⁸
1047 853 1064 904 ;
1082 843 1137 891 et
1155 835 1324 892 Filius
1353 836 1590 893 vicissim
1620 837 1688 893 de
1713 850 1775 893 se
1797 853 1866 894 ex
1893 851 2016 908 per-

324 976 342 989 ,
432 912 571 983 sonu
615 926 861 984 Parentis
905 929 1020 985 ait:
1072 929 1329 984 Dominus
1368 930 1504 983 dixit
1540 932 1609 983 ad
1655 944 1785 985 me:
1841 926 2013 984 Filius

433 1033 580 1075 meus
600 1036 655 1076 es
682 1029 760 1088 tu,
791 1036 885 1090 ego
912 1019 1067 1076 hodie
1088 1014 1143 1075 ιε
1175 1023 1331 1092 genui
1370 1021 1415 1080 ⁸.
1443 1018 1630 1092 Neque
1658 1035 1877 1091 possunt
1904 1036 2011 1077 non

434 1112 683 1171 conﬁteri
725 1114 871 1184 quod
921 1113 1065 1170 Deus
1116 1113 1281 1170 habet
1309 1114 1594 1185 Spiritum,
1632 1114 1743 1172 Deo
1780 1114 1896 1185 ipso
1929 1115 2013 1171 di-

435 1214 595 1262 cente
625 1223 639 1260 :
665 1204 953 1275 Eﬂ'undam
980 1206 1046 1261 de
1068 1204 1273 1276 Spiritu
1295 1222 1410 1261 meo
1434 1205 1492 1260 in
1506 1220 1709 1260 omnem
1741 1220 1953 1260 carnem
1970 1205 2014 1257 '.

437 1296 642 1354 Tamen
671 1314 907 1369 quaeram
954 1314 1018 1354 ex
1070 1308 1142 1365 te,
1187 1297 1389 1362 Judaee,
1417 1308 1473 1353 tu
1505 1298 1637 1353 mihi
1668 1297 2013 1368 respondeto.

437 1387 662 1456 Qualem
711 1391 794 1445 ais
850 1389 1101 1459 spiritum
1150 1390 1262 1444 Deo
1325 1388 1492 1444 esse?
1553 1403 1682 1443 num
1750 1386 2016 1458 ejusmodi

437 1480 615 1553 qualia
663 1490 746 1536 est
792 1482 1029 1539 hominis
1079 1497 1147 1537 ex
1204 1496 1303 1537 ore
1343 1489 1401 1536 et
1450 1480 1674 1537 naribus
1726 1487 2016 1536 exeuntem

438 1581 494 1628 et
522 1574 854 1643 exspiratum
888 1573 1248 1646 cﬂ‘usumque,
1274 1572 1366 1643 qui
1392 1572 1541 1630 cerni
1576 1579 1754 1643 potest
1773 1580 1833 1628 et
1853 1584 2017 1641 sepa-

440 1666 585 1721 rari?

510 1865 755 1923 Iudaeus.
805 1868 965 1925 Absit
1012 1871 1116 1927 hoc
1153 1870 1403 1941 quidem!
1444 1869 1539 1926 sed
1593 1880 1723 1925 vero
1762 1866 2025 1939 Spiritum

444 1957 795 2027 invisibilem,
825 1961 1090 2031 Spiritum
1136 1972 1406 2029 sanctum,
1442 1960 1706 2031 Spiritum
1761 1959 2024 2026 divinum,

444 2048 706 2120 Spiritum
728 2062 938 2118 verum,
963 2050 1231 2124 Spiritum
1255 2054 1557 2118 ductorem,
1582 2051 1846 2124 Spiritum
1869 2066 1899 2106 a
1917 2049 2028 2107 Deo

444 2144 886 2213 inseparabiiem.

517 2234 872 2294 Christianus.
896 2234 965 2292 Et
988 2237 1209 2309 quando
1234 2232 1362 2294 fecit
1389 2236 1532 2294 Deus
1564 2246 1659 2293 aut
1694 2237 1883 2292 eduxit
1909 2235 2030 2307 Spl-

445 2324 612 2381 ritum
669 2325 836 2394 hunc,
889 2336 984 2383 aut
1038 2328 1319 2399 quomodo
1363 2336 1417 2384 et
1445 2328 1663 2398 quando
1696 2325 1846 2383 illum
1905 2326 2031 2382 iecit

444 2412 783 2470 consistere?

516 2503 762 2562 Iudaeus.
825 2508 1108 2565 [screatus
1168 2517 1256 2566 est
1321 2509 1560 2581 Spiritus
1618 2510 1737 2575 Dei,
1782 2492 2043 2581 principii

446 2608 646 2668 expers
675 2607 731 2655 et
761 2598 1330 2672 inconprehensibilis
1365 2603 1589 2673 perinde
1633 2613 1691 2659 ut
1722 2603 1841 2674 ipse
1869 2602 2028 2658 Deus.

519 2688 882 2746 Garutianus.
921 2692 999 2747 En
1032 2703 1089 2746 tu
1137 2706 1354 2765 quoque
1385 2697 1665 2750 evidenter
1695 2695 2033 2753 convinceris

448 2781 716 2837 deitatem
754 2790 1006 2850 adorare,
1044 2781 1212 2838 Deum
1248 2799 1441 2855 nempe
1488 2784 1696 2856 Deique
1745 2786 2030 2858 Spiritum.

449 2875 919 2942 Quemadmodum
946 2875 1130 2946 itaque
1159 2886 1212 2931 tu
1240 2893 1343 2933 non
1369 2886 1523 2948 putes
1552 2879 1874 2944 edisserere,
1896 2881 2035 2936 unde

453 2964 537 3021 vel
572 2963 791 3034 quando
808 2973 903 3019 aut
931 2966 1204 3035 quonmdo
1226 2967 1321 3022 Dei
1354 2967 1590 3037 Spiritus
1629 2983 1752 3023 cum
1792 2969 1899 3026 Deo
1928 2978 2032 3038 est,

452 3056 546 3111 sed
578 3064 787 3111 tantum
834 3058 1062 3113 edoctus
1093 3072 1159 3113 ex
1209 3059 1385 3114 sacris
1410 3057 1629 3115 Litteris
1659 3063 1934 3118 conﬁteris
1982 3073 2036 3119 et

451 3147 630 3203 credis
663 3148 775 3204 Deo
821 3162 947 3205 esse
976 3148 1237 3221 Spiritum
1276 3167 1292 3217 ;
1338 3148 1496 3207 itaet
1544 3167 1642 3223 ego
1693 3151 2035 3237 Christianus
2063 3128 2105 3183 ο

452 3238 579 3297 sine
606 3242 911 3298 curiosiore
938 3243 1272 3298 scrutatione
1301 3244 1559 3314 proﬁteor
1588 3245 1783 3300 Filium
1818 3257 1872 3301 et
1899 3246 2033 3302 Ver—

452 3335 581 3389 bum
606 3333 720 3390 Dei.
757 3330 814 3389 Si
845 3344 978 3390 vero
1016 3335 1296 3417 desideras
1317 3350 1345 3389 a
1370 3348 1460 3390 me
1487 3345 1545 3390 ut
1575 3337 1749 3391 dicam
1798 3340 2032 3406 quando,

454 3425 540 3481 vel
568 3425 711 3481 unde
755 3434 811 3482 et
836 3426 1108 3497 quomodo
1159 3426 1354 3482 Filium
1388 3427 1530 3484 Deus
1563 3428 1749 3499 habet,
1780 3432 1945 3485 dicito
1982 3440 2038 3485 et

456 3520 514 3571 tu
535 3518 686 3587 prius
728 3516 863 3573 milli
917 3519 1134 3588 Quando
1187 3526 1244 3574 et
1300 3520 1442 3575 unde
1485 3530 1541 3576 et
1584 3520 1855 3590 quomodo
1897 3520 2039 3579 Deus

456 3608 721 3699 Spiritum
774 3610 993 3675 habeat,
1046 3619 1174 3665 tunc
1218 3620 1275 3666 et
1302 3610 1398 3667 tibi
1448 3625 1713 3683 exponam
1744 3616 2037 3684 quomodo,

454 3713 584 3759 ante
624 3718 787 3760 omne
811 3702 1136 3775 principium
1181 3701 1323 3761 Deus
1352 3700 1549 3760 Filium
1582 3706 1869 3778 genuerit.
1890 3706 2074 3765 Sicut-

459 3798 605 3854 enim
631 3807 686 3852 tu
708 3795 877 3851 Deum
901 3796 1105 3867 Deique
1127 3795 1387 3867 Spiritum
1420 3812 1528 3854 non
1562 3796 1697 3853 dicis
1723 3799 1860 3854 duos
1887 3798 2039 3864 deos,

1745 265 2128 324 HIERONYMI
2168 267 2403 324 GRECI

503 382 748 438 Judwua.
793 379 852 436 Si
897 377 1096 437 Filium
1128 376 1285 439 Deut
1301 378 1485 444 habet,
1519 376 1686 434 dicito
1716 378 1850 434 mihi
1878 394 2015 450 quo-
2042 384 2090 442 Α

3596 258 3711 319 859

2199 380 2262 434 '0
2289 379 2596 445 Ἰουδαῖος.
2627 380 2689 432 Ei
2724 377 2853 432 Υῑδν
2878 377 2990 449 ἔχει
3018 378 3047 430 6
3082 376 3235 442 Θεὸς,
3261 373 3382 430 cirri
3425 391 3515 447 μοι
3540 417 3557 442 ,
3586 376 3711 441 πῶς

2122 473 2216 525 καὶ
2244 471 2375 525 πότε
2401 470 2589 525 τοῦτον
2620 470 2942 541 ἐγέννησεν;

2204 565 2268 617 Ὀ
2303 562 2538 628 πιστός.
2575 561 2651 614 06
2678 559 2915 631 δύναμαι
2975 557 3050 631 μὴ
3094 559 3445 631 ὁμολογῆσαι,
3481 558 3565 612 δτι
3597 557 3713 628 ἔχει

2122 654 2252 709 Υιὺν
2279 655 2308 708 6
2329 653 2481 719 Θεὸς,
2510 654 2609 724 τῆς
2648 652 2872 725 Γραφῆς
2912 651 3147 723 μάλιστα
3178 648 3475 721 προφανῶς
3504 648 3716 717 λεγού-

2123 762 2225 818 σης
2254 747 2321 800 ὲκ
2338 743 2632 817 προσώπου
2663 743 2758 798 τοῦ
2780 743 2915 798 Θεοῦ
2946 743 3041 797 καὶ
3059 743 3272 814 Πατρὸς
3295 743 3433 815 πρὸς
3447 742 3541 796 τὸν
3562 743 3715 806 Υίδν,

2121 838 2204 892 ὅτι
2242 838 2347 892 Ἐκ
2377 835 2638 907 γαστρὸς
2687 838 2799 905 πρὸ
2827 837 3138 906 ἑωσφόρον
3168 834 3472 906 Mrs-neci
3489 851 3588 891 σε·
3620 836 3720 889 καὶ

2121 929 2218 985 τοῦ
2241 928 2373 984 Υῖοῦ
2397 928 2557 983 πάλιν
2594 926 2722 999 περὶ
2744 926 2939 982 ἑαυτοῦ
2966 926 3042 993 ὡς
3073 928 3139 982 ὲκ
3165 925 3457 1000 προσώπου
3483 924 3583 980 τοῦ
3603 928 3719 981 Πα-

2124 1024 2273 1097 τρός·
2311 1023 2528 1091 Κύριος
2572 1020 2704 1074 εἷπε
2740 1020 2890 1089 πρός
2918 1036 2996 1090 με
3017 1035 3031 1050 ⁸
3070 1020 3206 1086 Υἱός
3229 1035 3350 1089 μου
3373 1014 3435 1073 εἷ
3455 1018 3562 1083 σὺν
3596 1018 3721 1087 δ’τῶ

2121 1116 2390 1186 σήμερον
2413 1109 2744 1184 τον-ἐννηκὰ
2766 1125 2860 1165 σε.
2891 1110 3001 1164 Καὶ
3029 1110 3091 1164 οὺ
3119 1109 3356 1182 δύναμαι
3384 1108 3552 1164 πάλιν
3583 1110 3723 1181 ὁμου

2121 1208 2319 1278 λογεῖν,
2346 1207 2430 1261 ὅτι
2458 1205 2572 1277 ἔχει
2615 1201 2842 1274 Πνεῦμα
2877 1204 2905 1257 6
2937 1202 3090 1271 Θεὸς,
3122 1202 3289 1276 αὐτοῦ
3322 1200 3420 1256 τοῦ
3450 1201 3590 1256 Θεοῦ
3625 1201 3722 1254 λέ-

2123 1295 2567 1371 γοντος·Ἐκχεῶ
2584 1296 2702 1352 ἀπὸ
2728 1295 2837 1350 τοῦ
2867 1296 3217 1366 Πνεύματός
3231 1312 3353 1365 μου
3375 1294 3474 1349 ἐπὶ
3504 1293 3726 1349 πᾶσαν

2124 1395 2344 1465 σάρκα.
2369 1396 2559 1467 Ὅμως
2585 1396 2847 1467 ἐρωτήσω
2881 1410 2964 1457 σε,
2993 1392 3240 1456 Ἰουδαῖε,
3266 1393 3329 1446 σὺ
3362 1392 3419 1446 δέ
3454 1409 3545 1462 μοι
3576 1392 3721 1445 ἀπο-

2127 1486 2367 1558 κρίθητι·
2404 1487 2617 1541 Ὀποῖον
2649 1486 2869 1558 πνεῦμα
2907 1485 3089 1555 λέγεις
3117 1484 3262 1556 ἔχειν
3287 1483 3378 1538 τδν
3408 1483 3587 1548 Θεόνς
3626 1478 3723 1554 ἆρ’

2126 1574 2236 1632 οἷον
2284 1576 2345 1631 τὸ
2374 1577 2472 1631 τοῦ
2525 1576 2833 1649 ἀνθρώπου,
2865 1576 2926 1630 τὸ
2981 1578 3049 1631 ἑκ
3092 1577 3362 1647 στόματος
3414 1577 3511 1629 καὶ
3552 1573 3726 1645 ῥινῶν

2128 1667 2482 1739 ὲξερχόμενον
2513 1669 2607 1721 καὶ
2633 1667 2957 1738 ἐκχεόμενον
2994 1666 3093 1721 καὶ
3136 1665 3461 1736 φαινόμενον
3485 1664 3584 1718 καὶ
3606 1680 3725 1733 χω-

2059 1754 2101 1810 Β
2131 1758 2414 1832 ριζόμενον
2718 1770 2737 1785 ⁸

2214 1850 2280 1907 '0
2310 1850 2619 1918 Ἰουδαῖος.
2647 1850 2738 1922 Μὴ
2771 1849 3010 1919 γένοιτοί
3047 1848 3185 1905 ἀλλὰ
3207 1848 3435 1922 Πνεῦμα
3462 1849 3729 1921 ἀόρατον,

2130 1944 2356 2015 Πνεῦμα
2396 1944 2570 2014 ἅγιον,
2598 1941 2825 2014 Πνεῦμα
2860 1941 3083 2015 ἀληθὲς,
3116 1939 3343 2013 Πνεῦμα
3366 1938 3727 2012 ἡγεμονικῶν,

2131 2034 2357 2106 Πνεῦμα
2382 2034 2686 2106 ἀχώριστον
2720 2032 2813 2088 τοῦ
2832 2032 2992 2125 Θεοῦ.

2215 2236 2278 2288 '0
2299 2235 2535 2300 πιστός.
2562 2235 2673 2288 Καὶ
2700 2233 2828 2287 πότε
2873 2231 3131 2302 ἐποίησεν
3158 2232 3188 2283 6
3218 2229 3351 2294 Θεὸς
3381 2229 3417 2300 ἢ
3444 2227 3722 2298 ἐξήγαγεν

2132 2330 2193 2383 τὸ
2248 2327 2477 2401 Πνεῦμα
2532 2326 2724 2393 τοῦτο;
2778 2325 2811 2398 ἢ
2862 2316 2981 2390 πῶς
3038 2324 3133 2379 καὶ
3181 2321 3346 2377 πόθεν
3405 2320 3542 2374 αὐτὸ
3599 2336 3730 2372 συν-

2133 2423 2361 2492 έστησεν
2380 2438 2396 2488 ;

2214 2516 2269 2567 '0
2302 2511 2609 2580 Ἰουδαῖος.
2631 2509 2921 2565 Ἂκτιστόν
2947 2509 3062 2562 ἐστι
3092 2508 3155 2561 τὸ
3190 2507 3414 2577 Πνεῦμα
3448 2503 3543 2557 τοῦ
3564 2501 3731 2567 Θεοῦ,

2134 2605 2366 2676 ἄναρχον
2396 2605 2488 2657 καὶ
2521 2601 2904 2674 ἀκατάληπτον
2930 2599 3121 2671 ὥσπερ
3140 2599 3169 2652 6
3189 2597 3337 2661 Θεὸς.

2217 2700 2280 2753 '0
2300 2698 2535 2764 πιστός.
2581 2695 2709 2750 Ἰδοὺ
2740 2693 2835 2748 καὶ
2870 2693 2935 2747 σὺ
2967 2690 3155 2761 σαφῶς
3182 2688 3405 2761 ἐλέγχῃ,
3440 2687 3523 2742 ὃτι
3559 2687 3736 2741 δυάδα

2137 2792 2485 2866 προσκυνεῖς,
2513 2788 2657 2857 λέγω
2687 2786 2752 2858 δὴ
2786 2785 2919 2839 Θεὸν
2954 2784 3051 2837 καὶ
3084 2779 3312 2852 Πνεῦμα
3335 2778 3493 2833 Θεοῦ.
3517 2779 3733 2850 ’Ὥσπερ

2136 2883 2231 2942 οὖν
2261 2886 2326 2939 σὺ
2354 2884 2705 2953 οὐκίσχυσας
2736 2881 2933 2943 εἰπεῖν,
2963 2876 3127 2931 πόθεν
3171 2874 3206 2945 ἢ
3248 2873 3377 2929 πότε
3409 2873 3442 2943 ἢ
3468 2870 3586 2936 πῶς
3613 2871 3735 2924 ἐστι

2134 2979 2197 3034 τδ
2230 2975 2457 3046 Πνεῦμα
2492 2973 2587 3027 τοῦ
2642 2970 2778 3026 Θεοῦ
2819 2970 2958 3042 μετὰ
3012 2967 3109 3023 τοῦ
3163 2966 3322 3030 Θεοῦ,
3375 2964 3510 3019 ἀλλὰ
3572 2962 3734 3034 μόνον

2139 3067 2379 3131 ἀκούσας
2423 3067 2488 3119 ἐκ
2520 3063 2628 3117 τῶν
2671 3061 2832 3116 θείων
2882 3059 3117 3132 Γραφῶν
3165 3057 3449 3129 ὁμολογεῖς
3497 3054 3591 3108 καὶ
3638 3071 3734 3107 πι-

2141 3161 2350 3225 στεύεις
2387 3159 2534 3231 ἔχειν
2587 3154 2816 3227 Πνεῦμα
2844 3152 2936 3207 τὸν
2993 3151 3147 3207 Θεόν·
3187 3147 3332 3207 οὕτω
3362 3146 3520 3218 κάγὼ
3542 3150 3570 3200 ὁ
3598 3146 3735 3217 Χρι-

2141 3251 2354 3315 στιανὸς
2385 3247 2732 3322 ἀπεριέργως
2776 3245 2873 3299 καὶ
2914 3239 3341 3314 ἁνερμηνεύτως
3366 3234 3615 3311 ὁμολογῶ
3641 3236 3733 3289 τδν

2140 3343 2268 3396 Υίδν
2300 3341 2394 3394 καὶ
2439 3339 2610 3408 Λόγον
2638 3335 2733 3389 τοῦ
2785 3333 2943 3391 Θεοῦ.
2974 3335 3041 3388 Εἰ
3067 3333 3125 3387 δὲ
3150 3332 3407 3393 ἀπαιτεῖς
3443 3345 3509 3401 με
3531 3328 3735 3390 εἰπεῖν,

2140 3436 2271 3489 πότε
2304 3433 2400 3487 καὶ
2423 3431 2586 3485 πόθεν
2615 3427 2840 3492 καὶπῶς
2856 3427 3013 3499 ἔσχεν
3034 3425 3160 3480 Υίδν
3188 3426 3218 3478 6
3234 3421 3524 3486 Θεδς,είπέ
3551 3437 3641 3492 μοι
3668 3420 3741 3473 σὺ

2142 3526 2358 3598 πρῶτον
2384 3523 2516 3578 πότε
2540 3522 2634 3576 καὶ
2661 3520 2828 3575 πόθεν
2863 3520 2957 3575 καί
2990 3517 3107 3584 πῶς
3134 3517 3248 3588 ἔχει
3269 3514 3497 3585 Πνεῦμα
3522 3516 3551 3567 6
3578 3512 3740 3575 Θεὸς.

2141 3620 2238 3674 καὶ
2245 3617 2389 3687 λέγω
2407 3632 2486 3669 σοι
2507 3612 2663 3684 κάγὼ
2680 3613 2797 3677 πῶς
2811 3611 3170 3685 προανάρχως
3180 3612 3209 3663 6
3223 3608 3357 3672 Θεὸς
3372 3606 3630 3676 ἐγέννησε
3645 3604 3739 3658 τὸν

2144 3710 2294 3766 Υῖόν.
2315 3710 2530 3780 ’Ὥσπερ
2558 3706 2669 3779 γὰρ
2698 3703 2761 3758 σὺ
2785 3704 2846 3757 οὐ
2875 3704 3054 3773 λέγεις
3079 3701 3172 3755 τὸν
3194 3699 3330 3754 Θεὸν
3363 3699 3458 3752 καὶ
3480 3697 3541 3751 τὸ
3561 3694 3739 3750 Πνεῦ-

2149 3822 2225 3877 μα
2252 3802 2348 3857 τοῦ
2364 3800 2501 3855 Θεοῦ
2531 3797 2625 3854 δύο
2655 3798 2832 3864 θεοὺς,
2867 3794 3039 3859 οὕτως
3068 3793 3190 3848 οὐδὲ
3221 3790 3332 3862 ἐγὼ
3362 3788 3740 3860 λὲγωΠατέρα

459 3887 535 3943 ita
585 3902 686 3944 nec
725 3901 826 3957 ego
878 3884 1114 3955 Patrem,
1153 3886 1349 3943 Filium
1391 3896 1448 3943 et
1480 3885 1742 3959 Spiritum
1794 3899 2031 3946 sanctum

2154 3895 2250 3950 καὶ
2270 3894 2399 3948 Υἱὸν
2426 3892 2522 3947 καὶ
2544 3892 2698 3961 ἅγιον
2727 3888 2954 3960 Πνεῦμα
2994 3884 3146 3958 τρεῖς
3179 3883 3356 3949 θεοὺς,
3390 3881 3469 3954 μὴ
3491 3880 3741 3950 γένοιτοῑ

462 3990 574 4039 tres
601 3997 851 4053 nuncupo
882 3982 1035 4048 deos,
1058 3981 1201 4037 absit
1241 3982 1406 4039 sane!
1449 3981 1559 4039 Sed
1589 3981 2031 4051 quemadmodum

2160 3986 2304 4042 Ἀλλ’
2342 3985 2534 4057 ὥσπερ
2569 3985 2599 4037 6
2623 3981 2775 4053 ἣλιος
2797 3981 2892 4034 καὶ
2922 3980 2958 4052 ἡ
2992 3977 3174 4052 θέρμη
3204 3975 3369 4031 αὑτοῦ
3394 3976 3492 4029 καὶ
3519 3974 3553 4044 ή
3582 3972 3742 4035 ἀκτὶς

464 4060 548 4128 sol
574 4072 799 4143 ejusque
822 4072 973 4128 calor
999 4082 1055 4129 et
1089 4074 1363 4129 radiorum
1390 4073 1475 4129 vis
1508 4088 1577 4129 ex
1602 4087 1669 4130 eo
1696 4073 2031 4145 progredieut

2147 4079 2479 4155 ὲξερχομένη
2514 4078 2574 4145 ἐξ
2601 4073 2795 4142 αὑτοῦ,
2823 4076 2953 4148 τρία
2984 4075 3081 4148 μὲν
3106 4072 3349 4146 ὀνόματά
3378 4070 3505 4135 εἰσι,
3554 4069 3657 4142 μία

460 4165 572 4221 tria
601 4164 818 4220 nomina
843 4174 992 4231 sunt,
1024 4180 1134 4221 una
1165 4165 1295 4222 solis
1317 4164 1657 4233 substantia;
1693 4173 1746 4222 et
1764 4166 1908 4220 sicut
1929 4163 2031 4218 ani-

2148 4173 2306 4229 οὐσία
2333 4171 2508 4244 ἡλίου·
2559 4169 2656 4225 καὶ
2686 4168 2878 4241 ὥσπερ
2909 4169 2944 4240 ἡ
2975 4166 3124 4239 ψυχὴ
3153 4166 3248 4221 καὶ
3278 4165 3311 4218 6
3330 4162 3489 4232 λόγος
3538 4160 3636 4217 καὶ
3678 4159 3745 4213 re

459 4260 554 4311 ma
573 4264 629 4312 et
653 4258 792 4314 ratio
806 4270 861 4315 et
876 4264 1073 4331 corpus
1092 4257 1337 4315 hominis
1362 4262 1472 4312 non
1486 4264 1607 4311 tres
1622 4263 1748 4311 sunt
1768 4254 2031 4310 homines:

2152 4263 2315 4336 σῶμα
2340 4262 2436 4316 τοῦ
2462 4259 2756 4333 ἀνθρώπου
2798 4260 2901 4314 οὐκ
2940 4258 3050 4313 eiei.
3094 4259 3243 4330 τρεῖς
3289 4254 3592 4328 ἄνθρωποι·
3647 4251 3749 4315 καὶ

458 4348 524 4405 e’t
563 4348 705 4405 sicut
741 4351 939 4420 unguis
979 4350 1134 4421 digiti
1170 4363 1292 4404 cum
1325 4363 1449 4405 osse
1492 4356 1548 4404 et
1574 4363 1741 4404 carne
1786 4361 1893 4402 non
1924 4362 2025 4402 sun

2151 4355 2338 4430 ὥσπερ
2367 4357 2397 4409 6
2427 4353 2554 4420 δνυξ
2581 4353 2675 4409 τοῦ
2697 4352 2964 4409 δακτύλου
3006 4351 3100 4406 καὶ
3122 4349 3185 4404 τὸ
3215 4347 3406 4403 ὀστοῦν
3436 4347 3532 4403 καὶ
3551 4345 3745 4418 ἠσὰρξ

464 4442 580 4496 “tres
598 4439 783 4511 digiti;
809 4454 875 4497 ac
894 4440 1058 4496 vetuli
1093 4439 1247 4496 radix
1269 4448 1325 4496 et
1363 4454 1545 4496 ramus
1571 4455 1640 4525 pc
1678 4434 1806 4495 folia
1840 4439 2031 4496 arbori:

2152 4446 2255 4501 οὐκ
2281 4443 2387 4498 εἰσὶ
2413 4447 2564 4518 τρεῖς
2593 4442 2866 4498 δάκτυλον
2885 4442 2980 4498 καὶ
3004 4438 3195 4513 ὥσπερ
3218 4442 3254 4510 ἡ
3289 4438 3413 4511 ῥίζα
3441 4439 3539 4526 irai
3565 4437 3596 4490 6
3622 4434 3749 4526 add-

462 4540 583 4587 tres
620 4531 846 4588 arbores
884 4540 991 4588 nun
1046 4539 1209 4598 sunt;
1263 4539 1320 4588 et
1369 4532 1513 4588 sicut
1540 4524 1739 4590 oculus
1765 4539 1822 4587 et
1845 4531 2031 4603 pupill:

2150 4534 2251 4611 δος
2276 4533 2371 4589 καὶ
2393 4534 2455 4588 τὸ
2490 4533 2685 4604 φύλλον
2710 4531 2807 4585 τοῦ
2838 4529 3057 4605 δένδρου
3098 4529 3200 4583 οὐκ
3226 4527 3343 4580 ἐστι
3364 4524 3493 4599 τρία
3518 4525 3742 4595 δένδρα’

462 4624 670 4695 luxque
711 4625 990 4682 ocdli‘non
1045 4634 1156 4680 tres
1192 4622 1659 4693 redduutoculos;
1688 4635 1742 4682 et
1762 4625 1904 4681 sicut
1931 4625 2031 4681 fon:

2158 4627 2253 4681 καὶ
2280 4626 2471 4697 ὥσπερ
2503 4627 2532 4679 6
2585 4623 2865 4696 ὀφθαλμὸς
2890 4623 2987 4677 καὶ
3017 4624 3051 4693 ἡ
3090 4621 3226 4692 κόρη
3258 4619 3356 4674 καὶ
3383 4615 3595 4687 τδφῶς
3628 4613 3747 4668 τοῦ

468 4728 525 4773 et
549 4717 742 4774 ﬂuvius
788 4717 1044 4788 rivusque
1086 4731 1157 4773 ex
1204 4704 1367 4773 ﬂuvio
1412 4732 1741 4788 promanans
1782 4734 1892 4776 non
1927 4736 2027 4776 sun

2152 4717 2435 4792 ὀφθαλμοῦ
2465 4717 2566 4772 οὐκ
2594 4717 2702 4771 εἰσὶ
2720 4716 2873 4788 τρεῖς
2899 4710 3187 4784 ὀφθαλμοί·
3209 4710 3300 4763 καὶ
3316 4708 3502 4779 ὥσπερ
3530 4707 3567 4777 ἡ
3591 4704 3756 4777 πηγὴ

474 4813 712 4884 triplices
742 4812 935 4880 undae;
966 4821 1023 4868 et
1047 4811 1190 4868 sieut
1224 4812 1531 4880 brachium,
1569 4826 1771 4883 carpus
1798 4822 1855 4868 et
1874 4811 2031 4883 palm:

2160 4813 2257 4866 καὶ
2279 4812 2309 4863 6
2341 4810 2586 4882 ποταμὸς
2614 4809 2712 4863 καὶ
2739 4809 2767 4861 6
2794 4805 2930 4879 ρύαξ
2957 4807 2987 4862 6
3012 4806 3077 4857 ὲκ
3092 4801 3187 4856 τοῦ
3210 4799 3481 4872 ποταμοῦ,
3514 4798 3620 4852 οὐκ
3642 4797 3755 4851 ciui

474 4919 581 4961 non
615 4910 741 4961 sunt
769 4913 879 4961 tres
918 4919 1139 4973 manus;
1199 4912 1255 4960 et
1285 4904 1430 4961 sicut
1456 4903 1511 4960 in
1545 4905 1683 4961 rubo
1726 4904 1890 4961 Mosis
1935 4919 2027 4961 era

2160 4905 2287 4977 τρία
2300 4903 2487 4958 ῦδατα·
2520 4901 2616 4956 καὶ
2645 4899 2879 4973 ὥσπερό
2916 4896 3158 4969 βραχίων
3196 4895 3291 4949 καὶ
3318 4893 3353 4946 6
3386 4892 3605 4964 καρπὺς
3646 4892 3742 4945 xui.

474 5012 655 5056 sermo
674 5009 729 5056 et
748 4996 970 5054 "ﬂamma
993 5006 1049 5053 et
1095 4996 1186 5070 qui
1234 4996 1591 5070 loquebatur;
1621 5006 1679 5054 et
1698 4997 2025 5071 quemadmo

2160 4999 2195 5069 ή
2242 4995 2470 5068 ne).an
2514 4994 2617 5048 οὐκ
2648 4994 2755 5046 εἰσὶ
2784 4990 2936 5064 τρεῖς
2972 4991 3175 5062 χεῖρεςο
3225 4989 3321 5041 καὶ
3362 4984 3559 5055 ὥσπερ
3584 4986 3620 5054 ἡ
3662 4983 3758 5036 ἐπὶ

475 5088 603 5146 dum
654 5091 708 5147 in
757 5090 972 5146 camino
1020 5090 1181 5147 trium
1229 5104 1521 5162 puerorum
1565 5100 1684 5148 erat
1726 5091 1961 5162 hymnus
2006 5105 2031 5147 ε

2156 5089 2409 5152 Μωσέως
2458 5086 2619 5159 βάτος
2648 5084 2763 5156 εἶχε
2807 5084 2966 5155 λόγον
2997 5081 3094 5138 καὶ
3128 5080 3304 5153 φλόγα
3344 5077 3438 5132 καὶ
3462 5075 3755 5131 λαλοῦντα·

477 5176 692 5236 llamma
717 5188 774 5237 et
803 5195 918 5248 ros,
944 5194 1089 5237 unus
1120 5195 1248 5239 vero
1277 5182 1524 5238 caminus
1572 5194 1723 5247 erat;
1751 5188 1806 5237 et
1830 5182 1972 5238 sicut
2005 5179 2031 5235 i1

2164 5183 2260 5237 καὶ
2280 5179 2470 5252 ὥσπερ
2504 5182 2538 5250 ή
2559 5178 2790 5250 κάμινος
2828 5172 2939 5230 τῶν
2960 5172 3132 5247 τριῶν
3158 5172 3366 5227 παίδων
3408 5162 3560 5240 εἶχεν
3584 5166 3761 5238 ὕμνον

478 5270 803 5327 numismate
824 5280 910 5329 est
948 5287 1141 5329 aurum
1169 5280 1225 5328 et
1270 5273 1450 5343 imago
1472 5278 1529 5327 et
1574 5268 1857 5341 inscriptio
1896 5270 2031 5340 impe

2165 5274 2260 5329 xui.
2308 5273 2485 5345 φλόγα
2508 5271 2604 5326 καὶ
2634 5268 2850 5342 δρόσον,
2890 5270 2987 5343 μία
3008 5268 3238 5341 κάμινος
3263 5261 3419 5320 οὖσαο
3449 5262 3547 5317 καὶ
3563 5261 3764 5333 ὥσπερ

480 5363 717 5432 ratoris,
745 5363 825 5422 sic
875 5374 932 5423 et
979 5366 1033 5422 in
1075 5374 1421 5423 sacrosancta
1468 5362 1737 5420 Trinitate
1778 5360 2031 5417 inconfus

2168 5367 2228 5421 τὸ
2252 5366 2497 5437 νόμισμα
2558 5363 2671 5436 ἔχει
2718 5362 2921 5437 χρυσὸν
2956 5362 3071 5429 ,καὶ
3118 5358 3303 5414 εἰκόνα
3346 5355 3443 5410 καὶ
3469 5353 3632 5424 λόγον
3663 5352 3761 5407 τοῦ

481 5462 565 5507 est
594 5454 721 5509 unlo
746 5454 801 5512 in
826 5471 933 5514 una
968 5459 1128 5515 trium
1175 5470 1533 5529 personarum
1568 5458 1802 5514 essentia
1829 5472 1895 5513 ac
1925 5455 2031 5512 divi

2171 5458 2454 5529 βασιλέωςο
2485 5456 2659 5520 οὕτως
2683 5457 2743 5509 ὲν
2771 5456 2837 5527 τῇ
2868 5452 3110 5524 παναγίᾳ
3144 5448 3334 5522 Τριάδι
3362 5445 3677 5516 ἀσύγχυτος
3728 5438 3762 5505 ἡ

484 5541 669 5599 ιιίιαῑε·
2168 5548 2364 5613 ἒνωσις
2389 5551 2446 5605 ὲν
2473 5546 2889 5620 τρισυποστάτῳ
2920 5545 3017 5617 μιᾷ
3048 5541 3207 5610 οὐσίᾳ
3227 5538 3320 5595 καὶ
3348 5536 3582 5607 Θεότητι.

565 5688 581 5717 ⁵
609 5698 754 5756 Paul.
786 5716 902 5767 CIX.
931 5702 983 5757 3.
1060 5704 1080 5735 '
1113 5704 1256 5763 Psal.
1301 5724 1359 5766 ιι.
1388 5709 1439 5761 7.
1520 5709 1541 5740 ⁶
1564 5706 1678 5765 Joel
1703 5725 1762 5770 ιι.
1794 5708 1894 5765 28;
1925 5706 2024 5763 lsa.
2059 5721 2203 5766 xm'.
2241 5705 2291 5759 5.
