4098 6200
324 277 435 336 853

1464 285 1808 343 DlALOGUS
1845 287 1936 344 DE
1975 287 2033 344 S.
2076 289 2470 353 TRINITATE.

3479 317 3586 377 85b

403 398 475 452 '0.
520 396 825 464 Ἰουδαῖος.
882 398 999 453 Κᾶν
1053 397 1192 453 εἴπω
1233 400 1364 455 Θεὸν
1423 404 1513 459 τὸν
1565 406 1817 478 Χριστὸν,
1842 408 1903 461 οὐ

2076 411 2323 470 Ιυάιινιιε.
2354 414 2574 472 Etiamsi
2624 418 2895 479 Christum
2941 424 3206 482 conﬁtear
3233 426 3403 487 Deum
3440 446 3587 499 esse,

320 488 508 562 τολμῶ
535 488 717 559 λέγειν
745 489 908 544 αὐτὸν
933 490 1217 562 όμοούσιον
1238 492 1332 547 τοῦ
1359 496 1587 567 Πατρός.

403 583 469 637 '0
492 581 732 649 πιστός.
762 581 891 636 Ἐὰν
939 580 1078 647 ὸλως
1106 584 1376 658 καταδέξῃ
1421 587 1705 658 ὁμολογεῖν
1750 591 1910 646 αὐτὸν

316 674 474 742 Θεὸν,
509 672 799 745 γινώσκεις
829 672 1076 746 ἀκριϐῶς
1122 676 1219 737 καὶ
1251 677 1657 749 ἀναμφιϐόλως,
1689 682 1773 736 ὅτι
1816 683 1913 738 αὐ-

317 764 412 829 τὸς
455 764 678 835 φωτίζει
709 781 767 820 σε
797 764 888 820 διὰ
920 764 1032 820 τῶν
1064 765 1226 823 θείων
1281 769 1510 843 Γραφῶν
1553 774 1648 828 καὶ
1696 791 1912 848 προφη-

317 854 456 919 τῶν,
483 857 566 911 ὅτι
594 855 727 923 Θεός
762 857 915 912 ἔστιν
945 859 976 912 ό
1020 858 1151 924 Υἱὸς
1182 863 1529 934 προαιώνιος,
1554 865 1615 920 οὐ
1648 868 1911 939 σχετικῶς

321 946 507 1012 καθὼς
531 951 580 1003 οί
611 947 787 1003 λοιποὶ
817 949 1116 1022 ἄνθρωποι,
1148 952 1283 1007 ἀλλὰ
1307 956 1572 1024 φυσικῶς,
1608 958 1684 1023 ὡς
1716 960 1830 1029 φῶς
1848 962 1913 1013 ὲκ

271 1113 274 1117 γ
320 1041 525 1111 φωτὸς,
549 1042 645 1095 καὶ
680 1041 814 1107 Θεὸς
839 1042 906 1097 ὲκ
930 1041 1090 1098 Θεοῦ.
1120 1042 1260 1099 Οὔτε
1288 1046 1395 1119 γὰρ
1412 1047 1490 1111 ὡς
1533 1048 1785 1122 Ἀϐραὰμ
1817 1050 1912 1107 καὶ

334 1131 527 1187 Ἰσαὰκ
550 1132 645 1186 καὶ
683 1132 884 1187 Ἰακὼϐ
915 1136 1065 1205 τρεῖς
1094 1135 1234 1189 εἰσιν
1262 1135 1540 1208 ἄνθρωποι
1578 1138 1639 1205 ἒξ
1665 1140 1912 1213 ἀλλήλων

327 1225 749 1297 μεμερισμένοι,
797 1223 942 1279 οὕτω
984 1224 1218 1296 λέγομεν
1249 1228 1470 1297 Πατέρα
1517 1230 1612 1283 καὶ
1638 1230 1768 1286 Υίὸν
1819 1233 1913 1286 καὶ

200 1338 205 1342 '
325 1318 485 1387 ἃγιον
515 1316 757 1389 Πνεῦμα.
781 1314 917 1377 Οὔτε
945 1314 1135 1390 ὥσπερ
1163 1319 1314 1388 τρεῖς
1339 1317 1622 1390 λαμπάδες
1648 1320 1915 1395 διῃρημέ-

325 1424 437 1474 ναι,
468 1407 501 1479 ἢ
547 1410 699 1479 τρεῖς
736 1406 915 1461 στύλοι
946 1406 1366 1479 κεχωρισμένοι,
1403 1409 1435 1479 ἢ
1477 1409 1667 1483 ὥσπερ
1692 1411 1915 1484 Μιχαὴλ

322 1503 421 1556 καὶ
453 1499 714 1573 Γαϐριὴλ,
768 1499 939 1565 οὕτως
983 1500 1278 1572 ἀπέχουσιν
1308 1501 1555 1574 ἀλλήλων
1586 1503 1777 1578 Πατὴρ
1818 1508 1913 1561 καὶ

324 1593 474 1658 Υἱός·
507 1592 633 1648 οὔτε
666 1593 855 1665 ὥσπερ
885 1593 1054 1664 Ἀδὰμ
1085 1594 1382 1667 γεγέννηκε
1411 1596 1504 1651 τὸν
1536 1597 1723 1661 Ἅϐελ,
1742 1598 1915 1664 οὕτως

323 1688 354 1740 ὁ
379 1684 513 1748 Θεὸς
545 1685 848 1756 γεγέννηκε
894 1685 1025 1739 Υέὸν
1081 1686 1448 1758 ὲκπορευτῶς,
1511 1688 1607 1742 καὶ
1650 1687 1909 1758 ῥευστῶς,

2011 501 2159 558 Patri
2187 511 2366 560 tamen
2397 506 2910 567 consubstantialem
2951 527 3059 571 non
3092 516 3265 573 ausim
3295 517 3586 580 aﬂlrmare.

2082 594 2442 654 Christianus.
2473 597 2531 655 Si
2558 599 2781 658 omnino
2826 617 2950 659 eum
2979 605 3180 677 recipis
3214 608 3288 666 ita
3321 620 3381 667 ut
3412 611 3585 671 Deum

2011 685 2345 754 conﬁtearis,
2383 703 2578 747 nosces
2603 699 2856 749 accurate
2903 702 2959 753 et
2993 696 3272 755 evidenter
3300 702 3444 772 quod
3469 703 3588 774 ipse

2013 785 2069 833 te
2097 793 2195 848 per
2232 794 2419 836 sacras
2443 780 2750 852 Scripturas
2771 793 2827 841 et
2861 801 2961 857 per
2997 790 3288 861 prophetas
3312 793 3585 853 illumina-

2013 868 2317 940 hit,sitque
2347 870 2492 928 Deus
2523 872 2694 932 Filius
2715 884 2973 942 αξιοι-συθ,
3001 894 3106 937 non
3134 896 3232 951 per
3267 883 3583 944 relationem

2012 961 2349 1020 sicutcaeteri
2373 964 2635 1035 homines,
2668 969 2762 1025 sed
2796 983 2893 1039 per
2932 979 3201 1042 naturam,
3231 984 3287 1030 ut
3314 975 3496 1034 iumen
3520 979 3588 1035 de

2012 1054 2232 1124 lumine,
2260 1066 2315 1114 et
2345 1058 2488 1115 Deus
2519 1072 2587 1114 ex
2638 1059 2765 1117 Deo.
2798 1060 2914 1120 Non
2947 1065 3089 1122 enim
3123 1065 3262 1122 sicut
3287 1067 3585 1136 Abraham.
3626 1106 3633 1109 -

2013 1147 2164 1203 Isaac
2191 1156 2246 1204 et
2267 1146 2433 1205 Jacob
2464 1159 2577 1206 tres
2605 1159 2732 1207 sunt
2757 1152 3004 1213 homines
3034 1170 3101 1219 ex
3134 1156 3366 1214 invicem
3392 1160 3586 1218 distiu-

2013 1239 2111 1303 cti,
2135 1239 2215 1296 sic
2240 1238 2477 1307 Patrem,
2526 1241 2723 1298 Filium
2760 1253 2817 1303 et
2845 1244 3106 1317 Spiritum
3150 1257 3400 1307 sanctum
3449 1251 3585 1307 dici—

2015 1345 2168 1400 mus;
2204 1348 2400 1404 neque-
2422 1343 2480 1389 ut
2512 1343 2624 1391 tres
2655 1334 2892 1395 lucerna
2932 1338 3223 1405 distinctae,
3246 1349 3340 1396 aut
3363 1349 3472 1399 tres
3493 1356 3585 1400 se-

2013 1428 2217 1491 parata:
2245 1421 2538 1489 columnae;
2566 1438 2740 1495 neque
2763 1425 2909 1490 sicut
2930 1425 3166 1489 Michael
3178 1435 3239 1488 et
3249 1427 3487 1499 Gabriel,
3511 1430 3591 1489 ita

2015 1513 2242 1570 invicem
2266 1514 2494 1584 sejuncti
2534 1524 2663 1572 sunt
2703 1515 2862 1575 Pater
2890 1526 2946 1574 et
2981 1517 3186 1586 Filius;
3217 1534 3392 1590 neque
3444 1521 3589 1579 sicut

2013 1603 2183 1659 Adam
2210 1605 2432 1665 Abelem
2460 1608 2664 1677 genuit,
2699 1607 2774 1664 ita
2807 1608 2948 1665 Deus
2984 1611 3169 1681 genuit
3204 1610 3403 1675 Filium
3437 1624 3585 1672 utea

2015 1710 2073 1752 se
2097 1697 2465 1767 egrederetur,
2506 1696 2771 1766 eﬁlueret,
2813 1700 3063 1757 seminali
3105 1711 3156 1759 et
3188 1704 3456 1772 corporali
3496 1719 3585 1760 ra-

329 1775 590 1850 σωρτῶς
644 1778 738 1832 καὶ
787 1778 1142 1849 σωματικῶς,
1173 1777 1390 1846 ἇπαγεί
1448 1779 1522 1833 Οὐ
1576 1779 1684 1852 γὰρ
1725 1781 1911 1855 ὥσπερ

2024 1763 2183 1842 tione.
2215 1786 2429 1857 Apage!
2469 1785 2589 1844 Non
2634 1763 2779 1844 enim
2826 1790 2966 1846 sicut
2999 1802 3099 1861 ego
3132 1763 3451 1861 prior-sum
3476 1793 3588 1851 tilio

330 1869 644 1941 προτερεύω
673 1868 786 1938 ἐγὼ
821 1868 914 1925 καὶ
952 1868 1154 1941 μείζων
1197 1870 1315 1941 είμὶ
1332 1869 1430 1925 τοῦ
1450 1870 1585 1942 ἐμοῦ
1608 1873 1748 1941 υἱοῦ,
1770 1873 1913 1929 οὕτω

329 1961 424 2016 καὶ
446 1962 476 2014 ό
504 1960 695 2032 Πατὴρ
749 1961 844 2016 καὶ
893 1959 1403 2033 Θεὸςέπροῦπάρχει
1442 1962 1535 2017 τοῦ
1586 1961 1739 2017 Υἱοῦ.
1771 1964 1910 2018 Ἀλλ’

329 2052 448 2124 ἃμα
480 2051 694 2125 Πατὴρ,
720 2051 850 2123 ιᾶμα
882 2049 1033 2114 Υἱὸς.
1062 2050 1139 2114 ὡς
1173 2051 1291 2123 ἃμα
1321 2052 1504 2126 ἡμέρᾳ
1532 2052 1595 2106 τὸ
1626 2055 1762 2124 φῶς.
1802 2054 1913 2109 Καὶ

328 2165 520 2236 ὥσπερ
542 2162 659 2235 ἅμα
691 2165 726 2235 ἠ
759 2163 945 2235 ἡμέρα
985 2164 1080 2218 καὶ
1102 2165 1133 2218 ό
1153 2165 1306 2236 ἥλιος
1348 2167 1442 2220 καὶ
1470 2167 1531 2220 τὸ
1551 2167 1687 2237 φῶς,
1740 2167 1915 2234 οὕτως

330 2258 453 2326 ἅμα
484 2256 679 2328 Πατὴρ
721 2255 817 2310 καὶ
856 2256 983 2320 Υἱὸς
1007 2257 1102 2311 καὶ
1128 2257 1191 2311 τὸ
1215 2258 1459 2331 Πνεῦμα.
1488 2261 1596 2313 Καὶ
1624 2259 1698 2331 μὴ
1731 2260 1911 2333 εῖπῃς,

330 2347 456 2410 Πῶς
479 2348 587 2400 είσι
605 2344 819 2410 ταῦτα;
846 2346 987 2419 ὑπὲρ
1018 2347 1128 2420 γὰρ
1149 2349 1210 2402 τὸ
1241 2349 1360 2413 πῶς
1378 2349 1576 2404 ταῦτα.
1604 2351 1695 2420 Μὴ
1720 2351 1913 2423 εἴπῃς,

329 2436 478 2508 Heiu.)
506 2436 724 2509 τρόπῳς
765 2437 912 2509 ὑπὲρ
951 2436 1068 2508 1&9
1111 2437 1335 2509 τρόπον,
1377 2438 1469 2492 τοῦ
1498 2438 1634 2492 Θεοῦ
1671 2441 1700 2491 ὁ
1734 2441 1913 2504 τόκος.

329 2528 424 2599 Μὴ
461 2527 645 2600 εἴπῃς,
675 2527 821 2599 Ποίῳ
847 2526 1024 2599 λόγῳ;
1065 2529 1205 2601 ὑπὲρ
1241 2529 1398 2599 λόγον
1426 2534 1455 2584 ό
1482 2530 1675 2600 Λόγος.
1702 2530 1792 2602 Μὴ
1814 2529 1913 2604 ζὴ-

324 2634 433 2683 ται.
468 2619 613 2689 Ποίῳ
641 2618 856 2689 χρόνῳι
889 2618 1031 2691 ὑπὲρ
1077 2620 1187 2691 γὰρ
1233 2619 1422 2693 χρόνον
1464 2622 1493 2673 ι
1531 2618 1779 2692 ἄκρονοςο
1821 2623 1912 2694 Μὴ

331 2708 519 2781 εἴπῃς,
561 2709 650 2763 Ἑν
686 2709 827 2781 ποίῳ
875 2711 1061 2782 τόπῳς
1090 2711 1231 2783 ὑπὲρ
1252 2710 1362 2784 1&9
1392 2713 1576 2767 τόπον.
1607 2712 1699 2786 Μὴ
1742 2712 1914 2786 ζήτει,

341 2801 436 2856 ἐν
481 2802 612 2873 ποίᾳ
655 2801 834 2874 ἀρχῆς
871 2802 1013 2873 ὑπὲρ
1056 2802 1233 2875 ἀρχὴν
1279 2803 1390 2876 γὰρ
1414 2806 1448 2874 ἡ
1478 2805 1712 2878 ἄναρχος
1744 2808 1913 2878 ἀρχή.

332 2892 643 2964 ιιροσκύνει
679 2891 818 2947 Θεὸν
849 2893 925 2965 μὴ
970 2893 1208 2965 ἐρευνῶν
1240 2895 1393 2950 Θεόν.
1442 2896 1723 2966 Ὀμολόγει
1745 2899 1917 2952 Πατέ-

334 3003 428 3057 ρα,
457 2985 594 3039 ἀλλὰ
622 2985 696 3058 μὴ
719 2983 874 3057 ζήτει
906 2986 968 3040 τὸ
992 2988 1227 3059 πρᾶγμα
1251 2986 1346 3043 τοῦ
1371 2988 1513 3044 κατὰ
1551 2978 1684 3044 Θεὸν
1709 3007 1914 3062 μυστηη

335 3080 475 3152 ρίου.
505 3079 736 3175 Ῑῖίστευε
763 3082 845 3144 είς
872 3079 1022 3144 Υῑὸν,
1064 3083 1140 3153 μὴ
1166 3079 1437 3153 ψηλαφῶν
1455 3083 1546 3136 τὸν
1570 3082 1773 3154 τρόπον
1817 3083 1915 3152 τῆς
1944 3112 1989 3175 c

333 3170 681 3242 προανάρχου
739 3172 1069 3241 γεννήσεως.
1119 3172 1374 3243 ’Δνύμνει
1420 3172 1482 3226 τὸ
1537 3174 1780 3245 Πνεῦμα,
1842 3173 1917 3244 μὴ
1952 3170 1981 3175 ”

335 3261 809 3333 πολυπραγμονῶν
838 3261 899 3316 τὸ
923 3263 1109 3335 χρῆμα
1137 3264 1237 3334 τῆς
1263 3263 1663 3336 ἑκπορεύσεως.
1700 3265 1919 3334 Moeri;-

338 3371 453 3425 ριον
471 3352 584 3424 1&9
614 3353 1166 3426 καταλαμϐανόμενον
1196 3355 1381 3412 οὐκέτι
1421 3355 1570 3428 μένει
1600 3358 1916 3427 μυστήριον·

339 3446 447 3499 πᾶν
477 3445 538 3499 δὲ
559 3446 620 3499 τὸ
673 3446 748 3517 μὴ
795 3444 856 3499 ὸν
891 3448 1210 3518 μυστήριον,
1232 3447 1387 3502 οὐδέν
1419 3449 1538 3503 ἐστι
1571 3447 1922 3518 θαυμαζόμε-

339 3552 447 3591 νον.
467 3537 635 3591 Ὅσον
657 3533 750 3593 οῦν
772 3538 1061 3609 ἑρευνᾶται
1082 3538 1236 3607 Θεὸς,
1254 3539 1508 3595 τοσοῦτον
1527 3541 1686 3595 πλέον
1712 3543 1921 3611 ἀγνοεῖ-

343 3644 434 3682 ται
488 3628 585 3682 καὶ
614 3628 935 3699 κρύπτεται·
983 3628 1080 3682 καὶ
1103 3629 1227 3682 ὅσον
1260 3628 1657 3684 καταδιώκεται
1710 3632 1801 3685 καὶ
1832 3632 1921 3698 ἑξ-

342 3720 655 3791 ερευνᾶται.
692 3717 949 3773 τοσοῦτον
972 3718 1137 3775 πλέον
1169 3720 1230 3773 οὐ
1270 3719 1768 3790 καταλαμϐάνεται,
1799 3720 1922 3773 οὐδὲ

343 3809 695 3881 φανεροῦται·
733 3810 829 3864 καὶ
847 3811 972 3864 ὅσον
1004 3809 1344 3880 ψηλαφῶαι,
1378 3809 1616 3880 τοσούτῳ
1658 3810 1820 3863 πλέον
1861 3811 1922 3865 οὐ

344 3900 609 3970 φθάνεται
653 3900 774 3955 asas
808 3901 1142 3973 εὑρίσκεται.
1177 3901 1386 3965 Πάντες
1418 3902 1468 3954 οῖ
1515 3900 1650 3954 Θεὸν
1697 3901 1924 3972 ἐρευνή-

346 4008 562 4055 σαντες.
613 3992 771 4046 σκιὰν
798 3992 1073 4065 κρατῆσαι
1126 3991 1498 4047 δσπούδασαν·
1538 3992 1631 4045 καὶ
1655 3992 1771 4045 ὅσοι
1794 3990 1926 4045 Θεὸν

348 4081 542 4155 μαθεῖν
585 4081 936 4153 ἐδοκίμασαν,
981 4081 1216 4154 ἀνέμους
1265 4082 1587 4137 ἀποκλεῖσαι
1637 4083 1695 4135 έν
1743 4080 1928 4153 κόλπῳ

341 4172 639 4244 1ὴθέλησαν·
666 4174 757 4227 καὶ
782 4174 899 4227 ὅσοι
928 4173 1256 4229 καταλαϐεῖν
1286 4174 1385 4244 τὴν
1425 4174 1656 4245 θεότητα
1679 4173 1931 4246 νομίζου-

346 4280 452 4330 σιν,
488 4263 737 4318 ενύπνιον
780 4265 874 4318 καὶ
902 4264 1204 4333 φαντασίαν
1232 4266 1541 4336 κατέχουσι·
1567 4267 1663 4320 καὶ
1691 4267 1805 4319 ὅσοι
1832 4262 1929 4335 βαο

346 4353 505 4409 θῦναι
529 4356 658 4427 περὶ
676 4354 813 4409 Θεοῦ
845 4355 1058 4425 φύσεως
1095 4355 1372 4427 ἐνόμισαν,
1405 4358 1484 4420 είς
1509 4356 1750 4428 αἱρέσεις
1774 4356 1932 4428 ἐτρά-

2018 1894 2141 1935 meo
2167 1882 2465 1952 majorque,
2494 1872 2565 1938 ita
2595 1892 2650 1940 et
2677 1882 2839 1940 Pater
2867 1893 2923 1941 et
2946 1885 3089 1943 Deus
3117 1896 3199 1941 est
3217 1894 3341 1944 ante
3364 1886 3585 1943 Filium.

2021 1969 2125 2024 Sed
2160 1970 2322 2026 simul
2377 1970 2556 2039 Pater,
2618 1972 2778 2028 simul
2806 1973 2995 2042 Filius,
3051 1985 3108 2031 ut
3138 1975 3297 2032 simul
3325 1991 3448 2032 cum
3500 1977 3590 2032 die

2020 2061 2139 2127 lux;
2193 2073 2250 2118 et
2301 2064 2750 2133 quemadmodum
2795 2066 2958 2123 simul
2984 2066 3125 2132 dies,
3157 2066 3238 2124 sol
3270 2078 3329 2124 et
3366 2067 3482 2135 lux,
3508 2068 3591 2124 sic

2021 2153 2176 2209 simul
2218 2163 2344 2209 sunt
2402 2154 2582 2220 Pater,
2612 2156 2781 2215 Filius
2822 2169 2877 2214 et
2915 2156 3168 2227 Spiritus.
3223 2158 3335 2217 Nec
3362 2159 3590 2228 dixeris,

2020 2243 2299 2312 Quomodo
2325 2244 2478 2307 ικεεῖ
2498 2254 2625 2301 sunt
2646 2246 2791 2327 enim
2814 2261 2975 2327 supra
2994 2247 3233 2315 modum.
3253 2244 3334 2301 Ne
3358 2246 3590 2311 dixeris.

2021 2336 2136 2402 Qua
2171 2335 2410 2391 ratione?
2440 2351 2602 2405 supra
2665 2326 2933 2401 rationem
2970 2337 3113 2395 enim
3167 2336 3260 2393 Dei
3290 2337 3591 2403 generatio.

2022 2425 2099 2482 Ne
2126 2426 2295 2491 dicas,
2336 2426 2452 2494 Quo
2484 2428 2746 2483 consilio?
2783 2428 3011 2489 consilio
3055 2428 3304 2498 superius
3331 2427 3427 2487 Dei
3459 2429 3592 2485 Ver-

2025 2519 2170 2572 bum.
2203 2515 2280 2573 Ne
2306 2532 2536 2593 quaeras,
2578 2518 2696 2586 Quo
2725 2520 3002 2588 tempore?
3030 2534 3192 2591 supra
3215 2528 3424 2589 tempus
3444 2521 3589 2578 enim

2020 2609 2111 2679 qui
2147 2608 2403 2678 temporis
2426 2624 2624 2678 expers
2655 2620 2741 2666 est
2768 2617 2825 2673 et
2854 2619 3110 2669 aeternus.
3133 2608 3213 2666 Ne
3246 2611 3419 2679 dicas,
3448 2612 3594 2679 Quo-

2024 2714 2144 2757 nam
2180 2698 2331 2759 loco?
2380 2714 2501 2753 nam
2527 2710 2607 2753 est
2635 2715 2797 2769 supra
2833 2699 3038 2765 locum.
3062 2698 3142 2757 Ne
3172 2700 3420 2770 quaerito,
3445 2699 3590 2768 Quo-

2023 2807 2146 2847 nam
2188 2791 2492 2862 principio?
2527 2807 2690 2862 super
2722 2793 3046 2862 principium
3079 2793 3222 2851 enim
3272 2804 3356 2851 eet
3402 2810 3594 2851 carens

2023 2883 2285 2951 principio
2346 2883 2689 2953 principium.
2744 2882 2923 2941 Adora
3004 2868 3195 2949 Deum,
3235 2899 3304 2939 ne
3349 2896 3596 2942 scrutare

2024 2975 2212 3030 Deum.
2243 2975 2517 3031 Confitere
2543 2974 2781 3038 Patrem,
2810 2975 2905 3029 sed
2930 2989 2997 3030 ne
3033 2975 3260 3044 querito
3301 2974 3466 3031 divini
3498 2992 3595 3031 na-

2025 3076 2199 3121 turam
2224 3067 2484 3137 mysterii.
2516 3066 2688 3122 Crede
2715 3068 2767 3121 in
2801 3065 3015 3132 Filium,
3058 3081 3158 3122 nec
3187 3067 3435 3123 inanibus
3474 3068 3591 3144 palo

2020 3158 2382 3228 pareiustitue
2409 3159 2623 3214 modum
2650 3168 2865 3216 aeterna:
2895 3160 3281 3230 generationis.
3307 3158 3440 3216 Nam
3476 3177 3593 3232 my-

2019 3251 2245 3306 sterium
2286 3250 2328 3305 si
2364 3250 2839 3318 comprehenditur
2877 3266 2989 3307 non
3012 3251 3246 3323 amplius
3274 3254 3615 3325 mysterium

2022 3350 2224 3407 manet,
2259 3340 2519 3410 quidquid
2551 3356 2679 3397 vero
2727 3341 3053 3413 mysterium
3088 3356 3195 3399 non
3244 3351 3348 3409 est,
3390 3342 3446 3398 id
3487 3359 3597 3399 non

2022 3430 2253 3501 amplius
2273 3432 2556 3485 miramur.
2577 3430 2792 3499 Quanto
2824 3432 2997 3503 magis
3026 3431 3192 3504 igitur
3221 3444 3487 3493 naturam
3499 3433 3591 3489 Dei

2021 3511 2302 3587 scrutaris,
2362 3532 2517 3579 tanto
2572 3524 2743 3596 magis
2808 3523 3093 3593 ignoratur
3149 3524 3595 3595 occultaturque;

2022 3630 2132 3684 quo
2159 3616 2328 3686 magis
2370 3631 2496 3670 cum
2538 3615 2840 3685 insequeris
2870 3624 2928 3673 et
2948 3615 3214 3686 exquiris,
3244 3625 3393 3673 tanto
3421 3616 3599 3673 minus

2025 3706 2505 3767 ceruprehenditur
2564 3714 2622 3760 et
2680 3705 3098 3771 manifestatur;
3160 3718 3366 3776 quanto
3426 3706 3600 3776 magis

2024 3795 2240 3851 conaris
2274 3810 2395 3850 eum
2424 3797 2673 3851 manibus
2707 3797 2951 3865 palpare,
2985 3806 3134 3852 tanto
3161 3806 3383 3867 apparet
3398 3796 3596 3859 minus.

2026 3886 2314 3957 minusque
2336 3889 2623 3958 reperitur.
2646 3887 2851 3943 Omnes
2883 3895 3148 3956 quotquot
3175 3886 3408 3943 scrutari
3429 3886 3597 3941 Deum

2025 3977 2283 4050 aggressi
2315 3988 2462 4045 sunt,
2488 3978 2733 4033 umbram
2755 3977 3219 4047 wmprehendere
3242 3977 3597 4043 studuerunt;

2025 4080 2082 4131 et
2113 4080 2377 4142 quotquot
2427 4069 2522 4125 Dei
2573 4080 2821 4125 naturam
2855 4069 3211 4124 instituerunt
3257 4076 3596 4140 perspectam

2030 4163 2252 4228 habere,
2293 4171 2480 4218 ventos
2517 4162 2637 4217 sinu
2685 4160 3009 4219 concludere
3045 4159 3367 4223 voluerunt;
3401 4157 3600 4228 quique

2030 4256 2345 4317 existimant
2368 4255 2703 4335 divinitatem
2730 4269 2791 4310 se
2816 4254 3296 4323 centprehendcre,
3328 4252 3597 4308 somnium

2029 4360 2088 4406 et
2115 4348 2556 4419 imaginationem
2585 4347 3015 4417 amplectuntur;
3045 4354 3101 4401 et
3130 4345 3223 4415 qui
3248 4345 3314 4399 ad
3336 4341 3600 4414 profunda

350 4460 550 4516 πησαν·
605 4446 701 4499 καὶ
744 4446 860 4500 ὅσοι
901 4444 1039 4499 Θεοῦ
1083 4444 1333 4515 λέγουσιν
1377 4446 1459 4501 ὅτι
1488 4446 1751 4515 ἔφθασαν,
1804 4446 1923 4501 οὐδὲ

2033 4449 2240 4497 naturae
2263 4438 2356 4493 Dei
2389 4437 2488 4493 visi
2506 4446 2633 4494 sunt
2660 4436 2761 4492 sibi
2789 4446 3127 4507 penetrasse,
3162 4433 3219 4491 in
3252 4430 3485 4489 haereses
3516 4429 3601 4485 in-

350 4535 561 4604 ῥανίδος
613 4535 680 4589 ὲκ
721 4535 904 4608 πάσης
960 4538 1059 4606 τῆς
1111 4535 1352 4613 ᾴϐὐσσου
1407 4537 1739 4609 ἐκράτησαν,
1793 4536 1931 4591 ἀλλὰ

349 4624 510 4679 σκιὰν
541 4624 970 4693 καταδιώξαντες
1009 4626 1110 4681 οὐκ
1142 4626 1406 4695 ἔφθασαν.

422 4809 617 4872 nim;
651 4802 747 4863 οὖν
783 4808 871 4862 διὰ
903 4806 1065 4862 τοῦτο
1096 4807 1306 4873 ἀκούει,
1338 4808 1421 4861 ὅτι
1454 4807 1564 4871 πᾶς
1589 4806 1620 4860 6
1653 4805 1927 4861 πιστεύων

348 4902 452 4958 οὐκ
483 4901 703 4973 ἔρευνᾷ,
730 4900 891 4965 tite-oi;
918 4899 1163 4963 ἄπιστοι,
1181 4898 1335 4954 Θεόν.
1367 4900 1481 4954 Καὶ
1509 4899 1563 4954 τί
1588 4898 1735 4969 λέγω
1752 4897 1930 4964 Θεόν;

350 4995 476 5056 οὐδὲ
513 4994 588 5048 τὰ
631 4994 725 5048 τοῦ
770 4993 908 5048 Θεοῦ
963 4993 1246 5066 ποιήματα
1309 4991 1617 5065 ἀνθρώποις
1666 4990 1931 5062 εὔληπτα.

355 5087 494 5142 Elui
535 5088 645 5161 γάρ
687 5105 779 5159 μοι
829 5088 931 5153 σὺ,
979 5088 1010 5140 ὁ
1050 5085 1220 5140 θέλων
1266 5086 1555 5159 ὲξερευνᾷν
1596 5088 1691 5141 καὶ
1737 5084 1935 5157 μαθεῖν

357 5179 523 5250 φύσιν
559 5179 716 5247 Θεοῦ,
751 5179 855 5235 ποῦ
884 5178 1025 5234 εἰσὶν
1049 5181 1102 5233 oi
1154 5178 1407 5249 ἄγγελοι;
1446 5180 1542 5233 καὶ
1582 5178 1757 5235 ὁποῖοί
1794 5179 1933 5242 sict;

359 5273 456 5326 καὶ
476 5272 609 5326 πότε
648 5272 932 5341 ὶγένοντος
965 5271 1064 5327 καὶ
1103 5270 1267 5325 πόθεν
1300 5270 1645 5326 συνίστανται
1669 5289 1684 5337 ;
1726 5270 1824 5326 καὶ
1845 5268 1936 5324 διὰ

358 5365 412 5419 τί
440 5367 506 5433 οὐ
536 5363 847 5436 φαίνονταις
881 5368 976 5420 καὶ
1018 5365 1101 5430 τίς
1131 5368 1283 5420 ἔστιν
1322 5367 1357 5436 ἡ
1406 5364 1567 5433 φύσις
1595 5363 1809 5427 abstini;
1841 5365 1937 5415 καὶ

360 5456 546 5511 ὁποῖόν
587 5457 704 5510 εστι
735 5455 797 5509 τὸ
844 5458 1031 5527 σχῆμα
1065 5454 1277 5520 αὐτῶν,
1328 5453 1423 5508 καὶ
1459 5456 1492 5525 ή
1527 5453 1679 5524 φωνὴ
1722 5451 1934 5518 αὐτῶν,

361 5545 500 5598 καὶὸ
534 5543 764 5617 δρόμος;
794 5545 872 5598 Οὐ
907 5544 1069 5615 μόνον
1096 5544 1155 5598 δὲ
1188 5545 1320 5617 περὶ
1357 5544 1605 5613 ἀγγέλων
1625 5543 1832 5616 ὲρευνῶ
1853 5561 1935 5613 σε,

362 5635 501 5690 ἀλλὰ
533 5636 628 5690 καὶ
667 5635 797 5707 περὶ
822 5634 1079 5707 οὐρανοῦ.
1116 5636 1306 5691 ὀποία
1328 5636 1475 5693 ἐστὶν
1498 5677 1514 5702 ,
1553 5637 1676 5691 εἰπέ
1735 5656 1859 5711 μοι,
1902 5640 1937 5710 ἡ

366 5728 532 5797 φύσις
553 5725 743 5792 αὑτοῦ,
776 5729 869 5780 καὶ
900 5728 932 5798 ἡ
960 5727 1177 5792 ἔκτασις
1204 5728 1298 5782 τοῦ
1326 5729 1593 5794 πλάτουςς
1636 5729 1728 5784 καὶ
1774 5731 1934 5785 πόσον

2034 4532 2311 4597 cideruut;
2336 4538 2393 4586 et
2428 4529 2521 4600 qui
2565 4530 2731 4587 Deum
2760 4541 2827 4585 se
2864 4528 3017 4585 aiunt
3042 4535 3341 4591 assecutos,
3389 4538 3456 4580 ne
3483 4531 3603 4594 gut-

2034 4624 2199 4678 tulam
2221 4623 2439 4695 quidem
2466 4636 2535 4677 ex
2559 4621 2811 4677 universa
2835 4620 3032 4691 abysso
3051 4616 3602 4689 comprehenderunt,

1986 4711 1997 4723 '
2032 4715 2128 4771 sed
2158 4716 2407 4775 umbram
2440 4713 2714 4785 persecuti
2746 4713 2901 4782 longe
2930 4712 3157 4769 absunt.

2104 4806 2291 4878 Itaque
2317 4807 2439 4863 ideo
2471 4805 2605 4861 ﬁdes
2628 4811 2993 4872 nuncupatus,
3035 4802 3179 4869 quod
3208 4797 3453 4870 quisquis
3482 4811 3602 4852 cre-

2035 4897 2113 4954 dit
2132 4898 2442 4968 neutiquam
2463 4902 2737 4952 scrutatur
2767 4897 2963 4956 Deum,
2990 4900 3050 4948 ut
3082 4889 3176 4961 qui
3201 4889 3361 4944 alieni
3421 4904 3453 4947 a
3502 4886 3627 4943 ﬁde

2034 4999 2189 5047 sunt.
2224 4989 2303 5046 Ac
2347 4989 2478 5060 quid
2504 4986 2628 5045 dico
2670 4985 2840 5044 Deum
2857 4984 2893 5041 τί
2924 4998 3050 5040 nam
3087 4995 3159 5041 ne
3191 4993 3354 5051 opera
3390 4977 3613 5049 quidem

2037 5098 2070 5140 a
2103 5083 2213 5137 Deo
2234 5080 2455 5135 condita
2481 5086 2708 5150 possunt
2734 5076 2803 5133 ab
2828 5073 3141 5137 hominibus
3168 5069 3329 5128 facile
3357 5068 3623 5141 intelligia

2045 5175 2220 5231 Dicito
2254 5173 2401 5229 enim
2437 5181 2491 5227 tu
2532 5171 2663 5229 mihi
2690 5169 2782 5241 qui
2808 5165 3107 5225 exscrutari
3134 5172 3383 5221 naturam
3414 5160 3510 5217 Dei
3554 5168 3612 5215 et

2040 5274 2378 5340 perspectam
2421 5265 2622 5321 habere
2660 5264 2814 5334 cupis
2839 5301 2856 5329 ,
2898 5260 3116 5317 ubinam
3139 5267 3268 5314 sunt
3309 5255 3507 5325 angeli,
3552 5266 3609 5312 et

2036 5361 2226 5433 quales
2241 5369 2295 5417 et
2318 5359 2534 5429 quando
2550 5356 2676 5412 facti
2700 5364 2847 5422 sunt,
2868 5364 3031 5423 atque
3046 5352 3188 5409 unde
3210 5350 3526 5415 constitere,
3550 5360 3606 5404 et

2040 5470 2209 5526 quare
2244 5469 2349 5507 non
2388 5460 2704 5515 cernuntur,
2741 5458 2796 5504 et
2836 5461 3081 5518 quanam
3122 5453 3207 5501 est
3236 5444 3477 5514 ipsorum
3509 5457 3607 5497 nn-

2042 5558 2185 5613 tura,
2208 5554 2261 5598 et
2281 5543 2460 5613 qualis
2494 5542 2664 5611 ﬁgura
2695 5540 2931 5611 ipsorum
2946 5546 3004 5592 et
3023 5552 3124 5594 vox
3144 5534 3480 5605 cursusque?
3499 5532 3610 5590 Nec

2039 5639 2105 5693 de
2159 5633 2368 5706 angelis
2415 5632 2587 5689 solum
2638 5646 2703 5687 ex
2751 5640 2802 5684 te
2837 5642 3097 5698 quaeram,
3143 5626 3236 5683 sed
3267 5635 3322 5682 et
3354 5625 3420 5682 de
3471 5623 3610 5679 cosio

2041 5743 2274 5799 quoque.
2309 5727 2437 5795 Quae
2469 5735 2585 5791 est,
2629 5725 2717 5781 dic
2757 5721 2926 5790 mihi,
2971 5721 3090 5792 ejus
3135 5728 3326 5777 natura
3350 5758 3366 5785 ,
3407 5730 3525 5788 qua
3555 5714 3610 5769 iu
