4098 6200
471 283 577 341 855

1774 288 2148 343 HIERONYMI
2189 289 2418 345 GRASCI

3607 292 3712 348 856

473 398 638 454 latum
665 402 939 470 expausio,
966 406 1160 468 quanta
1189 400 1460 456 altitudo?
1487 402 1592 456 Sed
1623 402 1748 472 quid
1801 405 2036 460 caelestia

2149 407 2200 460 τὸ
2221 406 2382 477 Oti/0;;
2418 408 2526 460 Καὶ
2546 407 2596 459 τί
2629 407 2772 475 λέγω
2805 406 2871 459 τὰ
2897 405 3228 476 ὲπουράνια;
3260 404 3501 474 ἔλθωμεν
3525 405 3712 464 λοιπὸν

473 493 624 546 dico?
656 491 1051 546 Descendamus
1075 507 1238 560 porro
1265 493 1316 547 in
1340 495 1451 549 haec
1483 505 1718 570 terrena,
1757 499 1808 550 in
1849 500 2042 570 quibus

473 584 703 636 vivimus
732 584 828 652 ipsi
863 592 916 636 et
953 597 1231 640 movemur
1255 594 1309 640 et
1334 601 1538 654 sumus.
1573 587 1706 654 Quis
1728 589 1869 643 clare
1897 593 2043 646 novit

475 677 704 746 propriae
739 684 984 729 naturam
1035 677 1250 740 animae,
1296 678 1472 747 qualis
1519 679 1610 742 sit,
1668 691 1722 734 et
1772 683 2042 748 quomodo

474 783 594 818 eum
626 780 852 832 corpore
873 766 1202 832 obambulet,
1233 777 1287 822 et
1321 769 1498 836 qualis
1533 769 1650 836 ejus
1695 771 1865 843 forma
1923 788 2040 841 spe-

473 855 727 923 ciesque,
777 855 864 909 ubi
907 864 1068 925 atque
1119 857 1259 911 unde
1297 859 1581 925 consistat,
1617 869 1669 914 et
1710 863 1978 930 quomodo
2011 879 2038 914 a

471 961 700 1016 corpore
735 949 1058 1016 separetur?
1086 947 1292 1004 Deinde
1317 951 1508 1004 iterum
1537 953 1602 1006 de
1618 967 1845 1022 corpore
1871 954 2043 1022 inqui-

473 1042 696 1096 rendum
728 1057 742 1090 :
773 1040 1053 1107 Quomodo
1087 1043 1356 1104 consistit,
1385 1045 1658 1112 quomodo
1706 1030 2039 1108 dissolvitur,

470 1131 744 1200 quomodo
785 1131 980 1185 iterum
1016 1133 1268 1201 resurgit,
1304 1143 1358 1187 et
1390 1149 1494 1203 qua
1530 1133 1738 1189 ratione
1762 1134 1814 1188 in
1855 1150 2039 1190 resur-

474 1223 713 1277 rectione
727 1221 1017 1291 colligitur,
1041 1233 1096 1277 et
1121 1225 1388 1292 quomodo
1404 1235 1497 1279 aut
1519 1225 1661 1280 unde
1679 1235 1855 1280 exstat
1883 1236 2043 1295 atque

473 1315 528 1368 in
571 1328 733 1367 unum
775 1329 965 1369 rursus
993 1329 1113 1368 cum
1146 1315 1323 1369 anima
1355 1316 1709 1370 restituitur?-
1756 1316 1862 1372 Nec
1914 1332 2042 1371 vero

473 1404 706 1459 hominis
748 1414 952 1458 tantum
991 1416 1181 1459 natura
1217 1407 1598 1475 comprehendi
1639 1421 1742 1461 non
1772 1417 1946 1478 potest
1977 1408 2042 1461 ab

473 1497 711 1562 homine,
764 1497 858 1550 sed
906 1511 1004 1551 nec
1055 1497 1484 1565 quadrupedum,
1522 1497 1907 1566 volucriumve,
1944 1514 2042 1554 nec

472 1586 721 1654 piscium.
759 1586 935 1641 Dicito
978 1588 1120 1641 enim
1173 1588 1326 1652 mihi,
1387 1588 1477 1657 qui
1525 1589 1705 1644 divina
1758 1591 2038 1653 scrutaris,

473 1680 743 1746 quomodo
778 1687 1052 1732 mutarum
1092 1678 1448 1733 animantium
1509 1691 1700 1734 natura
1743 1682 2043 1736 consistit?

2144 499 2292 568 κάτω
2325 500 2402 560 εἰς
2446 500 2514 550 τὰ
2548 498 2778 566 ἐπίγεια,
2822 499 2879 550 ἐν
2930 491 3011 558 οἷς
3045 497 3226 566 ζῶμεν
3273 497 3365 549 καὶ
3418 497 3714 566 κινούμεθα

2144 589 2238 660 καὶ
2268 587 2452 657 ἐσμέν.
2506 588 2549 638 Τ
2557 588 2602 650 ίς
2652 587 2896 656 ἐναργῶς
2945 585 3084 653 ἔγνω
3117 585 3216 654 τὴν
3248 585 3382 638 ἰδίαν
3410 587 3511 654 τῆς
3535 584 3714 654 ψυχῆς

2146 679 2523 748 κατασκευὴν,
2577 678 2735 730 ὁποία
2779 678 2916 737 ἐστὶ,
2963 678 3058 729 καὶ
3083 677 3200 740 πῶς
3251 676 3713 746 συμπεριέρχεται

2148 767 2285 837 μετὰ
2313 767 2407 819 τοῦ
2441 766 2710 837 σώματος,
2732 768 2826 820 καὶ
2857 767 3017 820 ὁποία
3049 766 3125 836 τῷ
3159 767 3287 820 εῖδει
3315 768 3450 832 ἐστὶ,
3494 765 3586 819 καὶ
3611 765 3713 818 ποῦ

2143 859 2237 911 καὶ
2270 858 2430 911 πόθεν
2465 856 2796 920 συνίσταται,
2818 857 2914 928 καὶ
2947 857 3064 919 πῶς
3104 857 3390 927 χωρίζεται
3410 855 3504 908 τοῦ
3529 854 3707 924 σῶμα·

2142 967 2264 1015 τος;
2290 949 2420 1004 Εἶτα
2446 950 2604 1004 πάλιν
2631 950 2760 1019 περὶ
2794 947 3043 1022 σώματος
3077 949 3415 1020 ὲρευνητίον,
3444 946 3563 1008 πῶς
3587 962 3729 996 cum.

2147 1049 2384 1111 ίσταταις
2420 1045 2537 1109 πῶς
2565 1045 2868 1112 διαλύεται;
2907 1044 3023 1108 πῶς
3055 1033 3450 1106 δὲ’ἀνίσταταις
3486 1040 3625 1109 ποίῳ

2140 1137 2326 1209 τρόπῳ
2349 1137 2405 1188 ὲν
2434 1137 2514 1207 τῇ·
2532 1134 2824 1201 ἀναστάσει
2849 1133 3144 1202 συνάγεται
3171 1150 3184 1196 ;
3214 1131 3307 1183 καὶ
3341 1131 3459 1185 πῶς
3490 1130 3523 1200 ἦ
3547 1128 3716 1181 πόθεν

2143 1225 2502 1297 παραγίνεται
2545 1224 2639 1277 καὶ
2686 1226 2765 1287 εἰς
2809 1225 2869 1276 τὸ
2912 1223 2970 1276 ἒν
3007 1219 3160 1286 αὖθις
3219 1223 3354 1294 μετά
3391 1221 3490 1288 τῆς
3533 1218 3718 1289 ψυχῆς

2144 1315 2606 1378 ἀποκαθίσταται;
2635 1315 2709 1368 Οῦ
2755 1313 2917 1384 μόνον
2943 1314 2998 1368 δὲ
3043 1317 3075 1385 ἡ
3103 1314 3194 1366 τοῦ
3227 1311 3510 1384 ἀνθρώπου
3546 1328 3719 1365 κατα-

2144 1409 2309 1477 σκευή
2335 1409 2478 1459 ἐστιν
2502 1407 3052 1477 ἡμῖνάκατάληπτος,
3079 1405 3214 1459 ἀλλά
3237 1405 3330 1458 καὶ⁸
3358 1406 3390 1474 ἡ
3424 1404 3532 1457 τῶν
3559 1402 3719 1466 ζώων

2143 1499 2373 1552 καὶτῶν
2418 1497 2678 1551 πετεινῶν
2725 1498 2818 1550 καὶ
2865 1497 3081 1568 ἰχθύων.
3128 1497 3263 1549 Εἰπὲ
3308 1496 3417 1566 γάρ
3469 1512 3558 1564 μοι
3586 1496 3615 1547 ό
3644 1493 3717 1556 τά

2145 1591 2272 1662 περὶ
2297 1589 2429 1661 Θεοῦ
2462 1589 2696 1660 ἐρευνῶν
2719 1629 2733 1651 ,
2788 1588 2904 1651 πῶς
2937 1591 2969 1659 ἡ
3017 1587 3125 1640 τῶν
3158 1587 3363 1654 ἀλόγων
3409 1585 3570 1654 φύσις
3616 1585 3722 1652 ὐφ-

2144 1679 2338 1748 έστηκε
2357 1695 2370 1742 ;
2393 1677 2516 1744 πῶς
2528 1677 2702 1748 ψυχὴν
2718 1675 2938 1746 λογικὴν
2967 1679 3038 1746 μὴ
3063 1675 3252 1746 ἔχοντα
3268 1674 3439 1727 ταῦτα
3451 1673 3722 1744 θνήσκου-

472 1761 740 1838 quomodo
781 1771 1086 1824 moriuntur
1118 1770 1313 1840 quibus
1359 1772 1539 1825 anima
1573 1773 1907 1827 rationabilis
1937 1789 2040 1828 non

2149 1786 2234 1833 at;
2270 1769 2321 1821 τί
2366 1769 2423 1834 ἐξ
2469 1769 2646 1822 αὐτῶν
2679 1771 2736 1821 ὲν
2780 1767 2956 1838 καιρῷ
2994 1766 3084 1820 τοῦ
3111 1766 3342 1820 θανάτου
3385 1765 3719 1834 χωρίζεταις

471 1860 747 1928 est?.quid
774 1861 841 1913 ab
879 1861 984 1915 illis
1016 1861 1204 1916 mortis
1243 1870 1483 1929 tempore
1520 1864 1848 1931 separatur?
1878 1863 1933 1918 Si
1966 1865 2045 1918 di-

476 1951 622 2004 xeris
655 1951 781 2004 mihi
815 1952 1049 2004 animam
1075 1952 1483 2007 substantialem
1521 1968 1624 2008 non
1653 1955 1877 2010 sortitas
1902 1970 2043 2019 esse,

473 2042 565 2094 sed
590 2042 910 2110 sanguinem
939 2052 1029 2096 :at
1049 2042 1277 2112 plurima
1303 2043 1556 2098 animalia
1587 2046 1892 2100 moriuntur
1921 2063 2045 2102 san-

473 2133 634 2200 guine
667 2132 814 2210 nullo
833 2131 1102 2190 eﬂluente.
1130 2133 1410 2200 Quomodo
1443 2150 1573 2192 vero
1601 2137 1776 2206 pisces
1815 2139 1868 2192 in
1892 2140 2046 2209 aquis

474 2232 704 2290 possunt
731 2225 1019 2291 respirare,
1062 2236 1116 2281 et
1150 2227 1420 2296 quomodo
1455 2227 1529 2282 illi
1559 2243 1820 2297 aquarum
1856 2239 2044 2284 natura

477 2326 581 2367 non
631 2323 690 2367 ut
736 2323 930 2369 caatera
984 2315 1240 2370 animalia
1295 2316 1676 2372 suﬂ'ocantur?
1735 2316 1889 2372 Unde
1920 2333 2046 2373 vero

473 2390 673 2457 animal
725 2407 936 2458 ratione
963 2406 1274 2461 destitutum
1310 2408 1352 2462 si
1392 2423 1516 2463 cum
1558 2409 1778 2465 homine
1831 2410 1897 2465 ad
1951 2411 2044 2465 Dei

473 2496 692 2553 condito
720 2497 1007 2566 imaginem
1043 2500 1389 2567 processerit,
1429 2500 1482 2553 in
1511 2500 1596 2556 via
1645 2501 1787 2556 inter
1815 2502 2046 2556 redeun-

475 2588 600 2641 dum
634 2587 811 2642 minus
846 2603 1032 2642 errare
1064 2604 1226 2658 quam
1274 2591 1484 2644 ratione
1505 2592 1764 2661 gaudens,
1809 2601 1864 2646 et
1907 2593 2044 2646 viam

477 2678 670 2738 melius
701 2693 861 2734 nosse
905 2673 1559 2749 deprehenditurY'Unde
1584 2698 1770 2738 rursus
1800 2685 2047 2738 volucres

475 2777 529 2822 et
563 2768 739 2834 pisces
771 2767 1007 2837 fereque
1038 2769 1243 2834 bestia},
1277 2772 1472 2840 quibus
1495 2786 1593 2825 nec
1623 2787 1803 2826 sermo
1838 2787 1936 2826 nec
1958 2787 2046 2825 ra-

478 2855 552 2908 tio
581 2865 700 2920 est,
743 2870 918 2924 neque
945 2857 1250 2913 intellectus
1282 2875 1381 2913 nec
1414 2859 1701 2926 judicium,
1744 2861 2048 2932 intelligunt

475 2952 530 3012 et
567 2943 702 2997 retia
731 2944 1338 3016 tran’siliuntetlaqueos
1362 2950 1680 3018 pedicasqne
1702 2951 2050 3006 venatorum?

546 3035 723 3104 Atque
753 3044 812 3088 ut
843 3051 1008 3104 porro
1031 3034 1261 3108 amplius
1296 3039 1555 3094 vilitatem
1591 3052 1735 3094 tuam
1766 3043 2047 3097 miseram-

475 3143 581 3197 que
613 3130 881 3184 inscitiam
914 3145 1175 3200 agnoseas
1196 3171 1211 3196 ,
1239 3132 1436 3203 rogabo
1469 3144 1520 3187 te
1549 3135 1770 3202 insuper
1802 3146 1856 3190 et
1901 3137 2002 3212 hoc
2028 3155 2040 3192 :

480 3219 574 3274 Dic
605 3220 734 3276 mihi
770 3229 846 3286 tu,
888 3223 980 3290 qui
1025 3222 1621 3292 incomprehensibilcm
1655 3224 1934 3280 Factorem
1983 3242 2046 3281 ac

478 3308 646 3363 Deum
687 3325 846 3364 nosse
880 3325 944 3366 ac
986 3312 1199 3367 curiose
1248 3323 1300 3368 te
1345 3317 1579 3368 scrutari
1615 3315 1912 3384 profiteris,
1959 3317 2045 3372 dic

478 3399 616 3456 mihi-
657 3401 806 3469 prius
845 3416 964 3470 quae
1014 3413 1098 3456 est
1145 3405 1448 3459 substantia
1499 3407 1715 3474 pulicis,
1769 3417 1822 3462 et
1869 3407 2045 3482 qualis
2083 3423 2104 3432 ν

475 3491 776 3546 substantia
812 3494 1008 3548 animm
1037 3493 1175 3564 ejus,
1211 3505 1266 3549 et
1307 3497 1487 3566 qualis
1530 3507 1613 3552 est
1662 3499 1780 3567 ejus
1818 3497 2044 3552 anima?

474 3585 746 3651 quomodo
790 3587 929 3639 citra
977 3600 1162 3641 semen
1215 3598 1407 3656 sponte
1463 3569 1719 3644 exsistit?
1776 3592 2044 3658 quomodo

478 3676 740 3730 rationem
788 3685 842 3729 et
882 3677 1200 3745 sapientiam
1253 3677 1374 3732 cuin
1411 3679 1648 3744 nesciat,
1699 3681 1840 3735 videt
1872 3681 2045 3736 homi-

478 3781 620 3831 nem,
670 3775 726 3820 et
759 3779 986 3822 mortem
1037 3778 1284 3824 metuens
1317 3770 1490 3840 fugit?
1539 3773 1678 3825 unde
1709 3773 1855 3826 novit
1885 3773 2042 3826 morti

477 3877 535 3930 se
559 3859 849 3914 obnoxium
872 3858 1024 3914 fore?
1050 3860 1248 3928 quibus
1281 3862 1578 3916 ratiociniis
1604 3863 1914 3918 consultat?
1945 3879 2045 3918 un—

476 3957 542 4008 de
582 3955 772 4008 didicit
807 3955 1014 4008 hostem
1065 3955 1169 4008 sibi
1213 3955 1483 4009 hominem
1519 3957 1675 4010 esse?
1711 3957 1798 4010 ubi
1834 3972 2042 4011 memo-

481 4046 649 4108 rativa
690 4047 808 4113 ejus
839 4047 919 4101 vis
946 4055 1002 4100 et
1035 4047 1315 4102 collectiva
1367 4048 1594 4103 facultas
1636 4059 1720 4104 est
1771 4050 2047 4116 reposita?

480 4137 600 4204 quis
637 4152 762 4191 vero
792 4137 976 4192 docuit
1013 4154 1136 4194 eum
1167 4139 1220 4192 in
1273 4141 1475 4194 suturis
1507 4140 1766 4210 plicisque
1810 4142 2041 4195 vestium

480 4245 537 4283 se
559 4229 936 4285 abscondere?
959 4232 1024 4286 Et
1045 4247 1152 4302 quo
1190 4233 1409 4286 nomine
1443 4232 1697 4300 ‘pulicem
1731 4246 2042 4300 nuncupare

477 4319 734 4376 debemus
752 4322 842 4391 qui
873 4329 1274 4379 exscrntatores
1296 4321 1595 4374 divinitatis
1612 4335 1735 4374 esse
1760 4323 2045 4375 volumus?

2152 1862 2247 1914 Ἀν
2288 1861 2445 1936 εἴπῃς
2489 1879 2600 1931 μοι,
2636 1861 2826 1931 Ψυχὴν
2865 1859 3230 1930 ὑποστατικὴν
3270 1859 3369 1912 οῦκ
3396 1858 3720 1926 ἐκτήσαντο,

2149 1953 2283 2008 ἀλλά
2314 1953 2375 2006 τὸ
2413 1948 2569 2023 αἷμαο
2598 1953 2732 2006 ἀλλά
2767 1952 2990 2005 πλεῖστα
3019 1950 3130 2014 ζῶα
3156 1949 3340 2020 καὶμὴ
3373 1948 3724 2018 αἱμορῤαγή·

2149 2062 2316 2098 σαντα
2373 2045 2684 2114 θνήσκουσι.
2723 2043 2846 2106 Πῶς
2878 2043 2935 2096 δὲ
2973 2043 3134 2096 πάλιν
3189 2042 3238 2092 oi
3275 2038 3456 2109 ἰχθύες
3501 2040 3560 2090 ἐν
3604 2040 3722 2098 τοῖς

2148 2137 2330 2189 ῦδασιν
2359 2137 2615 2188 ἀναπνεῖν
2642 2134 2891 2188 δύνανται
2915 2152 2928 2198 ;
2960 2135 3078 2197 πῶς
3104 2134 3297 2194 αὐτοὺς
3321 2135 3354 2201 ὴ
3376 2130 3484 2182 τῶν
3509 2129 3722 2181 ὑδάτων

2147 2227 2308 2296 φύσις
2340 2227 2439 2279 οὑκ
2473 2226 2762 2292 ἀποπνίγει
2799 2225 2873 2288 ὼς
2916 2225 2984 2278 τὰ
3015 2223 3188 2290 ἄλογα
3223 2221 3330 2289 (1);
3381 2218 3548 2271 Πόθεν
3575 2217 3630 2269 δὲ
3657 2217 3723 2267 τὸ

2148 2318 2340 2386 ἄλογον
2373 2317 2508 2380 ζῶον
2540 2319 2634 2369 σὺν
2667 2316 2744 2386 τῷ
2773 2317 2892 2369 κατ’
2920 2315 3105 2368 είκόνα
3140 2312 3273 2366 Θεοῦ
3309 2312 3421 2364 δντι
3443 2307 3721 2378 ἀνθρώπῳ

2148 2409 2204 2461 ὲν
2247 2407 2349 2477 ὁδῷ
2393 2406 2795 2477 ἀπερχόμενον,
2835 2407 2892 2455 ἐν
2932 2403 3009 2474 τῷ
3037 2401 3430 2473 ἐπανέρχεσθαι
3459 2399 3605 2470 ὑπὲρ
3628 2398 3722 2452 τὸν

2147 2498 2361 2567 λογικὸν
2406 2498 2715 2569 εὑρίσκεται
2746 2495 3000 2558 ἀπλανῶς
3031 2496 3129 2563 τὴν
3171 2493 3288 2547 ὁδὸν
3320 2489 3721 2560 ἐπιστάμενονς

2147 2589 2319 2642 Πόθεν
2357 2589 2413 2641 δὲ
2442 2589 2602 2642 πάλιν
2645 2587 2864 2641 πετεινά
2894 2589 2987 2639 καὶ
3022 2585 3202 2656 ἰχθύες
3243 2585 3336 2636 καὶ
3367 2581 3531 2652 θηρία
3581 2581 3720 2649 μήτε

2147 2683 2300 2750 λόγον
2337 2683 2473 2752 μήτε
2501 2681 2758 2750 λογισμὸν
2793 2680 3001 2747 ἔχοντα,
3037 2681 3172 2749 μήτε
3209 2677 3446 2730 διάνοιαν
3480 2675 3574 2726 καὶ
3601 2675 3718 2728 διά-

2148 2791 2351 2845 κρισιν,
2392 2772 2571 2826 νοοῦσι
2605 2773 2699 2826 καὶ
2721 2772 3104 2842 ὑπερϐαίνουσι
3131 2771 3319 2823 δίκτυα
3357 2769 3452 2822 καὶ
3488 2767 3717 2835 παγΰας

2150 2867 2244 2916 καὶ
2266 2862 2582 2935 θηρεύματα
2613 2881 2628 2930 ;

2221 3042 2330 3096 Καὶ
2360 3043 2444 3096 ἵνα
2489 3041 2672 3096 λοιπὸν
2716 3043 2998 3113 ἐπιγνοίης
3043 3044 3134 3095 ἐπὶ
3183 3040 3343 3094 πλέον
3391 3039 3488 3108 τὴν
3523 3035 3718 3090 σαυτοῦ

2152 3135 2481 3188 ταπείνωσιν
2531 3135 2624 3186 καὶ
2668 3135 2888 3198 ἄγνοιαν
2932 3135 3026 3188 καὶ
3069 3131 3462 3203 ταλαιπωρίαν,
3494 3129 3606 3200 ὲρῶ
3637 3144 3722 3180 σοι

2154 3229 2315 3282 πάλιν
2368 3229 2463 3281 καὶ
2514 3228 2671 3281 τοῦτο
2695 3244 2709 3259 °
2735 3227 2868 3282 Εἰπέ
2917 3245 3006 3296 μοι
3035 3228 3120 3289 σὺ,
3147 3227 3176 3277 6
3210 3227 3301 3278 τὸν
3338 3222 3724 3290 ἀκατάληπτον

2155 3318 2388 3389 Ποιητὴν
2426 3319 2520 3371 καὶ
2553 3319 2685 3370 Θεὸν
2728 3317 3038 3388 δοκιμάζων
3075 3318 3266 3388 μαθεῖν
3297 3316 3390 3370 καὶ
3440 3314 3722 3380 πολυπρατ
3783 3300 3804 3308 ’

2153 3427 2186 3478 γ
2193 3413 2392 3480 μονεῖν,
2412 3409 2535 3478 λέγε
2556 3428 2645 3480 μοι
2663 3411 2896 3481 πρῶτον,
2915 3411 2966 3464 τί
2987 3410 3181 3480 ἐστινὴ
3203 3408 3361 3462 οὐσία
3373 3405 3465 3458 τοῦ
3487 3403 3717 3474 senon;

2153 3499 2246 3551 xui.
2273 3499 2430 3552 ὁποία
2469 3499 2616 3552 ἐστὶν
2641 3502 2672 3570 ἡ
2696 3500 2848 3552 οὐσία
2873 3499 2972 3568 τῆς
2997 3499 3176 3569 ψυχῆς
3200 3496 3363 3550 αὑτοῦ
3385 3513 3398 3561 ;
3425 3497 3518 3549 καὶ
3559 3493 3721 3546 ὁποία

2150 3584 2184 3652 ἡ
2209 3581 2352 3654 ψυχὴ
2381 3583 2571 3648 aurei};
2601 3585 2695 3638 καὶ
2720 3584 2835 3648 πῶς
2861 3585 2998 3655 αὑτὴ
3021 3585 3148 3645 ἄνευ
3178 3585 3384 3655 σπορᾶς
3400 3580 3722 3650 αὐτομάτως

2155 3673 2497 3739 συνίσταται;
2526 3675 2761 3738 καὶπῶς
2795 3673 3050 3743 λογισμὸν
3084 3674 3116 3743 ἦ
3159 3673 3348 3740 σοφίαν
3381 3671 3453 3741 μὴ
3501 3669 3723 3721 ἐπιστάο

2155 3783 2336 3836 μενος,
2361 3768 2462 3838 ὁρᾷ
2491 3767 2579 3820 τὸν
2611 3766 2894 3836 ἄνθρωπον
2918 3766 3010 3829 καὶ
3041 3764 3231 3833 φεύγει
3267 3761 3598 3833 φοϐούμενος
3629 3759 3722 3812 τὸν

2153 3854 2382 3909 θάνατον
2399 3872 2413 3918 ;
2432 3854 2594 3907 πόθεν
2614 3853 2669 3906 δὲ
2683 3849 2842 3919 οἶδεν,
2866 3855 2947 3910 ὅτι
2970 3854 3179 3921 θανάτῳ
3207 3852 3488 3919 ὑπόκειται
3509 3869 3523 3914 ;
3547 3849 3722 3911 ποίοις

2151 3946 2208 3998 δὲ
2251 3945 2530 4014 λογισμοῖς
2573 3941 2886 4012 βουλεύεται
2913 3961 2928 4009 ;
2959 3941 3122 3996 πόθεν
3155 3939 3375 4011 ἔμαθεν,
3409 3940 3491 3994 ὅτι
3531 3938 3723 4013 ἐχθρὸς

2152 4035 2315 4090 αὑτοῦ
2341 4035 2672 4105 καθέστηκεν
2708 4037 2737 4088 6
2769 4034 3091 4104 ἀνθρωπος;
3129 4032 3230 4099 ποῦ
3255 4033 3310 4085 δὲ
3349 4033 3380 4102 ὴ
3419 4048 3719 4102 μνημονευ-

2150 4127 2277 4198 τικὴ
2307 4127 2471 4180 αὐτοῦ
2501 4127 2784 4180 ἀπόκειται
2808 4127 3046 4190 διάνοια;
3081 4126 3163 4188 τίς
3185 4125 3240 4178 δὲ
3261 4127 3288 4178 ό
3319 4124 3537 4190 διδάξας
3561 4121 3726 4190 αὑτὸν

2151 4220 2210 4272 ὲν
2237 4223 2355 4283 ταῖς
2382 4221 2582 4290 ραφαῖς
2611 4221 2705 4272 καὶ
2739 4219 3029 4272 διπλῶσεσι
3072 4218 3176 4271 τῶν
3213 4218 3442 4287 ἱματίων
3487 4216 3725 4287 κρύπτε-

2155 4311 2310 4376 σθαι;
2341 4312 2405 4364 Τί
2439 4311 2494 4364 δὲ
2519 4312 2623 4381 ἄρα
2650 4313 2743 4364 καὶ
2767 4311 3054 4379 ὀνομάζειν
3086 4311 3176 4364 τὸν
3204 4310 3400 4379 ψύλλον
3438 4310 3726 4378 ὀφείλομεν

481 4401 712 4479 igiturne
741 4411 1140 4478 quadrupedem
1185 4408 1466 4464 dicemus?
1491 4419 1548 4462 at
1571 4424 1677 4464 non
1706 4418 1788 4463 est
1807 4411 2046 4476 quadrn-

2151 4403 2263 4455 ὅσοι
2287 4402 2633 4474 ὲξερευνηταὶ
2659 4403 2756 4472 τῆς
2788 4403 3038 4474 θεότητος
3063 4421 3077 4465 ;
3102 4397 3168 4455 Ἀ
3182 4419 3246 4473 ρα
3274 4400 3604 4471 τετράποδον
3627 4404 3727 4454 αῦ-

478 4499 860 4570 p'cs.Biped’em
895 4500 1063 4566 ergo?
1092 4515 1198 4554 twn
1229 4500 1533 4569 estJtaque
1565 4499 1789 4565 reptile?
1818 4516 1922 4554 non
1944 4512 2047 4566 est,

479 4593 572 4645 Sed
604 4581 801 4644 animal
840 4600 944 4646 est.
985 4590 1215 4660 Ideoque
1247 4573 1436 4646 hortor
1462 4607 1898 4660 unumquemque
1950 4593 2044 4661 qui

479 4683 614 4738 velit
661 4681 756 4738 Dei
813 4692 1062 4737 naturam
1109 4683 1486 4750 commentari,
1539 4692 1595 4737 ut
1631 4684 1782 4754 prius
1815 4683 2052 4754 explicet

479 4763 732 4828 naturam
771 4775 1079 4846 parvissimi
1118 4775 1348 4846 pulicis,
1408 4774 1634 4844 ejusque
1684 4775 2047 4830 conditionem

482 4853 1042 4938 cmustitutidnemque
1078 4873 1139 4922 et
1171 4868 1619 4938 compositionem
1662 4877 1718 4924 et
1757 4868 2048 4937 originem,

479 4963 736 5029 animam,
778 4977 996 5018 sensum
1021 4970 1077 5016 et
1102 4961 1464 5025 intellectum;
1497 4975 1561 5015 ac
1591 4961 1807 5030 quando
1839 4962 1884 5016 is
1904 4953 2070 5016 certo'

479 5040 953 5125 comprehenderit
983 5039 1246 5122 nobisque
1262 5053 1612 5123 explicaverit
1637 5055 1870 5123 speciem
1894 5064 2053 5124 etge—

481 5161 580 5199 uns
625 5144 939 5199 substantia:
984 5159 1087 5212 qua
1135 5150 1353 5198 constat
1405 5141 1594 5207 pulicis
1649 5143 1865 5205 anima,
1927 5150 2052 5194 tunc

481 5252 644 5304 porro
695 5237 796 5306 ipsi
849 5235 1167 5291 habebimus
1225 5235 1408 5302 fidem,
1452 5236 1595 5305 quod
1626 5236 1790 5288 etiam
1842 5250 1926 5288 res
1961 5234 2052 5288 Dei

481 5328 1041 5397 incomprehensibilis
1089 5327 1356 5396 attingere
1417 5329 1493 5380 et'
1535 5339 1806 5395 exponere
1860 5332 2045 5392 queat.

480 5415 704 5471 Etiamsi
740 5419 946 5473 dixeris
995 5420 1162 5482 mihi,
1201 5420 1362 5473 homo
1397 5418 1626 5480 stolide,
1681 5416 1821 5484 quod
1868 5415 2044 5469 anima

481 5496 672 5576 pulicis
716 5519 770 5563 et
807 5509 1067 5579 cujusque
1107 5511 1276 5586 bruta:
1331 5510 1624 5565 animantis
1665 5508 1734 5562 sit
1791 5506 2050 5590 sanguis,

550 5682 626 5761 μ)
669 5679 802 5736 Puto
844 5683 939 5750 leg.
987 5683 1051 5735 τὰ
1081 5684 1233 5741 ἄλλα..
1293 5715 1298 5720 ι

2150 4494 2242 4547 τὸν
2269 4495 2494 4564 εἴπομεν
2520 4513 2534 4559 ;
2561 4494 2674 4546 ἀλλ’
2707 4494 2806 4546 οὐκ
2833 4493 2998 4546 ἔστιν.
3025 4490 3170 4562 'Apa
3199 4493 3442 4558 δίποδον;
3485 4492 3599 4546 ἀλλ’
3624 4493 3729 4554 οὐκ

2151 4585 2315 4642 ἔστιν.
2349 4582 2493 4658 τΑρα
2533 4586 2795 4657 ἐρπετόν;
2845 4585 2960 4639 ἀλλ’
2999 4586 3098 4638 οῦκ
3141 4585 3322 4646 ἐστιν,
3372 4583 3506 4638 ἀλλά
3559 4582 3724 4645 ζῶον.

2150 4678 2240 4730 Διὸ
2281 4677 2582 4748 παρακαλῶ
2621 4679 2797 4730 πάντα
2843 4677 2932 4728 τὸν
2981 4675 3200 4728 θέλοντα
3249 4675 3581 4742 φυσιολογεῖν
3627 4671 3726 4724 τὸν

2149 4767 2303 4828 Θεὸν,
2340 4786 2408 4837 φυ
2419 4767 2726 4839 σιολογῆσαι
2759 4769 2910 4837 ἡμῖν,
2928 4767 3034 4838 πρὸ
3053 4765 3148 4818 τοῦ
3169 4765 3328 4830 Θεοῦ,
3358 4765 3454 4834 τὴν
3480 4763 3574 4816 τοῦ
3599 4763 3733 4835 βρα-

2151 4859 2386 4930 χυτάτου
2412 4858 2614 4928 ψύλλου
2643 4857 2990 4926 κατασκευὴν
3019 4856 3112 4910 καὶ
3142 4855 3474 4925 κατάστασιν
3488 4855 3583 4907 καὶ
3603 4853 3731 4917 «6v,-

2153 4951 2301 5006 θεσιν
2349 4952 2442 5007 καὶ
2489 4951 2720 5023 ὓπαρξιν
2765 4953 2857 5012 καὶ
2906 4949 3150 5020 ῲύχωσιν
3198 4949 3292 5002 καὶ
3337 4947 3590 5017 αἴσθησιν
3632 4948 3730 5000 καὶ

2152 5045 2333 5114 νόησιν
2353 5060 2366 5073 °
2398 5043 2491 5103 καὶ
2533 5045 2619 5097 ὅτε
2647 5042 2825 5106 καλῶς
2852 5041 2944 5097 καὶ
2983 5039 3240 5104 ἀπλανῶς
3269 5035 3583 5108 καταλάϐῃ,
3634 5037 3730 5110 καὶ

2152 5137 2282 5208 εἴπῃ
2319 5136 2471 5206 ἡμῖν,
2500 5135 2552 5188 τί
2583 5135 2644 5188 τὸ
2667 5130 2806 5197 εἶδος
2837 5133 2929 5186 καὶ
2949 5132 3103 5200 γένος
3135 5131 3236 5202 τῆς
3272 5129 3506 5200 ψυχικῆς
3539 5129 3729 5191 οὐσίας

2151 5229 2243 5283 τοῦ
2279 5229 2501 5298 ψύλλου,
2544 5228 2662 5281 τότε
2692 5227 2876 5280 λοιπὸν
2911 5224 3272 5295 πιστεύσομεν
3305 5222 3477 5291 αὐτῷ,
3516 5223 3600 5275 ὅτι
3634 5219 3732 5273 καὶ

2153 5323 2219 5374 τά
2243 5321 2368 5392 περὶ
2401 5317 2536 5372 Θεοῦ
2563 5319 2655 5372 τοῦ
2695 5317 3076 5388 ἀκαταλήπτου
3107 5314 3440 5386 καταμαθεῖν
3471 5314 3565 5366 καὶ
3591 5313 3732 5378 ἐξει-

2157 5416 2277 5464 πεῖν
2303 5411 2545 5464 δύναται.
2590 5409 2706 5463 Κάν
2736 5427 2824 5478 μοι
2861 5408 3020 5481 εἴπῃς
3053 5409 3138 5468 σὺ,
3167 5409 3194 5460 ό
3224 5405 3510 5467 ἀσύνετος,
3554 5405 3637 5456 ὁτι
3672 5402 3733 5455 τὸ

2159 5501 2292 5575 αἷμα
2338 5503 2429 5556 τοῦ
2451 5502 2648 5572 ψύλλου
2674 5503 2765 5555 καὶ
2804 5500 3002 5562 παντὸς
3041 5500 3256 5565 ἀλόγου,
3300 5499 3332 5567 ἡ
3381 5496 3529 5567 ψυχὴ
3561 5495 3733 5578 αὑτοῦ
