4098 6200
300 266 471 349 ,ειετ

1506 276 1849 333 DIALOGUS
1887 278 1974 335 DE
2016 280 2073 361 S_.
2116 280 2508 339 TRINITATE.

3508 284 3617 351 858

362 392 531 454 δστιν,
562 388 677 460 ἐρῶ
712 391 869 461 κάγὼ
893 405 907 420 ’
941 390 1065 454 Πῶς
1095 390 1333 464 δρῶμεν,
1365 393 1440 458 ὡς
1465 398 1745 466 προεῖπον,
1773 398 1945 453 πολλὰ

2049 415 2291 472 regeram
2314 416 2440 471 ego:
2464 401 2765 470 Quomodo,
2793 411 2851 458 ut
2877 414 3003 460 ante
3025 406 3159 471 dist,
3182 408 3427 463 videmus
3450 411 3619 467 multa

361 481 470 535 τῶν
514 482 731 551 ἀλόγων
792 484 960 554 χωρὶς
1008 482 1246 554 ρεύσεως
1288 484 1518 556 αἵματος
1564 487 1938 555 τελευτῶντας

362 576 553 629 Τοίνυν
583 575 708 645 λέγε
738 578 873 648 ἡμῖν
902 578 987 641 σὺ,
1018 576 1339 645 θεόγνωστε,
1380 579 1435 631 τί
1473 581 1589 633 ἐστι
1631 580 1693 633 τὸ
1731 582 1795 634 ὲκ
1846 580 1939 635 τοῦ

362 666 504 728 ξώου
544 668 979 739 ἐκπορευόμενον
1017 670 1186 741 χωρὶς
1233 671 1467 741 αἵματος
1508 673 1567 725 ὲν
1608 674 1674 743 τῇ
1715 673 1938 745 τελευτῇ

368 759 577 826 αὐτοῦς
623 760 801 832 ψυχὴν
830 760 941 832 γὰρ
991 761 1360 834 ὐποστατικὴν
1398 764 1557 834 μόνος
1590 766 1619 818 6
1655 764 1942 837 ἄνθρωπος

367 851 648 922 κέκτηται.
676 851 824 923 Πλὴν
844 853 943 906 ἐὰν
970 853 1003 923 ή
1026 851 1172 923 ψυχή
1193 853 1287 906 τοῦ
1324 852 1488 921 Criton,
1530 854 1607 919 ὡς
1658 854 1943 929 ἄνθρωπος

369 943 490 1013 (καὶ
521 943 629 1015 γὰρ
652 946 759 1008 πᾶς
780 943 1068 1016 ἄνθρωπος
1098 944 1191 998 τοῦ
1213 944 1342 999 ἰδίου
1373 946 1605 1018 αἵματος
1639 947 1944 1018 χωριζόμε-

366 1054 460 1100 νος
487 1036 709 1107 τελευτᾷ
736 1037 975 1102 πάντως,
1008 1036 1192 1101 καθὼς
1232 1038 1329 1093 καὶ
1353 1039 1415 1092 τὸ
1447 1038 1686 1109 ἄλογον)ο
1720 1042 1813 1094 καὶ
1837 1039 1941 1094 ποῦ

369 1128 559 1183 λοιπὸν
596 1130 630 1199 ή
661 1128 891 1201 διαφορὰ
938 1128 1035 1182 τοῦ
1068 1128 1287 1199 λογικοῦ
1343 1129 1633 1202 ἀνθρώπου
1677 1131 1773 1186 καὶ
1821 1132 1941 1185 κατ’

370 1219 559 1272 εἰκόνα
585 1220 680 1274 καὶ
699 1221 952 1290 ὁμοίωσιν
976 1220 1112 1273 Θεοῦ
1141 1220 1457 1292 γενομένου,
1498 1222 1591 1276 καὶ
1620 1221 1715 1276 τοῦ
1746 1221 1940 1291 ἀλόγου

372 1312 645 1380 κτήνους;
681 1311 896 1378 Ἔδειξα
926 1310 1145 1383 μενοῦν,
1176 1313 1259 1366 ὅτι.
1290 1314 1383 1367 καὶ
1421 1315 1451 1367 6
1487 1311 1772 1386 ἄνθρωπος
1792 1313 1888 1368 καὶ
1913 1315 1943 1367 6

367 1399 567 1468 ψύλλος
587 1399 943 1471 χωριζόμενοι
968 1398 1062 1452 τοῦ
1097 1400 1232 1454 ἰδίου
1260 1400 1492 1470 αἵματος
1511 1401 1940 1472 ἀποθνήσκουσι.

367 1490 554 1543 Ταῦτα
598 1489 656 1542 δὲ
689 1491 822 1560 ήμῖν
866 1490 931 1544 οὐ
970 1491 1146 1562 μάτην
1197 1490 1430 1545 ἐνταῦθα
1462 1493 1795 1564 ἐρρήθησαν,
1826 1494 1940 1549 ἀλλ’

366 1579 638 1650 ἀνακόψαι
664 1582 794 1645 τοὺς
823 1581 1049 1646 πολλοὺς
1075 1582 1211 1653 μετὰ
1240 1582 1335 1636 σοῦ
1364 1582 1459 1636 τοῦ
1498 1582 1779 1651 θεοκτόνου
1813 1585 1943 1639 Ἰου-

366 1671 516 1725 δαίου
543 1670 654 1725 τῶν
674 1672 1074 1745 ἀκαταλήπτων
1091 1674 1186 1727 τοῦ
1214 1673 1350 1727 Θεοῦ
1372 1674 1650 1746 ζητήσεων
1672 1674 1939 1741 θέλοντες,

371 1765 464 1825 καὶ
488 1767 673 1817 πεῖσαι
698 1765 794 1817 καὶ
827 1764 1018 1829 δείξαι,
1050 1766 1134 1819 ὅτι
1167 1767 1229 1819 οὐ
1272 1767 1431 1837 μόνον
1454 1770 1482 1821 6
1504 1766 1763 1838 Κτίστης,
1807 1767 1943 1822 ἀλλὰ
1975 1759 2015 1814 Β

372 1856 466 1911 καὶ
500 1855 639 1927 αὑτὴ
691 1858 725 1927 ή
775 1856 950 1920 κτίσις
994 1857 1113 1909 ἐστὶ
1150 1859 1264 1921 τοῖς
1310 1856 1619 1930 ἀνθρώποις
1667 1858 1942 1932 ἀκατάλη-

374 1965 521 2011 mos.
818 1979 828 1991 ·

455 2041 515 2093 '0
548 2038 849 2105 Ἰουδαῖος.
898 2038 1005 2091 Ποῦ
1047 2038 1103 2092 δὲ
1134 2038 1342 2110 Τριάδα
1375 2039 1434 2094 ὲν
1469 2042 1534 2111 τῇ
1568 2040 1783 2112 Παλαιᾷ
1818 2042 1942 2094 Δια-

373 2128 517 2203 θήκῃ
541 2128 903 2200 διδασκόμεθα
922 2129 1046 2195 ;καὶ
1063 2129 1164 2182 ποῦ
1188 2128 1392 2200 ταύτην
1413 2129 1471 2183 ἐν
1490 2132 1557 2202 τῇ
1576 2130 1750 2200 Καινῇ
1777 2130 1943 2200 ἔγνω-

457 2317 518 2368 '0
546 2316 782 2380 πιστός.
828 2314 915 2367 Ἐν
944 2314 1041 2384 μὲν
1066 2315 1132 2384 τῇ
1166 2312 1398 2384 Παλαιᾷ,
1424 2315 1482 2365 ἐν
1512 2312 1589 2384 τῷ
1623 2313 1823 2387 πρώτῳ
1863 2315 1942 2386 βι-

375 2406 508 2478 ϐλίῳ
540 2406 781 2469 Μωσέως
800 2421 814 2435 ⁶
852 2405 985 2475 φησὶ
1007 2404 1115 2476 γὰρ
1145 2406 1203 2457 ὲν
1228 2407 1293 2476 τῇ
1335 2404 1429 2457 τοῦ
1459 2405 1664 2475 κόσμου
1694 2406 1937 2474 γενέσει·

372 2497 481 2557 Kal
535 2492 704 2550 εἶπεν
754 2498 788 2549 ὀ
833 2496 974 2561 Θεός
994 2511 1009 2526 ⁸
1062 2493 1415 2565 Ποιήσωμεν
1463 2493 1776 2564 ἄνθρωπον
1817 2496 1941 2550 κατ’

369 2589 575 2642 εἰκόνα
605 2585 896 2656 ἡμετέραν
942 2586 1039 2639 καὶ
1062 2587 1189 2639 καθ’
1217 2586 1517 2653 ὁμοίωσιν.
1561 2586 1727 2654 Δῆλον
1754 2585 1833 2650 δὲ,
1863 2588 1943 2640 ὅτι

369 2678 506 2750 πρὸς
528 2678 618 2730 τὸν
645 2677 772 2731 Υἱὸν
812 2677 906 2730 κα)⁸
924 2676 987 2729 τὸ
1001 2676 1221 2746 Πνεῦμα
1248 2675 1306 2729 τὸ
1333 2677 1486 2746 ἅγιον
1509 2674 1659 2730 εἶπεν
1679 2680 1707 2730 6
1729 2679 1939 2750 Πατήρ.

371 2752 485 2824 καίι
506 2770 664 2823 πάλιν
682 2786 696 2799 ο
721 2768 832 2822 Kal
855 2764 1026 2823 εἶπεν
1042 2772 1076 2823 ὀ
1102 2770 1244 2835 Θεός
1265 2785 1279 2800 ο
1314 2769 1469 2823 Ἰδοὺ
1492 2769 1740 2839 γέγονεν
1773 2768 1942 2839 Ἀδὰμ

367 2866 450 2932 ὡς
495 2858 579 2929 εἷς
630 2863 698 2927 ἐξ
730 2860 918 2931 ήμῶν.
954 2862 1029 2915 T6
1064 2861 1121 2915 δὲ
1150 2864 1342 2924 εἰπεῖν,
1393 2863 1473 2928 ὡς
1518 2857 1606 2928 εἷς
1639 2862 1707 2926 ἐξ
1755 2860 1941 2931 ἡμῶν,

368 2957 588 3020 πάντως
617 2954 711 3009 δύο
735 2953 828 3008 καὶ
859 2955 1005 3025 τρεῖς
1036 2954 1329 3025 ἐσήμανεν,
1364 2953 1453 3007 ἴνα
1473 2952 1622 3027 δείξῃ
1645 2952 1828 3006 λοιέτὸν
1858 2951 1945 3005 διὰ

368 3048 487 3113 τοῦ,
517 3046 598 3113 ὡς
623 3041 709 3112 εἷς
736 3044 806 3109 ἐξ
841 3043 1042 3143 ήμῶν,
1073 3045 1133 3097 τὸ
1174 3044 1428 3116 διάφορον
1458 3044 1567 3098 τῶν
1605 3043 1770 3115 τριῶν
1814 3044 1945 3097 ὑπο·
1974 3082 2017 3143 C

371 3140 635 3213 στάσεων.
664 3139 774 3192 Καὶ
803 3133 958 3201 αὖθις
995 3139 1024 3190 6
1050 3137 1212 3201 αὐτὸς
1237 3137 1533 3207 νομοθέτης
1551 3153 1565 3166 ·
1598 3136 1708 3189 Kal
1741 3136 1943 3204 ἐποίη-

369 3249 486 3305 σεν
507 3235 541 3287 ό
564 3231 707 3298 Θεὸς
729 3229 833 3284 τὸν
847 3229 1177 3299 ἄνθρωπον
1197 3231 1323 3283 κατ’
1345 3229 1546 3295 εἰκόνα
1577 3226 1725 3283 Θεοῦ
1748 3228 1948 3295 ἐποίη-

370 3337 486 3376 σεν
503 3323 692 3375 αὐτόν
710 3339 723 3352 ·
753 3320 840 3375 ἵνα
863 3319 1012 3395 δείξῃ
1039 3320 1100 3374 τὸ
1133 3319 1545 3391 μοναδικὸνκτῆς
1574 3318 1847 3391 θεότητος.
1870 3317 1945 3370 Οὐ

369 3414 483 3487 γὰρ
510 3408 686 3476 εἶπεν,
716 3413 799 3467 δτι
832 3411 1097 3481 ἑποίησαν
1140 3413 1190 3465 οἱ
1226 3411 1339 3466 θεοὶ¹
1362 3412 1455 3466 τὸν
1492 3411 1797 3484 ἄνθρωπον,
1832 3411 1946 3465 ἀλλ’

370 3505 400 3581 6
423 3503 559 3567 Θεὸς
582 3505 611 3557 6
635 3497 716 3566 εἷς
752 3504 781 3556 6
814 3502 874 3555 ὲν
895 3500 1085 3574 Τριάδι
1123 3502 1613 3574 προσκυνούμενος.
1642 3504 1809 3557 Ὅταν
1837 3504 1948 3557 τοί-

374 3610 471 3647 νυν
496 3594 738 3664 ἀκούσῃς
768 3591 904 3646 Θεοῦ
949 3591 1229 3660 λέγοντος,
1273 3591 1428 3647 Ἰδοὺ
1478 3591 1659 3661 Ἀδὰμ
1702 3592 1949 3662 γέγονεν

371 3685 454 3759 ᾡς
482 3683 573 3751 εἷς
614 3685 683 3750 ἐξ
719 3683 921 3755 ἡμῶν,
966 3684 1396 3756 τριωπόστατον
1444 3684 1627 3754 φωνὴν
1672 3685 1944 3754 ἐννόησον.

371 3762 546 3832 Ὅταν
569 3777 627 3831 δὲ
655 3777 835 3842 πάλιν,
849 3778 930 3831 ὃτι
960 3776 1258 3831 Ἐνείκόνι
1280 3772 1429 3829 Θεοῦ
1444 3774 1734 3843 ἐποίησεν
1753 3778 1785 3828 ό
1804 3774 1949 3840 Θεὸς

372 3871 481 3948 τὸν
518 3871 854 3940 ἄνθρωπον,
876 3870 975 3941 τὴν
1014 3868 1140 3940 μίαν
1162 3866 1347 3921 οὐσίαν
1377 3866 1472 3920 καὶ
1498 3866 1735 3937 Θεότητα
1759 3865 1948 3937 ὁμολο-

372 3966 510 4035 γεῖς.
540 3962 839 4034 Τοιγαροῦν
869 3962 929 4015 οὐ
963 3962 1121 4033 μόνον
1143 3958 1412 4023 ἐντεῦθεν,
1445 3957 1581 4012 ἀλλὰ
1617 3958 1711 4010 καὶ
1739 3956 1797 4021 ἐξ
1832 3957 1947 4010 ἐτέ-

376 4074 487 4131 ρων
518 4054 778 4109 πλειόνων
795 4052 976 4107 τόπων
998 4053 1098 4123 τῆς
1125 4052 1276 4114 θείας
1298 4049 1540 4121 Γραφῆς,
1571 4049 1631 4102 τὸ
1654 4048 1755 4119 τῆς
1790 4049 1950 4117 ἁγίας

374 4136 472 4203 καὶ
520 4146 810 4220 ὀμοουσίου
833 4145 1061 4216 Τριάδος
1093 4141 1452 4212 διδασκόμεθα
1487 4143 1812 4214 μυστήριον,
1857 4142 1951 4194 καὶ

379 4240 616 4317 μάλιστα
642 4238 741 4303 τὰς
775 4237 903 4310 περὶ
951 4237 1165 4308 Πατρὸς
1209 4235 1303 4289 καὶ
1337 4233 1467 4288 Υἰοῦ
1516 4233 1809 4304 τηλαυγεϊς
1859 4234 1951 4286 καί

374 4324 722 4401 σαφεστάτας
772 4330 954 4399 φωνὰς
1000 4330 1091 4383 καὶ
1134 4328 1439 4400 μαρτυρίας
1480 4328 1844 4398 εὑρίσκοντες.
1877 4326 1951 4379 Τὸ

372 4426 483 4499 γὰρ
532 4423 820 4494 εἰρημένον
839 4462 854 4486 ,
884 4423 965 4475 ὅτι
1016 4421 1255 4490 Ἕόρεξε
1298 4421 1515 4489 Κύριος
1546 4421 1704 4487 παρὰ
1729 4419 1948 4486 Κυρίου

373 4516 493 4584 πῦρ
517 4515 614 4568 ἐπὶ
644 4514 877 4583 Σόδομα
904 4514 1002 4567 καὶ
1037 4515 1340 4583 Γόμορρα,
1385 4512 1438 4565 τί
1467 4510 1611 4576 ἄλλο,
1646 4511 1692 4564 εἰ
1725 4512 1799 4583 μὴ
1835 4511 1949 4565 Πα-

370 4588 510 4677 τέρα
548 4606 642 4659 καὶ
678 4606 822 4671 Υἰὺν,
867 4606 962 4659 καὶ
1008 4604 1213 4676 Κύριον
1262 4602 1414 4675 παρὰ
1450 4604 1656 4675 Κυρίου
1688 4604 1856 4674 ἧγουν
1885 4604 1950 4655 ὲκ

369 4697 468 4765 τοῦ
544 4696 759 4768 Πατρὸς
825 4694 1154 4767 γεννηθέντα
1213 4692 1556 4766 παρίστησι;
1634 4692 1745 4747 Καὶ
1789 4692 1950 4747 πάλιν

2046 494 2305 547 animalia
2342 494 2488 549 nullo
2540 493 2712 550 etl‘nso
2744 497 3004 566 sanguine
3041 498 3223 552 mori?
3248 499 3411 553 dicito
3443 501 3621 571 itaque

2048 584 2206 639 nobis
2231 594 2285 639 tu
2315 585 2405 639 cui
2441 585 2582 641 Deus
2613 586 2683 640 ita
2711 595 2870 642 notus
2898 597 3002 653 est,
3029 588 3157 657 quid
3182 599 3268 644 est
3298 590 3435 644 illud
3476 594 3619 661 quod

2048 676 2101 730 in
2137 686 2310 732 morte
2348 677 2599 733 animalis
2628 682 2762 733 citra
2799 680 3115 752 sanguinem
3164 696 3230 736 ex
3281 682 3374 737 illo
3403 686 3620 753 egredi-

2050 772 2177 827 tur?
2207 772 2459 827 Animam
2501 774 2646 828 enim
2680 774 3090 829 substantialem
3114 774 3260 831 solus
3303 776 3466 830 homo
3496 792 3619 845 pos-

2046 860 2210 917 sidet.
2264 860 2321 916 Si
2363 870 2542 917 autem
2596 862 2815 917 animali
2852 858 3045 917 anima'
3078 873 3184 929 est,
3238 879 3342 919 non
3378 864 3623 921 diﬁ'erret

2048 952 2179 1007 illud
2218 953 2286 1008 ab
2313 952 2570 1019 homine;
2593 967 2717 1006 nam
2750 960 2806 1006 et
2833 952 2996 1007 homo
3027 954 3291 1023 sanguine
3320 968 3418 1009 suo
3439 956 3620 1010 desti-

2050 1053 2199 1098 tutus
2232 1044 2457 1115 perinde
2488 1052 2550 1098 ut
2593 1044 2811 1099 brutum
2848 1044 3074 1099 omnino
3103 1044 3352 1098 moritur.
3387 1045 3646 1104 Ubinam.

2049 1134 2230 1205 itaque
2279 1144 2362 1190 est
2408 1134 2712 1190 diﬂ’erentia
2754 1134 2898 1189 inter
2922 1134 3200 1190 hominem
3232 1137 3297 1189 ad
3328 1136 3619 1207 imaginem

2046 1232 2103 1279 et
2130 1222 2544 1279 similitudinem
2568 1222 2768 1278 factum
2796 1222 2890 1277 Dei
2922 1231 2977 1277 et
3011 1223 3619 1294 irrationabilejumen-

2048 1318 2204 1369 tum?
2241 1313 2465 1371 Ostendi
2490 1316 2637 1369 enim
2669 1315 2811 1384 quod
2845 1324 2901 1370 et
2936 1314 3098 1368 homo
3119 1322 3172 1369 et
3201 1314 3382 1383 pulex.
3418 1314 3465 1369 si
3493 1330 3621 1369 san-

2047 1404 2209 1473 guine
2239 1419 2337 1459 suo
2365 1405 2627 1459 exhausta
2660 1405 2789 1471 sint,
2832 1404 3158 1459 moriuntur.
3212 1403 3336 1459 Haec
3387 1419 3495 1460 non
3535 1413 3620 1459 te-

2051 1511 2199 1551 mere
2229 1496 2331 1551 hoc
2359 1497 2478 1552 loco
2506 1496 2651 1552 dicta
2687 1511 2717 1550 a
2743 1512 2830 1553 me
2855 1507 3000 1552 sunt.
3027 1496 3133 1552 Sed
3165 1498 3309 1566 quod
3335 1505 3538 1563 tecum,
3585 1513 3621 1552 o

2047 1589 2255 1644 deicida
2280 1587 2484 1655 Judate,
2525 1590 2785 1645 cohibere
2813 1590 2956 1645 volui
2987 1589 3269 1659 plerosque
3308 1591 3375 1642 ab
3411 1589 3619 1644 ineoru-

2050 1679 2502 1751 prehensibiiibus
2530 1680 2596 1737 de
2627 1682 2738 1736 Deo
2759 1682 3180 1752 questionibus,
3215 1689 3269 1735 et
3295 1681 3621 1750 persuadere

2044 1787 2107 1827 ac
2132 1773 2509 1827 demonstrare
2562 1773 2703 1841 quod
2752 1787 2858 1827 non
2907 1771 3172 1827 Conditor
3199 1772 3395 1837 solum,
3433 1773 3527 1828 sed
3564 1780 3620 1828 et

2044 1863 2173 1932 ipsa;
2229 1877 2315 1918 res
2363 1873 2562 1918 creata:
2606 1863 2674 1919 ab
2728 1864 3038 1921 hominibus
3089 1866 3470 1935 comprehendi
3525 1880 3621 1921 ne-

2043 1963 2266 2023 queunt.

2112 2045 2355 2100 Judtcus.
2406 2045 2506 2102 Ubi
2552 2060 2681 2101 vero
2718 2045 3039 2103 Trinitatem
3076 2048 3129 2103 in
3198 2046 3379 2103 Veteri
3427 2048 3619 2103 Testa-

2042 2149 2228 2194 mento
2263 2140 2540 2206 docemur,
2575 2146 2629 2193 et
2659 2139 2749 2193 ubi
2793 2152 2911 2194 eam
2947 2139 3001 2194 iu
3039 2138 3189 2195 Novo
3216 2132 3515 2194 discimus?

2113 2315 2467 2370 Christianus.
2494 2316 2575 2369 in
2624 2315 2805 2370 Veteri
2844 2316 3087 2386 quidem,
3139 2317 3191 2369 in
3243 2316 3417 2384 primo
3458 2316 3618 2369 Musis

2043 2407 2201 2470 libro,
2242 2407 2318 2460 ait
2359 2408 2504 2461 enim
2535 2406 2624 2461 ubi
2674 2407 2913 2478 origines
2964 2407 3149 2461 mundi
3194 2406 3456 2461 describit
3494 2422 3508 2459 :
3549 2406 3617 2459 Et

2042 2502 2176 2553 dixit
2232 2499 2416 2554 Deus:
2454 2496 2740 2553 Faciamus
2778 2499 3039 2552 hominem
3085 2498 3154 2551 ad
3203 2498 3480 2567 imaginem
3524 2514 3619 2550 no-

2043 2602 2206 2646 stram
2231 2600 2277 2645 et
2305 2591 2376 2643 ad
2409 2589 2863 2644 similitudinem".
2903 2575 3243 2642 Manifestum
3273 2587 3514 2656 estquod
3549 2589 3615 2640 ad

2043 2684 2236 2739 Filium
2265 2694 2320 2739 et
2344 2683 2603 2753 Spiritum
2636 2689 2881 2737 sanctum
2911 2681 3025 2735 haec
3057 2680 3269 2735 foculus
3306 2690 3391 2735 est
3436 2680 3615 2734 Pater.

2043 2779 2217 2846 Atque
2253 2776 2449 2830 iterum
2485 2791 2499 2827 :
2529 2772 2600 2827 Et
2631 2773 2763 2827 dixit
2786 2772 2959 2826 Deus:
2980 2770 3115 2826 Ecce
3144 2772 3317 2841 factus
3346 2786 3418 2825 est
3447 2771 3619 2824 Adam

2044 2878 2098 2920 ut
2134 2870 2268 2921 unus
2306 2881 2333 2918 e
2375 2863 2577 2918 nobis'.
2609 2862 2761 2929 Quod
2796 2862 2941 2916 enim
3006 2862 3101 2927 ait,
3142 2872 3199 2915 ut
3238 2878 3373 2915 unus
3402 2859 3618 2920 enabit.

2043 2958 2263 3013 Omnino
2285 2957 2421 3011 duos
2443 2955 2529 3009 vel
2562 2964 2673 3010 tres
2707 2953 2998 3024 signiﬁcat,
3046 2954 3433 3007 utostemleret
3458 2967 3620 3021 porro

2049 3061 2142 3115 per
2174 3046 2377 3109 verba,
2399 3054 2457 3098 ut
2490 3060 2623 3098 unus
2656 3059 2685 3098 e
2729 3044 2897 3107 nobis,
2932 3042 3093 3096 trinnt
3134 3058 3484 3111 personarum
3519 3041 3622 3096 dif-

2049 3138 2355 3192 ferentiam.
2389 3138 2566 3205 Atque
2606 3136 2804 3189 iterum
2850 3135 2992 3188 idem
3044 3133 3315 3203 legislator
3348 3150 3361 3187 :
3392 3133 3455 3186 Et
3496 3128 3619 3201 fecit
3710 3169 3724 3177 .

2048 3231 2190 3284 Deus
2208 3228 2504 3294 hominem;
2538 3226 2827 3282 secundum
2850 3227 3131 3296 imaginem
3152 3225 3265 3279 ‘~Dei
3289 3227 3411 3293 fecit
3440 3232 3557 3279 eum
3575 3227 3619 3291 ’,

2048 3331 2106 3377 ut
2148 3322 2465 3377 ostenderet
2518 3318 2744 3375 Deitatis
2794 3317 3079 3372 unitatem.
3118 3315 3231 3371 Non
3289 3319 3433 3372 enim
3484 3317 3624 3372 dixit

2048 3414 2178 3469 deos
2213 3426 2333 3468 esse
2377 3411 2469 3483 qui
2493 3410 2767 3466 hominem
2808 3409 3075 3475 fecerunt,
3113 3409 3206 3465 sed
3240 3408 3405 3464 Deum
3456 3422 3621 3463 tutum

2047 3507 2137 3577 qui
2190 3506 2245 3561 in
2298 3503 2567 3560 Trinitate
2616 3504 2893 3559 adoretur.
2948 3501 3200 3568 ‘Qnando
3252 3501 3415 3571 igitur
3467 3501 3622 3554 audis

2048 3597 2215 3653 Deum
2238 3597 2529 3661 dicentem,
2594 3595 2726 3650 Ecce
2752 3595 2921 3649 Adam
2954 3594 3127 3663 factus
3150 3604 3225 3647 est
3248 3594 3387 3646 sicut
3420 3609 3555 3645 unus
3595 3607 3623 3645 e

2050 3688 2222 3751 nobis.
2282 3687 2442 3741 trium
2502 3700 2859 3755 personarum
2907 3698 3098 3739 vocem
3136 3684 3331 3751 cogita.
3395 3682 3622 3749 Quando

2048 3779 2264 3844 deinde,
2297 3778 2442 3848 quod
2483 3775 2549 3831 In
2598 3777 2826 3845 imagine
2862 3774 2960 3829 Dei
3011 3774 3152 3829 Deus
3186 3774 3443 3827 hominem
3476 3769 3618 3840 fecit,

2050 3887 2213 3930 unam
2253 3869 2548 3926 essentiam
2577 3882 2643 3922 ac
2674 3867 2938 3922 Deitatem
2966 3863 3266 3920 conﬁteris.
3309 3862 3480 3930 igitur
3514 3874 3618 3915 non

2048 3982 2112 4023 ex
2164 3965 2267 4020 hoc
2319 3971 2551 4025 tantum,
2590 3960 2686 4015 sed
2716 3966 2772 4014 et
2824 3972 2893 4013 ex
2952 3957 3073 4011 aliis
3130 3955 3373 4025 pluribus
3424 3952 3622 4007 divina:

2051 4059 2345 4128 Scriptura:
2362 4055 2495 4111 locis
2523 4064 2727 4110 sanctae
2749 4061 2803 4108 et
2834 4049 3312 4107 consubstantialis
3337 4045 3621 4103 Trinitatis

2052 4136 2368 4221 mysterium
2400 4146 2710 4209 edocemnr,
2750 4151 2805 4198 et
2834 4142 3070 4196 maxime
3103 4140 3169 4195 de
3198 4139 3356 4194 Patre
3387 4153 3449 4192 ac
3485 4136 3621 4194 Filio

2051 4240 2336 4313 perspicua
2372 4252 2435 4292 ac
2458 4234 2765 4291 clarissima
2796 4232 3105 4288 testimonia
3140 4231 3459 4299 reperimus.
3486 4227 3618 4282 Nam

2052 4331 2193 4400 quod
2219 4329 2458 4384 dicitur:
2486 4325 2742 4380 Dominus
2762 4325 2894 4393 pluit
2921 4340 2954 4377 ιι
2988 4322 3213 4377 Domino
3250 4321 3417 4389 ignem
3467 4335 3625 4386 super

2054 4421 2287 4478 Sodoma
2331 4429 2379 4474 et
2428 4415 2727 4471 Gomorrlta
2763 4416 2829 4482 ‘°,
2870 4414 3064 4484 ecquid
3093 4412 3237 4467 aliud
3271 4411 3376 4466 nisi
3406 4409 3620 4464 Patrem

2049 4523 2105 4567 et
2158 4510 2390 4574 Filium,
2436 4515 2491 4563 et
2523 4506 2809 4565 Dominum
2845 4520 2876 4559 a
2906 4503 3134 4560 Domino
3181 4502 3297 4559 sive
3348 4517 3416 4557 ex
3468 4499 3624 4554 Patre

2051 4613 2237 4659 natum
2277 4598 2458 4657 sistit?
2478 4601 2654 4669 Atque
2694 4590 2893 4654 rursus
2925 4596 3068 4668 quod
3098 4596 3153 4650 in
3198 4594 3415 4669 psalmo
3440 4598 3625 4647 cente-

2051 4696 2190 4751 simo
2242 4708 2389 4750 nono
2434 4692 2676 4758 dicitur,
2709 4688 2858 4745 Dixit
2907 4688 3163 4769 Dominus
3214 4685 3441 4739 Domino
3483 4699 3621 4750 meo,

370 4789 434 4844 τὸ
465 4790 524 4844 ιν
551 4788 631 4860 τῷ
665 4788 742 4860 ρθ⁹
770 4786 970 4859 ψαλμῷ
1004 4785 1315 4859 εἰρημένον,
1361 4785 1444 4839 ὅτι
1485 4780 1719 4839 Εἶπεν.ό
1734 4782 1947 4853 Κύριος

2055 4784 2188 4842 Sede
2207 4802 2238 4840 ο
2272 4784 2474 4859 dextris
2495 4783 2624 4837 meis
2641 4782 2709 4847 “,
2741 4781 3022 4851 perspicue
3047 4778 3200 4833 nobis
3220 4775 3433 4867 Patrem
3457 4784 3514 4830 et
3534 4790 3623 4830 se-

371 4880 455 4957 τῷ
480 4880 678 4949 Κυρίῳ
700 4896 821 4951 μου
842 4895 856 4911 ³
887 4878 1085 4936 Κάθου
1109 4878 1179 4932 ἐκ
1209 4874 1424 4942 δεξιῶν
1461 4894 1604 4947 μου,
1644 4875 1833 4945 σαφῶς
1857 4876 1949 4930 τὸν

373 4974 596 5044 Πατέρα
631 4972 725 5026 καὶ
771 4971 865 5025 τὸν
903 4970 1212 5042 καθήμενον
1255 4971 1321 5023 ὲκ
1376 4967 1564 5036 δεξιῶν
1613 4966 1780 5024 αὑτοῦ
1821 4966 1951 5023 Υίδν

375 5063 509 5135 ήμῖν
533 5061 896 5134 ἰφανέρωσεν.
920 5060 996 5113 Οὐ
1025 5058 1167 5113 κατὰ
1196 5057 1323 5122 τοὺς
1350 5055 1571 5128 θρόνους
1594 5056 1652 5110 δὲ
1684 5055 1812 5120 τοὺς
1836 5056 1954 5109 tm-

374 5156 578 5225 γείους,
609 5154 729 5207 οὐδὲ
765 5153 867 5217 τὰς
909 5149 1199 5223 καθέδρας,
1248 5147 1372 5203 οὔτε
1402 5148 1544 5203 κατὰ
1578 5147 1649 5201 τὰ
1674 5147 1827 5215 δεξιὰ
1854 5147 1951 5203 καί

373 5244 637 5316 ἀριστερὰ
658 5244 798 5317 μέρη
825 5242 934 5296 τῶν
958 5236 1446 5312 ἁνθρὼπων,οὖτω
1469 5238 1563 5292 καὶ
1587 5240 1618 5291 ό
1652 5237 1787 5301 Θεὸς
1813 5235 1949 5290 καθ-

373 5337 579 5402 έζεται,
630 5338 704 5408 μὴ
734 5335 968 5404 γένοιτοί
1013 5332 1154 5386 Ἀλλ’
1176 5330 1368 5402 ὥσπερ
1401 5328 1597 5392 θεῖκῶς
1625 5329 1767 5399 ὑπὲρ
1793 5327 1950 5397 λόγον

373 5426 637 5499 ἐγεννήθη
653 5429 682 5481 6
700 5427 832 5491 Θεὸς
846 5427 1015 5495 Λόγος
1036 5426 1100 5478 ὲκ
1118 5422 1252 5478 Θεοῦ
1271 5423 1376 5494 πρὸ
1399 5423 1633 5486 αἰώνων,
1655 5421 1748 5477 καὶ
1763 5421 1911 5477 ὥσπε
1919 5439 1951 5494 ρ

375 5518 666 5598 ᾁσώματος
692 5519 786 5573 καὶ
813 5516 1219 5588 ἀσχημάτιστος
1245 5514 1341 5569 καὶ
1356 5512 1767 5585 ἁπερίγραπτὸς
1781 5515 1946 5567 ἐστιν’

2054 4878 2269 4932 dentem
2311 4890 2343 4930 a
2386 4872 2595 4928 dextris
2616 4870 2734 4942 eius
2765 4869 2959 4925 Filium
2985 4867 3247 4923 declarat.
3278 4866 3464 4936 Neque
3493 4880 3626 4922 vero

2053 4977 2116 5023 ut
2146 4966 2201 5022 in
2250 4966 2447 5021 throno
2475 4963 2560 5018 vel
2592 4963 2721 5019 sede
2749 4960 3018 5025 terrestri,
3048 4967 3142 5013 aut
3170 4966 3228 5012 ut
3258 4973 3287 5012 a
3318 4957 3508 5012 dextra
3535 4956 3623 5012 vel

2054 5059 2275 5115 sinistra
2307 5064 2465 5127 parte
2515 5054 2817 5120 hominum,
2853 5052 2928 5107 ita
2960 5051 3115 5107 sedet
3141 5049 3315 5115 Deus;
3355 5049 3449 5105 sed
3482 5048 3625 5104 sicut

2058 5148 2244 5204 divino
2305 5146 2466 5202 modo
2534 5160 2699 5215 super
2762 5157 2979 5201 omnem
3034 5142 3299 5199 rationem
3342 5151 3502 5196 natus
3541 5151 3626 5197 est

2056 5240 2200 5296 Deus
2223 5236 2458 5293 Verbum
2487 5252 2556 5293 ex
2594 5235 2712 5291 Deo
2730 5242 2858 5291 ante
2889 5232 3111 5297 saecula,
3133 5242 3190 5286 et
3210 5232 3350 5287 sicut
3375 5232 3626 5300 incorpo-

2056 5333 2192 5395 rale,
2221 5331 2391 5400 ﬁgura
2412 5328 2732 5384 destitutum
2763 5336 2820 5382 et
2851 5325 3376 5394 incircumscriptum
3398 5337 3510 5389 est,
3545 5325 3626 5379 sic

2055 5432 2112 5477 et
2130 5421 2314 5477 sedem
2349 5428 2402 5475 et
2442 5420 2696 5475 thronum
2725 5427 2782 5475 et
2814 5415 3060 5472 dextram
3091 5415 3182 5472 Dei
3212 5415 3343 5471 mihi
3368 5414 3622 5484 intelligo.

2059 5512 2165 5567 Sed
2191 5511 2402 5583 etquod
2430 5508 2573 5580 apud
2610 5509 2788 5579 ipsum
2819 5505 3016 5563 Isaiam
3044 5507 3249 5566 dictum
3266 5507 3627 5576 csstat,clsre

449 5694 466 5731 '«
499 5695 636 5767 Go-n.
674 5694 822 5761 t,26.
900 5695 921 5723 ⁸
960 5691 1097 5747 Gen.
1136 5707 1216 5758 ιιι,
1248 5689 1344 5747 ‘22.
1422 5689 1603 5745 'Gcn.
1642 5687 1794 5751 v.27.
1875 5690 1912 5720 ὀ
1955 5689 2085 5743 (ictu.
2126 5704 2233 5753 nx,
2261 5688 2350 5741 ιιι.
2417 5689 2468 5771 ,ιι
2511 5687 2650 5744 Psai.
2690 5703 2810 5751 uix.
2838 5689 2888 5745 i.
