4012 6182
297 280 386 328 δω

1423 275 1511 330 DE
1550 276 1861 336 EFFEC’I‘U
1907 279 2262 350 BAPTISMI,
2304 285 2456 352 ETC.

3437 298 3542 355 862

299 390 563 453 Ἦσατας·
600 390 704 444 Διὰ
751 390 856 444 adv
887 393 1076 460 φόϐον
1123 409 1259 461 σου,
1306 397 1500 464 Κύριε.
1541 399 1610 452 ἐν
1658 401 1865 470 γαστρὶ

1980 398 2203 471 Propter
2252 416 2445 460 metum
2483 417 2658 475 tuum,
2707 409 2948 478 Domine,
2993 413 3049 467 in
3096 425 3266 469 uentre
3311 418 3542 482 concepi-

287 482 588 552 ἆλάόομεν
626 483 723 536 καί
761 483 1143 555 ὠδιγήσαμεν
1173 486 1271 540 καί
1306 487 1590 558 ὲτέκομεν
1627 491 1868 560 Πνεῦμα
1899 493 1908 502 ’

287 576 590 643 σωτηρίας
608 592 622 606 °
656 575 853 646 δηλῶν,
882 578 964 630 ὅτι
993 578 1055 631 τὸ
1076 577 1298 649 Πνεῦμα
1327 579 1390 632 τὸ
1420 581 1573 650 ἅγιον
1603 582 1866 654 ἐλάϐομεν

286 664 337 716 οἱ
366 665 723 733 φωτισθέντες
741 665 828 718 διά
855 664 949 720 τοῦ
979 667 1376 740 βαπτίσματος.
1407 672 1546 746 Φησὶ
1572 673 1678 744 γὰρ
1708 674 1868 728 πάλιν

288 755 381 816 διὰ
410 755 505 809 τοῦ
547 759 825 828 προφήτου
871 761 899 811 6
937 758 1071 822 Θεὸς
1114 761 1243 830 περὶ
1283 760 1391 814 τῶν
1435 761 1865 835 βαπτιζομένων,

288 847 373 898 δτι
436 848 762 915 Ἐνοικήσω
829 850 900 904 ἐν
979 851 1182 916 αὐτοῖς
1242 853 1339 906 καὶ
1387 853 1866 923 ἑμπεριπατήσω·

289 940 386 992 καὶ
421 939 502 1002 τὸ,
540 939 762 1008 Ἐκχεῶ
792 940 912 995 ἀπὸ
951 942 1058 996 τοῦ
1094 944 1445 1013 Πνεύματός
1472 962 1592 1013 μου
1623 945 1720 999 ἐπὶ
1759 945 1869 1000 πᾶ·

286 1044 411 1083 σαν
454 1028 672 1097 σάρκα.
702 1031 854 1085 ὐσοι
885 1028 976 1086 οὖν
1021 1033 1083 1086 τὺ
1126 1033 1265 1088 θεῖον
1309 1035 1531 1106 Πνεῦμα
1575 1037 1632 1088 ἐν
1673 1036 1869 1110 γαστρὶ

287 1117 480 1170 ἔλαϐον
511 1121 570 1172 ὲν
607 1117 685 1189 τῷ
718 1120 858 1191 ἀγίῳ
895 1120 1252 1194 βαπτίσματι,
1297 1123 1500 1178 ἔσωθεν
1541 1125 1648 1180 έσω
1698 1128 1756 1179 έν
1799 1129 1865 1198 τῇ

287 1210 500 1264 ἑαυτῶν
531 1212 730 1286 καρδίᾳ⁵
769 1213 978 1268 ἐκτῶν
1032 1217 1417 1286 σκιρτημάτων
1452 1217 1546 1272 καὶ
1579 1219 1869 1288 νυγμάτων

287 1303 382 1356 καὶ
407 1302 832 1374 ἁγαλλιαμάτων
865 1305 956 1359 καὶ
985 1307 1376 1379 ἐνεργημάτων
1411 1308 1572 1379 (καὶ),
1602 1308 1668 1362 ἵν’
1696 1307 1870 1373 οὕτως

288 1392 448 1455 εἴπω,
485 1394 822 1465 πηδημάτων
848 1397 945 1467 τῆς
979 1397 1146 1451 αὐτοῦ
1184 1401 1425 1469 χάριτος,
1463 1398 1870 1471 πληροφοροῦν·

284 1499 376 1536 ται
404 1485 463 1535 ὲν
493 1487 560 1556 τῇ
587 1485 768 1538 αὐτῶν
795 1487 1008 1559 καρδίᾳ,
1038 1490 1119 1542 ὅτι
1151 1489 1570 1560 βεϐαπτισμένοι
1595 1489 1753 1543 εἰσίν.
1771 1491 1870 1543 Οὐ·

285 1575 399 1637 δεὶς
450 1577 561 1647 γὰρ
603 1575 892 1648 ἄνθρωπος
942 1579 1278 1646 ἀϐάπτιστος
1319 1583 1412 1636 ἐπὶ
1441 1582 1542 1652 τῆς
1591 1583 1725 1653 γῆς.
1770 1583 1869 1654 τῆς

285 1666 544 1736 τοιαύτης
585 1667 805 1740 χάριτος
830 1669 864 1740 ἦ
893 1671 1170 1744 ἐνεργείας
1211 1673 1454 1745 εὐπορεῖ,
1483 1673 1517 1744 ἢ
1551 1674 1865 1728 αἰσθάνεται

1969 510 2105 558 mus,
2141 505 2188 548 et
2239 500 2533 566 peperimus
2584 500 2843 570 Spiritum
2885 504 3072 559 salutis
3101 507 3163 560 ¹⁸.
3205 507 3258 561 In
3298 524 3403 577 quo
3448 513 3536 564 de-

1967 584 2141 640 clarat
2176 603 2275 643 nos
2311 589 2570 656 Spiritmn
2609 603 2856 648 sanctum
2908 600 3184 667 accepisse
3225 610 3371 666 tum,
3421 618 3540 655 ‹·ιιιιι

1970 677 2257 735 illuminati
2321 696 2510 737 sumus
2566 698 2662 753 per
2718 686 3008 754 baptisma.
3062 690 3152 743 A'it
3195 691 3336 745 enim
3401 692 3542 748 Deus

1971 786 2158 826 rursus
2189 787 2285 840 per
2320 775 2658 844 prophetam,
2701 776 2767 832 de
2799 778 2863 830 iis
2903 781 2993 847 qui
3031 780 3410 851 baptizantnr:
3447 784 3540 837 In-

1969 860 2214 914 Itabitabo
2231 862 2287 915 in
2317 863 2445 927 illis,
2468 876 2514 918 et
2547 867 2882 921 inambulabo
2907 869 2970 923 ³⁸.
3006 867 3241 939 Itemque
3271 890 3285 925 :
3310 873 3540 942 Eﬂ'undo

1969 951 2034 1004 de
2085 949 2286 1020 Spiritu
2325 971 2436 1009 meo
2471 973 2628 1023 super
2677 975 2879 1012 omnem
2931 977 3142 1015 carnem
3167 963 3231 1016 ι’.
3265 963 3540 1035 Quotquot

1970 1041 2138 1110 igitur
2179 1042 2416 1097 divinum
2462 1043 2723 1114 Spiritum
2763 1048 2815 1102 in
2859 1059 3048 1105 ventre
3085 1067 3438 1122 acceperunt,
3487 1059 3538 1110 in

1971 1144 2161 1189 sancto
2204 1134 2552 1204 baptismate,
2601 1138 2749 1194 intus
2783 1142 2834 1194 in
2873 1142 3079 1197 intimis
3111 1146 3443 1214 prwcordiis,
3475 1163 3542 1204 cx

1969 1226 2370 1296 agitationibus,
2414 1232 2745 1286 motionibus
2775 1244 2829 1287 et
2871 1236 3277 1302 punctionibus,
3308 1239 3545 1292 exsulta-

1971 1317 2205 1374 tionibus
2233 1327 2288 1374 et
2320 1321 2752 1389 operationibus,
2791 1332 2973 1392 atque,
3015 1336 3072 1378 ut
3101 1327 3175 1380 ita
3205 1327 3406 1392 dicam,
3440 1330 3544 1383 sal—

1971 1408 2266 1464 tationibus
2313 1411 2504 1482 gratiae
2539 1411 2797 1482 Spiritus,
2842 1415 3146 1472 certissime
3194 1429 3458 1474 noverunt
3491 1420 3542 1475 in

1971 1500 2078 1554 imo
2112 1501 2291 1558 cordis
2325 1503 2432 1566 sui,
2480 1504 2622 1574 quod
2675 1506 2927 1576 baptizati
2980 1519 3144 1574 sunt;
3193 1510 3366 1565 nullus
3399 1511 3542 1566 enim

1971 1591 2132 1648 homo
2159 1609 2262 1648 non
2293 1594 2490 1652 tinctus
2515 1598 2779 1666 baptismo
2804 1599 2856 1652 in
2887 1609 3050 1666 terra,
3078 1600 3338 1670 ejusmodi
3371 1604 3543 1672 gratia

1970 1692 2066 1736 aut
2117 1683 2309 1740 etl’ectu
2362 1685 2635 1752 abundat,
2690 1697 2783 1741 aut
2839 1689 3000 1757 plane
3053 1691 3369 1758 perfruitur,
3418 1689 3544 1743 licet

287 1759 540 1822 πώποτε,
585 1761 688 1814 κᾶν
735 1762 916 1826 πάσας
966 1764 1064 1828 τὰς
1115 1765 1338 1829 ἐντολὰς
1393 1767 1488 1821 καὶ
1523 1767 1865 1830 δικαιοσύνας

1968 1775 2147 1830 omnia
2179 1775 2272 1830 Dei
2306 1777 2555 1832 mandata
2585 1787 2638 1833 et
2671 1743 2900 1846 iustitia:
2932 1743 3099 1850 opeia
3129 1782 3392 1850 perﬁciat.
3424 1782 3541 1836 Soli

287 1852 515 1922 ἐπιτελῇ
547 1852 640 1905 τοῦ
665 1852 822 1917 Θεοῦ,
855 1856 903 1906 εἰ
938 1853 1011 1925 μὴ
1041 1856 1090 1907 οἱ
1113 1855 1180 1908 δι’
1210 1855 1398 1920 ῦδατος
1429 1857 1524 1910 καὶ
1551 1857 1867 1928 Πνεύματος

290 1943 350 1992 ἐν
389 1941 581 2012 γαστρὶ
623 1943 914 2009 λαϐόντες,
961 1947 1053 1998 καὶ
1104 1946 1308 2018 ταύτην
1357 1949 1712 2018 φυλάττοντες
1764 1967 1865 2004 κα-

287 2030 464 2102 οαράν
500 2034 592 2086 καὶ
624 2034 909 2104 ἀμίαντον.
935 2037 1145 2108 Ὥσπερ
1187 2038 1296 2109 γὰρ
1325 2039 1359 2108 ἡ
1391 2041 1528 2112 γυνὴ
1573 2040 1774 2111 ἔχουσα
1805 2043 1867 2095 ὲν

282 2126 482 2196 γαστρὶ
531 2125 848 2180 αἰσθάνεται
885 2127 994 2181 τῶν
1041 2131 1430 2201 σκιρτημάτων
1472 2130 1566 2185 τοῦ
1632 2131 1866 2204 βρέφους

281 2215 432 2270 ἔνδον
479 2217 679 2288 αὐτῆς·
713 2217 858 2290 οὕτω
905 2221 1001 2273 καὶ
1038 2221 1193 2274 αὐτοὶ
1241 2224 1307 2275 ὲκ
1355 2222 1457 2293 τῆς
1507 2223 1866 2295 ἐγγινομένης

281 2309 460 2378 χαρᾶς
496 2309 592 2361 καί
619 2309 956 2381 εὐφροσύνης
989 2312 1083 2366 καὶ
1121 2312 1493 2381 ἀγαλλιάσεως
1529 2314 1587 2367 έν
1627 2319 1694 2387 τῇ
1739 2333 1868 2386 καρ-

279 2399 370 2470 δία
405 2399 608 2467 αὐτῶν,
653 2399 1034 2471 γινώσκουσιν,
1084 2404 1164 2457 ὃτι
1215 2404 1276 2457 τὸ
1306 2402 1534 2475 Πνεῦμα
1583 2405 1677 2459 τοῦ
1729 2407 1863 2460 Θεοῦ

280 2494 422 2545 οἰκεῖ
451 2493 511 2546 ὲν
537 2493 741 2558 αὐτοῖς,
769 2495 906 2564 ὅπερ
939 2495 1267 2566 ἐκομίσαντο
1296 2498 1464 2569 ὲκ).τῷ
1490 2499 1861 2571 βαπτίσματι*

279 2586 409 2657 περὶ
439 2584 647 2655 ταύτης
683 2585 793 2658 γάρ
829 2589 928 2658 τῆς
959 2588 1184 2660 χάριτος
1217 2589 1311 2642 τοῦ
1356 2591 1510 2659 ἁγίου
1558 2593 1866 2664 βαπτίσμα-

277 2691 368 2738 τος
394 2675 472 2744 (7)
510 2671 664 2730 εἷπεν
699 2678 727 2730 6
757 2677 1012 2748 Χριστὸς,
1056 2680 1139 2731 ὅτι
1179 2679 1251 2732 Ἠ
1278 2680 1569 2745 ,ϐασιλεία
1607 2682 1725 2736 τῶν
1765 2685 1866 2737 οὐ-

267 2762 478 2832 ρανῶν
507 2765 680 2833 me;
727 2765 892 2836 ὑμῶν
937 2768 1095 2821 ἐστι·
1141 2770 1234 2822 καὶ
1281 2766 1468 2835 αὖθις·
1517 2772 1646 2840 Πῦρ
1675 2769 1866 2844 ἦλθον

268 2857 496 2923 ,ϐαλεῖν
548 2858 648 2912 ἐπὶ
700 2857 814 2927 τὴν
875 2858 1012 2930 γῆν,
1065 2860 1164 2915 καί
1225 2862 1446 2931 ἤθελον
1503 2863 1580 2936 (8)
1633 2867 1687 2919 εί
1745 2863 1863 2936 ἤδη

275 2951 540 3019 ἀνήφθη.

1969 1867 2018 1921 id
2065 1878 2433 1938 assequuntur
2476 1872 2565 1940 qui
2603 1886 2700 1940 per
2748 1888 2943 1941 aquam
2983 1883 3038 1927 et
3085 1874 3344 1943 Spiritum
3392 1891 3544 1944 rege-

1965 1961 2138 2013 nerati
2177 1968 2330 2022 sunt,
2367 1968 2423 2014 et
2460 1961 2699 2029 Spiritus
2751 1965 2926 2019 sancti
2977 1966 3207 2032 gratiam
3252 1967 3303 2020 iu
3355 1976 3545 2021 ventre

1965 2060 2312 2119 acceperunt,
2341 2065 2570 2123 eamque
2599 2068 2790 2122 puram
2846 2065 3013 2125 atque
3048 2055 3381 2126 impollutam
3414 2070 3543 2112 con-

1966 2153 2208 2197 servant.
2238 2141 2309 2198 Ut
2337 2145 2482 2199 enim
2529 2146 2725 2202 mulier
2749 2158 2963 2203 uterum
3012 2163 3208 2219 gerens
3236 2151 3403 2206 sentit
3433 2165 3548 2207 mo-

1967 2235 2141 2290 tiones
2184 2234 2326 2292 l'etus
2373 2239 2515 2292 intra
2549 2253 2608 2293 se
2637 2281 2654 2306 ,
2692 2240 2764 2294 ita
2809 2244 2974 2295 etiam
3009 2241 3091 2297 illi
3139 2257 3203 2296 ex
3243 2245 3415 2312 gratia
3462 2245 3548 2298 in-

1969 2337 2096 2381 nata
2141 2337 2196 2381 et
2249 2327 2434 2384 ltetitia
2481 2339 2536 2384 et
2587 2332 2954 2386 exsultatione
3011 2348 3134 2402 qua:
3191 2333 3245 2386 in
3290 2337 3547 2390 cordibus

1967 2417 2202 2486 ipsorum
2240 2427 2346 2484 est,
2377 2428 2714 2489 cognoscunt
2752 2422 2892 2490 quod
2928 2422 3164 2492 Spiritus
3201 2423 3293 2476 Dei
3337 2424 3546 2479 habitat

1966 2509 2020 2562 in
2045 2508 2238 2579 seipsis
2267 2527 2280 2564 :
2311 2523 2470 2578 quem
2505 2511 2722 2579 quidem
2750 2522 3082 2580 acceperunt
3111 2513 3162 2569 in
3194 2513 3541 2584 baptismate.

1966 2600 2176 2656 Etenim
2207 2602 2272 2656 de
2307 2602 2410 2657 bac
2444 2603 2616 2672 gratia
2651 2602 2826 2657 sancti
2862 2603 3206 2674 baptismatis
3233 2606 3367 2660 dixit
3393 2607 3548 2661 Cbri-

1964 2701 2082 2748 stus
2116 2710 2129 2746 :
2163 2691 2401 2763 Regnum
2443 2695 2692 2748 calorum
2728 2697 2868 2749 intra
2892 2713 2977 2750 vos
3018 2707 3090 2751 est
3118 2697 3193 2763 ¹⁸;
3225 2707 3280 2753 et
3311 2713 3542 2755 rursus:

1963 2787 2145 2856 Ignem
2193 2786 2304 2842 veni
2334 2787 2542 2842 mittere
2573 2788 2627 2842 in
2668 2798 2885 2854 terram,
2921 2797 2969 2843 et
3006 2791 3132 2860 quid
3182 2794 3315 2855 volo,
3355 2792 3455 2844 nisi
3492 2802 3544 2844 ut

1958 2880 2075 2950 jam
2103 2885 2286 2936 ardeat
2313 2881 2396 2936 "‘i

364 3041 561 3110 Ἐρώτ.
591 3041 702 3096 Καὶ
739 3043 844 3106 πᾶς
875 3043 1162 3114 ἄνθρωπος
1191 3044 1407 3118 ἰδιώτης
1447 3047 1541 3111 καὶ
1567 3047 1749 3118 σοφὸς,
1777 3047 1865 3102 διά

2037 3056 2236 3114 Interr.
2265 3059 2347 3113 An
2381 3061 2561 3116 omnis
2595 3062 2776 3126 homo,
2821 3061 3068 3116 indoctus
3105 3071 3162 3114 et
3196 3061 3406 3124 doct-us,
3451 3075 3548 3130 per

272 3135 480 3208 ταύτης
508 3135 676 3208 μόνης
700 3137 800 3208 τῆς
831 3137 1158 3203 ἀποδείξεως
1187 3137 1465 3206 γινώσκει,
1496 3141 1578 3194 ὅτι
1611 3140 1867 3212 βεϐαπτι-

275 3243 420 3291 σται,
453 3228 551 3281 καὶ
581 3228 640 3280 οὐ
680 3228 747 3280 δι’
772 3228 932 3282 ἄλλου
963 3229 1281 3299 οἱουδήποτε
1313 3229 1548 3301 τρόπου;

356 3317 590 3386 Ἀπόκρ.
640 3318 705 3372 Ἦ
762 3319 970 3391 ἀληθὴς
1021 3321 1115 3374 καὶ
1152 3318 1396 3392 ἀπλανὴς
1440 3321 1717 3390 ἀπόδειξις
1769 3322 1864 3378 τοῦ

272 3406 604 3479 Χριστιανοῦ
652 3407 792 3480 αὕτη
843 3411 990 3463 ἐστί’
1048 3411 1141 3463 καὶ
1187 3410 1418 3466 ἄκουσον
1471 3413 1686 3468 Παύλου
1729 3414 1866 3486 πρός

270 3515 430 3564 τινας
471 3499 831 3569 ἐγκαλοῦντος
864 3503 958 3556 καὶ
1002 3501 1250 3572 λέγοντος
1269 3521 1282 3534 ·
1317 3500 1391 3561 Ἦ
1436 3508 1548 3561 οὐκ
1597 3506 1865 3577 ἐπιγινώ-

272 3603 477 3655 σκετε,
522 3592 613 3645 ὅτι
665 3592 892 3660 Ἰησοῦς
960 3594 1214 3661 Χριστὸς
1264 3595 1418 3650 οἰκεῖ
1469 3597 1542 3650 ἐν
1582 3597 1760 3667 fusior;
1811 3601 1867 3653 ei

268 3681 356 3752 μή
389 3699 445 3736 τι
491 3681 604 3752 ἄρα
639 3684 912 3755 ἀδόκιμοί
949 3686 1113 3744 ἐστε.
1167 3686 1366 3751 Καθὼς
1403 3687 1513 3758 γὰρ
1559 3684 1733 3756 εἷπον,
1782 3690 1864 3743 ὅτι

273 3770 468 3842 ὥσπερ
501 3775 534 3845 ὴ
568 3776 627 3828 ὲν
677 3777 877 3847 γαστρὶ
911 3776 1110 3848 ἔχουσα
1142 3778 1243 3831 οὐκ
1279 3777 1388 3832 ἀπὸ
1423 3779 1704 3850 ῥημάτων,
1749 3780 1863 3836 ἀλλ’

271 3861 386 3914 ἀπὸ
420 3862 493 3932 (9)
540 3865 883 3935 πραγμάτων
930 3858 1178 3920 καὶτῶν
1221 3866 1317 3920 τοῦ
1362 3867 1596 3939 βρέφους
1634 3886 1862 3942 σκιρτη-

274 3954 465 4024 μάτων
505 3955 762 4024 γινώσκει
791 3957 1056 4028 ἀκριϐῶς,
1091 3960 1172 4013 ὅτι
1219 3960 1542 4014 συνέλαϐεν·
1579 3962 1722 4017 οὕτω
1771 3966 1866 4018 καὶ

271 4047 302 4098 6
334 4044 542 4116 ἀληθὴς
573 4047 897 4117 Χριστιανὸς
926 4050 1027 4102 οὐκ
1069 4049 1129 4115 ἐξ
1164 4051 1337 4122 ἀκοῆς
1379 4051 1582 4120 γονέων
1615 4054 1723 4108 τῶν
1763 4054 1862 4127 βα·

273 4141 606 4205 πτισάντων,
635 4141 757 4196 οὐδὲ
774 4141 845 4209 ’ἐξ
875 4143 1066 4215 ἐτέρου
1113 4145 1339 4216 τρόπου,
1370 4146 1488 4201 ἀλλ’
1517 4149 1583 4201 ὲκ
1625 4147 1729 4218 τῆς
1765 4149 1865 4202 αύ-

273 4231 369 4285 τοῦ
399 4232 626 4304 καρδίας
645 4234 849 4304 ὀφείλει
871 4236 972 4307 τὴν
995 4236 1366 4309 πληροφορίαν
1387 4237 1552 4309 ἔχειν,
1567 4241 1649 4294 ὅτι
1673 4240 1864 4294 ἐλαϐεν

275 4326 334 4378 τὸ
368 4326 528 4395 ᾶγιον
552 4327 859 4399 βάπτισμα,
888 4330 984 4384 καὶ
1019 4331 1103 4384 ὃτι
1129 4331 1354 4402 ἠξίωται
1383 4332 1477 4386 τοῦ
1509 4334 1665 4402 ἁγίου
1699 4335 1865 4388 Πνεύ-

1971 3147 2109 3202 banc
2141 3148 2309 3203 solam
2340 3150 2882 3215 demonstrationem,
2910 3157 2965 3222 ct
3005 3165 3110 3204 non
3147 3163 3242 3220 per
3272 3149 3436 3203 alium
3468 3149 3547 3202 ul-

1969 3236 2078 3292 lum
2113 3239 2356 3306 modum,
2391 3243 2540 3296 novit
2571 3257 2631 3296 se
2660 3241 2992 3312 baptizatum
3030 3241 3190 3296 esse?

2037 3330 2192 3400 Resp.
2238 3330 2375 3386 Vera
2425 3341 2480 3388 et
2527 3331 2598 3388 ab
2644 3333 2793 3389 omni
2851 3347 3039 3388 errore
3087 3332 3262 3388 libera
3315 3332 3545 3388 demon-

1963 3425 2158 3481 stratio
2189 3423 2481 3480 Christiani
2535 3427 2651 3482 haec
2691 3435 2795 3482 est.
2849 3427 2913 3480 Et
2957 3428 3082 3481 audi
3129 3425 3349 3482 Paulum
3403 3427 3543 3497 apud

1966 3519 2227 3587 quosdam
2263 3529 2706 3588 conquerentem,
2733 3527 2787 3573 et
2815 3517 3054 3573 aientem
3085 3535 3100 3572 :
3133 3520 3212 3572 Au
3245 3533 3348 3572 non
3383 3534 3550 3588 agno-

1963 3612 2109 3664 scitis
2179 3613 2315 3682 quod
2366 3610 2525 3666 Jesus
2575 3611 2815 3665 Christus
2862 3611 3064 3664 habitat
3109 3612 3163 3663 in
3214 3610 3400 3665 vobis?
3446 3611 3547 3663 nisi

1965 3701 2099 3770 forte
2151 3703 2356 3770 reprobi
2404 3704 2527 3757 estis
2553 3703 2621 3757 ".
2683 3699 2756 3756 Ut
2807 3703 2952 3758 enim
2999 3701 3147 3764 dixi,
3192 3715 3313 3769 quae
3358 3699 3549 3754 mulier

1965 3803 2181 3847 uterum
2218 3795 2377 3864 gerit,
2415 3810 2520 3848 non
2567 3793 2773 3857 verbis,
2817 3793 2910 3847 sed
2941 3793 3105 3846 rebus
3135 3791 3268 3862 ipsis
3300 3801 3354 3844 ct
3404 3789 3546 3844 ictus

1965 3883 2298 3938 motionibus
2339 3883 2618 3954 cognoscit
2667 3892 2920 3936 accurate
2963 3895 3022 3936 se
3071 3881 3386 3950 concepisse
3414 3919 3430 3944 ,
3471 3881 3541 3934 ita

1962 3985 2018 4029 et
2055 3989 2216 4031 verus
2249 3975 2594 4032 Christianus
2634 3988 2740 4029 non
2792 3988 2860 4029 ex
2902 3972 3086 4029 auditu
3130 3980 3409 4043 parentum
3447 3973 3540 4042 qui

1963 4064 2381 4136 baptizaverunt
2427 4066 2640 4135 ipsum,
2677 4079 2858 4136 neque
2908 4064 3018 4121 ullo
3051 4064 3158 4121 alio
3200 4065 3360 4119 modo
3401 4077 3541 4130 prae-

1964 4165 2210 4227 terquam
2243 4173 2311 4214 ex
2345 4159 2508 4214 corde
2542 4173 2643 4214 suo
2679 4167 2885 4214 certam
2935 4157 3296 4228 cognitionem
3344 4157 3545 4213 habere

1963 4249 2143 4316 debet,
2171 4251 2313 4320 quod
2353 4238 2628 4322 acceperit
2657 4263 2902 4307 sanctum
2934 4251 3224 4320 baptisma,
3259 4261 3316 4304 et
3349 4251 3544 4321 dignus

1967 4337 2142 4396 iactus
2177 4340 2249 4395 sit
2275 4340 2477 4410 Spiritu
2511 4351 2721 4396 sancto.
2756 4339 3050 4410 Propterea
3095 4339 3232 4394 dixit
3271 4341 3338 4393 ad
3381 4355 3546 4408 quos-

213 4465 225 4475 .
275 4435 468 4489 ματος.
513 4421 614 4476 Διά
652 4420 812 4476 τοῦτο
857 4421 1010 4492 ἔλεγε
1057 4423 1194 4495 πρός
1238 4441 1391 4488 τινας
1436 4427 1464 4479 6
1503 4424 1750 4489 Παῦλοςο
1791 4427 1860 4480 Τὸ

1967 4430 2088 4484 dam
2129 4430 2272 4485 idem
2317 4429 2540 4496 Paulus,
2579 4430 2840 4500 Spiritum
2876 4448 2940 4485 ne
2971 4431 3314 4502 exstinguatis
3335 4432 3403 4496 ἰ,
3439 4431 3546 4485 hoc

271 4511 519 4579 Πνεῦμα
548 4511 636 4581 μὴ
667 4513 979 4578 σϐέννυτε,
1009 4515 1176 4586 ἧγουν
1217 4517 1292 4588 μὴ
1323 4513 1549 4588 διώξητε
1577 4534 1592 4549 ο
1623 4517 1742 4584 καὶ,
1763 4517 1859 4586 Μὴ

273 4602 524 4658 λυπεῖτε
554 4607 623 4659 τὸ
645 4607 890 4677 Πνεῦμα
933 4607 1000 4661 τὸ
1033 4608 1224 4679 ἅγιον,
1251 4610 1322 4663 ἐν
1347 4602 1396 4674 ᾧ
1417 4609 1862 4680 ἐσφραγίσθητε

269 4697 362 4763 είς
399 4695 632 4766 ἡμίναν
677 4698 1155 4768 ἀπολυτρώσεως
1177 4719 1190 4732 ·
1237 4702 1332 4756 καὶ
1372 4702 1479 4756 πάλ
1487 4720 1534 4756 ιν
1554 4719 1570 4734 ·
1618 4705 1701 4759 Οὐ
1751 4703 1860 4774 γὰρ

271 4789 522 4845 ἐλάϐετε
593 4791 832 4861 πνεῦμα
904 4791 1186 4860 δουλείας
1205 4835 1221 4860 ,
1287 4795 1426 4850 ἀλλ’
1488 4796 1854 4864 ἐλευθερίας.

273 4881 495 4953 Ταύτην
528 4880 629 4953 τὴν
673 4883 833 4954 χάριν
869 4883 1148 4948 ἀπολέσας
1188 4887 1216 4938 6
1255 4886 1438 4951 Δαυῒδ,
1471 4887 1559 4942 διὰ
1593 4889 1694 4959 τῆς
1736 4907 1854 4960 μοι-

274 4973 461 5044 χείας,
505 4975 807 5046 παρεκάλει
857 4975 950 5032 τὸν
1001 4977 1155 5044 Θεὸν,
1225 4978 1398 5048 λέγων
1419 4999 1432 5012 ·
1483 4980 1723 5048 Ἀπόδος
1755 4999 1858 5051 μοι

272 5065 390 5133 τὴν
425 5067 798 5137 ἀγαλλίασιν
829 5070 935 5124 τοῦ
974 5073 1294 5141 σωτηρίου,
1325 5073 1426 5127 καὶ
1473 5075 1720 5144 Πνεῦμα
1757 5078 1858 5130 εὑ-

273 5160 763 5240 θέςιέτιιαίνισον
795 5163 866 5217 ἐν
899 5162 1023 5230 τοῖς
1057 5164 1330 5234 ἐγκατοις
1363 5184 1504 5236 μου.
1545 5167 1731 5240 Ὁρᾷς,
1777 5169 1858 5222 ὅτι

270 5252 385 5308 tam
411 5255 471 5307 ὲν
501 5257 615 5319 τοῖς
633 5254 729 5308 τοῦ
765 5255 956 5309 πιστοῦ
987 5259 1310 5312 κατοικεῖτὺ
1339 5260 1564 5314 Πνεῦιια
1592 5262 1654 5315 τὸ
1683 5261 1854 5328 ᾶγιον.

348 5416 394 5448 ’⁸
433 5418 535 5471 lsa.
561 5435 707 5477 xxvu.
744 5419 827 5474 18.

1966 4532 2052 4577 est
2082 4539 2148 4578 ne
2181 4523 2620 4594 persequamini;
2650 4535 2706 4580 et
2732 4544 2744 4580 :
2769 4522 2854 4578 Ne
2891 4524 3268 4578 contristemini
3293 4521 3543 4592 Spiritum

1965 4626 2231 4682 sanctum,
2277 4617 2429 4687 cujus
2470 4615 2641 4686 sigillo
2670 4617 2864 4686 signati
2910 4616 3031 4670 estis
3077 4616 3146 4668 ad
3177 4616 3315 4669 diem
3353 4615 3544 4669 libera-

1958 4707 2223 4772 titmis";
2265 4716 2324 4762 et
2363 4723 2596 4763 rursus:
2637 4704 2760 4761 Non
2815 4706 2952 4760 enim
2993 4707 3262 4777 accepistis
3301 4706 3543 4774 spiritum

1963 4801 2244 4864 servitutis,
2292 4801 2382 4855 sed
2423 4799 2678 4855 libertatis
2700 4799 2766 4854 ”.
2815 4798 2985 4854 Porro
3021 4815 3142 4853 cum
3191 4797 3358 4852 David
3407 4798 3544 4852 banc

1959 4894 2192 4963 gratiam
2248 4893 2522 4947 amisisset
2571 4907 2666 4962 per
2716 4890 3074 4954 adulterium,
3119 4892 3312 4945 orabat
3373 4889 3540 4945 Deum

1965 4984 2189 5038 dicens:
2223 4982 2399 5037 Redde
2440 4983 2569 5037 mihi
2618 4983 2858 5037 lwtitiam
2892 4983 3165 5046 salutaris,
3195 4992 3244 5034 et
3289 4979 3543 5049 Spiritum

1966 5087 2162 5130 rectum
2196 5078 2394 5132 iunaua
2426 5056 2483 5131 ἰῖι
2513 5077 2794 5132 visceribus
2825 5078 2952 5131 meis
2977 5075 3046 5128 “.
3085 5074 3219 5155 Quia
3256 5077 3307 5131 in
3339 5076 3542 5132 intimis

1919 5240 1924 5245 η
1965 5167 2211 5220 sensibus
2265 5165 2437 5220 ﬁdelis
2469 5163 2678 5219 lrabitat
2718 5163 2954 5233 Spiritus
2993 5171 3232 5218 sanctus.
3263 5161 3533 5218 Caeterum

1969 5269 2128 5331 pt'Ottl.
2170 5262 2402 5328 quisque
2459 5267 2639 5313 servat
2691 5257 2911 5312 domum
2967 5255 3047 5311 sui
3091 5255 3271 5310 cordis
3313 5269 3531 5325 puram,

937 5419 978 5450 "
1018 5420 1147 5474 Lev.
1198 5437 1344 5486 xxvi,
1391 5423 1488 5484 li;
1532 5423 1569 5476 ll
1613 5422 1737 5478 Cor.
1792 5439 1861 5488 γι,

1970 5463 1984 5478 .
2065 5427 2106 5456 ¹⁷
2143 5423 2256 5478 Joel
2289 5438 2348 5489 ιι,
2389 5421 2490 5481 εει
2548 5421 2669 5475 Act.
2724 5436 2782 5482 ιι,
2850 5417 2936 5472 i6.
3018 5416 3215 5489 “__Luc.
3258 5432 3401 5482 xvu,
3445 5415 3539 5470 2i.

277 5484 322 5518 "
364 5485 494 5542 an.
527 5504 638 5553 xu,
670 5491 758 5545 «i9.
838 5489 883 5520 ’°
926 5491 963 5544 Il
997 5493 1122 5547 Cor.
1169 5507 1288 5559 XIII,
1319 5484 1372 5548 5.
1451 5493 1493 5524 ¹¹
1539 5493 1557 5546 1
1596 5491 1788 5548 Thess.
1822 5484 1856 5547 ν
1909 5495 1994 5550 l9.
2074 5495 2119 5526 ”
2153 5484 2350 5563 Εριιοε.
2378 5508 2453 5557 ιν,
2489 5491 2578 5546 50.
2654 5490 2700 5523 ’³
2729 5489 2884 5544 Rom.
2910 5487 3105 5553 vm,5.
3149 5489 3194 5522 “
3210 5489 3427 5555 Psal.t.,
3451 5489 3538 5547 12.

343 5627 422 5699 (7)
465 5628 561 5683 Ms.
591 5629 913 5699 πνεύματος.

347 5698 429 5770 (8)
467 5699 577 5766 AL,
605 5701 657 5754 τι
692 5698 850 5754 Θέλω.

2035 5637 2112 5707 (9)
2168 5634 2301 5690 Ἀπό
2332 5633 2480 5690 deest
2509 5633 2559 5689 in
2601 5648 2700 5689 ms.
