  <div class='ocr_page' id='page_1' title='image "/cluster/home/n/w/nwhite01/storage/ocr_20150623/40/hvd.32044073501843/439.png"; bbox 0 0 4098 6200; ppageno 0'>
   <div class='ocr_carea' id='block_1_1' title="bbox 468 214 3727 290">
    <p class='ocr_par' dir='ltr' id='par_1_1' title="bbox 468 214 3727 290">
     <span class='ocr_line' id='line_1_1' title="bbox 468 214 3727 290; baseline -0.005 -1"><span class='ocrx_word' id='word_1_1' title='bbox 468 231 576 290; x_wconf 72' lang='lat'><strong>863</strong></span> <span class='ocrx_word' id='word_1_2' title='bbox 1578 281 1587 289; x_wconf 83' lang='grc'><strong>,</strong></span> <span class='ocrx_word' id='word_1_3' title='bbox 1777 223 2149 280; x_wconf 73' lang='lat' dir='ltr'><strong>lllERONYMl</strong></span> <span class='ocrx_word' id='word_1_4' title='bbox 2192 220 2419 280; x_wconf 68' lang='lat' dir='ltr'><strong>GRASCl</strong></span> <span class='ocrx_word' id='word_1_5' title='bbox 3616 214 3727 273; x_wconf 68' lang='grc'><strong>864</strong></span> 
     </span>
    </p>
   </div>
   <div class='ocr_carea' id='block_1_2' title="bbox 469 328 2087 410">
    <p class='ocr_par' dir='ltr' id='par_1_2' title="bbox 469 339 2087 410">
     <span class='ocr_line' id='line_1_2' title="bbox 469 339 2087 410; baseline -0.001 -11"><span class='ocrx_word' id='word_1_6' title='bbox 469 343 820 410; x_wconf 85' lang='lat' dir='ltr'><strong>lllumiuatur,</strong></span> <span class='ocrx_word' id='word_1_7' title='bbox 861 350 915 398; x_wconf 87' lang='lat' dir='ltr'><strong>et</strong></span> <span class='ocrx_word' id='word_1_8' title='bbox 942 339 1172 410; x_wconf 88' lang='lat' dir='ltr'><strong>percipit</strong></span> <span class='ocrx_word' id='word_1_9' title='bbox 1208 339 1383 410; x_wconf 81' lang='lat' dir='ltr'><strong>ignem</strong></span> <span class='ocrx_word' id='word_1_10' title='bbox 1418 339 1660 395; x_wconf 85' lang='lat' dir='ltr'><strong>divinum</strong></span> <span class='ocrx_word' id='word_1_11' title='bbox 1701 342 2030 398; x_wconf 82' lang='lat' dir='ltr'><strong>habitantem</strong></span> <span class='ocrx_word' id='word_1_12' title='bbox 2063 350 2087 406; x_wconf 71' lang='grc' dir='ltr'><strong><em>Α</em></strong></span> 
     </span>
    </p>
   </div>
   <div class='ocr_carea' id='block_1_3' title="bbox 2187 328 3720 410">
    <p class='ocr_par' dir='ltr' id='par_1_3' title="bbox 2187 328 3720 405">
     <span class='ocr_line' id='line_1_3' title="bbox 2187 328 3720 405; baseline -0.008 -9"><span class='ocrx_word' id='word_1_13' title='bbox 2187 344 2353 405; x_wconf 85' lang='grc' dir='ltr'>οιπὺν,</span> <span class='ocrx_word' id='word_1_14' title='bbox 2399 338 2522 392; x_wconf 78' lang='grc' dir='ltr'>καθ’</span> <span class='ocrx_word' id='word_1_15' title='bbox 2555 337 2585 390; x_wconf 84' lang='grc' dir='ltr'><strong>δ</strong></span> <span class='ocrx_word' id='word_1_16' title='bbox 2635 335 2701 390; x_wconf 78' lang='grc' dir='ltr'>ἂν</span> <span class='ocrx_word' id='word_1_17' title='bbox 2752 334 3008 405; x_wconf 74' lang='grc' dir='ltr'><strong>φυλάττει</strong></span> <span class='ocrx_word' id='word_1_18' title='bbox 3053 331 3145 385; x_wconf 76' lang='grc' dir='ltr'>τὸν</span> <span class='ocrx_word' id='word_1_19' title='bbox 3192 328 3341 385; x_wconf 74' lang='grc' dir='ltr'>οἶκον</span> <span class='ocrx_word' id='word_1_20' title='bbox 3386 332 3484 400; x_wconf 84' lang='grc' dir='ltr'>τῆς</span> <span class='ocrx_word' id='word_1_21' title='bbox 3526 331 3720 391; x_wconf 62' lang='grc' dir='ltr'>ἐαυτοῦ</span> 
     </span>
    </p>
   </div>
   <div class='ocr_carea' id='block_1_4' title="bbox 472 421 2087 507">
    <p class='ocr_par' dir='ltr' id='par_1_4' title="bbox 472 429 2035 504">
     <span class='ocr_line' id='line_1_4' title="bbox 472 429 2035 504; baseline -0.001 -15"><span class='ocrx_word' id='word_1_22' title='bbox 472 437 523 489; x_wconf 91' lang='lat' dir='ltr'><strong>in</strong></span> <span class='ocrx_word' id='word_1_23' title='bbox 558 449 617 488; x_wconf 89' lang='lat' dir='ltr'><strong>se</strong></span> <span class='ocrx_word' id='word_1_24' title='bbox 646 449 741 504; x_wconf 91' lang='lat' dir='ltr'><strong>per</strong></span> <span class='ocrx_word' id='word_1_25' title='bbox 763 431 1049 501; x_wconf 65' lang='lat' dir='ltr'><strong>lactymas,</strong></span> <span class='ocrx_word' id='word_1_26' title='bbox 1074 443 1169 499; x_wconf 91' lang='lat' dir='ltr'><strong>per</strong></span> <span class='ocrx_word' id='word_1_27' title='bbox 1192 429 1468 499; x_wconf 83' lang='lat' dir='ltr'><strong>gaudium,</strong></span> <span class='ocrx_word' id='word_1_28' title='bbox 1502 446 1598 501; x_wconf 83' lang='lat' dir='ltr'><strong>per</strong></span> <span class='ocrx_word' id='word_1_29' title='bbox 1623 432 2035 489; x_wconf 77' lang='lat' dir='ltr'><strong>exsultationem</strong></span> 
     </span>
    </p>
   </div>
   <div class='ocr_carea' id='block_1_5' title="bbox 2187 421 3722 507">
    <p class='ocr_par' dir='ltr' id='par_1_5' title="bbox 2187 421 3722 507">
     <span class='ocr_line' id='line_1_5' title="bbox 2187 421 3722 507; baseline -0.01 -19"><span class='ocrx_word' id='word_1_30' title='bbox 2187 434 2371 507; x_wconf 74' lang='grc' dir='ltr'>κρδίας</span> <span class='ocrx_word' id='word_1_31' title='bbox 2422 428 2682 499; x_wconf 74' lang='grc' dir='ltr'>καθαρὸν,</span> <span class='ocrx_word' id='word_1_32' title='bbox 2711 430 2741 481; x_wconf 86' lang='grc' dir='ltr'><strong>ὁ</strong></span> <span class='ocrx_word' id='word_1_33' title='bbox 2778 427 3063 499; x_wconf 75' lang='grc' dir='ltr'>ἄνθρωπος</span> <span class='ocrx_word' id='word_1_34' title='bbox 3108 421 3438 493; x_wconf 77' lang='grc' dir='ltr'>φωτίζεται,</span> <span class='ocrx_word' id='word_1_35' title='bbox 3487 423 3583 476; x_wconf 72' lang='grc' dir='ltr'>καὶ</span> <span class='ocrx_word' id='word_1_36' title='bbox 3634 424 3722 476; x_wconf 66' lang='grc' dir='ltr'><strong>αὶ-</strong></span> 
     </span>
    </p>
   </div>
   <div class='ocr_carea' id='block_1_6' title="bbox 473 512 2087 593">
    <p class='ocr_par' dir='ltr' id='par_1_6' title="bbox 473 521 2038 593">
     <span class='ocr_line' id='line_1_6' title="bbox 473 521 2038 593; baseline -0.003 -9"><span class='ocrx_word' id='word_1_37' title='bbox 473 542 521 584; x_wconf 70' lang='lat' dir='ltr'><strong>er</strong></span> <span class='ocrx_word' id='word_1_38' title='bbox 554 525 973 581; x_wconf 74' lang='lat' dir='ltr'><strong>consolationem</strong></span> <span class='ocrx_word' id='word_1_39' title='bbox 1001 531 1056 577; x_wconf 88' lang='lat' dir='ltr'><strong>et</strong></span> <span class='ocrx_word' id='word_1_40' title='bbox 1088 521 1358 589; x_wconf 60' lang='lat' dir='ltr'><strong>Iri-titiam;</strong></span> <span class='ocrx_word' id='word_1_41' title='bbox 1394 538 1460 578; x_wconf 89' lang='lat' dir='ltr'><strong>ac</strong></span> <span class='ocrx_word' id='word_1_42' title='bbox 1496 524 1761 593; x_wconf 64' lang='lat' dir='ltr'><strong>praecipue</strong></span> <span class='ocrx_word' id='word_1_43' title='bbox 1795 535 2038 593; x_wconf 87' lang='lat' dir='ltr'><strong>tempore</strong></span> 
     </span>
    </p>
   </div>
   <div class='ocr_carea' id='block_1_7' title="bbox 2187 512 3726 593">
    <p class='ocr_par' dir='ltr' id='par_1_7' title="bbox 2187 512 3726 587">
     <span class='ocr_line' id='line_1_7' title="bbox 2187 512 3726 587; baseline -0.009 -8"><span class='ocrx_word' id='word_1_44' title='bbox 2187 526 2398 579; x_wconf 72' lang='grc' dir='ltr'>Βάνεται</span> <span class='ocrx_word' id='word_1_45' title='bbox 2442 520 2537 574; x_wconf 82' lang='grc' dir='ltr'><strong>τού</strong></span> <span class='ocrx_word' id='word_1_46' title='bbox 2608 518 2752 572; x_wconf 80' lang='grc' dir='ltr'>θείου</span> <span class='ocrx_word' id='word_1_47' title='bbox 2809 516 2979 587; x_wconf 79' lang='grc' dir='ltr'>πυρὸς</span> <span class='ocrx_word' id='word_1_48' title='bbox 3029 513 3305 578; x_wconf 78' lang='grc' dir='ltr'><strong>οἰκοῦντος</strong></span> <span class='ocrx_word' id='word_1_49' title='bbox 3353 512 3411 567; x_wconf 81' lang='grc' dir='ltr'><strong>ἐν</strong></span> <span class='ocrx_word' id='word_1_50' title='bbox 3449 512 3597 582; x_wconf 79' lang='grc' dir='ltr'><strong>αύτῷ</strong></span> <span class='ocrx_word' id='word_1_51' title='bbox 3634 512 3726 566; x_wconf 68' lang='grc' dir='ltr'>διὰ</span> 
     </span>
    </p>
   </div>
   <div class='ocr_carea' id='block_1_8' title="bbox 479 605 2087 690">
    <p class='ocr_par' dir='ltr' id='par_1_8' title="bbox 479 614 2043 686">
     <span class='ocr_line' id='line_1_8' title="bbox 479 614 2043 686; baseline 0 -15"><span class='ocrx_word' id='word_1_52' title='bbox 479 622 737 672; x_wconf 81' lang='lat' dir='ltr'><strong>festorum</strong></span> <span class='ocrx_word' id='word_1_53' title='bbox 787 614 994 670; x_wconf 89' lang='lat' dir='ltr'><strong>dierum</strong></span> <span class='ocrx_word' id='word_1_54' title='bbox 1042 622 1096 668; x_wconf 86' lang='lat' dir='ltr'><strong>et</strong></span> <span class='ocrx_word' id='word_1_55' title='bbox 1131 628 1409 668; x_wconf 86' lang='lat' dir='ltr'><strong>sacrarum</strong></span> <span class='ocrx_word' id='word_1_56' title='bbox 1445 615 1765 686; x_wconf 84' lang='lat' dir='ltr'><strong>synaxium,</strong></span> <span class='ocrx_word' id='word_1_57' title='bbox 1815 625 1869 670; x_wconf 89' lang='lat' dir='ltr'><strong>et</strong></span> <span class='ocrx_word' id='word_1_58' title='bbox 1917 616 2043 671; x_wconf 67' lang='lat' dir='ltr'><strong>illuo</strong></span> 
     </span>
    </p>
   </div>
   <div class='ocr_carea' id='block_1_9' title="bbox 2187 605 3715 690">
    <p class='ocr_par' dir='ltr' id='par_1_9' title="bbox 2187 605 3715 690">
     <span class='ocr_line' id='line_1_9' title="bbox 2187 605 3715 690; baseline -0.01 -17"><span class='ocrx_word' id='word_1_59' title='bbox 2187 618 2414 690; x_wconf 72' lang='grc' dir='ltr'>ἰκρύων,</span> <span class='ocrx_word' id='word_1_60' title='bbox 2442 616 2532 670; x_wconf 84' lang='grc' dir='ltr'>διὰ</span> <span class='ocrx_word' id='word_1_61' title='bbox 2568 613 2763 684; x_wconf 79' lang='grc' dir='ltr'>χαρᾶς,</span> <span class='ocrx_word' id='word_1_62' title='bbox 2805 610 2873 664; x_wconf 81' lang='grc' dir='ltr'><strong>δι’</strong></span> <span class='ocrx_word' id='word_1_63' title='bbox 2898 609 3273 678; x_wconf 80' lang='grc' dir='ltr'><strong>ἀγαλλιάσεως</strong></span> <span class='ocrx_word' id='word_1_64' title='bbox 3303 608 3401 661; x_wconf 68' lang='grc' dir='ltr'>καὶ</span> <span class='ocrx_word' id='word_1_65' title='bbox 3435 605 3715 678; x_wconf 77' lang='grc' dir='ltr'>παρακλή-</span> 
     </span>
    </p>
   </div>
   <div class='ocr_carea' id='block_1_10' title="bbox 475 695 2087 776">
    <p class='ocr_par' dir='ltr' id='par_1_10' title="bbox 475 702 2040 774">
     <span class='ocr_line' id='line_1_10' title="bbox 475 702 2040 774; baseline -0.001 -12"><span class='ocrx_word' id='word_1_66' title='bbox 475 706 821 769; x_wconf 88' lang='lat' dir='ltr'><strong>strationum,</strong></span> <span class='ocrx_word' id='word_1_67' title='bbox 851 715 1207 759; x_wconf 86' lang='lat' dir='ltr'><strong>conversante</strong></span> <span class='ocrx_word' id='word_1_68' title='bbox 1242 714 1296 759; x_wconf 90' lang='lat' dir='ltr'><strong>et</strong></span> <span class='ocrx_word' id='word_1_69' title='bbox 1334 702 1553 759; x_wconf 79' lang='lat' dir='ltr'><strong>amante</strong></span> <span class='ocrx_word' id='word_1_70' title='bbox 1586 704 1789 774; x_wconf 90' lang='lat' dir='ltr'><strong>Spiritu</strong></span> <span class='ocrx_word' id='word_1_71' title='bbox 1829 716 2040 772; x_wconf 89' lang='lat' dir='ltr'><strong>sancto,</strong></span> 
     </span>
    </p>
   </div>
   <div class='ocr_carea' id='block_1_11' title="bbox 2187 695 3724 776">
    <p class='ocr_par' dir='ltr' id='par_1_11' title="bbox 2187 695 3724 776">
     <span class='ocr_line' id='line_1_11' title="bbox 2187 695 3724 776; baseline -0.009 -15"><span class='ocrx_word' id='word_1_72' title='bbox 2187 727 2283 772; x_wconf 80' lang='grc' dir='ltr'><strong>εως</strong></span> <span class='ocrx_word' id='word_1_73' title='bbox 2333 707 2427 762; x_wconf 76' lang='grc' dir='ltr'>καὶ</span> <span class='ocrx_word' id='word_1_74' title='bbox 2470 702 2829 776; x_wconf 80' lang='grc' dir='ltr'>εὐφροσύνης,</span> <span class='ocrx_word' id='word_1_75' title='bbox 2875 700 2971 755; x_wconf 70' lang='grc' dir='ltr'>καὶ</span> <span class='ocrx_word' id='word_1_76' title='bbox 3016 699 3252 770; x_wconf 89' lang='grc' dir='ltr'>μάλιστα</span> <span class='ocrx_word' id='word_1_77' title='bbox 3291 698 3368 769; x_wconf 83' lang='grc' dir='ltr'><strong>τῷ</strong></span> <span class='ocrx_word' id='word_1_78' title='bbox 3405 695 3585 767; x_wconf 85' lang='grc' dir='ltr'>καιρῷ</span> <span class='ocrx_word' id='word_1_79' title='bbox 3618 696 3724 748; x_wconf 80' lang='grc' dir='ltr'>τῶν</span> 
     </span>
    </p>
   </div>
   <div class='ocr_carea' id='block_1_12' title="bbox 475 792 2087 878">
    <p class='ocr_par' dir='ltr' id='par_1_12' title="bbox 475 794 2044 863">
     <span class='ocr_line' id='line_1_12' title="bbox 475 794 2044 863; baseline 0.001 -13"><span class='ocrx_word' id='word_1_80' title='bbox 475 795 635 850; x_wconf 85' lang='lat' dir='ltr'><strong>simul</strong></span> <span class='ocrx_word' id='word_1_81' title='bbox 673 794 912 850; x_wconf 79' lang='lat' dir='ltr'><strong>exsultat</strong></span> <span class='ocrx_word' id='word_1_82' title='bbox 950 794 1125 862; x_wconf 82' lang='lat' dir='ltr'><strong>gratia</strong></span> <span class='ocrx_word' id='word_1_83' title='bbox 1175 794 1343 863; x_wconf 86' lang='lat' dir='ltr'><strong>ipsius</strong></span> <span class='ocrx_word' id='word_1_84' title='bbox 1375 809 1494 863; x_wconf 65' lang='lat' dir='ltr'><strong>qua</strong></span> <span class='ocrx_word' id='word_1_85' title='bbox 1531 796 1736 849; x_wconf 88' lang='lat' dir='ltr'><strong>babitat</strong></span> <span class='ocrx_word' id='word_1_86' title='bbox 1772 796 1828 850; x_wconf 88' lang='lat' dir='ltr'><strong>iu</strong></span> <span class='ocrx_word' id='word_1_87' title='bbox 1863 797 2044 853; x_wconf 88' lang='lat' dir='ltr'><strong>animo</strong></span> 
     </span>
    </p>
   </div>
   <div class='ocr_carea' id='block_1_13' title="bbox 2187 792 3727 878">
    <p class='ocr_par' dir='ltr' id='par_1_13' title="bbox 2187 792 3727 878">
     <span class='ocr_line' id='line_1_13' title="bbox 2187 792 3727 878; baseline -0.01 -19"><span class='ocrx_word' id='word_1_88' title='bbox 2187 804 2347 878; x_wconf 65' lang='lat' dir='ltr'><strong>aptth</strong></span> <span class='ocrx_word' id='word_1_89' title='bbox 2390 803 2486 856; x_wconf 77' lang='grc' dir='ltr'>καὶ</span> <span class='ocrx_word' id='word_1_90' title='bbox 2521 799 2810 863; x_wconf 80' lang='grc' dir='ltr'>συνάξεων’</span> <span class='ocrx_word' id='word_1_91' title='bbox 2833 797 2927 852; x_wconf 72' lang='grc' dir='ltr'>καὶ</span> <span class='ocrx_word' id='word_1_92' title='bbox 2973 795 3362 867; x_wconf 80' lang='grc' dir='ltr'>φωτισμάτων,</span> <span class='ocrx_word' id='word_1_93' title='bbox 3396 792 3727 863; x_wconf 71' lang='grc' dir='ltr'>ἐπιδημοῦνο</span> 
     </span>
    </p>
   </div>
   <div class='ocr_carea' id='block_1_14' title="bbox 475 876 2087 963">
    <p class='ocr_par' dir='ltr' id='par_1_14' title="bbox 475 884 2042 957">
     <span class='ocr_line' id='line_1_14' title="bbox 475 884 2042 957; baseline 0.001 -18"><span class='ocrx_word' id='word_1_94' title='bbox 475 884 728 949; x_wconf 83' lang='lat' dir='ltr'><strong>hominis,</strong></span> <span class='ocrx_word' id='word_1_95' title='bbox 756 885 897 939; x_wconf 90' lang='lat' dir='ltr'><strong>unde</strong></span> <span class='ocrx_word' id='word_1_96' title='bbox 935 885 1170 952; x_wconf 81' lang='lat' dir='ltr'><strong>perfecte</strong></span> <span class='ocrx_word' id='word_1_97' title='bbox 1207 885 1495 939; x_wconf 90' lang='lat' dir='ltr'><strong>instruitur</strong></span> <span class='ocrx_word' id='word_1_98' title='bbox 1531 894 1588 939; x_wconf 89' lang='lat' dir='ltr'><strong>et</strong></span> <span class='ocrx_word' id='word_1_99' title='bbox 1622 885 1866 940; x_wconf 89' lang='lat' dir='ltr'><strong>ﬁrmatur</strong></span> <span class='ocrx_word' id='word_1_100' title='bbox 1899 888 2042 957; x_wconf 88' lang='lat' dir='ltr'><strong>quod</strong></span> 
     </span>
    </p>
   </div>
   <div class='ocr_carea' id='block_1_15' title="bbox 2187 876 3727 963">
    <p class='ocr_par' dir='ltr' id='par_1_15' title="bbox 2187 876 3727 963">
     <span class='ocr_line' id='line_1_15' title="bbox 2187 876 3727 963; baseline -0.01 -14"><span class='ocrx_word' id='word_1_101' title='bbox 2187 876 2234 961; x_wconf 63' lang='grc' dir='ltr'><strong>,ξ</strong></span> <span class='ocrx_word' id='word_1_102' title='bbox 2264 893 2359 948; x_wconf 76' lang='grc' dir='ltr'>τοῦ</span> <span class='ocrx_word' id='word_1_103' title='bbox 2407 891 2561 962; x_wconf 86' lang='grc' dir='ltr'>άγίου</span> <span class='ocrx_word' id='word_1_104' title='bbox 2609 876 2927 959; x_wconf 81' lang='grc' dir='ltr'>Πνεύματος</span> <span class='ocrx_word' id='word_1_105' title='bbox 2971 887 3236 957; x_wconf 76' lang='grc' dir='ltr'>συσκιρτᾷ</span> <span class='ocrx_word' id='word_1_106' title='bbox 3274 886 3313 963; x_wconf 20' lang='grc' dir='ltr'>ἡ,</span> <span class='ocrx_word' id='word_1_107' title='bbox 3357 883 3519 954; x_wconf 82' lang='grc' dir='ltr'>χάρις</span> <span class='ocrx_word' id='word_1_108' title='bbox 3563 881 3727 936; x_wconf 68' lang='grc' dir='ltr'>αὑτοῦ</span> 
     </span>
    </p>
   </div>
   <div class='ocr_carea' id='block_1_16' title="bbox 478 974 2087 1062">
    <p class='ocr_par' dir='ltr' id='par_1_16' title="bbox 478 974 2045 1045">
     <span class='ocr_line' id='line_1_16' title="bbox 478 974 2045 1045; baseline 0.004 -20"><span class='ocrx_word' id='word_1_109' title='bbox 478 990 605 1030; x_wconf 87' lang='lat' dir='ltr'><strong>vere</strong></span> <span class='ocrx_word' id='word_1_110' title='bbox 665 974 1004 1030; x_wconf 88' lang='lat' dir='ltr'><strong>Christianus</strong></span> <span class='ocrx_word' id='word_1_111' title='bbox 1054 975 1156 1040; x_wconf 89' lang='lat' dir='ltr'><strong>sit,</strong></span> <span class='ocrx_word' id='word_1_112' title='bbox 1202 982 1256 1027; x_wconf 90' lang='lat' dir='ltr'><strong>et</strong></span> <span class='ocrx_word' id='word_1_113' title='bbox 1312 975 1583 1045; x_wconf 87' lang='lat' dir='ltr'><strong>acceperit</strong></span> <span class='ocrx_word' id='word_1_114' title='bbox 1635 986 1881 1031; x_wconf 85' lang='lat' dir='ltr'><strong>sanctum</strong></span> <span class='ocrx_word' id='word_1_115' title='bbox 1944 977 2045 1031; x_wconf 85' lang='lat' dir='ltr'><strong>ba-</strong></span> 
     </span>
    </p>
   </div>
   <div class='ocr_carea' id='block_1_17' title="bbox 2187 974 3730 1062">
    <p class='ocr_par' dir='ltr' id='par_1_17' title="bbox 2218 975 3730 1050">
     <span class='ocr_line' id='line_1_17' title="bbox 2218 975 3730 1050; baseline -0.011 -8"><span class='ocrx_word' id='word_1_116' title='bbox 2218 984 2550 1042; x_wconf 82' lang='grc' dir='ltr'>κατοικοῦσα</span> <span class='ocrx_word' id='word_1_117' title='bbox 2604 983 2664 1035; x_wconf 89' lang='grc' dir='ltr'><strong>ἐν</strong></span> <span class='ocrx_word' id='word_1_118' title='bbox 2699 982 2767 1050; x_wconf 77' lang='grc' dir='ltr'>τῇ</span> <span class='ocrx_word' id='word_1_119' title='bbox 2811 979 2957 1049; x_wconf 69' lang='grc' dir='ltr'>ψυχῇ</span> <span class='ocrx_word' id='word_1_120' title='bbox 3017 977 3112 1031; x_wconf 79' lang='grc' dir='ltr'>τοῦ</span> <span class='ocrx_word' id='word_1_121' title='bbox 3161 975 3469 1048; x_wconf 83' lang='grc' dir='ltr'>ἀνθρώπου,</span> <span class='ocrx_word' id='word_1_122' title='bbox 3516 976 3612 1028; x_wconf 76' lang='grc' dir='ltr'><strong>καὶ</strong></span> <span class='ocrx_word' id='word_1_123' title='bbox 3646 977 3730 1028; x_wconf 80' lang='grc' dir='ltr'>ἐνο</span> 
     </span>
    </p>
   </div>
   <div class='ocr_carea' id='block_1_18' title="bbox 476 1065 2087 1146">
    <p class='ocr_par' dir='ltr' id='par_1_18' title="bbox 476 1065 2049 1135">
     <span class='ocr_line' id='line_1_18' title="bbox 476 1065 2049 1135; baseline 0 -16"><span class='ocrx_word' id='word_1_124' title='bbox 476 1066 694 1135; x_wconf 90' lang='lat' dir='ltr'><strong>ptisma.</strong></span> <span class='ocrx_word' id='word_1_125' title='bbox 724 1065 893 1121; x_wconf 88' lang='lat' dir='ltr'><strong>Porro</strong></span> <span class='ocrx_word' id='word_1_126' title='bbox 936 1081 1005 1120; x_wconf 89' lang='lat' dir='ltr'><strong>ne</strong></span> <span class='ocrx_word' id='word_1_127' title='bbox 1045 1065 1329 1121; x_wconf 84' lang='lat' dir='ltr'><strong>videantur</strong></span> <span class='ocrx_word' id='word_1_128' title='bbox 1360 1066 1452 1121; x_wconf 91' lang='lat' dir='ltr'><strong>tibi</strong></span> <span class='ocrx_word' id='word_1_129' title='bbox 1484 1068 1740 1131; x_wconf 87' lang='lat' dir='ltr'><strong>absurda,</strong></span> <span class='ocrx_word' id='word_1_130' title='bbox 1773 1066 1948 1121; x_wconf 81' lang='lat' dir='ltr'><strong>aliena</strong></span> <span class='ocrx_word' id='word_1_131' title='bbox 1994 1075 2049 1121; x_wconf 92' lang='lat' dir='ltr'><strong>et</strong></span> 
     </span>
    </p>
   </div>
   <div class='ocr_carea' id='block_1_19' title="bbox 2187 1065 3733 1146">
    <p class='ocr_par' dir='ltr' id='par_1_19' title="bbox 2187 1066 3733 1146">
     <span class='ocr_line' id='line_1_19' title="bbox 2187 1066 3733 1146; baseline -0.01 -13"><span class='ocrx_word' id='word_1_132' title='bbox 2187 1079 2335 1133; x_wconf 80' lang='grc' dir='ltr'>εὖθεν</span> <span class='ocrx_word' id='word_1_133' title='bbox 2364 1074 2791 1146; x_wconf 76' lang='grc' dir='ltr'>πληροφορεϊται</span> <span class='ocrx_word' id='word_1_134' title='bbox 2824 1072 2853 1123; x_wconf 92' lang='grc' dir='ltr'><strong>ό</strong></span> <span class='ocrx_word' id='word_1_135' title='bbox 2897 1068 3204 1141; x_wconf 76' lang='grc' dir='ltr'>ἄνθρωπος,</span> <span class='ocrx_word' id='word_1_136' title='bbox 3231 1068 3314 1120; x_wconf 85' lang='grc' dir='ltr'>ὃτι</span> <span class='ocrx_word' id='word_1_137' title='bbox 3353 1066 3569 1137; x_wconf 81' lang='grc' dir='ltr'>ἀληθῶς</span> <span class='ocrx_word' id='word_1_138' title='bbox 3597 1067 3644 1118; x_wconf 85' lang='grc' dir='ltr'>Χ</span> <span class='ocrx_word' id='word_1_139' title='bbox 3651 1080 3733 1136; x_wconf 88' lang='grc' dir='ltr'>ρι-</span> 
     </span>
    </p>
   </div>
   <div class='ocr_carea' id='block_1_20' title="bbox 477 1146 2087 1233">
    <p class='ocr_par' dir='ltr' id='par_1_20' title="bbox 477 1148 2044 1232">
     <span class='ocr_line' id='line_1_20' title="bbox 477 1148 2044 1232; baseline -0.001 -16"><span class='ocrx_word' id='word_1_140' title='bbox 477 1162 664 1232; x_wconf 84' lang='lat' dir='ltr'><strong>gravia</strong></span> <span class='ocrx_word' id='word_1_141' title='bbox 713 1176 833 1230; x_wconf 72' lang='lat' dir='ltr'><strong>qua:</strong></span> <span class='ocrx_word' id='word_1_142' title='bbox 881 1161 1153 1217; x_wconf 86' lang='lat' dir='ltr'><strong>dicuntur.</strong></span> <span class='ocrx_word' id='word_1_143' title='bbox 1206 1148 1744 1231; x_wconf 19' lang='lat' dir='ltr'><strong>Etenimrprotilteta&#39;:</strong></span> <span class='ocrx_word' id='word_1_144' title='bbox 1792 1161 1882 1230; x_wconf 88' lang='lat' dir='ltr'><strong>qui</strong></span> <span class='ocrx_word' id='word_1_145' title='bbox 1923 1175 2044 1215; x_wconf 90' lang='lat' dir='ltr'><strong>cum</strong></span> 
     </span>
    </p>
   </div>
   <div class='ocr_carea' id='block_1_21' title="bbox 2187 1146 3732 1233">
    <p class='ocr_par' dir='ltr' id='par_1_21' title="bbox 2187 1146 3732 1233">
     <span class='ocr_line' id='line_1_21' title="bbox 2187 1146 3732 1233; baseline -0.01 -9"><span class='ocrx_word' id='word_1_146' title='bbox 2187 1168 2362 1232; x_wconf 88' lang='grc' dir='ltr'>τιανός</span> <span class='ocrx_word' id='word_1_147' title='bbox 2403 1168 2518 1220; x_wconf 83' lang='grc' dir='ltr'>ἐστι</span> <span class='ocrx_word' id='word_1_148' title='bbox 2551 1162 2647 1217; x_wconf 78' lang='grc' dir='ltr'><strong>καὶ</strong></span> <span class='ocrx_word' id='word_1_149' title='bbox 2682 1161 2871 1233; x_wconf 77' lang='grc' dir='ltr'>εἴληφε</span> <span class='ocrx_word' id='word_1_150' title='bbox 2898 1160 2961 1214; x_wconf 78' lang='grc' dir='ltr'><strong>τὸ</strong></span> <span class='ocrx_word' id='word_1_151' title='bbox 2994 1159 3148 1226; x_wconf 79' lang='grc' dir='ltr'>ἂγιον</span> <span class='ocrx_word' id='word_1_152' title='bbox 3180 1157 3483 1228; x_wconf 80' lang='grc' dir='ltr'><strong>βάπτισμα.</strong></span> <span class='ocrx_word' id='word_1_153' title='bbox 3516 1156 3627 1210; x_wconf 76' lang='grc' dir='ltr'><strong>Καὶ</strong></span> <span class='ocrx_word' id='word_1_154' title='bbox 3657 1146 3732 1226; x_wconf 80' lang='grc' dir='ltr'>μὴ</span> 
     </span>
    </p>
   </div>
   <div class='ocr_carea' id='block_1_22' title="bbox 480 1247 2087 1332">
    <p class='ocr_par' dir='ltr' id='par_1_22' title="bbox 480 1252 2047 1320">
     <span class='ocr_line' id='line_1_22' title="bbox 480 1252 2047 1320; baseline -0.003 -11"><span class='ocrx_word' id='word_1_155' title='bbox 480 1254 795 1310; x_wconf 84' lang='lat' dir='ltr'><strong>mulieribus</strong></span> <span class='ocrx_word' id='word_1_156' title='bbox 843 1253 1206 1320; x_wconf 86' lang='lat' dir='ltr'><strong>dormiebant,</strong></span> <span class='ocrx_word' id='word_1_157' title='bbox 1250 1265 1305 1308; x_wconf 89' lang='lat' dir='ltr'><strong>et</strong></span> <span class='ocrx_word' id='word_1_158' title='bbox 1336 1253 1387 1307; x_wconf 90' lang='lat' dir='ltr'><strong>in</strong></span> <span class='ocrx_word' id='word_1_159' title='bbox 1426 1252 1602 1309; x_wconf 87' lang='lat' dir='ltr'><strong>medio</strong></span> <span class='ocrx_word' id='word_1_160' title='bbox 1629 1254 1753 1307; x_wconf 73' lang='lat' dir='ltr'><strong>vita:</strong></span> <span class='ocrx_word' id='word_1_161' title='bbox 1776 1262 1833 1305; x_wconf 88' lang='lat' dir='ltr'><strong>et</strong></span> <span class='ocrx_word' id='word_1_162' title='bbox 1872 1252 2047 1306; x_wconf 79' lang='lat' dir='ltr'><strong>homi-</strong></span> 
     </span>
    </p>
   </div>
   <div class='ocr_carea' id='block_1_23' title="bbox 2187 1247 3734 1332">
    <p class='ocr_par' dir='ltr' id='par_1_23' title="bbox 2187 1247 3734 1332">
     <span class='ocr_line' id='line_1_23' title="bbox 2187 1247 3734 1332; baseline -0.008 -20"><span class='ocrx_word' id='word_1_163' title='bbox 2187 1264 2292 1332; x_wconf 60' lang='grc' dir='ltr'>ηανῇ</span> <span class='ocrx_word' id='word_1_164' title='bbox 2334 1276 2415 1312; x_wconf 91' lang='grc' dir='ltr'><strong>σοι</strong></span> <span class='ocrx_word' id='word_1_165' title='bbox 2445 1256 2555 1326; x_wconf 84' lang='grc'><strong>(10)</strong></span> <span class='ocrx_word' id='word_1_166' title='bbox 2587 1253 2712 1318; x_wconf 82' lang='grc' dir='ltr'>ξένα</span> <span class='ocrx_word' id='word_1_167' title='bbox 2747 1252 2840 1305; x_wconf 76' lang='grc' dir='ltr'>καὶ</span> <span class='ocrx_word' id='word_1_168' title='bbox 2870 1250 3041 1322; x_wconf 79' lang='grc' dir='ltr'>βαρέα</span> <span class='ocrx_word' id='word_1_169' title='bbox 3070 1250 3139 1303; x_wconf 82' lang='grc' dir='ltr'><strong>τά</strong></span> <span class='ocrx_word' id='word_1_170' title='bbox 3163 1249 3447 1318; x_wconf 77' lang='grc' dir='ltr'>λεγόμενα.</span> <span class='ocrx_word' id='word_1_171' title='bbox 3481 1248 3595 1300; x_wconf 73' lang='grc' dir='ltr'><strong>Καὶ</strong></span> <span class='ocrx_word' id='word_1_172' title='bbox 3624 1247 3734 1315; x_wconf 79' lang='grc' dir='ltr'><strong>γάρ</strong></span> 
     </span>
    </p>
   </div>
   <div class='ocr_carea' id='block_1_24' title="bbox 481 1336 2087 1422">
    <p class='ocr_par' dir='ltr' id='par_1_24' title="bbox 481 1340 2053 1413">
     <span class='ocr_line' id='line_1_24' title="bbox 481 1340 2053 1413; baseline -0.001 -17"><span class='ocrx_word' id='word_1_173' title='bbox 481 1358 608 1396; x_wconf 90' lang='lat' dir='ltr'><strong>num</strong></span> <span class='ocrx_word' id='word_1_174' title='bbox 658 1352 714 1397; x_wconf 91' lang='lat' dir='ltr'><strong>et</strong></span> <span class='ocrx_word' id='word_1_175' title='bbox 753 1343 1084 1413; x_wconf 75' lang='lat' dir='ltr'><strong>negotiorum</strong></span> <span class='ocrx_word' id='word_1_176' title='bbox 1143 1342 1423 1398; x_wconf 82' lang='lat' dir='ltr'><strong>constituti</strong></span> <span class='ocrx_word' id='word_1_177' title='bbox 1485 1351 1676 1407; x_wconf 86' lang='lat' dir='ltr'><strong>erant,</strong></span> <span class='ocrx_word' id='word_1_178' title='bbox 1724 1341 1882 1396; x_wconf 87' lang='lat' dir='ltr'><strong>istam</strong></span> <span class='ocrx_word' id='word_1_179' title='bbox 1930 1340 2053 1411; x_wconf 88' lang='lat' dir='ltr'><strong>Spi-</strong></span> 
     </span>
    </p>
   </div>
   <div class='ocr_carea' id='block_1_25' title="bbox 2187 1336 3733 1422">
    <p class='ocr_par' dir='ltr' id='par_1_25' title="bbox 2187 1336 3733 1422">
     <span class='ocr_line' id='line_1_25' title="bbox 2187 1336 3733 1422; baseline -0.01 -18"><span class='ocrx_word' id='word_1_180' title='bbox 2187 1353 2201 1404; x_wconf 89' lang='grc' dir='ltr'><strong>ί</strong></span> <span class='ocrx_word' id='word_1_181' title='bbox 2232 1349 2505 1422; x_wconf 77' lang='grc' dir='ltr'><strong>προφῆται</strong></span> <span class='ocrx_word' id='word_1_182' title='bbox 2537 1342 2752 1415; x_wconf 70' lang='grc' dir='ltr'>γυναιξὶ</span> <span class='ocrx_word' id='word_1_183' title='bbox 2797 1339 3238 1412; x_wconf 78' lang='grc' dir='ltr'>συγκοιμώμενοι</span> <span class='ocrx_word' id='word_1_184' title='bbox 3273 1340 3366 1392; x_wconf 70' lang='grc' dir='ltr'><strong>καὶ</strong></span> <span class='ocrx_word' id='word_1_185' title='bbox 3412 1338 3579 1409; x_wconf 80' lang='grc' dir='ltr'><strong>μέσον</strong></span> <span class='ocrx_word' id='word_1_186' title='bbox 3615 1336 3733 1407; x_wconf 86' lang='grc' dir='ltr'>βίου</span> 
     </span>
    </p>
   </div>
   <div class='ocr_carea' id='block_1_26' title="bbox 481 1425 2087 1507">
    <p class='ocr_par' dir='ltr' id='par_1_26' title="bbox 481 1433 2049 1504">
     <span class='ocr_line' id='line_1_26' title="bbox 481 1433 2049 1504; baseline -0.001 -15"><span class='ocrx_word' id='word_1_187' title='bbox 481 1433 618 1489; x_wconf 88' lang='lat' dir='ltr'><strong>ritus</strong></span> <span class='ocrx_word' id='word_1_188' title='bbox 657 1435 827 1490; x_wconf 86' lang='lat' dir='ltr'><strong>sancti</strong></span> <span class='ocrx_word' id='word_1_189' title='bbox 874 1435 1100 1504; x_wconf 87' lang='lat' dir='ltr'><strong>gratiam</strong></span> <span class='ocrx_word' id='word_1_190' title='bbox 1135 1434 1423 1489; x_wconf 83' lang='lat' dir='ltr'><strong>habebant.</strong></span> <span class='ocrx_word' id='word_1_191' title='bbox 1465 1434 1648 1502; x_wconf 87' lang='lat' dir='ltr'><strong>Neque</strong></span> <span class='ocrx_word' id='word_1_192' title='bbox 1683 1433 1784 1488; x_wconf 86' lang='lat' dir='ltr'><strong>viri</strong></span> <span class='ocrx_word' id='word_1_193' title='bbox 1822 1442 2049 1499; x_wconf 90' lang='lat' dir='ltr'><strong>tantum,</strong></span> 
     </span>
    </p>
   </div>
   <div class='ocr_carea' id='block_1_27' title="bbox 2187 1425 3736 1507">
    <p class='ocr_par' dir='ltr' id='par_1_27' title="bbox 2187 1425 3736 1507">
     <span class='ocr_line' id='line_1_27' title="bbox 2187 1425 3736 1507; baseline -0.007 -18"><span class='ocrx_word' id='word_1_194' title='bbox 2187 1440 2247 1493; x_wconf 68' lang='lat' dir='ltr'><strong>at</strong></span> <span class='ocrx_word' id='word_1_195' title='bbox 2301 1434 2601 1507; x_wconf 81' lang='grc' dir='ltr'>ἀνθρώπων</span> <span class='ocrx_word' id='word_1_196' title='bbox 2640 1432 2735 1486; x_wconf 65' lang='grc' dir='ltr'><strong>καὶ⁸</strong></span> <span class='ocrx_word' id='word_1_197' title='bbox 2794 1429 3138 1503; x_wconf 83' lang='grc' dir='ltr'><strong>πραγμάτων</strong></span> <span class='ocrx_word' id='word_1_198' title='bbox 3203 1429 3540 1497; x_wconf 79' lang='grc' dir='ltr'><strong>ὑπάρχοντες</strong></span> <span class='ocrx_word' id='word_1_199' title='bbox 3563 1469 3577 1490; x_wconf 88' lang='lat'><strong>,</strong></span> <span class='ocrx_word' id='word_1_200' title='bbox 3636 1425 3736 1496; x_wconf 78' lang='grc' dir='ltr'>τὴν</span> 
     </span>
    </p>
   </div>
   <div class='ocr_carea' id='block_1_28' title="bbox 482 1515 2087 1604">
    <p class='ocr_par' dir='ltr' id='par_1_28' title="bbox 482 1524 2047 1595">
     <span class='ocr_line' id='line_1_28' title="bbox 482 1524 2047 1595; baseline -0.001 -16"><span class='ocrx_word' id='word_1_201' title='bbox 482 1526 575 1580; x_wconf 86' lang='lat' dir='ltr'><strong>sed</strong></span> <span class='ocrx_word' id='word_1_202' title='bbox 605 1527 767 1581; x_wconf 90' lang='lat' dir='ltr'><strong>etiam</strong></span> <span class='ocrx_word' id='word_1_203' title='bbox 805 1525 1056 1582; x_wconf 84' lang='lat' dir='ltr'><strong>mulieres</strong></span> <span class='ocrx_word' id='word_1_204' title='bbox 1094 1540 1213 1595; x_wconf 67' lang='lat' dir='ltr'><strong>quae</strong></span> <span class='ocrx_word' id='word_1_205' title='bbox 1238 1524 1706 1589; x_wconf 73' lang='lat' dir='ltr'><strong>vaticinabantur;</strong></span> <span class='ocrx_word' id='word_1_206' title='bbox 1745 1539 1850 1579; x_wconf 90' lang='lat' dir='ltr'><strong>non</strong></span> <span class='ocrx_word' id='word_1_207' title='bbox 1902 1524 2047 1579; x_wconf 90' lang='lat' dir='ltr'><strong>enim</strong></span> 
     </span>
    </p>
   </div>
   <div class='ocr_carea' id='block_1_29' title="bbox 2187 1515 3736 1604">
    <p class='ocr_par' dir='ltr' id='par_1_29' title="bbox 2189 1515 3736 1604">
     <span class='ocr_line' id='line_1_29' title="bbox 2189 1515 3736 1604; baseline -0.012 -18"><span class='ocrx_word' id='word_1_208' title='bbox 2189 1516 2311 1604; x_wconf 63' lang='grc' dir='ltr'>άβιν</span> <span class='ocrx_word' id='word_1_209' title='bbox 2342 1528 2548 1599; x_wconf 82' lang='grc' dir='ltr'>ταύτην</span> <span class='ocrx_word' id='word_1_210' title='bbox 2582 1524 2676 1579; x_wconf 79' lang='grc' dir='ltr'><strong>τοῦ</strong></span> <span class='ocrx_word' id='word_1_211' title='bbox 2720 1523 2877 1593; x_wconf 80' lang='grc' dir='ltr'>ἁγίου</span> <span class='ocrx_word' id='word_1_212' title='bbox 2927 1520 3247 1592; x_wconf 83' lang='grc' dir='ltr'>Πνεύματος</span> <span class='ocrx_word' id='word_1_213' title='bbox 3292 1515 3475 1590; x_wconf 58' lang='grc' dir='ltr'><strong>εἶχον</strong></span> <span class='ocrx_word' id='word_1_214' title='bbox 3526 1517 3621 1569; x_wconf 75' lang='grc' dir='ltr'>καὶ</span> <span class='ocrx_word' id='word_1_215' title='bbox 3672 1517 3736 1569; x_wconf 84' lang='grc' dir='ltr'><strong>ού</strong></span> 
     </span>
    </p>
   </div>
   <div class='ocr_carea' id='block_1_30' title="bbox 486 1608 2087 1696">
    <p class='ocr_par' dir='ltr' id='par_1_30' title="bbox 486 1614 2054 1687">
     <span class='ocr_line' id='line_1_30' title="bbox 486 1614 2054 1687; baseline -0.002 -17"><span class='ocrx_word' id='word_1_216' title='bbox 486 1616 682 1687; x_wconf 77' lang='lat' dir='ltr'><strong>refugit</strong></span> <span class='ocrx_word' id='word_1_217' title='bbox 710 1632 883 1686; x_wconf 89' lang='lat' dir='ltr'><strong>neque</strong></span> <span class='ocrx_word' id='word_1_218' title='bbox 915 1618 1258 1672; x_wconf 89' lang='lat' dir='ltr'><strong>abominatur</strong></span> <span class='ocrx_word' id='word_1_219' title='bbox 1289 1616 1525 1687; x_wconf 85' lang='lat' dir='ltr'><strong>Spiritus</strong></span> <span class='ocrx_word' id='word_1_220' title='bbox 1560 1624 1785 1671; x_wconf 89' lang='lat' dir='ltr'><strong>sanctus</strong></span> <span class='ocrx_word' id='word_1_221' title='bbox 1822 1614 2054 1671; x_wconf 48' lang='lat' dir='ltr'><strong>societa.</strong></span> 
     </span>
    </p>
   </div>
   <div class='ocr_carea' id='block_1_31' title="bbox 2187 1608 3737 1696">
    <p class='ocr_par' dir='ltr' id='par_1_31' title="bbox 2187 1608 3737 1691">
     <span class='ocr_line' id='line_1_31' title="bbox 2187 1608 3737 1691; baseline -0.01 -14"><span class='ocrx_word' id='word_1_222' title='bbox 2187 1623 2317 1677; x_wconf 84' lang='grc' dir='ltr'>ιόνον</span> <span class='ocrx_word' id='word_1_223' title='bbox 2353 1620 2567 1691; x_wconf 79' lang='grc' dir='ltr'>ἄνδρες,</span> <span class='ocrx_word' id='word_1_224' title='bbox 2593 1616 2728 1670; x_wconf 75' lang='grc' dir='ltr'>ἀλλὰ</span> <span class='ocrx_word' id='word_1_225' title='bbox 2759 1616 2851 1668; x_wconf 74' lang='grc' dir='ltr'>καὶ</span> <span class='ocrx_word' id='word_1_226' title='bbox 2882 1615 3137 1683; x_wconf 87' lang='grc' dir='ltr'>γυναῖκες</span> <span class='ocrx_word' id='word_1_227' title='bbox 3165 1608 3625 1684; x_wconf 79' lang='grc' dir='ltr'>προφητεύουσαι.</span> <span class='ocrx_word' id='word_1_228' title='bbox 3659 1609 3737 1662; x_wconf 85' lang='grc' dir='ltr'>Ού</span> 
     </span>
    </p>
   </div>
   <div class='ocr_carea' id='block_1_32' title="bbox 485 1686 2087 1785">
    <p class='ocr_par' dir='ltr' id='par_1_32' title="bbox 485 1686 2056 1779">
     <span class='ocr_line' id='line_1_32' title="bbox 485 1686 2056 1779; baseline -0.002 -17"><span class='ocrx_word' id='word_1_229' title='bbox 485 1718 592 1762; x_wconf 86' lang='lat' dir='ltr'><strong>tem</strong></span> <span class='ocrx_word' id='word_1_230' title='bbox 618 1686 912 1764; x_wconf 83' lang='lat' dir='ltr'><strong>venerandi</strong></span> <span class='ocrx_word' id='word_1_231' title='bbox 966 1708 1224 1779; x_wconf 85' lang='lat' dir='ltr'><strong>conjugii.</strong></span> <span class='ocrx_word' id='word_1_232' title='bbox 1274 1708 1431 1764; x_wconf 85' lang='lat' dir='ltr'><strong>Unde</strong></span> <span class='ocrx_word' id='word_1_233' title='bbox 1466 1707 1708 1777; x_wconf 84' lang='lat' dir='ltr'><strong>plerique</strong></span> <span class='ocrx_word' id='word_1_234' title='bbox 1745 1721 1931 1762; x_wconf 89' lang='lat' dir='ltr'><strong>eorum</strong></span> <span class='ocrx_word' id='word_1_235' title='bbox 1965 1708 2056 1776; x_wconf 85' lang='lat' dir='ltr'><strong>qui</strong></span> 
     </span>
    </p>
   </div>
   <div class='ocr_carea' id='block_1_33' title="bbox 2187 1686 3740 1785">
    <p class='ocr_par' dir='ltr' id='par_1_33' title="bbox 2187 1686 3740 1785">
     <span class='ocr_line' id='line_1_33' title="bbox 2187 1686 3740 1785; baseline -0.01 -19"><span class='ocrx_word' id='word_1_236' title='bbox 2187 1713 2266 1785; x_wconf 84' lang='grc' dir='ltr'><strong>’ὰρ</strong></span> <span class='ocrx_word' id='word_1_237' title='bbox 2313 1686 2585 1780; x_wconf 77' lang='grc' dir='ltr'>ἀναχωρεῖ</span> <span class='ocrx_word' id='word_1_238' title='bbox 2627 1706 2748 1761; x_wconf 81' lang='grc' dir='ltr'><strong>ούδέ</strong></span> <span class='ocrx_word' id='word_1_239' title='bbox 2799 1703 3145 1775; x_wconf 79' lang='grc' dir='ltr'>βδελύττεται</span> <span class='ocrx_word' id='word_1_240' title='bbox 3193 1702 3254 1755; x_wconf 81' lang='grc' dir='ltr'>τὸ</span> <span class='ocrx_word' id='word_1_241' title='bbox 3310 1702 3462 1770; x_wconf 77' lang='grc' dir='ltr'>ἅγιον</span> <span class='ocrx_word' id='word_1_242' title='bbox 3509 1700 3740 1770; x_wconf 71' lang='grc' dir='ltr'>Πνεῦμα</span> 
     </span>
    </p>
   </div>
   <div class='ocr_carea' id='block_1_34' title="bbox 487 1790 2087 1876">
    <p class='ocr_par' dir='ltr' id='par_1_34' title="bbox 487 1795 2059 1869">
     <span class='ocr_line' id='line_1_34' title="bbox 487 1795 2059 1869; baseline -0.002 -16"><span class='ocrx_word' id='word_1_243' title='bbox 487 1813 828 1853; x_wconf 88' lang='lat' dir='ltr'><strong>communem</strong></span> <span class='ocrx_word' id='word_1_244' title='bbox 869 1799 1031 1853; x_wconf 88' lang='lat' dir='ltr'><strong>vitam</strong></span> <span class='ocrx_word' id='word_1_245' title='bbox 1080 1799 1311 1869; x_wconf 89' lang='lat' dir='ltr'><strong>degunt,</strong></span> <span class='ocrx_word' id='word_1_246' title='bbox 1355 1796 1581 1852; x_wconf 75' lang='lat' dir='ltr'><strong>eifectus</strong></span> <span class='ocrx_word' id='word_1_247' title='bbox 1622 1796 1887 1867; x_wconf 79' lang='lat' dir='ltr'><strong>ejusmodi</strong></span> <span class='ocrx_word' id='word_1_248' title='bbox 1934 1795 2059 1864; x_wconf 86' lang='lat' dir='ltr'><strong>Spi-</strong></span> 
     </span>
    </p>
   </div>
   <div class='ocr_carea' id='block_1_35' title="bbox 2187 1790 3744 1876">
    <p class='ocr_par' dir='ltr' id='par_1_35' title="bbox 2187 1790 3744 1876">
     <span class='ocr_line' id='line_1_35' title="bbox 2187 1790 3744 1876; baseline -0.006 -24"><span class='ocrx_word' id='word_1_249' title='bbox 2187 1804 2257 1876; x_wconf 78' lang='grc' dir='ltr'><strong>τὴν</strong></span> <span class='ocrx_word' id='word_1_250' title='bbox 2292 1800 2573 1856; x_wconf 82' lang='grc' dir='ltr'>κοινωνίαν</span> <span class='ocrx_word' id='word_1_251' title='bbox 2609 1797 2702 1852; x_wconf 77' lang='grc' dir='ltr'>τοῦ</span> <span class='ocrx_word' id='word_1_252' title='bbox 2735 1796 2918 1867; x_wconf 85' lang='grc' dir='ltr'>τιμίου</span> <span class='ocrx_word' id='word_1_253' title='bbox 2962 1794 3165 1865; x_wconf 89' lang='grc' dir='ltr'>γάμου.</span> <span class='ocrx_word' id='word_1_254' title='bbox 3198 1792 3363 1849; x_wconf 86' lang='grc' dir='ltr'>Ὅθεν</span> <span class='ocrx_word' id='word_1_255' title='bbox 3420 1792 3516 1844; x_wconf 75' lang='grc' dir='ltr'>καὶ</span> <span class='ocrx_word' id='word_1_256' title='bbox 3555 1790 3744 1843; x_wconf 75' lang='grc' dir='ltr'>πολλοὶ</span> 
     </span>
    </p>
   </div>
   <div class='ocr_carea' id='block_1_36' title="bbox 488 1882 2087 1964">
    <p class='ocr_par' dir='ltr' id='par_1_36' title="bbox 488 1888 2061 1960">
     <span class='ocr_line' id='line_1_36' title="bbox 488 1888 2061 1960; baseline -0.002 -17"><span class='ocrx_word' id='word_1_257' title='bbox 488 1892 622 1945; x_wconf 89' lang='lat' dir='ltr'><strong>ritus</strong></span> <span class='ocrx_word' id='word_1_258' title='bbox 649 1891 822 1945; x_wconf 84' lang='lat' dir='ltr'><strong>sancti</strong></span> <span class='ocrx_word' id='word_1_259' title='bbox 856 1890 1042 1960; x_wconf 77' lang='lat' dir='ltr'><strong>gratia:</strong></span> <span class='ocrx_word' id='word_1_260' title='bbox 1079 1889 1347 1954; x_wconf 88' lang='lat' dir='ltr'><strong>sentiunt;</strong></span> <span class='ocrx_word' id='word_1_261' title='bbox 1385 1889 1481 1955; x_wconf 90' lang='lat' dir='ltr'><strong>illi,</strong></span> <span class='ocrx_word' id='word_1_262' title='bbox 1518 1889 1757 1957; x_wconf 76' lang='lat' dir='ltr'><strong>inquam,</strong></span> <span class='ocrx_word' id='word_1_263' title='bbox 1781 1888 1872 1956; x_wconf 92' lang='lat' dir='ltr'><strong>qui</strong></span> <span class='ocrx_word' id='word_1_264' title='bbox 1902 1901 2061 1941; x_wconf 89' lang='lat' dir='ltr'><strong>sacro</strong></span> 
     </span>
    </p>
   </div>
   <div class='ocr_carea' id='block_1_37' title="bbox 2187 1882 3745 1964">
    <p class='ocr_par' dir='ltr' id='par_1_37' title="bbox 2187 1882 3745 1964">
     <span class='ocr_line' id='line_1_37' title="bbox 2187 1882 3745 1964; baseline -0.01 -15"><span class='ocrx_word' id='word_1_265' title='bbox 2187 1896 2267 1949; x_wconf 66' lang='grc' dir='ltr'>ὢν</span> <span class='ocrx_word' id='word_1_266' title='bbox 2298 1897 2355 1948; x_wconf 90' lang='grc' dir='ltr'><strong>ἐν</strong></span> <span class='ocrx_word' id='word_1_267' title='bbox 2386 1894 2578 1964; x_wconf 86' lang='grc' dir='ltr'>κόσμῳ</span> <span class='ocrx_word' id='word_1_268' title='bbox 2615 1890 2915 1961; x_wconf 80' lang='grc' dir='ltr'>πάσχουσιν</span> <span class='ocrx_word' id='word_1_269' title='bbox 2945 1887 3295 1958; x_wconf 77' lang='grc' dir='ltr'>ἐνεργήματα</span> <span class='ocrx_word' id='word_1_270' title='bbox 3336 1884 3436 1954; x_wconf 79' lang='grc' dir='ltr'>τῆς</span> <span class='ocrx_word' id='word_1_271' title='bbox 3479 1882 3745 1952; x_wconf 80' lang='grc' dir='ltr'>τοιαύτης</span> 
     </span>
    </p>
   </div>
   <div class='ocr_carea' id='block_1_38' title="bbox 488 1974 2087 2057">
    <p class='ocr_par' dir='ltr' id='par_1_38' title="bbox 488 1978 2053 2050">
     <span class='ocr_line' id='line_1_38' title="bbox 488 1978 2053 2050; baseline -0.003 -14"><span class='ocrx_word' id='word_1_272' title='bbox 488 1981 640 2036; x_wconf 87' lang='lat' dir='ltr'><strong>altari</strong></span> <span class='ocrx_word' id='word_1_273' title='bbox 672 1982 953 2046; x_wconf 82' lang='lat' dir='ltr'><strong>assistunt,</strong></span> <span class='ocrx_word' id='word_1_274' title='bbox 977 1990 1032 2034; x_wconf 91' lang='lat' dir='ltr'><strong>et</strong></span> <span class='ocrx_word' id='word_1_275' title='bbox 1052 1982 1142 2050; x_wconf 83' lang='lat' dir='ltr'><strong>qui</strong></span> <span class='ocrx_word' id='word_1_276' title='bbox 1184 1980 1446 2034; x_wconf 87' lang='lat' dir='ltr'><strong>accedunt</strong></span> <span class='ocrx_word' id='word_1_277' title='bbox 1477 1978 1543 2033; x_wconf 86' lang='lat' dir='ltr'><strong>ad</strong></span> <span class='ocrx_word' id='word_1_278' title='bbox 1568 1978 1769 2034; x_wconf 82' lang='lat' dir='ltr'><strong>Christi</strong></span> <span class='ocrx_word' id='word_1_279' title='bbox 1797 1978 2053 2050; x_wconf 82' lang='lat' dir='ltr'><strong>mysteria</strong></span> 
     </span>
    </p>
   </div>
   <div class='ocr_carea' id='block_1_39' title="bbox 2187 1974 3744 2057">
    <p class='ocr_par' dir='ltr' id='par_1_39' title="bbox 2187 1974 3744 2057">
     <span class='ocr_line' id='line_1_39' title="bbox 2187 1974 3744 2057; baseline -0.009 -18"><span class='ocrx_word' id='word_1_280' title='bbox 2187 1986 2382 2057; x_wconf 66' lang='grc' dir='ltr'>ίάριτος</span> <span class='ocrx_word' id='word_1_281' title='bbox 2427 1983 2520 2036; x_wconf 81' lang='grc' dir='ltr'><strong>τοῦ</strong></span> <span class='ocrx_word' id='word_1_282' title='bbox 2555 1980 2710 2050; x_wconf 82' lang='grc' dir='ltr'>ἁγίου</span> <span class='ocrx_word' id='word_1_283' title='bbox 2759 1975 3110 2050; x_wconf 61' lang='grc' dir='ltr'>Πνεύματοςῖ</span> <span class='ocrx_word' id='word_1_284' title='bbox 3151 1978 3291 2046; x_wconf 73' lang='grc' dir='ltr'>φημὶ</span> <span class='ocrx_word' id='word_1_285' title='bbox 3349 1975 3412 2046; x_wconf 87' lang='grc' dir='ltr'>δὴ</span> <span class='ocrx_word' id='word_1_286' title='bbox 3461 1975 3516 2027; x_wconf 85' lang='grc' dir='ltr'>οῖ</span> <span class='ocrx_word' id='word_1_287' title='bbox 3554 1991 3616 2027; x_wconf 89' lang='grc' dir='ltr'><strong>τε</strong></span> <span class='ocrx_word' id='word_1_288' title='bbox 3665 1974 3744 2042; x_wconf 82' lang='grc' dir='ltr'><strong>τῷ</strong></span> 
     </span>
    </p>
   </div>
   <div class='ocr_carea' id='block_1_40' title="bbox 488 2064 2087 2145">
    <p class='ocr_par' dir='ltr' id='par_1_40' title="bbox 488 2068 2060 2141">
     <span class='ocr_line' id='line_1_40' title="bbox 488 2068 2060 2141; baseline -0.003 -15"><span class='ocrx_word' id='word_1_289' title='bbox 488 2072 871 2141; x_wconf 84' lang='lat' dir='ltr'><strong>percipienda;</strong></span> <span class='ocrx_word' id='word_1_290' title='bbox 921 2087 1042 2125; x_wconf 90' lang='lat' dir='ltr'><strong>nam</strong></span> <span class='ocrx_word' id='word_1_291' title='bbox 1081 2082 1300 2140; x_wconf 85' lang='lat' dir='ltr'><strong>repente</strong></span> <span class='ocrx_word' id='word_1_292' title='bbox 1325 2086 1356 2125; x_wconf 89' lang='lat' dir='ltr'><strong>e</strong></span> <span class='ocrx_word' id='word_1_293' title='bbox 1394 2070 1617 2140; x_wconf 80' lang='lat' dir='ltr'><strong>vestigio</strong></span> <span class='ocrx_word' id='word_1_294' title='bbox 1650 2069 1940 2140; x_wconf 84' lang='lat' dir='ltr'><strong>implentur</strong></span> <span class='ocrx_word' id='word_1_295' title='bbox 1987 2068 2060 2121; x_wconf 60' lang='lat' dir='ltr'><strong>la.</strong></span> 
     </span>
    </p>
   </div>
   <div class='ocr_carea' id='block_1_41' title="bbox 2187 2064 3744 2145">
    <p class='ocr_par' dir='ltr' id='par_1_41' title="bbox 2187 2064 3744 2145">
     <span class='ocr_line' id='line_1_41' title="bbox 2187 2064 3744 2145; baseline -0.006 -20"><span class='ocrx_word' id='word_1_296' title='bbox 2187 2074 2529 2145; x_wconf 61' lang='lat' dir='ltr'><strong>luctampitp</strong></span> <span class='ocrx_word' id='word_1_297' title='bbox 2552 2071 2981 2143; x_wconf 78' lang='grc' dir='ltr'>παριστάμενοι,</span> <span class='ocrx_word' id='word_1_298' title='bbox 3027 2069 3081 2121; x_wconf 76' lang='grc' dir='ltr'><strong>οἵ</strong></span> <span class='ocrx_word' id='word_1_299' title='bbox 3114 2085 3173 2121; x_wconf 88' lang='grc' dir='ltr'><strong>τε</strong></span> <span class='ocrx_word' id='word_1_300' title='bbox 3207 2067 3315 2120; x_wconf 81' lang='grc' dir='ltr'><strong>τῶν</strong></span> <span class='ocrx_word' id='word_1_301' title='bbox 3361 2066 3455 2118; x_wconf 77' lang='grc' dir='ltr'><strong>τοῦ</strong></span> <span class='ocrx_word' id='word_1_302' title='bbox 3503 2064 3744 2136; x_wconf 76' lang='grc' dir='ltr'>Χριστοῦ</span> 
     </span>
    </p>
   </div>
   <div class='ocr_carea' id='block_1_42' title="bbox 490 2158 2061 2233">
    <p class='ocr_par' dir='ltr' id='par_1_42' title="bbox 490 2158 2061 2233">
     <span class='ocr_line' id='line_1_42' title="bbox 490 2158 2061 2233; baseline -0.002 -17"><span class='ocrx_word' id='word_1_303' title='bbox 490 2160 693 2233; x_wconf 57' lang='lat' dir='ltr'><strong>crymis</strong></span> <span class='ocrx_word' id='word_1_304' title='bbox 725 2170 779 2216; x_wconf 92' lang='lat' dir='ltr'><strong>et</strong></span> <span class='ocrx_word' id='word_1_305' title='bbox 815 2160 1011 2232; x_wconf 81' lang='lat' dir='ltr'><strong>gaudio</strong></span> <span class='ocrx_word' id='word_1_306' title='bbox 1033 2168 1089 2214; x_wconf 91' lang='lat' dir='ltr'><strong>et</strong></span> <span class='ocrx_word' id='word_1_307' title='bbox 1112 2158 1318 2214; x_wconf 70' lang='lat' dir='ltr'><strong>laetitia.</strong></span> <span class='ocrx_word' id='word_1_308' title='bbox 1346 2158 1499 2215; x_wconf 85' lang='lat' dir='ltr'><strong>Unde</strong></span> <span class='ocrx_word' id='word_1_309' title='bbox 1529 2168 1867 2230; x_wconf 88' lang='lat' dir='ltr'><strong>compertum</strong></span> <span class='ocrx_word' id='word_1_310' title='bbox 1898 2159 2061 2213; x_wconf 82' lang='lat' dir='ltr'><strong>habet</strong></span> 
     </span>
    </p>
   </div>
   <div class='ocr_carea' id='block_1_43' title="bbox 491 2250 2062 2321">
    <p class='ocr_par' dir='ltr' id='par_1_43' title="bbox 491 2250 2062 2321">
     <span class='ocr_line' id='line_1_43' title="bbox 491 2250 2062 2321; baseline -0.003 -13"><span class='ocrx_word' id='word_1_311' title='bbox 491 2252 859 2317; x_wconf 86' lang='lat' dir='ltr'><strong>Christianus,</strong></span> <span class='ocrx_word' id='word_1_312' title='bbox 904 2251 1044 2321; x_wconf 90' lang='lat' dir='ltr'><strong>quod</strong></span> <span class='ocrx_word' id='word_1_313' title='bbox 1086 2265 1189 2305; x_wconf 90' lang='lat' dir='ltr'><strong>non</strong></span> <span class='ocrx_word' id='word_1_314' title='bbox 1229 2251 1525 2320; x_wconf 86' lang='lat' dir='ltr'><strong>simplicem</strong></span> <span class='ocrx_word' id='word_1_315' title='bbox 1565 2265 1759 2321; x_wconf 86' lang='lat' dir='ltr'><strong>panem</strong></span> <span class='ocrx_word' id='word_1_316' title='bbox 1791 2259 1847 2305; x_wconf 88' lang='lat' dir='ltr'><strong>et</strong></span> <span class='ocrx_word' id='word_1_317' title='bbox 1878 2250 2062 2304; x_wconf 87' lang='lat' dir='ltr'><strong>vinum</strong></span> 
     </span>
    </p>
   </div>
   <div class='ocr_carea' id='block_1_44' title="bbox 496 2341 2061 2412">
    <p class='ocr_par' dir='ltr' id='par_1_44' title="bbox 496 2341 2061 2412">
     <span class='ocr_line' id='line_1_44' title="bbox 496 2341 2061 2412; baseline -0.002 -14"><span class='ocrx_word' id='word_1_318' title='bbox 496 2354 725 2409; x_wconf 87' lang='lat' dir='ltr'><strong>tantum,</strong></span> <span class='ocrx_word' id='word_1_319' title='bbox 755 2343 849 2398; x_wconf 88' lang='lat' dir='ltr'><strong>sed</strong></span> <span class='ocrx_word' id='word_1_320' title='bbox 901 2358 1027 2397; x_wconf 78' lang='lat' dir='ltr'><strong>vere</strong></span> <span class='ocrx_word' id='word_1_321' title='bbox 1062 2357 1259 2412; x_wconf 89' lang='lat' dir='ltr'><strong>corpus</strong></span> <span class='ocrx_word' id='word_1_322' title='bbox 1307 2354 1360 2395; x_wconf 88' lang='lat' dir='ltr'><strong>et</strong></span> <span class='ocrx_word' id='word_1_323' title='bbox 1406 2344 1722 2410; x_wconf 84' lang='lat' dir='ltr'><strong>sanguinem</strong></span> <span class='ocrx_word' id='word_1_324' title='bbox 1764 2341 1890 2397; x_wconf 87' lang='lat' dir='ltr'><strong>Filii</strong></span> <span class='ocrx_word' id='word_1_325' title='bbox 1940 2342 2061 2407; x_wconf 89' lang='lat' dir='ltr'><strong>Dei,</strong></span> 
     </span>
    </p>
   </div>
   <div class='ocr_carea' id='block_1_45' title="bbox 497 2430 2064 2508">
    <p class='ocr_par' dir='ltr' id='par_1_45' title="bbox 497 2430 2064 2508">
     <span class='ocr_line' id='line_1_45' title="bbox 497 2430 2064 2508; baseline -0.004 -17"><span class='ocrx_word' id='word_1_326' title='bbox 497 2435 699 2508; x_wconf 85' lang='lat' dir='ltr'><strong>Spiritu</strong></span> <span class='ocrx_word' id='word_1_327' title='bbox 742 2446 928 2490; x_wconf 86' lang='lat' dir='ltr'><strong>sancto</strong></span> <span class='ocrx_word' id='word_1_328' title='bbox 979 2434 1396 2498; x_wconf 84' lang='lat' dir='ltr'><strong>sanctiﬁcatum,</strong></span> <span class='ocrx_word' id='word_1_329' title='bbox 1446 2432 1725 2501; x_wconf 88' lang='lat' dir='ltr'><strong>percipiat.</strong></span> <span class='ocrx_word' id='word_1_330' title='bbox 1774 2430 1887 2486; x_wconf 83' lang='lat' dir='ltr'><strong>Non</strong></span> <span class='ocrx_word' id='word_1_331' title='bbox 1921 2431 2064 2485; x_wconf 89' lang='lat' dir='ltr'><strong>enim</strong></span> 
     </span>
    </p>
   </div>
   <div class='ocr_carea' id='block_1_46' title="bbox 492 2523 2066 2596">
    <p class='ocr_par' dir='ltr' id='par_1_46' title="bbox 492 2523 2066 2596">
     <span class='ocr_line' id='line_1_46' title="bbox 492 2523 2066 2596; baseline -0.006 -12"><span class='ocrx_word' id='word_1_332' title='bbox 492 2530 756 2584; x_wconf 87' lang='lat' dir='ltr'><strong>sentimus</strong></span> <span class='ocrx_word' id='word_1_333' title='bbox 795 2541 1029 2596; x_wconf 82' lang='lat' dir='ltr'><strong>unquam</strong></span> <span class='ocrx_word' id='word_1_334' title='bbox 1082 2525 1283 2595; x_wconf 82' lang='lat' dir='ltr'><strong>aliquid</strong></span> <span class='ocrx_word' id='word_1_335' title='bbox 1325 2524 1581 2589; x_wconf 29' lang='lat' dir='ltr'><strong>tale,.aut</strong></span> <span class='ocrx_word' id='word_1_336' title='bbox 1627 2523 1892 2591; x_wconf 83' lang='lat' dir='ltr'><strong>ejusmodi</strong></span> <span class='ocrx_word' id='word_1_337' title='bbox 1941 2537 2066 2592; x_wconf 84' lang='lat' dir='ltr'><strong>gra-</strong></span> 
     </span>
    </p>
   </div>
   <div class='ocr_carea' id='block_1_47' title="bbox 497 2618 2067 2690">
    <p class='ocr_par' dir='ltr' id='par_1_47' title="bbox 497 2618 2067 2690">
     <span class='ocr_line' id='line_1_47' title="bbox 497 2618 2067 2690; baseline -0.004 -16"><span class='ocrx_word' id='word_1_338' title='bbox 497 2620 628 2675; x_wconf 83' lang='lat' dir='ltr'><strong>tiam</strong></span> <span class='ocrx_word' id='word_1_339' title='bbox 653 2630 709 2675; x_wconf 91' lang='lat' dir='ltr'><strong>et</strong></span> <span class='ocrx_word' id='word_1_340' title='bbox 736 2621 1125 2690; x_wconf 86' lang='lat' dir='ltr'><strong>operationem,</strong></span> <span class='ocrx_word' id='word_1_341' title='bbox 1160 2628 1252 2671; x_wconf 88' lang='lat' dir='ltr'><strong>aut</strong></span> <span class='ocrx_word' id='word_1_342' title='bbox 1290 2618 1609 2671; x_wconf 80' lang='lat' dir='ltr'><strong>suavitatem</strong></span> <span class='ocrx_word' id='word_1_343' title='bbox 1628 2657 1642 2682; x_wconf 93' lang='lat'><strong>,</strong></span> <span class='ocrx_word' id='word_1_344' title='bbox 1688 2621 1782 2669; x_wconf 86' lang='lat' dir='ltr'><strong>aut</strong></span> <span class='ocrx_word' id='word_1_345' title='bbox 1811 2630 2067 2685; x_wconf 83' lang='lat' dir='ltr'><strong>compun-</strong></span> 
     </span>
    </p>
   </div>
   <div class='ocr_carea' id='block_1_48' title="bbox 498 2705 2067 2779">
    <p class='ocr_par' dir='ltr' id='par_1_48' title="bbox 498 2705 2067 2779">
     <span class='ocr_line' id='line_1_48' title="bbox 498 2705 2067 2779; baseline -0.005 -14"><span class='ocrx_word' id='word_1_346' title='bbox 498 2711 768 2773; x_wconf 85' lang='lat' dir='ltr'><strong>ctionem,</strong></span> <span class='ocrx_word' id='word_1_347' title='bbox 812 2710 1025 2779; x_wconf 81' lang='lat' dir='ltr'><strong>quando</strong></span> <span class='ocrx_word' id='word_1_348' title='bbox 1077 2707 1377 2775; x_wconf 85' lang='lat' dir='ltr'><strong>simplicem</strong></span> <span class='ocrx_word' id='word_1_349' title='bbox 1431 2720 1622 2775; x_wconf 89' lang='lat' dir='ltr'><strong>panem</strong></span> <span class='ocrx_word' id='word_1_350' title='bbox 1662 2715 1718 2759; x_wconf 92' lang='lat' dir='ltr'><strong>et</strong></span> <span class='ocrx_word' id='word_1_351' title='bbox 1767 2705 1948 2758; x_wconf 88' lang='lat' dir='ltr'><strong>viuum</strong></span> <span class='ocrx_word' id='word_1_352' title='bbox 2014 2705 2067 2758; x_wconf 90' lang='lat' dir='ltr'><strong>in</strong></span> 
     </span>
    </p>
   </div>
   <div class='ocr_carea' id='block_1_49' title="bbox 2168 2159 3747 2241">
    <p class='ocr_par' dir='ltr' id='par_1_49' title="bbox 2168 2159 3747 2241">
     <span class='ocr_line' id='line_1_49' title="bbox 2168 2159 3747 2241; baseline -0.014 -16"><span class='ocrx_word' id='word_1_353' title='bbox 2168 2167 2480 2241; x_wconf 79' lang='grc' dir='ltr'>μυστηρίων</span> <span class='ocrx_word' id='word_1_354' title='bbox 2563 2164 2911 2237; x_wconf 58' lang='grc' dir='ltr'>μεταλαϐεῖν</span> <span class='ocrx_word' id='word_1_355' title='bbox 2962 2160 3425 2233; x_wconf 50' lang='grc' dir='ltr'>προσερχόμενον</span> <span class='ocrx_word' id='word_1_356' title='bbox 3484 2159 3747 2229; x_wconf 61' lang='grc' dir='ltr'>ἐξαίφνης</span> 
     </span>
    </p>
   </div>
   <div class='ocr_carea' id='block_1_50' title="bbox 2165 2247 3749 2331">
    <p class='ocr_par' dir='ltr' id='par_1_50' title="bbox 2165 2247 3749 2331">
     <span class='ocr_line' id='line_1_50' title="bbox 2165 2247 3749 2331; baseline -0.009 -18"><span class='ocrx_word' id='word_1_357' title='bbox 2165 2259 2275 2331; x_wconf 80' lang='grc' dir='ltr'><strong>γάρ</strong></span> <span class='ocrx_word' id='word_1_358' title='bbox 2306 2258 2556 2328; x_wconf 78' lang='grc' dir='ltr'>δακρύων</span> <span class='ocrx_word' id='word_1_359' title='bbox 2613 2256 2705 2309; x_wconf 78' lang='grc' dir='ltr'>καὶ</span> <span class='ocrx_word' id='word_1_360' title='bbox 2749 2255 2928 2327; x_wconf 76' lang='grc' dir='ltr'>χαρᾶς</span> <span class='ocrx_word' id='word_1_361' title='bbox 2968 2252 3063 2308; x_wconf 69' lang='grc' dir='ltr'>καὶ</span> <span class='ocrx_word' id='word_1_362' title='bbox 3100 2249 3440 2322; x_wconf 76' lang='grc' dir='ltr'>εὐφροσύνης</span> <span class='ocrx_word' id='word_1_363' title='bbox 3474 2247 3749 2319; x_wconf 67' lang='grc' dir='ltr'>πληροῦνς</span> 
     </span>
    </p>
   </div>
   <div class='ocr_carea' id='block_1_51' title="bbox 2165 2341 3749 2419">
    <p class='ocr_par' dir='ltr' id='par_1_51' title="bbox 2165 2341 3749 2419">
     <span class='ocr_line' id='line_1_51' title="bbox 2165 2341 3749 2419; baseline -0.008 -14"><span class='ocrx_word' id='word_1_364' title='bbox 2165 2369 2254 2405; x_wconf 88' lang='grc' dir='ltr'><strong>ται</strong></span> <span class='ocrx_word' id='word_1_365' title='bbox 2274 2368 2287 2382; x_wconf 65' lang='grc' dir='ltr'><strong>ε</strong></span> <span class='ocrx_word' id='word_1_366' title='bbox 2326 2350 2446 2404; x_wconf 83' lang='grc' dir='ltr'>ὅθεν</span> <span class='ocrx_word' id='word_1_367' title='bbox 2477 2349 2574 2403; x_wconf 74' lang='grc' dir='ltr'>καὶ</span> <span class='ocrx_word' id='word_1_368' title='bbox 2608 2348 3029 2419; x_wconf 79' lang='grc' dir='ltr'>πληροφορεῖται</span> <span class='ocrx_word' id='word_1_369' title='bbox 3063 2346 3091 2399; x_wconf 86' lang='grc' dir='ltr'><strong>ό</strong></span> <span class='ocrx_word' id='word_1_370' title='bbox 3126 2342 3466 2415; x_wconf 78' lang='grc' dir='ltr'>Χριστιανὸς,</span> <span class='ocrx_word' id='word_1_371' title='bbox 3504 2343 3567 2394; x_wconf 81' lang='grc' dir='ltr'>οὐ</span> <span class='ocrx_word' id='word_1_372' title='bbox 3591 2341 3749 2411; x_wconf 62' lang='grc' dir='ltr'>ψιλὸν</span> 
     </span>
    </p>
   </div>
   <div class='ocr_carea' id='block_1_52' title="bbox 2167 2433 3750 2515">
    <p class='ocr_par' dir='ltr' id='par_1_52' title="bbox 2167 2433 3750 2515">
     <span class='ocr_line' id='line_1_52' title="bbox 2167 2433 3750 2515; baseline -0.01 -17"><span class='ocrx_word' id='word_1_373' title='bbox 2167 2445 2331 2515; x_wconf 80' lang='grc' dir='ltr'>ἄρτον</span> <span class='ocrx_word' id='word_1_374' title='bbox 2370 2443 2464 2496; x_wconf 78' lang='grc' dir='ltr'>καὶ</span> <span class='ocrx_word' id='word_1_375' title='bbox 2514 2438 2660 2494; x_wconf 73' lang='grc' dir='ltr'>οἶνον</span> <span class='ocrx_word' id='word_1_376' title='bbox 2709 2437 3147 2510; x_wconf 82' lang='grc' dir='ltr'>μεταλαμϐάνειν</span> <span class='ocrx_word' id='word_1_377' title='bbox 3194 2434 3339 2502; x_wconf 84' lang='lat' dir='ltr'><strong>(ll),</strong></span> <span class='ocrx_word' id='word_1_378' title='bbox 3398 2433 3534 2486; x_wconf 80' lang='grc' dir='ltr'>ἀλλὰ</span> <span class='ocrx_word' id='word_1_379' title='bbox 3591 2433 3750 2502; x_wconf 77' lang='grc' dir='ltr'>σῶμα</span> 
     </span>
    </p>
   </div>
   <div class='ocr_carea' id='block_1_53' title="bbox 2169 2521 3750 2607">
    <p class='ocr_par' dir='ltr' id='par_1_53' title="bbox 2169 2521 3750 2607">
     <span class='ocr_line' id='line_1_53' title="bbox 2169 2521 3750 2607; baseline -0.009 -18"><span class='ocrx_word' id='word_1_380' title='bbox 2169 2534 2383 2607; x_wconf 83' lang='grc' dir='ltr'>άληθῶς</span> <span class='ocrx_word' id='word_1_381' title='bbox 2412 2534 2506 2587; x_wconf 71' lang='grc' dir='ltr'>καὶ</span> <span class='ocrx_word' id='word_1_382' title='bbox 2529 2527 2667 2593; x_wconf 73' lang='grc' dir='ltr'>αἷμα</span> <span class='ocrx_word' id='word_1_383' title='bbox 2694 2530 2788 2583; x_wconf 79' lang='grc' dir='ltr'><strong>τοῦ</strong></span> <span class='ocrx_word' id='word_1_384' title='bbox 2821 2528 2949 2582; x_wconf 78' lang='grc' dir='ltr'>Υἱοῦ</span> <span class='ocrx_word' id='word_1_385' title='bbox 2980 2527 3073 2581; x_wconf 77' lang='grc' dir='ltr'><strong>τοῦ</strong></span> <span class='ocrx_word' id='word_1_386' title='bbox 3104 2524 3262 2587; x_wconf 81' lang='grc' dir='ltr'>Θεοῦ,</span> <span class='ocrx_word' id='word_1_387' title='bbox 3294 2521 3576 2594; x_wconf 88' lang='grc' dir='ltr'>Πνεύματι</span> <span class='ocrx_word' id='word_1_388' title='bbox 3608 2523 3750 2591; x_wconf 66' lang='grc' dir='ltr'>ἁγίῳ</span> 
     </span>
    </p>
   </div>
   <div class='ocr_carea' id='block_1_54' title="bbox 2170 2612 3759 2697">
    <p class='ocr_par' dir='ltr' id='par_1_54' title="bbox 2170 2612 3759 2697">
     <span class='ocr_line' id='line_1_54' title="bbox 2170 2612 3759 2697; baseline -0.009 -18"><span class='ocrx_word' id='word_1_389' title='bbox 2170 2625 2520 2697; x_wconf 83' lang='grc' dir='ltr'>ἡγιασμένον.</span> <span class='ocrx_word' id='word_1_390' title='bbox 2549 2623 2623 2676; x_wconf 85' lang='grc' dir='ltr'><strong>Ού</strong></span> <span class='ocrx_word' id='word_1_391' title='bbox 2653 2622 2762 2692; x_wconf 83' lang='grc' dir='ltr'><strong>γάρ</strong></span> <span class='ocrx_word' id='word_1_392' title='bbox 2788 2619 3068 2690; x_wconf 79' lang='grc' dir='ltr'>πάσχομέν</span> <span class='ocrx_word' id='word_1_393' title='bbox 3097 2635 3150 2671; x_wconf 89' lang='grc' dir='ltr'><strong>τι</strong></span> <span class='ocrx_word' id='word_1_394' title='bbox 3172 2614 3412 2670; x_wconf 79' lang='grc' dir='ltr'>τοιοῦτον</span> <span class='ocrx_word' id='word_1_395' title='bbox 3438 2614 3470 2685; x_wconf 83' lang='grc' dir='ltr'>ἢ</span> <span class='ocrx_word' id='word_1_396' title='bbox 3496 2612 3759 2682; x_wconf 29' lang='grc' dir='ltr'>τοιαύτην,</span> 
     </span>
    </p>
   </div>
   <div class='ocr_carea' id='block_1_55' title="bbox 2172 2703 3753 2788">
    <p class='ocr_par' dir='ltr' id='par_1_55' title="bbox 2172 2703 3753 2788">
     <span class='ocr_line' id='line_1_55' title="bbox 2172 2703 3753 2788; baseline -0.009 -18"><span class='ocrx_word' id='word_1_397' title='bbox 2172 2717 2332 2788; x_wconf 85' lang='grc' dir='ltr'>χάριν</span> <span class='ocrx_word' id='word_1_398' title='bbox 2375 2715 2470 2768; x_wconf 77' lang='grc' dir='ltr'>καὶ</span> <span class='ocrx_word' id='word_1_399' title='bbox 2499 2711 2837 2785; x_wconf 87' lang='grc' dir='ltr'>ἐνέργειανῆ</span> <span class='ocrx_word' id='word_1_400' title='bbox 2884 2708 3198 2780; x_wconf 83' lang='grc' dir='ltr'>γλυκύτητα</span> <span class='ocrx_word' id='word_1_401' title='bbox 3233 2707 3267 2777; x_wconf 78' lang='grc' dir='ltr'>ἢ</span> <span class='ocrx_word' id='word_1_402' title='bbox 3307 2704 3599 2769; x_wconf 83' lang='grc' dir='ltr'>κατάνυξιν</span> <span class='ocrx_word' id='word_1_403' title='bbox 3640 2703 3753 2755; x_wconf 66' lang='grc' dir='ltr'><strong>πὼς</strong></span> 
     </span>
    </p>
   </div>
   <div class='ocr_carea' id='block_1_56' title="bbox 501 2790 2087 2870">
    <p class='ocr_par' dir='ltr' id='par_1_56' title="bbox 501 2793 2065 2864">
     <span class='ocr_line' id='line_1_56' title="bbox 501 2793 2065 2864; baseline -0.005 -10"><span class='ocrx_word' id='word_1_404' title='bbox 501 2816 682 2855; x_wconf 82' lang='lat' dir='ltr'><strong>nteusa</strong></span> <span class='ocrx_word' id='word_1_405' title='bbox 727 2810 908 2853; x_wconf 88' lang='lat' dir='ltr'><strong>nostra</strong></span> <span class='ocrx_word' id='word_1_406' title='bbox 941 2797 1275 2852; x_wconf 89' lang='lat' dir='ltr'><strong>comedimus</strong></span> <span class='ocrx_word' id='word_1_407' title='bbox 1312 2806 1367 2851; x_wconf 91' lang='lat' dir='ltr'><strong>et</strong></span> <span class='ocrx_word' id='word_1_408' title='bbox 1400 2797 1664 2861; x_wconf 88' lang='lat' dir='ltr'><strong>bibimus;</strong></span> <span class='ocrx_word' id='word_1_409' title='bbox 1701 2810 1755 2851; x_wconf 91' lang='lat' dir='ltr'><strong>et</strong></span> <span class='ocrx_word' id='word_1_410' title='bbox 1800 2793 1927 2850; x_wconf 80' lang='lat' dir='ltr'><strong>licet</strong></span> <span class='ocrx_word' id='word_1_411' title='bbox 1964 2810 2065 2864; x_wconf 82' lang='lat' dir='ltr'><strong>pu-</strong></span> 
     </span>
    </p>
   </div>
   <div class='ocr_carea' id='block_1_57' title="bbox 2187 2790 3754 2870">
    <p class='ocr_par' dir='ltr' id='par_1_57' title="bbox 2187 2790 3754 2870">
     <span class='ocr_line' id='line_1_57' title="bbox 2187 2790 3754 2870; baseline -0.01 -13"><span class='ocrx_word' id='word_1_412' title='bbox 2187 2821 2324 2866; x_wconf 85' lang='grc' dir='ltr'>ιτοτε,</span> <span class='ocrx_word' id='word_1_413' title='bbox 2354 2804 2481 2856; x_wconf 76' lang='grc' dir='ltr'>ὅταν</span> <span class='ocrx_word' id='word_1_414' title='bbox 2510 2802 2601 2854; x_wconf 82' lang='grc' dir='ltr'>τὸν</span> <span class='ocrx_word' id='word_1_415' title='bbox 2632 2799 2786 2870; x_wconf 74' lang='grc' dir='ltr'>ψιλὸν</span> <span class='ocrx_word' id='word_1_416' title='bbox 2835 2800 2999 2869; x_wconf 81' lang='grc' dir='ltr'>ἄρτον</span> <span class='ocrx_word' id='word_1_417' title='bbox 3042 2797 3137 2851; x_wconf 72' lang='grc' dir='ltr'>καὶ</span> <span class='ocrx_word' id='word_1_418' title='bbox 3179 2790 3319 2848; x_wconf 75' lang='grc' dir='ltr'>οἶνον</span> <span class='ocrx_word' id='word_1_419' title='bbox 3357 2794 3452 2846; x_wconf 68' lang='grc' dir='ltr'>ἐπὶ</span> <span class='ocrx_word' id='word_1_420' title='bbox 3481 2794 3581 2863; x_wconf 79' lang='grc' dir='ltr'>τῆς</span> <span class='ocrx_word' id='word_1_421' title='bbox 3622 2808 3754 2864; x_wconf 71' lang='grc' dir='ltr'>τρασ</span> 
     </span>
    </p>
   </div>
   <div class='ocr_carea' id='block_1_58' title="bbox 502 2883 2087 2964">
    <p class='ocr_par' dir='ltr' id='par_1_58' title="bbox 502 2887 2071 2961">
     <span class='ocr_line' id='line_1_58' title="bbox 502 2887 2071 2961; baseline -0.003 -14"><span class='ocrx_word' id='word_1_422' title='bbox 502 2892 615 2947; x_wconf 90' lang='lat' dir='ltr'><strong>rior</strong></span> <span class='ocrx_word' id='word_1_423' title='bbox 647 2891 718 2945; x_wconf 91' lang='lat' dir='ltr'><strong>sit</strong></span> <span class='ocrx_word' id='word_1_424' title='bbox 761 2891 849 2945; x_wconf 86' lang='lat' dir='ltr'><strong>hic</strong></span> <span class='ocrx_word' id='word_1_425' title='bbox 880 2889 1035 2961; x_wconf 86' lang='lat' dir='ltr'><strong>panis</strong></span> <span class='ocrx_word' id='word_1_426' title='bbox 1071 2887 1164 2943; x_wconf 89' lang='lat' dir='ltr'><strong>illo</strong></span> <span class='ocrx_word' id='word_1_427' title='bbox 1198 2902 1355 2957; x_wconf 87' lang='lat' dir='ltr'><strong>pane,</strong></span> <span class='ocrx_word' id='word_1_428' title='bbox 1382 2896 1439 2943; x_wconf 90' lang='lat' dir='ltr'><strong>et</strong></span> <span class='ocrx_word' id='word_1_429' title='bbox 1475 2887 1738 2942; x_wconf 89' lang='lat' dir='ltr'><strong>vetustius</strong></span> <span class='ocrx_word' id='word_1_430' title='bbox 1776 2902 1840 2940; x_wconf 90' lang='lat' dir='ltr'><strong>ac</strong></span> <span class='ocrx_word' id='word_1_431' title='bbox 1880 2888 2071 2942; x_wconf 86' lang='lat' dir='ltr'><strong>melius</strong></span> 
     </span>
    </p>
   </div>
   <div class='ocr_carea' id='block_1_59' title="bbox 2187 2883 3761 2964">
    <p class='ocr_par' dir='ltr' id='par_1_59' title="bbox 2187 2883 3761 2964">
     <span class='ocr_line' id='line_1_59' title="bbox 2187 2883 3761 2964; baseline -0.008 -17"><span class='ocrx_word' id='word_1_432' title='bbox 2187 2894 2345 2962; x_wconf 73' lang='grc' dir='ltr'>πέζης</span> <span class='ocrx_word' id='word_1_433' title='bbox 2397 2892 2552 2964; x_wconf 84' lang='grc' dir='ltr'>ἡμῶν</span> <span class='ocrx_word' id='word_1_434' title='bbox 2593 2890 2882 2961; x_wconf 86' lang='grc' dir='ltr'>ἐσθίωμεν,</span> <span class='ocrx_word' id='word_1_435' title='bbox 2934 2888 3039 2943; x_wconf 80' lang='grc' dir='ltr'>κᾶν</span> <span class='ocrx_word' id='word_1_436' title='bbox 3094 2885 3479 2958; x_wconf 80' lang='grc' dir='ltr'>καθαρώτερος</span> <span class='ocrx_word' id='word_1_437' title='bbox 3525 2883 3679 2936; x_wconf 77' lang='grc' dir='ltr'>ἔσται</span> <span class='ocrx_word' id='word_1_438' title='bbox 3727 2884 3761 2934; x_wconf 83' lang='grc' dir='ltr'><strong>ὀ</strong></span> 
     </span>
    </p>
   </div>
   <div class='ocr_carea' id='block_1_60' title="bbox 502 2973 2087 3070">
    <p class='ocr_par' dir='ltr' id='par_1_60' title="bbox 502 2976 2071 3052">
     <span class='ocr_line' id='line_1_60' title="bbox 502 2976 2071 3052; baseline -0.002 -18"><span class='ocrx_word' id='word_1_439' title='bbox 502 2984 722 3048; x_wconf 85' lang='lat' dir='ltr'><strong>viuum,</strong></span> <span class='ocrx_word' id='word_1_440' title='bbox 771 2981 894 3036; x_wconf 90' lang='lat' dir='ltr'><strong>vino</strong></span> <span class='ocrx_word' id='word_1_441' title='bbox 932 2980 1075 3052; x_wconf 83' lang='lat' dir='ltr'><strong>quod</strong></span> <span class='ocrx_word' id='word_1_442' title='bbox 1128 2980 1460 3051; x_wconf 85' lang='lat' dir='ltr'><strong>propositum</strong></span> <span class='ocrx_word' id='word_1_443' title='bbox 1508 2987 1565 3034; x_wconf 87' lang='lat' dir='ltr'><strong>et</strong></span> <span class='ocrx_word' id='word_1_444' title='bbox 1607 2976 1844 3034; x_wconf 88' lang='lat' dir='ltr'><strong>oblatum</strong></span> <span class='ocrx_word' id='word_1_445' title='bbox 1893 2986 1977 3033; x_wconf 90' lang='lat' dir='ltr'><strong>est</strong></span> <span class='ocrx_word' id='word_1_446' title='bbox 2018 2978 2071 3032; x_wconf 90' lang='lat' dir='ltr'><strong>in</strong></span> 
     </span>
    </p>
   </div>
   <div class='ocr_carea' id='block_1_61' title="bbox 2187 2973 3751 3070">
    <p class='ocr_par' dir='ltr' id='par_1_61' title="bbox 2187 2973 3751 3058">
     <span class='ocr_line' id='line_1_61' title="bbox 2187 2973 3751 3058; baseline -0.01 -18"><span class='ocrx_word' id='word_1_447' title='bbox 2187 2988 2338 3058; x_wconf 74' lang='grc' dir='ltr'>Ξρτος</span> <span class='ocrx_word' id='word_1_448' title='bbox 2380 2984 2475 3038; x_wconf 82' lang='grc' dir='ltr'>τοῦ</span> <span class='ocrx_word' id='word_1_449' title='bbox 2519 2983 2708 3055; x_wconf 80' lang='grc' dir='ltr'>ἄρτου,</span> <span class='ocrx_word' id='word_1_450' title='bbox 2754 2981 2849 3035; x_wconf 78' lang='grc' dir='ltr'>καὶ</span> <span class='ocrx_word' id='word_1_451' title='bbox 2899 2979 3257 3050; x_wconf 83' lang='grc' dir='ltr'>παλαιότερος</span> <span class='ocrx_word' id='word_1_452' title='bbox 3309 2977 3402 3029; x_wconf 75' lang='grc' dir='ltr'>καὶ</span> <span class='ocrx_word' id='word_1_453' title='bbox 3453 2974 3680 3045; x_wconf 85' lang='grc' dir='ltr'>βελτίων</span> <span class='ocrx_word' id='word_1_454' title='bbox 3721 2973 3751 3023; x_wconf 86' lang='grc' dir='ltr'><strong>ό</strong></span> 
     </span>
    </p>
   </div>
   <div class='ocr_carea' id='block_1_62' title="bbox 503 3068 3751 3142">
    <p class='ocr_par' dir='ltr' id='par_1_62' title="bbox 503 3068 3751 3142">
     <span class='ocr_line' id='line_1_62' title="bbox 503 3068 3751 3142; baseline -0.006 -4"><span class='ocrx_word' id='word_1_455' title='bbox 503 3072 687 3131; x_wconf 62' lang='grc' dir='ltr'>διιθΐίο</span> <span class='ocrx_word' id='word_1_456' title='bbox 2116 3068 2129 3070; x_wconf 42' lang='grc'>⁷</span> <span class='ocrx_word' id='word_1_457' title='bbox 2177 3073 2317 3141; x_wconf 83' lang='grc' dir='ltr'>οῐνος</span> <span class='ocrx_word' id='word_1_458' title='bbox 2351 3075 2446 3130; x_wconf 79' lang='grc' dir='ltr'>τοῦ</span> <span class='ocrx_word' id='word_1_459' title='bbox 2484 3074 2628 3129; x_wconf 84' lang='grc' dir='ltr'>οίνου</span> <span class='ocrx_word' id='word_1_460' title='bbox 2666 3071 2761 3127; x_wconf 81' lang='grc' dir='ltr'>τοῦ</span> <span class='ocrx_word' id='word_1_461' title='bbox 2801 3074 2858 3126; x_wconf 90' lang='grc' dir='ltr'><strong>ἐν</strong></span> <span class='ocrx_word' id='word_1_462' title='bbox 2898 3071 2977 3142; x_wconf 84' lang='grc' dir='ltr'>τῷ</span> <span class='ocrx_word' id='word_1_463' title='bbox 3025 3068 3397 3139; x_wconf 85' lang='grc' dir='ltr'>θυσιαστηρίῳ</span> <span class='ocrx_word' id='word_1_464' title='bbox 3444 3081 3751 3137; x_wconf 76' lang='grc' dir='ltr'>προσφεροο</span> 
     </span>
    </p>
   </div>
   <div class='ocr_carea' id='block_1_63' title="bbox 2225 3186 2367 3225">
    <p class='ocr_par' dir='ltr' id='par_1_63' title="bbox 2225 3186 2367 3225">
     <span class='ocr_line' id='line_1_63' title="bbox 2225 3186 2367 3225; baseline 0.021 -3"><span class='ocrx_word' id='word_1_465' title='bbox 2225 3186 2367 3225; x_wconf 86' lang='grc' dir='ltr'>ενου.</span> 
     </span>
    </p>
   </div>
   <div class='ocr_carea' id='block_1_64' title="bbox 575 3187 2222 3318">
    <p class='ocr_par' dir='ltr' id='par_1_64' title="bbox 575 3187 2222 3318">
     <span class='ocr_line' id='line_1_64' title="bbox 575 3187 2222 3318; baseline 0.001 -15"><span class='ocrx_word' id='word_1_466' title='bbox 575 3249 765 3305; x_wconf 74' lang='lat' dir='ltr'><strong>lsthzec</strong></span> <span class='ocrx_word' id='word_1_467' title='bbox 792 3250 858 3302; x_wconf 85' lang='lat' dir='ltr'><strong>ad</strong></span> <span class='ocrx_word' id='word_1_468' title='bbox 889 3248 1321 3318; x_wconf 86' lang='lat' dir='ltr'><strong>cognoscendum</strong></span> <span class='ocrx_word' id='word_1_469' title='bbox 1358 3256 1537 3301; x_wconf 89' lang='lat' dir='ltr'><strong>utrum</strong></span> <span class='ocrx_word' id='word_1_470' title='bbox 1572 3247 1694 3317; x_wconf 89' lang='lat' dir='ltr'><strong>quis</strong></span> <span class='ocrx_word' id='word_1_471' title='bbox 1723 3247 2076 3305; x_wconf 87' lang='lat' dir='ltr'><strong>Christianus</strong></span> <span class='ocrx_word' id='word_1_472' title='bbox 2183 3187 2222 3240; x_wconf 70' lang='grc' dir='ltr'><strong>μ</strong></span> 
     </span>
    </p>
   </div>
   <div class='ocr_carea' id='block_1_65' title="bbox 510 3336 2076 3405">
    <p class='ocr_par' dir='ltr' id='par_1_65' title="bbox 510 3336 2076 3405">
     <span class='ocr_line' id='line_1_65' title="bbox 510 3336 2076 3405; baseline 0.001 -13"><span class='ocrx_word' id='word_1_473' title='bbox 510 3338 604 3405; x_wconf 89' lang='lat' dir='ltr'><strong>sit,</strong></span> <span class='ocrx_word' id='word_1_474' title='bbox 646 3336 967 3403; x_wconf 78' lang='lat' dir='ltr'><strong>conferunt;</strong></span> <span class='ocrx_word' id='word_1_475' title='bbox 1007 3351 1182 3405; x_wconf 88' lang='lat' dir='ltr'><strong>neque</strong></span> <span class='ocrx_word' id='word_1_476' title='bbox 1216 3336 1359 3391; x_wconf 88' lang='lat' dir='ltr'><strong>enim</strong></span> <span class='ocrx_word' id='word_1_477' title='bbox 1391 3345 1476 3392; x_wconf 89' lang='lat' dir='ltr'><strong>est</strong></span> <span class='ocrx_word' id='word_1_478' title='bbox 1509 3337 1562 3391; x_wconf 88' lang='lat' dir='ltr'><strong>in</strong></span> <span class='ocrx_word' id='word_1_479' title='bbox 1593 3346 1706 3393; x_wconf 88' lang='lat' dir='ltr'><strong>tota</strong></span> <span class='ocrx_word' id='word_1_480' title='bbox 1737 3338 1842 3393; x_wconf 88' lang='lat' dir='ltr'><strong>ﬁde</strong></span> <span class='ocrx_word' id='word_1_481' title='bbox 1873 3349 2076 3405; x_wconf 86' lang='lat' dir='ltr'><strong>nostra,</strong></span> 
     </span>
    </p>
   </div>
   <div class='ocr_carea' id='block_1_66' title="bbox 505 3426 2081 3499">
    <p class='ocr_par' dir='ltr' id='par_1_66' title="bbox 505 3426 2081 3499">
     <span class='ocr_line' id='line_1_66' title="bbox 505 3426 2081 3499; baseline -0.001 -14"><span class='ocrx_word' id='word_1_482' title='bbox 505 3438 563 3485; x_wconf 84' lang='lat' dir='ltr'><strong>et</strong></span> <span class='ocrx_word' id='word_1_483' title='bbox 589 3427 642 3483; x_wconf 90' lang='lat' dir='ltr'><strong>in</strong></span> <span class='ocrx_word' id='word_1_484' title='bbox 669 3428 815 3482; x_wconf 92' lang='lat' dir='ltr'><strong>omni</strong></span> <span class='ocrx_word' id='word_1_485' title='bbox 842 3426 1108 3493; x_wconf 86' lang='lat' dir='ltr'><strong>Ecclesia,</strong></span> <span class='ocrx_word' id='word_1_486' title='bbox 1135 3437 1191 3481; x_wconf 89' lang='lat' dir='ltr'><strong>et</strong></span> <span class='ocrx_word' id='word_1_487' title='bbox 1210 3426 1264 3480; x_wconf 91' lang='lat' dir='ltr'><strong>in</strong></span> <span class='ocrx_word' id='word_1_488' title='bbox 1295 3434 1403 3481; x_wconf 91' lang='lat' dir='ltr'><strong>tota</strong></span> <span class='ocrx_word' id='word_1_489' title='bbox 1435 3426 1714 3497; x_wconf 87' lang='lat' dir='ltr'><strong>Scriptura</strong></span> <span class='ocrx_word' id='word_1_490' title='bbox 1744 3444 1902 3484; x_wconf 86' lang='lat' dir='ltr'><strong>sacra</strong></span> <span class='ocrx_word' id='word_1_491' title='bbox 1924 3429 2081 3499; x_wconf 90' lang='lat' dir='ltr'><strong>quid-</strong></span> 
     </span>
    </p>
   </div>
   <div class='ocr_carea' id='block_1_67' title="bbox 509 3518 2076 3592">
    <p class='ocr_par' dir='ltr' id='par_1_67' title="bbox 509 3518 2076 3592">
     <span class='ocr_line' id='line_1_67' title="bbox 509 3518 2076 3592; baseline 0.003 -19"><span class='ocrx_word' id='word_1_492' title='bbox 509 3534 671 3589; x_wconf 88' lang='lat' dir='ltr'><strong>quam</strong></span> <span class='ocrx_word' id='word_1_493' title='bbox 707 3519 881 3592; x_wconf 85' lang='lat' dir='ltr'><strong>magis</strong></span> <span class='ocrx_word' id='word_1_494' title='bbox 923 3519 1289 3575; x_wconf 84' lang='lat' dir='ltr'><strong>necessarium</strong></span> <span class='ocrx_word' id='word_1_495' title='bbox 1326 3518 1429 3573; x_wconf 90' lang='lat' dir='ltr'><strong>hac</strong></span> <span class='ocrx_word' id='word_1_496' title='bbox 1463 3535 1521 3574; x_wconf 91' lang='lat' dir='ltr'><strong>re</strong></span> <span class='ocrx_word' id='word_1_497' title='bbox 1561 3529 1656 3574; x_wconf 90' lang='lat' dir='ltr'><strong>aut</strong></span> <span class='ocrx_word' id='word_1_498' title='bbox 1686 3521 1736 3576; x_wconf 89' lang='lat' dir='ltr'><strong>ei</strong></span> <span class='ocrx_word' id='word_1_499' title='bbox 1764 3521 1960 3578; x_wconf 88' lang='lat' dir='ltr'><strong>simile.</strong></span> <span class='ocrx_word' id='word_1_500' title='bbox 1998 3521 2076 3577; x_wconf 81' lang='lat' dir='ltr'><strong>Ex</strong></span> 
     </span>
    </p>
   </div>
   <div class='ocr_carea' id='block_1_68' title="bbox 512 3608 2082 3684">
    <p class='ocr_par' dir='ltr' id='par_1_68' title="bbox 512 3608 2082 3684">
     <span class='ocr_line' id='line_1_68' title="bbox 512 3608 2082 3684; baseline 0.003 -18"><span class='ocrx_word' id='word_1_501' title='bbox 512 3610 776 3667; x_wconf 76' lang='lat' dir='ltr'><strong>hoc‘emm</strong></span> <span class='ocrx_word' id='word_1_502' title='bbox 808 3610 1019 3681; x_wconf 87' lang='lat' dir='ltr'><strong>penitus</strong></span> <span class='ocrx_word' id='word_1_503' title='bbox 1049 3608 1297 3680; x_wconf 89' lang='lat' dir='ltr'><strong>intelligit</strong></span> <span class='ocrx_word' id='word_1_504' title='bbox 1325 3610 1508 3676; x_wconf 86' lang='lat' dir='ltr'><strong>homo,</strong></span> <span class='ocrx_word' id='word_1_505' title='bbox 1540 3613 1684 3681; x_wconf 88' lang='lat' dir='ltr'><strong>quod</strong></span> <span class='ocrx_word' id='word_1_506' title='bbox 1714 3612 1855 3668; x_wconf 88' lang='lat' dir='ltr'><strong>Deus</strong></span> <span class='ocrx_word' id='word_1_507' title='bbox 1883 3614 1935 3668; x_wconf 91' lang='lat' dir='ltr'><strong>in</strong></span> <span class='ocrx_word' id='word_1_508' title='bbox 1965 3613 2082 3684; x_wconf 86' lang='lat' dir='ltr'><strong>ipso</strong></span> 
     </span>
    </p>
   </div>
   <div class='ocr_carea' id='block_1_69' title="bbox 514 3702 2085 3774">
    <p class='ocr_par' dir='ltr' id='par_1_69' title="bbox 514 3702 2085 3774">
     <span class='ocr_line' id='line_1_69' title="bbox 514 3702 2085 3774; baseline 0.001 -16"><span class='ocrx_word' id='word_1_509' title='bbox 514 3713 600 3759; x_wconf 83' lang='lat' dir='ltr'><strong>est</strong></span> <span class='ocrx_word' id='word_1_510' title='bbox 623 3712 681 3758; x_wconf 92' lang='lat' dir='ltr'><strong>et</strong></span> <span class='ocrx_word' id='word_1_511' title='bbox 711 3718 831 3758; x_wconf 90' lang='lat' dir='ltr'><strong>cum</strong></span> <span class='ocrx_word' id='word_1_512' title='bbox 864 3702 1003 3773; x_wconf 91' lang='lat' dir='ltr'><strong>ipso.</strong></span> <span class='ocrx_word' id='word_1_513' title='bbox 1034 3702 1113 3757; x_wconf 87' lang='lat' dir='ltr'><strong>Ex</strong></span> <span class='ocrx_word' id='word_1_514' title='bbox 1131 3702 1235 3758; x_wconf 84' lang='lat' dir='ltr'><strong>hoc</strong></span> <span class='ocrx_word' id='word_1_515' title='bbox 1263 3703 1425 3757; x_wconf 87' lang='lat' dir='ltr'><strong>etiam</strong></span> <span class='ocrx_word' id='word_1_516' title='bbox 1447 3704 1805 3759; x_wconf 89' lang='lat' dir='ltr'><strong>conﬁrmatur</strong></span> <span class='ocrx_word' id='word_1_517' title='bbox 1831 3704 1972 3774; x_wconf 84' lang='lat' dir='ltr'><strong>quod</strong></span> <span class='ocrx_word' id='word_1_518' title='bbox 2006 3719 2085 3760; x_wconf 90' lang='lat' dir='ltr'><strong>re-</strong></span> 
     </span>
    </p>
   </div>
   <div class='ocr_carea' id='block_1_70' title="bbox 511 3794 2085 3866">
    <p class='ocr_par' dir='ltr' id='par_1_70' title="bbox 511 3794 2085 3866">
     <span class='ocr_line' id='line_1_70' title="bbox 511 3794 2085 3866; baseline -0.001 -14"><span class='ocrx_word' id='word_1_519' title='bbox 511 3811 640 3852; x_wconf 71' lang='lat' dir='ltr'><strong>vera</strong></span> <span class='ocrx_word' id='word_1_520' title='bbox 680 3795 784 3851; x_wconf 88' lang='lat' dir='ltr'><strong>alia</strong></span> <span class='ocrx_word' id='word_1_521' title='bbox 814 3795 948 3851; x_wconf 87' lang='lat' dir='ltr'><strong>ﬁdes</strong></span> <span class='ocrx_word' id='word_1_522' title='bbox 970 3809 1074 3851; x_wconf 90' lang='lat' dir='ltr'><strong>non</strong></span> <span class='ocrx_word' id='word_1_523' title='bbox 1101 3802 1183 3851; x_wconf 88' lang='lat' dir='ltr'><strong>est</strong></span> <span class='ocrx_word' id='word_1_524' title='bbox 1215 3795 1268 3849; x_wconf 90' lang='lat' dir='ltr'><strong>iu</strong></span> <span class='ocrx_word' id='word_1_525' title='bbox 1305 3804 1447 3849; x_wconf 87' lang='lat' dir='ltr'><strong>terra</strong></span> <span class='ocrx_word' id='word_1_526' title='bbox 1474 3804 1669 3866; x_wconf 59' lang='lat' dir='ltr'><strong>praeter</strong></span> <span class='ocrx_word' id='word_1_527' title='bbox 1716 3794 1885 3850; x_wconf 88' lang='lat' dir='ltr'><strong>solam</strong></span> <span class='ocrx_word' id='word_1_528' title='bbox 1928 3794 2085 3863; x_wconf 81' lang='lat' dir='ltr'><strong>Cirri-</strong></span> 
     </span>
    </p>
   </div>
   <div class='ocr_carea' id='block_1_71' title="bbox 515 3882 2087 3962">
    <p class='ocr_par' dir='ltr' id='par_1_71' title="bbox 515 3882 2087 3962">
     <span class='ocr_line' id='line_1_71' title="bbox 515 3882 2087 3962; baseline -0.002 -18"><span class='ocrx_word' id='word_1_529' title='bbox 515 3888 818 3944; x_wconf 85' lang='lat' dir='ltr'><strong>stianorum</strong></span> <span class='ocrx_word' id='word_1_530' title='bbox 848 3886 1037 3953; x_wconf 88' lang='lat' dir='ltr'><strong>ﬁdem,</strong></span> <span class='ocrx_word' id='word_1_531' title='bbox 1064 3886 1274 3943; x_wconf 85' lang='lat' dir='ltr'><strong>tametsi</strong></span> <span class='ocrx_word' id='word_1_532' title='bbox 1300 3882 1631 3956; x_wconf 55' lang='lat' dir='ltr'><strong>.Scripturas</strong></span> <span class='ocrx_word' id='word_1_533' title='bbox 1655 3896 1711 3941; x_wconf 90' lang='lat' dir='ltr'><strong>et</strong></span> <span class='ocrx_word' id='word_1_534' title='bbox 1724 3885 2002 3962; x_wconf 65' lang='lat' dir='ltr'><strong>ecclesias</strong></span> <span class='ocrx_word' id='word_1_535' title='bbox 2030 3895 2087 3941; x_wconf 91' lang='lat' dir='ltr'><strong>et</strong></span> 
     </span>
    </p>
   </div>
   <div class='ocr_carea' id='block_1_72' title="bbox 515 3974 2082 4041">
    <p class='ocr_par' dir='ltr' id='par_1_72' title="bbox 515 3974 2082 4041">
     <span class='ocr_line' id='line_1_72' title="bbox 515 3974 2082 4041; baseline -0.002 -7"><span class='ocrx_word' id='word_1_536' title='bbox 515 3976 786 4041; x_wconf 86' lang='lat' dir='ltr'><strong>sacriﬁcia</strong></span> <span class='ocrx_word' id='word_1_537' title='bbox 824 3986 880 4032; x_wconf 93' lang='lat' dir='ltr'><strong>et</strong></span> <span class='ocrx_word' id='word_1_538' title='bbox 910 3976 1160 4033; x_wconf 89' lang='lat' dir='ltr'><strong>doctores</strong></span> <span class='ocrx_word' id='word_1_539' title='bbox 1195 3985 1252 4032; x_wconf 91' lang='lat' dir='ltr'><strong>et</strong></span> <span class='ocrx_word' id='word_1_540' title='bbox 1299 3975 1468 4031; x_wconf 88' lang='lat' dir='ltr'><strong>libros</strong></span> <span class='ocrx_word' id='word_1_541' title='bbox 1495 3986 1551 4030; x_wconf 91' lang='lat' dir='ltr'><strong>et</strong></span> <span class='ocrx_word' id='word_1_542' title='bbox 1598 3974 1693 4030; x_wconf 87' lang='lat' dir='ltr'><strong>Dei</strong></span> <span class='ocrx_word' id='word_1_543' title='bbox 1738 3976 1986 4032; x_wconf 88' lang='lat' dir='ltr'><strong>notitiam</strong></span> <span class='ocrx_word' id='word_1_544' title='bbox 2016 3992 2082 4031; x_wconf 87' lang='lat' dir='ltr'><strong>ex</strong></span> 
     </span>
    </p>
   </div>
   <div class='ocr_carea' id='block_1_73' title="bbox 517 4068 2085 4141">
    <p class='ocr_par' dir='ltr' id='par_1_73' title="bbox 517 4068 2085 4141">
     <span class='ocr_line' id='line_1_73' title="bbox 517 4068 2085 4141; baseline 0 -16"><span class='ocrx_word' id='word_1_545' title='bbox 517 4079 692 4141; x_wconf 89' lang='lat' dir='ltr'><strong>parte,</strong></span> <span class='ocrx_word' id='word_1_546' title='bbox 738 4078 794 4125; x_wconf 92' lang='lat' dir='ltr'><strong>et</strong></span> <span class='ocrx_word' id='word_1_547' title='bbox 815 4073 1079 4140; x_wconf 89' lang='lat' dir='ltr'><strong>quasdam</strong></span> <span class='ocrx_word' id='word_1_548' title='bbox 1111 4070 1355 4126; x_wconf 91' lang='lat' dir='ltr'><strong>actiones</strong></span> <span class='ocrx_word' id='word_1_549' title='bbox 1385 4070 1577 4131; x_wconf 89' lang='lat' dir='ltr'><strong>bonas.</strong></span> <span class='ocrx_word' id='word_1_550' title='bbox 1606 4079 1662 4124; x_wconf 90' lang='lat' dir='ltr'><strong>et</strong></span> <span class='ocrx_word' id='word_1_551' title='bbox 1687 4068 1859 4126; x_wconf 82' lang='lat' dir='ltr'><strong>festos</strong></span> <span class='ocrx_word' id='word_1_552' title='bbox 1892 4071 2006 4125; x_wconf 85' lang='lat' dir='ltr'><strong>dies</strong></span> <span class='ocrx_word' id='word_1_553' title='bbox 2028 4079 2085 4127; x_wconf 93' lang='lat' dir='ltr'><strong>et</strong></span> 
     </span>
    </p>
   </div>
   <div class='ocr_carea' id='block_1_74' title="bbox 517 4160 2086 4232">
    <p class='ocr_par' dir='ltr' id='par_1_74' title="bbox 517 4160 2086 4232">
     <span class='ocr_line' id='line_1_74' title="bbox 517 4160 2086 4232; baseline 0.003 -18"><span class='ocrx_word' id='word_1_554' title='bbox 517 4160 944 4226; x_wconf 88' lang='lat' dir='ltr'><strong>permutationes</strong></span> <span class='ocrx_word' id='word_1_555' title='bbox 984 4162 1473 4226; x_wconf 85' lang='lat' dir='ltr'><strong>vestimentorum,</strong></span> <span class='ocrx_word' id='word_1_556' title='bbox 1509 4170 1563 4216; x_wconf 91' lang='lat' dir='ltr'><strong>et</strong></span> <span class='ocrx_word' id='word_1_557' title='bbox 1595 4176 1786 4230; x_wconf 80' lang='lat' dir='ltr'><strong>preces</strong></span> <span class='ocrx_word' id='word_1_558' title='bbox 1823 4172 1878 4217; x_wconf 89' lang='lat' dir='ltr'><strong>et</strong></span> <span class='ocrx_word' id='word_1_559' title='bbox 1908 4163 2086 4232; x_wconf 82' lang='lat' dir='ltr'><strong>pervi-</strong></span> 
     </span>
    </p>
   </div>
   <div class='ocr_carea' id='block_1_75' title="bbox 518 4250 2086 4324">
    <p class='ocr_par' dir='ltr' id='par_1_75' title="bbox 518 4250 2086 4324">
     <span class='ocr_line' id='line_1_75' title="bbox 518 4250 2086 4324; baseline 0.003 -21"><span class='ocrx_word' id='word_1_560' title='bbox 518 4250 644 4322; x_wconf 86' lang='lat' dir='ltr'><strong>gilia</strong></span> <span class='ocrx_word' id='word_1_561' title='bbox 678 4259 735 4305; x_wconf 89' lang='lat' dir='ltr'><strong>et</strong></span> <span class='ocrx_word' id='word_1_562' title='bbox 781 4254 1130 4317; x_wconf 83' lang='lat' dir='ltr'><strong>sacerdotes,</strong></span> <span class='ocrx_word' id='word_1_563' title='bbox 1172 4262 1226 4306; x_wconf 89' lang='lat' dir='ltr'><strong>et</strong></span> <span class='ocrx_word' id='word_1_564' title='bbox 1269 4252 1372 4306; x_wconf 86' lang='lat' dir='ltr'><strong>alia</strong></span> <span class='ocrx_word' id='word_1_565' title='bbox 1410 4267 1572 4322; x_wconf 88' lang='lat' dir='ltr'><strong>quam</strong></span> <span class='ocrx_word' id='word_1_566' title='bbox 1616 4252 1847 4321; x_wconf 84' lang='lat' dir='ltr'><strong>plurima</strong></span> <span class='ocrx_word' id='word_1_567' title='bbox 1897 4265 2086 4324; x_wconf 89' lang='lat' dir='ltr'><strong>gentes</strong></span> 
     </span>
    </p>
   </div>
   <div class='ocr_carea' id='block_1_76' title="bbox 2258 3246 3773 3329">
    <p class='ocr_par' dir='ltr' id='par_1_76' title="bbox 2258 3246 3773 3329">
     <span class='ocr_line' id='line_1_76' title="bbox 2258 3246 3773 3329; baseline -0.01 -15"><span class='ocrx_word' id='word_1_568' title='bbox 2258 3260 2444 3314; x_wconf 77' lang='grc' dir='ltr'>Ταῦτα</span> <span class='ocrx_word' id='word_1_569' title='bbox 2460 3260 2672 3329; x_wconf 83' lang='grc' dir='ltr'>ἀνάγκη</span> <span class='ocrx_word' id='word_1_570' title='bbox 2698 3259 2847 3312; x_wconf 79' lang='grc' dir='ltr'>πᾶσα</span> <span class='ocrx_word' id='word_1_571' title='bbox 2875 3254 2965 3308; x_wconf 83' lang='grc' dir='ltr'><strong>τδν</strong></span> <span class='ocrx_word' id='word_1_572' title='bbox 2982 3250 3300 3323; x_wconf 76' lang='grc' dir='ltr'>Χριστιανὸν</span> <span class='ocrx_word' id='word_1_573' title='bbox 3324 3246 3671 3303; x_wconf 84' lang='grc' dir='ltr'>ἐπίστασθαι·</span> <span class='ocrx_word' id='word_1_574' title='bbox 3698 3248 3773 3313; x_wconf 29' lang='grc' dir='ltr'><strong>ού,</strong></span> 
     </span>
    </p>
   </div>
   <div class='ocr_carea' id='block_1_77' title="bbox 2180 3341 3760 3423">
    <p class='ocr_par' dir='ltr' id='par_1_77' title="bbox 2180 3341 3760 3423">
     <span class='ocr_line' id='line_1_77' title="bbox 2180 3341 3760 3423; baseline -0.009 -17"><span class='ocrx_word' id='word_1_575' title='bbox 2180 3352 2289 3423; x_wconf 85' lang='grc' dir='ltr'><strong>γάρ</strong></span> <span class='ocrx_word' id='word_1_576' title='bbox 2315 3353 2461 3404; x_wconf 80' lang='grc' dir='ltr'>ἐστιν</span> <span class='ocrx_word' id='word_1_577' title='bbox 2496 3352 2550 3403; x_wconf 85' lang='grc' dir='ltr'><strong>ἐν</strong></span> <span class='ocrx_word' id='word_1_578' title='bbox 2579 3351 2729 3421; x_wconf 84' lang='grc' dir='ltr'>πάσῃ</span> <span class='ocrx_word' id='word_1_579' title='bbox 2761 3351 2826 3420; x_wconf 84' lang='grc' dir='ltr'><strong>τῇ</strong></span> <span class='ocrx_word' id='word_1_580' title='bbox 2857 3347 3035 3401; x_wconf 82' lang='grc' dir='ltr'>πίστει</span> <span class='ocrx_word' id='word_1_581' title='bbox 3071 3344 3247 3417; x_wconf 74' lang='grc' dir='ltr'>ἡμῶν,</span> <span class='ocrx_word' id='word_1_582' title='bbox 3296 3344 3388 3397; x_wconf 76' lang='grc' dir='ltr'>καὶ</span> <span class='ocrx_word' id='word_1_583' title='bbox 3423 3344 3482 3394; x_wconf 82' lang='grc' dir='ltr'><strong>ἐν</strong></span> <span class='ocrx_word' id='word_1_584' title='bbox 3509 3341 3661 3411; x_wconf 76' lang='grc' dir='ltr'>πάσῃ</span> <span class='ocrx_word' id='word_1_585' title='bbox 3694 3341 3760 3408; x_wconf 80' lang='grc' dir='ltr'><strong>τῇ</strong></span> 
     </span>
    </p>
   </div>
   <div class='ocr_carea' id='block_1_78' title="bbox 2194 3431 3764 3513">
    <p class='ocr_par' dir='ltr' id='par_1_78' title="bbox 2194 3431 3764 3513">
     <span class='ocr_line' id='line_1_78' title="bbox 2194 3431 3764 3513; baseline -0.009 -17"><span class='ocrx_word' id='word_1_586' title='bbox 2194 3442 2489 3513; x_wconf 74' lang='grc' dir='ltr'>Ἐκκλησία</span> <span class='ocrx_word' id='word_1_587' title='bbox 2503 3441 2596 3495; x_wconf 73' lang='grc' dir='ltr'>καὶ</span> <span class='ocrx_word' id='word_1_588' title='bbox 2621 3444 2678 3495; x_wconf 77' lang='grc' dir='ltr'><strong>ἐν</strong></span> <span class='ocrx_word' id='word_1_589' title='bbox 2700 3440 2848 3512; x_wconf 80' lang='grc' dir='ltr'>πάσῃ</span> <span class='ocrx_word' id='word_1_590' title='bbox 2868 3437 2935 3510; x_wconf 71' lang='grc' dir='ltr'>τῇ</span> <span class='ocrx_word' id='word_1_591' title='bbox 2954 3438 3074 3508; x_wconf 73' lang='grc' dir='ltr'>θεία</span> <span class='ocrx_word' id='word_1_592' title='bbox 3086 3438 3277 3509; x_wconf 79' lang='grc' dir='ltr'>Γραφῇ</span> <span class='ocrx_word' id='word_1_593' title='bbox 3293 3435 3382 3488; x_wconf 76' lang='grc' dir='ltr'><strong>ἐτε</strong></span> <span class='ocrx_word' id='word_1_594' title='bbox 3390 3435 3479 3505; x_wconf 92' lang='grc' dir='ltr'><strong>ρόν</strong></span> <span class='ocrx_word' id='word_1_595' title='bbox 3498 3450 3550 3485; x_wconf 88' lang='grc' dir='ltr'><strong>τι</strong></span> <span class='ocrx_word' id='word_1_596' title='bbox 3569 3431 3764 3485; x_wconf 83' lang='grc' dir='ltr'>τούτου</span> 
     </span>
    </p>
   </div>
   <div class='ocr_carea' id='block_1_79' title="bbox 2180 3524 3768 3603">
    <p class='ocr_par' dir='ltr' id='par_1_79' title="bbox 2180 3524 3768 3603">
     <span class='ocr_line' id='line_1_79' title="bbox 2180 3524 3768 3603; baseline -0.008 -16"><span class='ocrx_word' id='word_1_597' title='bbox 2180 3533 2274 3587; x_wconf 78' lang='grc' dir='ltr'><strong>τοῦ</strong></span> <span class='ocrx_word' id='word_1_598' title='bbox 2292 3532 2614 3603; x_wconf 80' lang='grc' dir='ltr'>πράγματος</span> <span class='ocrx_word' id='word_1_599' title='bbox 2630 3530 3096 3602; x_wconf 83' lang='grc' dir='ltr'>ἀναγκαιότερονῆ</span> <span class='ocrx_word' id='word_1_600' title='bbox 3114 3531 3322 3600; x_wconf 82' lang='grc' dir='ltr'>ὅμοιον.</span> <span class='ocrx_word' id='word_1_601' title='bbox 3337 3524 3434 3579; x_wconf 85' lang='grc' dir='ltr'>Ἐκ</span> <span class='ocrx_word' id='word_1_602' title='bbox 3450 3525 3641 3578; x_wconf 88' lang='grc' dir='ltr'>τούτου</span> <span class='ocrx_word' id='word_1_603' title='bbox 3656 3524 3768 3593; x_wconf 75' lang='grc' dir='ltr'><strong>γάρ</strong></span> 
     </span>
    </p>
   </div>
   <div class='ocr_carea' id='block_1_80' title="bbox 2185 3615 3769 3696">
    <p class='ocr_par' dir='ltr' id='par_1_80' title="bbox 2185 3615 3769 3696">
     <span class='ocr_line' id='line_1_80' title="bbox 2185 3615 3769 3696; baseline -0.007 -18"><span class='ocrx_word' id='word_1_604' title='bbox 2185 3625 2604 3696; x_wconf 62' lang='grc' dir='ltr'>πληροφορεὶται</span> <span class='ocrx_word' id='word_1_605' title='bbox 2625 3626 2651 3677; x_wconf 88' lang='grc' dir='ltr'><strong>ό</strong></span> <span class='ocrx_word' id='word_1_606' title='bbox 2669 3622 2971 3696; x_wconf 77' lang='grc' dir='ltr'>ἄνθρωπος,</span> <span class='ocrx_word' id='word_1_607' title='bbox 2989 3622 3071 3675; x_wconf 83' lang='grc' dir='ltr'>ὅτι</span> <span class='ocrx_word' id='word_1_608' title='bbox 3095 3619 3227 3683; x_wconf 77' lang='grc' dir='ltr'>Θεός</span> <span class='ocrx_word' id='word_1_609' title='bbox 3253 3621 3400 3671; x_wconf 85' lang='grc' dir='ltr'>ἐστιν</span> <span class='ocrx_word' id='word_1_610' title='bbox 3416 3618 3475 3670; x_wconf 80' lang='grc' dir='ltr'><strong>ἐν</strong></span> <span class='ocrx_word' id='word_1_611' title='bbox 3506 3615 3656 3685; x_wconf 71' lang='grc' dir='ltr'>αὐτῷ</span> <span class='ocrx_word' id='word_1_612' title='bbox 3672 3615 3769 3668; x_wconf 71' lang='grc' dir='ltr'>καὶ</span> 
     </span>
    </p>
   </div>
   <div class='ocr_carea' id='block_1_81' title="bbox 2189 3707 3773 3789">
    <p class='ocr_par' dir='ltr' id='par_1_81' title="bbox 2189 3707 3773 3789">
     <span class='ocr_line' id='line_1_81' title="bbox 2189 3707 3773 3789; baseline -0.007 -19"><span class='ocrx_word' id='word_1_613' title='bbox 2189 3717 2302 3789; x_wconf 81' lang='grc' dir='ltr'>μετ’</span> <span class='ocrx_word' id='word_1_614' title='bbox 2330 3716 2494 3770; x_wconf 82' lang='grc' dir='ltr'>αὐτοῦ</span> <span class='ocrx_word' id='word_1_615' title='bbox 2512 3734 2526 3757; x_wconf 65' lang='grc' dir='ltr'><strong>ε</strong></span> <span class='ocrx_word' id='word_1_616' title='bbox 2552 3718 2617 3769; x_wconf 83' lang='grc' dir='ltr'><strong>ἐκ</strong></span> <span class='ocrx_word' id='word_1_617' title='bbox 2644 3715 2836 3769; x_wconf 85' lang='grc' dir='ltr'>τούτου</span> <span class='ocrx_word' id='word_1_618' title='bbox 2859 3714 3140 3785; x_wconf 83' lang='grc' dir='ltr'>γινώσκει,</span> <span class='ocrx_word' id='word_1_619' title='bbox 3182 3713 3264 3765; x_wconf 78' lang='grc' dir='ltr'>ὅτι</span> <span class='ocrx_word' id='word_1_620' title='bbox 3292 3709 3506 3782; x_wconf 82' lang='grc' dir='ltr'>άληθῶς</span> <span class='ocrx_word' id='word_1_621' title='bbox 3521 3710 3625 3762; x_wconf 78' lang='grc' dir='ltr'><strong>οὐκ</strong></span> <span class='ocrx_word' id='word_1_622' title='bbox 3651 3707 3773 3771; x_wconf 74' lang='grc' dir='ltr'>ἐστι</span> 
     </span>
    </p>
   </div>
   <div class='ocr_carea' id='block_1_82' title="bbox 2185 3800 3811 3879">
    <p class='ocr_par' dir='ltr' id='par_1_82' title="bbox 2185 3800 3811 3879">
     <span class='ocr_line' id='line_1_82' title="bbox 2185 3800 3811 3879; baseline -0.006 -18"><span class='ocrx_word' id='word_1_623' title='bbox 2185 3807 2367 3872; x_wconf 87' lang='grc' dir='ltr'>πίστις</span> <span class='ocrx_word' id='word_1_624' title='bbox 2391 3806 2552 3879; x_wconf 85' lang='grc' dir='ltr'>ἐτέρα</span> <span class='ocrx_word' id='word_1_625' title='bbox 2584 3808 2676 3861; x_wconf 74' lang='grc' dir='ltr'>ἐπὶ</span> <span class='ocrx_word' id='word_1_626' title='bbox 2707 3806 2847 3877; x_wconf 78' lang='grc' dir='ltr'>(τῆς)</span> <span class='ocrx_word' id='word_1_627' title='bbox 2881 3806 3007 3877; x_wconf 61' lang='grc' dir='ltr'>γῆς,</span> <span class='ocrx_word' id='word_1_628' title='bbox 3039 3807 3096 3858; x_wconf 73' lang='lat' dir='ltr'><strong>ei</strong></span> <span class='ocrx_word' id='word_1_629' title='bbox 3119 3803 3193 3876; x_wconf 78' lang='grc' dir='ltr'>μὴ</span> <span class='ocrx_word' id='word_1_630' title='bbox 3244 3803 3403 3874; x_wconf 87' lang='grc' dir='ltr'>μόνον</span> <span class='ocrx_word' id='word_1_631' title='bbox 3431 3801 3465 3871; x_wconf 80' lang='grc' dir='ltr'><strong>ἠ</strong></span> <span class='ocrx_word' id='word_1_632' title='bbox 3496 3800 3608 3854; x_wconf 82' lang='grc' dir='ltr'><strong>τῶν</strong></span> <span class='ocrx_word' id='word_1_633' title='bbox 3636 3800 3773 3869; x_wconf 79' lang='grc' dir='ltr'>Χρι-</span> <span class='ocrx_word' id='word_1_634' title='bbox 3806 3876 3811 3879; x_wconf 79' lang='lat'><em>_</em></span> 
     </span>
    </p>
   </div>
   <div class='ocr_carea' id='block_1_83' title="bbox 2188 3888 3776 3967">
    <p class='ocr_par' dir='ltr' id='par_1_83' title="bbox 2188 3888 3776 3967">
     <span class='ocr_line' id='line_1_83' title="bbox 2188 3888 3776 3967; baseline -0.009 -14"><span class='ocrx_word' id='word_1_635' title='bbox 2188 3898 2438 3952; x_wconf 86' lang='grc' dir='ltr'>στιανῶν.</span> <span class='ocrx_word' id='word_1_636' title='bbox 2472 3896 2775 3966; x_wconf 82' lang='grc' dir='ltr'>Ἐπείτοιγε</span> <span class='ocrx_word' id='word_1_637' title='bbox 2819 3897 2914 3950; x_wconf 56' lang='grc' dir='ltr'><strong>καὶ⁸</strong></span> <span class='ocrx_word' id='word_1_638' title='bbox 2960 3894 3182 3967; x_wconf 81' lang='grc' dir='ltr'>Γραφάς</span> <span class='ocrx_word' id='word_1_639' title='bbox 3225 3893 3321 3946; x_wconf 74' lang='grc' dir='ltr'>καὶ</span> <span class='ocrx_word' id='word_1_640' title='bbox 3349 3889 3646 3961; x_wconf 80' lang='grc' dir='ltr'>ἐκκλησίας</span> <span class='ocrx_word' id='word_1_641' title='bbox 3673 3888 3776 3941; x_wconf 74' lang='grc' dir='ltr'>καὶ</span> 
     </span>
    </p>
   </div>
   <div class='ocr_carea' id='block_1_84' title="bbox 2187 3979 3771 4056">
    <p class='ocr_par' dir='ltr' id='par_1_84' title="bbox 2187 3979 3771 4056">
     <span class='ocr_line' id='line_1_84' title="bbox 2187 3979 3771 4056; baseline -0.008 -13"><span class='ocrx_word' id='word_1_642' title='bbox 2187 3989 2375 4053; x_wconf 86' lang='grc' dir='ltr'>θυσίας</span> <span class='ocrx_word' id='word_1_643' title='bbox 2407 3988 2503 4043; x_wconf 70' lang='grc' dir='ltr'>καὶ</span> <span class='ocrx_word' id='word_1_644' title='bbox 2527 3987 2881 4053; x_wconf 85' lang='grc' dir='ltr'>διδασκάλους</span> <span class='ocrx_word' id='word_1_645' title='bbox 2913 3989 3009 4041; x_wconf 71' lang='grc' dir='ltr'>καὶ</span> <span class='ocrx_word' id='word_1_646' title='bbox 3067 3985 3281 4056; x_wconf 86' lang='grc' dir='ltr'>βίϐλους</span> <span class='ocrx_word' id='word_1_647' title='bbox 3314 3983 3409 4037; x_wconf 75' lang='grc' dir='ltr'>καὶ</span> <span class='ocrx_word' id='word_1_648' title='bbox 3436 3979 3771 4048; x_wconf 75' lang='grc' dir='ltr'>θεογνωσίαν</span> 
     </span>
    </p>
   </div>
   <div class='ocr_carea' id='block_1_85' title="bbox 2192 4069 3775 4152">
    <p class='ocr_par' dir='ltr' id='par_1_85' title="bbox 2192 4069 3775 4152">
     <span class='ocr_line' id='line_1_85' title="bbox 2192 4069 3775 4152; baseline -0.008 -18"><span class='ocrx_word' id='word_1_649' title='bbox 2192 4080 2440 4152; x_wconf 69' lang='grc' dir='ltr'>μερικὴν,</span> <span class='ocrx_word' id='word_1_650' title='bbox 2470 4079 2567 4133; x_wconf 86' lang='grc' dir='ltr'><strong>καί</strong></span> <span class='ocrx_word' id='word_1_651' title='bbox 2591 4096 2742 4143; x_wconf 85' lang='grc' dir='ltr'>τινας</span> <span class='ocrx_word' id='word_1_652' title='bbox 2764 4077 3129 4149; x_wconf 83' lang='grc' dir='ltr'>ἀγαθοεργίας</span> <span class='ocrx_word' id='word_1_653' title='bbox 3148 4076 3242 4129; x_wconf 74' lang='grc' dir='ltr'>καὶ</span> <span class='ocrx_word' id='word_1_654' title='bbox 3266 4070 3456 4144; x_wconf 77' lang='grc' dir='ltr'>ἑορτὰς</span> <span class='ocrx_word' id='word_1_655' title='bbox 3489 4071 3586 4125; x_wconf 72' lang='grc' dir='ltr'>καὶ</span> <span class='ocrx_word' id='word_1_656' title='bbox 3608 4069 3775 4123; x_wconf 70' lang='grc' dir='ltr'>ἀλλα-</span> 
     </span>
    </p>
   </div>
   <div class='ocr_carea' id='block_1_86' title="bbox 2188 4164 3776 4243">
    <p class='ocr_par' dir='ltr' id='par_1_86' title="bbox 2188 4164 3776 4243">
     <span class='ocr_line' id='line_1_86' title="bbox 2188 4164 3776 4243; baseline -0.007 -19"><span class='ocrx_word' id='word_1_657' title='bbox 2188 4171 2291 4240; x_wconf 85' lang='grc' dir='ltr'><strong>γὰς</strong></span> <span class='ocrx_word' id='word_1_658' title='bbox 2308 4172 2458 4242; x_wconf 83' lang='grc' dir='ltr'>(τῶν)</span> <span class='ocrx_word' id='word_1_659' title='bbox 2485 4170 2719 4243; x_wconf 84' lang='grc' dir='ltr'>ἱματίων</span> <span class='ocrx_word' id='word_1_660' title='bbox 2741 4173 2833 4226; x_wconf 72' lang='grc' dir='ltr'>καὶ</span> <span class='ocrx_word' id='word_1_661' title='bbox 2857 4172 3021 4242; x_wconf 75' lang='grc' dir='ltr'>εὐχάς</span> <span class='ocrx_word' id='word_1_662' title='bbox 3041 4170 3136 4223; x_wconf 75' lang='grc' dir='ltr'>καὶ</span> <span class='ocrx_word' id='word_1_663' title='bbox 3158 4166 3485 4236; x_wconf 82' lang='grc' dir='ltr'>παννυχίδας</span> <span class='ocrx_word' id='word_1_664' title='bbox 3497 4165 3593 4216; x_wconf 79' lang='grc' dir='ltr'><strong>καὶ</strong></span> <span class='ocrx_word' id='word_1_665' title='bbox 3610 4164 3776 4233; x_wconf 75' lang='grc' dir='ltr'>ἱερεῖς</span> 
     </span>
    </p>
   </div>
   <div class='ocr_carea' id='block_1_87' title="bbox 2190 4255 3778 4331">
    <p class='ocr_par' dir='ltr' id='par_1_87' title="bbox 2190 4255 3778 4331">
     <span class='ocr_line' id='line_1_87' title="bbox 2190 4255 3778 4331; baseline -0.008 -14"><span class='ocrx_word' id='word_1_666' title='bbox 2190 4263 2285 4317; x_wconf 76' lang='grc' dir='ltr'>καὶ</span> <span class='ocrx_word' id='word_1_667' title='bbox 2307 4262 2442 4316; x_wconf 78' lang='grc' dir='ltr'>ἄλλα</span> <span class='ocrx_word' id='word_1_668' title='bbox 2472 4262 2719 4327; x_wconf 83' lang='grc' dir='ltr'>πλεῖστα,</span> <span class='ocrx_word' id='word_1_669' title='bbox 2751 4261 2903 4317; x_wconf 88' lang='grc' dir='ltr'>ἐθνία</span> <span class='ocrx_word' id='word_1_670' title='bbox 2930 4262 3046 4331; x_wconf 84' lang='lat' dir='ltr'><strong>(sic)</strong></span> <span class='ocrx_word' id='word_1_671' title='bbox 3081 4260 3286 4331; x_wconf 65' lang='grc' dir='ltr'>ἔχουσι,</span> <span class='ocrx_word' id='word_1_672' title='bbox 3317 4256 3539 4326; x_wconf 71' lang='grc' dir='ltr'>ταύτην</span> <span class='ocrx_word' id='word_1_673' title='bbox 3580 4255 3638 4307; x_wconf 83' lang='grc' dir='ltr'><strong>δέ</strong></span> <span class='ocrx_word' id='word_1_674' title='bbox 3679 4255 3778 4323; x_wconf 82' lang='grc' dir='ltr'>τὴν</span> 
     </span>
    </p>
   </div>
   <div class='ocr_carea' id='block_1_88' title="bbox 520 4341 2087 4426">
    <p class='ocr_par' dir='ltr' id='par_1_88' title="bbox 520 4341 2083 4400">
     <span class='ocr_line' id='line_1_88' title="bbox 520 4341 2083 4400; baseline 0.002 -5"><span class='ocrx_word' id='word_1_675' title='bbox 520 4341 777 4398; x_wconf 84' lang='lat' dir='ltr'><strong>babeant.</strong></span> <span class='ocrx_word' id='word_1_676' title='bbox 827 4342 976 4397; x_wconf 83' lang='lat' dir='ltr'><strong>Hanc</strong></span> <span class='ocrx_word' id='word_1_677' title='bbox 1026 4359 1154 4399; x_wconf 86' lang='lat' dir='ltr'><strong>vero</strong></span> <span class='ocrx_word' id='word_1_678' title='bbox 1188 4343 1425 4397; x_wconf 89' lang='lat' dir='ltr'><strong>abditam</strong></span> <span class='ocrx_word' id='word_1_679' title='bbox 1474 4343 1528 4397; x_wconf 93' lang='lat' dir='ltr'><strong>in</strong></span> <span class='ocrx_word' id='word_1_680' title='bbox 1575 4343 1738 4399; x_wconf 91' lang='lat' dir='ltr'><strong>corde</strong></span> <span class='ocrx_word' id='word_1_681' title='bbox 1784 4344 2083 4400; x_wconf 76' lang='lat' dir='ltr'><strong>Christiani</strong></span> 
     </span>
    </p>
   </div>
   <div class='ocr_carea' id='block_1_89' title="bbox 2187 4341 3773 4426">
    <p class='ocr_par' dir='ltr' id='par_1_89' title="bbox 2192 4345 3773 4426">
     <span class='ocr_line' id='line_1_89' title="bbox 2192 4345 3773 4426; baseline -0.008 -18"><span class='ocrx_word' id='word_1_682' title='bbox 2192 4354 2578 4426; x_wconf 70' lang='grc' dir='ltr'>κεκρυμμινην</span> <span class='ocrx_word' id='word_1_683' title='bbox 2612 4356 2668 4409; x_wconf 86' lang='grc' dir='ltr'><strong>ἐν</strong></span> <span class='ocrx_word' id='word_1_684' title='bbox 2693 4358 2758 4426; x_wconf 79' lang='grc' dir='ltr'>τῇ</span> <span class='ocrx_word' id='word_1_685' title='bbox 2786 4352 2983 4425; x_wconf 78' lang='grc' dir='ltr'>καρδίᾳ</span> <span class='ocrx_word' id='word_1_686' title='bbox 3003 4350 3098 4407; x_wconf 74' lang='grc' dir='ltr'><strong>τοῦ</strong></span> <span class='ocrx_word' id='word_1_687' title='bbox 3135 4346 3462 4421; x_wconf 77' lang='grc' dir='ltr'>Χριστιανοῦ</span> <span class='ocrx_word' id='word_1_688' title='bbox 3492 4346 3657 4417; x_wconf 72' lang='grc' dir='ltr'>χάριν</span> <span class='ocrx_word' id='word_1_689' title='bbox 3679 4345 3773 4397; x_wconf 70' lang='grc' dir='ltr'>καὶ</span> 
     </span>
    </p>
   </div>
   <div class='ocr_carea' id='block_1_90' title="bbox 519 4432 2086 4503">
    <p class='ocr_par' dir='ltr' id='par_1_90' title="bbox 519 4432 2086 4503">
     <span class='ocr_line' id='line_1_90' title="bbox 519 4432 2086 4503; baseline 0.003 -17"><span class='ocrx_word' id='word_1_690' title='bbox 519 4432 748 4501; x_wconf 84' lang='lat' dir='ltr'><strong>gratiam</strong></span> <span class='ocrx_word' id='word_1_691' title='bbox 785 4448 848 4487; x_wconf 93' lang='lat' dir='ltr'><strong>ac</strong></span> <span class='ocrx_word' id='word_1_692' title='bbox 883 4432 1119 4503; x_wconf 86' lang='lat' dir='ltr'><strong>Spiritus</strong></span> <span class='ocrx_word' id='word_1_693' title='bbox 1158 4433 1331 4488; x_wconf 88' lang='lat' dir='ltr'><strong>sancti</strong></span> <span class='ocrx_word' id='word_1_694' title='bbox 1362 4434 1759 4502; x_wconf 84' lang='lat' dir='ltr'><strong>operationem,</strong></span> <span class='ocrx_word' id='word_1_695' title='bbox 1800 4449 1958 4490; x_wconf 87' lang='lat' dir='ltr'><strong>nemo</strong></span> <span class='ocrx_word' id='word_1_696' title='bbox 1988 4450 2086 4490; x_wconf 80' lang='lat' dir='ltr'><strong>uu-</strong></span> 
     </span>
    </p>
   </div>
   <div class='ocr_carea' id='block_1_91' title="bbox 519 4524 2083 4596">
    <p class='ocr_par' dir='ltr' id='par_1_91' title="bbox 519 4524 2083 4596">
     <span class='ocr_line' id='line_1_91' title="bbox 519 4524 2083 4596; baseline 0.001 -16"><span class='ocrx_word' id='word_1_697' title='bbox 519 4540 681 4596; x_wconf 82' lang='lat' dir='ltr'><strong>quam</strong></span> <span class='ocrx_word' id='word_1_698' title='bbox 717 4525 769 4579; x_wconf 92' lang='lat' dir='ltr'><strong>in</strong></span> <span class='ocrx_word' id='word_1_699' title='bbox 802 4535 941 4580; x_wconf 89' lang='lat' dir='ltr'><strong>terra</strong></span> <span class='ocrx_word' id='word_1_700' title='bbox 973 4525 1190 4594; x_wconf 87' lang='lat' dir='ltr'><strong>accipit,</strong></span> <span class='ocrx_word' id='word_1_701' title='bbox 1222 4525 1325 4578; x_wconf 84' lang='lat' dir='ltr'><strong>nisi</strong></span> <span class='ocrx_word' id='word_1_702' title='bbox 1354 4524 1450 4580; x_wconf 91' lang='lat' dir='ltr'><strong>soli</strong></span> <span class='ocrx_word' id='word_1_703' title='bbox 1483 4525 1747 4580; x_wconf 83' lang='lat' dir='ltr'><strong>duntaxat</strong></span> <span class='ocrx_word' id='word_1_704' title='bbox 1773 4526 1877 4581; x_wconf 87' lang='lat' dir='ltr'><strong>rite</strong></span> <span class='ocrx_word' id='word_1_705' title='bbox 1905 4526 2083 4596; x_wconf 87' lang='lat' dir='ltr'><strong>bapti-</strong></span> 
     </span>
    </p>
   </div>
   <div class='ocr_carea' id='block_1_92' title="bbox 524 4615 2094 4686">
    <p class='ocr_par' dir='ltr' id='par_1_92' title="bbox 524 4615 2094 4686">
     <span class='ocr_line' id='line_1_92' title="bbox 524 4615 2094 4686; baseline -0.001 -13"><span class='ocrx_word' id='word_1_706' title='bbox 524 4618 632 4674; x_wconf 74' lang='lat' dir='ltr'><strong>sati</strong></span> <span class='ocrx_word' id='word_1_707' title='bbox 664 4616 770 4672; x_wconf 86' lang='lat' dir='ltr'><strong>ﬁde</strong></span> <span class='ocrx_word' id='word_1_708' title='bbox 807 4617 859 4671; x_wconf 89' lang='lat' dir='ltr'><strong>in</strong></span> <span class='ocrx_word' id='word_1_709' title='bbox 890 4615 1106 4672; x_wconf 85' lang='lat' dir='ltr'><strong>Patrem</strong></span> <span class='ocrx_word' id='word_1_710' title='bbox 1132 4625 1188 4672; x_wconf 91' lang='lat' dir='ltr'><strong>et</strong></span> <span class='ocrx_word' id='word_1_711' title='bbox 1221 4615 1413 4672; x_wconf 88' lang='lat' dir='ltr'><strong>Filium</strong></span> <span class='ocrx_word' id='word_1_712' title='bbox 1444 4626 1499 4672; x_wconf 90' lang='lat' dir='ltr'><strong>et</strong></span> <span class='ocrx_word' id='word_1_713' title='bbox 1527 4615 1788 4686; x_wconf 90' lang='lat' dir='ltr'><strong>Spiritum</strong></span> <span class='ocrx_word' id='word_1_714' title='bbox 1821 4627 2094 4672; x_wconf 85' lang='lat' dir='ltr'><strong>sanctum.</strong></span> 
     </span>
    </p>
   </div>
   <div class='ocr_carea' id='block_1_93' title="bbox 524 4707 2097 4781">
    <p class='ocr_par' dir='ltr' id='par_1_93' title="bbox 524 4707 2097 4781">
     <span class='ocr_line' id='line_1_93' title="bbox 524 4707 2097 4781; baseline 0.002 -17"><span class='ocrx_word' id='word_1_715' title='bbox 524 4708 602 4781; x_wconf 75' lang='lat' dir='ltr'><strong>De</strong></span> <span class='ocrx_word' id='word_1_716' title='bbox 647 4707 735 4764; x_wconf 87' lang='lat' dir='ltr'><strong>his</strong></span> <span class='ocrx_word' id='word_1_717' title='bbox 771 4707 974 4765; x_wconf 77' lang='lat' dir='ltr'><strong>divitiis</strong></span> <span class='ocrx_word' id='word_1_718' title='bbox 1012 4709 1214 4764; x_wconf 87' lang='lat' dir='ltr'><strong>nostris</strong></span> <span class='ocrx_word' id='word_1_719' title='bbox 1243 4707 1377 4765; x_wconf 90' lang='lat' dir='ltr'><strong>dicit</strong></span> <span class='ocrx_word' id='word_1_720' title='bbox 1409 4708 1666 4765; x_wconf 88' lang='lat' dir='ltr'><strong>Dominus</strong></span> <span class='ocrx_word' id='word_1_721' title='bbox 1686 4749 1703 4775; x_wconf 92' lang='lat'><strong>,</strong></span> <span class='ocrx_word' id='word_1_722' title='bbox 1734 4712 1879 4779; x_wconf 82' lang='lat' dir='ltr'><strong>quod</strong></span> <span class='ocrx_word' id='word_1_723' title='bbox 1912 4708 2097 4767; x_wconf 80' lang='lat' dir='ltr'><strong>Simile</strong></span> 
     </span>
    </p>
   </div>
   <div class='ocr_carea' id='block_1_94' title="bbox 527 4801 2095 4874">
    <p class='ocr_par' dir='ltr' id='par_1_94' title="bbox 527 4801 2095 4874">
     <span class='ocr_line' id='line_1_94' title="bbox 527 4801 2095 4874; baseline 0.001 -19"><span class='ocrx_word' id='word_1_724' title='bbox 527 4810 604 4855; x_wconf 88' lang='lat' dir='ltr'><strong>est</strong></span> <span class='ocrx_word' id='word_1_725' title='bbox 649 4816 865 4869; x_wconf 75' lang='lat' dir='ltr'><strong>regnum</strong></span> <span class='ocrx_word' id='word_1_726' title='bbox 915 4802 1161 4855; x_wconf 66' lang='lat' dir='ltr'><strong>talorum</strong></span> <span class='ocrx_word' id='word_1_727' title='bbox 1210 4802 1459 4856; x_wconf 80' lang='lat' dir='ltr'><strong>thesauro</strong></span> <span class='ocrx_word' id='word_1_728' title='bbox 1505 4801 1814 4856; x_wconf 82' lang='lat' dir='ltr'><strong>abscondito</strong></span> <span class='ocrx_word' id='word_1_729' title='bbox 1861 4802 1919 4857; x_wconf 83' lang='lat' dir='ltr'><strong>in</strong></span> <span class='ocrx_word' id='word_1_730' title='bbox 1946 4818 2095 4874; x_wconf 81' lang='lat' dir='ltr'><strong>agro,</strong></span> 
     </span>
    </p>
   </div>
   <div class='ocr_carea' id='block_1_95' title="bbox 531 4891 2105 4963">
    <p class='ocr_par' dir='ltr' id='par_1_95' title="bbox 531 4891 2105 4963">
     <span class='ocr_line' id='line_1_95' title="bbox 531 4891 2105 4963; baseline 0.003 -15"><span class='ocrx_word' id='word_1_731' title='bbox 531 4893 634 4949; x_wconf 85' lang='lat' dir='ltr'><strong>hoc</strong></span> <span class='ocrx_word' id='word_1_732' title='bbox 666 4902 754 4950; x_wconf 88' lang='lat' dir='ltr'><strong>est</strong></span> <span class='ocrx_word' id='word_1_733' title='bbox 788 4891 1024 4963; x_wconf 88' lang='lat' dir='ltr'><strong>Spiritus</strong></span> <span class='ocrx_word' id='word_1_734' title='bbox 1064 4901 1309 4959; x_wconf 87' lang='lat' dir='ltr'><strong>sanctus,</strong></span> <span class='ocrx_word' id='word_1_735' title='bbox 1339 4892 1433 4963; x_wconf 92' lang='lat' dir='ltr'><strong>qui</strong></span> <span class='ocrx_word' id='word_1_736' title='bbox 1462 4894 1769 4950; x_wconf 89' lang='lat' dir='ltr'><strong>reconditus</strong></span> <span class='ocrx_word' id='word_1_737' title='bbox 1798 4905 1883 4952; x_wconf 90' lang='lat' dir='ltr'><strong>est</strong></span> <span class='ocrx_word' id='word_1_738' title='bbox 1921 4896 1974 4950; x_wconf 91' lang='lat' dir='ltr'><strong>in</strong></span> <span class='ocrx_word' id='word_1_739' title='bbox 2007 4911 2105 4952; x_wconf 92' lang='lat' dir='ltr'><strong>no-</strong></span> 
     </span>
    </p>
   </div>
   <div class='ocr_carea' id='block_1_96' title="bbox 527 4985 2104 5057">
    <p class='ocr_par' dir='ltr' id='par_1_96' title="bbox 527 4985 2104 5057">
     <span class='ocr_line' id='line_1_96' title="bbox 527 4985 2104 5057; baseline 0 -14"><span class='ocrx_word' id='word_1_740' title='bbox 527 4987 611 5044; x_wconf 90' lang='lat' dir='ltr'><strong>bis</strong></span> <span class='ocrx_word' id='word_1_741' title='bbox 660 4987 715 5043; x_wconf 90' lang='lat' dir='ltr'><strong>in</strong></span> <span class='ocrx_word' id='word_1_742' title='bbox 745 4987 833 5043; x_wconf 91' lang='lat' dir='ltr'><strong>die</strong></span> <span class='ocrx_word' id='word_1_743' title='bbox 858 4985 1022 5042; x_wconf 80' lang='lat' dir='ltr'><strong>divini</strong></span> <span class='ocrx_word' id='word_1_744' title='bbox 1057 4985 1436 5057; x_wconf 86' lang='lat' dir='ltr'><strong>baptismatis;</strong></span> <span class='ocrx_word' id='word_1_745' title='bbox 1482 4985 1549 5040; x_wconf 89' lang='lat' dir='ltr'><strong>de</strong></span> <span class='ocrx_word' id='word_1_746' title='bbox 1578 4986 1680 5042; x_wconf 85' lang='lat' dir='ltr'><strong>hoc</strong></span> <span class='ocrx_word' id='word_1_747' title='bbox 1717 4987 1881 5044; x_wconf 90' lang='lat' dir='ltr'><strong>etiam</strong></span> <span class='ocrx_word' id='word_1_748' title='bbox 1908 4987 2104 5043; x_wconf 86' lang='lat' dir='ltr'><strong>Paulus</strong></span> 
     </span>
    </p>
   </div>
   <div class='ocr_carea' id='block_1_97' title="bbox 528 5076 2102 5149">
    <p class='ocr_par' dir='ltr' id='par_1_97' title="bbox 528 5076 2102 5149">
     <span class='ocr_line' id='line_1_97' title="bbox 528 5076 2102 5149; baseline 0.003 -17"><span class='ocrx_word' id='word_1_749' title='bbox 528 5080 700 5135; x_wconf 88' lang='lat' dir='ltr'><strong>dicit:</strong></span> <span class='ocrx_word' id='word_1_750' title='bbox 726 5076 994 5134; x_wconf 78' lang='lat' dir='ltr'><strong>Habemus</strong></span> <span class='ocrx_word' id='word_1_751' title='bbox 1016 5076 1321 5133; x_wconf 79' lang='lat' dir='ltr'><strong>thesaurum</strong></span> <span class='ocrx_word' id='word_1_752' title='bbox 1348 5079 1506 5134; x_wconf 77' lang='lat' dir='ltr'><strong>istum</strong></span> <span class='ocrx_word' id='word_1_753' title='bbox 1534 5078 1591 5132; x_wconf 79' lang='lat' dir='ltr'><strong>in</strong></span> <span class='ocrx_word' id='word_1_754' title='bbox 1613 5080 1851 5135; x_wconf 76' lang='lat' dir='ltr'><strong>testaceis</strong></span> <span class='ocrx_word' id='word_1_755' title='bbox 1877 5084 2016 5136; x_wconf 75' lang='lat' dir='ltr'><strong>vasis</strong></span> <span class='ocrx_word' id='word_1_756' title='bbox 2032 5082 2102 5149; x_wconf 80' lang='lat'><strong>“,</strong></span> 
     </span>
    </p>
   </div>
   <div class='ocr_carea' id='block_1_98' title="bbox 532 5167 2099 5239">
    <p class='ocr_par' dir='ltr' id='par_1_98' title="bbox 532 5167 2099 5239">
     <span class='ocr_line' id='line_1_98' title="bbox 532 5167 2099 5239; baseline 0.003 -16"><span class='ocrx_word' id='word_1_757' title='bbox 532 5168 741 5225; x_wconf 86' lang='lat' dir='ltr'><strong>scilicet</strong></span> <span class='ocrx_word' id='word_1_758' title='bbox 796 5168 852 5224; x_wconf 90' lang='lat' dir='ltr'><strong>in</strong></span> <span class='ocrx_word' id='word_1_759' title='bbox 904 5167 1064 5224; x_wconf 87' lang='lat' dir='ltr'><strong>luteis</strong></span> <span class='ocrx_word' id='word_1_760' title='bbox 1107 5168 1423 5239; x_wconf 89' lang='lat' dir='ltr'><strong>corporibus</strong></span> <span class='ocrx_word' id='word_1_761' title='bbox 1473 5168 1691 5224; x_wconf 89' lang='lat' dir='ltr'><strong>nostris.</strong></span> <span class='ocrx_word' id='word_1_762' title='bbox 1745 5170 1824 5225; x_wconf 81' lang='lat' dir='ltr'><strong>Ac</strong></span> <span class='ocrx_word' id='word_1_763' title='bbox 1874 5187 2099 5230; x_wconf 86' lang='lat' dir='ltr'><strong>rursus:</strong></span> 
     </span>
    </p>
   </div>
   <div class='ocr_carea' id='block_1_99' title="bbox 534 5242 2104 5330">
    <p class='ocr_par' dir='ltr' id='par_1_99' title="bbox 534 5242 2104 5330">
     <span class='ocr_line' id='line_1_99' title="bbox 534 5242 2104 5330; baseline 0.004 -19"><span class='ocrx_word' id='word_1_764' title='bbox 534 5253 766 5313; x_wconf 82' lang='lat' dir='ltr'><strong>Nescitis</strong></span> <span class='ocrx_word' id='word_1_765' title='bbox 817 5259 958 5329; x_wconf 80' lang='lat' dir='ltr'><strong>quod</strong></span> <span class='ocrx_word' id='word_1_766' title='bbox 988 5274 1209 5328; x_wconf 80' lang='lat' dir='ltr'><strong>corpora</strong></span> <span class='ocrx_word' id='word_1_767' title='bbox 1253 5242 1423 5315; x_wconf 72' lang='lat' dir='ltr'><strong>vestra</strong></span> <span class='ocrx_word' id='word_1_768' title='bbox 1452 5258 1699 5329; x_wconf 85' lang='lat' dir='ltr'><strong>templum</strong></span> <span class='ocrx_word' id='word_1_769' title='bbox 1742 5259 1833 5314; x_wconf 84' lang='lat' dir='ltr'><strong>Dei</strong></span> <span class='ocrx_word' id='word_1_770' title='bbox 1859 5272 2011 5330; x_wconf 84' lang='lat' dir='ltr'><strong>sunt,</strong></span> <span class='ocrx_word' id='word_1_771' title='bbox 2055 5275 2104 5318; x_wconf 83' lang='lat' dir='ltr'><strong>et</strong></span> 
     </span>
    </p>
   </div>
   <div class='ocr_carea' id='block_1_100' title="bbox 618 5427 1102 5492">
    <p class='ocr_par' dir='ltr' id='par_1_100' title="bbox 618 5427 1102 5492">
     <span class='ocr_line' id='line_1_100' title="bbox 618 5427 1102 5492; baseline 0.008 -11"><span class='ocrx_word' id='word_1_772' title='bbox 618 5429 662 5460; x_wconf 82' lang='lat'>&quot;</span> <span class='ocrx_word' id='word_1_773' title='bbox 705 5427 744 5482; x_wconf 83' lang='lat' dir='ltr'><strong>ll</strong></span> <span class='ocrx_word' id='word_1_774' title='bbox 777 5428 903 5484; x_wconf 89' lang='lat' dir='ltr'><strong>Cor.</strong></span> <span class='ocrx_word' id='word_1_775' title='bbox 941 5447 1011 5492; x_wconf 87' lang='lat' dir='ltr'><strong>tv,</strong></span> <span class='ocrx_word' id='word_1_776' title='bbox 1054 5432 1102 5488; x_wconf 81' lang='lat'><strong>7.</strong></span> 
     </span>
    </p>
   </div>
   <div class='ocr_carea' id='block_1_101' title="bbox 638 5556 1116 5625">
    <p class='ocr_par' dir='ltr' id='par_1_101' title="bbox 638 5556 1116 5625">
     <span class='ocr_line' id='line_1_101' title="bbox 638 5556 1116 5625; baseline 0 -15"><span class='ocrx_word' id='word_1_777' title='bbox 638 5558 721 5622; x_wconf 79' lang='grc'><strong>10)</strong></span> <span class='ocrx_word' id='word_1_778' title='bbox 754 5556 853 5610; x_wconf 77' lang='lat' dir='ltr'><strong>Ms.</strong></span> <span class='ocrx_word' id='word_1_779' title='bbox 887 5556 1116 5625; x_wconf 77' lang='grc' dir='ltr'>φανῶσι.</span> 
     </span>
    </p>
   </div>
   <div class='ocr_carea' id='block_1_102' title="bbox 524 5559 1365 5697">
    <p class='ocr_par' dir='ltr' id='par_1_102' title="bbox 524 5559 1365 5697">
     <span class='ocr_line' id='line_1_102' title="bbox 638 5559 1116 5625; baseline 0 -15"><span class='ocrx_word' id='word_1_780' title='bbox 638 5559 721 5622; x_wconf 79' lang='grc'><strong>10)</strong></span> <span class='ocrx_word' id='word_1_781' title='bbox 754 5559 853 5610; x_wconf 80' lang='lat' dir='ltr'><strong>Ms.</strong></span> <span class='ocrx_word' id='word_1_782' title='bbox 887 5559 1116 5625; x_wconf 77' lang='grc' dir='ltr'>φανῶσι.</span> 
     </span>
     <span class='ocr_line' id='line_1_103' title="bbox 524 5559 1365 5697; baseline -0.002 -16"><span class='ocrx_word' id='word_1_783' title='bbox 524 5641 533 5647; x_wconf 87' lang='grc'><strong><em>“</em></strong></span> <span class='ocrx_word' id='word_1_784' title='bbox 607 5559 727 5697; x_wconf 41' lang='grc' dir='ltr'><strong>ΣΗ)</strong></span> <span class='ocrx_word' id='word_1_785' title='bbox 785 5626 879 5679; x_wconf 78' lang='lat' dir='ltr'><strong>Ms.</strong></span> <span class='ocrx_word' id='word_1_786' title='bbox 917 5628 1365 5695; x_wconf 67' lang='grc' dir='ltr'>μεταὲαμϐάνων.</span> 
     </span>
    </p>
   </div>
   <div class='ocr_carea' id='block_1_103' title="bbox 2195 4435 3782 4517">
    <p class='ocr_par' dir='ltr' id='par_1_103' title="bbox 2195 4435 3782 4517">
     <span class='ocr_line' id='line_1_104' title="bbox 2195 4435 3782 4517; baseline -0.008 -18"><span class='ocrx_word' id='word_1_787' title='bbox 2195 4445 2475 4517; x_wconf 79' lang='grc' dir='ltr'>ἐνέργειαν</span> <span class='ocrx_word' id='word_1_788' title='bbox 2504 4444 2599 4498; x_wconf 79' lang='grc' dir='ltr'>τοῦ</span> <span class='ocrx_word' id='word_1_789' title='bbox 2643 4445 2797 4514; x_wconf 83' lang='grc' dir='ltr'>ἁγίου</span> <span class='ocrx_word' id='word_1_790' title='bbox 2831 4443 3149 4514; x_wconf 80' lang='grc' dir='ltr'>Πνεύματος</span> <span class='ocrx_word' id='word_1_791' title='bbox 3193 4439 3371 4502; x_wconf 76' lang='grc' dir='ltr'>οὐδεὶς</span> <span class='ocrx_word' id='word_1_792' title='bbox 3411 4435 3649 4508; x_wconf 80' lang='grc' dir='ltr'>οὐδαμοῦ</span> <span class='ocrx_word' id='word_1_793' title='bbox 3689 4436 3782 4487; x_wconf 74' lang='grc' dir='ltr'>ἐπὶ</span> 
     </span>
    </p>
   </div>
   <div class='ocr_carea' id='block_1_104' title="bbox 2195 4523 3779 4607">
    <p class='ocr_par' dir='ltr' id='par_1_104' title="bbox 2195 4523 3779 4607">
     <span class='ocr_line' id='line_1_105' title="bbox 2195 4523 3779 4607; baseline -0.015 -8"><span class='ocrx_word' id='word_1_794' title='bbox 2195 4534 2321 4604; x_wconf 85' lang='grc' dir='ltr'>γῆς,</span> <span class='ocrx_word' id='word_1_795' title='bbox 2356 4536 2403 4587; x_wconf 72' lang='grc' dir='ltr'>εἰ</span> <span class='ocrx_word' id='word_1_796' title='bbox 2439 4536 2513 4607; x_wconf 80' lang='grc' dir='ltr'>μὴ</span> <span class='ocrx_word' id='word_1_797' title='bbox 2550 4535 2700 4606; x_wconf 73' lang='grc' dir='ltr'>μόνοι</span> <span class='ocrx_word' id='word_1_798' title='bbox 2758 4537 2806 4587; x_wconf 77' lang='lat' dir='ltr'><strong>oi</strong></span> <span class='ocrx_word' id='word_1_799' title='bbox 2853 4532 3030 4605; x_wconf 81' lang='grc' dir='ltr'>ὀρθῶς</span> <span class='ocrx_word' id='word_1_800' title='bbox 3074 4528 3497 4601; x_wconf 82' lang='grc' dir='ltr'>βεϐαπτισμένοι</span> <span class='ocrx_word' id='word_1_801' title='bbox 3533 4523 3645 4597; x_wconf 67' lang='lat' dir='ltr'><strong>(li)</strong></span> <span class='ocrx_word' id='word_1_802' title='bbox 3696 4525 3779 4586; x_wconf 81' lang='grc' dir='ltr'><strong>είς</strong></span> 
     </span>
    </p>
   </div>
   <div class='ocr_carea' id='block_1_105' title="bbox 2200 4614 3784 4699">
    <p class='ocr_par' dir='ltr' id='par_1_105' title="bbox 2200 4614 3784 4699">
     <span class='ocr_line' id='line_1_106' title="bbox 2200 4614 3784 4699; baseline -0.008 -19"><span class='ocrx_word' id='word_1_803' title='bbox 2200 4625 2421 4699; x_wconf 78' lang='grc' dir='ltr'>Πατέρα</span> <span class='ocrx_word' id='word_1_804' title='bbox 2453 4627 2546 4681; x_wconf 79' lang='grc' dir='ltr'>καὶ</span> <span class='ocrx_word' id='word_1_805' title='bbox 2587 4626 2718 4680; x_wconf 81' lang='grc' dir='ltr'>Υίὸν</span> <span class='ocrx_word' id='word_1_806' title='bbox 2747 4626 2842 4680; x_wconf 73' lang='grc' dir='ltr'>καὶ</span> <span class='ocrx_word' id='word_1_807' title='bbox 2872 4625 3037 4693; x_wconf 69' lang='grc' dir='ltr'>ἂγιον</span> <span class='ocrx_word' id='word_1_808' title='bbox 3058 4620 3315 4691; x_wconf 83' lang='grc' dir='ltr'>Πνεῦμα,</span> <span class='ocrx_word' id='word_1_809' title='bbox 3353 4618 3531 4672; x_wconf 85' lang='grc' dir='ltr'>πίστει</span> <span class='ocrx_word' id='word_1_810' title='bbox 3565 4614 3784 4685; x_wconf 84' lang='grc' dir='ltr'>λαμϐά-</span> 
     </span>
    </p>
   </div>
   <div class='ocr_carea' id='block_1_106' title="bbox 2200 4707 3782 4792">
    <p class='ocr_par' dir='ltr' id='par_1_106' title="bbox 2200 4707 3782 4792">
     <span class='ocr_line' id='line_1_107' title="bbox 2200 4707 3782 4792; baseline -0.011 -17"><span class='ocrx_word' id='word_1_811' title='bbox 2200 4737 2371 4776; x_wconf 88' lang='grc' dir='ltr'>νουσι.</span> <span class='ocrx_word' id='word_1_812' title='bbox 2388 4721 2523 4792; x_wconf 72' lang='grc' dir='ltr'>Περὶ</span> <span class='ocrx_word' id='word_1_813' title='bbox 2544 4718 2738 4773; x_wconf 84' lang='grc' dir='ltr'>τούτου</span> <span class='ocrx_word' id='word_1_814' title='bbox 2763 4717 2856 4772; x_wconf 81' lang='grc' dir='ltr'>τοῦ</span> <span class='ocrx_word' id='word_1_815' title='bbox 2888 4714 3116 4770; x_wconf 73' lang='grc' dir='ltr'>πλούτου</span> <span class='ocrx_word' id='word_1_816' title='bbox 3146 4711 3308 4783; x_wconf 79' lang='grc' dir='ltr'>ήμῶν</span> <span class='ocrx_word' id='word_1_817' title='bbox 3331 4711 3481 4779; x_wconf 81' lang='grc' dir='ltr'>λέγει</span> <span class='ocrx_word' id='word_1_818' title='bbox 3506 4710 3535 4761; x_wconf 87' lang='grc' dir='ltr'><strong>ό</strong></span> <span class='ocrx_word' id='word_1_819' title='bbox 3555 4707 3782 4778; x_wconf 76' lang='grc' dir='ltr'>Κύριος,</span> 
     </span>
    </p>
   </div>
   <div class='ocr_carea' id='block_1_107' title="bbox 2200 4797 3786 4879">
    <p class='ocr_par' dir='ltr' id='par_1_107' title="bbox 2200 4797 3786 4879">
     <span class='ocr_line' id='line_1_108' title="bbox 2200 4797 3786 4879; baseline -0.008 -17"><span class='ocrx_word' id='word_1_820' title='bbox 2200 4809 2283 4864; x_wconf 79' lang='grc' dir='ltr'>ὅτι</span> <span class='ocrx_word' id='word_1_821' title='bbox 2330 4809 2525 4879; x_wconf 82' lang='grc' dir='ltr'>Ὁμοία</span> <span class='ocrx_word' id='word_1_822' title='bbox 2569 4808 2703 4863; x_wconf 74' lang='grc' dir='ltr'>ἐστὶ</span> <span class='ocrx_word' id='word_1_823' title='bbox 2746 4808 2786 4875; x_wconf 75' lang='grc' dir='ltr'><strong><em>ἡ</em></strong></span> <span class='ocrx_word' id='word_1_824' title='bbox 2829 4805 3120 4871; x_wconf 62' lang='grc' dir='ltr'>,βασιλεία</span> <span class='ocrx_word' id='word_1_825' title='bbox 3166 4800 3288 4856; x_wconf 80' lang='grc' dir='ltr'><strong>τῶν</strong></span> <span class='ocrx_word' id='word_1_826' title='bbox 3337 4797 3612 4869; x_wconf 73' lang='grc' dir='ltr'>οὐρανῶν</span> <span class='ocrx_word' id='word_1_827' title='bbox 3685 4800 3786 4863; x_wconf 73' lang='lat' dir='ltr'><strong>0n-</strong></span> 
     </span>
    </p>
   </div>
   <div class='ocr_carea' id='block_1_108' title="bbox 2203 4888 3787 4972">
    <p class='ocr_par' dir='ltr' id='par_1_108' title="bbox 2203 4888 3787 4972">
     <span class='ocr_line' id='line_1_109' title="bbox 2203 4888 3787 4972; baseline -0.009 -16"><span class='ocrx_word' id='word_1_828' title='bbox 2203 4901 2409 4972; x_wconf 83' lang='grc' dir='ltr'>σαυρῷ</span> <span class='ocrx_word' id='word_1_829' title='bbox 2445 4901 2831 4972; x_wconf 76' lang='grc' dir='ltr'>κεκρυμμένῳ</span> <span class='ocrx_word' id='word_1_830' title='bbox 2854 4902 2924 4954; x_wconf 82' lang='grc' dir='ltr'>ἐν</span> <span class='ocrx_word' id='word_1_831' title='bbox 2955 4895 3135 4968; x_wconf 75' lang='grc' dir='ltr'>ἀγρῷ,</span> <span class='ocrx_word' id='word_1_832' title='bbox 3169 4898 3340 4967; x_wconf 76' lang='grc' dir='ltr'>ἧγουν</span> <span class='ocrx_word' id='word_1_833' title='bbox 3380 4893 3443 4947; x_wconf 84' lang='grc' dir='ltr'><strong>τό</strong></span> <span class='ocrx_word' id='word_1_834' title='bbox 3471 4890 3701 4961; x_wconf 63' lang='grc' dir='ltr'>Πνεῦμα</span> <span class='ocrx_word' id='word_1_835' title='bbox 3728 4888 3787 4940; x_wconf 77' lang='grc' dir='ltr'>τὸ</span> 
     </span>
    </p>
   </div>
   <div class='ocr_carea' id='block_1_109' title="bbox 2205 4977 3786 5064">
    <p class='ocr_par' dir='ltr' id='par_1_109' title="bbox 2205 4977 3786 5064">
     <span class='ocr_line' id='line_1_110' title="bbox 2205 4977 3786 5064; baseline -0.011 -18"><span class='ocrx_word' id='word_1_836' title='bbox 2205 4992 2360 5060; x_wconf 76' lang='grc' dir='ltr'>ἅγιον</span> <span class='ocrx_word' id='word_1_837' title='bbox 2393 4992 2456 5046; x_wconf 79' lang='grc' dir='ltr'>τὸ</span> <span class='ocrx_word' id='word_1_838' title='bbox 2484 4992 2682 5064; x_wconf 87' lang='grc' dir='ltr'>κρυϐἐν</span> <span class='ocrx_word' id='word_1_839' title='bbox 2710 4992 2770 5044; x_wconf 84' lang='grc' dir='ltr'><strong>ἐν</strong></span> <span class='ocrx_word' id='word_1_840' title='bbox 2815 4992 2948 5061; x_wconf 79' lang='grc' dir='ltr'>ἡμῖν</span> <span class='ocrx_word' id='word_1_841' title='bbox 2975 4991 3034 5042; x_wconf 80' lang='grc' dir='ltr'><strong>ἐν</strong></span> <span class='ocrx_word' id='word_1_842' title='bbox 3061 4986 3246 5057; x_wconf 66' lang='grc' dir='ltr'>ἡμέρᾳ</span> <span class='ocrx_word' id='word_1_843' title='bbox 3283 4983 3376 5039; x_wconf 76' lang='grc' dir='ltr'>τοῦ</span> <span class='ocrx_word' id='word_1_844' title='bbox 3406 4982 3551 5036; x_wconf 82' lang='grc' dir='ltr'>θείου</span> <span class='ocrx_word' id='word_1_845' title='bbox 3589 4977 3786 5049; x_wconf 71' lang='grc' dir='ltr'>βαπτέιν</span> 
     </span>
    </p>
   </div>
   <div class='ocr_carea' id='block_1_110' title="bbox 2207 5066 3791 5155">
    <p class='ocr_par' dir='ltr' id='par_1_110' title="bbox 2207 5066 3791 5155">
     <span class='ocr_line' id='line_1_111' title="bbox 2207 5066 3791 5155; baseline -0.008 -21"><span class='ocrx_word' id='word_1_846' title='bbox 2207 5098 2433 5152; x_wconf 87' lang='grc' dir='ltr'>σματος.</span> <span class='ocrx_word' id='word_1_847' title='bbox 2459 5082 2596 5155; x_wconf 71' lang='grc' dir='ltr'>Περὶ</span> <span class='ocrx_word' id='word_1_848' title='bbox 2619 5081 2715 5136; x_wconf 76' lang='grc' dir='ltr'>τοῦ</span> <span class='ocrx_word' id='word_1_849' title='bbox 2763 5081 2857 5136; x_wconf 75' lang='grc' dir='ltr'>καὶ</span> <span class='ocrx_word' id='word_1_850' title='bbox 2888 5082 2917 5134; x_wconf 88' lang='grc' dir='ltr'><strong>ό</strong></span> <span class='ocrx_word' id='word_1_851' title='bbox 2960 5076 3173 5141; x_wconf 58' lang='lat' dir='ltr'><strong>nauta;</strong></span> <span class='ocrx_word' id='word_1_852' title='bbox 3208 5092 3341 5146; x_wconf 80' lang='grc' dir='ltr'>φησι</span> <span class='ocrx_word' id='word_1_853' title='bbox 3360 5090 3375 5105; x_wconf 90' lang='grc'><strong>·</strong></span> <span class='ocrx_word' id='word_1_854' title='bbox 3426 5074 3695 5155; x_wconf 52' lang='grc' dir='ltr'>Ἐχομεγ</span> <span class='ocrx_word' id='word_1_855' title='bbox 3721 5066 3791 5121; x_wconf 66' lang='grc' dir='ltr'><strong>δὲ</strong></span> 
     </span>
    </p>
   </div>
   <div class='ocr_carea' id='block_1_111' title="bbox 2207 5161 3789 5243">
    <p class='ocr_par' dir='ltr' id='par_1_111' title="bbox 2207 5161 3789 5243">
     <span class='ocr_line' id='line_1_112' title="bbox 2207 5161 3789 5243; baseline -0.011 -15"><span class='ocrx_word' id='word_1_856' title='bbox 2207 5173 2316 5228; x_wconf 80' lang='grc' dir='ltr'>τὸν</span> <span class='ocrx_word' id='word_1_857' title='bbox 2343 5174 2648 5243; x_wconf 72' lang='grc' dir='ltr'>θησαιψὸν</span> <span class='ocrx_word' id='word_1_858' title='bbox 2691 5172 2906 5228; x_wconf 80' lang='grc' dir='ltr'>τοῦτον</span> <span class='ocrx_word' id='word_1_859' title='bbox 2944 5171 3015 5224; x_wconf 79' lang='grc' dir='ltr'>ἐν</span> <span class='ocrx_word' id='word_1_860' title='bbox 3059 5167 3441 5236; x_wconf 70' lang='grc' dir='ltr'>ὀστρακίνοις</span> <span class='ocrx_word' id='word_1_861' title='bbox 3472 5161 3789 5218; x_wconf 73' lang='grc' dir='ltr'>σκεύεσιν,</span> 
     </span>
    </p>
   </div>
   <div class='ocr_carea' id='block_1_112' title="bbox 2210 5250 3801 5337">
    <p class='ocr_par' dir='ltr' id='par_1_112' title="bbox 2210 5250 3801 5337">
     <span class='ocr_line' id='line_1_113' title="bbox 2210 5250 3801 5337; baseline -0.004 -28"><span class='ocrx_word' id='word_1_862' title='bbox 2210 5267 2375 5337; x_wconf 50' lang='lat' dir='ltr'><strong>{now</strong></span> <span class='ocrx_word' id='word_1_863' title='bbox 2425 5268 2482 5318; x_wconf 77' lang='grc' dir='ltr'>ὲν</span> <span class='ocrx_word' id='word_1_864' title='bbox 2528 5267 2636 5327; x_wconf 84' lang='grc' dir='ltr'>τοῖς</span> <span class='ocrx_word' id='word_1_865' title='bbox 2681 5264 2921 5335; x_wconf 86' lang='grc' dir='ltr'>πηλίνοις</span> <span class='ocrx_word' id='word_1_866' title='bbox 3163 5257 3407 5327; x_wconf 74' lang='grc' dir='ltr'>σώμασιο</span> <span class='ocrx_word' id='word_1_867' title='bbox 3450 5252 3546 5307; x_wconf 74' lang='grc' dir='ltr'><strong>καὶ</strong></span> <span class='ocrx_word' id='word_1_868' title='bbox 3599 5250 3801 5311; x_wconf 55' lang='grc' dir='ltr'>πάλιν).</span> 
     </span>
    </p>
   </div>
   <div class='ocr_carea' id='block_1_113' title="bbox 2286 5547 2972 5623">
    <p class='ocr_par' dir='ltr' id='par_1_113' title="bbox 2286 5547 2972 5623">
     <span class='ocr_line' id='line_1_114' title="bbox 2286 5547 2972 5623; baseline -0.006 -17"><span class='ocrx_word' id='word_1_869' title='bbox 2286 5551 2397 5623; x_wconf 70' lang='lat' dir='ltr'><strong>(l‘l)</strong></span> <span class='ocrx_word' id='word_1_870' title='bbox 2440 5552 2535 5606; x_wconf 79' lang='lat' dir='ltr'><strong>Ms.</strong></span> <span class='ocrx_word' id='word_1_871' title='bbox 2572 5547 2972 5621; x_wconf 78' lang='grc' dir='ltr'>βαπτιζόμενοι.</span> 
     </span>
    </p>
   </div>
  </div>
