4012 6182
269 288 377 350 860

1097 280 1157 339 S.
1192 278 1485 336 ORSIESII
1528 274 1875 333 DOL'TRINA
1920 274 2004 325 Dii)
2046 274 2391 332 lNS'l‘lTUT.
2438 276 2742 332 MONACII.

3420 288 3526 341 870

269 400 571 460 racteribus
619 400 816 470 quibus
859 386 1055 453 librum
1096 397 1362 467 ejusmodi
1410 395 1578 450 fuisse
1624 390 1843 463 insigui-
1874 392 1922 449 Α
1950 391 2039 445 iile
2089 393 2408 447 Alexandria
2443 395 2625 449 missos
2664 407 2981 465 susceperat,
3030 408 3087 451 ut
3140 402 3301 453 etiam
3354 403 3537 473 injuria

269 509 379 550 tum
424 492 589 547 tradit
642 490 930 561 presbyter
979 487 1373 553 Massiliensis,
1412 486 1559 541 illum
1598 486 1847 539 eumdem

266 600 387 642 esse
412 587 469 640 in
496 591 778 653 comperio
807 589 913 649 est,
944 581 1037 651 qui
1064 577 1287 635 Orsiesii
1322 578 1579 633 Doctrina
1610 579 1674 633 de
1694 578 1848 631 insti-

268 681 475 733 tutione
505 676 877 731 monachorum
906 673 1249 738 inscribitur;
1275 687 1435 742 quem
1465 671 1680 741 quidem
1715 686 1849 725 non-

264 772 450 842 gentis
473 781 528 825 et
552 768 774 838 amplius
797 768 1003 824 abhinc
1044 766 1202 822 annis
1228 764 1551 820 Benedictus
1573 763 1849 817 Anianen-

264 864 346 921 sis
376 863 546 919 abbas
575 861 721 931 operi
767 876 867 917 suo
902 860 977 916 De
1014 858 1210 931 regulis
1257 859 1581 914 diversorum
1621 854 1849 909 Patrum

264 954 521 1018 intexuit,
549 953 745 1008 saeculo
767 952 985 1007 demum
1017 951 1300 1021 superiore
1327 948 1428 1005 sub
1452 946 1609 1004 titulo
1638 945 1848 1001 Codicis

265 1046 588 1116 Regularum
612 1044 679 1098 ab
702 1041 982 1099 Holstenlo
1005 1042 1253 1111 evulgato
1271 1040 1374 1112 (a).
1399 1039 1658 1111 Quisquis
1701 1039 1846 1095 enim

268 1140 635 1196 Orsiesianam
668 1138 973 1191 Doctrinam
1018 1135 1162 1190 illam
1213 1134 1534 1205 inspexerit,
1558 1132 1850 1203 perspiciet

267 1233 546 1288 enimvero
586 1230 655 1285 ad
685 1244 806 1284 eam
833 1228 993 1299 plane
1027 1226 1254 1297 digitum
1290 1226 1587 1281 intendisse
1625 1224 1845 1280 Genna-

266 1328 439 1390 dium,
489 1338 616 1380 cum
670 1335 736 1378 eo
786 1321 841 1377 in
893 1334 1056 1391 opere
1110 1334 1216 1375 non
1272 1319 1445 1374 solum
1488 1318 1844 1373 monasticam

265 1415 603 1487 disciplinam
634 1416 860 1471 edoceat
892 1412 1237 1468 beatissimus
1278 1411 1368 1467 ille
1415 1411 1608 1475 Pater,
1653 1426 1839 1466 verum

264 1509 453 1572 etiam,
483 1520 592 1576 quo
623 1503 922 1575 spirituaiia
952 1504 1275 1558 documenta
1307 1500 1701 1558 cmnobitarum
1734 1502 1848 1556 ani-

203 1624 207 1633 ν
263 1601 364 1655 mis
403 1599 568 1653 altius
596 1596 821 1667 inligat,
854 1597 1048 1651 librum
1085 1595 1257 1651 ferme
1297 1594 1566 1665 integrum
1602 1609 1668 1649 ex
1712 1593 1843 1653 locis

263 1705 384 1746 cum
425 1689 646 1745 Veteris
678 1698 788 1743 tum
829 1688 960 1743 Novi
1001 1686 1332 1741 Testamenti
1378 1694 1654 1747 contexat.
1700 1676 1839 1752 Quid

1926 484 2087 553 'geret
2131 484 2542 554 transferendos.
2573 486 2760 541 Aiebat
2807 489 2944 542 enim
2988 493 3126 561 quod
3173 493 3226 547 in
3251 493 3529 550 Thebaidis

1951 578 2274 633 cmnobiis—
2294 579 2588 633 habitarent
2608 579 2823 647 plurimi
2853 581 3184 646 Latinorum.
3207 588 3295 656 qui
3324 588 3534 657 ignora-

1953 677 2066 723 rent
2092 668 2826 742 ngyptiacumecumque
2862 690 3289 746 sermonem,quo
3322 677 3532 733 Paclto-

1952 762 2045 817 mii
2081 771 2129 815 et
2159 761 2420 817 Theodori
2457 772 2505 816 et
2533 763 2757 819 Orsiesii
2786 778 3043 836 pracepta
3072 771 3365 840 conscripta
3382 785 3526 827 sunt.

1951 849 2252 921 Paucisque
2269 851 2567 921 interiectis
2592 872 2604 908 :
2632 853 2842 925 Itaque,
2885 857 3084 922 subdit,
3107 860 3274 913 accito
3298 863 3528 928 notario,

1950 952 2011 997 ut
2027 955 2176 998 erant
2191 947 2256 998 de
2267 945 2585 1016 IEgyptiaca
2598 946 2651 1001 in
2668 946 2906 1003 Gnaeum
2921 949 3151 1020 linguam
3169 968 3337 1018 versa,
3352 966 3529 1008 nostra

1954 1050 2192 1093 sermone
2234 1039 2449 1113 dictavi.
2504 1038 2883 1096 Praefationem
2941 1058 3073 1097 vero
3122 1059 3275 1099 suam
3328 1046 3533 1101 claudit

1950 1140 2173 1185 sanctus
2205 1130 2404 1186 Doctor
2445 1132 2529 1187 bis
2562 1132 2745 1188 verbis
2786 1149 2799 1187 :
2839 1133 3241 1203 Simplicitatem
3285 1137 3532 1209 Egyptii

1948 1221 2205 1275 sermonis
2234 1222 2429 1276 imitati
2451 1237 2657 1286 sumus,
2690 1240 2840 1277 —-ne
2864 1225 3002 1278 siros
3038 1227 3347 1291 apostolicos
3372 1238 3420 1281 et
3451 1239 3533 1281 to»

1948 1321 2028 1364 tos
2066 1314 2256 1381 gratiae
2292 1314 2555 1382 spiritalis
2606 1330 2778 1369 sermo
2845 1317 3140 1370 rhetoricus
3200 1320 3528 1373 immutaret.

1948 1402 2151 1459 Cretera
2174 1414 2350 1459 autem
2376 1422 2494 1475 quia
2532 1408 2589 1461 in
2622 1422 2802 1461 eorum
2849 1409 3164 1462 tractatibus
3198 1412 3536 1463 continentur

1947 1496 2223 1565 praelibare
2254 1498 2421 1561 nolui,
2462 1508 2517 1551 ut
2547 1498 2605 1552 in
2650 1500 2761 1552 suis
2800 1499 3077 1553 discantur
3111 1502 3451 1563 auctoribus;
3481 1512 3530 1554 et

1945 1590 2010 1642 de
2039 1589 2271 1657 [antibus
2297 1590 2470 1659 potius
2494 1606 2650 1659 quam
2669 1592 2731 1643 de
2750 1592 2932 1645 rivulis
2956 1592 3305 1661 bibant,,quos
3331 1604 3534 1649 sancte

1946 1683 2363 1735 conversationis
2394 1682 2572 1734 studia
2603 1680 2888 1736 delectant.
2916 1684 3032 1737 Huc
3066 1700 3237 1753 usque
3263 1682 3533 1753 Hierony-

260 1783 402 1853 quod
429 1790 650 1837 sanctus
677 1780 901 1834 Auiante
931 1778 1101 1835 abbas
1125 1777 1449 1832 Benedictus
1476 1746 1843 1832 eamdemWOr-
1874 1746 1919 1802 Β
1956 1786 2097 1827 mus.

260 1873 410 1929 siesii
444 1873 751 1927 Doctrinam
788 1872 841 1926 in
872 1883 966 1926 sua
990 1868 1294 1924 Concordia
1332 1869 1654 1940 ngularum
1703 1869 1845 1924 haud

264 1964 633 2034 inirequenter
667 1961 1102 2019 commemorat?

331 2055 528 2111 Exstat
572 2062 832 2121 praterea
870 2053 1050 2107 editus
1086 2068 1114 2106 a
1154 2050 1372 2107 Canisio
1413 2066 1479 2107 ex
1527 2062 1710 2108 vetere
1745 2053 1848 2107 La-

268 2148 375 2200 tiua
407 2145 660 2200 versione
688 2143 938 2211 libellus,
976 2142 1216 2212 ejusdem
1251 2151 1309 2197 ut
1345 2143 1557 2200 videtur
1591 2144 1844 2206 Orsiesii,

268 2238 336 2293 De
368 2252 463 2292 sex
492 2236 898 2307 cogitationibus
924 2246 1232 2289 sanctorum
1274 2250 1294 2289 :
1327 2238 1585 2291 nimirum
1614 2235 1683 2290 de
1715 2234 1845 2298 Deo,

268 2334 329 2385 de
364 2329 624 2399 passione
650 2326 877 2391 Christi,
906 2326 973 2381 de
999 2325 1130 2401 hora
1161 2325 1441 2393 transitus,
1479 2326 1549 2381 de
1584 2326 1672 2381 die
1702 2326 1849 2395 judi-

264 2423 349 2482 cii.
386 2422 455 2475 de
486 2418 703 2473 inferno
741 2426 798 2473 et
844 2418 909 2473 de
942 2421 1051 2471 vita
1092 2408 1316 2473 aeterna.
1361 2417 1621 2484 Quamvis
1662 2427 1847 2472 autem

270 2510 577 2580 ltujusmodi
630 2509 950 2578 opusculum
995 2509 1233 2577 junioris
1281 2509 1513 2577 alicujus
1568 2509 1851 2578 scriptoris

222 2594 229 2599 ’
268 2606 434 2658 fetum
463 2617 587 2658 esse
610 2602 916 2669 suspicetur
938 2599 1168 2666 Caveus,
1194 2602 1433 2657 Orsiesio
1458 2611 1637 2656 tamen
1662 2611 1849 2661 nostro

268 2694 648 2751 ascribeudum
680 2691 1015 2746 arbitrantur
1042 2706 1153 2761 prae
1183 2692 1399 2746 caeteris
1449 2690 1746 2761 Basuagius
1770 2690 1865 2761 (b)_

266 2798 314 2841 et
343 2785 631 2841 Fabricius
672 2783 767 2856 (c).
817 2781 1004 2852 Neque
1039 2782 1314 2839 immerito
1356 2797 1488 2838 sane
1538 2801 1552 2838 :
1664 2784 1851 2853 quippe

266 2878 574 2933 conveniunt
603 2877 840 2941 nomina,
860 2875 1036 2946 inquit
1060 2875 1236 2930 editor
1264 2873 1520 2930 Thesauri
1545 2875 1846 2942 Canisiani;

262 2970 506 3025 conuenit
532 2984 715 3038 scapus
762 2967 1049 3022 admodum
1076 2967 1194 3038 pius
1214 2983 1234 3031 ,°
1273 2969 1508 3022 convenit
1550 2977 1601 3022 et
1629 2968 1795 3038 stglus
1830 2980 1850 3019 :

2023 1863 2099 1917 Ex
2133 1860 2334 1932 quibus
2374 1875 2507 1931 ergo
2539 1873 2876 1931 compertum
2930 1861 3008 1927 lit,
3053 1872 3110 1916 ut
3156 1863 3406 1932 equidem
3445 1880 3532 1917 ar-

1954 1958 2147 2024 bitror,
2179 1967 2426 2014 sanctum
2477 1955 2762 2012 Doctorem
2807 1971 2911 2011 non
2948 1957 3124 2013 solum
3160 1956 3435 2014 Pacbomii
3478 1970 3533 2015 et

1956 2050 2251 2117 Theodosi,
2284 2050 2380 2106 sed
2412 2050 2577 2105 etiam
2601 2047 2853 2113 Orsiesii,
2892 2064 3122 2119 quorum
3150 2065 3345 2120 nempe
3372 2051 3533 2120 paulo

1955 2155 2080 2199 ante
2122 2146 2284 2200 simul
2318 2145 2667 2209 meminerat,
2710 2142 3016 2197 litterarum
3063 2142 3394 2197 monimenta
3426 2142 3535 2197 La-

1955 2238 2066 2291 tine
2099 2238 2345 2291 vertisse.
2389 2236 2610 2291 Accedit
2648 2236 3263 2305 praeteres'eorumdem
3310 2234 3534 2291 Patrum

1954 2328 2328 2401 Egyptiorum
2362 2330 2565 2397 scripta
2624 2330 2821 2384 saeculo
2845 2345 2877 2383 v
2908 2330 3190 2401 desinente
3220 2329 3429 2385 Latinis
3453 2330 3534 2384 in-

1956 2420 2214 2485 notuisse,
2239 2426 2301 2473 ut
2336 2433 2405 2473 ex
2430 2418 2711 2473 Gennadio
2738 2418 3015 2472 erudimur
3041 2418 3155 2488 (cl);
3195 2420 3286 2488 qui
3313 2419 3531 2487 quidem

1955 2511 2170 2567 nonnisi
2216 2522 2284 2565 ex
2318 2510 2568 2565 versione
2611 2508 3035 2580 Hieronymiana
3078 2509 3346 2577 ejusmodi
3382 2510 3528 2565 noti-

1957 2604 2086 2659 tiam
2119 2603 2219 2659 sibi
2247 2605 2463 2658 demum
2507 2616 2858 2671 comparasse
2900 2602 3096 2657 merito
3123 2604 3531 2660 existimantur.

1957 2695 2141 2764 Neque
2176 2694 2337 2749 aliter
2367 2695 2467 2748 hac
2498 2693 2564 2748 de
2594 2706 2653 2747 re
2687 2694 2899 2746 censuit
2928 2692 2999 2748 cl.
3030 2692 3408 2747 Tillemoutius
3434 2694 3529 2761 (c).

2026 2787 2157 2855 Quae
2203 2801 2326 2842 cum
2368 2787 2440 2840 ita
2475 2799 2533 2841 se
2579 2784 2851 2849 habeant,
2901 2787 2953 2839 in
2992 2796 3261 2855 postrema
3308 2802 3533 2856 Operum

1955 2883 2130 2938 sancti
2151 2880 2414 2951 Doctoris
2437 2878 2675 2934 editione
2700 2877 2997 2934 Veronensi
3025 2888 3388 2949 Opportunum
3422 2877 3535 2932 ior-

1959 2983 2101 3030 tasse
2162 2973 2338 3029 locum
2386 2980 2547 3026 nacta
2592 2971 2783 3027 fuisset
2835 2972 2952 3025 haec
2984 2969 3213 3025 Orsiesii
3265 2969 3534 3026 Doctrina!

262 3076 567 3132 quanquam
596 3061 732 3116 enim
765 3059 1069 3114 brevissima
1100 3059 1168 3114 sit
1192 3058 1289 3113 illa
1326 3060 1709 3114 sententiarum
1743 3060 1851 3113 cot-
1878 3079 1925 3142 α
1958 3063 2377 3134 Hieronymiana
2412 3061 2612 3126 vet-sio,
2643 3075 2709 3116 eo
2734 3060 2944 3115 scilicet
2969 3058 3187 3114 nomine
3213 3073 3318 3127 quo
3348 3061 3534 3115 erudi-

263 3153 457 3218 lectio,
503 3160 735 3207 attamen
768 3150 844 3205 ibi
881 3149 1111 3220 plurima
1154 3149 1356 3206 Veteris
1400 3159 1451 3207 et
1502 3148 1641 3207 Novi
1667 3150 1855 3207 Testa-

265 3245 431 3299 ηιξκιε
485 3243 605 3297 loca
658 3251 1017 3314 congeruntur
1066 3240 1545 3314 (quemadmodum
1616 3245 1671 3299 in
1751 3243 1853 3299 Do-

265 3334 490 3405 ctrina),
510 3350 736 3403 quorum
763 3348 857 3402 ope
879 3332 1009 3401 ﬁdes
1027 3333 1255 3401 ﬁrmari,
1280 3342 1328 3390 et
1349 3341 1652 3391 sanctorum
1677 3334 1845 3401 pietas

267 3426 521 3480 innutriri
557 3426 743 3492 possit.

333 3515 425 3573 ιιι.
458 3515 761 3586 Utrumque
803 3531 966 3587 porro
998 3516 1174 3573 sancti
1201 3517 1413 3574 abbatis
1451 3517 1674 3575 Orsiesii
1707 3536 1843 3592 opu-

268 3605 505 3673 sculum,
568 3606 818 3676 primitus
865 3604 1185 3677 Egyptiace
1234 3606 1304 3661 ab
1343 3617 1566 3665 auctore
1607 3612 1847 3666 conscri-

268 3707 444 3766 ptum,
481 3697 675 3754 deinde
703 3698 895 3755 Graeco
930 3713 1184 3755 sermone
1218 3699 1488 3755 redditum
1511 3738 1526 3765 ,
1570 3711 1845 3772 postremo

270 3786 471 3844 Latine
495 3789 880 3859 interpretatus
901 3799 986 3849 est
1006 3802 1229 3848 sanctus
1254 3790 1634 3865 Hieronymus.
1662 3793 1846 3865 Siqui-

270 3882 394 3935 dem
450 3880 505 3936 in
558 3880 873 3950 praefatione
921 3883 988 3938 ad
1043 3882 1299 3954 Regulam
1348 3883 1521 3939 sancti
1569 3883 1844 3942 Pacltomii

278 3972 391 4025 haec
453 3972 618 4026 habet
690 3971 887 4029 Doctor
945 3975 1211 4031 maximus
1256 3994 1271 4032 :
1325 3978 1512 4046 Accepi
1560 3978 1723 4035 libros
1779 3980 1843 4034 ab

1957 3157 2194 3215 tissimus
2218 3156 2401 3211 editor
2422 3152 2983 3221 PachansiiRegatam,
3020 3167 3119 3208 nec
3155 3167 3261 3206 nou
3290 3151 3532 3220 ejusdem

1953 3263 2019 3304 ac
2052 3247 2321 3303 Theodori
2356 3246 2617 3317 epistoias
2656 3245 2782 3300 illuc
2817 3246 3024 3314 primus
3062 3244 3291 3300 invexit.
3324 3243 3532 3299 Horum

1950 3352 2188 3413 namque
2234 3341 2397 3396 trium
2434 3347 2745 3395 sanctorum
2794 3336 3048 3391 abbatum
3093 3336 3534 3393 Tabenneusium

1950 3446 2113 3504 Opera
2146 3432 2334 3489 Graece
2363 3426 2573 3489 reddita
2606 3430 2836 3502 junctlm
2867 3429 2930 3483 ab
2955 3431 3163 3485 homine
3196 3431 3287 3485 Dei
3317 3428 3536 3486 Silvano

1952 3524 2254 3593 presbytero
2296 3524 2492 3591 accepit
2542 3530 2765 3583 sanctus
2815 3519 3034 3587 Doctor,
3083 3534 3257 3590 eaque
3289 3520 3448 3575 simul
3477 3531 3533 3574 ut

1952 3624 2100 3670 erant
2134 3615 2198 3668 de
2230 3612 2551 3684 zEgyptiaca
2579 3613 2635 3667 in
2663 3609 2905 3667 Graecam
2952 3611 3187 3680 linguam
3232 3626 3377 3663 versa
3417 3626 3536 3679 pro-
3565 3674 3580 3689 .

1952 3708 2067 3777 prio
2097 3720 2332 3761 sermone
2362 3704 2600 3769 dictavit,
2634 3713 2696 3758 ut
2725 3705 2883 3757 modo
2903 3704 2978 3758 ab
3007 3716 3073 3757 eo
3109 3700 3437 3768 accepimus.

2023 3797 2178 3867 Quod
2215 3804 2481 3866 superest,
2509 3793 2732 3851 Orsiesii
2768 3790 3075 3845 Doctrinant
3104 3804 3170 3846 ex
3212 3787 3404 3845 Codice
3429 3788 3533 3844 Re-

1942 3892 2196 3963 ,gularum
2240 3886 2592 3943 Holsteniano
2628 3884 2885 3939 editionis
2934 3881 3193 3936 Romana:
3233 3882 3530 3951 descripsi-

1954 3995 2073 4036 mus
2108 3998 2121 4035 :
2152 3978 2390 4034 libellum
2414 3990 2542 4031 vero
2567 3974 2641 4029 De
2665 3988 2757 4029 sea:
2778 3970 3182 4042 cogitationibus
3206 3982 3530 4037 sanctorum,

268 4060 477 4115 nomine
507 4060 601 4116 Dei
644 4063 858 4119 Silvano
900 4067 1195 4139 presbytero
1246 4068 1374 4123 mihi
1424 4070 1668 4137 directos,
1718 4088 1845 4142 quos
1880 4094 1925 4151 ι)
1952 4090 2019 4131 ex
2044 4072 2311 4127 Thesauro
2335 4068 2647 4126 Canisiano.

451 4259 620 4340 l_10lst.
665 4262 795 4340 Cod.
834 4263 986 4337 Reg.,
1016 4284 1155 4340 pag.
1180 4270 1427 4325 121-154.

365 4332 416 4416 ι)
448 4332 869 4416 gastragutltc.
900 4332 1035 4416 pag:
1063 4332 1184 4416 ηδτ.

271 4401 663 4540 “(arfach
716 4404 855 4459 Bibl.
900 4401 1017 4461 Lai.
1052 4411 1190 4464 med.
1243 4421 1291 4464 et
1326 4411 1498 4478 inﬂm.
1531 4423 1674 4468 tetat.
1718 4423 1759 4468 t.
1794 4414 1858 4480 V,

2065 4277 2120 4344 d)
2159 4270 2413 4333 Getmad.
2442 4277 2533 4332 lib.
2570 4275 2649 4330 De
2679 4275 2772 4329 vir.
2804 4274 3162 4344 illustr..cap.
3202 4272 3256 4337 7,
3290 4272 3423 4344 8.79.

2065 4278 2120 4344 d)
2159 4278 2402 4333 Getmad.
2442 4278 2533 4332 lib.
2570 4278 2649 4330 De
2679 4278 2772 4329 vir.
2804 4278 3020 4331 illustr..
3043 4288 3162 4343 cap.
3202 4278 3256 4337 7,
3290 4278 3342 4332 8.
3372 4278 3423 4327 9.

2041 4278 2111 4420 ξε)
2152 4348 2363 4402 Tillem.
2388 4347 2558 4420 μένῃ.
2585 4345 2767 4401 eccles.
2801 4354 2928 4401 tom.
2960 4343 3069 4408 Vil,
3106 4357 3227 4414 pag.
3265 4343 3391 4407 686,
3418 4351 3530 4397 not.

1969 4417 2059 4481 16,
2086 4417 2181 4496 sur
2200 4420 2337 4473 saint
2376 4417 2619 4472 Pacbme.
2717 4460 2731 4476 .

286 4668 3508 4703 Mm

1224 4866 1792 5001 SANCTI
1889 4876 2574 5006 ORSIESII

1414 5172 1423 5179 .
1502 5132 1798 5191 ABBATIS
1838 5124 2316 5223 TABENNENSts

702 5300 1220 5381 DOCTRINA
1302 5306 1430 5384 DE
1509 5308 2278 5395 INSTITUTIONE
2355 5320 3102 5415 MONACHORUM.

1852 5519 1929 5545 F-

324 5710 329 5715 Δ
371 5623 589 5715 .‘rAudi,
623 5624 813 5696 Israel,
841 5634 1092 5707 mandata
1126 5636 1264 5704 vine,
1297 5640 1517 5696 auribus
1549 5646 1773 5715 percipe,
1800 5660 1845 5701 et

267 5712 511 5783 ih‘tellige
541 5720 900 5789 prudentiam.
931 5723 1073 5790 Quid
1108 5738 1205 5792 est,
1235 5727 1424 5800 Israel,
1456 5735 1595 5804 quod
1627 5712 1846 5793 interra

1955 5648 2290 5703 inimicorum
2329 5655 2420 5709 es?
2462 5654 2760 5711 inreterasti
2792 5658 2847 5713 in
2897 5669 3036 5715 terra
3073 5662 3271 5729 aliena,
3301 5681 3533 5719 comma.

1958 5740 2163 5795 culatus
2193 5758 2244 5796 es
2281 5759 2395 5797 cum
2431 5749 2675 5818 mortuis,
2699 5763 3033 5823 comparatus
3089 5773 3140 5813 es
3182 5772 3298 5809 cum
3332 5758 3407 5809 Iris
3438 5759 3529 5824 qui
