4098 6200
564 245 660 302 8⁸71

1658 240 1927 294 νλτιςιεδ
1967 236 2270 295 ,ΕΟῩΡΤΙΙ
2339 241 2612 300 SA‘JCLLI
2655 243 2740 299 IV.

3727 241 3832 305 ait!

564 363 622 415 in
659 360 863 428 inferno
902 369 1044 421 sunt,
1081 366 1128 410 et
1153 355 1476 424 dereliquiin
1506 353 1699 422 [autem
1728 355 2019 423 sapientia'.
2055 351 2156 405 l’er
2186 357 2227 411 Α
2259 366 2404 424 ptqu
2437 367 2519 411 est
2549 378 2560 412 :
2592 357 2902 413 Benedictus
2931 361 3082 412 homo
3112 360 3204 428 qui
3235 360 3453 428 con/itit
3499 361 3550 412 in
3585 361 3829 427 Domino,

562 454 699 506 viam
743 449 836 504 Dei
865 452 912 504 si
945 449 1291 509 ambulasses,
1317 447 1541 516 forsitan
1565 448 1882 500 ltabttaveris
1905 447 1958 499 in
1988 461 2135 513 pace.

565 543 718 597 Disce
751 557 895 611 ergo,
930 542 1024 601 ait,
1056 541 1144 593 ubi
1175 549 1247 593 est
1283 539 1561 607 prudentia
1595 550 1708 600 tua,
1748 538 1836 590 ubi
1883 547 1956 590 est
1985 536 2140 605 forti-

563 639 690 690 tudo
716 636 900 704 gloriae
948 645 1104 702 atque
1155 634 1384 699 virtutis,
1414 633 1497 686 ubi
1537 642 1613 687 est
1644 632 2018 702 intelligentia,
2053 631 2141 686 ubi

561 740 635 782 est
677 729 770 780 tua:
799 726 1073 780 oculorum
1109 736 1155 779 et
1180 741 1304 794 post.
1337 725 1467 790 Quis
1493 725 1688 779 invenit
1715 723 1887 778 locum
1912 725 2051 795 ejus,
2089 734 2138 779 et

559 821 676 888 quis
699 822 965 888 ingressus
998 827 1073 872 est
1110 819 1177 870 ad
1219 819 1492 872 thesauros
1538 818 1682 871 illius
1711 817 1772 871 ’?
1798 816 1922 872 Haec
1954 817 2141 887 loque-

561 912 720 972 batur
759 911 968 965 Baruch
1003 919 1220 980 propter
1250 923 1344 964 eos
1375 910 1466 979 qui
1505 910 1556 964 in
1605 919 1804 964 terram
1848 909 2140 981 Babylonis

559 1013 615 1056 et
651 1002 990 1056 inimicorum
1033 1017 1252 1056 suorum
1300 1001 1443 1056 ducti
1479 1010 1605 1056 sunt
1649 1003 1700 1055 in
1747 1003 2140 1072 captivitatem,

561 1096 685 1163 quia
741 1095 1026 1148 noluerunt
1061 1094 1445 1163 prophetarum
1476 1093 1754 1163 suscipere
1787 1094 2056 1159 mandata,
2085 1103 2142 1149 et.

559 1186 711 1240 obliti
752 1196 879 1239 sunt
927 1185 1063 1255 legis
1099 1185 1189 1239 Dei
1221 1201 1342 1255 quae
1367 1185 1488 1239 data
1519 1195 1603 1240 est
1635 1201 1730 1254 per
1762 1183 2006 1256 Moysen.
2049 1187 2140 1240 ld-

561 1279 710 1332 circo
747 1279 961 1331 induxit
986 1278 1127 1331 Deus
1151 1291 1316 1346 super
1339 1291 1431 1332 eos
1460 1291 1648 1347 poenas
1669 1285 1830 1346 atque
1855 1276 2135 1346 supplicia,

538 1379 613 1423 .et
645 1371 974 1439 captivitatis
1023 1371 1263 1426 subdidit
1302 1371 1452 1441 jugo,
1506 1371 1758 1426 erudiens
1791 1385 1922 1441 ergo
1954 1385 2048 1426 eos
2085 1382 2142 1426 ut

560 1477 704 1524 suos,
733 1470 783 1515 et
809 1463 961 1531 quasi
991 1472 1146 1531 pater
1174 1462 1313 1517 ﬁlios
1339 1463 1658 1527 emendans,
1694 1461 1987 1533 nolensque
2018 1477 2140 1533 per.

557 1553 638 1609 ire
687 1563 979 1618 correctos,
1047 1555 1143 1608 sed
1197 1554 1409 1609 salvare
1455 1555 1676 1622 cupiens
1731 1568 1827 1617 per
1873 1555 2140 1625 pceuiten-

560 1643 685 1696 tiam
700 1681 712 1697 .

627 1733 689 1786 ll.
737 1732 889 1788 Unde
933 1741 986 1788 et
1029 1748 1127 1788 nos
1182 1733 1601 1804 apostolicorum
1651 1736 1912 1793 debemus
1946 1737 2140 1794 memi-

559 1827 706 1881 nisse
741 1829 1048 1892 verborum,
1084 1828 1175 1896 qui
1205 1830 1280 1881 ait
1313 1845 1326 1882 :
1357 1827 1418 1883 Si
1460 1829 1790 1883 naturalibus
1839 1831 2002 1884 ramis
2035 1847 2138 1884 non

558 1919 807 1985 pepercit,
843 1935 936 1972 nec
987 1919 1138 1973 nobis
1165 1919 1407 1989 parcet’.
1449 1919 1515 1973 Et
1547 1919 1637 1974 Dei
1674 1931 1941 1991 praecepta
1983 1937 2138 1976 coma-

557 2009 706 2077 plere
739 2008 1095 2077 negligimus?
1123 2007 1252 2062 Hcce
1273 2010 1452 2062 omnia
1477 2011 1531 2063 in
1553 2009 1739 2078 ﬁguris
1766 2013 2138 2080 contingebant

557 2099 700 2162 illis;
736 2100 932 2166 scripta
963 2109 1088 2152 sunt
1123 2111 1300 2154 autem
1347 2101 1415 2152 ad
1459 2101 1839 2168 correptionem
1881 2111 2138 2171 nostram,

556 2191 613 2244 in
652 2206 779 2259 quos
807 2189 938 2259 ﬁnes
978 2190 1291 2244 saeculorum
1318 2191 1686 2246 devenerunt‘.
1721 2191 1786 2245 Et
1813 2193 1885 2246 illi
1923 2195 2138 2262 quidem

556 2281 623 2336 do
645 2284 778 2336 urbe
806 2279 957 2337 Judre
987 2281 1230 2336 translati
1259 2291 1386 2336 sunt
1416 2283 1480 2336 ad
1515 2284 1702 2338 urbem
1731 2283 2138 2353 Chaldaeorum,

557 2374 612 2429 iu
649 2375 810 2429 terris
845 2384 1116 2428 mutantes
1149 2375 1266 2428 loca
1293 2390 1308 2439 ;
1344 2389 1442 2430 nos
1491 2384 1671 2430 autem
1700 2377 1744 2430 si
1777 2378 1915 2432 Deus
1944 2359 2144 2434 viderit

559 2468 914 2536 negligentes,
949 2467 1000 2521 in
1037 2464 1221 2520 futuro
1266 2466 1465 2521 steculo
1519 2468 1829 2524 amittemus
1867 2469 2138 2526 civitatem

556 2571 838 2626 nostram;
873 2568 927 2615 et
960 2556 1201 2614 lzetitfam
1262 2559 1600 2626 deserentes,
1633 2562 1909 2616 tradentur
1948 2576 2140 2632 ptena~

557 2667 674 2705 runt
718 2652 1043 2720 captivitati,
1102 2651 1498 2720 perdemusque
1542 2653 1795 2721 gaudium
1850 2654 2138 2724 sempiter-

557 2759 708 2806 num,
751 2741 893 2810 quod
942 2751 1124 2811 patres
1168 2741 1339 2795 nostri
1365 2753 1419 2798 et
1463 2745 1662 2801 fratres
1687 2745 1872 2801 labore
1900 2746 2138 2802 instabili

555 2841 894 2901 repererunt.

629 2923 715 2978 ill.
759 2924 929 2992 igitur
961 2939 1066 2980 non
1097 2941 1195 2982 nos
1217 2925 1399 2982 vincat
1427 2927 1648 2993 oblivio,
1687 2944 1789 2984 nec
1821 2923 2138 2998 patientiam

557 3015 653 3071 Dei
695 3017 1068 3074 existimemus
1104 3020 1486 3089 ignorantiam,
1532 3023 1620 3090 qui
1671 3023 1874 3077 idcirco
1921 3033 2138 3078 susten-

559 3119 635 3163 tat
667 3122 722 3165 et
769 3111 969 3177 diliert,
1027 3122 1084 3166 ut
1127 3114 1193 3167 ad
1236 3112 1458 3168 meliora
1494 3115 1768 3180 conversi,
1803 3117 2138 3171 cruciatibus

556 3217 663 3256 non
718 3203 1016 3258 tradantur.
1062 3205 1288 3270 Quando
1358 3221 1681 3276 peccamus,
1727 3221 1832 3260 non
1889 3217 2138 3276 putemus

556 3290 722 3346 Deum
755 3294 1064 3347 consentire
1093 3297 1296 3348 nostris
1332 3296 1595 3363 peccatis,
1626 3295 1751 3363 quia
1795 3310 1902 3350 non
1949 3296 2136 3350 statim

555 3381 830 3446 vindicat;
885 3383 979 3436 sed
1027 3383 1157 3437 illud
1196 3386 1518 3453 cogitemus,
1547 3388 1689 3454 quod
1721 3385 1830 3439 cito
1870 3395 2136 3442 exeuntes

555 3473 622 3528 de
644 3474 840 3528 saeculo
871 3476 1252 3542 separabimur
1285 3477 1336 3529 in
1373 3476 1560 3532 futuro
1591 3492 1622 3530 a
1657 3477 1900 3546 patribus
1933 3489 1988 3534 et
2026 3480 2138 3534 fra-

557 3567 732 3621 tribus
763 3569 983 3634 nostris,
1022 3570 1112 3638 qui
1148 3569 1322 3624 locum
1361 3572 1600 3626 victoria:
1632 3574 1926 3642 possident.
1967 3572 2136 3640 Quem

557 3667 612 3713 et
650 3675 746 3713 nos
790 3660 1130 3728 habebimus,
1179 3663 1224 3718 si
1279 3663 1491 3719 illorum
1556 3665 1886 3721 voluerimus
1929 3666 2140 3721 calcare

555 3753 804 3821 vestigia,
834 3763 889 3808 et
924 3755 1056 3809 illud
1106 3756 1406 3820 attendere,
1442 3758 1585 3827 quod
1626 3757 1902 3826 apostolus
1940 3757 2140 3814 Paulus

559 3847 648 3902 bic
690 3862 903 3917 quoque
952 3858 1172 3904 sanctos
1204 3864 1232 3902 a
1269 3850 1646 3919 peccatoribus
1677 3863 1920 3920 separat,
1951 3862 2003 3905 et
2037 3860 2141 3905 tra-

555 3941 630 3994 dit
669 3940 1045 4008 delinquentes
1093 3943 1146 3996 in
1171 3941 1437 3996 interitum
1467 3945 1668 4008 carnis,
1699 3954 1753 3997 ut
1781 3944 2000 4012 spiritus
2030 3943 2140 3996 sal-

555 4047 647 4085 vus
669 4031 763 4102 Ῑὶαι
787 4034 828 4087 ⁸.
864 4033 1061 4090 Beatus
1090 4039 1248 4090 homo
1270 4038 1364 4107 qui
1389 4039 1541 4091 timet
1571 4036 1876 4102 Dominum,
1901 4046 1953 4091 et
1976 4051 2138 4106 quem

557 4123 777 4192 corripit
829 4133 886 4177 ut
929 4128 1277 4194 emendetur;
1314 4136 1368 4182 et
1403 4129 1572 4198 legem
1605 4143 1760 4182 suam
1798 4128 1956 4183 docet
1991 4145 2138 4194 eum,

558 4225 609 4267 ut
657 4216 892 4271 ambulet
924 4217 976 4271 in
1015 4217 1286 4275 mandatis
1338 4220 1454 4286 ejus
1498 4221 1750 4274 omnibus
1783 4221 1973 4277 diebus
2015 4221 2142 4277 vita:

555 4322 692 4375 suae;
729 4309 816 4377 qui
850 4325 957 4363 non
983 4321 1286 4366 murmurat
1319 4327 1416 4379 pro
1443 4323 1663 4382 peccato
1685 4327 1805 4367 suo.

598 4399 713 4466 _!V.
755 4401 938 4468 Itaque
987 4411 1040 4455 et
1099 4418 1195 4457 nos
1249 4413 1556 4459 scrutemur
1612 4406 1730 4460 vias
1785 4415 2023 4472 nostras,
2084 4419 2136 4462 et

555 4505 780 4560 gressus
819 4494 1067 4560 pr0prios
1131 4493 1516 4562 dijudicemus;
1569 4507 2014 4568 revertamurque
2067 4501 2132 4554 ad

559 4586 866 4651 Dominum,
902 4597 957 4640 et
989 4586 1229 4642 levemus
1275 4604 1395 4642 cum
1451 4591 1698 4646 manibus
1739 4595 1939 4649 nostris
1969 4595 2134 4650 corda

557 4689 738 4733 nostra
793 4678 843 4732 in
879 4680 1154 4735 excelsum
1204 4690 1257 4737 et
1290 4682 1343 4735 in
1375 4681 1594 4750 caelum,
1625 4694 1683 4738 ut
1731 4685 1783 4739 in
1837 4687 1922 4741 die
1952 4685 2134 4750 iudicii

553 4771 766 4840 adjutor
791 4784 972 4828 noster
989 4775 1079 4838 sit,
1102 4785 1276 4830 etnon
1297 4775 1825 4832 conl'untlamurcum
1853 4780 2137 4850 loquemur

556 4866 792 4920 inimicis
827 4869 1029 4922 nostris
1078 4869 1132 4922 in
1183 4877 1333 4939 porta
1360 4877 1402 4935 ⁸,
1437 4871 1531 4926 sed
1563 4849 1734 4940 magis
1779 4849 1938 4944 digni,
1965 4874 2134 4928 simus

557 4960 684 5013 illud
713 4961 900 5014 audire
928 4979 942 5014 :
969 4960 1177 5028 Aperite
1192 4973 1398 5030 portas,
1438 4974 1490 5016 ut
1521 4947 1851 5030 ingrediatur
1877 4966 2129 5034 papulas,

552 5052 643 5120 qui
665 5051 889 5105 custodit
909 5052 1174 5122 justitiam
1193 5064 1240 5106 et
1275 5056 1604 5109 veritatem'.
1639 5056 1738 5111 Cui
1773 5058 1978 5111 veritas
2009 5072 2132 5111 cor-

553 5147 604 5200 di
637 5156 741 5211 est,
777 5157 830 5201 et
865 5147 955 5216 qui
997 5147 1232 5215 possidet
1264 5162 1472 5217 pacem,
1519 5148 1701 5203 dicere
1744 5158 1916 5218 potest
1953 5148 2129 5216 :Quia

553 5247 606 5298 in
644 5255 696 5299 te
746 5245 1106 5314 speravimus,
1143 5245 1389 5305 Domine.
1436 5245 1488 5300 in
1537 5256 1820 5301 aeternum.
1861 5245 2132 5300 Recorde-

555 5355 675 5390 mur
705 5338 940 5402 Domini,
973 5346 1027 5393 et
1058 5336 1393 5393 Hierusalem
1426 5339 1680 5392 ascendat
1716 5353 1876 5407 super
1905 5353 2000 5392 cor
2037 5353 2127 5392 no-

553 5440 596 5481 st
611 5445 745 5482 rum.
786 5429 862 5484 Ne
889 5429 1273 5485 obliviscamur
1303 5429 1448 5485 illius
1489 5431 1744 5494 hominis,
1773 5431 1837 5485 de
1861 5445 1967 5498 quo
1994 5429 2129 5482 scri-

623 5607 643 5633 ¹
674 5603 900 5662 Bartsch.
934 5622 1017 5670 Ill,
1043 5607 1193 5661 945.
1273 5607 1292 5637 ³
1322 5606 1477 5662 Rem.
1527 5622 1602 5672 XI,
1633 5605 1722 5660 2|.

551 5675 603 5729 9..
687 5677 706 5706 ⁸
733 5673 842 5731 Jer.
894 5691 1023 5740 xvn,
1060 5676 1217 5730 7-l0.
1295 5679 1314 5708 ’
1341 5675 1544 5732 Tlireu.
1581 5693 1655 5739 tv,
1688 5677 1778 5729 20.

557 5760 649 5809 vn,
690 5747 774 5800 1:2.
855 5745 899 5777 "
923 5745 1064 5801 Psal.
1099 5761 1287 5811 xxxvi,
1317 5747 1408 5799 24.
1514 5747 1556 5778 ’⁸
1585 5747 1742 5801 l’rov.
1779 5763 1924 5812 utv,
1965 5747 2044 5802 16.

1830 5610 1849 5636 ⁸
1881 5606 1896 5659 I
1926 5606 2053 5660 Cor.
2089 5623 2144 5668 κ,
2187 5606 2318 5668 Η.¹

1859 5677 1900 5706 ¹⁰
1927 5677 2067 5730 Psnl.
2105 5691 2293 5738 cxvut,
2335 5674 2452 5727 103i.

2127 5747 2168 5777 “‘
2200 5748 2214 5800 l
2247 5745 2362 5799 Pet.
2398 5761 2446 5810 ν,
2479 5744 2529 5797 8.

2246 449 2396 517 cujus
2436 461 2510 503 est
2558 468 2670 517 spes
2707 453 2759 505 in
2803 468 2902 516 eo;
2935 453 3028 505 erit
3061 453 3214 522 quasi
3239 451 3440 522 lignum
3485 451 3825 520 [ructifernnt
3865 471 3870 476 '
3931 445 3942 460 ’

2233 540 2392 610 juxta
2417 558 2603 609 aquas,
2629 556 2675 596 et
2703 545 2771 595 ad
2799 541 3069 596 humorem
3106 543 3267 596 ntittit
3300 543 3501 598 radices
3535 561 3693 609 suas;
3728 563 3833 600 non

2243 631 2439 685 timebit
2494 648 2611 685 cum
2645 645 2802 687 a‘stus
2848 634 3151 700 advenerit,
3182 633 3491 704 habebitque
3534 635 3834 704 frondentes

2243 739 2438 786 ramos,
2463 733 2508 777 et
2546 725 2600 777 in
2632 734 2861 792 tempore
2892 726 3144 780 siccitatis
3163 726 3374 791 virebit,
3403 743 3559 793 poma
3596 727 3833 780 sollicita

2242 801 2565 884 germinani.
2596 812 2764 870 Grave
2782 832 2874 870 cor
2889 817 2943 870 in
2971 817 3237 882 omnibus,
3269 827 3316 872 et
3336 820 3489 872 homo
3515 831 3614 884 est,
3640 829 3690 873 et
3718 819 3832 889 quis

2243 906 2504 975 cognoscit
2534 906 2692 959 eum?
2715 904 2828 976 Ego
2862 905 3118 961 Dominus
3167 917 3413 961 scrutans
3449 913 3612 961 corda
3653 919 3700 962 et
3746 925 3832 961 re-

2243 1013 2353 1060 nes,
2389 1005 2446 1050 ut
2487 997 2703 1051 reddam
2733 999 3012 1069 unicuique
3042 997 3331 1053 secundum
3363 1001 3474 1054 vias
3495 1018 3620 1054 suas
3640 1001 3683 1058 ⁸.

2321 1107 2379 1163 ν.
2424 1109 2831 1166 Meminerimus
2877 1111 3074 1177 nostri,
3112 1127 3213 1167 nec
3252 1122 3672 1171 contemnamus
3701 1105 3836 1172 deli-

2243 1214 2332 1258 cla
2363 1219 2483 1274 quae
2512 1203 2776 1270 fecimus;
2807 1214 2863 1259 et
2895 1205 3102 1274 singula
3140 1205 3394 1260 mandata
3439 1210 3607 1277 patris
3639 1213 3834 1274 nostri,

2243 1304 2297 1349 et
2324 1310 2514 1350 eorum
2568 1296 2660 1365 qui
2711 1313 2812 1350 nos
2851 1295 3184 1362 docuerunt,
3234 1297 3400 1351 corde
3437 1298 3674 1355 sollicito
3714 1317 3838 1372 per—

2245 1397 2584 1452 tractemus,.-
2609 1403 2714 1443 non
2761 1388 2934 1443 solum
2966 1389 3252 1444 credentes
3281 1390 3336 1444 in
3367 1390 3610 1454 Christo.
3643 1395 3742 1448 sed
3781 1404 3837 1451 et

2243 1497 2342 1551 pro
2370 1483 2487 1552 ipso
2521 1483 2812 1552 patientes,
2841 1490 2895 1536 et
2925 1482 3162 1537 scientes
3183 1482 3327 1547 illud
3381 1486 3707 1554 mysterium
3763 1488 3833 1541 de

2245 1591 2352 1646 quo
2398 1575 2596 1630 dicitur
2633 1593 2646 1631 :
2681 1572 2914 1645 Spiritus
2945 1576 3118 1629 vultus
3149 1577 3338 1642 nostri,
3374 1575 3621 1631 Christus
3647 1578 3834 1633 Domi-

2247 1684 2343 1721 nus
2367 1669 2424 1733 9;
2457 1661 2660 1720 etialibi
2693 1683 2706 1719 :
2743 1664 2981 1720 Lucerna
3012 1666 3231 1734 pedibus
3257 1669 3383 1720 meis
3415 1667 3502 1720 les:
3523 1678 3639 1734 tua,
3671 1678 3720 1722 et
3749 1669 3837 1721 ln-

2243 1777 2356 1814 men
2401 1759 2597 1813 semitis
2635 1759 2760 1812 meis
2785 1759 2858 1822 '°;
2911 1767 2967 1812 et
3002 1759 3196 1813 iterum
3234 1775 3248 1810 :
3285 1757 3568 1829 Eloquium
3618 1760 3834 1815 Domini

2243 1851 2516 1921 viviﬁcavit
2546 1851 2686 1903 me“
2715 1867 2731 1914 ;
2759 1859 2810 1905 et
2846 1868 2861 1903 :
2903 1846 3012 1902 Lea:
3058 1848 3273 1904 Domini
3312 1852 3673 1917 immaculata,
3709 1869 3835 1906 cono

2241 1955 2445 1998 vertens
2473 1944 2702 2000 animas.
2731 1941 3048 1996 Mandatum
3081 1942 3294 1997 Domini
3341 1943 3598 2009 lucidum,
3628 1945 3836 1999 illumia

2243 2053 2374 2091 nans
2431 2037 2690 2090 oculos".
2755 2034 2822 2089 Et
2879 2035 3169 2105 Apostolus
3199 2051 3214 2088 :
3240 2034 3590 2107 Lex,'inquit,
3623 2049 3829 2102 sancta,

2241 2138 2289 2182 et
2319 2129 2629 2181 mandatum
2659 2139 2921 2192 sanctum,
2952 2137 3001 2183 et
3025 2129 3258 2198 justum,
3293 2140 3339 2182 et
3385 2129 3579 2183 bonum
3600 2131 3670 2184 ¹³.
3702 2131 3834 2197 Qum

2242 2220 2422 2274 omnia
2458 2219 2842 2290 intelligentes,
2861 2220 3009 2292 digni
3037 2222 3244 2276 erimus
3268 2221 3459 2276 audire
3490 2238 3503 2274 :
3535 2222 3670 2276 Cum
3696 2226 3832 2278 ceci-'

2241 2311 2376 2366 derit
2397 2311 2578 2380 justus
2619 2329 2722 2366 non
2763 2313 3034 2377 allidetur,
3077 2313 3204 2383 quia
3270 2313 3524 2368 Dominus
3567 2324 3829 2368 sustentat

2243 2421 2455 2459 manum
2489 2404 2636 2482 illius
2662 2407 2747 2472 ἰδ
2781 2417 2837 2460 et
2865 2405 3061 2460 iterum
3097 2423 3111 2459 :
3143 2405 3343 2474 Septies
3368 2406 3516 2460 cadet
3541 2406 3747 2476 justus,
3782 2419 3826 2482 et

2243 2507 2475 2568 resurget
2501 2496 2566 2551 "t

2319 2606 2405 2661 Vl.
2449 2607 2603 2662 Nunc
2635 2621 2785 2678 ergo,
2814 2606 3032 2673 fratres,
3069 2606 3178 2662 Deo
3229 2620 3421 2678 agente
3465 2611 3742 2678 patienter
3773 2621 3825 2666 et

2249 2713 2359 2772 nos
2403 2700 2468 2754 ad
2521 2699 2894 2768 pceniteuliam
2948 2707 3296 2768 provocante,
3329 2701 3394 2752 de
3422 2701 3576 2769 gravi
3637 2717 3828 2756 somno

2243 2792 2582 2864 evigiletnns,
2642 2793 2768 2861 quia
2826 2793 3172 2848 adversarius
3228 2801 3412 2847 uoster
3447 2796 3602 2864 quasi
3629 2795 3706 2848 leo
3735 2811 3828 2847 ru-s

2242 2888 2383 2956 giens
2434 2886 2619 2940 circuit
2657 2899 2896 2956 quwrens
2939 2901 3089 2954 quem
3139 2886 3428 2950 devoret“,
3479 2887 3567 2940 cui
3624 2887 3828 2941 acriter

2247 2979 2611 3033 resistendum
2655 2987 2760 3041 est,
2807 2977 2880 3031 et'
2917 2975 3198 3030 sciendum
3231 2975 3420 3030 eadem
3450 2976 3612 3030 etiam
3644 2987 3828 3032 certa-

2163 3041 2206 3102 θ
2243 3071 2386 3124 mina
2444 3069 2648 3125 nostris
2694 3068 2942 3123 evenisse
2979 3067 3297 3138 majoribus.
3339 3065 3458 3122 Non
3511 3069 3828 3124 deficiamus

2240 3161 2573 3224 laborantes,
2629 3158 3003 3229 iacientesque
3062 3158 3321 3212 virtutum
3377 3160 3613 3224 semina,
3672 3170 3730 3214 ut
3776 3160 3826 3213 in

2241 3255 2423 3310 l’uturo
2451 3253 2645 3324 gaudia
2688 3261 2893 3307 metere
2936 3248 3228 3320 possimus,
3266 3250 3662 3321 audiemusque
3696 3251 3830 3305 Pau‘

2239 3346 2348 3401 lum
2379 3347 2662 3400 docentem
2693 3359 2707 3395 :
2741 3343 2822 3398 Tu
2857 3327 3035 3398 autem
3077 3343 3171 3413 qui
3225 3343 3454 3398 servasti
3499 3344 3826 3407 doctrinam,

2238 3437 2626 3503 eruditionem,
2656 3437 2916 3502 studium,
2947 3435 3282 3505 patientiam,
3307 3436 3747 3504 persecutionem
3763 3437 3826 3501 ",-

2239 3538 2294 3584 et
2318 3537 2630 3583 sanctorum
2679 3528 2922 3598 exempla
2952 3535 3250 3591 sectantes,
3303 3537 3722 3594 permaneamus
3779 3528 3828 3582 in

2239 3636 2306 3676 eo
2342 3622 2485 3691 quod
2523 3621 2811 3692 coepimus,
2843 3619 3106 3674 habentes
3140 3619 3440 3689 principem
3468 3629 3524 3675 et
3557 3619 3827 3688 perfecto-t

2241 3728 2356 3771 rem
2403 3713 2611 3770 Jesum.
2657 3711 3024 3782 lnlelligamus
3069 3725 3281 3765 comatn
3330 3709 3525 3780 capitis
3572 3710 3751 3765 nostri
3779 3710 3830 3764 in

2241 3809 2349 3872 via,
2385 3817 2443 3862 ut
2478 3807 2552 3862 sit
2601 3814 2932 3874 unguentum
2964 3803 3016 3857 in
3051 3803 3219 3858 barba
3251 3811 3462 3866 nostra,
3493 3811 3553 3855 ut
3576 3803 3649 3858 ad
3679 3817 3827 3859 oram

2241 3899 2522 3972 perveniat
2543 3898 2854 3951 vestimenti
2879 3896 2943 3963 “',
2969 3903 3028 3950 ut
3055 3894 3325 3962 possimus
3359 3894 3584 3964 implere
3619 3896 3829 3951 univer‘

2240 4011 2299 4050 sa
2335 4005 2454 4065 qua:
2483 3994 2683 4062 scripta
2719 3999 2866 4046 sunt.

2317 4127 2427 4183 \‘ll.
2468 4127 2834 4198 Quapropter,
2880 4140 2914 4181 ο
2959 4126 3124 4182 duces
3157 4135 3210 4181 et
3255 4125 3527 4196 prepositi
3553 4135 3832 4182 monaste-

2244 4222 2448 4278 riorum
2489 4235 2554 4274 ac
2599 4219 2906 4282 domorum,
2941 4216 3140 4287 quibus
3177 4217 3368 4272 crediti
3399 4226 3526 4270 sunt
3548 4215 3825 4278 homines.

2245 4324 2300 4369 et
2326 4314 2465 4383 apud
2495 4327 2630 4382 quos
2663 4309 3017 4366 inveniuntur
3047 4308 3113 4374 Τ,
3149 4309 3262 4364 sive
3284 4308 3324 4374 l,
3367 4308 3481 4363 sive
3510 4305 3575 4371 Ε,
3612 4309 3730 4363 sive
3761 4311 3824 4370 Δ,

2166 4385 2220 4444 Ῐ)
2247 4417 2305 4461 ut
2347 4406 2400 4460 in
2441 4419 2728 4460 commune
2762 4403 2960 4466 dicam,
3006 4400 3204 4471 quibus
3238 4399 3428 4454 crediti
3485 4408 3616 4455 sunt
3665 4401 3832 4454 homi-

2246 4514 2362 4563 nes,
2395 4497 2590 4568 singuli
2624 4501 2745 4550 cum
2776 4494 2972 4549 turmis
3013 4495 3126 4548 suis
3163 4501 3479 4561 exspectent
3527 4491 3830 4548 Salvatoris

2243 4592 2560 4653 adventum,
2587 4595 2645 4642 ut
2674 4585 2987 4655 conspectui
3023 4583 3166 4638 illius
3191 4589 3442 4638 ornatum
3475 4585 3645 4638 armis
3673 4599 3831 4639 eser-

2248 4686 2418 4740 citum
2451 4688 2786 4753 praeparent.
2817 4678 2896 4734 Ne
2916 4675 3255 4745 reirigeretis
3286 4690 3380 4730 eos
3410 4675 3464 4730 in
3495 4675 3830 4738 carnalibus,

2243 4787 2299 4832 et
2350 4774 2618 4846 spiritalia
2670 4789 2774 4828 non
2831 4771 3084 4828 tribuatis
3123 4769 3405 4825 alimenta.
3442 4771 3549 4823 Aut
3600 4785 3821 4826 rursum

2243 4864 2484 4926 doceatis
2525 4865 2812 4936 spiritalia,
2866 4872 2922 4920 et
2981 4863 3034 4918 in
3084 4861 3400 4917 carnalibus
3449 4859 3734 4930 adligatis,
3778 4860 3828 4915 in

2240 4963 2382 5019 escis
2436 4959 2686 5015 videlicet
2727 4966 2891 5028 atque
2939 4955 3160 5010 vestitu.
3207 4953 3315 5011 Sed
3360 4964 3416 5010 et
3459 4954 3742 5025 spiritales
3772 4964 3824 5008 et
3865 4983 3868 4986 ~

2242 5057 2491 5112 carnales
2535 5055 2686 5109 cibos
2718 5053 2921 5123 pariter
2953 5049 3199 5114 tribuite,
3230 5059 3287 5105 et
3315 5049 3516 5103 nullam
3563 5049 3708 5103 detis
3748 5048 3828 5103 eis

2237 5143 2580 5201 occasionem
2629 5141 2992 5212 negligentiae.
3027 5139 3136 5194 Aut
3187 5154 3308 5209 quae
3337 5148 3421 5193 est
3458 5139 3558 5193 ista
3591 5139 3830 5209 justitia,

2239 5245 2297 5294 ut.
2345 5239 2543 5292 fratres
2592 5237 2778 5291 labore
2807 5232 3138 5306 alliigamus,
3166 5242 3220 5288 et
3252 5233 3350 5302 ipsi
3388 5233 3498 5286 otio
3528 5233 3834 5286 vacemus?

2239 5342 2350 5386 aut.
2380 5331 2462 5386 eis
2501 5330 2692 5400 jugum
2743 5329 3106 5398 imponamus,
3167 5325 3309 5396 quod
3371 5325 3472 5394 ipsi
3524 5323 3676 5378 ferre
3726 5339 3827 5379 non

2239 5422 2575 5494 possumus!
2623 5420 2879 5493 Legimus
2935 5421 2990 5475 in
3030 5417 3328 5488 Evangelio
3361 5433 3373 5468 :
3415 5415 3536 5484 Qua
3576 5431 3827 5472 mensura

2353 5603 2412 5656 lll
2444 5602 2569 5657 Cor.
2597 5617 2646 5664 v,
2679 5601 2731 5657 5.
2858 5601 2878 5630 ⁸
2907 5599 3050 5655 Psal.
3087 5614 3270 5662 cum,
3305 5597 3359 5652 5.
3462 5597 3481 5624 '
3516 5594 3623 5648 lsa.
3680 5608 3819 5654 xxvi,

2531 5674 2569 5702 ”
2605 5672 2734 5725 ibid.
2801 5671 2890 5726 50.
2975 5674 3016 5702 ¹¹
3041 5669 3184 5722 Psal.
3226 5683 3380 5737 svnt,
3413 5665 3470 5719 8.
3584 5665 3628 5695 "
3671 5665 3814 5737 licet.

2649 5744 2688 5773 ³⁷
2722 5744 2761 5794 ll
2801 5741 2940 5796 Tim.
2978 5758 3056 5805 Ill,
3103 5740 3189 5794 10.
3267 5741 3308 5769 ¹⁸
3335 5736 3476 5790 Psal.
3520 5749 3736 5800 eum,
3770 5734 3812 5786 i.
