4098 6200
315 289 422 344 8T5

1139 290 1198 347 S.
1239 288 1532 347 ORSIESII
1572 289 1916 349 DOCTRINA
1960 290 2046 347 DE
2084 290 2434 351 INSTITUT.
2482 291 2790 358 MONACI'I.

3465 297 3573 356 sn
3604 266 3619 277 ’

312 405 478 457 metui
508 402 742 472 fueritis,
774 403 1067 461 remetietur
1110 405 1332 461 iobis".
1375 404 1527 463 Unde
1560 415 1613 464 et
1650 408 1889 463 laborem
1921 414 1963 468 Α
1994 420 2175 470 tuum,
2217 422 2280 462 ne
2314 409 2506 461 habeas
2550 408 2819 476 peceatum
2871 422 2973 472 pro
3018 422 3079 460 eo
3110 404 3174 460 ³³.
3227 404 3307 462 Ne
3354 410 3573 464 eveniat

304 504 357 549 et
382 493 668 565 refrigeria
695 510 816 550 cum
843 495 972 564 ipsis
1001 495 1298 553 habeamus
1323 501 1652 565 communia,
1684 516 1782 556 nec
1804 501 1889 556 di-

306 586 546 655 scipulos
569 600 758 640 servos
786 596 1060 656 putemus,
1094 597 1149 642 et
1179 574 1388 644 illorum
1412 589 1685 646 tribulatio
1703 592 1777 646 sit
1794 607 1880 656 no-

306 690 421 730 stra
446 676 659 737 laetitia,
681 690 749 729 ne
771 688 955 730 sermo
968 676 1314 746 evangelicus
1335 692 1431 733 nos
1454 692 1575 733 cum
1596 677 1888 734 Pharismis

297 766 569 837 corripiat
601 780 616 817 :
653 763 743 820 Va:
798 764 941 819 vobis
975 765 1107 832 legis
1140 767 1345 835 peritis,
1374 768 1467 837 qui
1501 769 1680 838 ligatis
1721 784 1883 824 onera

300 856 685 925 intportabilia,
727 870 773 910 et
803 856 1075 924 imponitis
1120 874 1181 911 ea
1236 875 1391 928 super
1422 859 1665 915 humeros
1715 861 1887 915 homi-

303 963 460 1013 num,
485 959 529 1000 et
558 948 657 1013 ipsi
687 963 748 1001 ne
767 947 936 1016 digito
960 949 1168 1017 quidem
1192 950 1403 1004 audetis
1436 951 1692 1020 attingere
1706 951 1775 1004 ³ο.

384 1038 516 1093 VIII.
560 1037 696 1093 Sunt
730 1039 890 1108 aliqui
923 1040 1263 1096 attendentes
1332 1042 1677 1111 semetipsos,
1718 1052 1777 1098 ut
1806 1042 1888 1097 vi-

312 1130 678 1198 ventesjnsta
722 1132 1032 1185 mandatum
1071 1130 1166 1185 Dei
1207 1132 1309 1187 sibi
1348 1132 1665 1202 loquuntur,
1710 1145 1769 1190 et
1801 1134 1889 1190 di-

314 1230 488 1278 cunt:
533 1224 671 1290 Quid
712 1224 838 1278 mihi
872 1233 959 1278 est
993 1238 1115 1277 cum
1150 1222 1318 1277 aliis?
1349 1225 1465 1293 Ego
1504 1239 1633 1280 vero
1672 1234 1730 1280 ιιι
1769 1240 1888 1281 ser-

312 1314 461 1368 viam
484 1321 614 1378 Deo,
639 1323 692 1368 et
714 1314 954 1369 mandata
978 1312 1097 1380 ejus
1121 1313 1370 1379 impleam
1397 1355 1412 1380 ,
1437 1330 1539 1370 non
1568 1318 1633 1370 ad
1657 1331 1742 1371 me
1768 1330 1890 1387 per-

316 1409 456 1461 tinet
483 1405 610 1475 quid
638 1405 728 1459 alii
764 1403 981 1459 iaciant.
1012 1403 1124 1460 Hoc
1157 1405 1403 1460 Ezechiel
1425 1406 1845 1478 corripitdicens
1872 1425 1887 1462 :

311 1496 358 1551 0
378 1508 617 1566 pastores
649 1495 841 1561 Israel,
867 1496 1100 1566 nunquid
1124 1498 1421 1565 semetipsos
1467 1506 1686 1566 pascunt
1712 1508 1891 1566 pasto-

305 1604 387 1642 res
406 1588 433 1640 ?
465 1602 636 1640 nonne
659 1603 773 1640 ores
796 1598 1013 1655 pascunt
1029 1587 1055 1640 .’
1075 1585 1209 1641 Ecce
1226 1587 1308 1640 lac
1337 1588 1653 1656 comedistis,
1679 1600 1725 1642 et
1750 1587 1891 1643 lanis

303 1679 623 1747 aperimini;
654 1680 793 1748 quod
821 1680 1012 1748 pingue
1041 1689 1115 1733 est
1147 1679 1478 1745 immolastis,
1504 1692 1550 1735 et
1576 1680 1715 1750 quod
1739 1681 1890 1750 infir-

1993 515 2205 555 rursnm
2254 499 2383 553 illud
2433 499 2786 554 Salomonis:
2847 498 2951 564 Qui
2996 514 3100 552 non
3144 501 3383 568 prtedicit
3434 501 3569 570 ﬁlio,

1991 601 2046 644 ut
2090 606 2145 644 se
2188 589 2447 644 custodiat
2500 606 2530 643 a
2575 589 2955 658 perditionibus
2984 628 2998 655 ,
3041 588 3285 645 velociter
3322 590 3574 645 dissolue-

1993 692 2081 737 tur
2103 682 2167 736 ”.

2060 773 2126 827 Χ.
2168 775 2369 830 Omnes
2399 773 2595 844 quibus
2623 773 2851 828 fratrum
2878 786 3002 827 cura
3030 773 3318 828 commissa
3346 782 3449 838 est,
3482 789 3573 841 pa-

1994 874 2117 918 rent
2145 880 2206 919 se
2238 864 2492 919 adut-nlui
2526 863 2825 919 Salvatoris
2847 873 2899 918 et
2930 863 3277 918 formidolosa
3313 864 3567 918 tribunali

1993 955 2130 1025 ejus.
2161 953 2219 1009 Si
2243 955 2387 1009 enim
2413 970 2509 1023 pro
2542 969 2601 1009 se
2636 954 2752 1025 ipso
2780 953 3002 1009 reddere
3029 954 3316 1018 rationem,
3352 955 3566 1023 plenum

1992 1055 2073 1099 est
2107 1045 2434 1101 discriminis
2487 1045 2550 1100 ac
2591 1045 2838 1108 timoris;
2890 1055 2945 1099 et
2999 1054 3202 1115 quanto
3252 1047 3424 1116 magis
3473 1062 3568 1115 pro
3665 1037 3668 1040 ’

1993 1137 2215 1191 alterius
2243 1136 2397 1205 culpa
2431 1135 2615 1192 subire
2642 1136 2965 1199 cruciatum,
2994 1144 3049 1191 et
3081 1137 3318 1191 incidere
3359 1137 3410 1191 in
3443 1153 3562 1191 tua-

1994 1242 2095 1282 nus
2133 1228 2225 1281 Dei
2271 1226 2539 1281 viventis?
2591 1225 2697 1280 Nec
2741 1239 3028 1295 possumus
3077 1226 3374 1281 obtendere
3414 1226 3568 1295 igno-

1995 1319 2246 1381 rantiam,
2274 1334 2396 1372 eum
2428 1318 2685 1386 scriptum
2717 1318 2789 1371 sit
2818 1333 2831 1370 :
2866 1314 3034 1392 Omne
3065 1316 3268 1392 factum
3299 1316 3435 1371 Deus
3464 1319 3567 1370 ad-

1992 1414 2140 1466 ducet
2165 1412 2217 1465 in
2240 1411 2480 1481 judicio,
2512 1412 2565 1464 in
2596 1408 2834 1463 omnibus
2860 1380 2977 1479 quia
3012 1389 3243 1479 neglecta
3283 1418 3429 1472 sunt,
3464 1410 3567 1462 sire

1993 1503 2219 1567 bonum,
2264 1503 2371 1556 sive
2405 1500 2600 1554 malum
2640 1499 2724 1566 ‘°;
2772 1507 2829 1553 et
2881 1500 2932 1552 in
2982 1497 3238 1567 Apostolo
3289 1497 3563 1567 legimus:

1994 1589 2185 1646 Omnes
2213 1607 2306 1645 nos
2326 1598 2525 1657 oportet
2565 1589 2897 1655 manifestari
2929 1593 3050 1643 ante
3085 1586 3318 1641 tribtmal
3345 1587 3561 1650 Christi,

1993 1693 2046 1734 ιιι
2072 1682 2426 1750 unusquisque
2455 1678 2665 1745 recipiat
2697 1694 2792 1748 pro
2814 1695 2872 1731 eo
2899 1678 3038 1749 quod
3061 1688 3304 1747 operatus
3336 1687 3433 1741 est,
3458 1679 3566 1731 sire

304 1785 451 1823 mum
476 1784 579 1822 non
606 1768 984 1836 confortastis;
1011 1769 1150 1837 quod
1169 1768 1394 1837 fractum
1416 1779 1489 1822 est
1516 1786 1617 1823 non
1641 1769 1883 1840 ligastis;
1920 1768 1960 1824 Β
1989 1768 2200 1833 bonum,
2232 1771 2338 1823 sive
2362 1769 2557 1823 malum
2602 1769 2671 1821 ³³.
2722 1767 2887 1822 ISuias
2931 1782 3144 1837 quoque
3184 1767 3325 1822 diem
3362 1767 3566 1823 consti-

305 1864 443 1931 qnod
471 1857 684 1913 errabat
709 1875 811 1912 non
837 1858 1142 1924 reduxistis,
1167 1859 1305 1929 quod
1326 1858 1548 1928 perierat
1572 1875 1673 1914 non
1693 1860 1884 1929 qutrsi-

305 1953 423 2017 stis,
455 1955 593 2023 quod
617 1953 752 2018 forte
778 1960 889 2005 erat
916 1950 1110 2022 fecistis
1141 1950 1318 2005 labore
1345 1950 1585 2019 deficere,
1607 1961 1657 2005 et
1678 1952 1883 2019 disper-

308 2045 451 2099 sistis
473 2060 589 2098 oves
611 2059 773 2107 meas,
789 2058 849 2097 eo
863 2043 1000 2113 quod
1015 2058 1115 2097 non
1133 2041 1376 2097 haberent
1405 2044 1720 2112 pastores".
1745 2042 1878 2098 Pro-

306 2138 488 2207 pterea
526 2136 640 2206 ipse
674 2128 930 2190 Dominus
957 2134 1134 2191 veniet
1159 2149 1280 2190 cum
1309 2134 1615 2190 senioribus
1643 2144 1696 2190 et
1730 2135 1882 2205 prin-

303 2231 520 2299 eipibns
554 2229 700 2292 suis,
738 2237 792 2281 et
826 2227 1187 2296 complebitur
1235 2226 1363 2282 illud
1404 2226 1455 2281 iu
1490 2227 1647 2282 nobis
1681 2243 1695 2280 :
1742 2223 1884 2279 Exa-

310 2333 479 2376 ctores
506 2321 652 2375 restri
679 2320 1055 2390 deprtedantur
1085 2335 1193 2384 vos,
1216 2327 1266 2373 et
1287 2320 1378 2391 qui
1407 2328 1673 2384 repetunt,
1703 2335 1883 2373 errare

309 2429 403 2469 eos
433 2412 632 2482 faciunt
655 2413 722 2467 ".
771 2411 909 2479 Quin
948 2410 1125 2480 magis
1159 2411 1347 2466 audire
1377 2410 1635 2466 debemus
1670 2408 1684 2465 ὲ
1719 2410 1882 2465 Beata

304 2516 479 2571 terra,
498 2504 659 2574 cuius.
677 2519 767 2557 rex
785 2503 927 2572 filius
950 2518 969 2557 :
992 2502 1201 2573 ingenui
1219 2514 1264 2557 et
1288 2502 1548 2571 principes
1576 2502 1654 2555 tui
1677 2503 1733 2554 in
1748 2510 1879 2555 tetu-

306 2613 435 2665 pore
466 2596 739 2650 comedunt
768 2595 821 2649 in
839 2594 1166 2663 fortitudine,
1195 2605 1244 2647 et
1272 2609 1374 2647 non
1401 2593 1789 2662 confundetttur
1811 2591 1877 2645 ".

378 2685 471 2740 IX.
515 2685 660 2750 Ideo,
692 2701 727 2741 o
777 2686 959 2749 homo,
993 2698 1165 2753 usque
1196 2685 1262 2738 ad
1303 2698 1462 2738 unam
1498 2683 1733 2737 animam
1762 2697 1882 2752 quae

310 2776 406 2832 tibi
436 2778 641 2833 credita
671 2787 784 2841 est,
827 2792 1045 2832 auertere
1085 2790 1188 2830 non
1235 2790 1415 2831 cesses
1443 2785 1499 2830 et
1536 2775 1731 2831 docere
1762 2789 1881 2844 qute

302 2879 492 2924 saneta
523 2878 675 2935 sunt,
705 2879 762 2924 et
794 2878 846 2925 te
886 2869 1058 2938 ipsum
1092 2868 1354 2923 bonormn
1385 2881 1608 2938 operum
1637 2867 1880 2935 praebere

302 2960 634 3030 exemplum.
674 2970 730 3015 et
771 2974 964 3017 cavere
1011 2973 1172 3028 quam
1225 2960 1489 3023 maxime,
1542 2973 1610 3013 ne
1652 2957 1879 3013 alterum

305 3068 458 3108 sines
506 3062 564 3107 et
604 3038 832 3107 alterum
878 3051 1094 3118 oderis;
1129 3050 1222 3106 sed
1273 3059 1329 3104 et
1375 3049 1588 3104 cunctis
1622 3048 1881 3103 exhibeas

1989 1870 2158 1915 tutam
2194 1860 2488 1930 significat,
2519 1862 2572 1915 in
2600 1875 2704 1929 qua
2730 1859 3070 1928 iudicaturus
3100 1858 3169 1912 sit
3204 1858 3343 1913 Deus
3371 1858 3560 1914 orbem

1988 1962 2147 2006 terrae
2181 1952 2233 2004 in
2271 1951 2504 2022 justitia,
2538 1952 2760 2007 dicens:
2797 1948 2930 2004 Ecce
2963 1950 3074 2003 dies
3111 1948 3323 2003 Domini
3350 1950 3565 2004 insana-

1987 2030 2105 2097 bilis
2138 2044 2273 2098 venit
2303 2042 2500 2112 furoris
2544 2052 2592 2097 et
2642 2044 2756 2106 ἔναυ,
2800 2052 2854 2095 ιιι
2900 2050 3061 2110 ponat
3090 2042 3264 2095 orbem
3310 2050 3466 2096 teme
3507 2044 3581 2119 in~

1985 2137 2187 2190 deserto
2207 2176 2220 2200 ,
2253 2145 2300 2191 et
2336 2137 2521 2206 perdat
2558 2144 2855 2205 peccatores
2898 2136 2962 2189 de
2991 2150 3051 2188 eo
3081 2133 3153 2191 ⁸³.
3191 2134 3402 2191 Scimus
3435 2136 3564 2206 quia

1983 2228 2165 2282 omnia
2216 2242 2337 2297 quae
2380 2227 2431 2281 in
2467 2226 2582 2297 lege
2622 2227 2821 2297 scripta
2874 2235 3041 2293 sunt,
3089 2233 3144 2281 et
3177 2228 3561 2297 prophetarum

1986 2319 2141 2373 nobis
2164 2319 2421 2373 vaticinia
2455 2318 2820 2388 praedixerunt
2849 2355 2864 2381 ,
2903 2330 3130 2374 sanctus
3159 2334 3375 2390 quoque
3404 2319 3564 2374 Pater

1986 2419 2171 2465 noster
2195 2410 2452 2475 erudivit,
2489 2423 2587 2463 nos
2615 2424 2738 2463 esse
2785 2410 3091 2466 retinendus
3137 2419 3192 2465 et
3253 2410 3561 2465 reddituros

1985 2498 2252 2553 rationem
2291 2497 2358 2553 de
2386 2498 2635 2569 singulis,
2668 2513 2836 2567 quare
2875 2513 2983 2553 non
3016 2500 3310 2555 fecerimus
3344 2517 3430 2566 ea,
3468 2510 3564 2556 aut

1984 2590 2342 2661 negligentius
2366 2590 2681 2646 fecerimus.
2713 2589 2979 2661 Loquitur
3007 2593 3150 2646 enim
3182 2593 3267 2648 cui
3300 2594 3555 2647 traditum

1981 2692 2067 2744 est
2096 2701 2123 2740 a
2151 2684 2313 2741 Patre
2341 2699 2501 2739 omne
2524 2682 2809 2754 judicium,
2835 2693 2890 2738 et
2916 2681 3127 2739 Veritas
3155 2686 3330 2739 erudit
3359 2684 3559 2739 verita-

1984 2786 2133 2832 tem:
2181 2774 2302 2832 Non
2341 2776 2532 2845 putetis
2563 2774 2690 2845 quia
2732 2791 2825 2845 ego
2865 2791 3054 2830 accuso
3094 2792 3181 2831 vos
3208 2776 3277 2831 ad
3310 2774 3557 2840 Patrem;

1983 2880 2059 2925 est
2095 2871 2186 2939 qui
2229 2885 2314 2924 ros
2360 2877 2566 2922 accuset
2608 2866 2835 2938 Moyses,
2874 2868 2930 2922 in
2974 2883 3074 2939 quo
3109 2883 3194 2922 vos
3226 2868 3466 2935 speratis.
3499 2867 3561 2923 Si

1983 2964 2121 3017 enim
2168 2961 2444 3017 crederetis
2497 2960 2707 3030 Moysi,
2751 2961 3028 3015 crederetis
3072 2969 3121 3014 et
3175 2960 3303 3014 ntihi
3338 2976 3358 3015 :
3390 2960 3456 3014 de
3483 2975 3561 3016 nte

1985 3053 2123 3106 enim
2153 3052 2240 3107 ille
2265 3053 2475 3121 scripsit
2508 3053 2574 3105 ³³.

303 3145 703 3214 :equalitatetn:
733 3158 799 3199 ne
830 3142 968 3197 forte
992 3115 1151 3212 quem
1181 3152 1233 3195 tu
1262 3140 1471 3209 diligis,
1505 3140 1646 3195 Deus
1667 3139 1875 3203 oderit;
1911 3115 1956 3175 Ο
2060 3141 2149 3198 XI.
2193 3143 2273 3198 Ex
2301 3115 2497 3214 quibus
2527 3143 2781 3199 omnibus
2810 3144 3090 3208 discimus,
3134 3145 3278 3215 quod
3313 3154 3559 3215 oporteat

303 3246 363 3290 et
386 3250 550 3306 quem
585 3244 639 3289 tu
676 3235 857 3290 oderis
903 3233 1046 3290 Deus
1093 3233 1298 3303 diligat.
1348 3231 1490 3286 Nulli
1529 3232 1736 3287 erranti
1784 3246 1883 3302 pro

302 3328 544 3383 amicitia
579 3327 910 3391 consentias,
936 3335 991 3381 et
1028 3326 1255 3381 alterum
1297 3340 1533 3395 premas,
1566 3332 1623 3380 et
1652 3324 1882 3380 alterum

303 3422 593 3487 subleves,
632 3429 687 3476 et
720 3427 907 3491 pereat
953 3419 1103 3474 labor
1149 3428 1290 3474 tuus.
1340 3416 1695 3485 Sedentesjn
1748 3415 1881 3472 locis

304 3511 690 3566 humilioribus
717 3511 770 3565 in
801 3511 997 3581 quibus
1023 3507 1183 3564 Pater
1208 3516 1390 3563 noster
1412 3507 1651 3576 pnecipit
1671 3508 1881 3577 penitus

305 3601 759 3666 non'sedendum,
782 3608 1008 3657 caveant
1038 3598 1308 3669 praepositi
1337 3599 1644 3660 domorum,
1673 3611 1738 3651 ne
1769 3598 1880 3651 for-

304 3695 452 3748 sitan
480 3695 706 3765 quilibet
746 3708 884 3748 unus
915 3708 979 3748 ex
1024 3690 1280 3746 fratribus
1314 3690 1600 3758 praeposito
1629 3688 1879 3757 injuriam

305 3785 521 3851 fecerit,
549 3796 603 3841 et
633 3789 801 3840 iratus
820 3785 910 3839 ille
931 3783 1223 3848 discernat,
1247 3795 1310 3835 ac
1335 3780 1477 3835 dicat
1502 3796 1515 3831 :
1542 3779 1678 3846 Quid
1706 3794 1881 3833 eausze

306 3880 484 3934 habeo
508 3879 573 3933 ad
597 3879 867 3934 hominem
888 3872 1352 3943 contemptorem?
1372 3872 1556 3927 Faciat
1583 3871 1721 3940 quod
1746 3871 1879 3934 vult,

304 3969 374 4024 ad
409 3984 496 4023 me
525 3984 629 4023 non
658 3970 923 4037 pertinet;
948 3981 1047 4022 nec
1071 3981 1193 4020 eum
1218 3978 1433 4029 moneo,
1470 3976 1572 4018 nec
1605 3971 1878 4016 errantem

300 4063 554 4132 corrigo;
594 4062 708 4115 sive
734 4060 998 4122 salvetur,
1032 4060 1150 4113 sive
1178 4062 1385 4125 pereat,
1415 4054 1481 4108 ad
1511 4068 1593 4108 me
1622 4068 1724 4105 non
1757 4068 1878 4121 pur-

300 4155 462 4208 tinet.
493 4152 539 4207 0
571 4153 752 4214 Ιιοιιιο,
780 4151 909 4220 quid
938 4152 1052 4205 haec
1075 4146 1356 4218 loqueris?
1389 4145 1624 4215 intellige
1654 4158 1761 4213 quo
1793 4143 1877 4196 fit--

304 4260 433 4300 rore
470 4244 783 4314 superet-is;
824 4252 878 4297 et
904 4243 1085 4297 odimn
1136 4237 1424 4308 occupavit
1455 4253 1551 4292 cor
1597 4246 1781 4299 ttunn,
1819 4245 1881 4288 ut

305 4337 481 4405 magis
509 4346 600 4390 tuo
625 4335 756 4389 vitio
782 4347 941 4403 quam
971 4346 1070 4387 suo
1095 4339 1319 4399 peccato
1348 4328 1520 4382 frater
1544 4335 1761 4396 pereat;
1793 4324 1878 4379 cui

1983 3249 2086 3290 nos
2112 3243 2260 3289 stare
2287 3246 2412 3291 ante
2453 3236 2688 3289 tribunal
2713 3235 2944 3299 Christi,
2982 3245 3039 3291 et
3072 3236 3139 3291 de
3174 3237 3404 3307 singulis
3452 3254 3560 3292 non

1980 3324 2157 3380 solum
2196 3326 2486 3398 operibus,
2527 3327 2619 3380 sed
2661 3334 2717 3381 et
2746 3326 3167 3396 cogitationibus
3197 3325 3468 3395 iudicari;
3503 3338 3562 3385 et

1983 3428 2106 3486 post
2133 3419 2393 3474 rationem
2429 3419 2548 3473 vitae
2581 3426 2795 3484 nostrae,
2823 3420 2986 3473 etiam
3012 3434 3110 3490 pro
3136 3419 3257 3475 aliis
3284 3421 3375 3491 qui
3403 3422 3561 3477 nobis

1982 3510 2175 3565 crediti
2214 3510 2359 3575 sint,
2397 3509 2703 3565 reddituros
2740 3523 2861 3565 esse
2889 3511 3138 3566 similiter
3168 3512 3459 3567 rationem.
3494 3512 3561 3567 Et

1985 3601 2092 3655 hoc
2124 3617 2232 3656 non
2266 3603 2437 3657 solum
2477 3602 2543 3657 de
2577 3603 2880 3671 praepositis
2912 3603 3196 3658 domorum
3228 3605 3555 3659 audiendum

1985 3701 2090 3755 est,
2117 3693 2211 3746 sed
2237 3703 2291 3747 et
2317 3693 2385 3746 de
2411 3693 2865 3746 monasteriorum
2895 3693 3244 3763 principibus,
3271 3704 3327 3748 et
3355 3695 3421 3748 de
3446 3694 3560 3748 siu-

1990 3779 2132 3848 gulis
2188 3778 2449 3833 fratribus
2498 3780 2588 3846 qui
2644 3788 2962 3847 reputantur
3007 3781 3061 3833 in
3110 3779 3317 3849 plebem
3363 3796 3379 3833 :
3431 3782 3556 3849 quia

1982 3884 2172 3924 inanes
2211 3870 2440 3924 invicem
2467 3871 2659 3924 debent
2685 3886 2780 3925 sua
2821 3885 2987 3927 altera
3019 3882 3259 3942 portare,
3296 3883 3353 3927 ut
3379 3875 3554 3928 adim-

1984 3961 2162 4030 pleam
2189 3962 2356 4032 legem
2383 3961 2584 4015 Christi
2621 3962 2686 4026 ³⁸,
2733 3970 2786 4018 ct
2816 3963 3041 4017 audiant
3068 3963 3386 4031 Apostolum
3416 3967 3557 4019 scri-

1984 4053 2196 4105 betttetn
2229 4051 2294 4104 ad
2346 4049 2689 4104 Timotheum
2731 4066 2744 4103 :
2807 4049 2852 4101 Ο
2905 4049 3211 4114 Timothee,
3262 4052 3555 4121 depositum

1982 4145 2207 4208 custodi,
2244 4144 2482 4196 devitans
2521 4141 2774 4211 profanas
2807 4158 2987 4196 eorum
3016 4144 3300 4201 novitates.
3349 4154 3396 4197 et
3426 4160 3554 4213 pro~

1983 4236 2255 4305 fessionem
2286 4235 2406 4303 fulsi
2439 4233 2665 4287 nominis
2706 4234 2941 4287 scientiis
2964 4233 3033 4287 ³⁸.
3065 4231 3131 4298 Et
3174 4248 3271 4289 nos
3299 4234 3561 4291 lubentius

1983 4326 2288 4397 depositum
2321 4342 2348 4379 a
2392 4325 2499 4379 Deo
2535 4326 2823 4388 traditum,
2852 4325 3272 4387 conversatione
3303 4325 3555 4392 fratrum,

303 4428 474 4481 debes
505 4441 785 4495 ignoscere
823 4435 877 4478 et
922 4437 1046 4476 eum
1086 4421 1362 4491 suscipere
1401 4419 1750 4489 pmniteutem
1772 4455 1787 4478 ,
1820 4425 1880 4471 ut
1911 4448 1953 4502 ο
1984 4434 2081 4486 pro
2120 4418 2317 4485 quibus
2363 4417 2675 4471 laborantes
2705 4426 2759 4472 et
2793 4427 3173 4488 exspectamus
3203 4416 3381 4473 futura
3421 4432 3557 4493 prte-

304 4520 482 4587 possis
522 4517 649 4571 illud
679 4515 1047 4583 evangelicum
1096 4513 1277 4571 dicere
1310 4529 1322 4565 :
1359 4511 1573 4565 Dimitte
1601 4508 1745 4563 nobis
1781 4509 1876 4561 de-

304 4595 416 4664 bita
450 4621 647 4674 nostra,
678 4610 810 4663 sicut
844 4616 893 4661 et
933 4622 1024 4660 nos
1059 4606 1369 4659 dimittimus
1414 4600 1733 4655 debitoribus
1782 4615 1877 4651 no-

301 4703 431 4757 stris
464 4706 533 4758 ".
577 4702 635 4754 Si
663 4714 791 4769 ergo
818 4699 899 4753 vis
944 4708 1001 4752 ut
1042 4697 1181 4751 Deus
1212 4703 1428 4764 peccata
1463 4702 1551 4745 tua
1579 4690 1670 4745 tibi
1701 4690 1882 4743 dimit-

306 4799 424 4854 tat;
460 4800 515 4845 et
544 4800 598 4844 tu
625 4789 839 4843 dimitte
870 4788 1023 4841 fratri
1057 4795 1148 4841 tuo
1173 4783 1433 4854 quidquid
1470 4782 1596 4835 illud
1621 4790 1705 4835 est
1736 4778 1879 4849 quod

307 4885 362 4935 iu
408 4892 459 4936 te
493 4881 772 4952 peccavit,
812 4894 1018 4934 tuemur
1057 4878 1197 4931 illius
1232 4873 1527 4946 prteccpti:
1588 4870 1669 4925 Ne
1707 4873 1879 4925 oderis

302 4981 526 5031 tratum
553 4981 699 5023 tuum
730 4972 783 5022 in
817 4970 972 5023 corde
1002 4979 1091 5021 tuo
1114 4968 1184 5031 ’1‘;
1212 4973 1268 5020 et
1301 4964 1604 5019 Salomonis
1652 4978 1879 5017 monen-

301 5073 416 5115 tts:
458 5061 669 5116 Suscita
700 5061 859 5115 civem
899 5069 1047 5112 tuum
1087 5075 1182 5126 pro
1224 5074 1325 5125 quo
1356 5055 1683 5125 spopondisti
1709 5056 1778 5121 ¹⁶;
1823 5064 1879 5109 et

302 5164 501 5208 Iterum
533 5170 547 5207 :
591 5150 673 5206 Ne
698 5167 861 5205 cesses
896 5152 1104 5204 erudire
1133 5149 1403 5217 parvulum
1440 5150 1527 5207 :si
1558 5148 1695 5202 enim
1729 5150 1873 5215 virga

298 5242 620 5311 percusseris
656 5256 807 5307 eum,
856 5256 957 5293 non
1001 5240 1255 5291 morietur
1288 5239 1352 5290 ⁸⁷.
1394 5237 1611 5307 Moysen
1660 5226 1876 5305 quoque

292 5332 547 5388 ausculta
576 5330 845 5384 dicentem
879 5329 1261 5395 {Correptione
1298 5329 1546 5396 corripies
1577 5330 1872 5393 proximum

374 5493 416 5525 ι’
454 5488 643 5546 Matth.
676 5504 771 5553 νιι,
810 5489 865 5543 ‘2.

297 5565 350 5596 ⁸⁸
385 5559 573 5616 Matth.
608 5562 795 5618 ".12.
901 5561 947 5591 ⁸⁸
988 5559 1113 5622 LeV.
1146 5576 1256 5623 tux,
1286 5559 1370 5611 I7.

306 5647 421 5694 tux,
457 5631 542 5684 18.
647 5630 692 5662 ³⁸
738 5631 916 5682 Eri-le.
960 5645 1064 5691 xu,
1116 5632 1200 5683 li.
1314 5630 1354 5660 ³⁸
1406 5628 1443 5681 II
1483 5628 1608 5683 Cor.
1640 5644 1688 5690 v,
1716 5629 1803 5685 Ill,

308 5696 401 5754 ³⁸1
433 5700 572 5755 Tim.
615 5716 689 5764 \‘I,
727 5700 814 5754 20.
894 5700 940 5730 ³⁸
978 5700 1147 5753 Exod.
1192 5715 1245 5763 ιτ,
1295 5702 1339 5752 l.
1420 5699 1462 5733 ⁸⁷
1497 5698 1605 5753 Jer.
1638 5714 1697 5759 tt,
1745 5702 1795 5752 8.

586 5791 840 5871 Parnou
896 5791 1014 5850 Gn.
1053 5790 1181 5855 XL.

993 5490 1036 5521 “‘
1078 5489 1265 5544 Matth.
1308 5504 1460 5552 ut”,
1503 5489 1556 5541 4.

1503 5489 1556 5541 4.
1704 5490 1744 5520 ²¹
1789 5488 1982 5549 Ezecb.
2012 5484 2337 5549 xxx:v,2-3.

1476 5560 1522 5589 η
1561 5560 1696 5589 nunt!
1751 5574 1799 5589 ν.
1867 5559 1886 5589 Ι
2019 5558 2061 5589 ’1
2107 5557 2239 5589 [ιι-ην
2306 5571 2329 5589 ν

1559 5560 1716 5612 Prov.
1751 5574 1823 5622 vt,
1867 5559 1918 5611 1.
2019 5559 2061 5589 ’⁷
2106 5559 2260 5609 I'rov.
2305 5571 2331 5607 ιι

1567 5646 1608 5681 r.
1640 5629 1803 5686 v,l0,
1906 5627 2063 5682 "Isa.
2110 5641 2224 5686 xm,
2277 5624 2331 5686 9.

1877 5698 1920 5728 ³⁸
1951 5698 2053 5752 lsa.
2092 5685 2256 5760 sunt,
2283 5685 2334 5748 Ii.

1985 4510 2088 4563 mia
2117 4548 2133 4576 ,
2180 4524 2247 4565 ne
2288 4508 2513 4565 forsitan
2553 4509 2761 4563 dicatur
2806 4519 2862 4563 et
2912 4510 3109 4565 nobis:
3143 4508 3359 4566 Dimitte
3396 4527 3559 4581 popu-

1982 4600 2090 4653 lant
2114 4602 2270 4655 istum
2294 4641 2309 4667 ,
2342 4612 2398 4655 ttt
2433 4600 2583 4655 abeat
2609 4601 2653 4634 ⁸⁸
2679 4618 2693 4671 ;
2720 4611 2774 4655 et
2811 4602 3132 4659 traditiones
3172 4603 3349 4659 Patris
3384 4606 3554 4659 nostri

1986 4695 2358 4748 deserentibus
2401 4694 2713 4763 ingeratur:
2756 4691 2859 4756 Qui
2893 4693 3082 4748 habent
3110 4693 3272 4763 legem
3312 4710 3418 4748 non
3461 4711 3555 4747 n0-

1985 4793 2164 4838 rerunt
2210 4800 2325 4849 me,
2355 4793 2592 4853 pastores
2630 4798 2840 4854 egerunt
2872 4784 3030 4853 impie
3070 4787 3125 4838 in
3175 4800 3254 4838 me
3296 4783 3365 4838 ³⁷.
3400 4783 3557 4841 Unde

1986 4876 2121 4930 alios
2162 4877 2385 4944 corripit
2417 4876 2601 4930 dicens
2634 4891 2647 4929 :
2692 4874 2803 4944 Ego
2847 4875 2968 4929 dedi
2990 4876 3343 4930 lttrreditatent
3385 4893 3554 4931 meam

1983 4968 2218 5021 inntanu
2244 4979 2355 5031 tua,
2392 4975 2447 5018 tu
2492 4977 2663 5020 autem
2698 4982 2800 5020 noti
2834 4967 3027 5020 dedisti
3061 4967 3228 5020 ullam
3255 4967 3555 5020 misericor-

1981 5058 2156 5123 diam;
2200 5072 2344 5111 senes
2389 5056 2687 5124 aggravasti
2727 5056 2856 5127 jugo
2893 5057 2961 5111 ".
3011 5055 3162 5123 Quod
3197 5067 3252 5110 et
3297 5071 3396 5112 nos
3445 5073 3554 5111 non

1982 5147 2153 5200 solum
2183 5145 2392 5211 audire,
2428 5160 2611 5199 verum
2636 5146 2798 5199 etiam
2830 5144 3131 5216 intelligere
3164 5160 3391 5200 necesse
3419 5157 3547 5201 est:

1984 5237 2087 5302 Qui
2123 5236 2260 5289 enim
2305 5236 2532 5305 ignorat,
2573 5235 2905 5305 ignorabitur
2935 5235 2999 5290 ³⁹.
3057 5236 3126 5290 Et
3175 5236 3227 5290 in
3286 5236 3392 5291 alio
3435 5236 3553 5291 low
3647 5263 3657 5274 ο

1981 5329 2243 5397 scriptum
2299 5337 2381 5383 est
2430 5345 2443 5379 :
2498 5328 2638 5394 Quia
2669 5337 2725 5380 tu
2776 5328 3048 5383 scientiam
3083 5344 3251 5384 meam
3291 5329 3553 5399 repulisti,

2450 5485 2493 5517 ¹¹
2535 5482 2635 5538 lsa.
2686 5501 2765 5548 ιιι,
2815 5484 2900 5541 12.
3049 5484 3094 5515 ’⁵
3137 5483 3310 5538 Eccle.
3358 5499 3410 5543 ιι.
3462 5483 3550 5543 17.

2019 5558 2061 5589 ’⁷
2106 5557 2260 5609 I'rov.
2305 5568 2459 5611 χχιιι.
2510 5556 2591 5607 15.
2696 5556 2741 5593 ’⁸
2783 5554 2911 5609 Luv.
2956 5569 3067 5617 xiv,
3114 5555 3197 5608 17.
3290 5555 3335 5590 ’⁸
3391 5553 3551 5617 νιος.

2432 5625 2476 5654 ³³
2519 5624 2675 5679 Jnan.
2705 5641 2757 5685 ι’,
2793 5627 2883 5684 45,
2939 5626 3028 5679 46.
3139 5625 3185 5658 ³⁸
3216 5623 3334 5679 Gal.
3385 5638 3460 5689 Vt,
3497 5621 3550 5677 5.

2414 5694 2455 5728 ³⁹
2488 5694 2506 5749 ι
2538 5696 2667 5750 Cor.
2694 5712 2803 5762 xlv,
2826 5697 2914 5750 58.

3120 5787 3199 5846 28
