4098 6200
574 300 678 357 875

1669 281 1945 361 PA'I'IlES
1981 277 2281 338 AZGYPTII
2325 274 2597 335 saccum
2640 271 2727 329 tv.

3722 265 3826 318 sm
3890 250 3895 255 ’

576 421 623 465 et
670 426 764 478 ego
813 405 1058 476 repellam
1098 412 1178 466 te,
1219 415 1283 454 ne
1325 398 1615 451 sacerdotio
1656 395 1895 464 fungaris
1926 392 2052 446 mitti
2084 390 2154 443 “.
2183 395 2232 452 Α
2259 389 2525 451 lanimes,
2582 385 2845 440 sustinete
2891 383 3175 444 itiirmos,
3230 376 3497 450 patienter
3547 379 3692 448 agite
3759 381 3827 432 ad

652 500 763 555 XII.
808 499 1015 566 Itaque,
1043 496 1239 548 fratres
1269 488 1569 545 cbarissimi
1592 528 1607 552 ,
1644 489 1734 556 qui
1765 485 2138 540 cmnobiorum

579 591 745 646 vitam
768 598 825 645 et
854 595 1121 659 praecepta
1153 580 1455 644 sectamini,
1486 588 1623 633 state
1655 579 1707 632 in
1737 585 1957 645 arrepto
1983 572 2151 628 semel

579 681 884 753 preposito,
915 688 970 733 et
995 675 1211 747 implete
1234 688 1373 743 Opus
1398 671 1512 736 Dei,
1545 679 1601 724 ut
1632 670 1793 724 Pater
1824 668 1915 738 qui
1941 667 2152 737 primus

580 771 817 827 instituit
852 767 1136 830 cteuobia,
1168 764 1408 836 gaudens
1458 773 1555 831 pro
1591 759 1745 814 nobis
1791 757 2043 826 loquatur
2086 753 2153 807 ad

581 863 869 919 Dominum
897 880 911 916 :
944 860 1099 915 Sicut
1127 853 1317 910 tradidi
1340 854 1443 921 eis,
1473 852 1554 907 sic
1579 852 1789 905 vivunt.
1825 848 1978 915 Quod
2015 846 2152 901 idem

582 962 638 1008 et
668 951 957 1021 Apostolus
985 946 1165 1001 adhuc
1194 944 1247 997 in
1284 953 1514 1009 corpore
1541 937 1870 992 constitutus
1897 930 2156 1001 loqueba—

583 1050 672 1098 tur
702 1020 727 1096 εί
748 1040 934 1095 Laudo
975 1046 1148 1090 autem
1182 1048 1292 1093 eos,
1319 1029 1457 1097 quod
1490 1027 1546 1080 in
1576 1025 1814 1079 omnibus
1845 1020 2155 1078 meministis

583 1136 721 1198 mei;
762 1142 808 1188 et
840 1131 971 1186 sicut
1021 1124 1216 1180 tradidi
1251 1121 1428 1184 vobis,
1462 1118 1767 1172 traditiones
1798 1131 1939 1169 meus
1984 1124 2131 1167 custo

583 1228 732 1284 distis
755 1227 822 1280 δ’.

658 1317 791 1372 XIII.
814 1315 877 1370 Et
893 1324 993 1369 vos
1012 1323 1162 1380 ergo,
1185 1303 1633 1360 monasteriorum
1662 1298 1957 1370 principes,
1982 1304 2159 1353 estote

507 1388 517 1400 ’
586 1409 836 1473 solliciti,
880 1417 931 1462 et
978 1403 1231 1459 adhibete
1279 1412 1494 1455 omnem
1534 1408 1722 1448 curam
1764 1406 1861 1461 pro
1902 1389 2160 1443 fratribus

586 1516 708 1557 cum
746 1497 939 1553 timore
961 1491 1239 1563 etjnstitia
1269 1489 1401 1552 Dei;
1427 1499 1526 1540 nec
1565 1479 1860 1553 abutamipi
1896 1487 2161 1549 potestate

589 1591 641 1646 in
681 1587 970 1659 supplicia,
1002 1583 1097 1639 sed
1124 1579 1427 1648 exemplum
1464 1577 1700 1645 praebete
1739 1588 1834 1627 vos
1875 1571 2085 1626 cunctis
2107 1578 2162 1624 et

587 1682 805 1738 subdito
832 1677 1021 1750 gregi,
1057 1676 1201 1731 sicut
1226 1683 1280 1729 et
1327 1669 1593 1729 Dominus
1629 1674 1812 1722 noster
1837 1666 1889 1720 in
1912 1663 2163 1719 omnibus

2254 494 2464 543 omnes,
2494 489 2549 532 et
2576 476 2757 531 audite
2779 474 3093 544 Apostolum
3120 482 3429 526 monentem
3453 487 3469 525 :
3504 468 3569 523 Et
3591 487 3708 536 vos,
3734 487 3830 537 pa-

2256 578 2379 635 tres,
2397 568 2557 624 utilite
2570 568 2639 621 ad
2660 566 2796 620 iram
2814 579 3088 634 provocare
3106 562 3244 631 ﬁlios
3260 571 3475 622 vestros,
3498 562 3589 615 sed
3603 565 3833 616 enutrits

2257 664 2378 719 illos
2395 663 2448 717 in
2472 660 2751 729 disciplina
2791 668 2838 713 et
2859 656 3210 711 admonitione
3235 654 3446 708 Domini
3460 654 3527 720 ";
3542 663 3596 708 et
3616 653 3829 717 scitote,

2259 754 2382 822 quia
2411 754 2495 808 cui
2521 753 2639 820 plus
2665 751 2848 805 datum
2874 759 2973 811 est,
3000 747 3117 817 plus
3154 754 3422 816 queretur
3459 745 3525 799 ab
3546 761 3642 810 eo;
3675 754 3727 798 et
3749 746 3831 797 cui

2258 847 2375 917 plus
2399 844 2654 898 creditum
2687 850 2798 906 est,
2830 841 3056 909 amplius
3096 842 3333 909 exigetur
3370 837 3437 892 ⁵⁰.
3477 836 3588 891 Nec
3627 846 3828 889 tantum

2259 952 2325 992 ea
2372 934 2730 992 consideretis
2777 948 2896 1002 qua:
2938 932 3092 986 vobis
3139 930 3387 1001 prosint,
3436 930 3531 984 sed
3578 929 3672 982 illa
3718 944 3833 998 qua:

2261 1028 2638 1100 proximis;et
2681 1026 2967 1095 impleatur
2992 1024 3046 1078 in
3093 1024 3242 1078 vobis
3280 1020 3561 1090 Scriptura
3599 1022 3829 1075 dicens:

2263 1120 2404 1185 Quia
2450 1132 2538 1171 vos
2598 1114 2871 1185 sequimini
2918 1114 3273 1183 unusquisque
3314 1111 3597 1164 utilitatem
3650 1111 3834 1162 domus

2261 1226 2406 1274 sutt';
2434 1210 2634 1263 idcirco
2664 1203 2944 1261 continebit
2989 1206 3175 1258 coelum
3208 1219 3373 1257 rorem
3410 1219 3585 1265 suum,
3615 1213 3669 1255 et
3700 1211 3838 1254 terra

2263 1318 2367 1356 non
2402 1299 2545 1354 dabit
2582 1298 2786 1368 fructus
2816 1312 2962 1356 suos.
2995 1297 3243 1364 quoniam
3286 1294 3606 1364 ingrarastis
3656 1305 3839 1346 contra

2263 1407 2346 1445 me
2381 1404 2644 1445 sermones
2691 1396 2886 1442 vestros
2914 1385 2981 1439 “.
3026 1385 3226 1439 Dicitur
3270 1393 3325 1439 et
3361 1383 3528 1437 alibi:
3570 1383 3709 1449 Quia
3740 1400 3843 1437 non

2267 1480 2465 1551 fecistis
2500 1480 2589 1532 uni
2613 1493 2679 1532 ex
2706 1475 2936 1530 minimis
2958 1475 3110 1537 meis.
3141 1489 3234 1526 nec
3268 1473 3395 1526 milii
3426 1474 3630 1541 fecistis
3653 1475 3724 1526 ⁸⁹.

2340 1569 2478 1627 XVI.
2517 1569 2727 1639 Saepius
2771 1568 2969 1630 dicam,
3004 1573 3060 1620 et
3089 1565 3276 1619 eadem
3322 1574 3563 1633 repetam
3595 1583 3612 1619 :
3644 1565 3845 1621 Cavete

2270 1680 2338 1719 ne
2367 1663 2502 1718 alios
2530 1660 2789 1729 diligatis,
2818 1658 2953 1713 alios
2986 1654 3250 1720 oderitis;
3280 1670 3348 1710 ne
3380 1655 3527 1711 hunc
3560 1667 3845 1711 sustente-

587 1746 897 1840 exempluin
934 1746 994 1824 se
1024 1765 1283 1838 praebuit,
1315 1764 1407 1833 qui
1452 1760 1626 1831 posuit
1655 1758 1812 1828 quasi
1845 1771 1975 1812 oves
2006 1754 2164 1810 lami-
2193 1753 2235 1808 Β
2264 1757 2369 1820 tis,
2401 1763 2456 1809 et
2483 1751 2630 1809 illum
2660 1747 2943 1820 negligstis
2966 1784 2981 1812 ,
3023 1754 3079 1801 et
3109 1760 3296 1802 cassus
3330 1746 3641 1802 inveniatur
3695 1749 3849 1803 labor

589 1868 691 1923 Iias
714 1909 732 1933 ,
762 1876 821 1922 ut
857 1861 1221 1920 misereamini
1251 1858 1399 1928 gregi
1436 1857 1588 1912 vobis
1615 1853 1847 1917 credito,
1880 1861 1936 1905 et
1965 1848 2160 1904 memi-

590 1957 781 2013 neritis
809 1952 1121 2027 apostolicae
1149 1949 1452 2013 sententiae,
1486 1946 1540 2001 in
1571 1958 1675 2015 qua
1706 1944 1782 1997 ait
1807 1956 1822 1996 :
1869 1938 2021 1994 Nihil
2045 1938 2165 1993 sub.

589 2047 754 2111 traxi,
794 2056 849 2099 ut
880 2062 982 2100 non
1016 2043 1387 2097 annuntiarem
1416 2036 1560 2091 vobis
1596 2047 1800 2089 omnem
1845 2030 2166 2086 uoluntatem

593 2139 690 2193 Dei
716 2139 785 2203 l';
815 2144 870 2193 et
914 2136 1151 2189 itermn:
1193 2130 1314 2185 Non
1361 2126 1554 2182 cessari
1593 2123 1921 2192 deprecando
1973 2135 2168 2175 unum-

590 2244 844 2300 quemque
876 2234 1137 2288 uestrum,
1164 2231 1212 2278 et
1245 2218 1479 2276 docendo
1512 2234 1599 2273 ros
1630 2217 1832 2284 publice
1862 2214 1932 2267 “.
1981 2212 2170 2269 Videte

591 2331 795 2390 quanta
834 2318 1042 2374 viscera
1111 2323 1167 2370 et
1212 2321 1415 2385 quanta
1459 2306 1830 2363 misericordia
1874 2304 2074 2360 fuerint
2114 2303 2167 2358 in

595 2412 813 2469 homine
837 2409 957 2475 Dei,
982 2407 1074 2478 qui
1120 2421 1226 2461 non
1257 2402 1434 2460 solum
1469 2401 1733 2458 sollicitus
1758 2406 1842 2452 est
1869 2410 1967 2465 pro
1996 2393 2173 2450 omni-

595 2504 696 2558 bus
738 2498 1039 2565 Ecclesiis,
1091 2496 1186 2552 sed
1228 2495 1447 2564 languet
1483 2507 1608 2547 cum
1655 2487 2076 2559 languentibus,
2116 2493 2170 2538 et

594 2595 833 2649 omnium
866 2591 1096 2650 sustinet
1133 2588 1428 2658 passiones.
1476 2586 1802 2647 Caveamns,
1857 2597 1925 2636 ne
1955 2595 2052 2649 per
2078 2593 2175 2633 no-

597 2699 766 2743 stram
793 2683 1171 2756 negligentiam
1204 2679 1400 2750 aliquis
1431 2675 1826 2732 scandalizetur
1852 2682 1907 2728 et
1934 2677 2173 2732 corruat.

596 2790 653 2833 et
693 2777 1081 2836 obliviscamur
1124 2773 1411 2828 verborum
1461 2769 1674 2824 Domini
1716 2764 2050 2827 Salvatoris,
2084 2762 2173 2833 qui

598 2872 654 2925 in
684 2865 974 2937 Evangelio
1005 2863 1280 2934 loquitur:
1310 2859 1496 2923 Pater,
1520 2874 1649 2928 quos
1675 2857 1869 2911 dedisti
1891 2855 2044 2918 mihi,
2073 2869 2178 2907 non

598 2960 804 3031 perdidi
835 2974 900 3013 ea:
930 2959 1004 3011 eis
1032 2968 1345 3027 quemquam
1376 2950 1442 3004 “.
1494 2949 1707 3005 Nullam
1763 2946 2000 3001 anitnam
2046 2959 2178 3000 con-

604 3062 929 3113 temnamus,
957 3062 1022 3102 ne
1047 3047 1276 3116 quisque
1300 3058 1396 3113 per
1419 3051 1659 3096 nostram
1687 3039 1938 3094 duritiem
1966 3045 2173 3108 pereat.

607 3143 663 3199 Si
693 3141 836 3196 enim
869 3138 1065 3208 aliquis
1100 3142 1317 3205 propter
1348 3146 1449 3187 nos
1488 3130 1653 3185 fuerit
1682 3140 1928 3184 mortuus
1949 3165 1964 3191 ,
1998 3125 2175 3178 anima

602 3243 789 3288 nostra
840 3245 941 3301 pro
992 3229 1132 3283 illius
1166 3226 1347 3280 anima
1392 3222 1663 3278 tenebitur
1704 3222 1755 3275 in
1800 3229 1974 3274 reatu.
2022 3215 2177 3284 Quod

605 3322 821 3392 quidem
864 3329 919 3373 et
955 3317 1116 3372 Pater
1154 3324 1338 3370 noster
1367 3312 1733 3368 indesinenter
1773 3310 1925 3363 nobis
1972 3307 2180 3361 solebat

605 3413 900 3476 inculcare,
929 3418 980 3461 et
1011 3406 1283 3470 monebat,
1313 3420 1381 3458 ne
1403 3404 1530 3456 illud
1561 3402 1833 3470 eloquium
1863 3397 2181 3466 impleretur

606 3503 888 3559 innubis:
934 3496 1143 3566 Singuli
1191 3495 1504 3564 Opprimunt
1550 3492 1855 3560 proximum
1885 3504 2065 3544 suum.
2115 3486 2181 3541 Et

608 3598 800 3650 iterum
837 3611 851 3648 :
883 3591 944 3646 Si
975 3591 1192 3644 invicem
1236 3584 1483 3640 mordetis
1521 3594 1567 3637 et
1598 3580 1886 3644 devoratis,
1927 3579 2091 3633 videte
2119 3593 2182 3632 ne

607 3689 675 3741 ad
719 3686 933 3738 invicem
971 3677 1352 3736 consumamini
1389 3675 1459 3729 ⁸³.
1500 3675 1575 3730 Ex
1622 3687 1727 3742 quo
1772 3679 1994 3740 apparet
2039 3668 2181 3737 quod

607 3777 697 3849 qui
730 3774 954 3829 alterius
983 3779 1163 3827 servat
1189 3770 1457 3831 animam,
1486 3773 1671 3819 custos
1694 3760 1888 3814 anian
1913 3774 2023 3814 sua:
2047 3759 2138 3812 sit.

679 3864 817 3921 XIV.
873 3863 978 3919 Sed
1019 3871 1076 3916 ct
1118 3874 1213 3913 vos
1256 3857 1349 3928 qui
1393 3854 1614 3911 secundi
1661 3853 1794 3907 estis
1825 3849 2182 3913 monasterii,

610 3957 814 4028 primos
850 3969 946 4008 vos
985 3950 1242 4008 exhibete
1265 3945 1579 4009 virtutibus,
1607 3958 1674 3997 ne
1698 3942 1820 4012 quis
1848 3942 1977 3994 vitio
2005 3947 2184 3993 vestro

612 4055 817 4117 pereat.
851 4044 929 4100 Ne
966 4041 1259 4098 incurratis
1299 4039 1351 4094 in
1391 4036 1519 4092 illud
1551 4032 1897 4103 opprobrium
1947 4030 1999 4084 in
2042 4030 2185 4098 quod

613 4137 844 4192 incurrit
869 4134 980 4199 ille,
1004 4133 1096 4204 qui
1123 4128 1359 4186 comedit
1383 4138 1439 4183 et
1470 4127 1603 4182 bibit
1633 4140 1756 4179 cum
1789 4123 1973 4186 ebriis,
1998 4134 2052 4176 et
2079 4136 2183 4174 non

614 4229 760 4284 dedit
807 4229 861 4282 in
897 4236 1137 4293 tempore
1162 4237 1260 4276 suo
1287 4218 1571 4276 conservis
1607 4215 1809 4272 cibaria
1858 4233 1871 4268 :
1922 4213 1987 4265 lit
2018 4213 2187 4266 veniet

615 4315 873 4371 Dominus
903 4313 957 4366 in
986 4312 1070 4365 die
1107 4326 1211 4379 qua
1238 4324 1339 4361 non
1366 4314 1563 4376 sperat,
1604 4313 1653 4356 et
1695 4304 1749 4358 in
1776 4303 1907 4355 liora
1940 4317 2041 4370 qua
2093 4316 2188 4353 nc-

614 4409 732 4467 scit,
769 4411 823 4456 ut
860 4402 1055 4456 dividat
1086 4415 1225 4462 eum,
1263 4406 1312 4451 et
1361 4406 1518 4463 ponat
1549 4404 1749 4464 portent
1789 4393 1903 4462 ejus
1941 4408 2058 4445 cum
2087 4393 2185 4462 Ity—

614 4495 847 4562 pocriris,
877 4492 962 4546 ubi
991 4492 1143 4560 ﬂetus
1176 4499 1223 4542 et
1254 4487 1450 4541 stridor
1477 4495 1555 4541 est
1581 4487 1814 4539 dentium
1843 4483 1911 4538 “.
1945 4482 2020 4536 Ne
2047 4497 2186 4552 quos

616 4582 980 4655 apprehendat
1016 4594 1047 4634 c
1089 4577 1239 4633 vobis
1264 4575 1456 4630 similis
1481 4573 1861 4630 condemnatio
1881 4611 1897 4637 ,
1942 4571 2035 4626 sed
2065 4585 2184 4623 cum

619 4691 858 4747 tempora
926 4671 1172 4749 venerittt
1218 4668 1482 4740 refrigerii
1511 4707 1529 4733 ,
1592 4680 1900 4721 mereamur
1946 4663 2133 4715 audire
2176 4678 2191 4714 :

620 4770 785 4840 Euge,
817 4784 957 4823 serve
982 4766 1110 4819 boue
1135 4775 1183 4818 et
1205 4763 1400 4833 ﬁdelis,
1427 4761 1547 4829 quia
1569 4775 1727 4829 super
1754 4757 2012 4811 modicum
2039 4753 2190 4823 fuisti

616 4863 808 4931 ﬁdelis,
849 4875 1008 4928 supra
1040 4858 1205 4912 ntulta
1245 4867 1293 4911 te
1318 4856 1665 4918 constituam;
1690 4850 1828 4905 intra
1851 4849 1903 4902 in
1938 4848 2189 4917 gaudium

617 4952 831 5008 Domini
860 4952 935 5005 tui
960 4950 1028 5004 ⁸⁷.

689 5043 802 5097 XV.
835 5042 944 5100 Vos
965 5054 1201 5114 quoque,
1229 5037 1502 5109 praepositi
1522 5035 1802 5091 domorum
1828 5030 2188 5100 singularum,

618 5136 793 5205 parati
818 5143 991 5189 estote
1014 5133 1079 5187 ad
1106 5129 1538 5199 respondendum
1563 5127 1832 5186 omnibus,
1858 5125 1949 5193 qui
1984 5140 2012 5177 a
2045 5123 2196 5178 vobis

618 5229 844 5295 exigunt
870 5225 1137 5281 rationem
1164 5236 1326 5292 super
1361 5235 1423 5275 ea
1457 5220 1559 5273 [ide
1584 5232 1703 5288 qua:
1733 5217 1785 5270 in
1815 5216 1970 5269 vobis
2021 5226 2103 5268 est
2123 5214 2191 5268 ⁸⁸.

620 5319 834 5375 Monete
868 5333 960 5373 eos
987 5317 1077 5390 qui
1126 5311 1419 5369 inordinati
1449 5318 1578 5364 sunt
1597 5347 1613 5375 ,
1642 5305 1995 5362 consulamini
2022 5304 2193 5377 pusil-

694 5551 738 5582 ⁸ο
785 5551 908 5605 Ose.
939 5564 1013 5612 tv,
1039 5548 1093 5603 6.
1169 5547 1210 5578 “
1257 5547 1274 5599 1
1324 5544 1446 5600 Cor.
1481 5558 1557 5604 tu,
1592 5541 1647 5596 2.

623 5619 666 5652 ⁸⁸⁵
709 5620 892 5674 Matth.
924 5607 1068 5682 xxiv,
1105 5618 1192 5676 50.
1223 5617 1313 5671 51.
1416 5614 1459 5645 ⁸⁷
1505 5613 1688 5682 Matth.
1725 5627 1853 5682 va.
1879 5608 1971 5682 2i.
2005 5607 2096 5661 ‘23.

621 5690 666 5722 ’ί
698 5692 828 5760 Agg.
862 5705 911 5755 ι,
937 5689 990 5755 9,
1018 5678 1103 5744 ll).
1179 5688 1225 5719 "
1269 5685 1453 5740 Matth.
1488 5699 1615 5746 xxv,
1644 5681 1734 5735 45.
1814 5680 1859 5712 ⁵³
1894 5679 2024 5731 an.
2070 5693 2127 5743 ll,
2166 5678 2218 5732 8.

1758 5542 1802 5573 ’δ’
1850 5539 1971 5592 Act.
2023 5553 2117 5600 xv,
2155 5534 2247 5588 20.

2210 5605 2255 5637 ⁸⁸
2303 5605 2318 5657 I
2356 5604 2497 5656 I‘etr.
2539 5619 2618 5661 tu,
2653 5601 2736 5654 ιδ.

2265 1854 2461 1909 vester,
2503 1851 2558 1898 et
2588 1841 2765 1897 utnuis
2793 1837 2958 1894 sudor
2987 1845 3206 1906 pereat;
3241 1844 3297 1890 et
3351 1838 3566 1906 quando
3598 1840 3851 1895 exierint

2265 1940 2332 1995 de
2374 1950 2643 2008 corpore,
2691 1931 2851 1989 etde
2901 1929 3083 1984 mundi
3134 1927 3293 1996 hujus
3342 1929 3557 1984 turbine
3595 1930 3849 1995 liberati,

2268 2038 2480 2099 portum
2515 2040 2610 2081 vos
2654 2022 2972 2094 putaveritis
2999 2018 3196 2090 quietis
3242 2020 3476 2083 intrare;
3514 2029 3663 2083 tunc.
3685 2021 3844 2077 inve-

2270 2120 2433 2175 niatis
2457 2119 2738 2188 iniustitia:
2764 2113 3066 2185 naufragia,
3089 2121 3146 2166 et
3174 2110 3228 2166 in
3261 2125 3365 2180 qua
3393 2126 3646 2167 mensura
3678 2116 3855 2170 mensi

2268 2212 2420 2275 estis,
2450 2210 2766 2266 remetiatur
2790 2207 2944 2261 vobis
2966 2205 3035 2260 ab
3060 2218 3126 2259 eo
3153 2203 3246 2273 qui
3280 2217 3541 2273 personas
3568 2205 3624 2259 in
3642 2205 3860 2275 judicio

2271 2320 2377 2360 non
2412 2303 2629 2374 accipit.
2664 2302 2722 2357 Si
2755 2301 2884 2370 quid
2917 2299 3148 2355 mortale
3176 2308 3271 2353 aut
3301 2295 3501 2365 aliquid
3551 2299 3855 2365 turpitudi-

2274 2398 2356 2451 nis
2383 2396 2454 2451 ob
2485 2394 2858 2465 negligentiam
2893 2393 3302 2462 praepositorum
3335 2392 3389 2445 in
3412 2390 3664 2445 domibus
3696 2406 3850 2445 com-

2276 2489 2499 2545 missum
2532 2488 2699 2542 fuerit
2724 2527 2738 2551 ,
2767 2494 2888 2554 post
2918 2485 3130 2539 illorum
3160 2483 3373 2553 propria
3400 2482 3687 2552 supplicia,
3714 2498 3857 2552 pra:-

2275 2580 2484 2651 positus
2512 2592 2726 2648 quoque
2760 2591 2884 2631 reus
2914 2577 3183 2631 tenebitur
3209 2574 3488 2630 criminis:
3521 2576 3667 2643 quod
3695 2576 3855 2632 nobis

2274 2685 2489 2739 semper
2524 2677 2726 2723 sanctae
2769 2668 3045 2724 memoria:
3094 2667 3256 2723 Pater
3308 2678 3492 2722 noster
3528 2668 3739 2724 solebat
3773 2669 3857 2723 in-

2277 2775 2487 2832 gerere.

2357 2850 2524 2907 XVII.
2573 2851 2937 2918 Quamobrem
2967 2866 3087 2906 cum
3123 2850 3269 2905 omni
3292 2850 3545 2906 cautione
3574 2859 3630 2904 et
3655 2849 3861 2905 sollici-

2280 2945 2461 2999 tudine
2490 2944 2683 3014 singuli
2719 2944 3066 2999 commissum
3127 2943 3233 2997 sibi
3283 2957 3498 3013 gregem
3525 2942 3855 3005 custodiant,

2280 3043 2334 3088 et
2377 3033 2655 3088 imitentur
2683 3044 2926 3103 pastores
2972 3033 3038 3088 de
3082 3030 3408 3100 Evangelio,
3456 3030 3522 3083 ad
3562 3045 3705 3099 quos
3751 3046 3855 3083 non

2282 3123 2632 3187 dormientes,
2656 3123 2750 3178 sed
2775 3123 3059 3193 vigilantes
3085 3122 3230 3176 venit
3255 3119 3478 3190 angelus
3501 3119 3619 3185 Dei,
3647 3129 3700 3173 ct
3742 3117 3860 3174 Sal-

2285 3216 2486 3271 vatsris
2512 3217 2591 3270 eis
2620 3216 2957 3269 annuntiavit
2989 3215 3278 3268 adventum
3297 3212 3365 3265 ⁸³.
3395 3210 3495 3277 Qui
3529 3221 3585 3265 et
3618 3210 3732 3279 ipse
3781 3210 3866 3266 lt.-

2284 3308 2505 3376 quitur:
2543 3306 2733 3359 Pastor
2758 3308 2922 3361 bonus
2947 3306 3178 3358 animam
3211 3320 3361 3358 suam
3384 3302 3527 3371 ponit
3557 3318 3655 3369 pro
3679 3303 3861 3355 oribus

2284 3401 2436 3453 suis:
2476 3398 2565 3468 qui
2601 3408 2773 3452 autem
2805 3396 3156 3451 mercenarius
3194 3404 3298 3457 est,
3328 3403 3375 3448 et
3415 3408 3516 3447 non
3549 3401 3626 3446 est
3660 3402 3862 3461 pastor,

2286 3490 2437 3559 cujus
2465 3507 2568 3543 non
2606 3499 2725 3544 sunt
2761 3505 2899 3553 ores,
2932 3488 3066 3542 ridet
3105 3485 3284 3554 lupum
3325 3485 3646 3547 venientem,
3684 3492 3734 3536 et
3773 3483 3861 3535 di-

2286 3584 2446 3635 mittit
2476 3597 2678 3651 gregem
2704 3591 2750 3635 et
2782 3580 2937 3649 fugit,
2980 3588 3027 3633 et
3061 3576 3214 3645 lupus
3244 3577 3376 3645 rapit
3413 3591 3532 3631 eum
3572 3584 3731 3638 atque
3772 3576 3861 3626 de-

2294 3680 2484 3732 vastat,
2529 3669 2650 3737 quia
2681 3666 3030 3722 mercenarius
3055 3675 3166 3732 est,
3188 3675 3235 3719 et
3262 3682 3366 3721 non
3396 3666 3463 3717 ad
3491 3679 3611 3718 eum
3641 3665 3863 3733 pertinet

2290 3760 2354 3813 de
2392 3760 2572 3814 ovibus
2598 3759 2664 3812 “.
2696 3758 2771 3812 De
2801 3759 2953 3814 bonis
2974 3767 3154 3812 autem
3186 3756 3495 3825 pastoribus
3529 3754 3691 3809 Lucae
3718 3756 3864 3809 scri-

2292 3850 2370 3906 hit
2410 3850 2672 3904 historia:
2727 3847 2892 3901 Erant
2929 3859 3105 3901 autem
3137 3857 3372 3915 pastores
3409 3848 3781 3908 observantes,
3818 3857 3865 3900 et

2292 3945 2634 3998 custodientes
2673 3941 2874 4011 vigilias
2924 3941 3092 3995 noctis
3128 3956 3286 4009 super
3332 3955 3538 4008 gregem
3577 3955 3760 3993 suum.
3796 3937 3861 3992 Et

2291 4035 2507 4104 angelus
2551 4033 2760 4087 Domini
2797 4033 2930 4087 venit
2969 4038 3036 4086 att
3070 4049 3182 4097 eos,
3209 4041 3257 4084 et
3289 4031 3460 4100 gloria
3501 4029 3597 4083 Dei
3634 4032 3873 4084 circum-

2294 4129 2439 4197 fulsit
2476 4144 2562 4181 eos
2582 4170 2597 4192 ,
2628 4139 2674 4181 et
2722 4127 3010 4180 timuerunt
3045 4127 3230 4179 timore
3259 4140 3469 4191 magno.
3507 4123 3765 4194 Dixitque
3793 4126 3871 4179 eis

2293 4218 2504 4288 angelus
2536 4234 2555 4270 :
2608 4213 2785 4271 Nolite
2815 4218 3014 4279 timere,
3059 4231 3174 4271 ecce
3209 4216 3349 4269 enim
3394 4215 3694 4284 evangelise
3726 4215 3870 4269 vobis

2293 4307 2542 4375 gaudium
2573 4322 2849 4374 magnum,
2883 4305 3021 4373 quod
3049 4305 3147 4358 erit
3178 4303 3318 4359 omni
3356 4302 3545 4371 populo
3574 4318 3594 4355 :
3625 4304 3766 4367 Quia
3795 4315 3869 4356 est

2295 4398 2450 4451 hodie
2473 4398 2610 4450 vobis
2645 4407 2799 4451 natus
2827 4396 3093 4460 Saluator,
3125 4395 3215 4466 qui
3236 4406 3309 4450 est
3342 4394 3582 4449 Christus
3611 4394 3871 4449 Dominus

2294 4490 2347 4539 in
2374 4487 2583 4540 ciritate
2620 4486 2810 4540 David.
2859 4484 2926 4538 Et
2958 4486 3115 4550 huius
3161 4486 3235 4539 rei
3276 4487 3485 4553 signum
3530 4487 3630 4538 erit
3670 4487 3822 4538 vobis
3849 4501 3869 4539 :

2293 4575 2576 4631 Invenietis
2609 4576 2865 4646 infantem
2899 4578 3089 4646 pannis
3127 4577 3437 4637 involutum,
3471 4586 3518 4628 et
3545 4577 3780 4643 positum
3818 4578 3876 4630 iu

2293 4669 2512 4737 pra'sepi
2534 4668 2601 4723 ⁸⁵.
2638 4667 2773 4722 Num
2804 4669 2877 4723 illi
2907 4669 3006 4723 soli
3035 4683 3101 4722 eo
3128 4676 3370 4738 tempore
3393 4667 3683 4738 pascebant
3713 4683 3876 4732 oves,

2298 4767 2354 4811 et
2399 4772 2495 4826 per
2542 4757 2818 4811 desertum
2872 4759 3238 4827 sequebantur
3287 4756 3545 4828 gregem?
3589 4756 3703 4812 Sed
3743 4759 3881 4826 quia

2300 4847 2399 4901 soli
2427 4856 2584 4900 erant
2613 4847 2868 4915 solliciti,
2908 4858 2963 4903 et
3004 4849 3301 4903 naturalem
3337 4851 3578 4904 noctium
3621 4864 3872 4903 somnum

2301 4938 2669 4992 insidiantium
2741 4938 2986 5009 luporum
3055 4940 3221 4995 timor
3272 4942 3606 5009 superabat;
3674 4941 3878 4994 idcirco

2304 5028 2461 5096 primi
2497 5029 2682 5081 audire
2714 5039 3029 5083 meruerunt
3056 5030 3197 5097 quod
3226 5029 3279 5084 in
3311 5030 3492 5084 vicino
3519 5032 3591 5083 sit
3620 5048 3635 5084 :
3670 5038 3724 5083 at
3752 5029 3881 5084 Hie-

2304 5120 2569 5192 rosolyma
2610 5121 2884 5174 dormiens
2910 5121 3211 5190 ignorabat.
3243 5119 3393 5175 Unde
3417 5131 3473 5175 et
3496 5119 3666 5174 David
3698 5122 3835 5173 dii-it
3862 5140 3876 5172 :

2303 5210 2438 5263 Ecce
2466 5228 2566 5265 non
2611 5211 2868 5275 dormiet,
2903 5211 2991 5278 qui
3033 5212 3258 5265 custodit
3295 5209 3558 5264 Israel“.
3599 5208 3788 5278 Itaque
3828 5222 3891 5265 et

2303 5318 2396 5357 vos
2421 5319 2541 5358 cum
2574 5313 2805 5358 tremore
2831 5314 2886 5359 et
2923 5304 3119 5359 timore
3161 5304 3415 5374 vigilate,
3460 5313 3757 5372 operantes
3791 5318 3880 5356 ve-

2357 5532 2403 5563 "
2440 5533 2567 5585 illiti.
2613 5532 2700 5584 51.
2811 5530 2858 5561 ιδ
2890 5528 3044 5583 .Inan.
3082 5544 3211 5591 XVII,
3243 5528 3327 5582 I3.
3412 5558 3413 5561 π
3478 5526 3523 5560 ’³
3558 5526 3681 5581 Cui.
3709 5541 3764 5589 ν,
3802 5525 3886 5581 I5.

2816 5601 2858 5631 ³³
2905 5601 3102 5667 Ephes.
3138 5616 3209 5660 νι,
3238 5600 3294 5652 4.
3384 5597 3430 5631 ⁵⁸
3462 5597 3592 5667 an.
3639 5613 3749 5658 xu,
3790 5595 3886 5667 μς.

2297 5673 2512 5727 l“.Iuan.
2544 5672 2776 5736 atAt-15.
2855 5671 2900 5702 ⁵⁸
2928 5665 3060 5724 Luc.
3096 5685 3160 5735 tt,
3193 5669 3340 5723 8-l3.
3414 5669 3461 5699 ”
3496 5666 3642 5719 Psal.
3665 5681 3793 5723 cxx.
3834 5665 3893 5722 ὅ.
