4012 6182
351 277 418 332 ΒΤ
419 277 450 327 7

1171 270 1232 328 S.
1270 270 1562 329 ORSIESII
1603 267 1952 328 DOCTRINA
1992 269 2082 323 DE
2120 268 2468 326 INSTITUT.
2513 271 2824 328 MONACH.

3520 277 3623 332 878

342 408 516 450 stram
566 391 799 447 salutem
825 430 840 457 ,
871 397 923 445 et
952 388 1189 444 scientes
1238 389 1380 460 quod
1415 387 1788 444 universitatis
1832 385 1936 441 Do-
1969 391 2008 450 Α
2046 401 2260 454 semper
2291 387 2421 442 illud
2453 389 2662 452 timete,
2694 387 2838 458 quod
2861 387 2998 441 idem
3023 388 3312 457 Apostolus
3341 389 3576 462 loquitur
3605 412 3622 450 :

341 487 544 553 minus,
575 497 674 554 per
694 497 854 553 quem
879 481 1059 537 omnis
1082 495 1212 536 caro
1246 489 1526 550 receptura
1555 490 1638 537 est
1660 478 1925 551 quidquid

340 585 562 646 operata
596 583 702 638 est,
740 581 862 644 post
883 573 1340 629 resurrectionem
1372 571 1503 627 solis
1531 572 1792 643 apostolis
1826 585 1926 641 ap-

342 667 548 737 paruit,
585 675 639 721 et
665 664 799 720 dixit
832 662 1204 733 apostolorum
1234 661 1465 732 principi
1494 660 1657 716 Petro
1685 678 1700 716 :
1740 658 1926 715 Simon

345 757 596 819 Joannis,
624 755 800 826 diligis
832 771 913 810 me
941 753 1059 824 plus
1086 754 1166 808 his
1190 753 1215 807 Ρ
1235 752 1520 822 Respondit
1550 753 1598 806 ei
1621 767 1641 805 :
1681 751 1924 816 Domine,

343 862 398 902 tu
426 850 528 902 scis
550 851 672 920 quia
697 864 790 917 ego
812 847 976 915 diligo
1000 855 1068 899 te.
1099 844 1236 899 Dicit
1264 847 1308 898 ei
1337 844 1498 900 Iesus
1527 859 1544 896 :
1574 843 1741 898 Pasce
1765 861 1926 914 agnos

340 957 506 994 meos.
539 939 678 993 Dicit
706 941 753 992 ei
781 955 990 991 rursum
1029 938 1256 991 secundo
1282 953 1300 991 :
1353 935 1540 992 Simon
1569 933 1820 1000 Joannis;
1843 937 1929 989 di-

339 1033 459 1101 ligis
489 1049 571 1086 me
590 1033 616 1086 .’
644 1029 929 1099 Respondit
959 1030 1046 1083 ei:
1079 1027 1253 1082 Etiam
1294 1027 1534 1092 Domine,
1587 1039 1643 1082 tu
1668 1029 1768 1081 scis
1801 1028 1924 1094 quia

339 1123 561 1193 diligam
609 1133 677 1177 te.
729 1121 874 1177 Dicit
920 1122 1016 1176 ei:
1068 1119 1234 1175 Pasce
1282 1137 1399 1175 oves
1449 1137 1590 1175 meas
1634 1119 1697 1173 ⁸⁷.
1743 1118 1927 1175 Tertio

339 1214 599 1286 praecepit
624 1225 682 1268 ut
716 1223 960 1296 pasceret
987 1227 1160 1268 aves:
1193 1223 1247 1266 et
1272 1213 1325 1267 in
1365 1211 1454 1267 illo
1485 1212 1738 1270 omnibus
1768 1213 1926 1268 nobis

339 1310 443 1364 hac
468 1307 707 1376 injunxit
746 1305 980 1362 alliciam
1009 1346 1026 1372 ,
1063 1314 1121 1360 ut
1153 1306 1438 1376 diligenter
1472 1321 1758 1379 pascamus
1795 1323 1926 1363 oves

339 1399 579 1462 Domini,
606 1408 661 1454 et
687 1399 740 1453 in
766 1399 852 1454 die
875 1398 1198 1453 visitatianis
1223 1399 1340 1466 ejus
1382 1416 1478 1468 pro
1507 1400 1692 1455 labore
1732 1417 1795 1455 ac
1825 1417 1922 1454 cu-

336 1490 517 1544 stodia
550 1488 874 1557 recipiamus
906 1503 1028 1558 quae
1066 1487 1296 1542 nobisin
1335 1489 1622 1560 Evangelia
1646 1489 1918 1559 promisit,

337 1581 569 1634 dicens:
602 1577 782 1645 Pater,
812 1579 925 1634 volo
965 1590 1020 1634 ut
1056 1581 1146 1633 ubi
1179 1597 1295 1634 sum
1334 1597 1446 1650 ego,
1473 1593 1518 1634 et
1554 1583 1641 1636 isti
1679 1582 1782 1636 sint
1811 1599 1920 1636 me-

342 1687 462 1724 eum
485 1671 553 1723 ⁵⁸.
583 1670 649 1724 Et
675 1670 868 1724 iterum
899 1687 914 1726 :
943 1668 1041 1723 Ubi
1065 1688 1158 1742 ego
1183 1689 1321 1736 sum,
1345 1673 1415 1726 ibi
1441 1685 1489 1728 et
1515 1675 1755 1729 minister
1777 1693 1919 1730 meus

2043 474 2315 546 Templum
2362 477 2458 532 Dei
2510 479 2658 542 estis,
2700 489 2747 532 et
2785 476 3022 547 Spiritus
3061 478 3273 534 Domini
3310 483 3510 538 habitat
3564 489 3622 542 in

2039 567 2204 625 vobis.
2234 565 2294 621 Si
2326 570 2444 639 quis
2467 579 2644 622 autem
2690 567 2936 634 templum
2972 567 3070 623 Dei
3104 570 3392 638 violaverit,
3423 576 3626 643 disper-

2038 659 2126 712 det
2181 659 2331 714 illum
2385 659 2527 714 Deus
2558 660 2624 714 ⁸⁷.
2665 660 2730 714 Et
2785 661 2982 714 iterum
3019 677 3032 712 :
3073 659 3253 715 Nolite
3309 666 3624 722 contristare

2039 747 2298 816 Spiritum
2331 762 2572 805 sanctam
2615 749 2731 814 Det,
2771 751 2825 804 in
2863 767 2968 820 quo
3011 751 3206 822 signati
3245 754 3368 808 estis
3401 755 3454 808 in
3481 757 3619 810 diem

2038 843 2404 910 redemptionis
2428 843 2566 910 justi
2598 842 2796 912 judicii
2826 843 2892 896 ".

2107 933 2227 990 XX.
2265 933 2493 990 Servate
2521 935 2836 1004 pudicitiam
2863 936 3107 1004 corporis
3151 937 3342 999 vestri,
3394 946 3451 990 ut
3500 938 3619 994 sitis

2036 1025 2218 1079 [tortus
2239 1027 2538 1089 conclusus,
2566 1025 2686 1093 fons
2709 1027 2945 1094 signatus
2981 1026 3048 1080 θ’.
3083 1027 3185 1093 Qui
3213 1029 3350 1080 enim
3375 1039 3528 1082 natus
3555 1046 3619 1083 ea:

2037 1111 2165 1177 Deo,
2201 1130 2302 1168 non
2339 1125 2547 1184 peccat;
2584 1117 2832 1183 quoniam
2857 1131 3029 1168 semen
3067 1115 3207 1168 illius
3229 1116 3281 1169 in
3313 1133 3372 1169 eo
3412 1133 3619 1184 perma-

2035 1213 2116 1257 net
2145 1205 2214 1257 τ’.
2258 1202 2404 1258 ldcm
2448 1202 2685 1259 Joannes
2717 1203 2956 1274 loquitur
2987 1223 3000 1260 :
3037 1204 3220 1258 Scriba
3253 1205 3418 1267 vobis,
3459 1207 3607 1274 jure-

2033 1310 2144 1359 nes,
2176 1296 2422 1363 quoniam
2455 1294 2616 1363 fortes
2641 1295 2788 1358 estis,
2828 1303 2875 1348 et
2899 1311 3066 1348 sermo
3097 1294 3190 1348 Dei
3223 1297 3276 1348 in
3312 1297 3449 1348 vobis
3498 1313 3616 1364 per-

2034 1396 2230 1450 manet,
2258 1398 2305 1440 et
2337 1388 2536 1440 vicistis
2567 1388 2854 1456 malignum
2881 1387 2949 1441 ⁷¹.
2981 1386 3114 1442 Cum
3151 1397 3203 1440 et
3240 1403 3332 1441 vos
3378 1387 3614 1442 viceritis

2035 1479 2334 1544 inimicum,
2389 1481 2496 1534 Deo
2528 1481 2679 1535 vobis
2733 1481 3006 1550 prtebente
3052 1482 3344 1547 auxilium,
3391 1491 3520 1535 tunc
3558 1490 3613 1534 ct

2032 1574 2147 1644 ipse
2174 1573 2316 1629 dicet
2350 1593 2363 1628 :
2407 1572 2609 1627 Eruam
2639 1591 2725 1628 eos
2751 1575 2813 1629 de
2833 1575 3062 1642 inferno,
3101 1584 3149 1629 et
3169 1575 3419 1628 redimam
3447 1591 3534 1628 eos
3551 1575 3616 1630 de

2032 1678 2230 1723 morte:
2252 1669 2343 1723 ubi
2371 1680 2468 1732 est,
2487 1659 2649 1734 mors,
2670 1669 2930 1722 contentio
2951 1679 3038 1722 tua
3058 1667 3082 1721 1’
3110 1667 3195 1721 ubi
3213 1679 3308 1733 est,
3329 1684 3493 1734 mors,
3515 1670 3613 1721 sti-

337 1765 437 1816 ρνῑι
475 1763 543 1817 Ir,
591 1763 964 1831 Respiciamus
1007 1763 1072 1816 ad
1118 1764 1427 1832 promissa;
1495 1775 1548 1820 ει
1590 1767 1655 1819 ad
1702 1768 1921 1836 praemia
1956 1763 1997 1818 Β
2029 1755 2202 1809 malus
2235 1764 2357 1810 tuus
2379 1755 2555 1810 "lSi
2590 1770 2718 1811 vero
2759 1757 3411 1821 mortemdcvorabimus,
3442 1771 3609 1827 supe—

340 1858 575 1920 creduli,
632 1857 846 1911 facilius
894 1870 1107 1912 omnem
1139 1858 1481 1924 perferamus
1523 1859 1786 1927 laborem,
1814 1863 1925 1917 am-

343 1947 592 2001 bulautes
619 1948 759 2002 sicut
788 1945 1084 2001 ambulavit
1120 1947 1237 2017 ipse
1268 1946 1544 2018 Dominus,
1574 1951 1664 2022 qui
1695 1954 1926 2025 promis-

335 2051 435 2095 sor
459 2048 541 2092 est
565 2039 930 2107 praemiorum.

412 2127 595 2189 XVIII.
639 2129 743 2184 Vos
769 2145 982 2199 quoque
1022 2129 1117 2200 qui
1165 2129 1390 2186 secundi
1422 2130 1555 2187 estis
1588 2130 1920 2202 singularum

333 2221 649 2284 domorum,
672 2220 1037 2276 humilitatem
1072 2220 1356 2276 sectamini
1384 2231 1439 2276 et
1471 2221 1829 2289 modestiam;
1866 2233 1924 2279 et

331 2307 550 2377 singula
580 2319 849 2379 prmeepta
887 2308 1150 2377 majorum
1171 2309 1293 2365 vita:
1329 2311 1637 2366 communis
1670 2328 1916 2368 normam

333 2407 564 2468 putate,
614 2405 672 2476 ut
721 2398 775 2452 in
822 2397 928 2453 illis
981 2399 1370 2454 conservandis
1420 2410 1635 2455 vestras
1689 2403 1921 2470 servetis

331 2492 570 2554 animas,
605 2499 660 2546 et
696 2490 902 2544 similes
948 2490 1068 2546 sitis
1097 2490 1145 2544 ei
1194 2492 1286 2560 qui
1329 2489 1404 2545 ait
1436 2507 1450 2544 :
1478 2491 1671 2545 Anima
1702 2509 1817 2548 mea
1864 2495 1919 2547 in

330 2583 580 2634 trionibus
614 2583 738 2636 meis
759 2598 959 2651 semper
979 2582 1044 2636 “.
1071 2581 1241 2638 Filius
1262 2580 1528 2653 glorilicet
1569 2593 1804 2653 patrem,
1859 2596 1915 2644 et

297 2661 300 2664 ’
331 2673 593 2728 Ιειιιηιίηἰ
622 2673 887 2729 fructibus
920 2674 1136 2737 vestris,
1172 2675 1298 2744 quia
1339 2675 1546 2746 absque
1576 2679 1832 2746 operibus
1857 2689 1914 2734 et

330 2767 610 2822 fructibus
636 2767 816 2822 nullus
848 2766 1062 2822 Domini
1096 2768 1359 2824 societate
1383 2768 1676 2834 laetabitur,
1703 2781 1764 2826 ut
1793 2787 1916 2826 cum

335 2858 638 2916 habueritis
663 2858 893 2914 fructum
938 2860 991 2913 in
1029 2858 1280 2926 Domino,
1329 2859 1447 2930 ipso
1477 2861 1694 2918 haerede
1742 2871 1794 2919 et
1827 2878 1919 2919 co-

341 2951 552 3007 hu'rede
589 2953 891 3020 patiamini.

410 3045 549 3104 XIX.
589 3045 696 3101 Sed
727 3055 780 3102 et
809 3061 908 3101 vos
937 3060 1127 3101 omnes
1152 3046 1372 3109 fratres,
1403 3049 1494 3118 qui
1523 3048 1751 3117 subjecti
1783 3051 1915 3106 estis

2027 1845 2268 1901 rabimus
2289 1861 2430 1910 eam,
2462 1857 2516 1901 et
2539 1847 2751 1902 dicetur
2775 1848 2929 1902 nobis
2958 1865 2971 1902 :
3006 1847 3151 1902 .llors
3173 1850 3247 1903 eis
3275 1865 3611 1920 nequaquam

2025 1937 2385 1992 dominabitur
2408 1938 2476 1993 ἠε
2511 1939 2768 2008 quoniam
2815 1954 2960 1994 mors
3003 1955 3108 2008 qua
3143 1950 3368 2009 peccato
3410 1943 3609 1997 mortui

2025 2027 2194 2084 semel
2224 2043 2437 2093 sumus,
2480 2030 2536 2084 in
2584 2029 2743 2086 nobis
2777 2039 2988 2084 mortua
3025 2041 3130 2096 eat,
3163 2041 3218 2087 et
3255 2032 3361 2086 vita
3411 2047 3516 2102 qua
3554 2035 3607 2088 in

2022 2119 2243 2177 Christo
2293 2122 2565 2190 vivimus,
2639 2137 2858 2193 semper
2897 2123 3151 2179 vivimus.
3198 2122 3300 2190 Qui
3357 2126 3501 2178 enim
3556 2125 3608 2180 in

2024 2229 2190 2271 carne
2240 2216 2494 2281 moritur,
2538 2214 2923 2284 justilicabitur
2959 2231 2986 2268 a
3029 2223 3252 2281 peccato
3279 2215 3348 2270 τ’.
3397 2215 3610 2286 Nequa-

2022 2321 2185 2378 quam
2212 2306 2350 2362 ultra
2379 2307 2626 2362 vivamus
2656 2307 2709 2362 in
2741 2307 3024 2363 desideriis
3051 2308 3353 2373 hominum,
3400 2309 3492 2362 sed
3524 2324 3609 2361 re—

2022 2398 2224 2469 liquam
2275 2399 2442 2452 vitam
2491 2398 2546 2452 in
2604 2398 2882 2454 voluntate
2945 2399 3036 2453 Dei
3098 2400 3435 2468 espleamus.
3504 2398 3606 2468 Qui

2024 2491 2226 2546 timetis
2255 2490 2565 2557 Dominum,
2606 2501 2815 2546 armate
2844 2505 2940 2546 vos
2989 2491 3258 2556 castitate,
3310 2501 3368 2546 ut
3415 2493 3607 2548 audire

2027 2580 2388 2636 mereamini:
2429 2579 2532 2634 Vos
2579 2590 2756 2635 autem
2803 2598 2905 2636 non
2946 2583 3068 2636 estis
3119 2583 3174 2636 in
3219 2599 3397 2647 carne,
3431 2583 3520 2638 sed
3553 2590 3605 2639 in

2018 2673 2291 2742 spiritu".
2320 2673 2383 2727 Et
2407 2672 2600 2728 scitote
2622 2673 2765 2742 quod
2791 2671 3049 2744 perfectis
3083 2675 3326 2744 perfecta
3359 2677 3603 2732 tribuan-

2019 2773 2127 2832 tur,
2153 2773 2207 2819 et
2248 2763 2498 2819 inanibus
2537 2764 2834 2819 reddantur
2882 2765 3080 2832 inania,
3108 2765 3262 2836 juxta
3301 2781 3602 2823 sermonem

2019 2851 2386 2923 evangelicum
2419 2872 2433 2908 :
2471 2853 2742 2919 Quihabet
2770 2854 2986 2908 dabitur
3017 2856 3086 2922 ei,
3111 2866 3158 2910 et
3182 2855 3609 2928 abundabit:qui

2018 2954 2195 2998 autem
2219 2961 2319 2997 non
2342 2946 2516 3008 liabet,
2557 2947 2696 3015 quod
2722 2945 2995 3000 videbatur
3023 2947 3214 3004 habere
3241 2950 3510 3020 auferetur
3537 2954 3602 3005 ab

2019 3043 2160 3098 eo".
2188 3040 2466 3097 Imitemur
2479 3044 2999 3116 virginessapientes
3018 3045 3085 3110 ",
3113 3062 3233 3114 qua!
3251 3062 3371 3101 cum
3402 3062 3604 3116 sponso

331 3152 431 3207 per
482 3137 730 3192 ordinem
785 3136 970 3192 libera;
1023 3137 1323 3202 servitutis,
1369 3138 1607 3193 habetote
1653 3142 1915 3195 αεεεηειοε
1943 3101 1985 3160 c
2021 3131 2314 3186 thalamum
2339 3134 2898 3202 ingredimeruerunt,
2928 3150 3048 3204 qua
3081 3135 3354 3190 habebant
3385 3138 3435 3192 in
3461 3139 3602 3194 vasis

328 3229 538 3282 lumbos
563 3237 755 3282 vestros
777 3237 824 3281 et
849 3229 1088 3281 ardentes
1113 3227 1354 3282 lucernas
1383 3227 1437 3282 in
1464 3227 1742 3293 manibus;
1775 3232 1917 3284 simi-

328 3320 408 3374 les
447 3336 714 3374 servorum
753 3320 842 3378 aui
881 3328 1180 3386 exspectant
1221 3319 1493 3374 dominum
1510 3337 1665 3374 suum
1701 3322 1915 3391 quando

331 3421 638 3466 revertatur
682 3412 746 3465 de
780 3412 1002 3478 nuptiis,
1042 3420 1097 3463 ut
1146 3426 1260 3466 cum
1303 3415 1493 3466 venerit
1529 3421 1579 3466 et
1610 3412 1912 3479 pulsaverit,

328 3503 516 3556 statim
559 3503 798 3571 aperiant
826 3505 893 3558 ei.
936 3503 1093 3558 Beati
1131 3504 1292 3568 servi,
1323 3519 1452 3573 quos
1488 3505 1696 3557 veniens
1732 3503 1914 3557 Domi-

331 3611 432 3650 nus
454 3595 710 3649 invenerit
730 3596 1004 3663 vigilantes
1026 3597 1093 3652 ⁶¹.
1125 3596 1214 3650 Sic
1237 3606 1292 3650 et
1321 3597 1472 3649 vobis
1497 3596 1606 3660 lict,
1640 3599 1684 3650 si
1725 3596 1913 3667 longus

333 3683 488 3739 labor
521 3685 892 3740 lassitudinem
939 3700 1043 3740 non
1078 3695 1332 3753 operetur
1372 3685 1426 3737 in
1461 3685 1653 3746 vobis;
1695 3686 1910 3738 vacabi-

332 3774 466 3827 mini
506 3775 572 3827 ad
600 3773 826 3830 caeleste
865 3773 1198 3838 convivium,
1233 3783 1286 3826 et
1315 3771 1489 3842 angeli
1523 3773 1912 3828 ministrabant

332 3864 508 3918 vobis.
541 3862 633 3919 ila:
666 3874 792 3919 sunt
830 3863 1280 3933 repromissiones
1310 3863 1725 3918 custodientium
1754 3881 1910 3918 Illan-

329 3954 459 4006 data
485 3953 600 4016 Dei,
628 3962 684 4006 et
710 3953 809 4006 ista
841 3951 1063 4019 pruriuia
1095 3951 1419 4004 futurorum.
1452 3947 1687 4004 Gaudete
1721 3950 1774 4002 in
1810 3949 1913 4002 Do-

330 4046 516 4109 mino;
547 4061 756 4098 rursum
806 4044 946 4108 dico,
994 4044 1216 4112 gaudete
1253 4043 1318 4095 "i
1374 4040 1613 4109 Subjecti
1663 4040 1912 4098 Patribus

329 4152 456 4192 cum
479 4137 622 4191 omni
655 4135 996 4202 obedientia;
1029 4136 1147 4190 sine
1172 4133 1692 4188 murmurationibus
1722 4141 1778 4187 et
1815 4149 1911 4188 co-

329 4228 689 4298 gitationibus
735 4228 922 4292 variis,
972 4227 1376 4295 simplicitatem
1415 4225 1612 4280 animm
1654 4226 1720 4279 ad
1773 4228 1914 4281 bona

330 4337 500 4388 opera
537 4320 894 4390 perferentes,
920 4331 976 4375 ut
1006 4321 1148 4390 pleni
1182 4319 1470 4376 virtutibus
1495 4330 1550 4373 et
1577 4319 1772 4374 timore
1797 4318 1910 4384 Dei,

2019 3224 2135 3280 suis
2171 3234 2226 3279 et
2264 3225 2600 3295 lampadibus
2630 3226 2805 3281 oleum
2837 3227 3100 3283 bonorum
3137 3245 3385 3299 opt-rum.
3434 3231 3602 3286 Porro

2019 3304 2201 3373 stultae
2228 3317 2466 3386 virgines
2495 3318 2733 3373 clausam
2756 3319 2977 3374 thalami
3007 3319 3230 3389 januam
3258 3335 3598 3392 repererunt,

2018 3409 2142 3478 quia
2161 3418 2284 3464 ante
2302 3410 2520 3477 nuptias
2537 3426 2728 3480 parare
2745 3412 2846 3466 sibi
2865 3413 3043 3467 oleum
3067 3413 3374 3469 noluerunt.
3399 3414 3526 3470 Πιιέ
3546 3417 3600 3469 in

2017 3499 2189 3567 ﬁgura
2222 3501 2582 3569 contingebant
2618 3501 2768 3568 illis;
2793 3505 2986 3573 scripta
3024 3515 3143 3559 sunt
3183 3505 3318 3560 enim
3373 3509 3442 3560 ad
3482 3525 3599 3562 cor-

2017 3590 2298 3644 rectionem
2325 3602 2556 3645 nostram
2583 3594 2628 3625 ⁷⁸
2651 3611 2666 3657 ;
2703 3605 2759 3646 ut
2787 3597 3051 3651 evitemus
3096 3607 3301 3662 vetera,
3329 3610 3383 3654 et
3409 3617 3596 3654 serve-

2016 3695 2136 3733 mus
2169 3693 2430 3750 praecepta
2465 3683 2759 3751 Sapientis,
2786 3688 2877 3755 qui
2901 3688 2979 3742 ait
3011 3706 3025 3742 :
3064 3687 3174 3742 Fili
3204 3693 3296 3757 mi,
3325 3693 3370 3744 si
3391 3696 3596 3762 sapiens

2014 3770 2175 3837 fuerit
2213 3788 2305 3825 cor
2333 3784 2504 3837 tuum,
2533 3773 2829 3843 la’ti/icabis
2866 3795 2956 3831 cor
2983 3795 3174 3844 meum,
3202 3791 3250 3834 et
3293 3799 3599 3837 commemo-

2013 3860 2206 3912 rabunt
2253 3859 2396 3915 labia
2442 3878 2556 3916 mea
2599 3880 2858 3918 sermones
2910 3869 3115 3932 tuus",
3161 3871 3203 3924 si
3241 3881 3419 3926 tamen
3464 3875 3592 3927 remi

2016 3949 2238 4004 fuerint.
2269 3953 2334 4007 Et
2368 3954 2561 4006 iterum
2596 3970 2608 4005 :
2659 3953 2780 4007 Non
2818 3957 3094 4012 wmuletur
3115 3976 3206 4014 cor
3227 3975 3374 4015 tuum
3406 3982 3594 4031 pecca-

2015 4055 2172 4108 tores,
2201 4047 2291 4097 sed
2316 4045 2369 4099 in
2407 4046 2596 4100 timore
2631 4046 2727 4102 Dei
2757 4058 2866 4102 esto
2901 4059 3008 4104 tota
3039 4054 3160 4118 die;
3191 4066 3238 4109 et
3278 4055 3375 4108 Dei
3401 4057 3596 4111 cultum

2017 4137 2232 4191 observa
2249 4137 2452 4208 jugiter
2474 4138 2540 4192 ⁸ο.

2088 4227 2233 4283 XXI.
2293 4231 2591 4301 Vigilemus
2645 4235 2952 4303 attentius,
3011 4247 3066 4294 et
3115 4241 3394 4308 sciamus,
3455 4247 3594 4312 quod

2019 4334 2268 4392 magnam
2303 4325 2457 4379 nobis
2494 4325 2634 4379 Deus
2666 4330 2976 4396 przcstiterit
3002 4333 3229 4401 gratiam
3262 4351 3356 4404 per
3377 4337 3590 4390 Patrem

329 4414 480 4483 digni
505 4413 812 4470 emciamini
837 4415 1124 4495 adoptione
1154 4413 1268 4468 Dei.
1287 4410 1521 4480 Arripite
1541 4421 1746 4464 scutum
1764 4411 1910 4479 ﬁdei,
1947 4453 1992 4509 Β
2021 4423 2260 4468 nostrum
2289 4415 2667 4485 Paehomium,
2708 4428 2766 4474 ut
2791 4424 3230 4479 renuntiaremus
3279 4429 3512 4490 szecula;
3542 4443 3596 4482 ct

331 4507 389 4560 in
436 4523 540 4576 quo
581 4507 792 4574 possitis
831 4521 1008 4561 omnes
1051 4506 1274 4574 sagittas
1310 4502 1515 4556 diaboli
1556 4504 1796 4557 ardentes
1830 4519 1914 4556 re-

329 4598 632 4666 stinguere,
684 4609 732 4653 et
785 4598 1019 4669 gladium
1077 4598 1325 4667 spiritus,
1383 4597 1522 4666 quod
1570 4605 1646 4666 est
1703 4595 1913 4650 verbum

335 4683 437 4739 Dei
469 4685 536 4739 ⁸³.
581 4685 763 4740 Estote
784 4690 1068 4756 prudentes
1100 4689 1233 4740 sicut
1271 4697 1554 4752 serpentes,
1587 4696 1633 4739 et
1650 4687 1911 4754 simplices

325 4769 471 4831 sicut
506 4779 762 4834 columba
782 4779 850 4833 “.
880 4781 1079 4834 Audite
1127 4777 1348 4832 Paulum
1382 4778 1722 4848 loquentem:
1755 4776 1911 4844 Filii,

329 4870 537 4924 obedite
564 4872 865 4937 parentibus
889 4871 957 4937 ",
976 4881 1031 4925 et
1057 4869 1329 4940 possidete
1350 4869 1579 4924 salutem
1612 4868 1912 4924 animarum

332 4970 638 5014 vestrarum
682 4975 780 5030 per
820 4977 915 5016 eos
945 4961 1037 5029 qui
1079 4959 1230 5016 vobis
1269 4958 1543 5029 praepositi
1584 4967 1728 5013 sunt.
1765 4958 1830 5012 Et
1862 4959 1915 5014 in

329 5051 442 5106 alio
473 5066 689 5121 quoque
722 5053 841 5108 Ioco
866 5052 1126 5122 scriptum
1155 5060 1237 5107 est
1265 5065 1279 5102 :
1317 5051 1636 5121 Acquiescite
1657 5051 1913 5119 principi-

331 5138 432 5192 bus
463 5143 647 5195 vestris
677 5151 726 5196 et
749 5141 1094 5211 subjicimini,
1118 5141 1242 5208 quia
1270 5139 1372 5207 ipsi
1407 5140 1623 5208 vigilant
1676 5155 1769 5206 pro
1795 5141 1914 5194 ani-

330 5226 522 5282 mabus
571 5232 788 5294 vestris,
840 5231 1096 5286 rationem
1135 5227 1406 5282 reddentes
1447 5244 1543 5296 pro
1576 5229 1715 5282 vobis
1743 5229 1811 5283 ⁸⁸.
1848 5231 1915 5285 Et

404 5437 448 5467 "’
470 5434 623 5490 Joan.
653 5432 982 5497 “1,1547.
1055 5432 1101 5464 ⁵⁸
1139 5431 1291 5486 Joan.
1324 5447 1454 5491 xvtt.
1484 5432 1574 5487 2L

331 5503 381 5533 "
411 5507 642 5571 Philipp.
667 5521 738 5568 tv,
767 5503 817 5556 4.
895 5503 940 5533 ⁸⁸
968 5502 1161 5569 Ephes.
1195 5518 1270 5566 VI,
1305 5503 1391 5564 16,
1424 5503 1512 5557 17.

334 5577 512 5638 nulli.
543 5577 628 5628 17.
733 5573 778 5604 ⁵⁸
801 5571 996 5637 Ephes.
1034 5586 1104 5633 IV,
1132 5574 1220 5626 50.
1325 5574 1370 5604 ⁶⁹
1398 5571 1559 5626 Cant.
1590 5589 1661 5636 iv,
1693 5575 1780 5627 12.

331 5643 352 5700 1
387 5648 512 5699 Car.
539 5661 629 5707 xv,
669 5643 758 5698 55.
835 5643 879 5673 ⁷³
914 5642 1071 5695 Rom.
1100 5657 1172 5705 vr,
1213 5643 1266 5696 9.

327 5709 378 5738 "
408 5715 428 5770 ι
462 5715 588 5770 Cor.
616 5715 786 5780 1,“.
860 5711 907 5744 "
936 5712 1094 5767 I’t'ov.
1133 5728 1283 5778 unt,
1316 5712 1507 5780 15,16.

1679 5434 1726 5465 ”
1755 5433 1912 5491 Joau.
1958 5454 2054 5502 sit,
2082 5441 2169 5496 9.6.

1591 5503 1638 5536 ⁸⁸
1660 5502 1850 5559 Matth.
1881 5523 1934 5565 Χ.
1966 5510 2051 5564 16.
2150 5513 2195 5544 ⁵³
2225 5513 2393 5568 Calas:

1591 5589 1661 5636 tv,
1693 5575 1780 5627 12.
1922 5580 1967 5610 '°
1994 5578 2012 5632 Ι
2037 5579 2190 5637 Joan.
2223 5601 2306 5642 ιιι.
2341 5586 2393 5640 9.

1353 5641 1400 5673 τι
1434 5641 1588 5697 Rom.
1621 5659 1739 5704 vttt.
1776 5645 1828 5698 4.
1906 5647 1952 5679 ⁷⁸
1975 5651 2102 5705 ibitl.
2131 5653 2184 5707 9.

1353 5712 1396 5770 5.
1424 5713 1507 5766 lli.
1614 5715 1658 5746 ⁸⁸
1688 5716 1818 5770 ibid.
1851 5716 1936 5770 17.

2021 4519 2238 4560 omnem
2267 4509 2690 4566 sollicitudinem
2721 4515 2927 4580 mundi,
2952 4527 3002 4571 et
3033 4532 3194 4571 curas
3227 4533 3405 4573 rerum
3429 4535 3596 4576 ειυς-ιν

2021 4591 2215 4648 larium
2255 4610 2354 4665 pro
2402 4599 2572 4654 nihilo
2619 4616 2962 4670 poneremus.
3017 4605 3147 4674 Qum
3195 4609 3349 4663 nobis
3382 4615 3597 4664 occasio

2026 4684 2212 4739 relicta
2237 4699 2342 4751 est,
2374 4699 2430 4743 ιιι
2461 4691 2758 4748 habeamus
2786 4695 3078 4764 quidquam
3103 4700 3379 4766 proprium
3407 4717 3436 4753 a
3456 4703 3594 4756 luni-

2018 4775 2141 4830 culo
2190 4792 2361 4848 usque
2408 4780 2474 4833 ad
2529 4783 2816 4853 corrigiam
2875 4787 3265 4854 calceamenti,
3321 4804 3444 4844 cum
3495 4793 3584 4846 ha!

2019 4866 2244 4922 beamus
2277 4869 2732 4940 praepositos,qui
2777 4890 2874 4944 pro
2928 4876 3081 4931 nobis
3123 4893 3246 4933 cum
3305 4881 3498 4938 timore
3533 4897 3587 4940 at

2021 4964 2257 5012 tremore
2292 4959 2510 5015 solliciti
2556 4972 2682 5018 sunt
2733 4974 2838 5020 tam
2896 4968 2946 5020 in
2979 4969 3123 5034 cibo,
3156 4978 3210 5024 et
3264 4972 3479 5036 vestitu.
3538 4986 3596 5030 et

2023 5049 2328 5117 corpusculi
2368 5050 2626 5122 languore
2659 5055 2706 5110 si
2755 5055 2893 5112 forte
2915 5059 3222 5126 obvenerit;
3259 5075 3318 5118 ut
3353 5066 3402 5119 in
3451 5069 3596 5122 nttlla

2025 5140 2330 5207 timeamus,
2361 5153 2416 5197 ct
2446 5159 2542 5212 per
2569 5148 2908 5203 occasionem
2937 5155 3118 5207 carnis
3152 5156 3346 5211 anima:
3387 5161 3594 5214 emalu-
3663 5143 3666 5146 ’

2023 5240 2204 5286 menta
2237 5235 2562 5304 perdamus?
2597 5237 2782 5295 Liberi
2835 5257 3052 5306 sumus;
3080 5243 3266 5315 jugum
3310 5251 3378 5304 de
3415 5254 3594 5308 cervi-

2361 5444 2500 5502 ΡδθΙ·
2527 5463 2715 5530 οἱνμῦ
2748 5451 2877 5530 1θῇ
2912 5524 2926 5530 ,
3025 5455 3068 5488 ⁸⁸
3109 5454 3252 5530 Luc1
3273 5459 3591 5530 siuas-37.

2150 5513 2195 5544 "
2225 5513 2431 5589 Colo_ss.
2467 5533 2547 5576 ιιι.
2576 5520 2667 5574 20.
2701 5513 2712 5520 ’
2747 5523 2791 5553 ⁸⁸
2833 5523 2999 5578 llebr.
3033 5541 3152 5589 xm,
3188 5527 3273 5582 I7.
3352 5513 3394 5560 ί⁷
3426 5513 3599 5587 Ιίϐοιξ

2532 5589 2577 5628 τι
2607 5590 2626 5644 I
2656 5589 2812 5672 l‘oau.
2836 5594 3026 5672 tt,__i4_._
3108 5597 3154 5672 '_”
3176 5596 3302 5653 Ose.
3337 5614 3459 5672 XIII,
3489 5601 3596 5664 15;

2281 5656 2326 5687 ⁷⁸
2361 5656 2527 5712 Marc.
2562 5674 2632 5722 tv,
2665 5661 2754 5715 25.
2885 5656 2939 5697 7⁷⁷
2977 5663 3168 5722 Matth.
3225 5682 3349 5738 ην,
3375 5667 3410 5722 4
3437 5656 3594 5740 seqq;
