4098 6200
457 257 560 314 879

1542 256 1823 314 PATltES
1860 235 2163 313 moverit
2209 257 2478 312 secum
2523 256 2589 312 tv

3597 260 3705 315 880

471 370 626 425 cibus
678 367 877 425 nostris
910 368 1192 422 mundana:
1237 370 1517 424 servitutis
1566 368 1895 439 abiecimus;
1942 387 2037 423 cur
2066 374 2108 428 Α
2137 371 2327 423 creavit
2382 370 2515 423 ros?
2567 368 2755 423 Nonne
2802 368 2963 422 Pater
3012 385 3147 422 unus
3185 368 3412 423 omnium
3444 376 3706 429 vestrum?

461 477 675 516 rursum
713 460 958 516 volumus
1010 460 1205 513 reverti
1244 462 1311 514 ad
1367 462 1625 516 vomitum
1680 471 1943 526 nostrum,
1978 470 2032 515 et

461 552 665 623 aliquid
694 552 894 606 habere
920 551 1061 605 unde
1093 551 1309 606 solliciti
1345 552 1531 615 simus,
1562 563 1616 607 ct
1643 554 1781 622 quod
1811 554 2033 622 perdere

461 643 802 700 metuamus?
822 641 900 695 Ad
933 656 1068 712 quos
1097 658 1226 698 usus
1258 642 1587 710 superfluum
1620 644 1910 714 palliolum,
1941 652 2034 696 aut

461 735 631 805 epulae
664 732 945 799 lautiores,
993 741 1086 786 aut
1140 733 1328 787 melior
1360 734 1552 797 lectus,
1600 750 1724 789 cum
1765 736 1942 788 omnia
1979 736 2031 789 in

462 839 749 883 commune
798 824 907 877 sint
947 834 1288 893 prmparata,
1346 831 1400 877 ct
1448 824 1581 877 nihil
1634 839 1797 879 cruce
1827 823 2032 879 Christi

464 916 649 970 durius
679 916 748 970 sit
776 914 969 983 ?juxta
1006 931 1165 983 quam
1199 916 1438 970 viventes
1479 915 1669 971 Patres
1701 916 2035 981 nostri,aadi-

463 1004 762 1060 ﬁcaveruut
788 1020 886 1059 nos
920 1019 1082 1072 super
1130 1003 1536 1058 fundamentum
1569 1005 1931 1074 apostolorum
1979 1013 2033 1058 et

463 1096 867 1166 prophetarum,
923 1102 976 1148 et
1019 1094 1432 1162 Evangeliorum
1482 1095 1859 1163 disciplinam,
1912 1110 2031 1163 qua:

388 1166 396 1179 ’
464 1185 704 1256 angulari
731 1184 1037 1262 continetur
1065 1182 1238 1251 lapide
1268 1183 1495 1238 Domino
1539 1180 1663 1236 Jesu
1695 1182 1910 1237 Christo
1941 1183 1985 1216 ⁸⁸
2015 1200 2028 1236 :

462 1291 620 1344 quem
659 1286 949 1343 sequentes
989 1276 1053 1328 de
1078 1273 1350 1328 mortifera
1384 1274 1661 1329 altitudine
1694 1274 1763 1329 ad
1812 1276 2028 1330 vitalem

462 1367 835 1422 descendimus
885 1366 1263 1429 humilitatem,
1300 1366 1515 1421 divitias
1546 1374 1861 1436 paupertate
1914 1383 2032 1421 mu-

464 1465 666 1521 tantes,
708 1465 762 1508 et
785 1455 1003 1510 delicias
1023 1454 1249 1526 simplici
1295 1457 1435 1510 cibo.

530 1544 702 1602 XXII.
730 1544 925 1610 Nolite,
967 1544 1189 1601 obsecro
1211 1561 1321 1606 vos.
1351 1546 1592 1602 oblivisci
1622 1546 1793 1601 semel
1826 1548 2029 1616 arrepti

460 1638 744 1709 propositi.
766 1648 820 1693 et
844 1638 1161 1693 traditiones
1182 1638 1356 1694 Patris
1380 1640 1549 1694 nostri
1574 1639 1751 1694 scalas
1780 1649 2029 1710 putenms

2139 459 2312 522 Quare
2360 458 2710 527 dereliqutstis
2759 459 3110 528 unusquisque
3166 459 3388 526 fratrem
3428 476 3599 523 suum,
3651 471 3707 513 ut

2134 550 2481 604 abominabile
2500 551 2728 616 facerent
2758 560 3120 603 testamentum
3157 557 3369 618 patrum
3393 549 3712 603 vestrorum?

2136 640 2422 693 Derelictus
2468 652 2542 693 est
2580 638 2746 704 Juda,
2803 639 2894 692 sed
2951 638 3271 693 abominatio
3324 638 3468 707 facta
3519 648 3596 693 est
3656 640 3711 693 in

2134 729 2383 785 Israel”.
2409 731 2747 800 Quapropter
2769 735 2922 800 juxta
2949 731 3079 784 illud
3103 731 3245 799 quod
3267 730 3526 784 Dominus
3546 740 3712 798 atque

2134 820 2381 875 Salvator
2412 820 2664 888 praecepit
2694 819 2952 886 apostolis
2988 819 3178 874 dicens
3214 838 3228 873 :
3268 817 3584 873 Mandatum
3609 835 3707 871 no-

2133 930 2247 967 vum
2272 914 2338 965 do
2363 913 2522 975 vobis,
2555 922 2608 964 ut
2636 911 2865 981 diligatis
2897 912 3136 973 invicem,
3180 912 3312 964 sicut
3346 918 3395 963 et
3422 925 3515 979 ego
3544 910 3712 962 dilexi

2133 1022 2261 1070 ros;
2306 1016 2352 1059 et
2387 1007 2440 1057 in
2471 1004 2567 1057 hoc
2603 1003 2858 1069 scientini,
2895 1004 3034 1072 quod
3063 1002 3310 1069 discipuli
3340 1002 3439 1054 mei
3463 1001 3586 1054 estis
3617 1000 3664 1032 ⁸⁸
3692 1016 3710 1065 ;

2135 1113 2231 1154 nos
2256 1097 2481 1151 invicem
2503 1110 2688 1149 amare
2714 1094 2988 1157 debemus,
3017 1101 3071 1147 et
3098 1094 3386 1147 ostendere
3409 1090 3551 1160 quod
3582 1102 3714 1143 vere

2132 1191 2301 1243 simus
2328 1186 2514 1242 famuli
2546 1185 2757 1239 Domini
2793 1186 2958 1238 nostri
2989 1183 3114 1238 Jesu
3141 1182 3367 1246 Christi,
3403 1191 3458 1236 et
3480 1180 3574 1234 filii
3600 1179 3709 1233 Pa-

2131 1278 2353 1341 cbomii,
2382 1288 2436 1331 et
2462 1276 2706 1347 discipuli
2743 1276 3133 1331 coenobiorum.

2202 1367 2396 1423 XXIV.
2429 1366 2484 1422 Si
2514 1367 2834 1438 pra-positus
2865 1366 3056 1419 domus
3088 1364 3324 1433 aliquem
3372 1361 3708 1430 corripuerit

2131 1471 2193 1512 ex
2231 1456 2485 1510 fratribus
2502 1458 2592 1524 qui
2618 1454 2720 1509 sibi
2753 1452 2982 1523 subjecti
3008 1463 3157 1518 sunt,
3201 1452 3456 1507 erudiens
3482 1466 3610 1505 eum
3653 1450 3709 1503 in

2134 1547 2329 1602 timore
2368 1545 2480 1609 Dei,
2531 1554 2585 1599 et
2608 1546 2830 1614 cupiens
2856 1547 2923 1598 ab
2946 1558 3133 1598 errore
3162 1543 3464 1612 corrigere;
3488 1551 3545 1596 et
3567 1542 3713 1596 alius

2133 1638 2360 1691 voluerit
2388 1653 2482 1706 pro
2513 1652 2577 1691 eo
2600 1636 2769 1704 loqui,
2794 1646 2848 1689 et
2879 1652 2999 1690 eum
3041 1634 3352 1699 defendere,
3382 1622 3711 1688 subvertcns

461 1730 527 1783 ad
566 1730 825 1784 cmlorum
870 1745 1028 1799 regna
1077 1733 1376 1786 tendentes.
1422 1729 1500 1785 Ne
1538 1730 1853 1786 detideretis
1908 1747 2027 1801 quae
2059 1718 2101 1776 Β
2132 1744 2227 1784 cor
2257 1729 2434 1782 illius:
2478 1728 2571 1796 qui
2612 1729 2715 1781 hoc
2744 1725 2893 1790 facit,
2921 1735 3107 1794 peccat
3145 1726 3197 1779 in
3222 1739 3374 1779 suam
3405 1725 3647 1777 animam
3689 1739 3707 1786 ;

462 1833 589 1874 ante
641 1820 909 1876 calcastis.
962 1821 1168 1876 Sullicit
1207 1823 1360 1877 nobis
1396 1822 1596 1877 habere
1645 1824 1788 1892 quod
1826 1824 2027 1879 homini

460 1908 594 1963 satis
647 1917 749 1973 est,
803 1910 907 1964 duo
961 1911 1305 1974 Ievitonaria,
1357 1920 1410 1964 et
1458 1912 1620 1965 alium
1664 1913 1941 1978 attritum,
1977 1923 2030 1968 et

462 1997 731 2065 palliolum
782 1999 1003 2066 lineam,
1053 2001 1184 2055 duos
1233 2000 1493 2066 cucullos,
1549 2017 1740 2056 zonam
1794 2002 2025 2067 lineam,

459 2088 703 2154 gallicas,
739 2088 928 2157 pellem
954 2098 1008 2143 et
1040 2090 1264 2159 virgam.
1294 2089 1390 2142 Cui
1428 2091 1785 2144 ministerium
1813 2090 2027 2159 aliquod

461 2186 515 2231 et
554 2176 883 2245 dispensatio
919 2187 1003 2231 est
1049 2177 1251 2232 credita
1295 2179 1626 2242 monasterii,
1681 2190 1735 2233 et
1782 2179 1825 2233 si
1864 2194 1927 2234 ex
1963 2194 2026 2234 ea

463 2268 669 2322 lucrum
719 2266 899 2331 faciat,
946 2266 1121 2322 scelus
1144 2278 1380 2338 putetur,
1406 2278 1461 2321 et
1490 2270 1830 2344 sacrilegium
1873 2271 2028 2341 quid-

460 2372 623 2429 quam
654 2371 717 2411 ex
750 2372 812 2411 ea
844 2356 1156 2428 contingere
1185 2367 1237 2412 et
1272 2358 1323 2411 in
1358 2359 1627 2428 propriam
1677 2368 1884 2415 vertere
1931 2376 2019 2415 re-

460 2446 660 2515 quiem,
693 2446 843 2515 quasi
875 2446 1176 2514 despiciens
1198 2460 1291 2500 eos
1314 2447 1404 2516 qui
1434 2462 1536 2501 non
1564 2449 1781 2513 habent,
1807 2461 1858 2505 et
1882 2451 2025 2506 felici

458 2546 776 2608 paupertate
810 2545 933 2591 sunt
964 2537 1177 2603 divites,
1202 2549 1260 2591 ut
1296 2553 1399 2592 non
1431 2541 1602 2595 solum
1636 2539 1750 2605 ipse
1786 2544 2022 2610 perierit,

459 2628 551 2684 sed
577 2638 631 2683 et
665 2640 887 2683 ctuteros
909 2639 1165 2698 provocet
1193 2630 1257 2684 ad
1290 2633 1644 2702 pereundum.
1696 2632 1760 2688 Et
1790 2635 1864 2688 illi
1904 2637 2026 2709 qui-

462 2719 582 2773 dem
608 2720 699 2789 qui
724 2720 1144 2775 iucurvaverunt
1166 2724 1427 2776 cervicem
1460 2739 1633 2787 suam,
1664 2734 1718 2778 et
1736 2742 1855 2780 cum
1879 2729 2023 2782 (ututi

461 2808 766 2865 lntmilitate
799 2819 852 2864 et
884 2808 1178 2865 atllictione
1210 2810 1453 2880 lugentes
1498 2826 1659 2883 atque
1709 2816 2025 2886 pluugt‘utes

459 2900 513 2953 in
547 2900 949 2968 praesentiarum
984 2900 1298 2969 placuerunt
1320 2904 1446 2968 Deo,
1473 2920 1592 2959 cum
1623 2906 1686 2960 de
1707 2909 2023 2977 corpusculo

458 2991 565 3046 isto
613 2992 863 3056 exierint,
913 2992 1199 3057 ducentur,
1227 3002 1280 3046 et
1305 2997 1625 3050 accumbent
1655 3013 1774 3052 cum
1817 3000 2022 3055 sanctis

455 3083 698 3153 patrbus
731 3082 1198 3149 Ahraham,‘lsaac
1220 3095 1273 3141 et
1295 3084 1481 3152 Jacob,
1508 3090 1785 3159 prophetis
1812 3101 1865 3145 et
1890 3107 2020 3161 apo-

456 3175 648 3239 stolis;
713 3185 766 3230 et
816 3177 1183 3231 consolatione
1236 3179 1394 3246 digna
1459 3181 1721 3247 fruentur,
1783 3182 1921 3237 sicut
1968 3194 2023 3237 et

453 3263 691 3321 Lazarus
724 3266 920 3322 fruitus
966 3280 1050 3322 est
1093 3269 1145 3322 in
1192 3269 1315 3325 sinu
1366 3272 1654 3328 Abraham.
1687 3272 1785 3339 Qui
1842 3286 2019 3327 autem

351 3424 363 3434 .
456 3359 706 3411 vixerunt
733 3360 782 3411 in
806 3357 1073 3421 (moobio,
1099 3368 1151 3413 et
1174 3361 1238 3413 de
1265 3363 1534 3416 communi
1579 3363 1629 3416 in
1656 3378 1782 3417 suos
1820 3364 2020 3435 aliquid

454 3458 767 3503 averterunt
813 3465 958 3513 usus,
998 3465 1076 3505 vae
1122 3452 1236 3507 eis!
1280 3468 1398 3506 cum
1441 3455 1507 3508 de
1540 3470 1765 3523 corpore
1789 3457 2023 3509 exierint

457 3540 668 3597 dicetur
691 3540 831 3595 illis:
862 3542 1172 3597 Mementote
1196 3544 1320 3615 quia
1355 3545 1620 3613 recepistis
1659 3546 1792 3598 bona
1825 3547 1877 3598 in
1909 3546 2014 3599 rita

455 3645 626 3688 vestra
656 3633 737 3701 “;
798 3633 1055 3690 fratribus
1114 3635 1525 3702 laborantibus,
1578 3647 1632 3692 et
1682 3636 1900 3705 jejuniis
1968 3647 2022 3692 ct

455 3725 783 3779 continentia
809 3736 859 3779 et
890 3726 1195 3782 incessabili
1216 3727 1410 3782 'labore
1439 3728 1776 3784 sudantibus.
1817 3727 2022 3785 Idc'rco

456 3815 634 3869 videte
659 3830 753 3871 eos
782 3816 833 3868 iu
870 3817 1068 3887 gaudio
1097 3828 1259 3888 atque
1292 3816 1496 3883 lautitia,
1547 3818 1638 3887 qui
1690 3818 2023 3888 reliquerunt

456 3916 779 3976 praesentem
814 3908 1001 3974 vitam,
1040 3916 1097 3962 ut
1134 3906 1365 3963 futuram
1400 3919 1897 3979 consequerentur:
1927 3925 2020 3964 vos

457 4006 634 4050 autem
660 3996 711 4051 in
752 3997 1004 4065 squalore
1035 4012 1098 4051 ac
1125 3998 1407 4052 tormentis
1431 4007 1486 4052 et
1520 4001 1733 4053 miseria
1758 4000 2022 4054 constitu-

457 4096 561 4150 tos,
586 4088 708 4154 quia
743 4088 987 4142 uoluistis
1017 4088 1377 4159 evangelicum
1410 4090 1594 4143 audire
1619 4105 1942 4155 sermonem,
1970 4100 2025 4146 et

457 4177 607 4230 Isaiae
667 4179 1066 4247 contempsistis
1112 4180 1270 4233 verba
1298 4180 1525 4235 dicentis
1556 4198 1568 4234 :
1601 4180 1733 4234 Ecce
1779 4182 1867 4247 qui
1910 4197 2022 4234 ser-

461 4270 607 4321 viunt
640 4266 766 4321 mihi
793 4270 1096 4335 comedent;
1130 4285 1218 4323 τοι
1245 4279 1417 4323 autem
1458 4272 1717 4325 esurietis.
1766 4270 1898 4325 Ecce
1929 4274 2021 4342 qui

2131 1821 2256 1890 quia
2284 1818 2546 1873 subvertit
2597 1833 2717 1873 eum
2749 1818 2841 1887 qui
2875 1817 3073 1886 corrigi
3104 1825 3334 1886 poterat,
3366 1823 3421 1869 et
3472 1830 3712 1869 consur-

2130 1917 2341 1976 gentem
2377 1903 2563 1973 dejicit
2612 1904 2665 1957 in
2719 1915 2923 1958 terram
2953 1945 2968 1970 ,
3021 1915 3184 1973 atque
3223 1905 3290 1958 ad
3327 1902 3551 1957 meliora
3589 1912 3702 1957 ten-

2130 2000 2345 2053 dentem
2401 1996 2539 2050 mala
2594 1995 2944 2065 persuasione
2993 1995 3224 2063 decepit,
3278 2008 3468 2047 errans
3505 1993 3710 2062 ipseet

2130 2090 2266 2145 alios
2296 2104 2480 2143 errare
2517 2086 2743 2142 faciens.
2767 2086 2902 2141 lIuic
2927 2085 3054 2139 illud
3085 2085 3360 2155 optabitur
3391 2100 3704 2153 congruen-

2132 2190 2213 2236 ter
2244 2197 2259 2233 :
2312 2178 2400 2233 Vw
2442 2179 2531 2251 qui
2568 2190 2745 2246 potum
2803 2178 2895 2231 dat
2933 2177 3172 2247 proximo
3200 2192 3293 2229 suo
3321 2176 3705 2229 subrersionens

2128 2267 2414 2333 turbidam,
2450 2277 2496 2320 et
2544 2266 2807 2319 inebrians
2841 2267 3051 2331 eum";
3099 2263 3191 2319 Va:
3219 2266 3307 2334 qui
3341 2280 3520 2317 errare
3572 2262 3705 2331 facit

2130 2375 2323 2415 caecum
2355 2359 2409 2411 in
2433 2359 2517 2410 via
2570 2357 2653 2423 ⁸⁸;
2706 2356 2811 2423 Qui
2838 2356 3160 2409 scandalizat
3196 2356 3488 2424 quempiam
3534 2356 3598 2406 de
3623 2352 3706 2405 his

2129 2452 2219 2522 qui
2260 2450 2475 2503 credunt
2515 2447 2625 2503 Deo
2658 2466 2677 2505 :
2729 2448 2931 2517 expedit
2957 2449 3005 2501 ei
3052 2459 3106 2501 ut
3139 2448 3466 2517 appendatur
3485 2447 3532 2499 ei
3560 2446 3705 2498 mola

2129 2541 2360 2595 asinaria
2390 2557 2544 2608 super
2559 2540 2752 2594 collum
2784 2540 2917 2609 ejus,
2945 2551 2992 2594 et
3029 2539 3453 2608 prtecipiteturiu
3474 2553 3617 2589 mare
3634 2536 3699 2588 ⁸⁸.

2129 2632 2264 2700 Quia
2307 2633 2610 2695 subvertit,
2662 2642 2722 2685 ut
2786 2632 3042 2697 diximus,
3100 2630 3471 2686 sublevantem
3513 2643 3590 2689 se,
3642 2635 3743 2690 α,

2129 2722 2467 2777 obedientem
2501 2721 2779 2776 transtttlit
2818 2722 2885 2776 ad
2912 2722 3258 2791 superbiam;
3296 2730 3352 2776 et
3376 2737 3499 2774 eum
3524 2719 3615 2788 qui
3645 2721 3696 2774 in

2129 2813 2411 2869 dulcedine
2435 2812 2718 2866 charitatis
2756 2821 2970 2881 poterat
3010 2810 3308 2875 ambulare,
3351 2808 3693 2864 couvertitia

2127 2904 2576 2967 amaritudinem;
2621 2912 2676 2955 et
2732 2902 3029 2968 subjectum
3102 2902 3306 2971 legibus
3382 2897 3690 2953 monasterii

2142 2995 2299 3048 malis
2328 2995 2569 3048 consiliis
2600 2994 2933 3063 depravavit,
2987 2995 3218 3063 fecitQue
3262 2994 3443 3049 odisse
3490 3007 3612 3046 eum
3638 3000 3699 3045 et

2127 3086 2436 3141 contristari
2466 3095 2651 3140 centra
2703 3085 2849 3139 illum
2903 3086 2996 3156 qui
3030 3102 3152 3140 eum
3206 3084 3437 3139 docebat
3486 3083 3694 3138 Domini

2126 3176 2491 3245 disciplinam,
2518 3176 2640 3230 lites
2670 3191 2855 3230 serens
2886 3176 3030 3230 inter
3062 3176 3257 3229 fratres
3285 3184 3446 3243 atque
3481 3173 3692 3227 discors

2124 3269 2261 3332 dias,
2299 3280 2352 3323 et
2423 3286 2530 3323 non
2585 3268 2778 3322 tlmens
2809 3267 2935 3320 illud
2968 3267 3107 3337 quod
3151 3267 3411 3333 scriptum
3461 3273 3545 3317 est
3570 3279 3585 3313 :
3614 3261 3695 3317 Tu

2124 3359 2240 3427 quis
2269 3374 2342 3422 es,
2398 3358 2490 3425 qui
2543 3358 2745 3418 iudicas
2777 3357 3005 3409 alienum
3032 3355 3280 3409 serrum.’
3320 3352 3431 3408 Suo
3485 3353 3696 3405 domino

2122 3460 2247 3512 stat,
2283 3458 2371 3501 aut
2394 3448 2555 3503 cadit.
2589 3444 2758 3501 Stabit
2789 3458 2993 3511 autem;
3015 3454 3194 3514 potens
3244 3454 3322 3498 θοι
3349 3447 3485 3497 enim
3518 3442 3696 3495 Domi-

2126 3556 2222 3593 nus
2254 3554 2458 3591 rursum
2477 3536 2961 3591 statuereillum".
2986 3534 3285 3591 Considera
3312 3536 3441 3604 quid
3470 3534 3688 3587 dixerit:

2126 3626 2319 3681 Potens
2357 3639 2428 3680 est
2473 3639 2645 3680 autem
2682 3626 2936 3679 Dominus
2969 3636 3199 3679 statuere
3228 3626 3400 3678 illum.
3444 3620 3558 3678 Non
3606 3622 3696 3677 ille

2125 3729 2317 3787 potens
2356 3717 2565 3785 est,qui
2598 3719 2759 3771 verba
2793 3718 2999 3771 Domini
3026 3718 3286 3785 prteterit.

2202 3807 2366 3863 XXV.
2404 3808 2574 3874 Unde,
2603 3809 2820 3874 fratres,
2857 3824 3178 3879 iuaguopere
3208 3809 3503 3863 devitemns
3525 3806 3696 3860 alicu-

2117 3899 2207 3970 jus
2244 3911 2477 3955 mentem
2522 3901 2829 3969 subvertere
2860 3912 3046 3953 contra
3093 3903 3366 3954 doctorem
3427 3909 3482 3953 et
3523 3899 3697 3952 moui-

2127 4005 2293 4045 torctn
2329 4008 2520 4055 suum;
2557 4001 2611 4049 ct
2652 3992 3058 4045 meminerimus
3099 3991 3390 4059 Scriptura:
3424 3990 3690 4044 dicentis:

2126 4082 2309 4136 Libera
2344 4098 2435 4136 cor
2478 4094 2624 4134 tuum
2664 4099 2695 4135 a
2736 4084 2961 4147 mat.tiu,
2996 4090 3051 4133 ut
3084 4082 3299 4134 salveris
3323 4080 3389 4133 “.
3452 4080 3561 4134 Nec
3596 4095 3696 4147 pro

2123 4174 2428 4228 obedientia
2464 4174 2771 4241 superbiam
2823 4183 2875 4226 et
2923 4176 3315 4226 contumaciam
3350 4172 3403 4224 in
3440 4173 3696 4224 cordibus

2122 4264 2326 4317 ttOstris
2357 4264 2585 4316 invicem
2620 4264 2966 4319 seminemus.
2998 4263 3099 4329 Qui
3141 4264 3283 4315 enim
3315 4263 3469 4314 timet
3510 4260 3695 4313 Domi-

457 4360 683 4413 serviunt
716 4361 844 4413 milii
868 4359 1061 4422 bibent,
1090 4377 1176 4413 vos
1211 4372 1383 4414 autem
1409 4362 1592 4414 sitietis
1641 4358 1773 4415 Ecce
1798 4364 1888 4430 qui
1910 4379 2018 4416 ser-
2049 4380 2094 4434 ι)
2126 4370 2249 4408 num
2291 4369 2469 4420 suum,
2502 4355 2545 4407 si
2588 4353 2785 4409 viderit
2816 4356 3035 4407 fratrem
3073 4369 3227 4407 suum
3261 4365 3449 4405 errare
3480 4362 3535 4404 et
3565 4350 3691 4410 labi,

456 4451 601 4523 piunt
656 4450 786 4502 mihi
837 4450 1213 4514 exsultabuut;
1247 4459 1293 4502 et
1334 4465 1422 4502 ros
1470 4450 1760 4504 clamabitis
1809 4461 2021 4520 promer

457 4540 690 4594 dolorem
744 4541 913 4592 cordis
953 4541 1142 4607 restri,
1194 4552 1240 4593 et
1292 4540 1354 4593 ob
1397 4543 1760 4595 contritionem
1809 4544 2020 4612 spiritus

456 4631 721 4702 ejulabitis
744 4631 810 4685 ⁸³.
843 4630 1083 4685 Audistis
1119 4645 1304 4686 omnes
1329 4632 1688 4688 beatitudines
1714 4632 2022 4705 Scriptura-

458 4737 600 4784 rum,
626 4731 681 4776 et
713 4721 959 4777 noluistis
991 4724 1261 4791 suscipere
1281 4722 1636 4792 disciplinam.

528 4813 719 4871 XXIII.
745 4814 891 4881 Ideo,
924 4813 1136 4878 fratres,
1172 4813 1405 4883 :equales
1429 4816 1617 4878 simus,
1638 4830 1667 4868 a
1697 4816 1917 4872 minimo
1936 4834 2021 4873 us-

457 4918 563 4975 que
595 4903 662 4957 ad
690 4902 1007 4965 maximum,
1037 4911 1144 4953 tam
1182 4902 1331 4953 dives
1352 4917 1510 4969 quam
1544 4916 1766 4970 pauper,
1797 4917 2022 4956 concor-

458 4992 546 5046 dia
572 5000 629 5046 et
652 4990 953 5044 humilitate
981 4985 1225 5056 perfecti,
1258 4997 1314 5039 ut
1340 4990 1405 5040 tle
1436 4988 1586 5041 vobis
1615 5002 1829 5057 quoque
1854 4990 2023 5057 possit

458 5083 563 5137 dici
593 5098 608 5136 :
645 5079 750 5146 Qui
774 5079 1017 5141 multum,
1054 5093 1155 5129 non
1195 5075 1518 5139 abundavit;
1551 5078 1639 5146 qui
1684 5093 1891 5145 parum,
1918 5096 2020 5133 non

456 5168 768 5239 indiguit“.
802 5167 881 5220 Ne
914 5166 1040 5234 quis
1071 5166 1183 5219 suis
1215 5166 1492 5233 provideat
1532 5165 1757 5228 deliciis,
1798 5181 2023 5220 cernens

457 5260 678 5314 fratrem
731 5260 783 5313 in
812 5266 1130 5327 paupertate
1177 5266 1231 5308 et
1266 5256 1508 5324 angustia
1556 5256 1928 5320 constitutum,
1970 5269 2025 5311 et

455 5347 668 5403 dicatur
721 5348 768 5402 ei
823 5346 950 5399 illud
997 5344 1411 5413 propheticum:
1459 5342 1645 5396 Nonne
1697 5341 1833 5395 Deus
1888 5359 2020 5396 unus

1128 5486 1170 5517 ⁸¹
1202 5486 1329 5539 Luc.
1365 5501 1475 5547 xvt,
1510 5484 1604 5538 23.

1172 5558 1215 5589 ⁸⁷
1251 5557 1446 5608 “:tittlt'.
1480 5572 1536 5613 tl.
1570 5557 1655 5609 lii.

1322 5627 1366 5656 ’³
1392 5626 1510 5679 Jltzl.

520 5489 560 5521 α’
600 5487 792 5556 Ephes.
822 5502 881 5551 ll,
912 5486 1001 5540 20.

451 5563 494 5594 ⁸*
536 5558 687 5611 Joan.
715 5572 831 5617 χιιι.
879 5557 969 5618 54,
1009 5558 1097 5609 δεῖ.

448 5647 517 5695 tv,
565 5627 653 5682 16.
726 5627 771 5657 ’⁸
796 5625 953 5680 Prov.
978 5642 1124 5691 sxw,
1162 5627 1246 5681 ll.

1713 5486 1757 5516 ⁸³
1798 5485 1895 5541 lsa.
1936 5503 2059 5551 1.xv,
2095 5490 2296 5552 15,”.

1753 5556 1797 5587 ⁸⁸
1827 5559 1977 5611 Ιὶυυι.
2010 5575 2173 5624 uvtt,
2210 5562 2292 5615 IS.

2120 4449 2291 4517 magis
2314 4449 2472 4503 debet
2509 4460 2812 4501 monstrare
2838 4463 2955 4516 qua:
2981 4458 3169 4500 sancta
3204 4455 3351 4509 sunt,
3390 4454 3447 4498 et
3481 4455 3692 4497 rectum

2120 4538 2225 4592 iter
2260 4540 2568 4603 ostendere,
2610 4549 2667 4591 ut
2706 4554 2827 4592 cum
2871 4540 3015 4592 onmi
3063 4539 3312 4593 castitate
3359 4548 3414 4591 et
3456 4549 3693 4590 tremore

2122 4629 2216 4683 Dei
2265 4630 2554 4695 incedens,
2594 4630 2737 4683 illam
2785 4628 3090 4683 Salomonis
3117 4642 3445 4698 exsequatur
3470 4638 3691 4681 semen-

2122 4722 2251 4775 tiam
2286 4736 2299 4772 :
2332 4719 2521 4774 Libera
2573 4737 2657 4774 eos
2694 4721 2784 4790 qui
2820 4720 3081 4773 ducuntur
3114 4722 3183 4772 ad
3218 4733 3459 4781 mortem,
3483 4728 3529 4771 et
3553 4717 3695 4800 redi:

2125 4828 2263 4865 ntere
2288 4814 2349 4865 de
2378 4812 2731 4880 interiectione
2777 4830 2879 4866 non
2908 4828 3069 4866 cesses
3088 4810 3159 4866 ".
3200 4810 3309 4865 Nec.
3355 4811 3511 4865 dicas
3539 4825 3553 4859 :
3591 4807 3696 4863 Ne-

2126 4904 2239 4958 scio
2275 4904 2437 4956 hunc.
2483 4901 2632 4957 Scito
2665 4906 2917 4971 quoniam
2963 4906 3099 4956 Deus
3134 4905 3299 4956 corda
3334 4902 3574 4955 omnium
3609 4914 3698 4952 no-

2128 4995 2221 5047 vit.
2255 4994 2319 5048 Et
2348 4992 2514 5048 ludas
2543 4994 2594 5047 iu
2622 4994 2855 5063 Epistula
2884 4993 3120 5061 loquitur
3157 5008 3252 5046 sua
3287 5010 3300 5045 :
3341 4993 3408 5044 Et
3443 4992 3539 5043 hos
3576 4991 3695 5057 qui-

2121 5089 2236 5139 dem
2285 5085 2349 5137 de
2388 5085 2503 5155 igne
2530 5087 2807 5153 rapientes,
2846 5099 2891 5139 et
2917 5085 3036 5138 odio
3076 5087 3322 5138 habentes
3345 5085 3695 5136 commacula-

2122 5181 2244 5252 tnm.
2272 5173 2500 5223 tunicam
2530 5172 2593 5223 ⁸³.
2626 5171 2925 5225 Careamus
2974 5171 3342 5240 hujuscemodi
3402 5169 3693 5223 vestimen-

2123 5271 2255 5325 tum,
2294 5274 2346 5315 ct
2380 5263 2666 5314 induamur
2705 5265 2881 5332 potius
2923 5276 3250 5317 armaturam
3294 5264 3410 5327 Dei,
3442 5273 3497 5315 ut
3528 5264 3689 5332 possi-

2121 5369 2237 5406 mus
2270 5354 2507 5409 resistere
2554 5366 2731 5410 contra
2771 5356 2993 5411 insidias
3037 5359 3254 5411 diaboli.
3287 5357 3408 5411 Non
3439 5367 3515 5410 est
3558 5358 3695 5409 enim

3088 5497 3131 5528 ⁸⁵
3162 5496 3385 5550 Malach.
3423 5512 3483 5556 tt,
3518 5494 3702 5554 l0,|l.

2975 5567 3020 5597 ⁹⁰
3051 5567 3205 5622 liotn.
3244 5582 3351 5630 χεν.
3380 5566 3434 5619 4.
3514 5567 3551 5597 ⁵¹
3584 5562 3697 5616 Jer.

2446 5493 2490 5523 "
2514 5492 2553 5546 Il
2585 5493 2711 5547 Cor.
2738 5511 2853 5558 vitt,
2891 5496 2975 5550 15.

2370 5564 2415 5593 ⁸⁹
2448 5565 2631 5617 Matth.
2664 5580 2813 5630 xvnt,
2841 5566 2893 5621 6.
