4098 6200
298 1080 309 1155 l

302 1170 308 1198 l

366 323 461 378 85l

362 544 445 580 sus
470 536 754 596 potestates
792 536 837 579 et
861 525 1207 594 principatus,
1240 530 1485 581 adrersus
1523 538 1742 582 rectores
1793 540 1935 582 tene-

361 616 573 672 brarum
604 615 825 685 harum,
866 617 1119 673 adversus
1158 619 1421 688 spiritalia
1465 620 1707 690 nequitia:
1743 621 1799 672 in
1844 637 1936 675 cte-

361 710 570 767 l'estibus
592 710 659 765 “.

436 802 627 857 XXVI.
665 801 779 857 lloe
804 816 1022 873 quoque
1054 803 1286 858 maxime
1313 805 1702 875 providendum
1737 818 1840 871 est,
1871 822 1938 863 ne

366 896 491 963 quis
536 894 588 947 in
625 892 848 947 alteram
888 893 1107 946 domum
1151 903 1208 948 et
1245 893 1468 949 alterius
1501 896 1747 950 cellulam
1794 912 1939 952 com-

370 990 587 1041 mendet
618 980 841 1053 aliquid,
869 990 924 1038 et
952 993 1142 1038 contra
1171 986 1483 1041 monasterii
1513 986 1675 1043 faciat
1699 987 1939 1058 discipli-

373 1092 521 1134 nam.
548 1076 648 1144 Qui
695 1077 815 1131 talis
855 1086 956 1141 est,
994 1092 1099 1132 non
1130 1088 1211 1132 est
1243 1078 1294 1132 in
1326 1094 1550 1135 numero
1573 1080 1938 1146 fratrum,.sed

375 1169 742 1224 mercenarius
776 1178 830 1224 et
864 1169 1104 1236 advena;
1150 1184 1248 1224 nec
1291 1168 1495 1226 Pascha
1540 1171 1753 1226 Domini
1801 1173 1940 1229 inter

376 1268 597 1315 sanctos
620 1261 773 1315 debet
807 1260 1107 1326 comedere,
1137 1260 1261 1330 quia
1302 1260 1489 1316 factus-
1503 1271 1585 1317 est
1609 1262 1746 1332 lapis
1778 1279 1937 1317 scan-

376 1353 487 1407 dali
540 1354 593 1407 in
634 1351 976 1414 monasterio,
1007 1361 1063 1405 et
1102 1351 1169 1406 de
1199 1367 1275 1406 eo.
1304 1362 1486 1421 posset
1529 1354 1636 1408 dici
1664 1352 1941 1422 :.Lapides

375 1446 444 1499 de
484 1444 568 1498 via
601 1460 715 1497 mea
755 1444 993 1512 projicite
1012 1443 1080 1498 ”.
1131 1442 1187 1498 Si
1227 1445 1370 1498 enim
1400 1445 1717 1499 levitonaria
1758 1454 1939 1499 nostra

372 1537 593 1605 quando
625 1534 887 1596 lavamus.
917 1536 1057 1589 sicca
1094 1549 1198 1589 non
1220 1534 1440 1600 fuerint,
1474 1549 1640 1605 usque
1664 1535 1729 1590 ad
1754 1550 1942 1604 vespe-

379 1641 495 1678 ram
547 1641 652 1680 non
710 1625 971 1678 habemus
1013 1632 1332 1694 poteStatem
1390 1623 1539 1694 apud.
1580 1639 1677 1679 nos
1718 1633 1941 1688 tenerc‘,

376 1717 677 1784 damusque
708 1715 997 1784 prmposito
1049 1715 1135 1770 cui
1185 1715 1373 1771 crediti
1413 1730 1620 1780 sumus,
1653 1717 1737 1771 Vel
1770 1716 1817 1770 ei
1854 1715 1943 1771 cui

375 1806 640 1860 creditum
687 1816 771 1860 est
817 1803 1111 1865 cellarium.
1165 1813 1224 1859 ut
1265 1804 1474 1858 delerat
1507 1807 1573 1860 ad
1608 1820 1731 1860 eum
1769 1804 1941 1861 locum

375 1897 470 1953 ubi
494 1897 813 1952 vestimenta
834 1878 1037 1964 pariter
1055 1896 1294 1952 omnium
1323 1906 1759 1961 reservantur,et
1789 1912 1946 1953 mane

380 1989 535 2044 nobis
560 1988 761 2043 dantur
786 1997 846 2042 ut
875 1986 1246 2057 expendamus
1277 1987 1366 2043 illa
1406 1985 1483 2042 ad
1501 1987 1668 2042 solem
1688 2027 1704 2053 ,
1739 1996 1792 2043 et
1821 2003 1942 2043 cum

380 2077 525 2130 sicca
555 2072 761 2129 fuerint
784 2088 891 2129 non
921 2075 1060 2143 apud
1094 2090 1192 2130 nos
1229 2084 1509 2143 tenemus,
1535 2076 1630 2131 sed
1670 2077 1861 2132 damus
1886 2078 1940 2133 in

380 2180 668 2222 commune
690 2166 1117 2237 servandajuxta
1133 2175 1396 2237 praecepta
1419 2167 1711 2238 majorum:
1746 2178 1947 2238 quanto

382 2259 561 2328 magis
584 2271 641 2313 ea
681 2270 800 2329 quae
835 2259 1053 2329 proprie
1087 2259 1235 2315 visus
1257 2275 1317 2315 es
1354 2260 1653 2329 possidere,
1685 2260 1731 2316 si
1790 2259 1944 2314 alteri

386 2351 846 2408 commendaveris
872 2352 1048 2406 autin
1086 2361 1172 2406 tua
1211 2351 1447 2408 volueris
1477 2366 1597 2407 esse
1649 2360 1946 2422 potestate,

386 2452 579 2506 peccas
609 2438 660 2491 in
695 2439 1011 2493 monasterii
1056 2439 1414 2510 disciplinam,
1457 2449 1512 2495 et
1554 2456 1658 2495 non
1693 2440 1949 2512 intelligis

384 2525 611 2582 Paulum
640 2528 733 2583 tibi
772 2529 1078 2600 lnquentem
1104 2547 1119 2585 :
1151 2527 1254 2585 Vos
1279 2541 1451 2584 autem
1479 2530 1530 2584 in
1553 2528 1841 2585 libertatem
1863 2549 1950 2587 vo-

383 2620 492 2672 cati
530 2620 684 2685 estis;
726 2629 929 2675 tantum
959 2636 1023 2675 ne
1070 2620 1303 2676 libertate
1341 2622 1398 2676 in
1430 2625 1754 2678 occasionem
1776 2627 1950 2681 carnis

384 2713 695 2781 abutamini,
722 2714 812 2767 sed
831 2714 1085 2768 charitate
1114 2714 1530 2770 serviteinricem
1549 2716 1596 2749 ’⁸
1615 2732 1631 2782 ;
1652 2725 1705 2771 et
1722 2717 1946 2772 iterum:

385 2800 645 2856 Dominus
662 2802 822 2870 juxta
851 2811 963 2867 est;
1006 2802 1164 2857 nolite
1191 2819 1300 2858 esse
1331 2805 1561 2866 solliciti,
1590 2806 1682 2860 sed
1709 2814 1873 2861 estote
1900 2808 1953 2861 in

385 2891 625 2945 oratione
665 2893 849 2946 intenti
888 2903 935 2947 et
971 2892 1506 2963 deprecationibus".
1564 2893 1712 2951 Sciat
1740 2911 1954 2966 quoque

387 2983 481 3037 ille
513 2984 701 3067 quiab
726 2986 833 3041 alio
860 2987 1158 3057 susceperit
1181 2989 1640 3055 commendatum,
1669 2998 1724 3045 et
1759 2980 1872 3045 rem
1895 3006 1955 3047 se

387 3073 689 3127 arbitratur
726 3072 904 3129 facere
942 3073 1083 3142 piam
1122 3082 1180 3128 nt
1218 3072 1438 3130 fratrem
1481 3075 1783 3147 refrigeret,
1811 3076 1953 3145 quod

390 3173 578 3232 peccet
612 3173 797 3218 contra
830 3163 1064 3218 animam
1096 3178 1250 3219 suam
1272 3204 1287 3228 ,
1336 3166 1654 3220 subvertens
1714 3166 1952 3236 regulam

392 3249 729 3304 monasterii.
752 3248 798 3305 0
824 3249 1007 3315 stulte,
1044 3252 1223 3306 anima
1256 3261 1343 3307 tua
1381 3254 1673 3308 commissa
1713 3263 1795 3309 cst
1823 3270 1959 3324 prae-

390 3340 570 3410 posito
599 3349 720 3408 tuo;
757 3351 811 3396 et
833 3342 922 3410 qui
954 3343 1186 3397 animam
1213 3352 1357 3398 tuam
1382 3359 1684 3415 corpusque
1722 3347 1959 3401 custodit

392 3432 646 3502 indignus
682 3434 966 3489 habebitur
999 3445 1057 3490 ut
1084 3437 1322 3505 peritura
1351 3438 1678 3494 conservet?
1706 3439 1961 3495 Amemus

388 3524 681 3594 justitiam,
721 3533 778 3579 ut
816 3526 1198 3595 justillcemur.
1238 3527 1493 3599 Legimus
1530 3531 1673 3585 enim
1707 3548 1720 3583 :
1752 3531 1961 3587 Miseri-

398 3617 586 3671 cordia
607 3618 829 3671 occurrit
863 3618 945 3672 his
968 3619 1057 3690 qui
1074 3618 1276 3688 faciunt
1309 3622 1574 3676 veritatem
1598 3623 1666 3676 ⁸⁸.

468 3707 681 3765 XXVII.
727 3707 839 3765 Hoc
881 3724 1091 3781 quoque
1128 3712 1522 3768 observandum
1562 3722 1679 3779 est,
1714 3728 1782 3768 ne
1817 3714 1960 3782 quis,

394 3798 563 3854 stulta
617 3799 942 3868 cogitatione
997 3801 1293 3871 deceptus,
1349 3801 1456 3854 imo
1503 3802 1697 3857 diaboli
1757 3803 1965 3872 laqueis

398 3891 664 3956 irretitus,
690 3893 833 3947 dicat
862 3889 915 3947 in
952 3892 1112 3948 corde
1148 3907 1247 3947 suo
1276 3909 1290 3947 :
1325 3892 1550 3961 Quando
1578 3895 1802 3961 morior,
1838 3902 1967 3952 tunc

397 3982 541 4039 dono
589 3982 847 4039 fratribus
875 3985 1016 4055 quod
1044 3984 1303 4041 habuero.
1345 3984 1390 4041 Ο
1434 3985 1748 4043 stultissime
1788 3987 1966 4042 homi-

399 4091 551 4143 num,
612 4077 701 4132 ubi
754 4077 855 4131 hoc
904 4077 1163 4148 scriptum
1199 4078 1496 4134 invenisti?
1540 4079 1730 4137 Nanne
1780 4096 1971 4137 omnes

399 4170 573 4228 sancti
613 4168 911 4225 servientes
956 4170 1065 4224 Deo
1100 4169 1283 4224 statim
1317 4186 1531 4225 omnem
1583 4171 1760 4227 saeculi
1796 4172 1968 4227 sarci-

402 4278 528 4319 nam
556 4262 959 4331 deposuerunt?
989 4261 1180 4317 Nonne
1210 4262 1265 4317 in
1304 4262 1528 4318 Actibus
1561 4262 1920 4331 apostolorum
1952 4303 1968 4328 ,

399 4354 581 4410 omnia
612 4368 732 4423 quae
768 4352 1078 4420 habebant,
1114 4353 1180 4409 ad
1222 4353 1385 4423 pedes
1423 4353 1787 4424 apostolorum
1822 4352 1971 4409 dele-

1185 323 1241 376 S.
1285 323 1571 379 ORSlESlI
1612 325 1954 382 DOC'I‘RINA
1997 327 2084 382 DE
2122 329 2470 387 INSTITUT.
2511 331 2813 389 MONACII.

250 506 274 525 .
363 439 509 492 nobis
537 454 716 508 pugna
732 448 913 491 contra
942 454 1150 492 carnem
1183 451 1230 493 et
1255 443 1583 510 sanguinem,
1622 448 1711 496 sed
1745 443 1931 498 adrer-
1963 448 2008 503 Α
2038 461 2155 501 nem
2190 449 2577 519 evangelicum,
2606 464 2826 503 avarum
2852 450 3229 519 corripientem
3249 475 3259 507 :
3281 450 3469 515 Stulte,
3502 454 3598 507 hac

3492 340 3595 397 832

2044 547 2190 590 nocte
2208 539 2442 590 animum
2470 547 2705 605 expetent
2731 554 2763 590 a
2792 554 2839 590 te
2866 553 2883 591 :
2913 554 3029 608 qua:
3054 551 3224 593 autem
3261 541 3594 608 pnrparasti,

2039 627 2190 696 cujus
2222 641 2372 680 erunt
2398 628 2452 681 7?
2483 638 2537 681 et
2573 629 2764 681 iterum
2794 644 2810 680 :
2838 627 2900 683 In
2932 628 3022 683 illa
3045 630 3130 684 die
3159 630 3405 697 peribunt
3422 647 3599 684 omnes
3688 637 3697 644 '

2038 717 2373 786 cogitationes
2421 734 2599 771 eorum
2615 719 2657 773 ⁸.
2687 720 2883 786 Stulte,
2918 734 3083 789 quare
3122 734 3225 774 non
3282 722 3360 774 vis
3414 720 3602 774 audire

2041 806 2322 861 Dominum
2349 808 2715 863 cohortantem
2752 826 2763 861 :
2801 808 2962 876 Vade,
2993 818 3039 863 et
3081 809 3240 864 vende
3267 809 3443 862 omnia
3483 820 3603 878 qua

2039 899 2213 963 habes,
2233 907 2282 951 et
2305 899 2721 969 dapauperibus,
2749 911 2797 955 et
2825 901 2946 955 tolle
2959 917 3161 955 crucem
3196 910 3361 965 tuam,
3388 908 3438 954 et
3464 901 3600 965 veni,

2039 999 2085 1042 et
2110 1006 2320 1059 sequere
2342 1007 2422 1043 me
2443 990 2502 1042 9‘?
2527 990 2678 1057 Quod
2708 990 3022 1046 adolescens
3050 990 3273 1045 audiens
3307 1004 3602 1045 conversus

2039 1088 2124 1134 est
2157 1087 2469 1143 retro;-non
2509 1078 2651 1133 enim
2679 1089 2794 1133 erat
2826 1089 3028 1134 rectum
3066 1094 3160 1134 cor
3182 1079 3381 1150 ipsius;
3411 1078 3602 1134 etideo

2041 1185 2145 1225 non
2199 1170 2368 1239 potuit
2416 1185 2635 1238 gravem
2675 1170 2981 1226 divitiarum
3024 1171 3288 1225 sarcinam
3316 1171 3601 1239 deponere.

2046 1260 2291 1316 Habebat
2328 1262 2542 1330 quidem
2570 1260 2923 1326 voluntatem,
2959 1270 3016 1316 ut
3050 1261 3328 1331 Scriptura
3353 1269 3602 1323 testatur,

2043 1350 2293 1420 perfecta:
2319 1353 2547 1416 vitaret
2577 1352 2862 1422 splendore
2882 1353 3142 1408 virtutum
3176 1352 3493 1407 trahebatur
3540 1350 3605 1404 ad

2041 1444 2271 1508 laudem,
2327 1445 2420 1499 sed
2452 1444 2819 1499 retrahebant»
2858 1460 2980 1500 eum
3015 1454 3321 1500 currentem
3376 1442 3597 1505 divitiae,

2045 1548 2144 1587 nec
2173 1543 2382 1602 poterat
2406 1534 2700 1592 Salvatoris
2723 1539 2910 1593 audire
2936 1538 3260 1602 doctrinam,
3278 1537 3407 1606 quia
3429 1534 3606 1588 adhuc

2047 1623 2113 1677 de
2141 1624 2323 1678 mundi
2352 1626 2556 1682 deliciis
2591 1628 2876 1699 rogitabat.
2908 1627 3069 1684 Unde
3084 1637 3134 1682 el
3162 1626 3412 1681 Salvator
3437 1624 3608 1694 Inqui-

2048 1723 2166 1768 tur:
2200 1716 2418 1786 Diﬂicile
2460 1729 2536 1773 est
2579 1736 2665 1773 eos
2704 1721 2793 1787 qui
2829 1721 3015 1774 habent
3065 1719 3512 1774 divitiasintrare
3553 1716 3608 1768 in

2050 1821 2205 1875 regna
2245 1809 2489 1862 caelorum
2514 1809 2594 1875 ‘°;
2630 1820 2684 1864 et
2726 1811 2916 1865 iterum
2953 1829 2965 1864 :
3004 1810 3169 1864 Nemo
3212 1819 3374 1876 potest
3407 1809 3610 1863 duobus

2045 1896 2270 1952 dominis
2326 1900 2559 1954 seruire:
2594 1910 2682 1955 aut
2732 1902 2870 1955 enim
2917 1918 3080 1955 unum
3125 1902 3244 1955 odio
3291 1900 3520 1962 habebit,
3560 1908 3609 1951 et

2045 1987 2266 2041 alterum
2301 1988 2513 2058 diliget;
2545 2001 2635 2044 aut
2684 1992 2775 2043 uni
2819 2001 2895 2044 est
2931 1993 3196 2055 obediens,
3230 2000 3276 2045 et
3322 1998 3611 2044 contemnet

2044 2077 2289 2133 alterum.
2339 2078 2459 2134 Non
2499 2081 2712 2149 potestis
2746 2079 2852 2134 Deo
2890 2082 3084 2135 servire
3124 2090 3513 2134 etmammonte
3544 2078 3609 2130 “.

2048 2168 2301 2225 Pharisaei
2327 2180 2508 2227 autem
2526 2186 2656 2227 cum
2686 2180 2869 2227 essent
2898 2172 3083 2239 avari,
3101 2171 3214 2226 hinc
3242 2171 3534 2226 audiebant
3557 2178 3613 2224 et

2049 2260 2345 2316 irridebant
2371 2278 2399 2313 ε,
2427 2276 2652 2330 quorum
2686 2262 3109 2317 incredulitatem
3128 2298 3131 2301 -
3151 2261 3475 2321 devitemus,
3506 2270 3606 2312 nec

2050 2349 2372 2406 irrideamus
2432 2366 2528 2406 eos
2586 2352 2676 2420 qui
2727 2366 2824 2406 nos
2867 2359 3180 2420 provocant.
3230 2348 3616 2405 “enuntiemus

2051 2440 2271 2507 mundo,
2302 2449 2362 2493 ut
2390 2438 2613 2508 perfecti
2639 2438 2933 2508 perfectum
2965 2451 3254 2506 sequamur
3279 2439 3610 2490 thesaurum.

2049 2532 2286 2600 Quorum
2323 2532 2556 2586 animam
2585 2531 2820 2602 possidet
2877 2529 3127 2593 avaritia,
3163 2528 3245 2582 his
3273 2527 3485 2582 videtur
3517 2540 3616 2595 pro

2049 2623 2262 2680 Christo
2287 2622 2447 2678 stulta
2475 2631 2782 2692 paupertas.
2817 2618 3062 2685 Quaestus
3085 2629 3160 2672 est
3183 2633 3422 2686 magnus,
3449 2618 3614 2686 pietas

2052 2730 2168 2769 cum
2188 2713 2512 2783 sufﬁcientia.
2543 2710 2693 2765 Nihil
2724 2710 2858 2764 enim
2889 2708 3160 2763 intulimus
3192 2709 3245 2760 in
3295 2707 3432 2760 hunc
3462 2722 3616 2760 mun-

2053 2806 2199 2869 dum,
2243 2820 2333 2857 nec
2380 2804 2588 2872 auferre
2635 2802 2761 2873 quid
2810 2815 3128 2870 possumus;
3179 2798 3424 2852 habentes
3475 2797 3614 2850 enim

2054 2895 2243 2950 rictum
2291 2903 2339 2948 et
2367 2893 2624 2957 vestitum,
2664 2892 2744 2945 his
2802 2891 3031 2947 contenti
3070 2893 3250 2944 simus.
3303 2886 3406 2953 Qui
3446 2897 3620 2939 autem

2055 2985 2229 3040 uolunt
2252 2984 2434 3039 divites
2452 2982 2845 3053 ﬁeri,incidunt
2864 2979 3267 3035 intentationem
3287 2989 3333 3031 et
3355 2976 3617 3044 laqueum,

1982 3111 2026 3169 ο
2056 3077 2111 3131 in
2141 3077 2578 3145 concupiscentiae
2612 3075 2803 3129 multas
2833 3089 2951 3144 qua:
2976 3080 3095 3126 sunt
3135 3073 3310 3125 stulta:
3338 3079 3386 3124 et
3427 3071 3621 3131 noxia,

2061 3179 2107 3222 et
2137 3167 2439 3237 demergunt
2480 3165 2717 3221 homines
2762 3167 2818 3218 in
2862 3164 3136 3218 interitum
3164 3172 3211 3216 et
3255 3160 3597 3224 perditionem

2064 3259 2242 3314 Radix
2265 3260 2403 3314 enim
2437 3258 2668 3313 omnium
2690 3255 2948 3309 mutarunt
2973 3253 3232 3324 cupiditas
3252 3253 3318 3305 ".

2134 3350 2372 3406 XXVIII.
2412 3349 2590 3420 Usque
2622 3349 2779 3405 hodie
2814 3348 2959 3403 Elius
3005 3346 3252 3404 Israclem
3285 3344 3503 3414 corripit
3542 3348 3625 3398 di-

2064 3459 2235 3501 cens:
2273 3442 2555 3514 Quousque
2594 3441 2906 3495 claudicatis
2953 3441 3123 3509 pede?
3154 3437 3212 3494 Si
3253 3438 3388 3492 Deus
3431 3448 3529 3504 est,
3561 3438 3627 3490 ite

2064 3547 2115 3593 et
2138 3536 2419 3607 sequimini
2446 3552 2564 3590 eum
2595 3534 2661 3588 ¹⁸.
2692 3533 2761 3588 Ει
2790 3534 2944 3589 nobis
2971 3533 3210 3603 loquitur
3239 3550 3251 3586 :
3289 3530 3344 3585 Si
3380 3530 3626 3584 mandata

2066 3638 2191 3683 sunt
2227 3627 2321 3683 Dei
2351 3642 2472 3697 quae
2513 3642 2609 3697 per
2638 3626 2857 3680 Patrem
2901 3637 3140 3680 nostrum
3181 3622 3403 3676 tradidit
3448 3621 3623 3681 nohis.

2065 3729 2122 3775 et
2166 3734 2287 3788 quae
2332 3728 2623 3786 sequentes
2670 3732 2960 3786 possumus
3017 3714 3300 3784 pervenire
3345 3713 3408 3765 ad
3468 3725 3627 3778 regna

2069 3809 2354 3874 cmlorum,
2397 3807 2745 3862 totoleadem
2796 3806 3064 3861 desiderio
3117 3802 3529 3871 compleamus:
3582 3799 3628 3854 si

2070 3909 2246 3953 autem
2291 3898 2567 3967 sequimur
2604 3895 2963 3964 cogitationes
3011 3904 3245 3956 nostras,
3283 3901 3336 3948 et
3380 3892 3445 3944 ad
3489 3891 3629 3945 aliud

2073 3991 2249 4046 tendit
2273 3989 2505 4051 animus,
2531 4001 2628 4042 cur
2652 4000 2756 4041 non
2786 4001 3028 4041 errorem
3065 3983 3384 4054 simpliciter
3409 3983 3637 4038 conlite-

2074 4096 2213 4143 mur,
2244 4089 2300 4133 et
2322 4077 2677 4140 ostendimus,
2709 4090 2809 4131 nos
2833 4089 2954 4130 esse
2982 4074 3124 4143 quod
3159 4072 3330 4128 videri
3355 4073 3620 4129 erubesci-

2074 4171 2228 4225 mus?
2260 4168 2337 4224 Ne
2377 4168 2515 4223 forte
2548 4167 2758 4222 dicatur
2804 4176 2857 4221 et
2893 4165 3047 4221 nobis
3096 4183 3108 4219 :
3161 4164 3336 4230 Quare
3368 4164 3632 4234 polluistis

2075 4265 2247 4316 locum
2289 4276 2459 4315 nteum
2508 4271 2748 4314 sanctum
2779 4257 2861 4311 “i
2893 4256 2993 4312 Et:
3034 4256 3263 4327 lt‘jiciam
3302 4273 3389 4311 eos
3428 4273 3455 4311 c
3481 4259 3633 4311 domo

2075 4369 2190 4408 mea
2235 4352 2302 4406 ¹⁸.
2351 4351 2626 4420 Siquidem
2679 4349 3034 4405 conciliabula
3072 4347 3459 4402 monachorum
3508 4362 3634 4401 vere

401 4444 594 4500 rebant
614 4443 700 4496 "i
727 4444 795 4499 At
822 4443 1093 4512 quomodo
1117 4444 1317 4513 poteris
1346 4455 1591 4498 mortuus
1623 4443 1845 4512 justitite
1873 4444 1970 4498 in-
2002 4470 2046 4525 ι)
2080 4442 2167 4496 Dei
2201 4442 2391 4496 domus
2431 4449 2534 4505 est,
2564 4449 2618 4494 et
2656 4449 2966 4494 sanctorum
3002 4439 3176 4502 vinea,
3207 4438 3350 4494 sicut
3380 4436 3636 4507 scriptum

400 4537 569 4591 duere
597 4538 1000 4599 vestimentum,
1022 4534 1113 4604 qui
1140 4533 1267 4589 illud
1295 4533 1450 4589 vivus
1478 4534 1675 4589 habere
1705 4549 1809 4588 non
1853 4550 1966 4587 me-

404 4621 603 4676 ruisti?
630 4620 808 4687 Quare
834 4622 1033 4677 oblitus
1084 4636 1144 4678 es
1184 4621 1335 4687 illud,
1372 4625 1517 4692 quod
1555 4623 1814 4694 scriptum
1841 4634 1921 4678 est
1953 4640 1967 4677 :

405 4712 560 4779 Quod
592 4713 921 4767 seminaverit
951 4714 1104 4767 homo
1126 4755 1142 4780 ,
1184 4716 1279 4768 hoc
1319 4725 1367 4769 et
1413 4717 1625 4778 metet';
1666 4725 1719 4770 et
1751 4732 1764 4768 :
1797 4715 1972 4770 Unus-

400 4807 625 4875 quisque
668 4804 880 4873 recipiet
923 4803 1083 4872 juxta
1109 4805 1248 4874 quod
1290 4808 1392 4874 egit
1414 4809 1467 4873 ²;
1500 4816 1591 4861 et:
1628 4805 1821 4860 Reddet
1850 4808 1972 4860 uni-

407 4898 595 4967 cuique
610 4894 768 4964 juzta
796 4910 951 4963 opera
979 4911 1077 4950 sua
1102 4894 1123 4926 ³
1148 4912 1162 4960 ;
1211 4904 1265 4949 et
1294 4897 1491 4951 iterum
1524 4913 1536 4949 :
1572 4896 1684 4968 Ego
1719 4898 1972 4951 Dominus

401 4998 644 5043 scrutans
674 4987 836 5041 corda
874 4996 926 5041 et
951 4987 1178 5056 probans
1229 5002 1410 5054 renes,
1447 4997 1502 5042 ut
1532 4992 1745 5043 reddam
1772 4989 1978 5043 unicui-

402 5095 506 5151 que
530 5078 693 5148 juxta
722 5080 833 5133 vias
864 5094 987 5134 suas
1012 5089 1060 5134 et
1089 5080 1248 5149 juxta
1281 5079 1505 5149 fructum
1550 5080 1975 5133 adinventionum

401 5171 517 5241 ejus
535 5170 643 5226 “"t
681 5169 860 5238 Quare
889 5173 1127 5228 nondum
1143 5172 1378 5228 versaris
1414 5171 1466 5225 in
1511 5173 1643 5237 vita,
1680 5182 1733 5225 et
1775 5172 1828 5225 in
1878 5172 1977 5224 hoc

402 5263 730 5334 corpusculo
758 5265 1082 5321 constitutus
1104 5278 1211 5319 non
1237 5264 1391 5321 audis
1419 5263 1586 5318 David
1614 5263 1917 5330 loquentem
1959 5281 1971 5315 :

408 5353 776 5419 Thesaurisat,
809 5364 858 5409 et
882 5354 1089 5425 ignorat
1109 5354 1194 5407 cui
1219 5361 1496 5423 congregat
1529 5368 1588 5406 ea
1607 5352 1661 5417 ⁸;
1698 5360 1751 5407 et
1781 5367 1978 5407 sermo.

479 5506 770 5578 "nghesA.
797 5524 873 5578 vi,
908 5508 995 5574 il,
1023 5508 1111 5564 12.
1186 5511 1234 5544 ’⁸
1256 5510 1368 5566 Jer.
1402 5526 1455 5575 ιδ,
1478 5509 1570 5567 26.
1646 5510 1693 5539 ’⁸
1717 5509 1836 5564 Gal.
1869 5526 1919 5572 v,
1958 5511 2042 5564 15.

408 5591 482 5642 ιν.
512 5574 631 5634 35.’
683 5574 957 5646 ίϐιιιζνι,
986 5579 1040 5635 8.
1115 5579 1350 5646 'Ephes.
1375 5574 1449 5644 vt,
1482 5580 1536 5635 8.
1611 5580 1632 5612 ³
1656 5579 1810 5632 Rom.
1846 5580 1977 5644 n.6,
2052 5580 2122 5611 διδ
2150 5575 2258 5630 Jer.
2289 5590 2420 5646 rvit,
2455 5574 2541 5646 10.

404 5647 497 5703 Ἃ).
577 5648 601 5679 ⁸
637 5646 938 5713 Psal.eu.v,
969 5648 1024 5704 4.
1098 5651 1120 5683 ⁹
1160 5646 1348 5707 Matth.
1382 5666 1493 5715 six,
1520 5650 1610 5704 Ἥ.

2075 4532 2301 4603 legimus
2332 4550 2345 4587 :
2396 4530 2554 4587 Vinea
2580 4532 2721 4601 facta
2748 4539 2823 4585 est
2853 4529 3124 4587 Salomoni
3149 4532 3204 4585 in
3235 4529 3349 4585 loco
3378 4530 3463 4599 qui
3489 4536 3640 4583 voca-

2073 4634 2159 4678 tur
2201 4623 2521 4688 Beelanton;
2565 4621 2702 4676 dedit
2742 4638 2856 4677 eam
2902 4622 3233 4685 custodibus;
3287 4621 3639 4687 unusquisqur

2076 4712 2227 4781 a/fert
2256 4728 2348 4778 pro
2384 4712 2639 4780 fructibus
2670 4711 2783 4778 ejus
2812 4710 2951 4763 mille
2993 4720 3282 4779 argenteos.
3331 4707 3493 4760 Vinea
3528 4721 3639 4757 mea

2075 4805 2130 4857 in
2174 4814 2447 4871 conspectu
2484 4817 2594 4855 meo
2644 4812 2767 4855 est:
2804 4801 2947 4854 mille
2994 4800 3289 4863 Salomoni,
3327 4808 3377 4852 et
3430 4800 3639 4851 ducenti

2078 4894 2158 4946 his
2187 4894 2277 4962 qui
2304 4890 2604 4945 custodiunt
2632 4889 2862 4957 fructum
2885 4889 2996 4959 ejus
3031 4889 3093 4943 ".
3114 4887 3190 4943 Ne
3217 4889 3378 4959 igitur
3401 4887 3643 4955 polluen-

2081 4998 2158 5041 tes
2188 4999 2307 5038 eam
2338 4982 2702 5052 projiciamur,
2733 4980 2878 5052 sicut
2909 4982 2961 5035 in
2991 4979 3281 5051 Evangelio
3316 4980 3543 5049 legimus
3574 4979 3639 5046 ",

2077 5076 2278 5145 ejectos
2309 5086 2429 5128 esse
2457 5074 2523 5128 de
2554 5056 2751 5142 templo
2782 5073 2875 5142 qui
2919 5074 3221 5127 vendebant
3254 5072 3306 5127 in
3333 5086 3399 5126 eo
3426 5085 3554 5127 oves
3586 5083 3640 5126 et

2079 5169 2275 5223 boves:
2307 5164 2927 5235 nummulariosuuoque
2949 5164 3254 5235 ingrediens
3279 5164 3533 5220 Dominus
3554 5174 3638 5219 at-

2077 5274 2182 5327 que
2216 5258 2486 5320 Salvator,
2525 5265 2580 5310 et
2610 5255 2816 5310 faciens
2845 5255 2945 5311 sibi
2977 5254 3242 5326 ﬂagellum
3270 5256 3335 5310 de
3364 5254 3635 5324 funiculis,

2078 5350 2238 5420 eiecit
2271 5364 2302 5403 e
2333 5347 2551 5417 templo,
2580 5355 2635 5401 et
2664 5345 2890 5401 fundens
2925 5361 3032 5402 aera
3063 5361 3383 5418 mensasque
3407 5348 3642 5403 venden-

3442 5504 3487 5536 ⁹⁹
3520 5504 3641 5558 Act.

3288 5574 3313 5635 1’
3353 5572 3481 5629 Luc.
3543 5586 3641 5642 xu,

2151 5507 2195 5539 ”
2226 5503 2456 5574 Philipp.
2488 5520 2565 5568 IV,
2594 5505 2647 5570 5,
2674 5504 2725 5559 ϐ.
2748 5504 2792 5535 ’⁸
2823 5501 2969 5557 Psal.
3001 5517 3218 5569 erxtv,
3250 5503 3336 5558 Il.

2151 5575 2258 5627 Jer.
2289 5590 2420 5627 xvu.
2455 5574 2541 5627 10.
2636 5577 2656 5606 ⁸
2698 5573 2839 5627 Psal.
2895 5588 3123 5627 xxxvtn.
3155 5573 3207 5626 7.
3288 5574 3313 5627 ζ’

2743 5588 2839 5626 sal.
2895 5588 3123 5638 xssvtn,
3165 5588 3207 5626 ι.

1692 5649 1733 5681 ³⁸
1774 5640 1957 5703 Matth.

2056 5666 2105 5712 ς,
2138 5646 2230 5699 25.
2308 5645 2348 5674 ¹¹
2377 5643 2561 5697 Matth.
2599 5657 2671 5707 vn,
2703 5642 2806 5705 εις
2835 5640 2960 5695 Luc.
2995 5659 3105 5701 XVI.
3129 5643 3217 5698 l3.
3293 5644 3335 5676 η
3363 5643 3541 5698 lTim.
3567 5640 3640 5712 vi,

407 5716 566 5773 6-10.
622 5717 689 5791 μ¹³
730 5716 790 5771 lll
825 5711 958 5783 Reg.
985 5735 1139 5783 xvm,
1168 5720 1254 5773 2|.
1339 5711 1592 5777 “Ezcch.
1625 5719 1828 5784 “1,26.
1909 5722 1949 5751 "
1983 5721 2201 5781 Oscis,
2240 5713 2320 5768 l5.
2402 5714 2443 5744 ‘9
2468 5713 2621 5768 Cum.
2665 5729 2773 5778 vnt,
2816 5713 2897 5777 ll,
2928 5712 3007 5767 l2.
3074 5712 3291 5770 "Joan.
3336 5729 3396 5779 ll,
3427 5715 3517 5780 Η,
3555 5711 3641 5766 ιδ.
