4098 6200
410 312 516 370 883

1503 298 1774 355 PATRES
1814 295 2116 352 EGYPTII
2161 296 2430 353 SAECULI
2474 299 2559 352 IV.

3561 293 3671 350 884

411 425 572 489 tium,
604 429 662 478 et
698 421 784 476 his
812 421 905 490 qui
948 417 1251 473 vendebant
1284 416 1562 470 columbas
1599 415 1670 468 ait
1723 431 1739 467 :
1771 413 1990 473 Auferte
2021 427 2062 478 Α
2100 427 2218 465 "IIIS
2254 411 2595 466 obtendere?
2628 411 2752 464 Haec
2790 412 2972 464 omnia
3003 408 3142 462 facta
3177 415 3303 460 sunt
3334 405 3507 469 nobis,
3542 405 3673 474 quia

412 515 523 568 ha'c
559 514 758 577 omnia,
792 521 840 565 et
890 509 1054 562 nolite
1090 511 1265 578 facere
1291 507 1506 561 domum
1554 505 1730 559 Patris
1770 507 1869 558 mei
1895 505 1990 558 do-

412 617 557 654 mum
596 599 961 670 negotiationis
1003 599 1068 653 ¹⁸.
1117 599 1390 667 Scriptum
1426 606 1507 652 est
1551 595 1696 650 enim
1731 613 1745 649 :
1794 594 1990 649 Domus

409 708 525 746 mea
557 693 746 745 domus
778 691 1033 745 orationis
1072 689 1345 745 vocabitur
1373 689 1576 744 cunctis
1608 689 1879 756 gentibus;
1905 705 1990 742 res

411 793 587 836 autem
612 782 808 851 fecistis
843 799 959 835 eam
996 781 1298 848 speluncam
1328 781 1595 834 latronum
1629 781 1691 832 ¹⁹.
1723 779 1790 833 Et
1819 780 1942 832 alibi
1973 797 1986 832 ε

416 870 637 938 Propter
687 888 773 926 eos
831 888 1018 926 nomen
1074 888 1246 927 meum
1296 872 1686 942 blasphematur
1732 872 1790 923 in
1815 871 1988 939 genti-

413 962 504 1013 bus
530 961 596 1014 ‘°.

483 1051 676 1106 XXIX.
709 1053 949 1108 Obsecro
985 1069 1100 1117 vos,
1133 1053 1349 1118 fratres,
1382 1069 1448 1107 ne
1481 1055 1545 1108 de
1574 1055 1731 1108 nobis
1763 1067 1982 1122 quoque

415 1141 627 1196 dicatur
652 1161 665 1198 :
702 1145 854 1197 Alius
879 1144 1087 1214 quidem
1117 1145 1301 1209 esurit,
1319 1145 1458 1197 alius
1481 1156 1656 1198 autem
1682 1143 1856 1198 sbrius
1877 1155 1950 1198 est
1973 1161 1991 1200 :

416 1249 485 1285 an
510 1235 689 1286 domos
723 1252 824 1288 non
863 1236 1082 1302 habetis,
1114 1247 1170 1290 ut
1202 1237 1387 1289 bibatis
1447 1248 1492 1290 et
1533 1236 1865 1290 concedatis?
1892 1237 1993 1290 nisi

417 1325 553 1392 forte
607 1324 896 1380 Ecclesium
935 1327 1030 1381 Dei
1063 1329 1415 1390 contemnitis,
1449 1336 1498 1382 et
1542 1328 1863 1397 confunditis
1906 1343 1993 1382 eos

416 1417 508 1485 qui
540 1434 640 1471 non
685 1419 877 1474 habent
914 1421 981 1476 ²¹.
1012 1421 1093 1476 Ad
1122 1436 1260 1490 quos
1304 1424 1502 1477 dicitur
1541 1441 1554 1477 :
1591 1422 1650 1476 Si
1679 1423 1796 1493 quis
1829 1423 1992 1476 esurit

417 1509 561 1562 domi
601 1513 858 1577 comedat,
897 1523 954 1566 ut
1006 1529 1109 1567 non
1151 1515 1208 1566 in
1249 1514 1512 1584 judicium
1557 1515 1875 1568 conveniatis
1923 1515 1991 1568 “.

417 1601 535 1658 Non
576 1602 647 1657 sit
687 1603 880 1664 domus
909 1613 1092 1659 nostra
1135 1605 1286 1660 vocis
1326 1605 1535 1671 alienae,
1571 1621 1637 1659 ne
1672 1605 1806 1659 illud
1842 1605 1995 1659 nobis

419 1702 783 1761 congruenter
807 1703 1024 1762 aptetur
1049 1712 1062 1748 :
1089 1693 1267 1763 Opera
1291 1694 1512 1765 Egypti
1533 1713 1636 1749 non
1663 1694 1994 1748 abstulerunt

2103 505 2417 558 Sacerdotes
2464 503 2769 570 plauserunt
2814 502 3076 565 manibus,
3129 511 3176 553 et
3223 498 3444 568 papulas
3491 499 3674 552 dilexit

2101 596 2348 649 similiter
2375 593 2440 647 ³⁸.
2474 591 2613 659 Quia
2641 594 2778 648 sicut
2816 592 3063 662 populus,
3110 591 3188 645 sic
3231 589 3498 644 sacerdos.
3545 586 3679 643 Pro-

2099 699 2276 758 pterea
2323 690 2539 742 reddam
2579 689 2649 755 ei,
2697 688 2894 756 inquit,
2948 686 3239 740 secundum
3280 685 3390 740 uias
3435 701 3587 751 suas,
3630 696 3679 740 et

2099 781 2444 848 cogitationes
2471 778 2616 832 illius
2647 777 2918 832 restituam
2962 779 3007 830 ei
3039 776 3105 829 ³⁸.

2177 871 2396 926 XXXII.
2437 870 2550 927 Non
2591 870 2658 925 de
2701 871 2953 925 omnibus
2981 868 3136 923 vobis
3179 867 3296 922 lucc
3325 865 3540 935 loquor,
3586 863 3684 917 sed

2101 969 2167 1020 de
2197 966 2282 1020 his
2324 965 2413 1034 qui
2444 965 2707 1034 majorum
2750 971 3017 1034 praecepta
3047 967 3397 1014 contemnunt
3430 975 3445 1011 :
3486 955 3684 1010 multo-

2097 1074 2202 1129 que
2246 1058 2435 1112 melius
2473 1065 2588 1111 erat
2627 1057 2733 1110 illis
2782 1058 3024 1125 ignorare
3058 1053 3197 1106 riam
3241 1050 3480 1114 iustitiae.
3521 1061 3683 1116 quam

2099 1153 2323 1205 scientes
2356 1149 2627 1203 revertiab
2660 1165 2744 1211 eo,
2770 1149 2908 1219 quod
2940 1145 3195 1199 traditum
3230 1154 3304 1197 est
3333 1142 3461 1204 illis,
3497 1149 3686 1192 sancto

2101 1243 2355 1298 mandato
2407 1241 2471 1294 ⁸⁷.
2527 1242 2600 1295 De
2651 1237 3019 1309 hujuscemodi
3069 1232 3377 1290 hominibus
3439 1243 3688 1284 IIHBI‘CIIS

2096 1334 2358 1390 Jeremias
2430 1332 2624 1387 scribit
2687 1329 3054 1395 :Defecerunt
3116 1325 3172 1378 in
3245 1319 3493 1392 lacrgmis
3541 1318 3686 1371 oculi

2097 1427 2222 1491 mei,
2252 1424 2600 1477 conturbatus
2631 1431 2705 1476 est
2734 1430 2914 1474 venter
2943 1434 3112 1480 meus,
3148 1414 3317 1484 effusa
3340 1422 3416 1465 est
3447 1411 3500 1464 in
3539 1418 3688 1462 terra

2103 1517 2272 1587 gloria
2317 1533 2455 1580 mea,
2498 1530 2652 1582 super
2689 1511 3003 1565 contritione
3030 1507 3156 1577 [ilice
3185 1505 3368 1575 populi
3398 1503 3532 1566 mei;
3557 1500 3688 1570 quia

2098 1608 2286 1675 defecit
2329 1606 2580 1673 parvulus
2611 1613 2660 1658 et
2693 1605 2888 1656 lactens
2921 1602 2973 1655 in
3000 1601 3186 1670 plateis
3212 1595 3462 1650 civitatis.
3490 1591 3690 1646 Matri-

2101 1698 2194 1753 bus
2235 1699 2346 1751 suis
2395 1698 2640 1751 dixerunt
2671 1711 2690 1749 :
2726 1693 2828 1748 Ubi
2862 1702 2935 1746 est
2971 1691 3204 1745 tritictmt
3231 1699 3277 1742 et
3309 1685 3530 1740 vinum?
3562 1700 3690 1738 cum

419 1799 452 1834 a
475 1799 529 1836 se
571 1783 638 1835 “.
665 1784 732 1838 Et
763 1785 958 1838 iterum
985 1801 999 1839 :
1029 1784 1094 1839 In
1119 1789 1389 1854 prccceptis
1419 1787 1545 1839 meis
1568 1801 1670 1840 non
1700 1785 1997 1839 ambulare-
2029 1775 2073 1831 Β
2108 1790 2393 1858 deﬁcerent
2427 1789 2580 1858 quasi
2605 1785 2866 1840 uulnerati
2896 1785 2951 1836 in
2983 1782 3169 1853 plateis
3204 1780 3368 1845 urbis,
3404 1794 3522 1830 cum
3554 1775 3689 1845 fun-

419 1883 564 1937 runt,
586 1887 632 1928 et
655 1874 884 1929 Sabbata
902 1893 1016 1930 mea
1038 1879 1561 1941 eontaminaverunt;
1584 1885 1855 1945 propterea
1878 1891 1996 1929 cum

419 1966 762 2020 clamaverint
799 1969 867 2020 ad
901 1984 1003 2032 me,
1052 1984 1146 2037 ego
1182 1985 1284 2022 non
1317 1969 1598 2022 exaudiam
1645 1983 1734 2021 eos
1765 1967 1830 2020 ".
1879 1966 1997 2020 Non

422 2068 836 2122 permaneamus
869 2057 922 2110 in
966 2058 1148 2112 cordis
1184 2057 1406 2125 duritia,
1457 2069 1512 2112 et
1545 2057 1614 2113 ad
1659 2057 1998 2112 iracundiam

423 2161 780 2211 provocemus
801 2147 990 2214 Deum,
1015 2159 1072 2204 et
1098 2149 1194 2205 liat
1220 2149 1475 2206 inimicus
1496 2160 1700 2215 noster,
1729 2161 1784 2204 et
1813 2150 1957 2205 dicat
1982 2167 1998 2204 :

424 2236 537 2308 Ego
565 2251 736 2293 autem
767 2242 904 2295 dabo
927 2242 1004 2296 eis
1033 2254 1297 2312 prtecepta
1335 2260 1439 2297 non
1469 2244 1626 2308 bona,
1658 2253 1704 2298 et
1730 2243 2002 2313 justi/ica-

422 2331 588 2383 tiones
640 2332 696 2384 in
743 2333 931 2402 quibus
982 2350 1086 2388 non
1125 2336 1299 2390 uisant
1345 2336 1424 2400 ης
1475 2336 1603 2403 quia
1653 2334 2006 2389 comederunt

423 2423 662 2477 fructum
707 2425 1000 2492 mendacii,
1040 2437 1099 2481 et
1143 2427 1510 2482 adoraverunt
1543 2439 1707 2493 opera
1743 2439 2002 2480 manuum

425 2529 671 2579 suarum,
701 2527 754 2570 et
781 2516 984 2585 repleta
1017 2528 1102 2572 est
1135 2527 1281 2573 terra
1321 2530 1511 2573 eorum
1550 2533 1579 2572 a
1608 2516 1876 2588 principio
1907 2531 2004 2570 au-

425 2605 600 2676 gurio,
629 2616 680 2660 ut
719 2616 866 2662 terra
894 2609 1337 2680 alienigena-rum.

498 2697 670 2752 XXX.
707 2698 784 2753 Ne
819 2709 1103 2768 postquam
1157 2699 1649 2755 renuntiaverimus
1692 2697 1911 2762 sceeulo,
1955 2707 2009 2751 et

427 2790 757 2858 coeperimus
787 2790 1040 2845 vexillum
1070 2791 1248 2846 crucis
1278 2792 1455 2860 sequi,
1497 2792 1694 2845 iterum
1723 2790 1790 2843 ad
1823 2798 2005 2859 postc-

431 2881 575 2932 riora
618 2878 900 2943 conversi,
946 2893 1262 2948 quatramus
1295 2879 1640 2950 refrigerium
1689 2879 2005 2948 temporale,

428 2967 713 3022 imitantes
747 2968 1003 3037 Ephraim
1045 2970 1312 3026 dicentem
1344 2987 1358 3023 :
1392 2969 1542 3024 Dives
1578 2969 1756 3040 factus
1787 2984 1926 3032 sum,
1957 2976 2008 3021 et

428 3060 603 3117 inveni
653 3061 980 3130 refrigerium
1018 3062 1147 3119 mihi
1177 3061 1252 3127 “;
1291 3076 1360 3116 ne
1398 3061 1682 3115 audiamus
1705 3060 1834 3114 illud
1863 3058 2004 3130 quod

431 3162 481 3207 et
509 3151 598 3206 ille
639 3152 837 3207 meruit
878 3153 1106 3206 audire:
1144 3151 1336 3208 Omnes
1363 3151 1566 3205 labores
1605 3150 1756 3206 illius
1786 3166 1890 3205 non
1923 3150 2008 3203 in-

373 3227 376 3230 .
431 3243 712 3294 ueniuntur
754 3259 866 3311 prce
910 3243 1301 3312 iniquitatibus,
1342 3243 1396 3298 in
1435 3242 1622 3313 quibus
1662 3242 1892 3312 peccavit
1941 3241 2008 3294 ".

432 3333 499 3388 Et
528 3348 596 3385 ne
621 3333 749 3386 illud
780 3334 1065 3401 impleatur
1093 3333 1147 3387 in
1191 3335 1343 3389 nobis
1373 3352 1388 3388 :
1421 3333 1668 3403 Caspistis
1695 3334 1918 3400 spiritu,
1963 3343 2012 3386 et

433 3440 570 3483 nunc
607 3440 766 3480 carne
813 3426 1250 3479 consummamini
1285 3441 1306 3480 :
1352 3435 1499 3478 tanta
1542 3426 1688 3494 passi
1727 3426 1849 3478 estis
1901 3426 2016 3478 sine

433 3529 597 3573 causa
627 3513 706 3568 “i
736 3513 803 3568 Et
843 3514 932 3569 ille
970 3527 1160 3570 contra
1206 3530 1307 3571 nos
1339 3529 1520 3573 sermo
1569 3515 1784 3570 dicatur
1842 3532 1856 3569 :
1908 3514 2016 3568 Lex

434 3605 586 3674 periit
636 3624 666 3660 a
714 3608 1026 3674 sacerdote,
1065 3617 1115 3661 et
1161 3607 1441 3664 consilium
1489 3621 1524 3660 α
1571 3605 1902 3671 senioribus;
1966 3617 2014 3660 et

435 3713 628 3756 manus
653 3697 836 3768 populi
865 3699 1137 3756 dissoluta
1164 3709 1286 3753 sunt
1317 3699 1362 3733 ²⁹
1394 3716 1407 3752 :
1435 3714 1582 3759 senes
1606 3700 1670 3752 de
1689 3709 1840 3768 porta
1871 3698 2019 3768 quie-

435 3801 640 3854 verunt,
664 3791 813 3845 etecti
846 3809 877 3844 a
905 3791 1124 3860 psalmis
1153 3792 1264 3846 suis
1289 3801 1618 3846 cessaverunt
1644 3790 1711 3847 ³⁸.
1743 3789 2013 3846 Rursum-

438 3898 545 3948 que
594 3885 803 3938 tliCulur
830 3901 852 3950 ε,
893 3881 1122 3954 Propter
1163 3901 1251 3941 ros
1296 3900 1484 3939 nomen
1526 3884 1916 3949 blasphematur
1964 3883 2018 3937 in

439 3977 676 4044 gentibus
710 3976 778 4042 ³¹;
813 3986 866 4030 et
898 3978 1225 4051 contemptis
1252 3978 1683 4033 institutionibus
1710 3974 1889 4031 Patris
1917 3989 2011 4030 no-

440 4068 538 4120 stri
564 4067 818 4136 subrepat
847 4067 1076 4132 oblivio,
1102 4068 1566 4141 mediutorcmque
1591 4069 1681 4123 Dei
1703 4077 1866 4135 atque
1893 4077 2020 4119 san-

441 4161 652 4206 ctorum
679 4161 863 4206 nostro
894 4150 1024 4205 vitio
1051 4152 1405 4222 negligemus.

516 4242 713 4297 XXXI.
744 4242 877 4307 Quis
902 4244 1045 4298 enim
1075 4243 1303 4311 fructus,
1345 4252 1437 4297 aut
1467 4244 1610 4312 quod
1641 4244 1850 4315 sig-num
1882 4260 2019 4316 prte-

441 4345 727 4404 t-cptorum
765 4335 858 4389 Dei
891 4335 1198 4390 inveniatur
1227 4335 1280 4389 in
1315 4335 1491 4400 nobis,
1532 4345 1624 4389 aut
1663 4336 1717 4390 in
1749 4352 1856 4405 quo
1889 4354 2018 4408 pro-

2103 1884 2278 1936 derent
2321 1882 2527 1934 animas
2556 1895 2679 1933 suas
2715 1877 2768 1930 in
2796 1876 2916 1930 sinu
2964 1884 3190 1926 matrum
3225 1885 3441 1925 suarum
3470 1866 3540 1921 ³⁸.
3573 1861 3692 1920 Sci-

2104 1987 2225 2029 mus
2255 1972 2400 2043 quod
2431 1987 2533 2025 non
2564 1971 2618 2024 in
2661 1966 2976 2038 fortitudine
3020 1963 3138 2034 equi
3173 1961 3292 2016 velit
3327 1959 3498 2023 Deus,
3521 1975 3691 2029 neque

2102 2065 2156 2117 in
2188 2062 2471 2133 femoribus
2507 2061 2604 2116 uiri
2633 2060 2733 2115 sibi
2758 2057 3076 2126 complaceat
3108 2051 3174 2109 ”.

2176 2151 2418 2209 XXXIII.
2485 2152 2551 2207 Et
2607 2151 2808 2206 idcirco
2857 2158 3196 2204 revertamur
3250 2145 3315 2198 ad
3394 2140 3692 2197 Dominum

2109 2247 2273 2304 Deum
2297 2257 2568 2312 nostrum,
2593 2253 2650 2298 ut
2671 2242 2885 2314 quando
2909 2239 3248 2296 oraverimus
3273 2234 3533 2290 exaudiat
3559 2247 3686 2298 nos,

2108 2341 2200 2412 qui
2245 2340 2485 2411 quotidie
2522 2339 2770 2393 hortatur
2810 2343 2870 2388 ut
2915 2345 3167 2387 vacemus
3206 2338 3260 2384 et
3291 2338 3695 2396 cognoscamus

2105 2447 2252 2488 eum.
2282 2431 2346 2486 Et
2376 2431 2503 2485 alibi
2553 2429 2794 2498 loquitur
2827 2442 2842 2480 :
2882 2423 3222 2481 Reeertimini
3249 2423 3316 2475 ad
3363 2435 3468 2483 me,
3513 2427 3560 2472 et
3597 2431 3692 2485 ego

2107 2534 2341 2578 revertar
2379 2522 2449 2575 ad
2484 2538 2570 2575 vos
2604 2518 2685 2585 ⁸⁵,
2719 2530 2771 2574 ct
2819 2519 3014 2572 iterum
3050 2535 3065 2570 :
3107 2511 3444 2568 Revertimini
3489 2513 3556 2563 ad
3589 2524 3692 2574 me,

2105 2615 2210 2684 filii
2243 2614 2558 2677 recedentes,
2588 2621 2635 2666 et
2675 2627 2766 2681 ego
2803 2608 3114 2662 dominabor
3148 2605 3302 2658 vestri
3335 2602 3406 2653 ⁸¹.
3438 2596 3691 2654 Ezechiel

2108 2705 2360 2762 similiter
2386 2713 2725 2758 contestatur
2759 2719 2822 2758 ac
2849 2703 2977 2757 dicit
3005 2719 3017 2754 :
3048 2695 3224 2764 Quare
3252 2693 3567 2756 moriemini,
3595 2691 3691 2743 do-

2107 2814 2224 2853 mus
2259 2795 2467 2850 Israel?
2497 2792 2637 2850 Nolo
2673 2805 2889 2850 mortem
2921 2791 3243 2863 peccatoris;
3281 2798 3486 2841 tantum
3519 2793 3573 2837 ut
3603 2798 3688 2836 re-

2109 2899 2343 2944 vertatur
2383 2889 2446 2943 de
2476 2889 2560 2942 via
2603 2887 2744 2941 mala
2782 2904 2903 2951 sua,
2939 2895 2987 2939 et
3017 2886 3153 2938 vivat
3183 2883 3250 2934 δ’.
3288 2879 3356 2934 Et
3385 2875 3694 2934 clementis-

2111 2980 2281 3034 simus
2317 2995 2379 3034 ac
2411 2980 2577 3035 totius
2603 2979 2864 3034 bonitatis
2891 2986 3052 3048 caput
3084 2975 3283 3031 clamat
3317 2973 3367 3026 in
3403 2966 3694 3038 Evangelia

2113 3074 2178 3127 ad
2213 3088 2312 3128 nos
2349 3071 2610 3128 Dominus
2643 3082 2808 3140 atque
2834 3081 3066 3126 testatur
3097 3085 3112 3123 :
3153 3065 3336 3120 Venite
3364 3063 3436 3116 ad
3469 3077 3550 3115 me
3579 3075 3694 3113 ont-

2115 3183 2205 3219 nes
2232 3167 2318 3236 qui
2343 3164 2596 3219 laboratis
2627 3173 2676 3220 et
2708 3163 2911 3219 onerati
2941 3163 3090 3228 estis,
3121 3169 3171 3214 et
3203 3175 3296 3228 ego
3326 3156 3561 3224 reﬁciam
3583 3167 3693 3206 eos.

2117 3249 2310 3309 Tollite
2327 3255 2521 3326 jugum
2553 3271 2722 3308 meum
2752 3270 2907 3325 super
2933 3269 3045 3317 vos,
3078 3261 3128 3306 et
3159 3250 3341 3304 discite
3366 3265 3398 3300 ιι
3439 3262 3544 3308 me,
3571 3245 3696 3313 quia

2115 3347 2258 3400 mitis
2299 3361 2414 3398 sum
2454 3355 2501 3399 et
2538 3345 2752 3398 humilis
2803 3344 2959 3398 corde
3007 3359 3027 3396 :
3067 3352 3115 3396 et
3160 3338 3430 3394 invenietis
3468 3333 3697 3403 requiem

2117 3435 2393 3489 animabus
2421 3435 2602 3490 vestris
2637 3435 2706 3488 “.
2737 3433 3160 3490 Consideremus
3188 3430 3332 3500 quod
3357 3427 3572 3483 bonitas
3601 3422 3697 3477 Dei

2117 3526 2184 3581 ad
2224 3527 2600 3596 paenitentiam
2641 3537 2740 3582 nos
2789 3523 3136 3597 provocet“,
3167 3532 3224 3578 et
3254 3519 3428 3576 sancti
3469 3515 3573 3571 viri
3598 3528 3697 3569 co-

2119 3615 2409 3671 hortantur
2432 3618 2497 3672 ad
2521 3616 2772 3672 salutem.
2803 3615 2919 3671 Non
2961 3613 3278 3669 induremus
3299 3608 3464 3665 corda
3490 3614 3698 3667 nostra,

2119 3721 2295 3777 neque
2319 3707 2749 3762 tbesanrizemus
2782 3707 2919 3761 iram
2950 3704 3106 3761 nobis
3137 3703 3189 3758 in
3222 3701 3310 3757 die
3339 3701 3436 3754 ira:
3459 3707 3515 3753 et
3545 3710 3701 3750 reve-

2121 3797 2492 3868 lationisjusti
2521 3797 2710 3867 iudicii
2747 3799 2863 3864 Del,
2890 3797 2983 3868 qui
3020 3795 3205 3850 reddet
3230 3785 3702 3860 unicuiqu’ejuxta

2121 3904 2285 3959 opera
2316 3904 2414 3944 sua
2447 3905 2461 3944 :
2498 3891 2590 3944 sed
2621 3906 2686 3946 ex
2716 3900 2829 3946 toto
2857 3890 3022 3945 corde
3054 3895 3391 3945 revertamur
3424 3883 3491 3938 ad
3516 3881 3706 3938 Domi-

2121 3999 2272 4048 num,
2324 3991 2379 4038 et
2432 3983 2732 4038 secundum
2776 3983 2943 4055 Moysi
2978 3983 3142 4038 verba
3192 3977 3548 4035 memorantis
3587 3994 3600 4030 :
3643 3972 3708 4030 St

2122 4077 2402 4129 revertaris
2439 4074 2508 4127 ad
2539 4072 2825 4129 Dominum
2855 4091 2922 4129 ea:
2952 4085 3058 4130 tota
3090 4072 3245 4128 corde
3284 4081 3398 4137 tuo,
3427 4068 3706 4122 mundabit

2121 4181 2210 4219 cor
2240 4174 2389 4221 tuum
2419 4175 2464 4219 et
2493 4182 2584 4219 cor
2618 4168 2831 4222 seminis
2863 4169 2938 4220 tui
2972 4165 3041 4221 “.

2194 4255 2438 4314 XXXIV.
2480 4257 2816 4314 Laboremus
2845 4260 2988 4314 sicut
3013 4259 3138 4313 boni
3167 4257 3364 4333 milites
3387 4253 3616 4320 Christi,
3638 4261 3696 4308 et

2124 4344 2482 4405 observemus
2510 4351 2638 4406 illud
2665 4352 2807 4420 quod
2828 4351 3090 4418 scriptum
3117 4359 3202 4404 est
3225 4367 3240 4404 :
3273 4345 3444 4402 Nemo
3469 4347 3712 4400 militans

440 4427 737 4482 fessionem
761 4426 1081 4495 impleamus
1102 4438 1372 4496 arreptam
1393 4426 1418 4478 ἵ
1442 4424 1632 4480 Nonne
1656 4428 1836 4481 omnia
1859 4428 2005 4483 dimi-

2129 4436 2236 4495 Deo
2273 4441 2502 4510 implicat
2547 4460 2602 4498 se
2641 4444 2866 4514 negotiis
2897 4441 3266 4508 sa'cularibus,
3299 4452 3354 4494 ut
3394 4442 3446 4494 ei
3469 4441 3556 4494 cui
3603 4440 3708 4493 mi-

439 4521 643 4584 simus,
683 4526 740 4570 et
788 4518 1032 4572 avaritize
1083 4517 1444 4583 su-biacemus,
1477 4528 1533 4571 et
1567 4517 1764 4572 dicitur
1818 4520 2015 4576 nobis:

443 4607 596 4663 Unde
627 4607 785 4674 bella,
809 4619 857 4662 et
904 4625 1092 4679 pugna.-
1135 4610 1221 4662 "?
1265 4622 1444 4663 nonne
1483 4623 1548 4663 ex
1578 4609 1846 4662 avaritia?
1886 4609 2020 4666 Nam

438 4703 566 4772 quia
595 4703 971 4773 unusquisque
1001 4704 1198 4772 quterit
1224 4702 1512 4757 utilitatem
1549 4718 1728 4768 suam,
1760 4719 1866 4758 non
1895 4720 2016 4774 pro.

441 4796 607 4862 ximi;
647 4809 818 4864 usque
858 4795 1017 4850 hodie
1063 4797 1252 4850 vivens
1281 4795 1529 4851 Ezechiel
1564 4796 1865 4866 prophetali
1903 4814 2021 4855 ser--

440 4902 601 4942 unone
642 4903 741 4944 nos
786 4887 1013 4958 corripit
1058 4887 1245 4942 dicens
1285 4905 1297 4941 :
1349 4885 1718 4959 Negotiatores
1760 4903 1908 4944 erant
1964 4894 2017 4946 in

440 4991 488 5039 te
519 4982 583 5035 ³³.
629 4980 803 5036 Filius
846 4981 1126 5036 ittltonorat
1172 4991 1406 5047 patrem,
1444 4992 1491 5035 et
1541 4994 1690 5052 pater
1737 4985 2017 5053 exprobrat

439 5073 553 5146 [ilio
585 5073 653 5129 ³⁸.
683 5073 824 5141 Quid
852 5075 904 5128 in
940 5075 1027 5129 die
1054 5074 1244 5143 iudicii
1278 5076 1750 5145 respondebimus,
1777 5090 1868 5133 aut
1892 5082 2017 5148 quid

439 5167 492 5222 in
531 5168 830 5224 novissimo
861 5177 1101 5237 tempore
1127 5182 1226 5238 pro
1250 5166 1564 5223 defensione
1598 5181 1780 5226 nostra
1814 5174 2009 5243 poteri-

533 5375 578 5407 ¹⁸
616 5373 771 5430 Joan.
815 5391 873 5438 ιι,
916 5377 999 5431 16.
1107 5377 1149 5407 ¹⁹
1190 5373 1378 5430 Matth.
1411 5391 1522 5441 xxt,
1566 5375 1648 5430 l3.

443 5447 488 5478 "
531 5446 726 5501 Ezech.
769 5462 860 5507 xx,
895 5447 949 5499 8.
1025 5447 1070 5477 “
1110 5447 1240 5500 ibid.
1279 5446 1367 5500 15.

441 5516 538 5570 27.
612 5515 657 5546 ³ο
694 5513 894 5570 'l'hren.
925 5532 982 5579 ν,
1011 5516 1098 5571 14.

1445 5447 1491 5478 ³⁵
1534 5446 1659 5501 ibid.
1701 5446 1792 5500 25.

1215 5517 1257 5547 ³¹
1289 5515 1445 5572 Rom.
1485 5531 1546 5582 tt,
1577 5514 1670 5572 24.

441 5657 531 5713 22.
617 5657 662 5688 "’
701 5655 898 5713 Ezech.
925 5672 1078 5722 xviii,
1102 5659 1192 5720 5i,
1225 5658 1315 5713 32.

441 5741 502 5792 ιι,
534 5726 657 5785 4ο6.
754 5726 798 5758 ⁸⁷
839 5725 1000 5783 Mich.
1039 5744 1111 5796 iv,
1283 5729 1324 5760 ⁸⁸
1367 5727 1506 5786 l’sal.
1543 5744 1653 5796 sis,
1692 5727 1745 5794 8,
1788 5730 1841 5786 0.

1743 5377 1789 5454 δι”
1832 5378 1936 5454 ἱεςξ.
1966 5397 2062 5446 ιιι,
2092 5383 2158 5448 5;
2189 5384 2343 5443 ttulit.
2395 5404 2453 5452 ιι,
2493 5387 2581 5440 Ἡ.
2661 5389 2702 5419 ¹¹
2746 5388 2760 5442 1
2793 5387 2921 5444 Cor.
2954 5403 3028 5454 si,
3062 5388 3153 5454 2i,
3192 5384 3282 5442 22.

1894 5452 1940 5482 ³⁸
1980 5453 2105 5507 Use.
2125 5470 2224 5519 xtl,
2261 5458 2314 5509 8.

1754 5518 1812 5588 ³³4
1834 5517 1947 5575 .Iac.
1982 5538 2054 5588 tv,
2087 5525 2136 5576 i.

441 5602 496 5651 ν,
518 5585 610 5641 31.
660 5585 706 5618 ³⁸
747 5586 970 5652 Ose.tv,
998 5586 1052 5642 9.
1127 5585 1234 5640 ³⁷11
1263 5586 1410 5643 Petr.
1445 5601 1508 5652 ιι,
1542 5588 1634 5642 ‘21.
1712 5587 1757 5620 ³⁸
1781 5585 1982 5648 Thren.

441 5657 531 5713 Ἡ.
617 5657 662 5688 ¹⁵¹
701 5655 898 5713 Ezech.
925 5659 1192 5716 xvm.5l.
1225 5658 1315 5713 32.
1420 5658 1465 5690 ⁸³
1505 5657 1693 5712 Matth.
1740 5673 1815 5716 XI.
1856 5662 1944 5716 28.
1975 5663 2005 5716 ‘2

2107 5594 2306 5655 11,12.
2381 5597 2428 5629 ³⁸
2467 5598 2606 5652 Psal.
2637 5585 2927 5663 eximio.
3005 5597 3052 5632 “
3086 5599 3197 5654 Jer.
3241 5585 3438 5661 ιιιζμ.

2162 5665 2206 5696 ’⁸³
2247 5666 2402 5716 "om-
2448 5685 2506 5716 ιι-
2551 5670 2666 5716 ,ι-ιι.
2752 5670 2796 5702 ⁸⁸
2840 5672 2992 5716 Ιὶριιι-
3035 5686 3161 5716 xxx-
3202 5669 3255 5716 ἓ.
3288 5669 3342 5716 6.
3415 5669 3434 5697 "

1558 5668 1693 5712 atth.
1740 5673 1815 5720 XI,
1856 5668 1944 5727 28,
1975 5668 2064 5718 ‘29.

2131 4532 2271 4599 litat,
2296 4533 2519 4601 placeat.
2559 4534 2619 4590 Si
2661 4546 2838 4589 autem
2869 4534 2985 4603 quis
3035 4545 3078 4587 et
3106 4535 3162 4587 in
3197 4550 3364 4604 agone
3405 4533 3706 4593 contendat,

2136 4641 2241 4678 non
2272 4637 2561 4680 coronatur
2602 4628 2704 4680 nisi
2741 4627 2972 4698 legitime
3015 4627 3312 4681 certauerit.
3355 4623 3706 4678 Laborantetu

2131 4717 2419 4786 agricolam
2454 4728 2653 4788 oportet
2694 4720 2924 4788 primum
2952 4721 3015 4772 de
3053 4718 3316 4787 fructibus
3345 4716 3459 4786 ejus
3488 4713 3711 4783 partici-

2129 4825 2256 4878 pare
2285 4807 2350 4862 “.
2383 4807 2657 4880 Scriptum
2679 4820 2757 4865 est
2785 4828 2800 4866 :
2836 4809 3028 4865 Omnes
3049 4808 3226 4878 populi
3251 4808 3398 4862 ibunt
3420 4805 3710 4875 unusquis-

2131 4917 2232 4969 que
2267 4901 2318 4954 in
2354 4901 2490 4955 uiam
2525 4918 2676 4956 suam
2703 4901 2767 4956 ⁸⁷.
2801 4901 2915 4958 Nos
2950 4914 3128 4957 autem
3158 4904 3219 4957 in
3253 4901 3462 4955 nomine
3501 4897 3715 4953 Domini

2129 4995 2228 5048 Dei
2258 4996 2424 5048 nostri
2452 4996 2937 5066 magnificabimur.
2959 4995 3082 5066 Ipsi
3100 4995 3342 5066 impediti
3359 5004 3480 5049 sunt
3503 5005 3552 5048 ct
3581 4992 3715 5046 ceci-

2130 5088 2319 5140 derunt
2345 5102 2362 5140 :
2394 5104 2486 5141 nos
2515 5101 2689 5144 autem
2720 5091 3048 5144 surreximus
3079 5099 3131 5144 et
3155 5088 3312 5144 erecti
3341 5100 3524 5141 sumus
3551 5085 3617 5136 ⁸³.

2207 5173 2425 5240 XXXV.
2495 5177 2600 5246 Qui
2640 5180 2872 5234 ambulat
2922 5181 2974 5234 in
3001 5179 3104 5245 die,
3155 5195 3258 5232 non
3305 5175 3582 5245 impingit,-
3624 5173 3716 5244 qui

3369 5385 3412 5415 ”
3457 5382 3585 5436 ibid.
3624 5379 3716 5434 34.

2411 5459 2452 5488 ³⁷
2488 5459 2614 5512 ibid.
2651 5458 2694 5489 ’⁸
2733 5457 2852 5512 Gal.
2881 5452 3024 5521 “1,5,
3059 5456 3110 5512 ι.
3139 5452 3147 5454 “
3186 5457 3234 5490 ³⁸
3269 5453 3469 5510 Ezech.
3502 5468 3597 5513 vn,
3625 5452 3718 5517 ‘26,

2233 5525 2278 5556 ⁸³
2320 5526 2515 5582 Ezech.
2544 5543 2714 5591 xxvii,
2751 5529 2843 5582 2i.
2960 5526 3005 5559 ³⁵
3040 5529 3206 5585 Mich.
3239 5542 3334 5589 vir,
3365 5526 3417 5582 6.
3519 5523 3566 5554 ³⁸
3604 5522 3718 5577 lor.

2233 5595 2306 5648 12.
2381 5597 2428 5629 ³⁸
2467 5598 2606 5648 Psal.
2637 5600 2927 5648 munit)-
3005 5597 3052 5632 ⁸ο
3086 5599 3197 5648 .Ier.
3241 5614 3323 5648 ιιι.
3354 5596 3438 5648 Η.
3517 5592 3559 5624 ⁸⁸
3589 5593 3720 5648 ibid.

2162 5665 2206 5696 "‘
2247 5666 2402 5723 llom.
2447 5685 2506 5736 ιι,
2551 5670 2666 5724 4-6.
2752 5670 2796 5702 ⁸⁸
2838 5672 2992 5727 Deut.
3034 5686 3162 5736 xxx,
3202 5669 3256 5737 2,
3288 5669 3342 5725 6.
3415 5667 3460 5699 "
3496 5663 3540 5721 ll
3577 5663 3720 5719 Tim.
