4098 6200
285 233 393 290 885

1111 231 1167 284 S.
1215 229 1509 286 ORSII‘ISII
1548 228 1896 310 IFOC'I‘IHNA
1942 234 2030 286 DE
2059 230 2413 288 INSTITUT.
2451 181 2796 288 MONACII.

3448 227 3555 283 885

278 360 453 403 autem
493 348 546 400 in
593 357 744 401 nocte
782 347 1029 418 graditur
1069 345 1332 416 impingit,
1383 350 1509 415 quia
1551 350 1722 404 lumen
1767 366 1868 403 non
1902 354 1942 409 Α
1977 351 2028 403 in
2059 351 2247 407 eodem
2289 350 2406 406 loco
2431 348 2627 419 jungit,
2657 364 2722 403 ac
2760 347 2888 402 dicit
2927 365 2939 400 :
2983 344 3113 400 Dedi
3141 345 3215 398 eis
3242 341 3554 398 consolatio-

279 448 353 492 est
387 438 444 489 in
486 453 546 489 eo
590 437 669 491 "I
700 436 813 491 Nos
850 445 1046 502 autem,
1091 437 1232 490 sicut
1263 437 1398 490 dixit
1426 439 1735 507 Apostolus,
1769 457 1870 494 non

279 545 461 583 sumus
489 528 592 596 ﬁlii
621 527 1081 596 pravaricutionis
1113 529 1167 580 in
1199 529 1571 597 perditionem,
1612 530 1702 583 sed
1744 531 1870 598 [idei

281 621 334 673 in
361 621 762 688 acquisitionem
795 621 990 673 animm
1029 618 1096 684 '°;
1130 629 1183 674 et
1221 620 1348 675 alibi
1381 640 1392 676 :
1429 620 1643 689 Omnes,
1673 623 1869 693 inquit,
1893 627 1908 634 ’

283 711 383 779 ﬁlii
415 712 546 764 lucis
575 711 720 771 estis,
766 722 813 763 et
856 709 955 778 ﬁlii
997 709 1116 766 Dei.
1166 710 1290 766 Non
1327 731 1507 768 sumus
1544 716 1645 783 ﬁlii
1683 717 1869 780 noctis,

287 822 453 874 neque
487 808 816 858 tenebrarum
848 804 916 858 ".
947 804 1003 858 Si
1035 819 1163 874 ergo
1195 820 1381 860 sumus
1411 806 1503 860 lilii
1531 806 1684 872 lucis,
1712 807 1872 863 debe~

292 911 416 950 mus
449 898 588 952 scire
615 912 734 965 quae
768 896 906 952 lucis
937 905 1083 963 sunt,
1112 906 1164 953 et
1196 898 1374 953 facere
1412 900 1618 956 l'ructns
1657 899 1872 959 luminis

290 988 343 1040 in
375 988 523 1041 omni
551 1002 713 1057 opere
740 988 886 1044 bono
921 1007 932 1042 :
965 989 1106 1057 quod
1152 989 1304 1044 enim
1345 990 1744 1053 manifestatur.
1783 992 1868 1046 lux

290 1090 399 1133 est.
437 1078 493 1135 Si
533 1080 585 1133 in
624 1090 732 1134 toto
764 1083 927 1135 corde
965 1089 1307 1136 revertamur
1354 1083 1417 1136 ad
1465 1083 1772 1148 Dominum,
1820 1094 1873 1140 et

293 1172 348 1224 in
402 1172 686 1241 prmceptis
721 1184 1030 1227 sanctorum
1069 1173 1213 1228 illius
1244 1184 1297 1228 et
1329 1173 1504 1229 Patris
1536 1177 1707 1230 nostri
1741 1177 1871 1231 sim-

295 1262 424 1331 plici
448 1264 610 1316 corde
629 1278 1034 1330 conversamur,
1055 1266 1451 1321 abundabitnns
1474 1268 1525 1320 in
1543 1269 1692 1322 omni
1709 1284 1874 1339 opere

294 1355 457 1409 bono.
501 1354 655 1420 Quod
701 1355 746 1410 si
792 1371 1108 1424 superentur
1156 1358 1338 1413 carnis
1386 1358 1774 1428 voluptatibus,
1819 1361 1871 1416 in

290 1445 379 1500 die
409 1446 565 1513 quasi
616 1446 667 1499 in
715 1447 890 1501 media
935 1455 1094 1503 nocte
1135 1450 1397 1518 parietem
1435 1449 1789 1519 palpahimus,
1821 1461 1874 1505 et

299 1553 409 1590 non
441 1537 782 1591 inveniemus
815 1537 959 1592 viam
998 1539 1233 1594 civitatis
1257 1549 1311 1594 et
1343 1540 1637 1595 habitaculi
1676 1542 1868 1607 nosui,

295 1627 362 1682 de
390 1643 498 1694 quo
525 1627 727 1680 dicitur
757 1643 770 1679 :
807 1625 1162 1682 Esurieutium
1189 1639 1235 1683 et
1267 1631 1557 1685 sitientium
1582 1633 1758 1686 anima
1782 1635 1872 1687 de-

293 1717 398 1785 {icit
432 1717 510 1781 ⁸²;
542 1718 672 1786 quia
699 1726 1147 1788 contempserunt
1173 1719 1347 1790 legem
1371 1721 1472 1776 sibi
1505 1737 1533 1776 a
1567 1723 1678 1777 Deo
1708 1725 1876 1778 tradi-

299 1824 429 1874 tam,
464 1821 518 1864 et
553 1826 738 1865 vocem
781 1812 1166 1880 prophetarum
1205 1828 1310 1868 non
1350 1815 1673 1883 audierunt;
1707 1827 1761 1871 et
1789 1818 1872 1872 id-

295 1905 441 1957 circo
470 1920 575 1958 non
613 1913 906 1973 potuerunt
945 1906 1012 1960 ad
1045 1911 1366 1976 promissam
1399 1909 1644 1978 requiem
1681 1927 1876 1982 perve-

295 1997 345 2049 ni
357 2013 433 2048 re.

373 2083 614 2140 XXXVI.
644 2083 943 2157 Vigilemns
974 2098 1026 2142 et
1056 2090 1246 2144 attenti
1290 2077 1490 2157 simus;
1521 2093 1566 2147 si
1597 2094 1740 2149 enim
1775 2111 1873 2149 na-

297 2175 566 2230 Iuralibus
608 2193 712 2231 non
754 2179 1015 2247 pepercit,
1057 2196 1157 2234 nec
1200 2183 1356 2237 nobis
1401 2197 1590 2253 parcet
1635 2187 1700 2240 ⁸³.
1757 2186 1876 2242 Non

295 2270 363 2320 de
389 2269 622 2335 cunctis,
658 2270 750 2324 sed
768 2274 834 2325 de
867 2271 1266 2342 negligentibus
1291 2274 1502 2345 loquor,
1531 2279 1726 2347 quibus
1752 2280 1877 2349 jure

299 2361 570 2426 aptabitnr
601 2362 687 2415 illa
731 2362 1030 2432 deploratio
1074 2383 1087 2419 :
1133 2364 1224 2420 Va:
1268 2369 1344 2422 eis
1369 2370 1459 2437 qui
1496 2381 1817 2425 recesserunt
1844 2390 1876 2426 a

296 2451 416 2503 me!
442 2451 711 2521 Jlanifesti
752 2466 872 2508 sunt
909 2457 1032 2525 quia
1069 2457 1226 2525 impie
1252 2470 1467 2528 egerunt
1501 2461 1553 2513 in
1585 2477 1665 2514 me
1697 2477 1716 2516 :
1749 2465 1877 2532 quia

295 2542 689 2612 dcreliquerunt
717 2561 795 2598 me
822 2546 1016 2614 [atatem
1055 2564 1208 2616 aquae
1249 2549 1400 2614 uiuae,
1427 2559 1475 2604 et
1499 2550 1744 2620 foderunt
1777 2551 1878 2605 sibi

295 2635 548 2688 contritas
577 2634 747 2701 lacus,
791 2637 878 2706 qui
909 2653 1011 2690 non
1039 2650 1256 2705 possunt
1289 2657 1481 2709 aquam
1510 2645 1777 2697 continere
1808 2643 1876 2698 “.

299 2722 365 2776 Et
397 2724 524 2792 quia
559 2740 666 2780 non
711 2727 1000 2782 audierunt
1028 2728 1241 2798 judices
1268 2731 1406 2800 ejus,
1441 2734 1662 2788 audiant
1697 2736 1880 2790 dicen-

300 2827 405 2870 tem
441 2816 610 2871 Deum
638 2837 652 2872 :
683 2818 947 2874 Constitui
988 2837 1142 2890 super
1164 2839 1251 2878 eos
1285 2825 1656 2893 speculatores.
1688 2827 1880 2882 Audite

298 2923 468 2961 uocem
512 2910 669 2963 tubte.
713 2909 776 2964 Et
819 2912 1113 2966 dixerunt:
1154 2913 1278 2969 Non
1316 2917 1591 2972 audiemus
1621 2920 1687 2972 ".
1731 2920 1882 2975 Unde

1977 459 2090 495 nrm
2121 459 2317 507 ueram,
2348 458 2527 510 pacem
2560 457 2716 510 super
2741 457 2923 508 pacem
2955 439 3036 493 Itis
3079 439 3169 507 qui
3208 446 3357 491 erant
3396 450 3553 504 prope

1975 545 2021 587 et
2054 533 2237 604 longe;
2273 533 2504 603 dixitque
2533 532 2812 596 Dominus,
2845 532 3056 585 Sanaba
3091 546 3177 584 eos
3206 529 3272 582 ⁸⁸.
3299 528 3464 594 Cujus
3498 534 3556 582 ut

1974 626 2129 695 plene
2180 625 2604 680 misericordiam
2651 637 3060 693 cognoscamus,
3106 620 3354 677 Ieremia:
3441 634 3553 674 ser-

1976 731 2134 770 mone
2171 717 2347 780 docet,
2388 717 2574 770 dicens
2607 735 2620 770 :
2665 714 2721 771 Si
2757 715 3011 770 eleuatum
3062 712 3220 781 fuerit
3273 709 3457 765 mlum
3500 708 3554 762 in

1975 808 2219 873 sublime,
2241 817 2287 862 et
2313 809 2356 860 si
2383 807 2721 860 Itumiliatum
2743 807 3089 868 pavimentum
3106 815 3260 857 terrm
3285 803 3552 866 deorsum,

1974 917 2067 969 ego
2099 915 2200 952 non.
2235 898 2450 966 reprobo
2480 907 2681 968 gentem
2711 896 2877 951 Israel
2906 911 3000 965 pro
3036 895 3276 949 omnibus
3313 909 3431 964 qua:
3469 891 3550 961 {e-

1973 1003 2151 1045 cerunt
2187 991 2251 1044 “.

2048 1081 2338 1138 XXXVIII.
2373 1084 2619 1152 Cumque
2651 1092 2802 1137 tanta
2828 1081 3115 1136 clementia
3142 1081 3212 1134 sit
3249 1079 3552 1134 Salvatoris

1975 1175 2210 1242 Domini,
2252 1185 2306 1229 et
2339 1190 2436 1231 nos
2473 1183 2729 1244 provocet
2769 1173 2836 1226 ad
2874 1171 3128 1233 salutem,
3172 1181 3554 1224 comertatttus

1975 1266 2140 1320 corda
2179 1274 2363 1318 nostra
2415 1265 2481 1317 ad
2516 1278 2637 1316 eum
2680 1279 2692 1315 :
2734 1261 2876 1327 Quia
2915 1261 3031 1330 jam
3081 1261 3210 1314 hora
3251 1269 3325 1313 est
3376 1269 3432 1312 ut
3489 1259 3554 1312 de

1973 1373 2156 1411 somno
2187 1356 2490 1424 evigilemus
2527 1371 2544 1408 :
2573 1371 2677 1408 uox
2707 1354 2996 1424 prtecessit,
3027 1353 3138 1407 dies
3173 1362 3346 1406 autem
3371 1365 3558 1420 appro-

1973 1448 2240 1517 pinquavit
2260 1464 2281 1512 -;
2299 1448 2617 1516 deponamus
2642 1461 2764 1516 ergo
2792 1459 2946 1513 opera
2980 1445 3334 1507 tenebrarum,
3361 1442 3557 1497 indua-

1974 1555 2094 1592 mur
2119 1555 2270 1591 arma
2294 1537 2425 1591 lucis
2452 1539 2519 1589 ⁸³.
2549 1537 2726 1592 Filioli
2756 1535 2883 1600 mei,
2902 1535 3136 1606 primum
3162 1549 3229 1588 ex
3256 1542 3368 1588 toto
3391 1531 3556 1587 eorde

1974 1629 2262 1699 diligamus
2288 1628 2486 1690 Deum;
2515 1628 2710 1683 deinde
2774 1624 3137 1692 nosmetipsos
3163 1637 3406 1677 amemus
3438 1637 3556 1676 mu-

1979 1731 2090 1785 tuo,
2123 1737 2392 1776 memores
2420 1731 2815 1792 praeceptorum
2851 1717 2947 1774 Dei
2985 1716 3307 1780 Salvatoris,
3349 1715 3404 1768 in
3441 1715 3558 1784 qui-

1976 1813 2076 1868 bus
2105 1813 2217 1866 ait:
2256 1810 2447 1867 Pacem
2478 1828 2645 1866 meant
2680 1813 2746 1866 do
2785 1809 2954 1874 vobis,
2985 1824 3164 1877 pacem
3192 1824 3359 1861 meam
3395 1807 3556 1860 relin-

1974 1921 2074 1973 quo
2102 1904 2240 1958 vobis
2276 1919 2293 1957 :
2361 1920 2463 1958 non
2495 1905 2626 1958 sicut
2652 1902 2882 1956 mundus
2910 1903 2999 1954 dat
3033 1915 3235 1969 pacem,
3263 1915 3357 1968 ego
3379 1899 3446 1951 do
3471 1913 3560 1950 vo-

1978 1997 2055 2052 bis
2093 1996 2161 2050 “.
2208 1995 2276 2053 In
2306 1997 2388 2049 liis
2434 1995 2574 2049 enim
2618 1996 2821 2050 duobus
2863 1992 3131 2048 mandatis
3165 2000 3279 2045 tota
3315 1989 3402 2044 lea:
3433 2005 3560 2058 peu-

1976 2090 2082 2156 det,
2115 2099 2160 2142 et
2186 2089 2448 2158 prophetae
2481 2089 2547 2143 ".

2048 2180 2294 2236 XXXIX.
2328 2181 2384 2234 Si
2423 2181 2546 2250 quis
2579 2180 2633 2235 in
2663 2180 2824 2234 domo
2862 2175 3182 2235 monasterii
3223 2174 3328 2232 sub
3355 2188 3563 2246 praepo-

1978 2273 2082 2328 sito
2109 2285 2358 2336 manens,
2388 2271 2535 2324 nulla
2567 2285 2623 2326 re
2651 2270 2901 2340 indigens
2941 2284 3103 2338 quam
3137 2268 3190 2323 in
3225 2267 3560 2323 monasterio

1987 2364 2188 2418 habere
2205 2362 2531 2430 permissum
2556 2369 2667 2428 est;
2691 2370 2744 2415 et
2774 2359 2934 2414 habet
2961 2368 3194 2430 patrem,
3219 2357 3560 2426 fratremque

1980 2469 2034 2514 et
2068 2459 2300 2514 amicum
2335 2456 2741 2522 charissimum,
2780 2454 2916 2509 nihil
2959 2456 3027 2512 ab
3059 2454 3140 2510 eis
3169 2453 3382 2523 penitus
3413 2450 3563 2507 acci-

1986 2552 2122 2622 piat,
2153 2565 2259 2604 non
2290 2548 2547 2611 tunicam,
2580 2561 2688 2600 non
2716 2545 3144 2616 palliolum,-non
3177 2543 3338 2598 aliam
3369 2557 3562 2612 quam-

1981 2646 2114 2700 libet
2142 2658 2276 2698 rem.
2313 2641 2370 2696 Si
2407 2647 2589 2694 autem
2622 2635 3032 2706 comprobatum
3068 2634 3232 2691 fuerit
3275 2633 3419 2705 quod
3462 2633 3566 2689 mi-

1983 2754 2085 2793 nus
2122 2736 2316 2792 habeat
2341 2733 2405 2788 de
2431 2731 2513 2786 his
2538 2745 2658 2800 qua:
2696 2736 2964 2798 pracepta
3007 2735 3154 2791 sunt,
3191 2725 3348 2794 culpa
3379 2728 3561 2783 omnis

1989 2838 2153 2900 atque
2179 2826 2448 2884 correctio
2466 2825 2532 2878 ad
2566 2821 2910 2894 prepositqu
2941 2825 3314 2876 convertetur.

2059 2921 2173 2976 XL.
2210 2918 2320 2974 Vos
2335 2919 2498 2986 igitur
2520 2915 2610 2986 qui
2631 2915 2766 2969 estis
2788 2911 3063 2982 principes
3085 2905 3563 2967 monasteriorum,

300 3000 401 3053 ista
434 3001 826 3058 incredulitas?
851 3019 1033 3059 nonne
1057 3020 1123 3058 ex
1148 3020 1234 3071 eo,
1269 3010 1392 3074 quia
1425 3009 1632 3065 alienos
1675 3027 1878 3081 cogito.
1908 3025 1951 3084 (ς,
1987 3016 2029 3069 εἰ
2061 3027 2200 3084 quos
2229 3011 2412 3076 aliqua
2446 3023 2504 3064 re
2537 3006 2778 3061 \‘ideritis
2807 3003 3128 3073 indigereet
3151 3013 3272 3056 esse
3301 2997 3351 3053 in
3400 3009 3567 3062 “8'”

301 3104 523 3156 verunt,
569 3103 626 3147 et
683 3111 786 3149 non
831 3097 1101 3151 adversati
1147 3099 1310 3151 sunt?
1349 3098 1610 3168 Loquitur
1657 3113 1710 3157 et
1753 3105 1878 3158 alibi

302 3183 538 3250 Spiritus
563 3195 891 3255 sanctusper
906 3188 1223 3256 prophetam
1255 3207 1268 3244 :
1296 3187 1405 3259 Ego
1426 3192 1566 3244 enim
1600 3209 1712 3246 sum
1745 3193 1887 3249 Deus

301 3275 563 3330 Dominus
597 3288 740 3341 tuus,
763 3280 851 3349 qui
879 3280 1101 3348 formavi
1130 3281 1337 3347 caelum,
1369 3294 1416 3337 et
1449 3287 1621 3339 creari
1647 3296 1884 3343 terram:

302 3369 459 3435 cujus
503 3385 688 3422 manus
733 3373 1078 3428 condiderunt
1120 3391 1322 3430 onmem
1360 3378 1474 3431 ειειί
1520 3379 1797 3443 militiam,
1836 3389 1882 3434 et

243 3480 257 3490 -
303 3474 408 3511 non
448 3461 650 3513 ostendi
688 3479 803 3515 eam
845 3464 964 3529 tibi,
1007 3475 1062 3518 ut
1111 3468 1409 3524 ambulares
1465 3482 1580 3540 post
1621 3473 1769 3527 illam
1816 3476 1884 3532 ".

305 3550 460 3616 Quod
491 3552 705 3619 quidem
734 3548 786 3608 et
813 3571 908 3624 per
941 3555 1175 3628 Moysem
1204 3563 1480 3631 praecepit,
1509 3564 1694 3620 dicens
1719 3585 1733 3619 :
1769 3566 1888 3624 Non

305 3658 424 3694 cum
460 3647 756 3712 suspexeris
782 3647 989 3716 rtelum,
1024 3659 1071 3703 et
1107 3651 1304 3707 videris
1340 3654 1501 3707 solent
1530 3667 1578 3710 et
1612 3657 1793 3711 lunam
1823 3675 1887 3713 ac

304 3733 486 3788 stellas
526 3745 575 3788 et
625 3753 776 3790 onme
825 3752 1191 3794 ornamentum
1239 3744 1377 3809 caeli,
1409 3761 1588 3800 errore
1639 3749 1886 3815 deceptus

301 3829 492 3881 adores
531 3846 590 3882 ea
633 3830 698 3882 ".
739 3830 848 3900 Ego
895 3850 1012 3886 sum
1049 3834 1186 3888 Deus
1227 3839 1318 3906 qui
1359 3839 1522 3892 eduxi
1566 3850 1614 3894 te
1639 3841 1704 3894 de
1745 3851 1886 3898 terra

305 3916 551 3986 lEggpIi,
580 3929 628 3972 et
669 3920 834 3975 Deum
865 3933 1015 3976 extra
1044 3941 1122 3978 me
1156 3929 1345 3991 nescis,
1373 3940 1420 3982 et
1454 3929 1545 3997 qui
1567 3931 1740 3984 salvos
1767 3949 1889 4001 pos-

304 4021 381 4063 set
410 4011 587 4076 facere
628 4029 729 4066 non
763 4025 841 4068 est
879 4027 1070 4083 prreter
1111 4033 1211 4072 me.
1249 4017 1362 4089 Ego
1389 4037 1509 4074 sum
1547 4023 1638 4092 qui
1678 4033 1729 4077 te
1765 4025 1888 4092 pavi

305 4103 361 4154 iu
397 4104 706 4169 solitudine,
743 4107 797 4159 in
836 4118 976 4162 terra
1011 4110 1349 4165 inhabitabili
1386 4129 1406 4167 :
1444 4123 1492 4167 et
1534 4115 1734 4179 impleti
1765 4126 1888 4172 sunt

305 4195 612 4256 saturitate,
660 4207 708 4249 et
747 4198 948 4253 elevata
979 4212 1102 4255 sunt
1130 4205 1294 4258 corda
1333 4221 1516 4260 eorum
1549 4206 1615 4262 ⁵⁸.
1656 4205 1888 4275 Idcirco,

305 4283 459 4338 obliti
493 4296 613 4338 sunt
639 4289 762 4352 mei,
785 4299 836 4341 et
867 4306 958 4360 ego
985 4293 1194 4346 tradam
1221 4311 1309 4348 eos
1332 4296 1646 4364 dispersioui
1677 4299 1732 4352 in
1762 4317 1890 4370 gen-

305 4378 444 4432 tibus
479 4379 681 4433 cunctis
707 4381 776 4434 ⁸⁹.

379 4466 648 4524 XXXVII.
689 4469 821 4537 Qua:
853 4473 1137 4530 audientes
1177 4478 1334 4546 quasi
1368 4479 1437 4535 de
1469 4496 1664 4539 somno
1693 4501 1890 4555 exper-

306 4558 604 4628 giscamur,
645 4569 700 4614 et
730 4561 1068 4629 praebeamus
1104 4579 1204 4620 nos
1237 4566 1427 4638 dignos
1471 4572 1682 4628 Domini
1714 4578 1888 4630 servi-

310 4651 431 4714 tuti,
460 4661 516 4705 ut
550 4653 897 4718 misereatur,
929 4663 984 4709 ct
1012 4655 1156 4711 dicat
1184 4659 1340 4714 nobis
1373 4678 1386 4714 :
1423 4661 1674 4720 Invocate
1703 4683 1808 4734 me,
1835 4679 1893 4724 et

305 4757 406 4812 ego
446 4745 733 4797 esatnliam
785 4761 897 4801 vos.
945 4747 1066 4818 Ipse
1099 4749 1244 4804 enim
1293 4753 1367 4806 ait
1413 4772 1426 4808 :
1485 4754 1590 4821 Qui
1639 4759 1889 4829 dispersit

309 4831 503 4896 Israel,
553 4837 886 4904 congregavit
928 4853 1044 4890 eum
1078 4839 1153 4905 ⁶⁰;
1188 4851 1243 4895 et
1277 4841 1406 4897 alibi
1447 4861 1461 4898 :
1501 4843 1625 4900 Non
1665 4850 1884 4917 faciam,

310 4925 509 4991 inquit,
536 4924 693 4993 juxta
717 4927 851 4980 iram
877 4927 1075 4994 furoris
1111 4933 1238 4998 mei,
1269 4951 1363 4990 nec
1395 4937 1472 4992 sic
1501 4939 1794 5008 relinquam
1833 4955 1889 4998 ut

306 5015 510 5068 deleam
563 5015 814 5086 Ephraim
855 5020 933 5086 ⁶⁸;
967 5030 1021 5075 el.
1065 5023 1259 5082 iterum
1308 5043 1322 5079 :
1374 5026 1497 5082 Non
1544 5033 1598 5084 in
1631 5043 1892 5088 mternum

307 5110 525 5174 puniam
556 5126 662 5174 vos,
695 5127 786 5165 nec
813 5128 1018 5182 semper
1050 5115 1253 5171 irascar
1288 5120 1451 5176 vobis.
1487 5121 1720 5191 Spiritus
1754 5130 1894 5181 enim

309 5213 340 5248 a
377 5213 456 5248 me
495 5199 783 5265 egreditur,
815 5214 862 5254 et
902 5217 1052 5256 omne
1085 5206 1224 5272 quod
1257 5208 1425 5276 spirat
1460 5227 1559 5281 ego
1598 5214 1696 5281 fect
1727 5216 1792 5268 δ’.
1830 5215 1895 5271 Et

383 5389 425 5419 δ’
466 5387 620 5442 .Ioan.
656 5405 729 5447 ιι.
769 5388 825 5453 9,
861 5387 947 5442 10.

313 5460 400 5514 15.
492 5459 538 5490 ⁸⁵
577 5458 687 5514 Jer.
726 5476 796 5522 \‘I,
841 5459 924 5512 I7.

310 5544 469 5593 xm,
509 5529 594 5583 I0.
675 5531 716 5561 “
759 5529 883 5584 Ose.
915 5544 992 5589 χι,
1035 5529 1088 5585 9.
1165 5529 1211 5560 "
1250 5529 1360 5587 Jer.
1389 5547 1468 5597 III,
1500 5533 1585 5586 I2.

311 5601 400 5719 2‘7.
431 5599 525 5724 "’
568 5600 756 5656 Matth.
789 5599 1040 5666 uiuit).
1121 5599 1162 5632 “
1194 5600 1314 5661 Act.
1368 5619 1460 5670 xx,
1498 5603 1586 5660 28.

318 5685 398 5724 λθ.
470 5709 484 5724 .

318 5683 398 5734 λυ,
431 5683 484 5724 s.

1025 5389 1083 5477 'l".
1107 5387 1268 5477 illam.
1307 5407 1359 5452 χ,
1401 5391 1492 5477 5_9.
1514 5393 1609 5477 m“
1639 5392 1873 5477 IIltsss.

1983 5393 2152 5477 im”
2365 5406 2473 5477 εν),
2625 5386 2966 5477 (ξηὶᾟηῖΑκ-ι,
2993 5380 3358 5477 Ξκιζδλξοτ.

1038 5458 1084 5489 ⁵⁸
1123 5442 1591 5525 Isa.st._v',—'lv._18.
1639 5442 1893 5518 -δθηῧξέιινῑ

1038 5529 1088 5585 9.
1165 5529 1211 5560 "
1250 5529 1360 5587 Jer.
1389 5547 1468 5589 III.
1500 5533 1585 5586 i2.
1676 5534 1722 5565 ⁵³
1764 5536 1889 5588 ibid.

1983 5442 2127 5518 Γ19.
2198 5442 2257 5494 λέ
2293 5442 2473 5518 Εκῖιόί
2510 5442 2600 5518 in.
2625 5459 2680 5512 2.
2756 5457 2802 5492 δ’
2840 5442 2962 5508 Jer.
2994 5467 3069 5513 Ix,
3103 5448 3191 5513 15,
3222 5449 3306 5503 16.
3383 5445 3430 5477 ⁸ο
3467 5442 3577 5498 Jcr.

2083 5535 2128 5565 “
2171 5533 2300 5588 ibid.
2333 5535 2418 5587 I9.
2493 5531 2537 5561 "‘
2579 5529 2734 5584 Rom.
2770 5538 2889 5587 χιιι,
2919 5521 3004 5583 II.
3039 5520 3120 5575 ii.
3201 5520 3245 5550 “
3282 5517 3577 5589 deamat“!I

1676 5552 1722 5565 “³’
1764 5552 1889 5588 111111.
1919 5552 2007 5589 14.
2083 5552 2128 5565 *⁷
2171 5552 2300 5588 ιυιίι.
2333 5552 2418 5587 τυ.
2493 5552 2537 5561 “’“’
2579 5552 2711 5584 110111

1667 5605 1709 5639 θ’
1748 5603 1902 5662 Rom.
1951 5621 2037 5671 xv,
2086 5605 2214 5671 I-S;
2261 5603 2378 5658 I’sal
2436 5601 2718 5665 tantum.

1987 3109 2088 3162 stia
2135 3104 2483 3164 constitutos,
2518 3099 2686 3156 nolite
2729 3112 2822 3152 eos
2863 3094 3151 3166 negligere,
3195 3091 3428 3148 scientes
3474 3100 3568 3140 vos

1989 3198 2296 3254 reddituros
2345 3195 2609 3248 rationem
2659 3205 2756 3260 pro
2789 3187 2938 3244 enini
2982 3200 3168 3258 grege,
3217 3197 3376 3252 super
3416 3193 3569 3248 quem

1988 3308 2076 3346 vos
2126 3289 2362 3360 Spiritus
2407 3295 2620 3340 sanctus
2663 3281 2932 3338 constituit
2964 3279 3246 3347 inspicere,
3279 3282 3328 3327 et
3359 3285 3571 3360 pascere

1991 3359 2284 3437 Ecclesium
2320 3378 2415 3434 Dei
2447 3392 2606 3447 quam
2648 3373 2924 3444 acquisivit
2959 3368 3171 3439 proprio
3212 3361 3471 3434 sanguine
3499 3359 3568 3412 ⁸⁸.

1990 3475 2282 3544 Propterea
2327 3488 2421 3526 nos
2458 3470 2550 3540 qui
2593 3468 2837 3538 fortiores
2877 3478 3085 3526 sumus.
3140 3460 3387 3515 debemus
3417 3452 3573 3522 inﬁr-

1990 3567 2197 3620 mitates
2231 3564 2588 3620 invalidorum
2634 3570 2869 3628 part-are,
2904 3565 2954 3610 et
2998 3571 3099 3610 non
3152 3553 3403 3609 nobismet
3440 3546 3572 3615 ipsis

1987 3661 2229 3728 placere,
2295 3657 2387 3710 sed
2439 3655 2678 3724 proxime
2724 3653 2777 3705 in
2835 3651 2968 3703 bona
3005 3647 3075 3700 ad
3138 3641 3570 3712 tediﬁcationem.

1993 3749 2135 3803 Nam
2191 3759 2237 3801 et
2280 3747 2523 3800 Christus
2575 3761 2678 3798 non
2724 3741 2823 3795 sibi
2866 3738 3086 3807 placuit,
3114 3736 3240 3800 sed,
3269 3733 3402 3786 sicut
3443 3729 3574 3783 seri-

1990 3854 2135 3912 ptum
2165 3850 2238 3893 est
2270 3855 2288 3893 :
2336 3835 2634 3904 Opprobria
2675 3829 3106 3900 exprobrantium
3145 3825 3240 3879 tibi
3269 3821 3572 3912 ceciderunt

1990 3910 2149 4002 super
2182 3947 2262 3984 me
2294 3931 2370 3993 ⁶⁹;
2419 3935 2474 3981 et
2513 3925 2750 3978 iterum:
2788 3919 2911 3974 Non
2946 3933 3151 3986 quare,
3195 3913 3391 3982 inquit.
3430 3910 3572 3979 quod

1992 4025 2120 4078 milii
2154 4019 2382 4086 expedit.
2414 4017 2506 4071 sed
2541 4013 2680 4086 quod
2720 4009 2982 4075 omnibus,
3017 4018 3070 4061 ut
3114 4004 3247 4060 salui
3275 4004 3407 4072 ﬁant
3433 4002 3501 4054 '°.

2061 4112 2201 4168 XLI.
2238 4111 2296 4166 Si
2330 4117 2513 4164 autem
2562 4104 2820 4161 Dominus
2875 4115 2940 4154 ac
2987 4096 3240 4152 Salvator
3284 4101 3466 4149 noster
3499 4089 3574 4146 ita

1991 4204 2254 4278 praecipit,
2285 4213 2339 4256 et
2371 4199 2544 4256 sancti
2579 4199 2652 4252 ita
2692 4191 2996 4250 conversati
3039 4195 3186 4253 sunt,
3215 4185 3409 4242 Patres
3435 4198 3570 4254 quo-

1995 4316 2098 4369 que
2122 4297 2291 4353 nostri
2317 4296 2391 4350 ita
2417 4308 2515 4348 nos
2541 4293 2863 4349 docuerunt,
2887 4294 3280 4369 consurgentes
3304 4294 3334 4332 a
3360 4291 3573 4339 somno,

1921 4377 1966 4434 Ῐ)
1997 4368 2053 4445 et
2084 4375 2367 4458 quatisunt
2397 4383 2555 4438 nobis
2606 4384 2872 4450 praecepta
2914 4373 3197 4428 faciamus.
3237 4368 3577 4434 Quicumque

1993 4483 2130 4536 enim
2170 4480 2369 4549 scripta
2417 4485 2562 4540 sunt,
2597 4472 2664 4528 ad
2704 4477 2940 4524 nostram
2983 4463 3331 4520 eruditionem
3378 4459 3579 4528 scripta

1994 4584 2134 4640 sunt,
2180 4583 2236 4626 at
2269 4587 2360 4639 per
2391 4567 2702 4639 patientiam
2731 4572 2778 4618 et
2818 4558 3232 4616 consolationem
3269 4552 3578 4652 Scriptura-

1997 4683 2114 4720 rum
2148 4680 2290 4733 spem
2316 4659 2602 4714 habeamus
2627 4657 2708 4722 7‘;
2742 4663 2799 4710 et
2829 4650 3007 4706 nullus
3036 4657 3280 4702 nostrum
3310 4659 3476 4699 causa
3509 4650 3580 4696 sit

1994 4757 2203 4811 erroris
2248 4754 2434 4818 alieni,
2487 4765 2588 4804 nec
2639 4745 2955 4802 aetnuletnur
3014 4755 3108 4794 eos
3170 4736 3264 4807 qui
3322 4735 3613 4805 prospere!

1993 4859 2158 4919 agunt
2180 4848 2232 4900 in
2268 4846 2375 4898 vita
2406 4859 2526 4897 sua.
2553 4841 2686 4895 Cum
2709 4839 2853 4894 enim
2879 4833 3064 4890 omnia
3087 4826 3400 4886 necessaria
3427 4825 3578 4880 carni

2004 4941 2205 4996 l'nerint
2249 4935 2549 4999 consecuti,
2597 4933 2893 4988 morientes
2927 4925 3063 4983 nihil
3109 4937 3293 4980 secum
3327 4927 3577 4987 asporta-

2005 5033 2156 5086 bunl.
2194 5029 2312 5083 Filii
2352 5026 2532 5082 sicculi
2560 5026 2720 5094 bnjus
2755 5021 2954 5077 habent
2990 5017 3044 5072 in
3086 5017 3188 5071 hoc
3217 5009 3414 5067 saeculo
3445 5008 3580 5063 Iidu-

2002 5123 2166 5186 ciam,
2203 5119 2460 5190 quoniam
2499 5101 2578 5170 vde
2632 5112 2832 5168 mundo
2883 5116 3043 5173 sunt,
3072 5116 3128 5162 et
3168 5102 3398 5162 mundus
3437 5109 3581 5155 attint

2003 5216 2148 5284 quod
2179 5227 2337 5268 suum
2371 5219 2474 5265 est.
2516 5208 2619 5274 Qui
2653 5213 2832 5261 autem
2868 5200 2960 5254 ﬁlii
2995 5197 3086 5255 Dei
3117 5201 3266 5260 sunt,
3294 5190 3434 5245 illius
3466 5202 3581 5242 ser-

3165 5380 3210 5411 "
3247 5376 3358 5433 Jer.
3397 5389 3456 5435 ιι,
3495 5374 3577 5436 η,

2083 5535 2128 5565 ⁸⁸
2171 5533 2300 5588 ibid.
2333 5535 2418 5587 I9.
2455 5517 2458 5518 ν
2493 5531 2537 5561 ⁸⁸
2579 5529 2734 5584 Rom.
2770 5538 2889 5587 χιιι,
2919 5521 3004 5583 II.
3039 5520 3120 5575 ii.
3201 5520 3245 5550 “
3282 5517 3439 5573 .Ioan.
3471 5529 3580 5577 xw.

2086 5605 2212 5649 L3:
2261 5603 2378 5649 I’sal
2436 5601 2718 5649 Lxunjil.
2809 5593 2854 5626 ⁷⁸
2882 5593 2899 5647 Ι
2931 5593 3054 5649 Cor.
3089 5608 3142 5648 Χ.
3178 5589 3267 5646 35.
3343 5589 3384 5619 ⁷¹
3419 5585 3580 5641 Rom.
