4098 6200
497 249 598 307 887

1608 259 1880 314 PATRI‘IS
1917 261 2218 317 AZGYP'I‘II
2262 264 2529 321 S/ECULI
2571 267 2659 321 IV.

3648 268 3760 324 888

500 361 676 415 monis
719 364 1012 431 evangelici
1048 366 1403 420 recordamur
1437 385 1450 420 :
1480 367 1538 422 Si
1571 373 1796 425 mundus
1831 391 1915 427 vos
1947 377 2076 442 odit,
2109 380 2156 438 Α
2183 379 2304 432 vina
2356 380 2696 444 meditemur,
2742 381 3036 450 puterimus
3093 379 3222 434 illud
3253 381 3453 446 dicere,
3498 383 3642 450 quod
3697 396 3756 438 et

501 454 687 506 scitote
719 456 860 523 quod
899 465 980 509 me
1021 456 1248 522 primum
1297 459 1465 512 oderit
1496 461 1574 525 7’;
1604 471 1657 516 et
1691 462 1884 518 iterum
1923 486 1934 521 :
1969 463 2074 531 Qui

499 545 722 597 voluerit
772 559 883 599 esse
940 547 1142 600 amicus
1189 548 1346 618 hujus
1403 551 1610 617 ntundi,
1671 555 1922 612 inimicas
1984 559 2074 627 ﬁet

499 631 608 690 Deo
634 637 715 698 7';
760 647 814 690 et
845 648 1055 694 rursum
1106 656 1121 694 :
1160 642 1576 702 Tribulationem
1629 651 1884 707 habebitis
1925 670 1944 709 :
1983 657 2073 709 sed

498 724 781 793 conﬁdite,
821 743 912 797 ego
963 731 1064 784 vici
1115 733 1367 789 mundum
1410 733 1490 803 7";
1535 753 1589 794 et
1638 740 1831 794 iterum
1869 761 1882 796 :
1920 741 2072 797 Beati

494 814 585 879 qui
627 813 835 884 lugent,
879 821 1123 885 quoniam
1162 823 1265 890 ipsi
1313 828 1742 884 consolabuntur.
1787 830 1937 885 Beati
1983 836 2070 901 qui

493 907 731 959 esuriunt
755 918 801 960 et
830 909 1015 964 sitiunt
1029 911 1316 980 justitiam,
1347 920 1593 986 quoniam
1624 922 1726 988 ipsi
1748 922 2066 977 satura‘bun-

493 1003 600 1050 tur.
637 995 789 1052 Beati
821 1003 910 1070 qui
932 1006 1335 1070 persecutionem
1371 1013 1644 1078 patiuntur
1680 1026 1888 1084 propter
1907 1018 2068 1084 justi-

495 1087 648 1154 tiam,
677 1092 923 1157 quoniam
963 1095 1194 1162 ipsorum
1228 1110 1301 1152 est
1351 1117 1564 1167 regnum
1611 1105 1857 1159 ctelorunt
1885 1108 1952 1160 ⁷⁸.
1994 1109 2066 1164 De

494 1175 618 1230 ﬁliis
653 1188 833 1233 autem
875 1183 1046 1238 noctis
1077 1185 1204 1252 quid
1234 1202 1264 1241 e
1293 1193 1569 1244 contrario
1613 1193 1849 1248 dicitur?
1879 1194 2065 1251 Nonne

493 1264 660 1318 illud?
703 1266 790 1321 Vw
816 1273 980 1336 vobis,
1013 1273 1229 1340 divites,
1261 1278 1507 1346 quoniam
1539 1285 1798 1350 recepistis
1829 1287 2066 1339 consola-

489 1357 682 1410 tionem
723 1371 962 1416 vestram.
1014 1363 1100 1419 Va:
1148 1368 1286 1421 vobis
1321 1370 1412 1438 qui
1451 1375 1687 1426 saturati
1725 1377 1852 1430 estis
1903 1394 2059 1443 nunc,

487 1449 614 1539 quia
641 1452 902 1506 esurietis.
954 1454 1044 1510 Vw
1078 1459 1218 1513 vobis
1251 1461 1341 1528 qui
1368 1477 1504 1516 nunc
1535 1465 1732 1531 ridetis,
1764 1469 1888 1537 quia
1919 1469 2062 1539 lage-

488 1537 610 1593 bitis
637 1558 698 1595 ac
729 1545 916 1612 ﬂebitis
940 1548 1005 1602 ⁷⁸.

556 1629 715 1686 XLII.
750 1635 1113 1702 Quamobrem
1139 1645 1321 1701 mundi
1353 1647 1620 1704 amicitias
1647 1649 1970 1717 devitemus,
2002 1661 2058 1708 ut

2182 471 2345 526 David
2375 496 2383 526 ;
2414 462 2704 525 Exsultabo
2732 489 2886 540 super
2913 473 3118 541 eloquia
3141 480 3252 534 tua,
3282 473 3419 526 sicut
3439 473 3529 541 qui
3555 473 3758 526 invenit

2178 564 2346 632 spolia
2385 564 2552 617 multa
2581 561 2664 630 ⁸⁹;
2702 573 2755 618 et
2785 579 2800 617 :
2835 563 3006 629 Quam
3046 563 3223 616 dulcia
3258 566 3455 633 gutturi
3486 580 3596 616 meo
3636 565 3752 617 elo-

2173 655 2296 725 quia
2345 664 2456 720 tua,
2505 663 2660 724 super
2697 655 2795 709 ntel
2832 661 2882 711 et
2919 655 3095 722 favum
3136 657 3216 708 ori
3265 655 3419 709 meo!
3449 655 3752 709 Cantabiles

2175 747 2305 798 mihi
2335 757 2484 799 erant
2506 748 2912 816 jttsti/iCationes
2939 753 3042 799 lttti’
3075 748 3127 799 in
3167 747 3277 800 loco
3308 749 3749 815 peregrinationis

2172 853 2300 889 metu
2340 837 2422 902 ⁹⁰;
2461 847 2513 890 ct
2548 836 2598 890 iu
2631 837 2735 890 alio
2779 837 2894 891 loco
2926 855 2940 890 :
2977 836 3098 890 Non
3146 839 3387 903 prapO'sui
3419 845 3539 889 ante
3569 838 3747 889 oculos

2172 943 2313 980 meos
2341 939 2447 982 rem
2478 930 2710 998 iniquam
2738 945 2756 982 :
2787 929 3034 998 facientes
3067 929 3393 997 iniquitatem
3417 929 3538 981 odio
3563 927 3746 981 habui.

2171 1017 2239 1071 Et
2274 1036 2374 1072 non
2405 1021 2626 1073 adhaesit
2666 1021 2793 1074 mihi
2833 1023 2923 1074 cor
2950 1037 3167 1090 pravum
3202 1037 3221 1073 :
3245 1017 3567 1073 declinantes
3604 1039 3634 1072 a
3665 1036 3747 1073 me

2171 1109 2428 1178 malignos
2459 1127 2560 1165 non
2591 1113 2932 1179 agnoscebant
2959 1126 2977 1162 :
3014 1113 3368 1165 detrahentem
3403 1113 3456 1164 in
3487 1116 3746 1164 absconso

2167 1200 2404 1264 proximo
2429 1217 2544 1263 suo,
2581 1202 2717 1254 hunc
2740 1203 3083 1270 persequebar
3110 1217 3128 1255 :
3159 1201 3378 1267 superbo
3409 1199 3559 1253 oculo
3587 1208 3638 1253 et
3661 1201 3748 1254 in-

2166 1288 2399 1343 satiabili
2429 1292 2583 1344 corde
2613 1307 2731 1344 cum
2759 1293 2854 1344 hoc
2883 1290 3041 1344 simul
3071 1307 3174 1344 non
3199 1289 3432 1343 edebam.
3460 1287 3615 1342 Oculi
3638 1289 3744 1342 mei

2166 1396 2323 1449 super
2353 1381 2530 1448 fideles
2561 1394 2735 1448 terra’,
2768 1391 2823 1434 ut
2854 1382 3075 1452 facerent
3113 1399 3198 1435 eos
3233 1382 3409 1435 sedere
3442 1397 3642 1434 mecum
3668 1380 3740 1434 ".

2238 1471 2417 1525 XLIV.
2455 1472 2694 1539 Quorum
2722 1475 2959 1526 omnium
2997 1490 3094 1528 nos
3129 1475 3400 1527 imitemur
3436 1488 3634 1540 opera,
3680 1481 3740 1524 ut

2165 1564 2235 1618 sit
2267 1564 2319 1617 in
2354 1563 2539 1618 diebus
2574 1565 2771 1618 nostris
2809 1580 2909 1632 pax
2955 1575 3010 1619 et
3046 1566 3286 1634 justitia,
3331 1575 3385 1618 et
3424 1581 3530 1618 non
3580 1564 3739 1618 nobis

2166 1654 2292 1708 illud
2324 1656 2541 1710 eveniat
2569 1658 2709 1726 quod
2738 1659 2862 1713 alibi
2901 1659 3129 1728 legimus
3159 1680 3170 1714 :
3199 1659 3369 1727 Super
3392 1669 3532 1711 terra
3557 1657 3746 1726 populi

486 1721 618 1819 illud
663 1741 970 1784 mereamur
1017 1735 1205 1790 audire
1239 1755 1252 1790 :
1284 1739 1366 1792 Ad
1402 1757 1670 1808 vesperum
1705 1747 2060 1799 demorabitur
2089 1733 2134 1792 B
2163 1747 2264 1799 mei
2303 1747 2469 1814 spina:
2497 1760 2543 1801 et
2579 1748 2756 1815 fenum
2782 1761 3092 1819 consurgent
3119 1752 3182 1805 ".
3228 1749 3333 1803 Sed
3371 1750 3541 1818 magis
3573 1750 3736 1803 inna-

484 1815 657 1880 fletus.
686 1827 733 1870 et
769 1820 840 1872 ad
868 1825 1183 1880 matutinum
1209 1829 1414 1884 ltetitia.
1449 1833 1660 1888 Audiuit
1699 1836 1972 1899 Dominus,
2007 1846 2056 1892 et

487 1906 730 1962 misertus
757 1922 828 1964 est
863 1915 983 1968 ntei.
1011 1914 1230 1971 Scidisti
1259 1929 1467 1975 saccum
1492 1938 1683 1992 meum,
1708 1938 1754 1980 et
1781 1929 2056 1984 accinxisti

482 2009 564 2048 me
593 1999 781 2053 latitia
815 2004 878 2055 ⁷⁷.
912 2005 1042 2070 Quis
1073 2009 1214 2062 enim
1247 2021 1560 2069 sanctorum
1599 2029 1702 2070 non
1737 2018 1790 2072 in
1825 2019 1959 2074 lucta
1992 2034 2056 2075 ac

485 2089 701 2144 tristitia
731 2107 827 2159 per
863 2097 1045 2152 mundi
1074 2099 1232 2169 hujus
1275 2106 1524 2161 transivit
1544 2109 1722 2162 viam?
1757 2109 2051 2168 Jeremias:

483 2174 607 2231 Non
633 2181 764 2243 sedi.
799 2183 992 2254 inquit,
1020 2205 1136 2243 cum
1162 2194 1380 2248 consilio
1405 2195 1716 2264 ludentium,
1743 2201 1832 2253 sed
1864 2210 2048 2255 treme-

481 2265 600 2322 bant
712 2272 852 2340 facie
890 2293 1076 2334 manus
1110 2292 1232 2336 tute.
1281 2283 1440 2340 Solus
1482 2290 1756 2354 sedebam,
1807 2293 2051 2360 quoniam

479 2359 835 2449 qntaritudine
860 2369 1083 2434 repletus
1123 2387 1238 2424 sum
1271 2372 1339 2427 ⁷⁸.
1372 2373 1538 2429 David
1565 2393 1779 2449 quoque
1811 2359 1998 2438 Scribit
2036 2399 2052 2438 :

480 2444 652 2511 Quasi
690 2450 871 2522 lugens
895 2472 958 2510 ac
991 2475 1230 2529 inmens,
1258 2465 1335 2517 sic
1366 2465 1684 2521 humiliabar
1709 2471 1774 2522 "°.
1815 2471 2050 2538 Quorum

479 2553 579 2594 nos
624 2544 862 2614 vestigiis
913 2550 1245 2622 insistentes,
1304 2556 1650 2627 intelliginms
1710 2565 1852 2632 qund
1907 2565 2054 2620 salus

477 2641 660 2726 nostra
695 2634 748 2689 in
780 2647 1018 2708 tempore
1047 2645 1415 2704 tribulationis
1440 2651 1529 2718 sit,
1562 2663 1616 2706 et
1641 2654 1914 2724 prapbetae
1938 2657 2052 2726 pol-

478 2722 705 2819 licitatio
743 2727 1034 2798 impleatur
1073 2736 1306 2806 dicentis
1338 2757 1351 2794 :
1392 2740 1515 2794 Non
1560 2722 2052 2819 relinquuntur'qui

473 2813 529 2865 in
567 2820 811 2885 angustia
841 2833 981 2888 sunt,
1017 2827 1120 2880 nisi
1159 2830 1228 2881 ad
1270 2839 1468 2899 tempus
1511 2833 1577 2887 ⁸ο.
1617 2833 1670 2888 Si
1702 2813 1851 2905 ergo
1887 2813 2048 2893 habet

479 2912 694 2976 tempus
729 2909 1002 2969 tribulatio
1036 2925 1090 2972 et
1135 2922 1412 2989 angustia,
1458 2931 1511 2978 et
1547 2940 1650 2979 non
1698 2927 1804 2981 erit
1845 2930 2047 2998 sempi-

477 3004 665 3062 terna,
695 3002 1028 3061 seminemus
1058 3006 1110 3062 in
1150 3007 1422 3082 lacrymis,
1457 3023 1516 3068 ut
1545 3023 1810 3070 metamus
1839 3017 1890 3070 in
1924 3035 2048 3088 gau-

481 3087 594 3153 dio,
626 3104 732 3145 non
763 3092 1109 3167 deﬁcientes;
1147 3102 1288 3169 quod
1321 3105 1632 3160 noverimus
1663 3087 1944 3164 Dominum
1981 3111 2046 3164 de

474 3180 775 3237 tentatione
801 3183 1032 3242 liberare
1064 3189 1298 3246 cultores
1329 3207 1476 3250 suos.

545 3266 726 3325 XLIII.
763 3272 1020 3332 Dominus
1050 3288 1205 3347 pater
1226 3291 1411 3339 noster
1435 3294 1514 3341 est
1549 3305 1562 3342 :
1601 3287 1858 3344 Dominus
1880 3290 2041 3358 judex

476 3371 660 3416 uoster
678 3374 762 3420 est
788 3383 801 3419 :
829 3367 1088 3426 Dominus
1109 3373 1381 3444 princeps,
1420 3377 1678 3434 Dominus
1703 3393 1792 3436 rex
1826 3392 2040 3437 noster:

473 3451 733 3508 Dominus
774 3456 889 3525 ipse
919 3473 1018 3514 nos
1052 3461 1281 3518 salvabit
1325 3483 1337 3518 :
1374 3467 1527 3538 cujus
1560 3482 1820 3541 praecepta
1862 3475 1906 3528 si
1944 3490 2042 3530 ne-

473 3543 843 3613 glexerimus,
885 3554 1322 3618 permanebimus
1355 3557 1408 3611 in
1445 3562 1710 3631 angustia.
1751 3563 1865 3632 Ipse
1897 3567 2040 3620 enim

469 3636 603 3689 dicit
633 3653 648 3691 :
682 3637 785 3702 Qui
820 3654 1110 3710 sequuntur
1141 3662 1222 3700 me
1241 3649 1577 3717 possidebunt
1609 3663 1824 3721 terram,
1856 3668 1902 3709 et
1929 3657 2040 3710 ha:-

469 3727 770 3783 reditabunt
799 3741 1024 3787 montem
1063 3746 1301 3791 sanctum
1337 3756 1509 3794 meum
1536 3742 1580 3774 ⁸¹
1623 3762 1637 3797 :
1672 3759 1830 3814 quem
1860 3757 1914 3801 et
1943 3764 2041 3804 nos

470 3815 890 3884 possidebimus,
919 3822 963 3875 si
992 3821 1313 3892 impleamus
1343 3827 1512 3896 legem
1540 3832 1656 3901 ejus
1677 3844 1731 3887 et
1755 3837 2040 3893 audiamus

469 3905 598 3960 illud
629 3909 772 3976 quod
805 3911 1005 3967 dicitur
1037 3932 1052 3970 :
1094 3915 1324 3974 Mundus
1355 3921 1514 3990 facite
1537 3924 1593 3976 in
1625 3939 1897 3996 conspectu
1927 3930 2040 3998 ejus

466 4000 577 4053 vias
604 4011 799 4056 vestras
829 4005 906 4071 δίᾳ
932 4017 987 4061 et
1028 4009 1223 4064 iterum
1257 4030 1270 4064 :
1317 4013 1504 4068 Tollite
1533 4017 1849 4085 offendicula
1872 4023 1935 4076 de
1957 4024 2039 4076 via

461 4091 646 4159 populi
674 4094 775 4146 mei
792 4094 839 4126 ⁸³
861 4106 948 4162 ιει
971 4099 1098 4155 alibi
1123 4118 1135 4154 :
1165 4099 1355 4170 Ejicite
1378 4106 1441 4159 de
1455 4108 1672 4163 consilio
1696 4112 2035 4178 pestilentem,

461 4192 510 4233 et
556 4187 848 4252 egredietur
890 4205 1006 4243 cum
1041 4207 1100 4246 eo
1137 4197 1396 4249 contentio
1425 4197 1491 4252 “.
1529 4199 1630 4265 Qui
1671 4201 1872 4269 justum
1909 4206 2040 4260 dicit

463 4271 811 4340 injustum,et
830 4276 1086 4346 injustum
1105 4283 1313 4352 judicat
1335 4285 1564 4353 justum.
1588 4299 1812 4359 uterque
1833 4294 1884 4346 in
1908 4309 2036 4348 con-

2073 3068 2115 3126 ϐ

2159 1849 2344 1891 ventus
2393 1839 2546 1893 nobis
2573 1840 2802 1904 novalia,
2848 1851 2902 1896 et
2932 1855 3037 1894 non
3073 1841 3397 1894 seminemus
3427 1854 3588 1909 super
3619 1840 3736 1907 spi-

2161 1940 2276 1980 nas.
2306 1927 2549 1996 Cumque
2583 1930 2998 1984 custodierimus
3032 1945 3150 1998 qua:
3190 1931 3444 1983 mandata
3481 1939 3605 1983 snnt
3635 1945 3739 1983 uo-

2159 2018 2261 2081 bis,
2300 2020 2569 2073 manifesti
2601 2020 2804 2076 erinms
2846 2023 2986 2090 quod
3024 2022 3304 2091 diligamus
3343 2021 3540 2083 Deum,
3591 2019 3738 2074 sicut

2160 2118 2388 2164 testatur
2417 2121 2470 2165 et
2499 2113 2552 2165 in
2585 2112 2691 2167 alio
2720 2112 2836 2167 loco
2867 2114 3144 2181 Scriptura
3173 2113 3351 2166 divina
3382 2132 3396 2167 :
3431 2111 3538 2176 Qui
3582 2114 3735 2164 audit

2157 2203 2406 2255 mandata
2441 2208 2556 2257 mea
2588 2215 2636 2258 et
2663 2212 2831 2258 servat
2855 2221 2940 2268 ea,
2977 2206 3064 2258 ille
3091 2213 3164 2256 est
3188 2205 3280 2274 qui
3305 2204 3473 2273 diligit
3503 2219 3619 2268 me;
3640 2204 3734 2272 qui

2158 2305 2331 2348 autem
2362 2295 2538 2364 diliget
2573 2312 2672 2359 me,
2701 2297 2950 2365 diligetur
2979 2313 3010 2348 a
3057 2295 3214 2349 Patre
3247 2312 3379 2359 meo,
3405 2307 3452 2348 et
3481 2311 3576 2364 ego
3604 2296 3734 2347 diti-

2156 2401 2276 2455 gam
2313 2402 2450 2451 eum,
2478 2397 2525 2440 et
2556 2388 2820 2441 veniemus
2861 2404 2954 2457 ego
2997 2398 3046 2440 et
3095 2385 3258 2440 Pater
3291 2401 3450 2447 meus,
3481 2397 3527 2439 et
3574 2402 3734 2438 man-

2157 2477 2353 2530 sionem
2412 2478 2552 2544 apud
2611 2496 2728 2534 eum
2781 2480 3056 2546 faciemus,
3109 2491 3158 2533 et
3227 2479 3496 2532 ostendam
3551 2479 3600 2530 ei
3651 2487 3735 2531 me

2157 2568 2324 2635 ipsum
2353 2568 2435 2633 ";
2465 2579 2517 2622 et
2555 2589 2567 2623 :
2617 2568 2716 2623 Vos
2756 2570 2912 2623 amici
2946 2572 3046 2623 mei
3084 2571 3228 2634 estis,
3267 2571 3312 2623 si
3347 2570 3574 2638 feceritis
3609 2583 3734 2638 qua:

2155 2661 2402 2729 pra'ctpio
2441 2661 2582 2715 vobis
2612 2661 2679 2716 ⁸⁸.
2729 2661 3002 2716 Tollamus
3048 2663 3324 2716 uobiscmn
3372 2662 3568 2714 multos
3609 2675 3732 2715 ser-

2157 2767 2362 2817 mones,
2381 2763 2432 2806 et
2459 2762 2842 2808 convertamur
2861 2755 2927 2808 ad
2957 2755 3236 2809 Dominum
3263 2753 3427 2807 Deum
3457 2762 3726 2813 nostrum,

2153 2855 2207 2898 et
2240 2846 2481 2900 dicamus
2518 2849 2606 2901 ei:
2653 2848 2807 2902 Potes
2845 2847 3103 2901 dimittere
3127 2858 3356 2916 peccata,
3395 2857 3447 2898 ut
3495 2845 3730 2910 accipia-

2153 2943 2268 2988 mus
2299 2939 2452 3001 bona,
2493 2948 2540 2989 et
2571 2939 2848 2991 reddamus
2876 2939 2924 2991 ei
2958 2941 3186 3007 fructum
3232 2939 3491 2990 labiorum
3520 2947 3728 2989 nostros

2155 3042 2268 3078 runt
2295 3027 2362 3089 “,
2396 3037 2449 3081 et
2475 3028 2768 3083 delectetur
2802 3031 2852 3084 in
2892 3031 3046 3084 nobis
3085 3031 3260 3083 anima
3303 3038 3505 3082 nostra.

2219 3116 2376 3171 XLV.
2416 3120 2593 3188 Atque
2623 3121 2826 3172 utinam
2863 3123 3119 3188 paeniteat
3153 3135 3247 3173 uos
3293 3119 3496 3172 erroris
3536 3129 3589 3170 et
3625 3133 3721 3170 ne-

2145 3209 2434 3278 gligentia‘,
2464 3221 2518 3264 et
2547 3214 2788 3265 conrersi
2816 3214 2881 3265 ad
2908 3215 3084 3282 priora
3113 3214 3352 3265 dicamus
3388 3231 3398 3263 :
3429 3213 3596 3264 Assur
3619 3228 3722 3264 non

2143 3302 2364 3356 salvabit
2407 3320 2536 3367 nos;
2570 3320 2722 3370 super
2755 3321 2908 3375 equos
2940 3316 3042 3357 non
3076 3305 3430 3364 ascendemus,
3470 3321 3560 3357 nec
3606 3303 3721 3373 jam

2143 3398 2370 3450 dicemus
2395 3413 2411 3451 :
2436 3399 2525 3451 Dii
2565 3401 2730 3453 nostri
2761 3416 2913 3466 Opera
2943 3416 3192 3452 manuum
3219 3409 3538 3451 nostrarum.
3582 3395 3720 3447 Deus

2141 3489 2231 3556 qui
2260 3488 2312 3540 in
2347 3498 2396 3541 te
2428 3499 2501 3542 est
2537 3492 2860 3545 miserebitur
2895 3491 3080 3560 pupilli
3109 3505 3127 3541 :
3157 3490 3356 3543 sanabo
3409 3487 3718 3539 habitacula

2141 3595 2321 3632 eorum
2345 3581 2412 3636 ’°.
2446 3580 2786 3652 Rursumque
2821 3584 2963 3637 dicet
3013 3583 3074 3636 de
3118 3582 3270 3635 nobis
3305 3599 3318 3634 :
3360 3579 3587 3647 Diligam
3635 3596 3721 3633 eos

2144 3669 2433 3738 manifeste,
2465 3681 2512 3723 et
2547 3682 2775 3724 avertant
2807 3673 2940 3725 iram
2976 3687 3141 3726 meam
3188 3674 3251 3724 ab
3290 3673 3383 3725 eis.
3427 3669 3534 3722 Ero
3565 3673 3726 3738 quasi

2144 3774 2228 3811 ros
2253 3772 2271 3809 :
2298 3759 2470 3812 Israel
2504 3762 2706 3829 ﬂorebit
2755 3773 2808 3815 ut
2848 3763 3036 3826 lilium,
3066 3774 3113 3816 et
3157 3765 3322 3816 mittet
3361 3764 3563 3814 radices
3593 3779 3719 3813 suns

2139 3851 2290 3920 quasi
2318 3850 2569 3906 Libanus.
2608 3852 2767 3907 Ibunt
2806 3857 2941 3907 rami
2981 3855 3128 3923 ejus,
3168 3865 3214 3908 et
3243 3855 3339 3906 erit
3383 3853 3539 3922 quasi
3581 3851 3719 3904 olira

2138 3942 2434 4009 fructifera,
2454 3955 2500 3996 et
2525 3943 2656 3997 odor
2679 3946 2794 4014 ejus
2826 3956 2880 3997 ut
2909 3947 3094 3998 thuris.
3122 3943 3456 3998 Revertentur
3485 3953 3536 3996 et
3566 3944 3720 3995 δαίε-

2139 4031 2263 4085 bunt
2295 4035 2650 4102 unusquisque
2682 4035 2736 4086 in
2781 4035 3132 4088 tabernaculis
3168 4037 3297 4097 suis,
3346 4045 3394 4086 et
3434 4035 3624 4096 virent,
3667 4043 3716 4084 et

2137 4122 2588 4189 conﬁrmabuntur
2614 4125 2875 4192 frumento
2899 4141 2916 4179 :
2943 4123 3149 4194 ﬂorebit
3176 4125 3309 4176 sicut
3342 4124 3490 4174 vinea
3518 4135 3718 4171 memo-

2137 4217 2215 4268 ria
2242 4233 2441 4279 eorunt,
2473 4219 2606 4272 sicut
2634 4219 2765 4271 odor
2789 4219 2958 4271 thuris
2985 4215 3252 4283 Ephraim.
3282 4212 3421 4278 Quid
3438 4214 3486 4265 ei
3513 4222 3564 4266 et
3595 4213 3717 4264 ideo

2137 4307 2244 4365 lis?
2272 4308 2380 4378 Ego
2419 4311 2706 4364 humiliabo
2735 4321 2872 4377 eum,
2905 4321 2951 4364 et
2983 4309 3290 4378 confortabo
3328 4324 3469 4360 eum.
3506 4305 3620 4375 Ego
3655 4315 3714 4357 ut

459 4375 644 4470 ερςεςιιι
673 4369 1096 4470 [zeli-mutandus
1123 4384 1227 4428 est.
1257 4375 1557 4434 Caveamus
1586 4395 1651 4435 ne
1673 4383 1882 4440 dicatur
1899 4396 1951 4441 et
1974 4391 2039 4444 de
2071 4409 2114 4463 ι)
2132 4369 2408 4469 junipei'us
2439 4403 2700 4454 condensa
2730 4417 2750 4457 :
2775 4418 2840 4456 ea:
2859 4369 2944 4455 nte
2973 4369 3179 4470 fructus
3204 4399 3316 4467 ejus
3341 4399 3579 4451 inventus
3611 4407 3712 4449 est.

459 4457 616 4510 nobis
644 4475 658 4510 :
689 4457 814 4511 Filii
841 4461 1061 4516 alienati
1090 4475 1212 4519 sunt
1251 4469 1299 4520 ei
1331 4469 1376 4501 ⁸⁵
1401 4486 1415 4535 ;
1443 4480 1496 4524 et
1526 4473 1650 4528 illud
1679 4493 1692 4528 :
1717 4474 1876 4533 Filia
1905 4479 2035 4536 Sion

455 4546 668 4600 elevatce
696 4559 836 4614 sunt,
880 4561 928 4603 et
953 4555 1350 4611 ambulaverunt
1392 4562 1445 4613 in
1479 4564 1680 4618 excelso
1711 4567 1862 4630 collo,
1896 4580 1944 4623 et
1978 4572 2033 4626 in

455 4642 700 4706 superbia
735 4644 1040 4711 oculorum,
1072 4651 1331 4705 trahentes
1357 4655 1568 4722 pedibus
1603 4658 1830 4723 tunicas,
1871 4672 1917 4714 et
1943 4679 2032 4730 pe-

455 4732 608 4784 dibus
650 4735 810 4786 simul
855 4739 1093 4794 ludentes
1121 4741 1199 4807 “;
1244 4751 1299 4796 et
1356 4744 1407 4796 in
1458 4750 1795 4817 correptione
1843 4763 2025 4807 nostra

457 4828 670 4878 rursmu
701 4828 1028 4897 propltetalis
1057 4846 1234 4887 sermo
1277 4840 1588 4901 concordet,
1619 4841 1802 4897 dicens
1837 4859 1850 4895 :
1885 4843 2028 4908 Quo-

453 4918 606 4970 modo
640 4918 782 4987 facta
810 4931 884 4976 est
908 4927 1154 4979 meretrix
1177 4929 1356 4982 civitas
1382 4931 1556 4999 ﬁdelis
1584 4931 1733 4997 Sion,
1758 4935 1911 4998 plena
1929 4938 2026 5007 ju-

451 5009 610 5072 dicio,
657 5011 710 5063 in
757 5027 863 5082 qua
908 5015 1125 5084 justitia
1177 5021 1414 5076 dormit?
1459 5039 1595 5077 nunc
1637 5037 1812 5080 autem
1869 5029 2029 5084 latro-

450 5115 538 5154 nes
569 5101 650 5165 ";
685 5116 739 5157 et
772 5123 784 5158 :
824 5104 1054 5173 Populus
1086 5110 1378 5181 intelligens
1405 5119 1836 5172 commiscebatur
1860 5138 2026 5175 mere-

448 5195 589 5250 trici.
625 5193 701 5248 Tu
737 5211 880 5266 ergo,
915 5197 1102 5267 Israel,
1131 5218 1192 5255 ne
1230 5204 1549 5273 ignorabct'is
1586 5209 1649 5262 ⁸⁸.
1687 5210 1743 5265 Si
1781 5227 1907 5267 vero
1939 5215 2022 5268 did

521 5361 568 5460 i‘
599 5371 1041 5460 ,ΙρτιιξηυμλωεΔ
1070 5385 1116 5460 ⁷-³
1141 5383 1255 5442 lac.
1295 5403 1367 5454 tv,
1401 5388 1456 5443 4.
1561 5392 1606 5423 ’⁸
1637 5392 1794 5448 Joan.
1816 5373 1946 5460 λινε,
1977 5397 2062 5454 53.

451 5443 600 5524 Sans,
626 5445 679 5508 6,
966 5454 1043 5524 7"
1076 5454 1186 5510 Jer.
1239 5473 1326 5524 xv,
1353 5443 1454 5513 '17.

445 5507 514 5573 ὃς
553 5507 792 5578 “una.

571 5580 657 5664 tt,
690 5586 783 5664 is.
858 5592 902 5623 υ
943 5591 1084 5648 Psal.
1120 5580 1309 5660 exuli,
1353 5580 1772 5658 tesi'u'ibiii.’
1807 5580 1928 5664 «bs.
1972 5609 2060 5664 at.

446 5648 535 5706 25.
614 5653 836 5711 "Joan.
881 5676 968 5720 xv.
1011 5665 1094 5718 Μ.
1129 5648 1145 5650 v
1171 5648 1546 5738 "—DseeZ-x'tv,
1587 5648 1764 5728 Si“;

1532 5463 1576 5495 "’
1623 5463 1763 5518 Psal.
1822 5482 2020 5531 xxxw,
2061 5472 2144 5525 14.

869 5521 914 5606 ξς
943 5523 1136 5606 ἐπει,
1187 5527 1278 5581 ac.
1313 5521 1320 5524 '
1352 5530 1772 5606 ξδηρτοωχιι,
1828 5521 1944 5590 to;
1989 5521 2034 5571 δέ
2066 5521 2220 5596 ligat.
2249 5521 2472 5606 ωῖῐιζίῐζ

2143 4490 2271 4555 Quis
2301 4493 2528 4560 sapiens,
2562 4502 2608 4544 et
2638 4493 2882 4562 intelligit
2910 4494 3055 4554 lucc;
3082 4500 3174 4544 aut
3208 4490 3520 4560 intelligens,
3545 4502 3592 4543 et
3617 4506 3713 4542 co-

2137 4582 2337 4649 gnoscit
2375 4583 2474 4633 ista
2511 4582 2596 4635 9"?
2622 4582 2795 4652 Atque
2833 4583 3035 4635 utinam
3064 4593 3117 4635 et
3147 4598 3244 4637 nos
3271 4597 3339 4636 ex
3374 4597 3436 4636 eo
3471 4581 3711 4633 fructum

2136 4670 2328 4725 aﬂ'erre
2383 4673 2694 4737 valeamus,
2734 4676 2854 4729 sine
2880 4688 2985 4742 quo
3028 4673 3159 4726 nihil
3200 4674 3322 4728 boni
3364 4672 3541 4742 operis
3588 4671 3709 4724 ﬁeri

2134 4773 2331 4831 potest.

2210 4855 2393 4910 XLVI.
2443 4857 2798 4912 Revertantur
2847 4859 2910 4912 ad
2963 4860 3264 4921 Dominum,
3309 4869 3364 4911 ut
3421 4860 3488 4911 de
3551 4859 3709 4913 nobis

2135 4963 2352 5017 quoque
2406 4952 2574 5016 possit
2622 4951 2802 5005 dicere
2855 4951 3252 5006 :I’eccatorum
3311 4961 3358 5005 et
3413 4952 3706 5018 iniquitatis

2133 5056 2309 5092 eorum
2339 5056 2537 5095 memor
2574 5043 2800 5110 amplius
2841 5059 2941 5095 non
2972 5059 3059 5096 ero
3084 5043 3152 5098 ³⁸.
3194 5043 3307 5097 Non
3337 5042 3704 5111 relinquamus

2132 5129 2300 5198 legem
2331 5132 2445 5199 Dei,
2471 5149 2630 5200 quam
2660 5133 2814 5187 Pater
2844 5145 3028 5188 noster
3057 5136 3124 5189 ab
3151 5149 3216 5189 eo
3249 5135 3517 5203 accipiens
3549 5135 3700 5187 nobis

2134 5224 2387 5288 tradidit;
2426 5235 2601 5294 neque
2630 5227 2780 5294 parvi
2820 5227 2937 5296 ejus
2973 5226 3224 5280 mandata
3272 5226 3605 5295 pendamus,
3638 5236 3708 5278 ne

2841 5405 2887 5434 7‘
2919 5404 3047 5460 Luc.
3079 5422 3154 5470 vr,
3183 5405 3270 5468 ειι,
3308 5405 3398 5460 25.
3477 5406 3522 5436 ⁷⁷
3554 5407 3704 5462 Psal.

2794 5475 2837 5506 “
2875 5477 2978 5531 Isa.
3021 5492 3150 5540 ιλιι,
3194 5478 3280 5529 15.
3354 5478 3399 5507 δ’
3449 5473 3562 5531 Jer.
3611 5493 3704 5542 ut,

2547 5545 2593 5576 ⁸⁵
2626 5544 2729 5602 lsa.
2761 5563 2842 5609 ιιι,
2881 5546 2964 5598 16.
3040 5547 3083 5577 ⁸⁷
3123 5543 3230 5600 Ιειί.
3257 5562 3294 5609 l,
3328 5546 3417 5600 2|.
3500 5547 3545 5578 ⁸⁸
3575 5549 3700 5604 050..

2137 5612 2185 5685 '_‘_
2213 5611 2351 5685 Ifsal.
2378 5629 2429 5685 cf,
2457 5615 2573 5685 3-6.
2649 5618 2694 5647 ⁹²
2724 5619 2824 5672 Isa.
2851 5632 3020 5679 χχχιι,
3052 5616 3136 5669 I3.
3213 5619 3258 5649 ³³
3287 5617 3441 5675 Joan.
3470 5631 3582 5684 xw,
3610 5616 3699 5685 ‘31,

2145 5683 2185 5714 ³⁷
2220 5683 2348 5738 ibid.
2384 5683 2532 5742 5-10.
2609 5686 2652 5716 ’³
2689 5688 2790 5743 lsa.
2823 5702 2972 5753 xutt,
3013 5686 3105 5741 25.

2152 5403 2198 5434 ⁷⁸
2231 5399 2417 5455 Matth.
2451 5403 2565 5469 v,5,
2596 5403 2649 5465 6,
2680 5403 2766 5457 10.

2220 5472 2266 5503 ⁸ο
2303 5473 2526 5538 Isa.t.tv,
2572 5474 2626 5535 7,
2662 5475 2714 5528 8.
