4012 6182
305 270 409 327 889

299 490 472 533 ratum
507 493 584 535 est
631 497 821 538 aurum
861 496 908 539 et
955 488 1286 544 immutatum
1338 511 1606 564 argentum
1659 501 1869 564 bonum,

297 572 457 641 effusi
484 584 605 627 sunt
633 575 833 643 lapides
864 580 1034 632 sancti
1064 583 1118 635 in
1140 585 1282 637 omni
1308 588 1504 640 viarum
1524 590 1780 656 principio
1800 595 1873 647 ”?

301 678 405 716 nec
446 674 568 732 post
615 665 870 734 plurimos
913 669 1128 726 labores
1173 673 1346 729 Patris
1386 679 1556 732 nostri
1596 695 1729 748 quos
1778 699 1871 751 pro

303 754 483 808 salute
516 769 696 810 nostra
733 761 988 828 suscepit,
1026 778 1084 817 se
1115 765 1286 832 ipsum
1317 770 1620 837 exemplum
1656 774 1870 830 virtutis

301 846 570 910 tribuens,
607 858 658 902 et
705 851 942 912 glorians
987 853 1053 908 de
1097 857 1252 909 nobis
1281 866 1335 910 et
1368 861 1505 927 apud
1547 871 1762 919 sanctos
1793 867 1869 919 lo-

295 950 472 1002 quens
506 954 518 991 :
551 936 641 991 Isti
671 939 760 993 lilii
789 942 892 996 mei
917 953 1061 1008 sunt,
1094 955 1141 998 et
1179 948 1403 1016 populus
1434 964 1583 1006 meus
1619 954 1707 1009 lilii
1741 959 1864 1023 mei,

296 1037 352 1082 et
392 1045 500 1082 non
539 1031 878 1100 denegabunt
915 1051 928 1086 :
959 1044 1010 1089 et
1060 1046 1181 1105 post
1213 1039 1583 1107 hujuscemodi
1622 1048 1862 1102 testimo-

292 1123 440 1172 nium
493 1134 598 1174 non
640 1123 929 1190 perdamus
981 1126 1230 1181 ﬁduciam
1292 1130 1446 1186 home
1495 1137 1861 1206 conscientia,

290 1210 510 1278 spoliati
562 1212 803 1268 vestibus
850 1215 1043 1283 quibus
1082 1233 1181 1273 nos
1230 1219 1436 1286 induit,
1484 1233 1539 1278 et
1575 1225 1862 1284 introducti

289 1302 360 1355 ab
393 1317 458 1356 eo
493 1302 546 1356 in
575 1305 807 1358 stadium
841 1316 898 1359 ut
930 1307 1166 1378 legitime
1189 1316 1477 1380 certemus,
1508 1330 1612 1370 non
1643 1332 1863 1388 supere-

289 1403 413 1444 mur
437 1391 507 1446 ab
538 1393 772 1448 inimicis
803 1398 1020 1451 nostris.
1054 1397 1119 1452 Et
1145 1411 1425 1470 postquam
1456 1407 1765 1462 venerimus
1794 1411 1860 1464 ad

287 1483 423 1538 illud
455 1493 665 1552 tempus
696 1501 804 1552 quo
830 1488 1167 1554 egrediamttr
1193 1491 1259 1545 de
1285 1507 1531 1562 corpore,
1561 1512 1626 1552 ne
1657 1498 1858 1555 inimici

286 1573 592 1628 elﬁciamur
613 1575 794 1629 Patris
823 1579 1014 1644 nostri,
1039 1581 1313 1637 thesauris
1333 1585 1650 1652 servientes,
1682 1597 1737 1642 ut
1767 1591 1858 1659 qni

279 1666 508 1735 jejuniis
555 1676 610 1721 et
639 1665 930 1725 aﬂlictione
962 1673 1205 1741 corporis
1247 1673 1529 1731 debuimus
1574 1681 1858 1748 acquirere

1114 281 1174 335 S.
1220 281 1511 339 ORSIESII
1555 287 1896 354 DOCTRINA
1941 299 2029 357 DE
2066 301 2412 365 INSTITUT.
2456 305 2760 364 MONACH.

300 397 351 443 et
383 403 546 459 super
573 406 672 448 nos
699 393 945 463 planctus
981 395 1070 452 ille
1101 400 1312 454 dicatur
1339 420 1352 457 :
1387 405 1658 469 Quomodo
1694 410 1876 464 obscu-
1908 421 2173 484 A,quatur
2206 431 2390 475 contra
2450 439 2546 476 nos

3443 322 3546 377 890

2597 442 2610 477 :
2664 425 2909 480 Judicate
2959 429 3092 484 inter
3133 449 3212 487 me
3259 447 3306 488 et
3343 437 3543 492 rineant

1962 521 2160 587 nteant.
2216 511 2521 579 Exspectavi
2559 525 2611 567 ut
2650 517 2844 582 faceret
2890 519 3152 586 fructum,
3193 536 3240 578 et
3279 527 3400 594 fecit
3445 530 3544 582 ini-

1972 599 2239 666 quitatem,
2267 604 2314 654 et
2344 619 2443 654 non
2476 604 2758 671 iustitiam,
2787 606 2876 658 sed
2905 608 3185 664 clamorem
3215 615 3255 677 6;
3285 624 3337 667 et
3364 619 3540 669 veniat

1972 705 2134 759 super
2165 708 2261 747 nos
2297 695 2381 746 illa
2431 694 2756 759 maledictio,
2791 709 2950 765 quam
2995 700 3322 768 prophetalis
3357 720 3537 758 sermo

1972 782 2061 836 ille
2090 787 2451 855 prosequitur,
2490 796 2542 839 et
2577 802 2738 854 quam
2773 789 2917 841 omni
2946 792 3121 844 studio
3155 791 3336 862 lugere
3363 811 3425 850 ac
3461 798 3534 848 vi-

1973 883 2086 928 tare
2114 877 2398 940 debemus,
2428 889 2717 944 sequentes
2740 881 3201 936 conversationem
3231 899 3417 938 eorum
3444 890 3532 956 qui

1969 980 2067 1019 nos
2118 967 2168 1018 in
2223 966 2446 1021 Domino
2485 979 2904 1036 pra'ce'sserunt,
2953 970 3172 1025 Patrum
3231 977 3433 1044 pariter
3472 995 3534 1032 ac

1966 1053 2216 1118 fratrum,
2269 1057 2362 1127 qui
2411 1059 2784 1113 renuntiantes
2829 1060 3025 1113 smculo
3074 1071 3128 1115 et
3163 1064 3422 1119 inoffenso
3464 1070 3528 1121 ad

1966 1141 2251 1198 Dominum
2297 1159 2585 1217 pergentes
2620 1149 2811 1217 gradu,
2862 1160 3003 1204 n‘unc
3052 1151 3168 1221 ejus
3219 1152 3531 1211 haereditate

1963 1235 2275 1302 potiuntur:
2306 1253 2463 1304 quam
2494 1254 2681 1294 vereor
2704 1256 2768 1295 ne
2786 1242 3071 1309 perdamus
3098 1254 3276 1298 nostra
3303 1247 3526 1313 desidia,

1962 1337 2016 1381 et
2069 1327 2197 1380 illud
2244 1329 2396 1383 nobis
2439 1332 2808 1397 propheticum
2851 1343 3096 1402 aptetur,
3143 1336 3281 1403 quod
3326 1337 3528 1392 dictum

1960 1429 2042 1473 est
2078 1419 2133 1474 in
2180 1420 2434 1491 Ephra’im
2480 1443 2491 1477 :
2539 1422 2723 1478 Oleum
2774 1425 2824 1476 in
2871 1425 3159 1495 [Egyptum
3199 1429 3526 1482 mercatur".

1962 1505 2110 1564 Miin
2138 1523 2258 1565 sunt
2287 1514 2338 1566 in
2365 1513 2625 1582 gentibus,
2662 1525 2710 1569 et
2747 1516 3040 1570 didicerunt
3083 1535 3238 1585 Opera
3273 1537 3450 1573 eorum
3482 1521 3523 1574 ⁸.

1960 1599 2036 1654 Ne
2089 1613 2370 1670 postquam
2423 1602 2595 1655 “vocati
2658 1613 2844 1657 sumtis
2905 1603 2955 1655 in
3005 1604 3328 1669 libertatem,
3387 1608 3526 1660 sicut

1958 1692 2215 1759 scriptum
2247 1702 2328 1746 est
2365 1711 2378 1745 :
2421 1689 2622 1745 Tollam
2655 1705 2740 1746 vos
2774 1709 2932 1746 unum
2970 1695 3033 1746 de
3063 1696 3273 1763 populo,
3315 1707 3360 1749 et
3392 1697 3525 1750 duos

284 1757 482 1810 anima:
508 1756 833 1826 libertatem,
863 1762 1010 1814 carni
1042 1768 1094 1816 et
1117 1762 1343 1829 deliciis,
1375 1774 1428 1819 et
1459 1767 1854 1835 pulchriorihus

1955 1784 2018 1837 de
2059 1785 2283 1852 familia,
2319 1795 2365 1837 et
2414 1786 2660 1838 inducam
2697 1801 2786 1839 t'os
2831 1787 2884 1839 in
2925 1786 3076 1851 Sion,
3105 1797 3151 1839 et
3201 1788 3334 1860 dabo
3380 1790 3523 1842 vobis

281 1847 623 1902 vestimentis
665 1850 958 1918 stratisque
997 1851 1331 1908 mollioribus
1371 1869 1467 1910 nos
1509 1857 1846 1921 dedicemus,

286 1933 399 1988 non
427 1934 593 1989 solum
628 1935 727 2004 ipsi
762 1947 1069 2004 pereuntes,
1097 1939 1189 1993 sed
1218 1949 1274 1993 et
1309 1941 1442 1997 alios
1475 1945 1562 2012 qui
1591 1946 1850 2012 prolicere

281 2034 601 2097 patuerunt,
634 2027 879 2096 exemplo
909 2035 1093 2083 nostro
1119 2029 1377 2087 ducentes
1413 2034 1478 2087 ad
1516 2035 1746 2102 ruinam,
1784 2039 1850 2091 de

275 2118 477 2185 quibus
512 2118 774 2185 scripturn
805 2126 888 2171 est
923 2131 939 2170 :
986 2117 1106 2171 Non
1143 2123 1415 2190 accepistis
1459 2125 1700 2193 spiritum
1739 2145 1850 2181 ser-

274 2207 461 2259 vitutis
493 2207 546 2258 in
577 2207 810 2260 timorem
837 2207 878 2270 ¹,
913 2207 1005 2260 sed
1055 2205 1408 2276 fortitudinis,
1443 2223 1497 2267 et
1526 2215 1844 2281 charitatis,

273 2309 331 2352 et
363 2298 668 2366 pudicitizc;
717 2309 769 2352 et
808 2316 822 2351 :
868 2297 1028 2352 Cibus
1069 2316 1161 2352 nos
1201 2318 1303 2354 non
1345 2307 1668 2359 commendat
1716 2307 1844 2361 Deo.

277 2388 461 2458 Neque
499 2389 637 2442 enim
683 2391 726 2442 si
770 2391 1164 2457 comederimus,
1212 2395 1625 2460 abundabimus,
1661 2416 1752 2453 nec
1798 2401 1846 2453 si

272 2495 381 2531 non
417 2479 795 2531 comederimus
844 2479 1191 2547 indigebimus
1232 2483 1273 2537 '.
1317 2483 1440 2538 Non
1475 2496 1548 2539 est
1579 2489 1714 2541 enim
1764 2506 1846 2544 re-

269 2583 432 2636 gnum
470 2567 564 2620 Dei
605 2568 748 2621 cibus
787 2579 833 2622 et
876 2579 1056 2634 potus;
1102 2573 1192 2624 sed
1225 2573 1470 2642 justitia,
1507 2580 1756 2646 gaudium
1795 2593 1842 2634 et

267 2675 378 2726 pax
411 2661 465 2712 in
495 2656 695 2726 Spiritu
727 2660 975 2728 sanctoq’.
1026 2661 1124 2727 Qui
1171 2664 1222 2716 in
1267 2664 1369 2719 hoc
1399 2668 1570 2722 servit
1607 2669 1840 2739 Christo,

270 2745 449 2815 placet
477 2746 606 2813 Deo,
628 2749 887 2816 probatus
917 2760 1000 2805 est
1023 2753 1296 2810 munibus.
1329 2755 1496 2812 Isaias
1526 2776 1736 2831 quoque
1763 2765 1844 2819 di-

268 2837 388 2892 cit:
427 2835 530 2901 Qui
569 2849 862 2907 exspectant
897 2840 1201 2908 Dominum,
1291 2848 1638 2906 immutabuat
1684 2857 1845 2908 virtu-

262 2939 400 2994 tem,
431 2940 690 2982 assument
719 2946 916 2997 pennas
951 2942 1002 2986 ut
1039 2936 1268 3004 aquilio;
1295 2951 1530 3008 current,
1557 2953 1606 2998 et
1635 2961 1737 2999 non
1764 2948 1843 3001 la.

265 3018 561 3075 borabunt:
599 3021 922 3086 gradientur,
961 3033 1008 3077 et
1035 3041 1138 3078 non
1162 3033 1392 3083 esuriant
1418 3032 1457 3084 ⁸.
1490 3033 1697 3089 Idcirco
1736 3037 1840 3090 ele-

262 3109 409 3161 cabit
453 3109 658 3177 signant
720 3111 774 3164 in
841 3123 1034 3181 gentes,
1102 3125 1152 3168 et
1210 3123 1537 3189 congregabit
1595 3129 1842 3194 profugos

261 3197 460 3251 Israel.
513 3198 630 3252 Cito
665 3201 906 3254 velociter
945 3203 1144 3256 venient
1185 3219 1204 3258 :
1243 3219 1346 3258 non
1381 3209 1614 3261 esurient
1637 3251 1649 3274 ,
1684 3227 1844 3279 neque

260 3288 648 3341 dormitabunt.
700 3287 822 3344 Non
875 3291 1167 3360 dormiant,
1203 3311 1294 3348 nec
1331 3297 1527 3351 solvent
1581 3316 1740 3354 zonas
1780 3309 1843 3357 de

258 3380 456 3432 lumbis
487 3381 619 3444 suis,
650 3397 812 3450 neque
845 3395 1149 3450 rumpantur
1172 3385 1225 3440 in
1271 3392 1634 3445 calceamentis
1663 3409 1841 3448 eorum

260 3473 525 3539 corrigia'.
576 3469 810 3535 Quorum
845 3472 1028 3541 jacula
1079 3485 1237 3530 acuta
1279 3489 1397 3532 sunt
1433 3491 1479 3534 et
1517 3482 1707 3546 intenti
1752 3503 1840 3537 ar-

259 3579 356 3614 cus
381 3562 571 3629 :pedes
600 3578 882 3631 equorum,
916 3573 972 3616 ut
999 3575 1146 3632 petra
1175 3568 1466 3636 fortissima
1498 3588 1515 3624 :
1549 3584 1676 3628 rota:
1720 3592 1838 3629 cur-

258 3669 416 3707 ruum
446 3657 594 3724 quasi
619 3663 898 3722 tempestas
933 3671 953 3708 :
985 3647 1238 3726 impetum
1273 3661 1466 3728 facient
1493 3674 1546 3717 ut
1571 3665 1763 3732 leones,
1789 3677 1836 3720 et

259 3745 482 3798 ederunt
515 3755 570 3797 ut
599 3745 761 3798 catuli
792 3748 994 3800 leonum
1021 3750 1062 3802 ⁸.

328 3834 536 3891 XLVII.
570 3836 636 3890 Et
659 3853 758 3893 nos
780 3838 946 3907 igitur
971 3848 1283 3895 sanctorum
1314 3844 1614 3901 imitatores
1646 3847 1833 3914 simus,

257 3941 359 3982 nec
387 3927 766 3984 obliviscamur
800 3930 1161 3986 institutionis
1194 3949 1298 4004 qua
1334 3949 1432 3989 nos
1464 3938 1697 3990 erudivit
1728 3937 1830 3990 Pa-

255 4030 340 4074 ter
368 4029 573 4085 noster,
620 4021 744 4076 dum
779 4024 953 4079 adhuc
986 4034 1129 4080 esset
1158 4026 1209 4080 in
1235 4042 1478 4096 corpore.
1520 4028 1598 4083 Ne
1631 4030 1834 4084 exstin-

253 4126 486 4181 guamus
521 4112 795 4168 lucernam
828 4115 1112 4170 ardentem
1153 4134 1312 4187 quam
1344 4122 1524 4188 posuit
1556 4137 1716 4190 super
1743 4137 1832 4188 ca-

255 4203 368 4270 pita
398 4213 607 4260 nostra.
628 4205 708 4259 Ad
742 4208 894 4277 cujus
924 4208 1100 4264 lumen
1134 4210 1187 4263 in
1213 4210 1314 4265 hoc
1341 4213 1537 4264 szeculo
1579 4214 1829 4268 inceden-

254 4305 358 4363 tes,
391 4299 804 4355 meminerimus
830 4303 972 4370 qund
1004 4317 1102 4371 per
1127 4304 1363 4356 studium
1390 4304 1536 4358 illius
1570 4306 1708 4361 Deus
1731 4323 1827 4362 nos

1952 1886 2188 1945 pastores
2222 1877 2509 1930 secundum
2553 1893 2642 1929 cor
2683 1885 2874 1943 meum,
2909 1879 2998 1946 qui
3046 1890 3260 1945 pascant
3288 1895 3373 1932 eos
3404 1895 3520 1932 cum

1951 1967 2228 2034 disciplina
2253 1967 2306 2033 ';
2334 1967 2676 2021 resolvantur
2717 1968 2930 2021 vincula
2961 1969 3266 2032 eharitatis,
3294 1978 3347 2022 et
3378 1968 3522 2021 dica-

1953 2069 2039 2112 tur
2065 2061 2130 2112 de
2165 2060 2318 2113 nobis
2347 2076 2360 2111 :
2404 2057 2576 2111 Filius
2603 2059 2861 2129 glori/icat
2892 2069 3113 2127 patrem,
3147 2069 3192 2111 et
3222 2075 3396 2112 servus
3425 2061 3520 2110 do-

1948 2151 2144 2203 minum
2167 2166 2338 2202 suum.
2375 2148 2432 2202 Si
2460 2149 2624 2203 Pater
2641 2165 2732 2219 ego
2767 2165 2905 2212 sum,
2947 2148 3038 2202 ubi
3059 2158 3132 2203 est
3160 2149 3328 2218 gloria
3371 2153 3522 2203 mea?

1949 2238 2006 2294 Si
2037 2239 2310 2303 Dom-nus,
2343 2241 2428 2294 ubi
2455 2253 2526 2294 est
2557 2242 2715 2294 timor
2738 2256 2884 2294 meus
2915 2239 2997 2292 ὀἳ

2017 2329 2246 2384 XLVIII.
2291 2332 2494 2384 Idcirco
2528 2331 2896 2400 unusquisque
2937 2339 3178 2385 nostrum
3221 2333 3419 2387 clamet
3453 2335 3518 2388 ad

1948 2419 2232 2476 Dominum
2269 2440 2282 2474 :
2311 2421 2451 2473 Muri
2475 2420 2605 2474 Sion
2629 2423 2888 2474 deducant
2908 2422 3039 2474 sicut
3061 2432 3309 2475 torrentes
3341 2423 3516 2492 ωσι-με

1944 2529 2057 2566 mas
2093 2514 2178 2565 die
2205 2529 2266 2565 ac
2297 2523 2463 2565 nocte.
2498 2510 2580 2565 Ne
2621 2513 2710 2565 des
2741 2515 2964 2580 requiem
2999 2514 3125 2576 tibi,
3155 2529 3314 2582 neque
3347 2522 3515 2566 taceat

1945 2603 2143 2669 pupilla
2167 2602 2304 2656 oculi
2337 2604 2430 2654 tui.
2456 2600 2644 2672 Surge,
2670 2611 2716 2654 et
2749 2602 2908 2654 lauda
2931 2603 2983 2655 in
3006 2612 3168 2665 nocte,
3192 2603 3246 2654 in
3263 2603 3516 2668 principio
3541 2645 3545 2647 .

1946 2695 2243 2764 vigiliarum
2288 2705 2542 2758 tuarum;
2591 2695 2798 2762 effunde
2839 2695 2975 2747 sicut
3017 2710 3203 2762 aquam
3247 2709 3336 2745 cor
3371 2705 3515 2744 tuum

1946 2787 2000 2839 in
2029 2795 2302 2853 conspecm
2352 2785 2581 2839 Domini.
2615 2785 2746 2839 Leva
2783 2786 2851 2837 ad
2881 2785 3027 2839 illum
3059 2801 3242 2838 manus
3271 2795 3386 2836 tuas
3419 2799 3515 2850 pro

1945 2877 2222 2930 animabus
2275 2877 2606 2942 parvulorum
2672 2887 2914 2940 tuorum,
2975 2878 3062 2946 qui
3114 2877 3412 2943 defecerunt
3461 2875 3517 2926 in

1944 2967 2114 3032 capite
2168 2967 2524 3020 universorum
2584 2983 2852 3034 gressuum
2899 2966 2962 3016 “.
3013 2963 3089 3018 Ne
3149 2963 3274 3017 illud
3329 2970 3515 3016 contra

1871 3091 1912 3146 ρ
1948 3074 2043 3112 nos
2070 3058 2282 3111 dicatur
2313 3076 2325 3110 :
2359 3057 2540 3120 Luxit,
2576 3068 2623 3111 et
2658 3069 2932 3126 corruptus
2956 3067 3030 3111 est
3060 3057 3218 3110 orbis.
3247 3055 3516 3108 Luxerurzt

1946 3151 2135 3204 eacelsi
2169 3161 2351 3212 teme,
2385 3160 2432 3203 et
2462 3161 2600 3203 terra
2633 3150 2788 3216 impie
2819 3151 2920 3216 egit
2955 3158 3162 3216 promer
3197 3147 3515 3198 habitatores

1945 3257 2104 3303 suos;
2145 3241 2530 3308 dereliquerunt
2582 3241 2716 3293 enim
2768 3239 2926 3307 legem
2956 3279 2970 3302 ,
3024 3248 3070 3292 et
3112 3237 3513 3289 immutaveruut

1943 3341 2202 3402 pra’cepta
2237 3348 2373 3396 mea,
2407 3340 2770 3386 testamentum
2806 3343 3078 3384 wternum.
3108 3327 3319 3381 Idcirco
3355 3326 3516 3379 ntale-

1943 3426 2103 3478 dictio
2139 3425 2398 3477 derorabit
2433 3436 2649 3488 terram,
2681 3425 2805 3493 quia
2837 3429 3171 3490 peccat-erunt
3199 3419 3515 3471 habitatores

1942 3517 2055 3585 ejus
2082 3527 2127 3570 et
2149 3517 2533 3586 tlereliqucrunt
2561 3518 2792 3569 homines
2816 3514 2971 3575 pauci
2997 3515 3065 3568 ”.
3090 3512 3164 3566 Ne
3189 3521 3242 3566 et
3275 3521 3515 3564 nostrum

1943 3610 2123 3662 vinum
2157 3609 2334 3678 lugeat
2355 3620 2404 3662 el
2439 3610 2613 3671 vinea,
2641 3618 2697 3662 et
2724 3609 3073 3677 ingemiscant
3099 3606 3187 3673 qui
3222 3604 3370 3671 prius
3400 3611 3512 3656 toto

1940 3698 2120 3750 animo
2155 3699 2496 3760 lie-labantur,
2535 3701 2848 3766 dicaturque
2879 3698 2954 3750 de
2996 3696 3150 3748 nobis
3192 3713 3204 3748 :
3246 3693 3311 3745 In
3358 3696 3512 3746 domo

1939 3786 2205 3837 insaniam
2254 3787 2638 3852 conﬁnxerunt,
2676 3787 2910 3853 corrupti
2940 3795 3060 3837 sunt
3090 3786 3224 3836 sicut
3255 3783 3363 3835 dies
3405 3784 3512 3834 rol-

1937 3877 2001 3928 lis
2030 3875 2110 3940 ¹³;
2146 3883 2237 3928 aut
2275 3877 2399 3929 illud
2449 3895 2464 3928 :
2497 3875 2690 3943 Captio
2719 3890 2782 3927 e1:
2825 3874 2962 3927 vobis
3009 3883 3122 3936 est;
3168 3882 3257 3924 et:
3297 3871 3518 3925 Dixislis

1934 3963 2322 4028 enim,Fecistis
2352 3975 2709 4018 testamentum
2734 3981 2848 4017 cum
2873 3965 3100 4031 inferno,
3127 3973 3176 4016 et
3201 3979 3316 4014 cum
3349 3975 3513 4014 morte

1933 4057 2216 4124 partum”.
2239 4057 2365 4123 Quae
2393 4059 2551 4110 verba
2577 4058 2824 4120 vitantes,
2850 4057 3121 4111 credimus
3153 4057 3320 4124 magis
3369 4055 3511 4122 quod

1859 4196 1865 4201 .
1936 4149 1985 4203 in
2020 4161 2259 4218 tempore
2315 4165 2413 4203 suo
2445 4148 2657 4204 Orletur
2677 4149 2824 4202 stella
2857 4164 2920 4200 ea:
2943 4146 3106 4200 Iacob
3128 4187 3142 4206 ,
3187 4159 3231 4200 et
3267 4153 3510 4213 exsurget

1931 4242 2084 4292 homo
2107 4246 2169 4292 de
2199 4239 2386 4304 Israel,
2409 4242 2496 4310 qui
2522 4243 2767 4309 percutiet
2794 4241 3052 4306 principes
3116 4238 3268 4291 Moab
3301 4250 3344 4289 et
3372 4236 3511 4303 ﬁlios

1929 4329 2048 4384 Setlt
2077 4333 2140 4386 ¹⁸.
2174 4329 2240 4385 Ut
2278 4350 2378 4386 non
2421 4335 2485 4386 sit
2519 4335 2573 4386 in
2609 4334 2760 4386 doma
2797 4331 2966 4385 Israel
3000 4329 3244 4383 stinmlus
3281 4328 3498 4395 furoris,

249 4391 302 4444 in
356 4395 630 4462 Propriam
668 4395 926 4450 familiam
970 4400 1254 4465 receperit:
1301 4402 1600 4469 ρθνθετῖηίε
1650 4403 1826 4473 bospi°
1858 4420 1904 4479 ο
1931 4433 1980 4475 et
2017 4425 2167 4490 spina
2201 4423 2397 4476 doloris
2429 4424 2489 4477 η.
2521 4423 2657 4488 Quia
2685 4423 2826 4492 [acta
2858 4431 2932 4474 est
2971 4419 3194 4473 Domino
3229 4391 3349 4485 pars
3391 4415 3508 4482 ejus

251 4483 386 4538 tium
430 4486 695 4550 tribuens,
739 4488 791 4540 in
827 4489 991 4543 maris
1024 4490 1331 4544 turbinibus
1363 4494 1674 4548 constitutis
1702 4511 1826 4564 por-

251 4583 363 4628 tum
393 4578 717 4641 ostendens,
750 4593 942 4647 panem
991 4579 1042 4632 in
1090 4578 1254 4641 fame,
1299 4574 1546 4636 umbram
1579 4586 1632 4638 in
1667 4597 1822 4654 astu,

248 4668 637 4721 vestimentum
669 4671 722 4722 in
762 4670 1036 4736 nuditate;
1078 4671 1354 4741 imperitos
1393 4675 1676 4744 praeceptis
1711 4680 1823 4748 spi-

246 4758 500 4813 ritalibus
530 4761 781 4825 erudivit,
812 4762 956 4818 vitiis
991 4764 1290 4818 servientes
1322 4767 1568 4822 castitate
1593 4770 1823 4825 circurn-

242 4851 415 4913 dedit,
448 4852 636 4920 procul
669 4853 872 4918 positos
903 4854 1004 4908 sibi
1033 4855 1233 4923 junxit.
1269 4855 1344 4910 Ne
1371 4867 1491 4926 post
1523 4858 1667 4915 illius
1697 4862 1822 4916 dor-

243 4942 525 4995 mitionem
578 4943 964 4998 obliviscamur
1011 4955 1172 4999 tanta:
1223 4947 1482 5003 bonitatis
1522 4959 1576 5006 et
1620 4953 1822 5006 beneti-

242 5034 454 5087 ciorum
497 5033 901 5101 immortalium,
926 5043 1202 5093 vertentes
1233 5037 1469 5094 furorem
1501 5042 1576 5111 (t)
1605 5043 1825 5113 injudi-

238 5123 411 5189 cium,
450 5133 503 5178 ct
535 5122 771 5180 fructum
801 5126 1024 5196 justitiae
1076 5130 1130 5183 in
1171 5131 1610 5199 amaritudinem,
1645 5145 1699 5188 et
1741 5135 1821 5189 lo-

191 5375 193 5377 .
311 5309 362 5342 θ’
406 5297 612 5363 Thren.
646 5325 721 5373 tv,
763 5312 782 5364 ι
891 5314 905 5344 ¹
947 5315 1108 5368 Rom.
1155 5328 1273 5379 vni,
1310 5316 1395 5369 15.

237 5381 259 5411 ⁸
290 5379 426 5435 ibid.
457 5379 509 5443 ὅ,
545 5380 596 5432 4.
651 5381 668 5411 ⁷
696 5381 820 5436 Ose.
857 5398 953 5446 xu,
989 5383 1037 5436 1.
1115 5384 1136 5414 ⁸
1167 5386 1310 5441 ΡπειΙ.
1336 5401 1421 5449 CV.
1457 5386 1543 5440 55.

236 5451 282 5482 ⁸²
307 5449 408 5502 Isa.
439 5463 585 5513 sxw,
621 5450 740 5504 4-6.
803 5453 846 5483 ⁸³
873 5451 996 5506 Ose.
1033 5469 1110 5516 ιε,
1139 5455 1194 5517 8,
1219 5455 1271 5510 9.
1353 5457 1394 5488 “
1422 5457 1524 5510 lsa.
1554 5473 1734 5511 xxviii.

236 5534 414 5581 xxxn,
449 5521 502 5574 9.
584 5521 626 5551 ³⁸
674 5520 785 5579 Jer.
846 5538 998 5584 xxxi,
1033 5523 1122 5579 56.
1205 5527 1247 5557 ’³
1292 5524 1395 5581 Isa.
1440 5542 1548 5584 ut.
1593 5528 1644 5584 8.
1703 5530 1734 5584 9

1385 5571 1395 5581 ι
1440 5557 1548 5588 LII,
1593 5557 1644 5592 υ,
1707 5557 1754 5584 υ.

235 5534 414 5581 xxxn,
449 5521 502 5574 9.
584 5521 626 5551 ³⁸
674 5520 785 5579 Jer.
846 5538 998 5587 xxxi,
1033 5523 1122 5579 56.

1473 5320 1491 5348 ³
1523 5315 1540 5369 l
1570 5317 1692 5373 Cor.
1727 5335 1844 5384 vm,
1873 5325 1924 5382 8.

1621 5391 1640 5420 ⁹
1669 5389 1776 5443 .ler.
1818 5408 1897 5460 In,
1946 5399 2028 5459 Μ,
2064 5400 2147 5454 15.

1353 5457 1394 5488 ³⁸
1422 5457 1524 5510 lsn.
1554 5473 1744 5519 xxvm.
1795 5463 1880 5522 15.

1932 4513 2134 4581 Jacob,
2176 4515 2442 4581 funiculus
2482 4516 2804 4568 Iucreditatis
2840 4514 2951 4583 ejus
2986 4513 3153 4565 Israel
3183 4512 3245 4562 ¹⁷.
3285 4510 3346 4562 Et
3379 4507 3506 4560 alibi

1933 4604 2171 4672 loquitur
2221 4604 2482 4660 Jeretnias
2529 4623 2543 4658 :
2589 4606 2644 4660 Si
2679 4609 2953 4659 cessaverit
2995 4607 3048 4656 in
3079 4610 3353 4669 conspectu
3395 4615 3506 4650 meo

1932 4693 2016 4748 lex
2045 4697 2169 4760 ista,
2200 4713 2322 4765 gens
2347 4698 2502 4750 etiam
2542 4695 2713 4750 Israel
2739 4711 2940 4748 cessare
2975 4694 3156 4762 poterit
3195 4690 3271 4754 ¹⁸;
3304 4697 3358 4742 et
3391 4701 3512 4740 rur-

1930 4800 2046 4839 sum
2078 4806 2090 4840 :
2143 4788 2290 4840 Dabo
2325 4787 2552 4841 laborem
2583 4805 2761 4841 eorum
2794 4787 2958 4853 justis
2982 4825 2997 4848 ,
3043 4793 3091 4837 et
3139 4788 3504 4836 testamentum

1930 4891 2182 4933 talentum
2211 4898 2552 4949 ponam-cum
2581 4883 2736 4950 ipsis,
2763 4891 2821 4935 et
2857 4882 3047 4934 scietur
3080 4879 3131 4930 in
3155 4876 3391 4946 gentibus
3419 4889 3503 4925 se-

1930 4987 2044 5023 men
2087 4988 2288 5037 eorum,
2330 4990 2392 5026 ac
2445 4985 2667 5042 nepotes.
2713 4973 2896 5027 Omnis
2934 4973 3024 5042 qui
3058 4968 3238 5023 viderit
3269 4983 3374 5026 eos,
3413 4980 3498 5016 co-

1929 5072 2135 5130 gnoscet
2176 5065 2301 5132 quia
2345 5066 2436 5117 isti
2467 5075 2585 5118 sunt
2616 5083 2787 5120 semen
2825 5083 2855 5117 a
2900 5063 3124 5117 Domino
3159 5059 3503 5120 benedictum,

1929 5160 1975 5202 et
2011 5153 2206 5220 gaudio
2233 5154 2575 5222 perfruentur
2595 5155 2812 5210 Domini
2843 5157 2910 5209 η.

2541 5332 2561 5360 ⁸
2589 5333 2685 5386 lsa.
2715 5349 2800 5393 XL,
2828 5333 2916 5384 3i.
3063 5330 3082 5360 ⁸
3112 5329 3212 5381 lsa.
3245 5341 3294 5389 ν,
3321 5323 3501 5378 Eli-‘29.

2800 5404 2836 5432 “
2898 5400 3098 5453 Thren.
3157 5414 3214 5462 ll,
3275 5396 3362 5456 18,
3416 5398 3500 5446 19.

2800 5468 3186 5520 h.xxvm.24.
3267 5469 3305 5498 ³⁷
3342 5469 3496 5520 Deut.

2005 5328 2024 5358 ³
2051 5329 2203 5384 Rom.
2234 5347 2344 5396 xrv,
2381 5334 2463 5386 l7.
2541 5332 2561 5360 ⁸
2589 5333 2685 5386 lsa.
2715 5349 2723 5385 ξ

2005 5400 2147 5459 ι,15.
2228 5404 2269 5433 ¹⁰
2319 5403 2608 5464 Μςιιςιειιη,
2669 5403 2723 5456 6.

1962 5471 2002 5500 ⁸⁵
2036 5471 2191 5523 hum.
2233 5488 2376 5537 xxiv,
2415 5473 2502 5526 17.
2582 5475 2623 5503 ¹⁶
2648 5473 2846 5527 Ezech.
2876 5487 3068 5534 XXVIII,
3096 5468 3186 5523 24.

316 5636 394 5716 (i)
429 5635 706 5694 Furorem.
740 5639 1277 5722 begendumvidctur
1307 5647 1558 5715 furorem,
1593 5646 1673 5703 vel
1708 5649 1977 5716 (errorem.
2029 5652 2132 5707 Sed
2172 5667 2234 5708 ex
2308 5653 2371 5709 iis
2436 5671 2551 5722 quae
2618 5655 2797 5708 statim
2873 5662 3188 5721 sequuntur,
3265 5654 3496 5721 priorem

237 5702 527 5762 lectiuncm
565 5702 918 5780 praetulerint.
