4098 6200
490 303 585 359 891

1594 290 1868 346 PATRES
1909 284 2212 343 ᾸΖΟΧΡΊΙΙ
2257 283 2527 340 διΕΟΕιΛ
2573 283 2658 338 IV.

3650 279 3755 333 892

559 417 748 474 XLIX.
795 415 861 469 Et
904 429 1001 468 nos
1049 427 1181 480 ergo
1228 419 1537 464 scrutemur
1579 411 1692 462 vius
1725 418 1960 471 nostras,
2009 417 2062 461 et
2091 409 2136 465 Α
2165 403 2332 456 [tende
2367 415 2523 464 eam;
2575 397 2782 451 ambula
2833 397 2885 448 in
2933 394 3207 462 splendore
3261 393 3474 448 luminis
3516 410 3671 459 ejus.
3705 407 3752 449 et

485 523 706 583 gressus
729 507 1103 577 dijudiccmus,
1135 513 1190 557 et
1219 518 1511 570 sequamur
1533 502 1754 555 odorem
1785 499 2062 563 scientias;

486 600 883 656 abscondentes
914 591 1128 663 Semper
1151 594 1312 648 verba
1339 593 1454 660 ejus
1478 593 1527 645 in
1559 593 1814 646 cordibus
1845 591 2064 655 nostris,

487 701 543 742 ut
562 690 733 743 simus
759 685 1089 740 immaculati
1117 684 1170 736 in
1199 683 1308 744 vin,
1335 689 1389 735 et
1417 683 1467 734 in
1498 681 1614 750 lege
1641 680 1848 734 Domini
1877 681 2068 733 ambu-

489 780 658 832 lemus
680 779 747 830 ὀ.
775 777 890 831 Non
924 791 1019 829 nos
1045 785 1242 828 terreat
1271 774 1532 842 fragilitas
1553 773 1816 841 corporis,
1846 783 1896 826 ct
1925 770 2064 842 longi

489 869 748 938 temporis
779 869 945 921 labor.
983 865 1175 918 Patres
1200 866 1358 918 vestri
1399 864 1485 916 ubi
1517 875 1659 929 sunt,
1692 873 1740 915 et
1768 862 2071 931 propheta?

489 968 547 1011 ut
583 957 841 1026 scriptum
876 964 981 1017 est,
1019 954 1254 1023 nunquid
1286 955 1340 1006 in
1373 963 1623 1007 teter-num
1660 953 1865 1007 virent?
1901 950 2069 1004 Verba

491 1061 662 1102 autem
687 1065 798 1100 mea
829 1058 874 1100 et
905 1046 1134 1115 legitima
1163 1061 1278 1098 mea
1306 1044 1580 1110 suscipite,
1616 1059 1733 1112 qua:
1758 1060 1850 1112 ego
1881 1042 2070 1109 princi-

491 1144 580 1211 pio
612 1142 666 1194 in
700 1140 902 1201 Spiritu
932 1154 1041 1190 meo
1067 1139 1228 1190 servis
1255 1138 1380 1188 meis
1405 1137 1666 1204 prophetis
1689 1174 1704 1199 ,
1735 1136 1823 1204 qui
1855 1137 2070 1202 [uerunt

491 1249 608 1286 cum
642 1231 879 1298 patribus
912 1229 1093 1282 vestris
1121 1229 1186 1282 ²¹.
1237 1225 1548 1282 Sentiamus
1590 1225 1916 1280 ineﬂabilem
1961 1226 2070 1280 cle-

492 1324 749 1376 meutiam
783 1323 873 1374 Dei
909 1321 1104 1385 nostri,
1148 1319 1238 1389 qui
1273 1333 1447 1388 usque
1484 1318 1644 1372 hodie
1686 1319 1752 1371 ad
1798 1317 2070 1386 poeniten-

491 1415 621 1464 tiam
661 1428 758 1466 nos
790 1412 1059 1476 hortatur,
1089 1413 1275 1466 dicens
1315 1427 1330 1464 :
1370 1407 1626 1480 Nunquid
1651 1411 1740 1480 qui
1779 1411 1925 1462 cadet
1966 1427 2070 1463 non

491 1503 765 1570 resurget?
806 1514 895 1556 aut
935 1504 1026 1572 qui
1057 1513 1332 1556 aversatur
1373 1518 1474 1555 non
1521 1504 1840 1558 revertetur?
1892 1502 2072 1567 Quare

492 1607 765 1649 aversatus
808 1607 882 1648 est
925 1594 1148 1660 populus
1185 1610 1328 1648 meus
1376 1593 1643 1646 aversione
1672 1591 1985 1661 impudenti,
2021 1602 2069 1646 et

495 1688 830 1739 obtinuerant
867 1686 919 1737 in
966 1684 1320 1752 voluptatibus
1368 1683 1511 1748 suis,
1563 1674 1610 1736 et
1655 1684 1935 1736 noluerunt
1987 1699 2072 1736 re-

2176 513 2277 548 non
2305 494 2392 546 des
2428 493 2581 545 alteri
2610 491 2831 560 gloriam
2873 503 3054 552 tuam,
3099 497 3148 540 et
3200 503 3259 540 ea
3303 503 3419 555 quae
3456 489 3754 541 conducunt

2175 584 2290 647 tibi,
2317 584 2457 652 genti
2501 582 2707 636 alienw.
2742 581 2888 634 Beati
2920 597 3120 644 sumus,
3162 579 3362 644 Israel,
3394 580 3521 650 quia
3559 579 3756 649 placita

2177 675 2285 728 Deo
2334 683 2513 727 nostro
2559 683 2683 726 nota
2713 683 2830 726 sunt
2874 674 3040 725 nobis.
3077 669 3320 740 Con/ide,
3356 671 3544 738 popule
3586 687 3756 736 meus,

2175 766 2498 819 memorialis
2551 764 2811 818 Israel”.
2864 762 2932 817 Et
2983 764 3178 816 iterum
3248 760 3417 816 Isaias
3466 761 3756 831 loquitur:

2176 856 2402 922 Lwtare,
2435 855 2623 916 Israel.
2660 866 2704 908 et
2735 855 2924 923 festum
2960 855 3099 923 agite
3137 855 3274 907 diem
3307 869 3483 907 omnes
3515 855 3606 922 qui
3638 855 3756 907 dilir

2175 948 2295 1018 gitis
2330 963 2468 1000 eum.
2500 945 2731 1000 Gaudete
2777 946 2862 1010 qui
2907 944 3170 1012 conﬁditis
3215 945 3380 1008 ineo,
3425 952 3482 995 ut
3532 945 3760 1012 sugatis,

2175 1052 2221 1096 ot
2256 1040 2574 1110 impleamini
2604 1056 2668 1093 ex
2695 1038 2938 1092 uberibus
2963 1037 3336 1090 consolationis
3369 1037 3482 1105 ejus
3511 1037 3579 1090 ³⁸.

2251 1133 2335 1188 LI.
2375 1133 2680 1186 Ilabeamus
2729 1145 2914 1184 curam
2964 1128 3312 1197 legendarum
3365 1136 3420 1181 et
3472 1127 3761 1181 discenda-

2177 1243 2293 1280 rum
2348 1224 2792 1292 Scripturarum,
2832 1231 2888 1275 et
2931 1219 2984 1274 in
3030 1234 3215 1272 earum
3257 1231 3473 1288 semper
3525 1220 3762 1272 medita-

2179 1319 2322 1373 tione
2361 1331 2662 1378 versemur,
2697 1315 2930 1367 scientes
2961 1311 3222 1379 scriptum
3252 1327 3270 1364 :
3307 1309 3389 1364 Ex
3423 1310 3606 1378 [ructu
3655 1312 3764 1362 oris

2175 1411 2259 1463 sui
2301 1410 2381 1462 vir
2415 1406 2744 1462 saturabitur
2770 1405 2852 1460 "3
2880 1413 2927 1458 et
2971 1419 3166 1457 merces
3201 1402 3446 1456 laborum
3482 1401 3600 1471 ejus
3645 1403 3764 1456 red-

2177 1501 2330 1552 detur
2352 1498 2418 1548 ⁸⁷.
2450 1496 2574 1552 llmc
2602 1505 2726 1551 sunt
2753 1509 2873 1565 quae
2912 1509 3009 1548 nos
3053 1492 3259 1548 ducunt
3285 1493 3353 1548 ad
3383 1503 3647 1548 aeternum
3679 1495 3764 1547 vi-

2180 1604 2308 1660 tam,
2334 1606 2454 1661 qua:
2488 1589 2646 1644 nobis.
2675 1588 2894 1643 tradidit
2927 1585 3091 1640 Pater
3123 1597 3328 1652 noster,
3349 1595 3406 1640 et
3426 1585 3632 1656 iugiter
3659 1601 3765 1641 me-

2179 1685 2400 1739 ditanda
2448 1680 2706 1751 praecepit
2751 1689 2811 1734 ut
2845 1679 3132 1749 impleatur
3175 1677 3302 1732 illud
3337 1677 3392 1733 in
3423 1676 3583 1732 nobis
3615 1679 3764 1748 quod

494 1779 621 1829 verti
653 1777 735 1829 "?
763 1775 818 1830 Si
851 1776 1053 1830 reversi
1093 1773 1353 1828 fuerimus
1381 1773 1447 1827 ad
1480 1787 1624 1837 eum,
1659 1771 1945 1826 mdilicabit
1977 1787 2073 1826 nos
2106 1771 2146 1825 Β
2177 1778 2440 1846 scriptum
2474 1783 2601 1829 est:
2644 1770 2817 1827 Erunt
2857 1773 2970 1826 hac
3017 1769 3178 1825 verba
3215 1785 3332 1840 qua
3373 1785 3467 1839 ego
3509 1770 3766 1839 praecipio

494 1868 697 1936 Spiritu
732 1882 865 1931 suo,
897 1866 1049 1932 juxta
1092 1865 1218 1919 illud
1256 1864 1397 1933 quod
1437 1864 1697 1933 scriptum
1732 1872 1816 1918 est
1857 1882 1869 1917 :
1906 1863 2070 1917 {Edi-

492 1961 659 2026 {itam
710 1959 1049 2013 Hierusalem
1109 1957 1401 2024 Dominus,
1452 1956 1802 2022 dispersiones
1853 1953 2072 2009 Israelis

493 2052 823 2120 congregabit
846 2051 914 2102 ’⁸.

564 2159 625 2214 L.
657 2161 808 2226 Quod
858 2169 1036 2215 autem
1086 2158 1254 2213 nostri
1318 2167 1494 2213 uetus
1539 2165 1594 2212 et
1640 2159 1951 2213 communio
1996 2175 2073 2214 ex.

493 2251 605 2306 Deo
633 2253 700 2305 sit
732 2266 837 2320 qua
875 2265 972 2305 uos
1007 2250 1239 2305 invicem
1275 2248 1611 2318 c0pulamur,
1638 2248 1928 2318 Apostolus
1972 2264 2072 2304 nos

493 2343 670 2396 docuit
705 2343 929 2397 dicens:
965 2339 1232 2395 Bonorum
1275 2355 1486 2404 cperunt
1523 2340 1907 2392 communionis
1940 2341 2072 2393 obli-

493 2435 619 2487 visci
674 2433 867 2495 nolite;
904 2432 1099 2486 talibus
1132 2433 1269 2485 enim
1312 2432 1536 2485 victimis
1584 2430 1820 2495 placetur
1865 2429 1972 2484 Deo
2006 2433 2072 2489 “.

493 2524 548 2576 In
604 2524 825 2578 Actibus
893 2522 1263 2592 apostolorum
1323 2535 1540 2590 quoque
1601 2520 1740 2574 idem
1794 2519 2020 2591 legimus
2054 2541 2074 2576 ;

494 2614 852 2668 Multitudinis
905 2625 1076 2667 autem
1132 2613 1452 2667 credentium
1503 2621 1618 2666 erat
1667 2629 1758 2666 cor
1817 2629 1981 2666 unum
2026 2624 2075 2668 et

493 2707 670 2758 anima
704 2719 838 2768 una;
877 2716 923 2758 et
960 2704 1137 2779 nullus
1174 2720 1327 2757 suum
1370 2705 1496 2770 quid
1534 2705 1768 2771 dicebat,
1803 2707 1893 2760 sed
1925 2714 2076 2760 erant

493 2798 566 2846 eis
609 2795 848 2848 universa
898 2796 1219 2847 communia.
1269 2793 1332 2845 Et
1387 2795 1576 2847 virtute
1627 2812 1817 2865 magna
1875 2796 2074 2850 dabant

495 2885 716 2952 apostoli
751 2885 1104 2938 testimonium
1152 2885 1551 2939 resurrectionis
1587 2884 1800 2939 Domini
1847 2887 1974 2941 Jesu
2003 2889 2073 2943 ’⁵.

498 2978 560 3030 Et
618 2976 902 3031 Psalmista
943 2978 996 3030 in
1051 2976 1238 3031 eadem
1291 2975 1456 3032 verba
1512 2978 1788 3032 consensit
1841 2979 2072 3034 dicens:

500 3067 630 3122 Ecce
654 3087 811 3138 quam
844 3069 1034 3122 bonum
1064 3078 1111 3120 et
1146 3083 1305 3136 quam
1331 3068 1652 3137 jucundum,
1697 3069 1933 3124 habitare
1961 3069 2074 3138 fra-

497 3171 597 3213 tres
627 3162 682 3214 in
726 3179 886 3214 unum
910 3162 974 3214 ³⁸.
1007 3161 1071 3214 Et
1116 3175 1216 3215 nos
1259 3160 1311 3214 in
1347 3161 1607 3215 coenobiis
1651 3170 2070 3229 commorautes,

495 3261 549 3304 et
583 3253 737 3306 nobis
784 3261 965 3305 tntttua
999 3253 1269 3306 cbaritate
1305 3252 1533 3315 sociati,
1575 3253 1768 3308 deuius
1808 3255 2070 3319 studium,

499 3354 554 3397 ut
583 3347 851 3414 quomodo
884 3354 1191 3399 sanctorum
1231 3346 1452 3400 Patrum
1497 3347 1547 3399 in
1594 3347 1697 3398 hac
1725 3346 1831 3399 vita
1877 3347 2077 3400 uterni-

501 3451 618 3489 mus
668 3437 1022 3500 consortium,
1063 3437 1133 3490 ita
1179 3437 1231 3490 in
1281 3437 1464 3491 futuro
1512 3452 1726 3505 quoque
1784 3437 2076 3506 participes

497 3540 682 3581 eorum
715 3526 903 3590 siums,
943 3527 1175 3581 scientes
1205 3527 1347 3595 quod
1387 3542 1519 3582 crux
1555 3527 1676 3580 vitae
1730 3539 1929 3582 nostra:
1975 3529 2072 3582 do-

499 3619 794 3684 ctrinaeque
844 3616 1168 3686 principium
1219 3619 1328 3681 sit,
1377 3625 1432 3672 et
1495 3626 1742 3686 oporteat
1796 3633 1894 3672 nos
1952 3633 2073 3672 cum

498 3707 714 3760 Christo
757 3707 885 3776 pati,
913 3716 966 3760 et
1011 3722 1168 3761 nosse
1198 3709 1340 3776 quod
1380 3708 1584 3776 absque
1636 3705 2077 3764 tribulationibus

498 3805 553 3850 et
585 3797 848 3865 angustiis
885 3796 1059 3852 nullus
1103 3797 1378 3851 victoriam
1422 3809 1790 3868 consequatur
1831 3816 1844 3851 :
1879 3797 2076 3854 Beatus

500 3890 577 3942 vir
603 3889 692 3957 qui
727 3888 913 3956 sti/fert
943 3889 1301 3956 tcntationem,
1344 3893 1468 3960 quia
1502 3904 1618 3942 cum
1665 3889 1914 3957 probatus
1955 3890 2076 3958 fue-

501 3980 592 4042 rit,
621 3996 865 4033 coronam
908 3981 1026 4034 vita:
1069 3981 1285 4048 accipiet
1310 3982 1386 4046 ’7',
1419 3988 1474 4034 et
1521 3979 1758 4034 iterum:
1793 3979 2078 4034 Laboravit

498 4073 553 4124 in
600 4072 872 4135 satculum,
899 4080 947 4124 et
980 4073 1107 4125 vivet
1142 4073 1196 4124 in
1229 4081 1481 4126 wternum
1507 4072 1572 4123 ’⁸.
1607 4069 1667 4126 Si
1711 4081 1886 4124 tamen
1935 4088 2079 4126 com-

499 4163 747 4230 patimur,
778 4175 830 4214 ut
875 4171 923 4216 et
965 4162 1337 4230 gloriﬁcentur.
1381 4159 1634 4226 Αἶετὶηιο,
1681 4161 1886 4230 inquit,
1937 4163 2077 4231 quod

503 4270 605 4310 non
645 4266 763 4308 sunt
793 4257 1066 4324 condigna:
1093 4258 1360 4321 passiones
1394 4253 1552 4322 hujus
1584 4254 1833 4322 temporis
1879 4255 1948 4306 ad
1993 4253 2079 4321 fu-

503 4353 675 4398 turam
718 4345 964 4414 gloriam,
991 4361 1108 4414 qua'
1139 4344 1445 4398 revelabitur
1493 4345 1547 4396 in
1584 4343 1730 4398 nobis
1755 4345 1820 4396 ’9.
1855 4343 1918 4398 Et
1951 4345 2079 4399 alibi

501 4437 761 4505 scriptum
793 4448 873 4489 est
899 4455 911 4490 :
938 4433 1251 4488 Existimavi
1285 4447 1337 4487 ut
1369 4449 1727 4503 cognoscerem
1757 4436 1853 4487 hoc
1875 4449 1896 4489 :
1928 4436 2079 4489 labor

499 4537 578 4582 est
610 4528 662 4580 in
707 4537 983 4594 conspectu
1034 4543 1146 4578 meo
1174 4525 1254 4588 3°;
1291 4535 1347 4578 et
1387 4525 1582 4578 iterum
1627 4540 1642 4577 :
1687 4524 1798 4594 Ego
1837 4524 2072 4579 laboravi

499 4636 715 4684 sequens
749 4629 819 4684 te,
853 4634 900 4673 et
946 4620 1083 4672 diem
1122 4618 1387 4672 hominum
1435 4633 1537 4670 non
1569 4618 1895 4672 consideravi
1919 4619 1992 4687 ³¹;
2025 4630 2081 4674 et

499 4715 608 4770 alio
639 4713 794 4769 Ioco:
831 4711 1012 4766 Mulae
1041 4713 1400 4765 tribulationcs
1435 4711 1701 4779 justorum
1725 4755 1739 4778 ,
1777 4723 1824 4766 et
1866 4729 1931 4768 ea:
1960 4731 2075 4767 om-

502 4807 655 4858 nibus
703 4805 784 4858 his
839 4789 1077 4857 liberabit
1129 4819 1215 4856 eos
1274 4801 1529 4855 Dominus
1576 4801 1644 4854 ³³.
1689 4801 1748 4854 Et
1814 4802 2076 4858 Dominus

501 4907 688 4952 noster
735 4896 968 4964 loquitur
1016 4895 1067 4948 in
1125 4893 1414 4963 Evangeiio
1456 4911 1468 4946 :
1521 4892 1625 4956 Qui
1676 4897 2076 4962 perseveraverit

504 5004 664 5058 usque
695 4987 748 5040 in
780 4987 958 5054 ﬁnem,
992 4985 1075 5039 hic
1115 4985 1288 5038 salvus
1318 4985 1416 5036 erit
1447 4983 1512 5038 ³³.
1553 4983 1615 5036 Et
1657 4984 1782 5040 alibi
1816 5001 1830 5039 :
1869 4985 1973 5040 llic
2000 4998 2078 5042 est

501 5080 632 5133 liber
664 5079 1068 5142 mandatorum,
1112 5087 1158 5130 et
1205 5074 1290 5128 lea:
1339 5074 1534 5142 scripta
1579 5075 1632 5128 in
1683 5077 2073 5146 sempiternum.

505 5172 696 5226 Omnes
729 5173 817 5241 qui
847 5171 1230 5225 obscrvaverint
1257 5185 1392 5232 eam,
1424 5168 1592 5222 vivent
1611 5185 1630 5234 ;
1667 5171 1757 5239 qui
1782 5183 1954 5224 autent
1989 5174 2078 5226 de-

503 5267 832 5335 rcliquerint,
881 5265 1187 5318 morientur.
1242 5260 1528 5328 Revertere,
1559 5260 1746 5326 Jacob,
1791 5272 1838 5315 et
1887 5281 2076 5333 appre-

1175 5447 1478 5552 "?atll..1i:
1511 5447 1563 5511 5,
1679 5450 1741 5552 ΗΞ

1449 5519 1564 5574 Jac.
1604 5534 1641 5578 I,
1679 5519 1761 5571 12.
1841 5521 1887 5551 ’⁸
1914 5519 2058 5577 Psnl.
2102 5542 2106 5580 ι

1449 5589 1570 5648 ,Ql.
1645 5589 1688 5620 ³³
1717 5589 1902 5645 Matth.
1935 5610 1986 5656 κ,
2016 5595 2106 5648 2‘2.

1291 5660 1333 5692 ³⁹
1377 5662 1528 5716 Deut.
1569 5677 1653 5722 ιιι.
1691 5659 1878 5717 {8-21.

570 5451 614 5480 '°
650 5450 794 5504 Psal.
827 5467 1014 5514 cxvtn,
1051 5451 1099 5505 I.

501 5520 694 5576 52.35.
773 5522 818 5551 “
848 5522 1216 5584 I‘sal.cxxxn,
1251 5521 1296 5573 l.

501 5589 543 5623 ³¹
566 5589 676 5645 Jcr.
705 5591 947 5646 xvtt.16.
1022 5593 1066 5624 ³³
1093 5592 1232 5645 Ρεςιι.
1262 5606 1451 5653 xxxiii,
1477 5589 1570 5643 Ἥ.

504 5677 634 5722 xm,
663 5661 719 5714 2.
797 5662 839 5691 ³⁷
883 5660 1008 5730 Sap.
1039 5678 1094 5724 χ,
1129 5661 1211 5730 17.

497 5733 555 5791 ε.
630 5731 674 5764 ⁸⁸
717 5730 892 5787 Ercle.
924 5729 987 5798 x7,
1019 5733 1070 5797 9,
1127 5729 1209 5788 10.

1723 5450 1768 5480 Η
1808 5450 1893 5484 In»
1943 5467 1969 5484 u-

1799 5448 1907 5502 Jer.
1943 5467 2059 5517 ‘Jlll,
2091 5455 2144 5509 4.
2222 5457 2266 5486 ’³
2303 5455 2492 5514 Psal.c

1841 5521 1887 5551 "
1914 5519 2058 5577 Psnl.
2102 5541 2288 5589 uvm,
2317 5528 2371 5592 9,
2409 5532 2492 5584 10.

1960 5665 2001 5696 ³⁸
2044 5665 2197 5724 Prov.
2229 5684 2310 5735 Ill,
2345 5668 2396 5723 3.

2179 1868 2272 1920 tibi
2312 1867 2488 1929 hodie,
2528 1867 2582 1918 in
2615 1865 2770 1920 corde
2804 1873 2916 1928 tuo,
2944 1871 2992 1916 et
3037 1862 3092 1914 in
3131 1861 3313 1914 animo
3343 1870 3435 1914 tua
3462 1859 3671 1914 docebis
3701 1876 3768 1914 ea

2177 1961 2316 2028 ﬁlios
2368 1969 2534 2011 tuos:
2581 1968 2628 2011 et
2665 1957 2893 2026 loqueris
2941 1956 2998 2008 in
3045 1955 3121 2008 eis
3175 1953 3358 2006 sedens
3398 1953 3453 2005 in
3500 1954 3678 2016 domo,
3714 1963 3768 2005 et

2179 2049 2458 2104 ambulans
2503 2049 2558 2102 in
2613 2049 2732 2111 via,
2786 2058 2834 2100 es
2885 2044 3145 2116 accubans
3204 2054 3357 2113 atque
3414 2059 3764 2112 consurgens.

2183 2143 2368 2199 Scribe
2399 2160 2458 2198 ea
2495 2160 2588 2211 pro
2624 2145 2773 2211 signa
2809 2141 2864 2194 in
2908 2155 3067 2193 ntanu
3108 2148 3238 2203 tua,
3277 2147 3325 2192 et
3369 2148 3522 2192 erunt
3572 2139 3768 2192 immo-

2180 2237 2306 2289 bilia
2344 2248 2466 2288 alite
2501 2234 2679 2289 oculos
2711 2243 2848 2286 tuos.
2878 2231 3087 2287 Scribes
3124 2246 3326 2298 quoque
3348 2247 3407 2284 ea
3437 2231 3489 2283 in
3532 2230 3770 2296 postibus

2178 2329 2429 2381 domuum
2472 2338 2707 2391 tuarum,
2739 2335 2786 2378 et
2827 2325 2881 2376 in
2912 2323 3204 2387 liminibus,
3245 2335 3299 2376 ut
3333 2322 3553 2376 dissatis
3585 2324 3770 2376 timere

2182 2418 2466 2473 Dominum
2501 2418 2706 2472 cunctis
2751 2417 2931 2470 diebus
2972 2415 3160 2485 quibus
3199 2415 3366 2468 vivitis
3391 2413 3455 2467 ³⁸.
3505 2413 3768 2469 Salomon

2179 2527 2394 2582 quoque
2422 2511 2473 2564 id
2505 2511 2680 2579 ipsum
2711 2507 3022 2578 signiﬁcans
3054 2507 3194 2562 dicit
3219 2524 3233 2559 :
3263 2504 3442 2560 Scribe
3480 2523 3545 2560 eo
3585 2509 3639 2560 in
3683 2507 3772 2559 Ia-

2178 2603 2403 2656 titudine
2431 2603 2601 2655 cordis
2639 2601 2718 2653 tui
2737 2599 2806 2654 ³⁸.

2252 2715 2357 2768 LII.
2398 2713 2754 2769 Considerate
2787 2709 3006 2780 quantis
3038 2708 3366 2763 testimoniis
3413 2708 3480 2762 ad
3530 2709 3761 2762 medita-

2183 2808 2378 2861 tionem
2415 2820 2693 2860 saerarum
2741 2803 3144 2869 Scripturaru‘m
3179 2817 3274 2855 nos
3317 2815 3499 2856 seruio
3543 2800 3761 2855 Domini

2179 2901 2513 2963 cobortetur,
2559 2906 2616 2952 ut
2648 2912 2767 2967 qua:
2805 2909 2900 2951 ore
2933 2895 3220 2959 voluimus,
3269 2895 3431 2949 corde
3475 2893 3752 2964 possidea-

2180 3007 2321 3046 tnus.
2374 2990 2578 3044 Bonum
2624 2998 2697 3042 est
2755 2987 2957 3040 homini
3003 3001 3120 3038 cum
3168 2984 3408 3038 lcvaverit
3453 2984 3646 3053 jugum
3698 2983 3765 3034 ab

2178 3081 2532 3136 adolescentia
2568 3097 2686 3134 sua.
2737 3077 2948 3132 Sedebit
2991 3075 3262 3131 solitarius
3291 3087 3337 3130 et
3378 3078 3600 3142 tacebit,
3636 3091 3762 3144 quo-

2177 3176 2320 3227 niam
2342 3172 2523 3226 levabit
2550 3187 2705 3238 super
2732 3187 2787 3225 se
2809 3171 3018 3240 jugum.
3044 3167 3199 3222 Dabit
3227 3168 3539 3237 percutienti
3567 3184 3624 3221 se
3651 3184 3765 3220 ma-

2174 3263 2381 3328 xillam,
2412 3262 2740 3316 saturabitur
2779 3259 3092 3327 opprobriis,
3122 3257 3371 3328 quoniam
3415 3274 3519 3311 non
3562 3271 3766 3324 semper

2175 3355 2384 3424 objiciet
2423 3353 2673 3406 Dominus
2699 3352 2766 3406 ⁸ο.
2818 3349 2886 3404 Ει
2925 3349 3051 3404 alibi
3102 3351 3363 3418 scriptum
3401 3357 3525 3402 est:
3564 3347 3764 3402 Recor-

2175 3448 2330 3500 datus
2362 3462 2474 3500 sum
2509 3446 2891 3500 misericordia
2932 3443 3174 3510 infantia:
3201 3452 3308 3496 tua:
3324 3440 3398 3508 “;
3430 3450 3484 3495 ct
3516 3441 3715 3494 iterum
3747 3457 3764 3494 :

2176 3538 2407 3603 Lwtare,
2438 3537 2673 3606 juvenis,
2717 3537 2773 3589 in
2815 3533 3170 3587 adolescentia
3205 3545 3320 3597 tua,
3350 3541 3400 3587 et
3429 3532 3651 3586 exsultet
3677 3548 3770 3585 car

2177 3639 2323 3682 tuum
2365 3630 2418 3682 in
2464 3627 2644 3682 diebus
2681 3613 2988 3696 juventuti‘s‘
3019 3632 3158 3687 tuae,
3205 3633 3254 3677 et
3303 3621 3515 3675 ambula
3569 3623 3625 3674 in
3667 3623 3764 3676 viis

2177 3720 2352 3774 cordis
2380 3721 2456 3773 tui
2492 3720 2683 3789 absque
2711 3715 2940 3782 macula,
2981 3725 3032 3768 et
3077 3718 3129 3770 in
3164 3723 3441 3782 conspectu
3487 3714 3763 3767 oculorum

2178 3824 2387 3867 tuorum
2412 3828 2430 3866 :
2457 3822 2505 3865 et
2535 3812 2662 3864 scito
2688 3809 2937 3879 quoniam
2975 3809 3028 3862 in
3065 3807 3306 3862 omnibus
3344 3807 3424 3860 his
3451 3806 3678 3859 adducet
3721 3819 3770 3859 te

2180 3903 2436 3958 Dominus
2488 3903 2540 3955 in
2579 3900 2806 3970 judicio.
2845 3899 3016 3969 Aufer
3065 3901 3297 3967 furorem
3335 3915 3368 3951 a
3404 3901 3561 3951 corde
3588 3909 3679 3950 tuo
3720 3909 3770 3952 et

2179 3996 2441 4050 malitiam
2473 4013 2503 4048 a
2543 4009 2702 4047 carne
2732 4003 2845 4058 tuo,
2877 3996 3125 4064 quoniam
3164 3991 3516 4046 adolescentia
3544 4002 3592 4044 et
3634 3988 3771 4043 stulo

2179 4090 2296 4142 titia
2354 4087 2560 4140 vanitas
2613 4085 2788 4153 est";
2826 4097 2920 4139 et:
2974 4084 3236 4139 Memento
3285 4082 3552 4136 Creatoris
3593 4083 3673 4133 tui
3716 4083 3771 4134 in

2137 4194 2144 4200 ‘
2180 4179 2360 4232 diebus
2401 4178 2766 4232 adolescentia:
2798 4189 2925 4243 tuw,
2956 4179 3119 4229 donec
3149 4176 3355 4228 veniant
3388 4175 3498 4226 dies
3529 4174 3770 4242 pessimi,

2178 4285 2225 4325 et
2261 4281 2509 4340 occupent
2557 4273 2683 4324 anni
2721 4272 2775 4324 in
2809 4269 2998 4339 quibus
3037 4269 3179 4322 dices
3203 4283 3222 4321 :
3255 4265 3374 4320 Non
3415 4277 3491 4318 est
3533 4265 3664 4316 mihi
3718 4268 3772 4316 in

2180 4365 2252 4418 eis
2291 4365 2525 4417 voluntas
2552 4379 2569 4416 :
2599 4371 2760 4416 donec
2801 4364 3183 4417 obtenebrescat
3213 4358 3290 4412 sol
3318 4367 3371 4412 et
3396 4357 3513 4420 lux,
3545 4369 3594 4410 et
3639 4358 3773 4410 luna

2110 4465 2154 4519 ι)
2179 4462 2225 4505 et
2253 4452 2439 4513 stellae.
2466 4463 2510 4506 et
2547 4462 2922 4505 convertantur
2957 4452 3117 4504 nubes
3149 4459 3261 4518 post
3295 4448 3527 4518 pluviam
3553 4463 3573 4501 :
3606 4449 3661 4500 in
3687 4451 3776 4501 die

2180 4560 2283 4613 qua
2319 4543 2660 4597 movebuntur
2685 4547 2921 4598 custodes
2962 4545 3171 4606 domus,
3200 4554 3246 4595 et
3281 4543 3646 4596 subvertentur
3675 4542 3778 4594 viri

2147 4632 2410 4697 ~virtutis,
2439 4641 2486 4685 ct
2517 4644 2712 4686 cessent
2740 4633 3011 4698 molentcs,
3052 4634 3176 4703 quia
3209 4649 3393 4701 pauca:
3423 4633 3577 4703 {actia
3601 4643 3728 4684 sunt
3751 4647 3772 4685 :

2180 4733 2230 4776 et
2289 4725 2709 4777 obscurabuntur
2772 4741 2892 4794 qua
2957 4725 3131 4778 vident
3182 4726 3237 4777 in
3281 4724 3659 4793 foraminibus,
3719 4734 3776 4777 et

2183 4814 2426 4868 claudent
2465 4815 2572 4868 vias
2609 4817 2663 4868 in
2699 4815 2817 4884 foro
2849 4819 2903 4869 in
2939 4806 3248 4884 inﬁrmitate
3290 4816 3431 4869 vocis
3474 4816 3724 4868 molentis
3753 4831 3774 4868 :

2179 4915 2232 4958 et
2265 4915 2542 4976 exsurgcnt
2591 4907 2660 4958 ad
2712 4923 2885 4960 vocem
2949 4909 3202 4977 passeris,
3247 4915 3297 4960 et
3351 4906 3777 4960 huntiliabtsntur

2181 5013 2362 5050 omnes
2402 4997 2505 5064 [alii
2533 4996 2743 5051 cantici.
2802 4997 2866 5051 Et
2913 4997 3124 5065 quidem
3170 4995 3234 5049 ab
3267 4997 3376 5050 alto
3416 4997 3688 5064 aspicient,
3720 5005 3773 5048 et

2179 5093 2393 5156 pavores
2434 5092 2489 5144 in
2523 5091 2627 5155 via,
2655 5102 2702 5144 et
2737 5091 2921 5159 ﬂoreat
2953 5092 3320 5162 amygdalum,
3363 5103 3412 5144 et
3448 5092 3776 5144 incrassctnr

2182 5182 2404 5247 locusta,
2439 5191 2489 5235 et
2537 5183 2810 5236 scindatur
2841 5185 3104 5251 capparis.
3151 5183 3411 5249 Quoniam
3451 5183 3585 5234 abiit
3616 5181 3773 5233 homo

2184 5271 2240 5325 in
2267 5270 2483 5326 domum
2509 5272 2691 5328 swculi
2719 5275 2824 5336 sui,
2855 5282 2902 5328 et
2930 5285 3245 5344 gyravcrunt
3275 5274 3329 5326 in
3357 5271 3472 5340 [oro
3499 5271 3589 5341 qui
3617 5269 3774 5340 plan-

2222 5457 2266 5486 ’³
2303 5455 2728 5522 Psal.cx1.vu,2.
2824 5459 2870 5490 “
2911 5457 3072 5512 llebr.
3118 5471 3238 5519 xui,
3267 5455 3350 5510 16.
3438 5451 3494 5522 ί¹⁸
3534 5450 3660 5506 Act.
3694 5468 3775 5518 tr,

2184 5541 2288 5589 tm.
2317 5528 2371 5592 9,
2409 5532 2492 5584 l0.
2569 5530 2612 5561 ²⁹
2648 5530 2804 5588 ιὶοιιι.
2834 5545 2948 5592 vm,
2980 5527 3182 5591 17,18.
3255 5527 3300 5557 ³⁸
3329 5521 3471 5578 Psal.
3501 5523 3771 5586 tumlti.

2184 5598 2230 5628 ss
2272 5597 2373 5631 η...
2425 5615 2475 5631 ι..
2535 5599 2629 5631 Le:
2798 5601 2841 5631 ss
2884 5600 2960 5631 Ian
3031 5613 3146 5631 η-υ.
3213 5597 3280 5631 sn
3339 5594 3391 5631 Η
3523 5593 3569 5624 ⁸6
3612 5592 3767 5631 ιιι-ην-

2269 5597 2391 5654 BM‘.
2423 5615 2494 5663 ιν,
2535 5599 2651 5654 1ο5.
2798 5601 2841 5631 ³⁵
2882 5600 2983 5653 Isa.
3029 5613 3173 5662 vat,
3213 5597 3300 5662 10,
3339 5594 3422 5650 Il.
3523 5593 3569 5624 "
3612 5592 3772 5647 Prov.

2274 5684 2310 5735 ι,
2345 5668 2396 5723 3.
2475 5671 2519 5703 ⁸ο
2560 5669 2759 5728 Ttiren.
2797 5685 2878 5736 In,
2907 5669 2997 5736 27,
3035 5667 3123 5734 28,
3162 5669 3252 5736 30,
3287 5667 3376 5723 51.
3474 5663 3516 5697 ⁸³
3556 5661 3669 5720 Jer.
3707 5678 3770 5731 ιι,
