4012 6182
253 305 360 363 893

1079 309 1138 365 S.
1181 311 1476 405 URSlESll
1514 316 1861 374 DOCTRINA
1906 322 1991 376 DE
2032 322 2378 381 lNSTlTUT.
2422 325 2731 382 MONACII.

3404 333 3510 388 894

251 431 417 493 gunt,
468 423 812 491 quoadusque
864 436 1128 481 evertatur
1177 431 1444 498 funiculus
1507 441 1739 506 argenti,
1785 451 1836 494 et

1938 443 2080 498 diuis
2122 453 2430 500 sanctorum
2481 447 2757 510 omniunt,
2800 456 2852 500 et
2887 463 3154 517 praecupue
3203 429 3512 514 Davitl,‘de

251 520 556 564 conteratur
599 512 791 565 monile
835 515 988 581 auri,
1015 526 1080 569 vet
1129 520 1490 591 confringatur
1536 527 1728 596 Iieria
1765 532 1835 582 ad

250 602 476 671 fontem,
506 615 550 656 et
588 604 904 668 impediatur
939 617 1052 660 rota
1087 625 1242 677 super
1282 612 1476 678 lacum,
1520 629 1565 670 et
1617 635 1830 674 conver-

248 703 402 746 tatur
432 695 600 761 pulvis
636 696 687 749 in
722 705 951 763 terram,
1003 701 1140 754 sicut
1187 703 1308 771 fuit,
1339 715 1386 758 et
1421 709 1636 774 spiritus
1666 727 1834 764 rever-

247 794 400 836 tatur
442 785 512 838 ad
545 785 846 850 Dominum,
890 789 981 857 qui
1012 791 1154 844 dedit
1204 809 1321 846 eum
1349 795 1414 849 “.
1449 797 1503 850 in
1539 798 1832 867 Evangelia

246 893 468 947 quoque
515 881 773 946 scriptum
805 892 928 937 est:
968 884 1148 949 Pueri,
1187 891 1422 958 nunquid
1466 892 1664 948 habetis
1708 895 1830 961 pul-

248 973 526 1024 mentum?
560 972 754 1027 Mittite
794 974 848 1026 in
881 976 1146 1031 dexteram
1177 991 1376 1049 partem
1415 985 1580 1044 navis,
1616 994 1666 1039 et
1695 988 1834 1041 inve-

248 1059 405 1110 nietis
430 1057 508 1122 “;
541 1071 593 1113 et
626 1061 819 1116 iterum
851 1081 866 1116 :
903 1063 1087 1120 Omnis
1115 1082 1245 1135 puer
1283 1086 1345 1122 ac
1375 1071 1711 1141 juvenculus,
1745 1078 1834 1144 qui

249 1154 412 1203 nescit
447 1153 603 1205 hodie
629 1154 818 1206 bonum
847 1169 911 1209 ac
956 1158 1172 1222 malum,
1202 1163 1299 1228 ipsi
1346 1164 1617 1221 intrabunt
1644 1168 1697 1222 in
1730 1178 1834 1222 ter-

249 1259 366 1295 ram
409 1245 598 1295 bonum
622 1243 700 1310 “;
732 1260 794 1296 ac
821 1261 1034 1302 rursum
1062 1268 1076 1303 :
1116 1249 1280 1306 Omne
1311 1257 1658 1312 masculinum
1695 1261 1832 1330 quod

248 1337 416 1400 aperit
444 1336 673 1401 vulvam,
717 1353 955 1394 sanctum
997 1343 1270 1398 vocabitur
1291 1347 1358 1400 “.
1396 1349 1459 1402 Et
1503 1350 1555 1403 in
1591 1351 1830 1419 Evange-

247 1427 368 1481 lio:
411 1427 552 1483 Puer
593 1442 770 1485 autem
809 1433 952 1498 ibat,
991 1445 1038 1489 et
1083 1440 1376 1508 crescebat,
1423 1452 1473 1497 et
1528 1446 1832 1513 proﬁciebat

247 1519 391 1583 apud
451 1518 621 1574 Deum
660 1531 710 1575 et
751 1524 892 1588 apud
927 1524 1160 1582 homines
1185 1528 1253 1582 ⁸⁷.
1296 1530 1452 1587 Jesas
1494 1549 1706 1605 quoque
1741 1540 1837 1592 mi-

247 1607 420 1662 nister
461 1609 628 1680 Moysi
666 1611 879 1679 juvenis
914 1626 1066 1681 erat,
1110 1627 1164 1672 et
1198 1633 1300 1675 non
1356 1625 1735 1692 egrediebatur
1767 1631 1832 1684 de

247 1700 605 1754 tabernaculo
655 1701 767 1758 Dei.
819 1701 886 1758 Et
920 1707 991 1761 de
1023 1707 1190 1763 David
1238 1711 1497 1780 scriptum
1553 1717 1822 1786 legimus:

1936 550 2042 604 quo
2089 536 2351 606 scriptum
2403 545 2534 590 est:
2588 535 2867 604 Memento,
2924 537 3166 606 Domine,
3204 538 3410 604 David,
3462 548 3509 592 et

1933 626 2100 679 omnis
2137 629 2555 682 mansuetudinis
2588 628 2700 696 ejus
2726 629 2790 681 ⁸⁸.
2829 628 2896 682 Et
2939 629 3104 700 Moysi
3139 631 3205 685 de
3243 646 3348 699 quo
3379 631 3506 699 legi-

1935 724 2043 784 tur,
2070 721 2210 786 quod
2236 719 2399 772 fuerit
2437 728 2746 774 mansuetus
2776 736 2940 790 super
2967 737 3181 777 omnem
3215 732 3412 777 terram
3438 724 3506 779 “.

1934 808 1999 862 Et
2048 809 2303 865 Dominus
2341 811 2392 865 in
2427 813 2713 881 Evangelio
2740 813 2806 867 de
2851 814 3150 869 mansuetis
3180 830 3243 869 ac
3289 815 3509 868 mitibus

1934 900 2173 971 loquitur
2210 921 2222 955 :
2263 901 2410 957 Beati
2453 907 2712 958 mansueti
2744 916 2790 959 et
2838 906 2988 958 mites
3034 909 3207 970 corde,
3253 908 3501 976 quoniam

1933 993 2031 1061 ipsi
2087 995 2419 1059 possidebunt
2477 1007 2670 1048 terram
2704 995 2769 1050 ⁸⁷.
2818 995 3020 1065 Magnae
3066 997 3344 1066 sapientia:
3387 1009 3505 1061 est,

1931 1086 2397 1139 mansuetudinem
2429 1088 2720 1156 possidere,
2752 1100 2807 1143 et
2849 1089 3036 1144 audire
3075 1106 3090 1143 :
3128 1088 3346 1157 Sapiens
3375 1101 3504 1154 esto,

1931 1173 2036 1241 ﬁli,
2075 1185 2128 1227 ut
2163 1174 2370 1228 lattetur
2403 1193 2492 1228 cor
2532 1194 2701 1230 meum
2726 1178 2805 1244 ⁶⁸;
2837 1187 2891 1233 et
2932 1179 3125 1232 iterum
3155 1201 3168 1234 :
3207 1177 3508 1234 Intitatores

1931 1274 2091 1318 estote
2150 1265 2277 1330 Dei,
2311 1267 2412 1336 lilii
2461 1269 2756 1322 charissimi
2781 1270 2862 1334 ‘9;
2894 1278 2989 1324 et:
3040 1267 3219 1323 Estote
3260 1270 3504 1339 perfecti,

1931 1357 2064 1408 sicut
2091 1367 2136 1409 et
2175 1356 2339 1412 Pater
2367 1369 2532 1414 vester
2556 1363 2644 1432 qui
2673 1363 2727 1416 in
2752 1363 2890 1418 ctelis
2921 1373 3018 1425 est,
3049 1365 3304 1431 perfectus
3330 1376 3402 1417 est
3426 1366 3502 1428 7°;

1931 1455 1986 1498 et
2019 1447 2186 1502 alibi:
2235 1447 2419 1504 Sancti
2461 1463 2642 1521 estote,
2677 1455 2924 1523 quoniam
2966 1471 3057 1514 eao
3099 1468 3310 1510 sanctus
3355 1473 3504 1523 sum,

1930 1540 2064 1592 dixit
2101 1541 2354 1595 Dominus
2381 1542 2448 1596 ⁷³.

2001 1631 2111 1685 LV.
2157 1632 2286 1700 Qua:
2316 1633 2553 1704 legentes
2594 1636 2920 1702 testimonia,
2967 1639 3296 1694 seminemus
3352 1641 3506 1694 nobis

1925 1718 2208 1785 justitiam,
2248 1733 2306 1778 ιιι
2357 1734 2622 1778 metamus
2669 1727 2901 1781 fructum
2947 1729 3090 1783 vitae.
3128 1729 3500 1786 lllumiuemus

247 1785 398 1842 Puer
439 1792 558 1860 [lavi
599 1795 810 1858 coloris,
847 1796 1168 1866 elegantibus
1215 1804 1380 1858 oculis
1403 1804 1470 1860 ³⁸.
1512 1804 1826 1866 Timotheus
1859 1792 1902 1847 Β
1929 1807 2099 1864 lucem
2145 1812 2410 1877 scientiae,
2458 1815 2584 1884 quia
2639 1825 2847 1883 tempus
2884 1826 2965 1870 est
2999 1827 3062 1871 ut
3103 1834 3502 1889 cognoscamus

245 1893 473 1947 quoque
523 1881 692 1936 adhuc
748 1900 881 1953 puer
927 1897 982 1941 et
1031 1891 1345 1947 adolescens
1397 1896 1571 1951 sacris
1624 1897 1823 1957 litteris

244 1970 499 2024 eruditus
530 1981 610 2025 est
633 1972 703 2036 δ’,
742 1985 800 2026 ut
834 1977 899 2028 ad
931 1977 1086 2032 tidem
1129 1981 1338 2036 Domini
1385 1985 1671 2042 salvatoris
1712 1989 1830 2044 illa-

247 2075 368 2114 rum
396 2063 589 2116 semita
623 2066 944 2132 perveniret.
972 2069 1038 2123 Et
1072 2071 1139 2126 de
1171 2074 1390 2131 Daniele
1427 2081 1552 2147 quia
1583 2081 1827 2138 eruditus

245 2163 395 2218 erat,
444 2157 702 2220 scriptum
759 2157 1001 2227 legimus,
1050 2164 1190 2232 quod
1234 2168 1312 2219 vir
1360 2169 1739 2226 desideriorum
1777 2175 1824 2207 '°

245 2245 549 2312 appellatus
599 2249 689 2303 sit.
741 2248 940 2318 Jeseplt
990 2269 1202 2324 quoque
1265 2267 1381 2310 erat
1434 2260 1821 2320 dilectissimus

245 2339 388 2404 patri
434 2353 534 2393 suo
560 2340 626 2408 ",
667 2343 918 2410 quoniam
960 2344 1076 2412 ejus
1131 2347 1373 2417 imperiis
1418 2354 1722 2420 serviebat;
1771 2365 1826 2411 et

245 2429 436 2483 decem
463 2445 527 2485 ac
549 2440 756 2501 septem
783 2437 959 2490 adhuc
986 2448 1142 2494 natus
1168 2454 1358 2506 annos,
1389 2454 1654 2514 praecepta
1683 2445 1826 2503 illius

245 2520 422 2591 legem
459 2523 583 2578 vitae
609 2539 723 2580 sua:
747 2527 1136 2583 arbitrabatur.

317 2611 451 2667 Llll.
495 2613 561 2666 Et
594 2614 709 2670 haec
753 2626 946 2671 cuncta
997 2618 1272 2687 replicavi,
1307 2632 1363 2675 ut
1393 2632 1703 2679 sanctorum
1743 2626 1825 2681 vi-

246 2713 329 2758 tas
374 2705 819 2773 considerantes,
861 2725 962 2764 non
1003 2711 1438 2782 circumferamur
1481 2717 1624 2771 omni
1672 2733 1822 2774 vento

243 2795 500 2849 doctrina
524 2796 590 2861 η,
638 2799 731 2852 sed
767 2800 1092 2868 laboremus,
1134 2814 1187 2858 et
1219 2820 1406 2861 eorum
1455 2813 1824 2866 conversatio-

241 2900 369 2937 nem
408 2897 604 2942 mstrus
631 2889 756 2942 vita:
784 2893 1117 2960 propositum
1167 2897 1460 2953 habeamus
1488 2901 1814 2973 exemplum,

238 2986 300 3028 ut
345 2975 520 3031 simus
555 2979 781 3047 populus
818 2979 912 3037 Dei
952 2986 1260 3053 peculiaris.
1300 2985 1410 3045 Nec
1436 2993 1821 3049 contristamus

237 3066 503 3133 Spiritum
545 3081 814 3136 sant-uim,
851 3073 902 3126 in
940 3089 1046 3144 quo
1083 3079 1274 3148 signati
1303 3096 1489 3138 sumus
1516 3083 1566 3136 in
1598 3085 1684 3138 die
1721 3099 1808 3138 re-

240 3158 570 3228 demptiOnis
595 3163 674 3227 ³³;
715 3179 781 3218 ne
814 3165 962 3219 illum
1007 3171 1414 3238 exstinguatttus
1463 3176 1514 3228 in
1567 3177 1719 3230 nobis
1742 3176 1816 3243 ";

237 3259 293 3304 et
323 3252 635 3320 prepltetias
667 3269 770 3309 non
815 3245 1220 3316 contemnamus
1245 3261 1324 3330 ἐς
1358 3276 1425 3320 ne
1468 3265 1695 3322 forsitan
1727 3283 1821 3322 vo-

239 3342 373 3396 lenti
421 3343 646 3415 Spiritui
679 3357 866 3404 sancto
901 3349 1144 3409 habitare
1175 3355 1228 3410 in
1271 3355 1443 3424 nobis,
1491 3374 1596 3414 nou
1630 3360 1821 3416 demus

239 3431 443 3486 locum.
478 3432 694 3490 Nullum
729 3438 892 3493 alium
940 3441 1224 3498 timeamus
1269 3457 1466 3514 printer
1505 3448 1696 3516 Deum,
1727 3454 1818 3520 qui

238 3523 386 3576 ultor
409 3534 462 3576 et
480 3523 644 3591 iudex
669 3537 750 3582 est
771 3543 992 3596 cperunt
1025 3534 1378 3603 singulorum,
1406 3547 1605 3594 etcum
1629 3551 1818 3597 sancto

234 3622 464 3668 sanctus
503 3626 609 3681 est,
645 3627 700 3671 et
732 3633 853 3672 cum
887 3621 1006 3675 viro
1038 3623 1321 3680 innocente
1368 3629 1626 3684 innocens
1647 3629 1726 3696 ⁸⁶;
1765 3642 1820 3688 et

234 3703 412 3755 dicit:
453 3703 562 3773 Ego
605 3718 838 3761 amantes
878 3725 960 3762 me
997 3712 1178 3781 diligo,
1231 3723 1281 3766 et
1325 3715 1418 3783 qui
1462 3732 1541 3770 me
1588 3731 1817 3786 quterent

233 3793 500 3847 invenient
530 3798 782 3865 gaudium
803 3798 880 3859 ’τε
913 3811 966 3854 et
1005 3802 1126 3856 alibi
1163 3803 1396 3872 loquitur
1429 3822 1442 3857 :
1477 3803 1539 3860 Si
1577 3808 1820 3862 ambula-

233 3885 420 3939 veritis
461 3899 642 3941 contra
673 3906 752 3943 me
783 3895 1033 3960 perversi,
1070 3911 1164 3964 ego
1193 3896 1471 3953 ambulabo
1509 3909 1693 3954 contra
1729 3917 1819 3956 vos

233 3992 508 4042 perversus
534 3979 601 4033 ⁸⁸.

308 4067 440 4124 LIV.
483 4069 597 4125 Non
631 4073 926 4128 irascamur
962 4075 1222 4142 invicem;
1249 4079 1458 4134 etiamsi
1495 4079 1576 4134 ira
1607 4093 1706 4136 nos
1732 4082 1816 4137 vi-

233 4163 392 4222 cerit,
425 4178 531 4214 non
570 4178 856 4231 peccemus
883 4165 1006 4220 irati
1031 4168 1096 4233 '9,
1129 4169 1258 4224 solis
1297 4171 1598 4225 occubitum
1633 4173 1806 4241 poeni-

234 4253 402 4306 tentia
433 4265 871 4324 praeoccupantes
894 4257 958 4310 ‘°.
1005 4257 1414 4316 Meminerimus
1449 4277 1571 4318 esse
1611 4279 1816 4333 prace-

234 4354 410 4411 ptum,
434 4347 644 4413 quoties
669 4349 910 4414 peccsnti
940 4349 993 4403 in
1024 4366 1122 4405 nos
1149 4351 1427 4420 ignoscere
1451 4354 1711 4411 debemus
1729 4355 1812 4420 ⁶¹;

1797 4399 1814 4424 ἱ

1929 1901 2131 1965 Deum,
2179 1901 2347 1956 donec
2397 1905 2571 1958 veniat
2615 1903 2820 1960 fructus
2874 1908 3096 1977 justitite
3153 1910 3324 1964 nobis.
3367 1909 3501 1964 Ecce

1929 2009 2066 2046 nunc
2096 2004 2293 2062 tempus
2327 1996 2652 2064 acceptabile,
2686 2009 2732 2050 et
2764 2001 2874 2052 dies
2919 2000 3106 2054 salutis
3137 2005 3206 2056 τ’.
3249 2004 3318 2057 Et.
3355 2018 3502 2067 vere,

1926 2085 2220 2139 secundum
2276 2086 2416 2155 quod
2457 2088 2714 2154 scriptum
2760 2101 2885 2144 est:
2925 2089 3206 2146 Plenitudo
3252 2093 3382 2162 legis
3427 2102 3505 2147 est

1927 2175 2219 2229 dilectio".
2254 2174 2462 2231 Joanne
2508 2179 2558 2231 in
2606 2180 2718 2233 hmc
2760 2181 2946 2234 eadem
2995 2183 3353 2238 concinente:
3389 2182 3505 2238 Hoc

1925 2277 2235 2334 prteceptum
2287 2269 2577 2333 accepimus
2617 2286 2648 2322 a
2698 2266 2885 2335 Patre,
2928 2281 2982 2324 ut
3024 2274 3258 2343 diligatis
3302 2275 3370 2328 ad
3421 2277 3505 2328 in-

1926 2360 2084 2412 vicem
2110 2357 2190 2420 ”;
2231 2368 2287 2413 et
2323 2375 2335 2410 :
2369 2359 2472 2422 Qui
2517 2360 2688 2430 diligit
2729 2361 2926 2426 Deunt,
2967 2365 3154 2432 diligat
3193 2375 3243 2419 et
3279 2367 3502 2434 fratrem

1925 2462 2079 2503 suum
2104 2449 2184 2512 7';
2216 2458 2310 2503 et:
2352 2448 2473 2502 Non
2509 2450 2641 2503 sicut
2679 2447 2831 2517 Cain,
2859 2455 2948 2519 qui
2991 2470 3058 2508 ea:
3094 2455 3322 2523 maligno
3353 2469 3495 2529 erat,

1924 2525 1974 2593 et
2021 2539 2204 2592 occidit
2259 2538 2479 2608 fratrem
2545 2557 2715 2596 suunt.
2761 2540 2830 2596 Et
2894 2561 3055 2614 quare
3107 2547 3336 2600 occidit?
3378 2525 3503 2616 quia

1924 2648 2081 2700 opera
2112 2633 2227 2702 ejus
2272 2632 2504 2702 maligna
2537 2645 2724 2699 erant;
2764 2634 2946 2703 fratris
2986 2648 3158 2691 autem
3189 2638 3301 2706 ejus
3341 2638 3499 2692 bona.

1926 2722 2051 2777 Non
2107 2724 2452 2788 admirentur,
2511 2724 2726 2792 fratres,
2765 2727 2811 2780 si
2863 2729 3030 2780 oderit
3083 2744 3175 2782 nos
3229 2732 3500 2791 mundus:

1925 2834 2016 2871 nos
2044 2819 2238 2872 scimus
2277 2819 2402 2888 quia
2451 2820 2789 2874 transivimus
2815 2821 2878 2874 de
2905 2831 3070 2876 morte
3113 2821 3182 2876 ad
3225 2821 3409 2890 vitam,
3439 2838 3500 2876 eo

1922 2907 2058 2974 quod
2087 2907 2371 2979 diligamus
2401 2907 2595 2977 fratres
2622 2909 2688 2962 ⁷⁸.
2741 2910 2882 2982 Ergo
2925 2911 3214 2984 diligamus
3253 2927 3352 2970 nos
3385 2929 3502 2968 mu—

1926 3008 2034 3051 luo.

1994 3085 2126 3144 LV’I.
2169 3084 2382 3160 Loquar
2408 3090 2556 3144 aliud
2587 3091 2654 3144 ad
2690 3105 2788 3145 vos
2820 3092 3123 3157 audentius,
3159 3093 3253 3150 ﬁlii
3296 3093 3504 3150 charis-

1925 3179 2071 3234 simi.
2109 3178 2183 3233 Ex
2212 3195 2320 3249 quo
2350 3179 2579 3234 credidit
2613 3181 2740 3234 mibi
2778 3181 2915 3236 Deus
2944 3183 3373 3241 conversationis
3407 3200 3502 3239 ve—

1922 3279 2048 3321 sme
2099 3279 2152 3322 et
2179 3277 2379 3322 sanctae
2408 3269 2834 3325 conversationis
2875 3284 3112 3342 gregem,
3157 3289 3260 3328 non
3292 3273 3497 3328 cessavi

1921 3358 2176 3432 lacrymis
2225 3375 2449 3417 monere
2491 3372 2547 3416 et
2589 3364 2782 3418 docere
2826 3365 3102 3434 singulos,
3141 3376 3202 3420 ut
3237 3365 3499 3434 placeatis

1927 3454 2070 3523 Deo;
2109 3471 2208 3513 nec
2247 3457 2489 3514 subtraxi
2525 3457 2742 3530 aliquod
2779 3463 2922 3531 quod
2960 3463 3112 3517 vobis
3140 3461 3270 3517 utile
3299 3462 3498 3516 sentie-

1921 3545 2064 3613 bam,
2097 3558 2154 3602 ut
2182 3563 2286 3602 non
2319 3551 2553 3605 dicerem
2581 3567 2595 3604 :
2637 3549 2699 3603 Et
2729 3568 2868 3606 nunc
2906 3552 3208 3606 commendo
3246 3568 3333 3605 vos
3368 3549 3496 3619 Deo,

1918 3649 1964 3691 et
2010 3639 2162 3693 verbo
2206 3642 2392 3708 gratia:
2434 3641 2578 3708 eius,
2623 3645 2715 3712 qui
2771 3652 2940 3709 potest
2979 3660 3068 3697 vos
3115 3643 3412 3710 a'tliﬁcare‘,
3447 3650 3497 3695 et

1917 3729 2045 3782 dare
2091 3729 2232 3784 vobis
2281 3733 2641 3785 haereditatem
2698 3749 2815 3786 cum
2877 3735 3073 3786 sanctis
3113 3733 3182 3787 ⁷⁷.
3244 3731 3493 3802 Vigilate,

1918 3819 2065 3874 Omni
2110 3821 2288 3875 studio
2336 3836 2577 3890 curaque
2630 3822 2939 3876 contendite
2975 3838 3041 3876 ne
3091 3819 3494 3876 obliviscamini

1919 3910 2174 3980 propositi
2221 3912 2420 3977 vestri;
2460 3911 2553 3965 sed
2607 3910 2824 3980 implete
2871 3909 3010 3978 quod
3053 3923 3146 3964 vos
3190 3908 3341 3963 scitis
3374 3921 3498 3962 esse

1918 4005 2205 4077 pollicitos.
2243 3999 2350 4073 Ego
2390 4004 2524 4056 enim
2565 4002 2682 4071 jam
2719 4002 2938 4064 delibor,
2967 4012 3014 4054 et
3047 4012 3246 4068 tempus
3291 4001 3497 4054 resolu-

1919 4097 2076 4151 tionis
2104 4111 2232 4149 ηερ
2265 4095 2445 4158 adest;
2474 4095 2564 4158 qui
2599 4104 2861 4147 certamen
2890 4093 3078 4144 bonum
3105 4107 3170 4144 ex
3209 4101 3356 4159 parte
3385 4106 3498 4143 cer-

1918 4188 2048 4253 tavi,
2079 4203 2295 4240 cursum
2326 4187 2700 4248 consummavi,
2742 4185 2897 4253 ﬁdem
2929 4183 3151 4237 servavi.
3195 4183 3272 4237 De
3308 4192 3495 4237 ca'tero

1919 4279 2152 4347 reposita
2180 4289 2254 4332 est
2291 4279 2418 4332 mihi
2445 4293 2638 4332 corona
2669 4278 2912 4350 institue,
2948 4292 3104 4346 quam
3145 4276 3325 4328 reddet
3368 4275 3494 4327 mihi

1918 4370 2170 4424 Dominus
2200 4371 2255 4424 in
2295 4370 2388 4423 illa
2425 4371 2508 4424 die
2540 4371 2718 4438 justus
2751 4369 2958 4440 judex:
2989 4384 3090 4422 non
3130 4368 3298 4421 solum
3335 4365 3488 4429 mihi,

231 4445 287 4488 et
333 4450 534 4490 munus
564 4447 808 4492 nostrum
860 4441 1168 4510 relinquere
1209 4455 1332 4499 ante
1375 4444 1545 4499 altare
1568 4447 1633 4510 °',
1669 4450 1809 4517 quod
1846 4489 1892 4548 D
1919 4461 2008 4516 τεά
2041 4470 2087 4513 ει
2136 4461 2372 4515 omnibus
2412 4461 2501 4530 qui
2547 4461 2838 4515 dilexerunt
2882 4459 3148 4529 justitiam
3206 4459 3322 4528 ejus
3343 4458 3410 4518 ",
3443 4467 3498 4512 et

234 4540 578 4597 nequaquam
607 4530 921 4600 suscipitur,
951 4534 994 4588 si
1047 4549 1149 4588 non
1187 4534 1345 4589 fuerit
1378 4539 1815 4595 reconciliatione

233 4620 536 4686 placabile;
587 4631 646 4675 ut
686 4624 954 4690 possimus
1005 4626 1187 4681 dicere
1221 4643 1234 4680 :
1272 4627 1484 4682 Dimitte
1533 4630 1680 4684 nobis
1719 4632 1812 4685 de-

232 4713 343 4764 bitu
373 4722 589 4780 nostra,
633 4716 772 4768 sicut
809 4726 856 4770 et
902 4734 994 4772 nos
1023 4720 1339 4775 dimittimus
1373 4722 1690 4776 debitoribus
1721 4738 1815 4777 no-

231 4803 360 4856 stris
383 4802 449 4854 ".
495 4802 560 4856 Et
602 4803 890 4872 Apostolus
931 4809 1182 4876 praecepit
1218 4826 1232 4862 :
1272 4808 1330 4864 Si
1371 4811 1485 4880 quis
1522 4811 1675 4866 habet
1713 4813 1813 4866 ad-

233 4909 410 4946 versus
453 4894 683 4965 aliquem
729 4897 1130 4966 querimoniam,
1168 4901 1305 4953 sicut
1335 4911 1382 4954 et
1425 4899 1666 4957 Christus
1708 4905 1806 4957 do-

233 4984 374 5037 narit
405 4985 575 5052 nobis,
601 4987 676 5040 sic
709 4987 867 5056 facile
894 4988 961 5044 “.
998 4987 1180 5044 Simus
1207 4991 1452 5062 discipuli
1494 5003 1804 5050 mansuetu-

1918 4551 2096 4606 omnia
2131 4551 2308 4607 Patris
2341 4552 2589 4606 mandata
2623 4552 2882 4606 iecerunt.
2915 4549 3067 4604 Finis
3094 4549 3274 4605 verbi:
3303 4549 3495 4605 Omnia

1917 4643 2066 4707 audi,
2106 4640 2277 4695 Deum
2308 4618 2451 4706 time,
2477 4651 2525 4695 et
2557 4643 2806 4695 mandata
2829 4642 2942 4711 ejus
2967 4642 3206 4704 custodi;
3244 4643 3495 4711 quoniam

1917 4737 2085 4789 omnis
2121 4735 2274 4788 homo
2297 4750 2316 4788 :
2345 4735 2638 4789 universum
2668 4751 2793 4804 Opus
2836 4734 2974 4788 Deus
3009 4737 3230 4789 adducet
3262 4737 3314 4787 in
3342 4734 3498 4803 judio

1916 4825 2075 4892 ciunt,
2103 4827 2208 4880 sive
2239 4825 2450 4893 bonum,
2479 4828 2584 4880 sive
2612 4827 2809 4880 malum
2834 4827 2902 4880 sit
2929 4828 2995 4882 ’⁸.

2258 4958 2489 5030 Explicit
2531 4961 2781 5014 Doctrina
2810 4958 2868 5014 S.
2896 4959 3139 5014 Orsiesii.

304 5164 350 5193 ⁸⁸
394 5162 568 5240 Eccita:
591 5179 722 5240 ⁸ιιι,
760 5166 944 5240 l-7.__
985 5167 1032 5200 “
1068 5166 1223 5224 least.
1255 5187 1368 5235 nt,
1398 5173 1450 5239 5,
1486 5175 1537 5229 6.
1651 5177 1695 5208 "
1727 5175 1841 5228 Deo1

1931 5215 1944 5238 ,
1967 5174 2055 5230 39.
2204 5174 2250 5206 “
2291 5174 2457 5230 Exod.
2486 5190 2603 5240 xm,
2633 5174 2694 5240 2;
2740 5175 2871 5230 Luc.
2898 5188 2956 5236 ll.
2989 5174 3078 5228 25.
3190 5176 3232 5206 ⁸⁷
3274 5173 3400 5228 Luc.
3433 5191 3491 5238 tt,

421 5230 850 5315 .Ϊ⁸..¹.[¹⁰1Ξ;κνιν
872 5237 973 5315 ,βε
1003 5307 1063 5315 __
1094 5239 1139 5272 ω
1179 5241 1222 5295 Π
1253 5229 1405 5315 Tillio,
1434 5229 1492 5300 ἰιι
1516 5288 1531 5308 ,
1575 5247 1660 5300 15.
1737 5247 1782 5277 ⁸⁰
1813 5246 1841 5315 VI

1928 5229 1956 5298 ι’.
2011 5245 2179 5315 s,25.
2258 5245 2302 5278 δι
2343 5229 2478 5300 Gen.
2514 5229 2818 5310 “inin,
2846 5245 2905 5308 5,
2936 5229 3020 5300 ib.
3095 5245 3142 5277 "
3182 5245 3378 5315 Eplies.
3419 5229 3492 5309 tv;

231 5300 321 5353 is.
420 5301 635 5380 fugi.
670 5300 783 5380 so,
827 5307 1193 5380 frtrttess.
1245 5326 1296 5373 ν,
1351 5313 1437 5368 l9.
1521 5300 1605 5348 ’σε
1647 5317 1774 5370 ibid.
1799 5314 1841 5367 at

1994 5300 2218 5370 ’θῬδίιΙ.
2271 5331 2401 5379 xvtt,
2441 5316 2532 5370 26.
2642 5300 2900 5369 “'Prov:
2930 5331 3051 5380 rm,
3089 5315 3173 5368 l7.
3227 5300 3242 5315 ⁸
3277 5315 3323 5346 ⁵⁸
3362 5315 3492 5371 ch.

240 5373 514 5445 λλνεὶἳὸ)
559 5373 649 5429 2i.
744 5378 789 5410 δ’
824 5377 967 5432 Psal.
996 5396 1069 5445 tv,
1105 5379 1159 5434 5.

233 5453 310 5512 γι,
345 5440 450 5507 ης
490 5441 618 5498 Luc.
643 5461 727 5512 xu,
756 5448 808 5501 4.

236 5510 290 5582 1.
369 5511 415 5543 θ’
456 5512 648 5582 Ephes.
688 5510 738 5579 v,
766 5519 816 5572 ι.

234 5577 289 5635 7.
369 5582 415 5615 ⁷⁸
443 5583 460 5638 I
491 5577 647 5640 Joau.
683 5577 754 5654 tv,
780 5589 870 5643 21.

1271 5381 1316 5414 ⁸⁸
1354 5383 1546 5451 Ephes.
1591 5401 1662 5450 tv,
1694 5385 1782 5439 26.

917 5519 962 5550 ⁷ο
1005 5519 1189 5574 Matth.
1218 5537 1266 5586 v,
1299 5522 1387 5578 48.

967 5590 1012 5621 ⁷⁸
1051 5591 1067 5644 l
1102 5588 1255 5645 Joan.
1285 5609 1366 5660 Ill,
1402 5596 1587 5650 12-”.

1828 5739 1897 5752 -κ

1861 5385 1902 5418 ⁸⁸
1945 5383 2129 5439 Matth.
2174 5403 2324 5451 XVIII,
2356 5387 2415 5442 2|
2447 5400 2598 5456 seqq.

917 5448 962 5479 “
1001 5449 1208 5506 Coloss.
1236 5468 1314 5511 ιιι.
1353 5448 1435 5510 i3.
1514 5457 1558 5488 ⁶³
1603 5448 1742 5510 l’Sal.
1769 5470 1955 5519 cum,
1987 5456 2036 5508 i.

1465 5527 1506 5556 τ’
1553 5525 1679 5579 ch.
1709 5543 1780 5585 tu,
1819 5524 1908 5577 ii.

1667 5597 1710 5628 τ’
1749 5597 1868 5650 Atl.
1895 5611 1984 5656 XX,
2018 5596 2106 5650 59..

2674 5385 2718 5417 ⁶²
2758 5384 2944 5439 Matth.
2976 5401 3024 5448 v,
3054 5385 3138 5438 24.
3214 5385 3258 5417 ⁸³
3301 5384 3491 5442 Matth.

2115 5456 2159 5486 ⁶⁶
2201 5457 2357 5510 Num.
2390 5472 2487 5519 xtl,
2512 5455 2577 5512 3.7
2644 5457 2687 5488 ⁸⁷
2727 5456 2912 5510 Matth.
2939 5471 2990 5518 v,
3029 5457 3083 5509 4.
3159 5455 3203 5519 ⁸9
3242 5457 3400 5511 Prov.
3438 5470 3491 5519 κ,

1987 5499 2036 5554 ἦ
2073 5523 2109 5576 ΙΙ
2593 5526 2745 5581 Batti.
2783 5542 2900 5587 xm,
2936 5499 3019 5579 l6.
3095 5526 3140 5558 ⁷⁸
3171 5517 3186 5579 l
3227 5524 3383 5581 Joau.
3415 5499 3489 5590 tv:

2184 5599 2226 5627 ⁷⁸
2267 5598 2309 5650 ll
2346 5597 2481 5652 Tim.
2514 5614 2588 5662 tv,
2616 5599 2646 5652 6
2675 5599 2727 5652 8.
2803 5597 2848 5629 "
2888 5596 3062 5653 Eccle.
3095 5613 3192 5663 stt,
3228 5597 3314 5662 15,
3347 5595 3434 5653 14.
