  <div class='ocr_page' id='page_1' title='image "/cluster/home/n/w/nwhite01/storage/ocr_20150623/40/hvd.32044073501843/455.png"; bbox 0 0 4012 6182; ppageno 0'>
   <div class='ocr_carea' id='block_1_1' title="bbox 565 251 2149 324">
    <p class='ocr_par' dir='ltr' id='par_1_1' title="bbox 565 255 2149 324">
     <span class='ocr_line' id='line_1_1' title="bbox 565 255 2149 324; baseline -0.009 -1"><span class='ocrx_word' id='word_1_1' title='bbox 565 268 670 324; x_wconf 73' lang='lat'><strong>835</strong></span> <span class='ocrx_word' id='word_1_2' title='bbox 1689 260 1770 312; x_wconf 74' lang='grc' dir='ltr'><strong>ΡΑ</strong></span> <span class='ocrx_word' id='word_1_3' title='bbox 1782 259 1869 313; x_wconf 76' lang='lat' dir='ltr'><strong>TR</strong></span> <span class='ocrx_word' id='word_1_4' title='bbox 1881 257 1961 312; x_wconf 78' lang='lat' dir='ltr'><strong>ES</strong></span> <span class='ocrx_word' id='word_1_5' title='bbox 2001 257 2108 312; x_wconf 58' lang='lat' dir='ltr'><strong>(EG</strong></span> <span class='ocrx_word' id='word_1_6' title='bbox 2122 255 2149 309; x_wconf 63' lang='grc' dir='ltr'><strong><em>Ἴ</em></strong></span> 
     </span>
    </p>
   </div>
   <div class='ocr_carea' id='block_1_2' title="bbox 2147 251 3731 324">
    <p class='ocr_par' dir='ltr' id='par_1_2' title="bbox 2147 251 3731 313">
     <span class='ocr_line' id='line_1_2' title="bbox 2147 251 3731 313; baseline -0.006 -4"><span class='ocrx_word' id='word_1_7' title='bbox 2147 255 2297 309; x_wconf 72' lang='lat' dir='ltr'><strong>mn</strong></span> <span class='ocrx_word' id='word_1_8' title='bbox 2340 251 2606 309; x_wconf 64' lang='lat' dir='ltr'><strong>suum</strong></span> <span class='ocrx_word' id='word_1_9' title='bbox 2650 252 2738 306; x_wconf 84' lang='lat' dir='ltr'><strong>tv.</strong></span> <span class='ocrx_word' id='word_1_10' title='bbox 3654 259 3731 313; x_wconf 65' lang='grc' dir='ltr'><strong>ωε</strong></span> 
     </span>
    </p>
   </div>
   <div class='ocr_carea' id='block_1_3' title="bbox 581 403 3706 437">
    <p class='ocr_par' dir='ltr' id='par_1_3' title="bbox 581 403 3706 437">
     <span class='ocr_line' id='line_1_3' title="bbox 581 403 3706 437; baseline -0.004 0"><span class='ocrx_word' id='word_1_11' title='bbox 581 403 3706 437; x_wconf 46' lang='lat' dir='ltr'>MM</span> 
     </span>
    </p>
   </div>
   <div class='ocr_carea' id='block_1_4' title="bbox 909 504 3478 579">
    <p class='ocr_par' dir='ltr' id='par_1_4' title="bbox 909 504 3478 579">
     <span class='ocr_line' id='line_1_4' title="bbox 909 504 3478 579; baseline -0.004 -1"><span class='ocrx_word' id='word_1_12' title='bbox 909 521 970 579; x_wconf 85' lang='lat' dir='ltr'><strong>S.</strong></span> <span class='ocrx_word' id='word_1_13' title='bbox 1025 516 1364 577; x_wconf 80' lang='lat' dir='ltr'><strong>ORSIESII</strong></span> <span class='ocrx_word' id='word_1_14' title='bbox 1414 509 1520 575; x_wconf 86' lang='lat' dir='ltr'><strong>DE</strong></span> <span class='ocrx_word' id='word_1_15' title='bbox 1591 516 1745 575; x_wconf 82' lang='lat' dir='ltr'><strong>SEX</strong></span> <span class='ocrx_word' id='word_1_16' title='bbox 1800 510 2484 576; x_wconf 79' lang='lat' dir='ltr'><strong>COGITATIONIBUS</strong></span> <span class='ocrx_word' id='word_1_17' title='bbox 2541 504 3026 572; x_wconf 74' lang='lat' dir='ltr'><strong>SANCTORUM</strong></span> <span class='ocrx_word' id='word_1_18' title='bbox 3095 507 3478 568; x_wconf 78' lang='lat' dir='ltr'><strong>LIBELLUS.</strong></span> 
     </span>
    </p>
   </div>
   <div class='ocr_carea' id='block_1_5' title="bbox 1331 721 3733 792">
    <p class='ocr_par' dir='ltr' id='par_1_5' title="bbox 1331 721 3733 792">
     <span class='ocr_line' id='line_1_5' title="bbox 1331 721 3733 792; baseline -0.01 4"><span class='ocrx_word' id='word_1_19' title='bbox 1331 730 1368 786; x_wconf 77' lang='grc' dir='ltr'><strong>Ι·</strong></span> <span class='ocrx_word' id='word_1_20' title='bbox 2165 736 2208 792; x_wconf 79' lang='grc' dir='ltr'><strong>Α</strong></span> <span class='ocrx_word' id='word_1_21' title='bbox 2241 731 2463 786; x_wconf 99' lang='lat' dir='ltr'><strong>nudabit</strong></span> <span class='ocrx_word' id='word_1_22' title='bbox 2492 747 2631 785; x_wconf 87' lang='lat' dir='ltr'><strong>eam.</strong></span> <span class='ocrx_word' id='word_1_23' title='bbox 2669 728 2874 786; x_wconf 78' lang='lat' dir='ltr'><strong>Ctelum</strong></span> <span class='ocrx_word' id='word_1_24' title='bbox 2905 735 2956 780; x_wconf 89' lang='lat' dir='ltr'><strong>et</strong></span> <span class='ocrx_word' id='word_1_25' title='bbox 2991 735 3132 782; x_wconf 81' lang='lat' dir='ltr'><strong>terra</strong></span> <span class='ocrx_word' id='word_1_26' title='bbox 3177 725 3513 790; x_wconf 80' lang='lat' dir='ltr'><strong>transibunt;</strong></span> <span class='ocrx_word' id='word_1_27' title='bbox 3554 721 3597 781; x_wconf 82' lang='lat' dir='ltr'><strong>ét</strong></span> <span class='ocrx_word' id='word_1_28' title='bbox 3625 745 3733 784; x_wconf 79' lang='lat' dir='ltr'><strong>rere.</strong></span> 
     </span>
    </p>
   </div>
   <div class='ocr_carea' id='block_1_6' title="bbox 639 816 3734 892">
    <p class='ocr_par' dir='ltr' id='par_1_6' title="bbox 639 816 3734 892">
     <span class='ocr_line' id='line_1_6' title="bbox 639 816 3734 892; baseline -0.001 -14"><span class='ocrx_word' id='word_1_29' title='bbox 639 821 712 878; x_wconf 91' lang='lat' dir='ltr'><strong>De</strong></span> <span class='ocrx_word' id='word_1_30' title='bbox 742 816 968 878; x_wconf 79' lang='lat' dir='ltr'><strong>Domino</strong></span> <span class='ocrx_word' id='word_1_31' title='bbox 1012 816 1252 892; x_wconf 89' lang='lat' dir='ltr'><strong>cogitare</strong></span> <span class='ocrx_word' id='word_1_32' title='bbox 1293 824 1548 876; x_wconf 82' lang='lat' dir='ltr'><strong>debemus</strong></span> <span class='ocrx_word' id='word_1_33' title='bbox 1573 861 1586 885; x_wconf 90' lang='lat'><strong>,</strong></span> <span class='ocrx_word' id='word_1_34' title='bbox 1634 830 1691 874; x_wconf 90' lang='lat' dir='ltr'><strong>ut</strong></span> <span class='ocrx_word' id='word_1_35' title='bbox 1729 816 2057 878; x_wconf 77' lang='lat' dir='ltr'><strong>delectemur</strong></span> <span class='ocrx_word' id='word_1_36' title='bbox 2085 825 2137 878; x_wconf 88' lang='lat' dir='ltr'><strong>in</strong></span> <span class='ocrx_word' id='word_1_37' title='bbox 2242 823 2372 878; x_wconf 81' lang='lat' dir='ltr'><strong>labit</strong></span> <span class='ocrx_word' id='word_1_38' title='bbox 2407 823 2670 876; x_wconf 84' lang='lat' dir='ltr'><strong>Dominus</strong></span> <span class='ocrx_word' id='word_1_39' title='bbox 2710 821 2903 875; x_wconf 89' lang='lat' dir='ltr'><strong>faciem</strong></span> <span class='ocrx_word' id='word_1_40' title='bbox 2932 821 3081 889; x_wconf 72' lang='lat' dir='ltr'><strong>rjns,</strong></span> <span class='ocrx_word' id='word_1_41' title='bbox 3128 819 3177 872; x_wconf 86' lang='lat' dir='ltr'><strong>td</strong></span> <span class='ocrx_word' id='word_1_42' title='bbox 3215 827 3300 872; x_wconf 88' lang='lat' dir='ltr'><strong>est</strong></span> <span class='ocrx_word' id='word_1_43' title='bbox 3326 857 3340 880; x_wconf 94' lang='lat'><strong>,</strong></span> <span class='ocrx_word' id='word_1_44' title='bbox 3368 821 3559 886; x_wconf 89' lang='lat' dir='ltr'><strong>aperiet</strong></span> <span class='ocrx_word' id='word_1_45' title='bbox 3590 831 3734 876; x_wconf 78' lang='lat' dir='ltr'><strong>terram</strong></span> 
     </span>
    </p>
   </div>
   <div class='ocr_carea' id='block_1_7' title="bbox 571 905 3734 984">
    <p class='ocr_par' dir='ltr' id='par_1_7' title="bbox 571 905 3734 984">
     <span class='ocr_line' id='line_1_7' title="bbox 571 905 3734 984; baseline -0.001 -17"><span class='ocrx_word' id='word_1_46' title='bbox 571 905 660 967; x_wconf 91' lang='lat' dir='ltr'><strong>illo</strong></span> <span class='ocrx_word' id='word_1_47' title='bbox 689 930 940 984; x_wconf 88' lang='lat' dir='ltr'><strong>sperare,</strong></span> <span class='ocrx_word' id='word_1_48' title='bbox 979 915 1043 968; x_wconf 89' lang='lat' dir='ltr'><strong>ad</strong></span> <span class='ocrx_word' id='word_1_49' title='bbox 1075 931 1198 968; x_wconf 88' lang='lat' dir='ltr'><strong>eum</strong></span> <span class='ocrx_word' id='word_1_50' title='bbox 1239 917 1554 977; x_wconf 85' lang='lat' dir='ltr'><strong>recordare,</strong></span> <span class='ocrx_word' id='word_1_51' title='bbox 1596 923 1653 968; x_wconf 92' lang='lat' dir='ltr'><strong>ut</strong></span> <span class='ocrx_word' id='word_1_52' title='bbox 1699 915 1887 970; x_wconf 87' lang='lat' dir='ltr'><strong>beatus</strong></span> <span class='ocrx_word' id='word_1_53' title='bbox 1929 916 2090 970; x_wconf 81' lang='lat' dir='ltr'><strong>David</strong></span> <span class='ocrx_word' id='word_1_54' title='bbox 2123 936 2132 968; x_wconf 95' lang='lat'>:</span> <span class='ocrx_word' id='word_1_55' title='bbox 2241 924 2295 968; x_wconf 87' lang='lat' dir='ltr'><strong>et</strong></span> <span class='ocrx_word' id='word_1_56' title='bbox 2358 915 2650 983; x_wconf 83' lang='lat' dir='ltr'><strong>precedent</strong></span> <span class='ocrx_word' id='word_1_57' title='bbox 2707 913 2901 966; x_wconf 84' lang='lat' dir='ltr'><strong>mortui</strong></span> <span class='ocrx_word' id='word_1_58' title='bbox 2949 912 3015 964; x_wconf 89' lang='lat' dir='ltr'><strong>de</strong></span> <span class='ocrx_word' id='word_1_59' title='bbox 3051 910 3318 978; x_wconf 84' lang='lat' dir='ltr'><strong>sepulcris</strong></span> <span class='ocrx_word' id='word_1_60' title='bbox 3355 911 3492 974; x_wconf 85' lang='lat' dir='ltr'><strong>suis,</strong></span> <span class='ocrx_word' id='word_1_61' title='bbox 3525 920 3574 963; x_wconf 93' lang='lat' dir='ltr'><strong>et</strong></span> <span class='ocrx_word' id='word_1_62' title='bbox 3606 915 3734 968; x_wconf 80' lang='lat' dir='ltr'><strong>omnia</strong></span> 
     </span>
    </p>
   </div>
   <div class='ocr_carea' id='block_1_8' title="bbox 571 997 3738 1071">
    <p class='ocr_par' dir='ltr' id='par_1_8' title="bbox 571 997 3738 1071">
     <span class='ocr_line' id='line_1_8' title="bbox 571 997 3738 1071; baseline 0 -16"><span class='ocrx_word' id='word_1_63' title='bbox 571 1002 762 1056; x_wconf 69' lang='lat' dir='ltr'><strong>Szecnli</strong></span> <span class='ocrx_word' id='word_1_64' title='bbox 791 1003 1039 1057; x_wconf 84' lang='lat' dir='ltr'><strong>homines</strong></span> <span class='ocrx_word' id='word_1_65' title='bbox 1073 1002 1422 1056; x_wconf 83' lang='lat' dir='ltr'><strong>consolantur</strong></span> <span class='ocrx_word' id='word_1_66' title='bbox 1458 1015 1516 1055; x_wconf 87' lang='lat' dir='ltr'><strong>se</strong></span> <span class='ocrx_word' id='word_1_67' title='bbox 1572 1002 1809 1055; x_wconf 89' lang='lat' dir='ltr'><strong>omnium</strong></span> <span class='ocrx_word' id='word_1_68' title='bbox 1855 1002 2098 1057; x_wconf 88' lang='lat' dir='ltr'><strong>dolormn</strong></span> <span class='ocrx_word' id='word_1_69' title='bbox 2123 1045 2140 1070; x_wconf 90' lang='lat'><strong>,</strong></span> <span class='ocrx_word' id='word_1_70' title='bbox 2241 1018 2403 1071; x_wconf 84' lang='lat' dir='ltr'><strong>opera</strong></span> <span class='ocrx_word' id='word_1_71' title='bbox 2459 1004 2731 1056; x_wconf 85' lang='lat' dir='ltr'><strong>hominum</strong></span> <span class='ocrx_word' id='word_1_72' title='bbox 2789 1001 3138 1070; x_wconf 79' lang='lat' dir='ltr'><strong>proferentur</strong></span> <span class='ocrx_word' id='word_1_73' title='bbox 3176 999 3232 1051; x_wconf 90' lang='lat' dir='ltr'><strong>in</strong></span> <span class='ocrx_word' id='word_1_74' title='bbox 3272 997 3554 1066; x_wconf 86' lang='lat' dir='ltr'><strong>publicum.</strong></span> <span class='ocrx_word' id='word_1_75' title='bbox 3591 998 3738 1054; x_wconf 82' lang='lat' dir='ltr'><strong>Omnes</strong></span> 
     </span>
    </p>
   </div>
   <div class='ocr_carea' id='block_1_9' title="bbox 572 1088 3739 1161">
    <p class='ocr_par' dir='ltr' id='par_1_9' title="bbox 572 1088 3739 1161">
     <span class='ocr_line' id='line_1_9' title="bbox 572 1088 3739 1161; baseline -0.001 -18"><span class='ocrx_word' id='word_1_76' title='bbox 572 1099 798 1160; x_wconf 82' lang='lat' dir='ltr'><strong>pergunt</strong></span> <span class='ocrx_word' id='word_1_77' title='bbox 845 1099 900 1142; x_wconf 86' lang='lat' dir='ltr'><strong>et</strong></span> <span class='ocrx_word' id='word_1_78' title='bbox 941 1090 1287 1144; x_wconf 83' lang='lat' dir='ltr'><strong>considerant</strong></span> <span class='ocrx_word' id='word_1_79' title='bbox 1336 1101 1536 1157; x_wconf 81' lang='lat' dir='ltr'><strong>agnos,</strong></span> <span class='ocrx_word' id='word_1_80' title='bbox 1582 1097 1635 1141; x_wconf 91' lang='lat' dir='ltr'><strong>et</strong></span> <span class='ocrx_word' id='word_1_81' title='bbox 1660 1090 1813 1158; x_wconf 87' lang='lat' dir='ltr'><strong>equis</strong></span> <span class='ocrx_word' id='word_1_82' title='bbox 1860 1093 2139 1160; x_wconf 83' lang='lat' dir='ltr'><strong>equitant,</strong></span> <span class='ocrx_word' id='word_1_83' title='bbox 2242 1109 2308 1147; x_wconf 83' lang='lat' dir='ltr'><strong>ex</strong></span> <span class='ocrx_word' id='word_1_84' title='bbox 2348 1109 2502 1161; x_wconf 56' lang='lat' dir='ltr'><strong>aequo</strong></span> <span class='ocrx_word' id='word_1_85' title='bbox 2547 1094 2770 1148; x_wconf 91' lang='lat' dir='ltr'><strong>stabunt</strong></span> <span class='ocrx_word' id='word_1_86' title='bbox 2800 1105 2926 1146; x_wconf 84' lang='lat' dir='ltr'><strong>ante</strong></span> <span class='ocrx_word' id='word_1_87' title='bbox 2962 1089 3196 1145; x_wconf 84' lang='lat' dir='ltr'><strong>tribunal</strong></span> <span class='ocrx_word' id='word_1_88' title='bbox 3229 1088 3446 1143; x_wconf 81' lang='lat' dir='ltr'><strong>Christi.</strong></span> <span class='ocrx_word' id='word_1_89' title='bbox 3475 1088 3607 1141; x_wconf 77' lang='lat' dir='ltr'><strong>Nihil</strong></span> <span class='ocrx_word' id='word_1_90' title='bbox 3629 1106 3739 1156; x_wconf 79' lang='lat' dir='ltr'><strong>oper-</strong></span> 
     </span>
    </p>
   </div>
   <div class='ocr_carea' id='block_1_10' title="bbox 571 1173 3735 1252">
    <p class='ocr_par' dir='ltr' id='par_1_10' title="bbox 571 1173 3735 1252">
     <span class='ocr_line' id='line_1_10' title="bbox 571 1173 3735 1252; baseline 0 -18"><span class='ocrx_word' id='word_1_91' title='bbox 571 1191 761 1234; x_wconf 79' lang='lat' dir='ltr'><strong>aurum</strong></span> <span class='ocrx_word' id='word_1_92' title='bbox 810 1189 862 1234; x_wconf 90' lang='lat' dir='ltr'><strong>et</strong></span> <span class='ocrx_word' id='word_1_93' title='bbox 895 1190 1180 1251; x_wconf 80' lang='lat' dir='ltr'><strong>argentum</strong></span> <span class='ocrx_word' id='word_1_94' title='bbox 1217 1181 1478 1248; x_wconf 84' lang='lat' dir='ltr'><strong>pensant,</strong></span> <span class='ocrx_word' id='word_1_95' title='bbox 1516 1173 1826 1234; x_wconf 87' lang='lat' dir='ltr'><strong>hominibus</strong></span> <span class='ocrx_word' id='word_1_96' title='bbox 1871 1183 2133 1239; x_wconf 87' lang='lat' dir='ltr'><strong>tradunt:</strong></span> <span class='ocrx_word' id='word_1_97' title='bbox 2242 1197 2388 1248; x_wconf 85' lang='lat' dir='ltr'><strong>tum,</strong></span> <span class='ocrx_word' id='word_1_98' title='bbox 2422 1185 2563 1252; x_wconf 86' lang='lat' dir='ltr'><strong>quod</strong></span> <span class='ocrx_word' id='word_1_99' title='bbox 2593 1201 2695 1236; x_wconf 82' lang='lat' dir='ltr'><strong>non</strong></span> <span class='ocrx_word' id='word_1_100' title='bbox 2736 1183 3048 1238; x_wconf 78' lang='lat' dir='ltr'><strong>revelabitur</strong></span> <span class='ocrx_word' id='word_1_101' title='bbox 3081 1199 3101 1245; x_wconf 85' lang='lat'><strong>-;</strong></span> <span class='ocrx_word' id='word_1_102' title='bbox 3167 1197 3261 1234; x_wconf 85' lang='lat' dir='ltr'><strong>nec</strong></span> <span class='ocrx_word' id='word_1_103' title='bbox 3317 1180 3590 1242; x_wconf 86' lang='lat' dir='ltr'><strong>occultum,</strong></span> <span class='ocrx_word' id='word_1_104' title='bbox 3635 1185 3735 1248; x_wconf 76' lang='lat' dir='ltr'><strong>quod</strong></span> 
     </span>
    </p>
   </div>
   <div class='ocr_carea' id='block_1_11' title="bbox 571 1270 3737 1341">
    <p class='ocr_par' dir='ltr' id='par_1_11' title="bbox 571 1270 3737 1341">
     <span class='ocr_line' id='line_1_11' title="bbox 571 1270 3737 1341; baseline -0.001 -17"><span class='ocrx_word' id='word_1_105' title='bbox 571 1270 686 1339; x_wconf 78' lang='lat' dir='ltr'><strong>Ego</strong></span> <span class='ocrx_word' id='word_1_106' title='bbox 715 1280 888 1324; x_wconf 86' lang='lat' dir='ltr'><strong>autem</strong></span> <span class='ocrx_word' id='word_1_107' title='bbox 919 1283 1116 1324; x_wconf 86' lang='lat' dir='ltr'><strong>memor</strong></span> <span class='ocrx_word' id='word_1_108' title='bbox 1147 1272 1224 1338; x_wconf 77' lang='lat' dir='ltr'><strong>fui</strong></span> <span class='ocrx_word' id='word_1_109' title='bbox 1256 1271 1382 1335; x_wconf 88' lang='lat' dir='ltr'><strong>Dei,</strong></span> <span class='ocrx_word' id='word_1_110' title='bbox 1409 1281 1456 1324; x_wconf 85' lang='lat' dir='ltr'><strong>et</strong></span> <span class='ocrx_word' id='word_1_111' title='bbox 1491 1271 1773 1326; x_wconf 75' lang='lat' dir='ltr'><strong>delectatus</strong></span> <span class='ocrx_word' id='word_1_112' title='bbox 1803 1288 1918 1326; x_wconf 86' lang='lat' dir='ltr'><strong>sum</strong></span> <span class='ocrx_word' id='word_1_113' title='bbox 1940 1315 1956 1341; x_wconf 97' lang='lat'><strong>,</strong></span> <span class='ocrx_word' id='word_1_114' title='bbox 1986 1285 2032 1329; x_wconf 87' lang='lat' dir='ltr'><strong>et</strong></span> <span class='ocrx_word' id='word_1_115' title='bbox 2063 1293 2143 1331; x_wconf 84' lang='lat' dir='ltr'><strong>me</strong></span> <span class='ocrx_word' id='word_1_116' title='bbox 2243 1291 2348 1328; x_wconf 87' lang='lat' dir='ltr'><strong>non</strong></span> <span class='ocrx_word' id='word_1_117' title='bbox 2390 1275 2583 1328; x_wconf 89' lang='lat' dir='ltr'><strong>scietur</strong></span> <span class='ocrx_word' id='word_1_118' title='bbox 2622 1272 2688 1326; x_wconf 81' lang='grc'><strong>⁸¹.</strong></span> <span class='ocrx_word' id='word_1_119' title='bbox 2720 1273 2923 1328; x_wconf 85' lang='lat' dir='ltr'><strong>Tamen</strong></span> <span class='ocrx_word' id='word_1_120' title='bbox 2967 1282 3186 1341; x_wconf 87' lang='lat' dir='ltr'><strong>peccata</strong></span> <span class='ocrx_word' id='word_1_121' title='bbox 3219 1285 3339 1338; x_wconf 75' lang='lat' dir='ltr'><strong>qua:</strong></span> <span class='ocrx_word' id='word_1_122' title='bbox 3366 1279 3485 1322; x_wconf 79' lang='lat' dir='ltr'><strong>ante</strong></span> <span class='ocrx_word' id='word_1_123' title='bbox 3508 1272 3737 1322; x_wconf 80' lang='lat' dir='ltr'><strong>emendau-</strong></span> 
     </span>
    </p>
   </div>
   <div class='ocr_carea' id='block_1_12' title="bbox 573 1359 3737 1432">
    <p class='ocr_par' dir='ltr' id='par_1_12' title="bbox 573 1359 3737 1432">
     <span class='ocr_line' id='line_1_12' title="bbox 573 1359 3737 1432; baseline -0.001 -14"><span class='ocrx_word' id='word_1_124' title='bbox 573 1363 802 1415; x_wconf 81' lang='lat' dir='ltr'><strong>unmium</strong></span> <span class='ocrx_word' id='word_1_125' title='bbox 827 1362 1196 1416; x_wconf 78' lang='lat' dir='ltr'><strong>adversitatum</strong></span> <span class='ocrx_word' id='word_1_126' title='bbox 1231 1361 1541 1414; x_wconf 79' lang='lat' dir='ltr'><strong>consolabor</strong></span> <span class='ocrx_word' id='word_1_127' title='bbox 1566 1359 1630 1415; x_wconf 74' lang='grc'><strong>³⁸.</strong></span> <span class='ocrx_word' id='word_1_128' title='bbox 2248 1374 2352 1428; x_wconf 89' lang='lat' dir='ltr'><strong>tur,</strong></span> <span class='ocrx_word' id='word_1_129' title='bbox 2386 1366 2607 1420; x_wconf 87' lang='lat' dir='ltr'><strong>sciendo</strong></span> <span class='ocrx_word' id='word_1_130' title='bbox 2654 1367 2704 1418; x_wconf 91' lang='lat' dir='ltr'><strong>in</strong></span> <span class='ocrx_word' id='word_1_131' title='bbox 2731 1364 2933 1432; x_wconf 81' lang='lat' dir='ltr'><strong>judicio</strong></span> <span class='ocrx_word' id='word_1_132' title='bbox 2963 1363 3277 1417; x_wconf 84' lang='lat' dir='ltr'><strong>abscondet.</strong></span> <span class='ocrx_word' id='word_1_133' title='bbox 3326 1359 3379 1414; x_wconf 91' lang='lat' dir='ltr'><strong>In</strong></span> <span class='ocrx_word' id='word_1_134' title='bbox 3430 1361 3514 1414; x_wconf 81' lang='lat' dir='ltr'><strong>illa</strong></span> <span class='ocrx_word' id='word_1_135' title='bbox 3546 1361 3622 1415; x_wconf 82' lang='lat' dir='ltr'><strong>die</strong></span> <span class='ocrx_word' id='word_1_136' title='bbox 3657 1378 3737 1414; x_wconf 79' lang='lat' dir='ltr'><strong>ma-</strong></span> 
     </span>
    </p>
   </div>
   <div class='ocr_carea' id='block_1_13' title="bbox 1086 1444 3740 1530">
    <p class='ocr_par' dir='ltr' id='par_1_13' title="bbox 1086 1444 3740 1530">
     <span class='ocr_line' id='line_1_13' title="bbox 1086 1444 3740 1530; baseline 0 -26"><span class='ocrx_word' id='word_1_137' title='bbox 1086 1444 1092 1449; x_wconf 75' lang='grc'><strong>’</strong></span> <span class='ocrx_word' id='word_1_138' title='bbox 1327 1450 1392 1506; x_wconf 93' lang='grc' dir='ltr'><strong>ΙΙ.</strong></span> <span class='ocrx_word' id='word_1_139' title='bbox 2245 1470 2404 1530; x_wconf 69' lang='lat' dir='ltr'><strong>gnam</strong></span> <span class='ocrx_word' id='word_1_140' title='bbox 2436 1456 2571 1508; x_wconf 90' lang='lat' dir='ltr'><strong>iram</strong></span> <span class='ocrx_word' id='word_1_141' title='bbox 2607 1454 2699 1510; x_wconf 90' lang='lat' dir='ltr'><strong>Dei</strong></span> <span class='ocrx_word' id='word_1_142' title='bbox 2734 1455 2916 1508; x_wconf 88' lang='lat' dir='ltr'><strong>nullus</strong></span> <span class='ocrx_word' id='word_1_143' title='bbox 2959 1454 3244 1522; x_wconf 90' lang='lat' dir='ltr'><strong>impiorum</strong></span> <span class='ocrx_word' id='word_1_144' title='bbox 3286 1453 3506 1515; x_wconf 90' lang='lat' dir='ltr'><strong>evadet;</strong></span> <span class='ocrx_word' id='word_1_145' title='bbox 3550 1452 3647 1504; x_wconf 90' lang='lat' dir='ltr'><strong>ideo</strong></span> <span class='ocrx_word' id='word_1_146' title='bbox 3679 1467 3740 1504; x_wconf 82' lang='lat' dir='ltr'><strong>re-</strong></span> 
     </span>
    </p>
   </div>
   <div class='ocr_carea' id='block_1_14' title="bbox 646 1542 3737 1618">
    <p class='ocr_par' dir='ltr' id='par_1_14' title="bbox 646 1542 3737 1618">
     <span class='ocr_line' id='line_1_14' title="bbox 646 1542 3737 1618; baseline 0 -21"><span class='ocrx_word' id='word_1_147' title='bbox 646 1543 721 1597; x_wconf 85' lang='lat' dir='ltr'><strong>De</strong></span> <span class='ocrx_word' id='word_1_148' title='bbox 751 1542 999 1611; x_wconf 85' lang='lat' dir='ltr'><strong>passione</strong></span> <span class='ocrx_word' id='word_1_149' title='bbox 1024 1542 1257 1610; x_wconf 77' lang='lat' dir='ltr'><strong>Christi,</strong></span> <span class='ocrx_word' id='word_1_150' title='bbox 1292 1555 1349 1595; x_wconf 92' lang='lat' dir='ltr'><strong>ut</strong></span> <span class='ocrx_word' id='word_1_151' title='bbox 1379 1543 1740 1598; x_wconf 85' lang='lat' dir='ltr'><strong>sustineamus</strong></span> <span class='ocrx_word' id='word_1_152' title='bbox 1775 1552 1873 1618; x_wconf 78' lang='lat' dir='ltr'><strong>pro</strong></span> <span class='ocrx_word' id='word_1_153' title='bbox 1901 1544 2028 1612; x_wconf 92' lang='lat' dir='ltr'><strong>illo,</strong></span> <span class='ocrx_word' id='word_1_154' title='bbox 2061 1563 2149 1604; x_wconf 86' lang='lat' dir='ltr'><strong>as-</strong></span> <span class='ocrx_word' id='word_1_155' title='bbox 2247 1549 2464 1600; x_wconf 87' lang='lat' dir='ltr'><strong>cordari</strong></span> <span class='ocrx_word' id='word_1_156' title='bbox 2518 1556 2647 1602; x_wconf 83' lang='lat' dir='ltr'><strong>ante</strong></span> <span class='ocrx_word' id='word_1_157' title='bbox 2700 1547 2985 1611; x_wconf 90' lang='lat' dir='ltr'><strong>debemus,</strong></span> <span class='ocrx_word' id='word_1_158' title='bbox 3031 1544 3177 1613; x_wconf 88' lang='lat' dir='ltr'><strong>quod</strong></span> <span class='ocrx_word' id='word_1_159' title='bbox 3220 1543 3404 1598; x_wconf 85' lang='lat' dir='ltr'><strong>beatus</strong></span> <span class='ocrx_word' id='word_1_160' title='bbox 3453 1545 3596 1598; x_wconf 83' lang='lat' dir='ltr'><strong>David</strong></span> <span class='ocrx_word' id='word_1_161' title='bbox 3618 1545 3737 1598; x_wconf 88' lang='lat' dir='ltr'><strong>dicit:</strong></span> 
     </span>
    </p>
   </div>
   <div class='ocr_carea' id='block_1_15' title="bbox 576 1629 3734 1708">
    <p class='ocr_par' dir='ltr' id='par_1_15' title="bbox 576 1629 3734 1708">
     <span class='ocr_line' id='line_1_15' title="bbox 576 1629 3734 1708; baseline -0.001 -20"><span class='ocrx_word' id='word_1_162' title='bbox 576 1635 727 1688; x_wconf 87' lang='lat' dir='ltr'><strong>shlue</strong></span> <span class='ocrx_word' id='word_1_163' title='bbox 759 1633 1045 1704; x_wconf 79' lang='lat' dir='ltr'><strong>cogitando</strong></span> <span class='ocrx_word' id='word_1_164' title='bbox 1075 1641 1237 1704; x_wconf 85' lang='lat' dir='ltr'><strong>atque</strong></span> <span class='ocrx_word' id='word_1_165' title='bbox 1279 1635 1560 1690; x_wconf 89' lang='lat' dir='ltr'><strong>recolendo</strong></span> <span class='ocrx_word' id='word_1_166' title='bbox 1600 1629 1675 1708; x_wconf 72' lang='grc'><strong>(2)</strong></span> <span class='ocrx_word' id='word_1_167' title='bbox 1719 1639 1858 1708; x_wconf 79' lang='lat' dir='ltr'><strong>quod</strong></span> <span class='ocrx_word' id='word_1_168' title='bbox 1901 1639 2147 1707; x_wconf 90' lang='lat' dir='ltr'><strong>omnipo-</strong></span> <span class='ocrx_word' id='word_1_169' title='bbox 2244 1634 2524 1692; x_wconf 73' lang='lat' dir='ltr'><strong>Iucundus</strong></span> <span class='ocrx_word' id='word_1_170' title='bbox 2548 1639 2702 1691; x_wconf 82' lang='lat' dir='ltr'><strong>homo</strong></span> <span class='ocrx_word' id='word_1_171' title='bbox 2734 1639 2788 1690; x_wconf 86' lang='lat' dir='ltr'><strong>in</strong></span> <span class='ocrx_word' id='word_1_172' title='bbox 2815 1638 2897 1690; x_wconf 88' lang='lat' dir='ltr'><strong>die</strong></span> <span class='ocrx_word' id='word_1_173' title='bbox 2930 1635 3122 1705; x_wconf 83' lang='lat' dir='ltr'><strong>judicii</strong></span> <span class='ocrx_word' id='word_1_174' title='bbox 3141 1673 3159 1700; x_wconf 92' lang='lat'><strong>,</strong></span> <span class='ocrx_word' id='word_1_175' title='bbox 3189 1635 3282 1703; x_wconf 86' lang='lat' dir='ltr'><strong>qui</strong></span> <span class='ocrx_word' id='word_1_176' title='bbox 3309 1636 3563 1688; x_wconf 81' lang='lat' dir='ltr'><strong>miseretur</strong></span> <span class='ocrx_word' id='word_1_177' title='bbox 3582 1643 3621 1688; x_wconf 82' lang='lat' dir='ltr'><strong>et</strong></span> <span class='ocrx_word' id='word_1_178' title='bbox 3641 1651 3734 1686; x_wconf 81' lang='lat' dir='ltr'><strong>com-</strong></span> 
     </span>
    </p>
   </div>
   <div class='ocr_carea' id='block_1_16' title="bbox 581 1725 3739 1799">
    <p class='ocr_par' dir='ltr' id='par_1_16' title="bbox 581 1725 3739 1799">
     <span class='ocr_line' id='line_1_16' title="bbox 581 1725 3739 1799; baseline -0.002 -12"><span class='ocrx_word' id='word_1_179' title='bbox 581 1735 698 1780; x_wconf 73' lang='lat' dir='ltr'><strong>lenS</strong></span> <span class='ocrx_word' id='word_1_180' title='bbox 745 1727 1000 1780; x_wconf 72' lang='lat' dir='ltr'><strong>Dominus</strong></span> <span class='ocrx_word' id='word_1_181' title='bbox 1045 1739 1109 1779; x_wconf 74' lang='lat' dir='ltr'><strong>ac</strong></span> <span class='ocrx_word' id='word_1_182' title='bbox 1152 1735 1384 1779; x_wconf 62' lang='lat' dir='ltr'><strong>aeternus</strong></span> <span class='ocrx_word' id='word_1_183' title='bbox 1429 1725 1519 1779; x_wconf 78' lang='lat' dir='ltr'><strong>Dei</strong></span> <span class='ocrx_word' id='word_1_184' title='bbox 1575 1725 1738 1784; x_wconf 79' lang='lat' dir='ltr'><strong>Filius</strong></span> <span class='ocrx_word' id='word_1_185' title='bbox 1782 1730 2057 1785; x_wconf 87' lang='lat' dir='ltr'><strong>descendit</strong></span> <span class='ocrx_word' id='word_1_186' title='bbox 2083 1732 2148 1784; x_wconf 88' lang='lat' dir='ltr'><strong>de</strong></span> <span class='ocrx_word' id='word_1_187' title='bbox 2247 1733 2472 1794; x_wconf 79' lang='lat' dir='ltr'><strong>modat;</strong></span> <span class='ocrx_word' id='word_1_188' title='bbox 2517 1733 2732 1799; x_wconf 76' lang='lat' dir='ltr'><strong>insuper</strong></span> <span class='ocrx_word' id='word_1_189' title='bbox 2770 1728 2996 1796; x_wconf 75' lang='lat' dir='ltr'><strong>disponit</strong></span> <span class='ocrx_word' id='word_1_190' title='bbox 3035 1727 3272 1797; x_wconf 85' lang='lat' dir='ltr'><strong>quatidie</strong></span> <span class='ocrx_word' id='word_1_191' title='bbox 3313 1742 3556 1780; x_wconf 81' lang='lat' dir='ltr'><strong>sermones</strong></span> <span class='ocrx_word' id='word_1_192' title='bbox 3579 1743 3674 1780; x_wconf 84' lang='lat' dir='ltr'><strong>suos</strong></span> <span class='ocrx_word' id='word_1_193' title='bbox 3703 1729 3739 1780; x_wconf 78' lang='lat' dir='ltr'><strong>in</strong></span> 
     </span>
    </p>
   </div>
   <div class='ocr_carea' id='block_1_17' title="bbox 579 1813 3641 1892">
    <p class='ocr_par' dir='ltr' id='par_1_17' title="bbox 579 1813 3641 1892">
     <span class='ocr_line' id='line_1_17' title="bbox 579 1813 3641 1892; baseline -0 -19"><span class='ocrx_word' id='word_1_194' title='bbox 579 1815 688 1868; x_wconf 71' lang='lat' dir='ltr'><strong>alia</strong></span> <span class='ocrx_word' id='word_1_195' title='bbox 715 1814 971 1868; x_wconf 67' lang='lat' dir='ltr'><strong>cwlorltm</strong></span> <span class='ocrx_word' id='word_1_196' title='bbox 1003 1813 1282 1867; x_wconf 80' lang='lat' dir='ltr'><strong>alliludine</strong></span> <span class='ocrx_word' id='word_1_197' title='bbox 1306 1814 1356 1866; x_wconf 89' lang='lat' dir='ltr'><strong>in</strong></span> <span class='ocrx_word' id='word_1_198' title='bbox 1387 1813 1680 1873; x_wconf 79' lang='lat' dir='ltr'><strong>humanum</strong></span> <span class='ocrx_word' id='word_1_199' title='bbox 1707 1834 1934 1888; x_wconf 91' lang='lat' dir='ltr'><strong>corpus,</strong></span> <span class='ocrx_word' id='word_1_200' title='bbox 1963 1820 2013 1872; x_wconf 91' lang='lat' dir='ltr'><strong>in</strong></span> <span class='ocrx_word' id='word_1_201' title='bbox 2043 1833 2149 1886; x_wconf 72' lang='lat' dir='ltr'><strong>uno</strong></span> <span class='ocrx_word' id='word_1_202' title='bbox 2241 1822 2444 1892; x_wconf 86' lang='lat' dir='ltr'><strong>judicio</strong></span> <span class='ocrx_word' id='word_1_203' title='bbox 2474 1863 2488 1886; x_wconf 93' lang='lat'><strong>,</strong></span> <span class='ocrx_word' id='word_1_204' title='bbox 2518 1821 2658 1889; x_wconf 86' lang='lat' dir='ltr'><strong>quod</strong></span> <span class='ocrx_word' id='word_1_205' title='bbox 2683 1821 2738 1874; x_wconf 86' lang='lat' dir='ltr'><strong>in</strong></span> <span class='ocrx_word' id='word_1_206' title='bbox 2767 1831 3016 1874; x_wconf 74' lang='lat' dir='ltr'><strong>wternum</strong></span> <span class='ocrx_word' id='word_1_207' title='bbox 3047 1833 3153 1870; x_wconf 86' lang='lat' dir='ltr'><strong>non</strong></span> <span class='ocrx_word' id='word_1_208' title='bbox 3185 1817 3566 1870; x_wconf 82' lang='lat' dir='ltr'><strong>commovebitur</strong></span> <span class='ocrx_word' id='word_1_209' title='bbox 3588 1817 3641 1872; x_wconf 81' lang='lat'><strong>&quot;.</strong></span> 
     </span>
    </p>
   </div>
   <div class='ocr_carea' id='block_1_18' title="bbox 580 1905 3070 1978">
    <p class='ocr_par' dir='ltr' id='par_1_18' title="bbox 580 1905 3070 1978">
     <span class='ocr_line' id='line_1_18' title="bbox 580 1905 3070 1978; baseline 0.001 -20"><span class='ocrx_word' id='word_1_210' title='bbox 580 1915 768 1959; x_wconf 88' lang='lat' dir='ltr'><strong>sancto</strong></span> <span class='ocrx_word' id='word_1_211' title='bbox 803 1917 1027 1973; x_wconf 88' lang='lat' dir='ltr'><strong>corpore</strong></span> <span class='ocrx_word' id='word_1_212' title='bbox 1063 1918 1275 1958; x_wconf 86' lang='lat' dir='ltr'><strong>sursum</strong></span> <span class='ocrx_word' id='word_1_213' title='bbox 1309 1905 1360 1957; x_wconf 93' lang='lat' dir='ltr'><strong>in</strong></span> <span class='ocrx_word' id='word_1_214' title='bbox 1391 1920 1604 1964; x_wconf 80' lang='lat' dir='ltr'><strong>crucem</strong></span> <span class='ocrx_word' id='word_1_215' title='bbox 1641 1909 1880 1964; x_wconf 74' lang='lat' dir='ltr'><strong>elevatus</strong></span> <span class='ocrx_word' id='word_1_216' title='bbox 1914 1922 1995 1963; x_wconf 83' lang='lat' dir='ltr'><strong>est</strong></span> <span class='ocrx_word' id='word_1_217' title='bbox 2028 1911 2102 1978; x_wconf 79' lang='lat'><strong>(‘5)</strong></span> <span class='ocrx_word' id='word_1_218' title='bbox 2131 1927 2145 1973; x_wconf 86' lang='lat'><strong>;</strong></span> <span class='ocrx_word' id='word_1_219' title='bbox 3007 1906 3070 1960; x_wconf 78' lang='grc' dir='ltr'><strong>γ.</strong></span> 
     </span>
    </p>
   </div>
   <div class='ocr_carea' id='block_1_19' title="bbox 583 1993 3741 2070">
    <p class='ocr_par' dir='ltr' id='par_1_19' title="bbox 583 1993 3741 2070">
     <span class='ocr_line' id='line_1_19' title="bbox 583 1993 3741 2070; baseline -0.003 -12"><span class='ocrx_word' id='word_1_220' title='bbox 583 1997 944 2050; x_wconf 64' lang='grc' dir='ltr'><strong>πενοεεινίιεο</strong></span> <span class='ocrx_word' id='word_1_221' title='bbox 969 1995 1151 2048; x_wconf 78' lang='lat' dir='ltr'><strong>omnia</strong></span> <span class='ocrx_word' id='word_1_222' title='bbox 1203 2007 1436 2062; x_wconf 80' lang='lat' dir='ltr'><strong>superna</strong></span> <span class='ocrx_word' id='word_1_223' title='bbox 1490 2016 1650 2070; x_wconf 83' lang='lat' dir='ltr'><strong>regna</strong></span> <span class='ocrx_word' id='word_1_224' title='bbox 1697 2003 1764 2055; x_wconf 91' lang='lat' dir='ltr'><strong>ad</strong></span> <span class='ocrx_word' id='word_1_225' title='bbox 1809 2017 1994 2070; x_wconf 89' lang='lat' dir='ltr'><strong>pacem</strong></span> <span class='ocrx_word' id='word_1_226' title='bbox 2046 2019 2145 2056; x_wconf 84' lang='lat' dir='ltr'><strong>no-</strong></span> <span class='ocrx_word' id='word_1_227' title='bbox 2323 2003 2395 2056; x_wconf 89' lang='lat' dir='ltr'><strong>De</strong></span> <span class='ocrx_word' id='word_1_228' title='bbox 2430 2002 2676 2065; x_wconf 88' lang='lat' dir='ltr'><strong>inferno,</strong></span> <span class='ocrx_word' id='word_1_229' title='bbox 2729 2011 2787 2055; x_wconf 90' lang='lat' dir='ltr'><strong>ut</strong></span> <span class='ocrx_word' id='word_1_230' title='bbox 2834 2002 3119 2055; x_wconf 89' lang='lat' dir='ltr'><strong>timeamus</strong></span> <span class='ocrx_word' id='word_1_231' title='bbox 3156 1996 3419 2062; x_wconf 82' lang='lat' dir='ltr'><strong>terribile,</strong></span> <span class='ocrx_word' id='word_1_232' title='bbox 3465 1996 3588 2063; x_wconf 89' lang='lat' dir='ltr'><strong>quod</strong></span> <span class='ocrx_word' id='word_1_233' title='bbox 3622 1993 3741 2049; x_wconf 77' lang='lat' dir='ltr'><strong>Isaias</strong></span> 
     </span>
    </p>
   </div>
   <div class='ocr_carea' id='block_1_20' title="bbox 583 2073 2167 2161">
    <p class='ocr_par' dir='ltr' id='par_1_20' title="bbox 583 2085 2144 2161">
     <span class='ocr_line' id='line_1_20' title="bbox 583 2085 2144 2161; baseline 0.003 -19"><span class='ocrx_word' id='word_1_234' title='bbox 583 2096 796 2150; x_wconf 86' lang='lat' dir='ltr'><strong>stram;</strong></span> <span class='ocrx_word' id='word_1_235' title='bbox 836 2085 969 2139; x_wconf 83' lang='lat' dir='ltr'><strong>ludit</strong></span> <span class='ocrx_word' id='word_1_236' title='bbox 995 2087 1288 2155; x_wconf 75' lang='lat' dir='ltr'><strong>pretiosum</strong></span> <span class='ocrx_word' id='word_1_237' title='bbox 1335 2091 1646 2161; x_wconf 80' lang='lat' dir='ltr'><strong>sanguinem</strong></span> <span class='ocrx_word' id='word_1_238' title='bbox 1692 2092 1742 2144; x_wconf 91' lang='lat' dir='ltr'><strong>in</strong></span> <span class='ocrx_word' id='word_1_239' title='bbox 1794 2101 1991 2145; x_wconf 87' lang='lat' dir='ltr'><strong>terram</strong></span> <span class='ocrx_word' id='word_1_240' title='bbox 2029 2108 2044 2156; x_wconf 89' lang='lat'><strong>;</strong></span> <span class='ocrx_word' id='word_1_241' title='bbox 2081 2107 2144 2148; x_wconf 91' lang='lat' dir='ltr'><strong>eo</strong></span> 
     </span>
    </p>
   </div>
   <div class='ocr_carea' id='block_1_21' title="bbox 2155 2073 3739 2161">
    <p class='ocr_par' dir='ltr' id='par_1_21' title="bbox 2177 2073 3739 2156">
     <span class='ocr_line' id='line_1_21' title="bbox 2177 2073 3739 2156; baseline -0.007 -7"><span class='ocrx_word' id='word_1_242' title='bbox 2177 2073 2218 2131; x_wconf 71' lang='grc' dir='ltr'><strong>Β</strong></span> <span class='ocrx_word' id='word_1_243' title='bbox 2259 2094 2435 2148; x_wconf 76' lang='lat' dir='ltr'><strong>dixit:</strong></span> <span class='ocrx_word' id='word_1_244' title='bbox 2478 2092 2678 2146; x_wconf 84' lang='lat' dir='ltr'><strong>Vermis</strong></span> <span class='ocrx_word' id='word_1_245' title='bbox 2718 2109 2895 2146; x_wconf 85' lang='lat' dir='ltr'><strong>eorum</strong></span> <span class='ocrx_word' id='word_1_246' title='bbox 2940 2109 3042 2146; x_wconf 85' lang='lat' dir='ltr'><strong>non</strong></span> <span class='ocrx_word' id='word_1_247' title='bbox 3090 2089 3337 2150; x_wconf 85' lang='lat' dir='ltr'><strong>moritur,</strong></span> <span class='ocrx_word' id='word_1_248' title='bbox 3381 2100 3426 2140; x_wconf 91' lang='lat' dir='ltr'><strong>et</strong></span> <span class='ocrx_word' id='word_1_249' title='bbox 3463 2089 3581 2156; x_wconf 86' lang='lat' dir='ltr'><strong>ignis</strong></span> <span class='ocrx_word' id='word_1_250' title='bbox 3613 2101 3739 2139; x_wconf 72' lang='lat' dir='ltr'><strong>carm</strong></span> 
     </span>
    </p>
   </div>
   <div class='ocr_carea' id='block_1_22' title="bbox 587 2177 3742 2250">
    <p class='ocr_par' dir='ltr' id='par_1_22' title="bbox 587 2177 3742 2250">
     <span class='ocr_line' id='line_1_22' title="bbox 587 2177 3742 2250; baseline -0.001 -18"><span class='ocrx_word' id='word_1_251' title='bbox 587 2178 739 2233; x_wconf 84' lang='lat' dir='ltr'><strong>nobis</strong></span> <span class='ocrx_word' id='word_1_252' title='bbox 787 2177 1132 2234; x_wconf 70' lang='lat' dir='ltr'><strong>terrestribus</strong></span> <span class='ocrx_word' id='word_1_253' title='bbox 1177 2199 1393 2240; x_wconf 82' lang='lat' dir='ltr'><strong>sursum</strong></span> <span class='ocrx_word' id='word_1_254' title='bbox 1436 2184 1574 2236; x_wconf 89' lang='lat' dir='ltr'><strong>viam</strong></span> <span class='ocrx_word' id='word_1_255' title='bbox 1619 2179 1780 2247; x_wconf 84' lang='lat' dir='ltr'><strong>fecit,</strong></span> <span class='ocrx_word' id='word_1_256' title='bbox 1813 2192 1871 2237; x_wconf 91' lang='lat' dir='ltr'><strong>ut</strong></span> <span class='ocrx_word' id='word_1_257' title='bbox 1903 2185 2154 2239; x_wconf 84' lang='lat' dir='ltr'><strong>fieremus</strong></span> <span class='ocrx_word' id='word_1_258' title='bbox 2254 2201 2357 2237; x_wconf 88' lang='lat' dir='ltr'><strong>non</strong></span> <span class='ocrx_word' id='word_1_259' title='bbox 2381 2185 2727 2250; x_wconf 74' lang='lat' dir='ltr'><strong>en&#39;inguitur</strong></span> <span class='ocrx_word' id='word_1_260' title='bbox 2749 2183 2816 2235; x_wconf 77' lang='grc'><strong>⁸³.</strong></span> <span class='ocrx_word' id='word_1_261' title='bbox 2851 2183 3058 2237; x_wconf 83' lang='lat' dir='ltr'><strong>Vermis</strong></span> <span class='ocrx_word' id='word_1_262' title='bbox 3083 2221 3098 2248; x_wconf 91' lang='lat'><strong>,</strong></span> <span class='ocrx_word' id='word_1_263' title='bbox 3128 2181 3182 2234; x_wconf 92' lang='lat' dir='ltr'><strong>id</strong></span> <span class='ocrx_word' id='word_1_264' title='bbox 3210 2189 3295 2234; x_wconf 89' lang='lat' dir='ltr'><strong>est</strong></span> <span class='ocrx_word' id='word_1_265' title='bbox 3316 2217 3331 2242; x_wconf 91' lang='lat'><strong>,</strong></span> <span class='ocrx_word' id='word_1_266' title='bbox 3359 2178 3644 2234; x_wconf 84' lang='lat' dir='ltr'><strong>conscientia</strong></span> <span class='ocrx_word' id='word_1_267' title='bbox 3665 2215 3676 2238; x_wconf 89' lang='lat'><strong>,</strong></span> <span class='ocrx_word' id='word_1_268' title='bbox 3697 2191 3742 2229; x_wconf 73' lang='lat' dir='ltr'><strong>eo</strong></span> 
     </span>
    </p>
   </div>
   <div class='ocr_carea' id='block_1_23' title="bbox 588 2268 3694 2344">
    <p class='ocr_par' dir='ltr' id='par_1_23' title="bbox 588 2268 3694 2344">
     <span class='ocr_line' id='line_1_23' title="bbox 588 2268 3694 2344; baseline -0.008 -1"><span class='ocrx_word' id='word_1_269' title='bbox 588 2275 895 2343; x_wconf 67' lang='grc' dir='ltr'><strong>θηκθιοτυηι</strong></span> <span class='ocrx_word' id='word_1_270' title='bbox 933 2271 1100 2332; x_wconf 69' lang='lat' dir='ltr'><strong>Cives.</strong></span> <span class='ocrx_word' id='word_1_271' title='bbox 2258 2274 2401 2343; x_wconf 87' lang='lat' dir='ltr'><strong>quod</strong></span> <span class='ocrx_word' id='word_1_272' title='bbox 2436 2275 2648 2339; x_wconf 85' lang='lat' dir='ltr'><strong>sciunt,</strong></span> <span class='ocrx_word' id='word_1_273' title='bbox 2681 2274 2824 2344; x_wconf 89' lang='lat' dir='ltr'><strong>quod</strong></span> <span class='ocrx_word' id='word_1_274' title='bbox 2859 2274 3039 2327; x_wconf 87' lang='lat' dir='ltr'><strong>meriti</strong></span> <span class='ocrx_word' id='word_1_275' title='bbox 3073 2272 3263 2326; x_wconf 87' lang='lat' dir='ltr'><strong>omnia</strong></span> <span class='ocrx_word' id='word_1_276' title='bbox 3295 2269 3435 2324; x_wconf 72' lang='lat' dir='ltr'><strong>mala.</strong></span> <span class='ocrx_word' id='word_1_277' title='bbox 3457 2268 3694 2322; x_wconf 85' lang='lat' dir='ltr'><strong>sustinent.</strong></span> 
     </span>
    </p>
   </div>
   <div class='ocr_carea' id='block_1_24' title="bbox 1333 2360 3098 2422">
    <p class='ocr_par' dir='ltr' id='par_1_24' title="bbox 1333 2360 3098 2422">
     <span class='ocr_line' id='line_1_24' title="bbox 1333 2360 3098 2422; baseline 0 -6"><span class='ocrx_word' id='word_1_278' title='bbox 1333 2360 1420 2418; x_wconf 82' lang='lat' dir='ltr'><strong>Ill.</strong></span> <span class='ocrx_word' id='word_1_279' title='bbox 2115 2419 2120 2422; x_wconf 96' lang='lat'><em>_</em></span> <span class='ocrx_word' id='word_1_280' title='bbox 3007 2365 3098 2416; x_wconf 69' lang='grc' dir='ltr'><strong>Π.</strong></span> 
     </span>
    </p>
   </div>
   <div class='ocr_carea' id='block_1_25' title="bbox 659 2449 3743 2525">
    <p class='ocr_par' dir='ltr' id='par_1_25' title="bbox 659 2449 3743 2525">
     <span class='ocr_line' id='line_1_25' title="bbox 659 2449 3743 2525; baseline -0.001 -22"><span class='ocrx_word' id='word_1_281' title='bbox 659 2449 736 2504; x_wconf 90' lang='lat' dir='ltr'><strong>De</strong></span> <span class='ocrx_word' id='word_1_282' title='bbox 763 2452 890 2506; x_wconf 87' lang='lat' dir='ltr'><strong>hora</strong></span> <span class='ocrx_word' id='word_1_283' title='bbox 923 2453 1216 2517; x_wconf 85' lang='lat' dir='ltr'><strong>transitus,</strong></span> <span class='ocrx_word' id='word_1_284' title='bbox 1267 2464 1325 2508; x_wconf 91' lang='lat' dir='ltr'><strong>ut</strong></span> <span class='ocrx_word' id='word_1_285' title='bbox 1370 2456 1540 2511; x_wconf 91' lang='lat' dir='ltr'><strong>simus</strong></span> <span class='ocrx_word' id='word_1_286' title='bbox 1586 2455 1782 2525; x_wconf 81' lang='lat' dir='ltr'><strong>parati.</strong></span> <span class='ocrx_word' id='word_1_287' title='bbox 1816 2453 2010 2510; x_wconf 81' lang='lat' dir='ltr'><strong>Omnis</strong></span> <span class='ocrx_word' id='word_1_288' title='bbox 2049 2457 2154 2508; x_wconf 80' lang='lat' dir='ltr'><strong>vita</strong></span> <span class='ocrx_word' id='word_1_289' title='bbox 2332 2456 2404 2512; x_wconf 91' lang='lat' dir='ltr'><strong>De</strong></span> <span class='ocrx_word' id='word_1_290' title='bbox 2435 2458 2537 2511; x_wconf 79' lang='lat' dir='ltr'><strong>vita</strong></span> <span class='ocrx_word' id='word_1_291' title='bbox 2573 2466 2776 2510; x_wconf 73' lang='lat' dir='ltr'><strong>teterna</strong></span> <span class='ocrx_word' id='word_1_292' title='bbox 2799 2494 2814 2521; x_wconf 94' lang='lat'><strong>,</strong></span> <span class='ocrx_word' id='word_1_293' title='bbox 2848 2463 2905 2509; x_wconf 90' lang='grc' dir='ltr'><strong>ιιι</strong></span> <span class='ocrx_word' id='word_1_294' title='bbox 2940 2456 3341 2518; x_wconf 85' lang='lat' dir='ltr'><strong>desideremus,</strong></span> <span class='ocrx_word' id='word_1_295' title='bbox 3369 2452 3452 2506; x_wconf 78' lang='lat' dir='ltr'><strong>ubi</strong></span> <span class='ocrx_word' id='word_1_296' title='bbox 3479 2450 3682 2520; x_wconf 78' lang='lat' dir='ltr'><strong>gaudium</strong></span> <span class='ocrx_word' id='word_1_297' title='bbox 3707 2455 3743 2500; x_wconf 79' lang='lat' dir='ltr'><strong>et</strong></span> 
     </span>
    </p>
   </div>
   <div class='ocr_carea' id='block_1_26' title="bbox 589 2527 3740 2614">
    <p class='ocr_par' dir='ltr' id='par_1_26' title="bbox 589 2527 3740 2614">
     <span class='ocr_line' id='line_1_26' title="bbox 589 2527 3740 2614; baseline -0.002 -20"><span class='ocrx_word' id='word_1_298' title='bbox 589 2541 822 2598; x_wconf 84' lang='lat' dir='ltr'><strong>hominis</strong></span> <span class='ocrx_word' id='word_1_299' title='bbox 842 2585 856 2608; x_wconf 96' lang='lat'><strong>,</strong></span> <span class='ocrx_word' id='word_1_300' title='bbox 885 2544 1062 2599; x_wconf 88' lang='lat' dir='ltr'><strong>omnis</strong></span> <span class='ocrx_word' id='word_1_301' title='bbox 1089 2543 1384 2614; x_wconf 85' lang='lat' dir='ltr'><strong>sapientia,</strong></span> <span class='ocrx_word' id='word_1_302' title='bbox 1411 2543 1691 2600; x_wconf 85' lang='lat' dir='ltr'><strong>meditatio</strong></span> <span class='ocrx_word' id='word_1_303' title='bbox 1720 2555 1802 2601; x_wconf 89' lang='lat' dir='ltr'><strong>est</strong></span> <span class='ocrx_word' id='word_1_304' title='bbox 1835 2541 2022 2600; x_wconf 89' lang='lat' dir='ltr'><strong>mortis</strong></span> <span class='ocrx_word' id='word_1_305' title='bbox 2043 2582 2057 2610; x_wconf 92' lang='lat'><strong>,</strong></span> <span class='ocrx_word' id='word_1_306' title='bbox 2091 2546 2156 2601; x_wconf 89' lang='lat' dir='ltr'><strong>de</strong></span> <span class='ocrx_word' id='word_1_307' title='bbox 2267 2548 2508 2602; x_wconf 73' lang='lat' dir='ltr'><strong>lzetitiam</strong></span> <span class='ocrx_word' id='word_1_308' title='bbox 2544 2546 2802 2600; x_wconf 87' lang='lat' dir='ltr'><strong>tenebunt</strong></span> <span class='ocrx_word' id='word_1_309' title='bbox 2833 2546 3006 2598; x_wconf 83' lang='lat' dir='ltr'><strong>sancti</strong></span> <span class='ocrx_word' id='word_1_310' title='bbox 3035 2584 3049 2610; x_wconf 92' lang='lat'><strong>,</strong></span> <span class='ocrx_word' id='word_1_311' title='bbox 3079 2554 3138 2598; x_wconf 85' lang='lat' dir='ltr'><strong>et</strong></span> <span class='ocrx_word' id='word_1_312' title='bbox 3173 2545 3338 2614; x_wconf 76' lang='lat' dir='ltr'><strong>fugiet</strong></span> <span class='ocrx_word' id='word_1_313' title='bbox 3369 2542 3508 2596; x_wconf 91' lang='lat' dir='ltr'><strong>dolor</strong></span> <span class='ocrx_word' id='word_1_314' title='bbox 3533 2549 3579 2595; x_wconf 90' lang='lat' dir='ltr'><strong>et</strong></span> <span class='ocrx_word' id='word_1_315' title='bbox 3603 2527 3740 2591; x_wconf 79' lang='lat' dir='ltr'><strong>metus.</strong></span> 
     </span>
    </p>
   </div>
   <div class='ocr_carea' id='block_1_27' title="bbox 589 2627 3745 2707">
    <p class='ocr_par' dir='ltr' id='par_1_27' title="bbox 589 2627 3745 2707">
     <span class='ocr_line' id='line_1_27' title="bbox 589 2627 3745 2707; baseline -0.002 -23"><span class='ocrx_word' id='word_1_316' title='bbox 589 2643 693 2698; x_wconf 84' lang='lat' dir='ltr'><strong>qua</strong></span> <span class='ocrx_word' id='word_1_317' title='bbox 729 2646 834 2686; x_wconf 91' lang='lat' dir='ltr'><strong>uno</strong></span> <span class='ocrx_word' id='word_1_318' title='bbox 863 2633 948 2688; x_wconf 85' lang='lat' dir='ltr'><strong>die</strong></span> <span class='ocrx_word' id='word_1_319' title='bbox 979 2648 1171 2689; x_wconf 86' lang='lat' dir='ltr'><strong>omnes</strong></span> <span class='ocrx_word' id='word_1_320' title='bbox 1202 2631 1474 2704; x_wconf 87' lang='lat' dir='ltr'><strong>sapientes</strong></span> <span class='ocrx_word' id='word_1_321' title='bbox 1502 2635 1849 2706; x_wconf 88' lang='lat' dir='ltr'><strong>trepidabunt</strong></span> <span class='ocrx_word' id='word_1_322' title='bbox 1879 2635 1978 2707; x_wconf 76' lang='grc'><strong>(4).</strong></span> <span class='ocrx_word' id='word_1_323' title='bbox 2264 2638 2339 2693; x_wconf 89' lang='lat' dir='ltr'><strong>De</strong></span> <span class='ocrx_word' id='word_1_324' title='bbox 2369 2639 2451 2692; x_wconf 89' lang='lat' dir='ltr'><strong>his</strong></span> <span class='ocrx_word' id='word_1_325' title='bbox 2481 2653 2573 2692; x_wconf 84' lang='lat' dir='ltr'><strong>sex</strong></span> <span class='ocrx_word' id='word_1_326' title='bbox 2621 2636 3038 2707; x_wconf 86' lang='lat' dir='ltr'><strong>cogitationibus</strong></span> <span class='ocrx_word' id='word_1_327' title='bbox 3063 2636 3240 2690; x_wconf 84' lang='lat' dir='ltr'><strong>vincit</strong></span> <span class='ocrx_word' id='word_1_328' title='bbox 3275 2635 3444 2688; x_wconf 83' lang='lat' dir='ltr'><strong>anima</strong></span> <span class='ocrx_word' id='word_1_329' title='bbox 3475 2631 3585 2700; x_wconf 88' lang='lat' dir='ltr'><strong>justi</strong></span> <span class='ocrx_word' id='word_1_330' title='bbox 3618 2627 3745 2683; x_wconf 88' lang='lat' dir='ltr'><strong>inimi-</strong></span> 
     </span>
    </p>
   </div>
   <div class='ocr_carea' id='block_1_28' title="bbox 1335 2717 3744 2794">
    <p class='ocr_par' dir='ltr' id='par_1_28' title="bbox 1335 2717 3744 2794">
     <span class='ocr_line' id='line_1_28' title="bbox 1335 2717 3744 2794; baseline -0.009 -3"><span class='ocrx_word' id='word_1_331' title='bbox 1335 2723 1419 2780; x_wconf 77' lang='grc' dir='ltr'><strong>Ιν-</strong></span> <span class='ocrx_word' id='word_1_332' title='bbox 2265 2744 2387 2783; x_wconf 90' lang='lat' dir='ltr'><strong>cum</strong></span> <span class='ocrx_word' id='word_1_333' title='bbox 2409 2769 2424 2793; x_wconf 89' lang='lat'><strong>,</strong></span> <span class='ocrx_word' id='word_1_334' title='bbox 2468 2736 2522 2782; x_wconf 86' lang='lat' dir='ltr'><strong>et</strong></span> <span class='ocrx_word' id='word_1_335' title='bbox 2560 2727 2645 2782; x_wconf 87' lang='lat' dir='ltr'><strong>his</strong></span> <span class='ocrx_word' id='word_1_336' title='bbox 2678 2727 2983 2783; x_wconf 83' lang='lat' dir='ltr'><strong>custoditur</strong></span> <span class='ocrx_word' id='word_1_337' title='bbox 3008 2742 3155 2794; x_wconf 58' lang='lat' dir='ltr'><strong>sape</strong></span> <span class='ocrx_word' id='word_1_338' title='bbox 3181 2733 3233 2782; x_wconf 91' lang='lat' dir='ltr'><strong>et</strong></span> <span class='ocrx_word' id='word_1_339' title='bbox 3264 2725 3465 2780; x_wconf 90' lang='lat' dir='ltr'><strong>assidue</strong></span> <span class='ocrx_word' id='word_1_340' title='bbox 3492 2721 3675 2789; x_wconf 81' lang='lat' dir='ltr'><strong>cogitare</strong></span> <span class='ocrx_word' id='word_1_341' title='bbox 3695 2717 3744 2770; x_wconf 85' lang='lat' dir='ltr'><strong>de</strong></span> 
     </span>
    </p>
   </div>
   <div class='ocr_carea' id='block_1_29' title="bbox 662 2815 3746 2887">
    <p class='ocr_par' dir='ltr' id='par_1_29' title="bbox 662 2815 3746 2887">
     <span class='ocr_line' id='line_1_29' title="bbox 662 2815 3746 2887; baseline -0.003 -17"><span class='ocrx_word' id='word_1_342' title='bbox 662 2816 737 2871; x_wconf 91' lang='lat' dir='ltr'><strong>De</strong></span> <span class='ocrx_word' id='word_1_343' title='bbox 764 2817 850 2872; x_wconf 88' lang='lat' dir='ltr'><strong>die</strong></span> <span class='ocrx_word' id='word_1_344' title='bbox 867 2815 1054 2883; x_wconf 77' lang='lat' dir='ltr'><strong>judicii</strong></span> <span class='ocrx_word' id='word_1_345' title='bbox 1075 2857 1088 2880; x_wconf 92' lang='lat'><strong>,</strong></span> <span class='ocrx_word' id='word_1_346' title='bbox 1122 2825 1180 2871; x_wconf 91' lang='lat' dir='ltr'><strong>ut</strong></span> <span class='ocrx_word' id='word_1_347' title='bbox 1202 2817 1463 2872; x_wconf 87' lang='lat' dir='ltr'><strong>rationem</strong></span> <span class='ocrx_word' id='word_1_348' title='bbox 1493 2816 1799 2870; x_wconf 87' lang='lat' dir='ltr'><strong>reddamus.</strong></span> <span class='ocrx_word' id='word_1_349' title='bbox 1834 2815 2055 2886; x_wconf 80' lang='lat' dir='ltr'><strong>Magnus</strong></span> <span class='ocrx_word' id='word_1_350' title='bbox 2077 2826 2160 2871; x_wconf 88' lang='lat' dir='ltr'><strong>est</strong></span> <span class='ocrx_word' id='word_1_351' title='bbox 2268 2819 2491 2874; x_wconf 90' lang='lat' dir='ltr'><strong>Domino</strong></span> <span class='ocrx_word' id='word_1_352' title='bbox 2511 2829 2562 2873; x_wconf 89' lang='lat' dir='ltr'><strong>et</strong></span> <span class='ocrx_word' id='word_1_353' title='bbox 2585 2819 2852 2884; x_wconf 87' lang='lat' dir='ltr'><strong>recolere,</strong></span> <span class='ocrx_word' id='word_1_354' title='bbox 2881 2829 2935 2873; x_wconf 91' lang='lat' dir='ltr'><strong>et</strong></span> <span class='ocrx_word' id='word_1_355' title='bbox 2957 2834 3124 2887; x_wconf 90' lang='lat' dir='ltr'><strong>super</strong></span> <span class='ocrx_word' id='word_1_356' title='bbox 3159 2819 3334 2873; x_wconf 82' lang='lat' dir='ltr'><strong>Omnia</strong></span> <span class='ocrx_word' id='word_1_357' title='bbox 3364 2816 3579 2885; x_wconf 82' lang='lat' dir='ltr'><strong>diligere,</strong></span> <span class='ocrx_word' id='word_1_358' title='bbox 3598 2821 3643 2863; x_wconf 88' lang='lat' dir='ltr'><strong>ut</strong></span> <span class='ocrx_word' id='word_1_359' title='bbox 3659 2815 3746 2878; x_wconf 82' lang='lat' dir='ltr'><strong>post</strong></span> 
     </span>
    </p>
   </div>
   <div class='ocr_carea' id='block_1_30' title="bbox 595 2902 3742 2978">
    <p class='ocr_par' dir='ltr' id='par_1_30' title="bbox 595 2902 3742 2978">
     <span class='ocr_line' id='line_1_30' title="bbox 595 2902 3742 2978; baseline -0.003 -18"><span class='ocrx_word' id='word_1_360' title='bbox 595 2907 681 2961; x_wconf 87' lang='lat' dir='ltr'><strong>ille</strong></span> <span class='ocrx_word' id='word_1_361' title='bbox 726 2907 841 2962; x_wconf 89' lang='lat' dir='ltr'><strong>dies</strong></span> <span class='ocrx_word' id='word_1_362' title='bbox 883 2907 948 2961; x_wconf 86' lang='lat' dir='ltr'><strong>ad</strong></span> <span class='ocrx_word' id='word_1_363' title='bbox 991 2908 1372 2978; x_wconf 83' lang='lat' dir='ltr'><strong>cogitandum,</strong></span> <span class='ocrx_word' id='word_1_364' title='bbox 1420 2917 1475 2962; x_wconf 91' lang='lat' dir='ltr'><strong>et</strong></span> <span class='ocrx_word' id='word_1_365' title='bbox 1513 2906 1788 2960; x_wconf 71' lang='lat' dir='ltr'><strong>memoria:</strong></span> <span class='ocrx_word' id='word_1_366' title='bbox 1832 2906 2022 2976; x_wconf 88' lang='lat' dir='ltr'><strong>dignus</strong></span> <span class='ocrx_word' id='word_1_367' title='bbox 2059 2922 2073 2968; x_wconf 85' lang='lat'>;</span> <span class='ocrx_word' id='word_1_368' title='bbox 2104 2906 2158 2959; x_wconf 90' lang='lat' dir='ltr'><strong>in</strong></span> <span class='ocrx_word' id='word_1_369' title='bbox 2268 2910 2517 2965; x_wconf 76' lang='lat' dir='ltr'><strong>szecnlnm</strong></span> <span class='ocrx_word' id='word_1_370' title='bbox 2553 2912 2602 2963; x_wconf 93' lang='lat' dir='ltr'><strong>in</strong></span> <span class='ocrx_word' id='word_1_371' title='bbox 2631 2919 2887 2964; x_wconf 64' lang='lat' dir='ltr'><strong>aeternum</strong></span> <span class='ocrx_word' id='word_1_372' title='bbox 2934 2924 3055 2963; x_wconf 89' lang='lat' dir='ltr'><strong>eum</strong></span> <span class='ocrx_word' id='word_1_373' title='bbox 3081 2924 3209 2963; x_wconf 83' lang='lat' dir='ltr'><strong>cum</strong></span> <span class='ocrx_word' id='word_1_374' title='bbox 3243 2907 3439 2977; x_wconf 80' lang='lat' dir='ltr'><strong>angelis</strong></span> <span class='ocrx_word' id='word_1_375' title='bbox 3491 2913 3538 2958; x_wconf 83' lang='lat' dir='ltr'><strong>et</strong></span> <span class='ocrx_word' id='word_1_376' title='bbox 3574 2902 3742 2956; x_wconf 82' lang='lat' dir='ltr'><strong>archan-</strong></span> 
     </span>
    </p>
   </div>
   <div class='ocr_carea' id='block_1_31' title="bbox 593 2997 3742 3072">
    <p class='ocr_par' dir='ltr' id='par_1_31' title="bbox 593 2997 3742 3072">
     <span class='ocr_line' id='line_1_31' title="bbox 593 2997 3742 3072; baseline -0.001 -23"><span class='ocrx_word' id='word_1_377' title='bbox 593 3015 698 3067; x_wconf 81' lang='lat' dir='ltr'><strong>qna</strong></span> <span class='ocrx_word' id='word_1_378' title='bbox 725 3001 809 3054; x_wconf 88' lang='lat' dir='ltr'><strong>die</strong></span> <span class='ocrx_word' id='word_1_379' title='bbox 847 3000 1108 3054; x_wconf 89' lang='lat' dir='ltr'><strong>Dominus</strong></span> <span class='ocrx_word' id='word_1_380' title='bbox 1135 2999 1347 3068; x_wconf 77' lang='lat' dir='ltr'><strong>franget</strong></span> <span class='ocrx_word' id='word_1_381' title='bbox 1369 3008 1672 3053; x_wconf 83' lang='lat' dir='ltr'><strong>creaturam</strong></span> <span class='ocrx_word' id='word_1_382' title='bbox 1697 3038 1710 3062; x_wconf 90' lang='lat'><strong>,</strong></span> <span class='ocrx_word' id='word_1_383' title='bbox 1741 3013 1897 3065; x_wconf 88' lang='lat' dir='ltr'><strong>qnam</strong></span> <span class='ocrx_word' id='word_1_384' title='bbox 1935 2997 1986 3050; x_wconf 93' lang='lat' dir='ltr'><strong>in</strong></span> <span class='ocrx_word' id='word_1_385' title='bbox 2024 2997 2165 3066; x_wconf 87' lang='lat' dir='ltr'><strong>prin-</strong></span> <span class='ocrx_word' id='word_1_386' title='bbox 2269 3002 2402 3072; x_wconf 82' lang='lat' dir='ltr'><strong>gelis</strong></span> <span class='ocrx_word' id='word_1_387' title='bbox 2423 3010 2477 3055; x_wconf 91' lang='lat' dir='ltr'><strong>et</strong></span> <span class='ocrx_word' id='word_1_388' title='bbox 2502 3016 2622 3054; x_wconf 90' lang='lat' dir='ltr'><strong>cum</strong></span> <span class='ocrx_word' id='word_1_389' title='bbox 2648 3003 2898 3056; x_wconf 89' lang='lat' dir='ltr'><strong>omnibus</strong></span> <span class='ocrx_word' id='word_1_390' title='bbox 2925 3002 3130 3056; x_wconf 87' lang='lat' dir='ltr'><strong>sanctis</strong></span> <span class='ocrx_word' id='word_1_391' title='bbox 3160 3002 3381 3071; x_wconf 84' lang='lat' dir='ltr'><strong>diligere</strong></span> <span class='ocrx_word' id='word_1_392' title='bbox 3405 2999 3742 3058; x_wconf 78' lang='lat' dir='ltr'><strong>valeatnus,pcr</strong></span> 
     </span>
    </p>
   </div>
   <div class='ocr_carea' id='block_1_32' title="bbox 595 3084 3739 3162">
    <p class='ocr_par' dir='ltr' id='par_1_32' title="bbox 595 3084 3739 3162">
     <span class='ocr_line' id='line_1_32' title="bbox 595 3084 3739 3162; baseline -0.005 -17"><span class='ocrx_word' id='word_1_393' title='bbox 595 3092 736 3158; x_wconf 85' lang='lat' dir='ltr'><strong>cipio</strong></span> <span class='ocrx_word' id='word_1_394' title='bbox 783 3092 1008 3147; x_wconf 79' lang='lat' dir='ltr'><strong>creavit.</strong></span> <span class='ocrx_word' id='word_1_395' title='bbox 1050 3091 1189 3147; x_wconf 82' lang='lat' dir='ltr'><strong>Ecce</strong></span> <span class='ocrx_word' id='word_1_396' title='bbox 1228 3089 1485 3146; x_wconf 91' lang='lat' dir='ltr'><strong>Dominus</strong></span> <span class='ocrx_word' id='word_1_397' title='bbox 1524 3089 1806 3158; x_wconf 87' lang='lat' dir='ltr'><strong>dissipabit</strong></span> <span class='ocrx_word' id='word_1_398' title='bbox 1844 3098 2072 3153; x_wconf 88' lang='lat' dir='ltr'><strong>terram,</strong></span> <span class='ocrx_word' id='word_1_399' title='bbox 2113 3096 2168 3142; x_wconf 92' lang='lat' dir='ltr'><strong>et</strong></span> <span class='ocrx_word' id='word_1_400' title='bbox 2272 3107 2393 3148; x_wconf 86' lang='lat' dir='ltr'><strong>eum</strong></span> <span class='ocrx_word' id='word_1_401' title='bbox 2420 3091 2511 3161; x_wconf 86' lang='lat' dir='ltr'><strong>qui</strong></span> <span class='ocrx_word' id='word_1_402' title='bbox 2541 3092 2746 3146; x_wconf 87' lang='lat' dir='ltr'><strong>vivitet</strong></span> <span class='ocrx_word' id='word_1_403' title='bbox 2774 3100 2960 3162; x_wconf 84' lang='lat' dir='ltr'><strong>regnat</strong></span> <span class='ocrx_word' id='word_1_404' title='bbox 2985 3093 3037 3145; x_wconf 90' lang='lat' dir='ltr'><strong>in</strong></span> <span class='ocrx_word' id='word_1_405' title='bbox 3062 3092 3263 3146; x_wconf 72' lang='lat' dir='ltr'><strong>saecula</strong></span> <span class='ocrx_word' id='word_1_406' title='bbox 3285 3084 3739 3146; x_wconf 51' lang='lat' dir='ltr'><strong>saeculorumeen.</strong></span> 
     </span>
    </p>
   </div>
   <div class='ocr_carea' id='block_1_33' title="bbox 665 3197 2249 3270">
    <p class='ocr_par' dir='ltr' id='par_1_33' title="bbox 665 3197 2221 3270">
     <span class='ocr_line' id='line_1_33' title="bbox 665 3197 2221 3270; baseline 0 -12"><span class='ocrx_word' id='word_1_407' title='bbox 665 3198 710 3236; x_wconf 75' lang='grc' dir='ltr'><strong>’δ</strong></span> <span class='ocrx_word' id='word_1_408' title='bbox 750 3197 891 3259; x_wconf 84' lang='lat' dir='ltr'><strong>Psal.</strong></span> <span class='ocrx_word' id='word_1_409' title='bbox 925 3221 1110 3270; x_wconf 77' lang='lat' dir='ltr'><strong>Luvt,</strong></span> <span class='ocrx_word' id='word_1_410' title='bbox 1139 3205 1194 3260; x_wconf 75' lang='grc'><strong>4.</strong></span> <span class='ocrx_word' id='word_1_411' title='bbox 1270 3204 1313 3236; x_wconf 81' lang='grc'><strong>⁸¹</strong></span> <span class='ocrx_word' id='word_1_412' title='bbox 1354 3204 1544 3260; x_wconf 83' lang='lat' dir='ltr'><strong>Matth.</strong></span> <span class='ocrx_word' id='word_1_413' title='bbox 1579 3220 1608 3258; x_wconf 74' lang='grc' dir='ltr'>χ</span> <span class='ocrx_word' id='word_1_414' title='bbox 1632 3242 1647 3269; x_wconf 92' lang='grc'><em>,</em></span> <span class='ocrx_word' id='word_1_415' title='bbox 1678 3203 1769 3257; x_wconf 78' lang='lat'><strong>‘26.</strong></span> <span class='ocrx_word' id='word_1_416' title='bbox 1846 3199 1890 3234; x_wconf 79' lang='lat'><strong>“</strong></span> <span class='ocrx_word' id='word_1_417' title='bbox 1929 3201 2070 3257; x_wconf 87' lang='lat' dir='ltr'><strong>Psal.</strong></span> <span class='ocrx_word' id='word_1_418' title='bbox 2099 3218 2221 3268; x_wconf 77' lang='lat' dir='ltr'><strong>cn,</strong></span> 
     </span>
    </p>
   </div>
   <div class='ocr_carea' id='block_1_34' title="bbox 1397 3197 2981 3270">
    <p class='ocr_par' dir='ltr' id='par_1_34' title="bbox 1397 3199 2981 3270">
     <span class='ocr_line' id='line_1_34' title="bbox 1397 3199 2981 3270; baseline 0.001 -12"><span class='ocrx_word' id='word_1_419' title='bbox 1397 3206 1544 3260; x_wconf 73' lang='lat' dir='ltr'><strong>latth.</strong></span> <span class='ocrx_word' id='word_1_420' title='bbox 1579 3220 1608 3258; x_wconf 74' lang='grc' dir='ltr'>χ</span> <span class='ocrx_word' id='word_1_421' title='bbox 1632 3242 1647 3269; x_wconf 92' lang='grc'><em>,</em></span> <span class='ocrx_word' id='word_1_422' title='bbox 1678 3203 1769 3257; x_wconf 78' lang='lat'><strong>‘26.</strong></span> <span class='ocrx_word' id='word_1_423' title='bbox 1846 3199 1890 3234; x_wconf 79' lang='lat'><strong>“</strong></span> <span class='ocrx_word' id='word_1_424' title='bbox 1929 3201 2070 3257; x_wconf 87' lang='lat' dir='ltr'><strong>Psal.</strong></span> <span class='ocrx_word' id='word_1_425' title='bbox 2099 3218 2221 3268; x_wconf 72' lang='lat' dir='ltr'><strong>cst,</strong></span> <span class='ocrx_word' id='word_1_426' title='bbox 2255 3202 2320 3270; x_wconf 84' lang='lat'><strong>5,</strong></span> <span class='ocrx_word' id='word_1_427' title='bbox 2353 3204 2408 3260; x_wconf 83' lang='lat'><strong>6.</strong></span> <span class='ocrx_word' id='word_1_428' title='bbox 2484 3205 2530 3236; x_wconf 82' lang='grc'><strong>⁸³</strong></span> <span class='ocrx_word' id='word_1_429' title='bbox 2569 3204 2674 3260; x_wconf 87' lang='lat' dir='ltr'><strong>lsa.</strong></span> <span class='ocrx_word' id='word_1_430' title='bbox 2703 3221 2826 3259; x_wconf 73' lang='lat' dir='ltr'><strong>uvr</strong></span> <span class='ocrx_word' id='word_1_431' title='bbox 2849 3245 2865 3270; x_wconf 94' lang='lat'><strong>,</strong></span> <span class='ocrx_word' id='word_1_432' title='bbox 2896 3206 2981 3260; x_wconf 73' lang='grc'><strong>14.</strong></span> 
     </span>
    </p>
   </div>
   <div class='ocr_carea' id='block_1_35' title="bbox 669 3315 3742 3394">
    <p class='ocr_par' dir='ltr' id='par_1_35' title="bbox 669 3315 3742 3394">
     <span class='ocr_line' id='line_1_35' title="bbox 669 3315 3742 3394; baseline -0.005 -15"><span class='ocrx_word' id='word_1_433' title='bbox 669 3326 746 3392; x_wconf 62' lang='lat' dir='ltr'><strong>(ii</strong></span> <span class='ocrx_word' id='word_1_434' title='bbox 791 3325 896 3394; x_wconf 71' lang='lat' dir='ltr'><strong>Ms.</strong></span> <span class='ocrx_word' id='word_1_435' title='bbox 930 3325 1275 3394; x_wconf 85' lang='lat' dir='ltr'><strong>cogitandum</strong></span> <span class='ocrx_word' id='word_1_436' title='bbox 1311 3335 1474 3392; x_wconf 87' lang='lat' dir='ltr'><strong>atque</strong></span> <span class='ocrx_word' id='word_1_437' title='bbox 1505 3323 1867 3377; x_wconf 87' lang='lat' dir='ltr'><strong>rccolendnm.</strong></span> <span class='ocrx_word' id='word_1_438' title='bbox 1914 3392 1924 3394; x_wconf 95' lang='lat'><em>_</em></span> <span class='ocrx_word' id='word_1_439' title='bbox 2349 3323 2424 3393; x_wconf 72' lang='lat' dir='ltr'><strong>(ti)</strong></span> <span class='ocrx_word' id='word_1_440' title='bbox 2468 3317 2572 3377; x_wconf 78' lang='lat' dir='ltr'><strong>Ms.</strong></span> <span class='ocrx_word' id='word_1_441' title='bbox 2625 3325 2745 3377; x_wconf 76' lang='lat' dir='ltr'><strong>Vita</strong></span> <span class='ocrx_word' id='word_1_442' title='bbox 2798 3323 3030 3394; x_wconf 88' lang='lat' dir='ltr'><strong>hominis</strong></span> <span class='ocrx_word' id='word_1_443' title='bbox 3079 3321 3394 3394; x_wconf 87' lang='lat' dir='ltr'><strong>sapientiam</strong></span> <span class='ocrx_word' id='word_1_444' title='bbox 3435 3315 3622 3371; x_wconf 82' lang='lat' dir='ltr'><strong>mediam</strong></span> <span class='ocrx_word' id='word_1_445' title='bbox 3652 3321 3742 3394; x_wconf 54' lang='lat' dir='ltr'><strong>es“</strong></span> 
     </span>
    </p>
   </div>
   <div class='ocr_carea' id='block_1_36' title="bbox 595 3380 3732 3520">
    <p class='ocr_par' dir='ltr' id='par_1_36' title="bbox 595 3380 3732 3520">
     <span class='ocr_line' id='line_1_36' title="bbox 629 3380 3732 3518; baseline -0.008 -68"><span class='ocrx_word' id='word_1_446' title='bbox 629 3380 746 3518; x_wconf 71' lang='grc'><strong>1(5)</strong></span> <span class='ocrx_word' id='word_1_447' title='bbox 785 3393 888 3448; x_wconf 83' lang='lat' dir='ltr'><strong>Ms.</strong></span> <span class='ocrx_word' id='word_1_448' title='bbox 937 3380 1141 3464; x_wconf 51' lang='lat' dir='ltr'><strong>inuquo</strong></span> <span class='ocrx_word' id='word_1_449' title='bbox 1183 3380 1489 3448; x_wconf 70' lang='lat' dir='ltr'><strong>sanctorum</strong></span> <span class='ocrx_word' id='word_1_450' title='bbox 1527 3407 1620 3446; x_wconf 87' lang='lat' dir='ltr'><strong>cor</strong></span> <span class='ocrx_word' id='word_1_451' title='bbox 1660 3407 1873 3446; x_wconf 83' lang='lat' dir='ltr'><strong>sursum</strong></span> <span class='ocrx_word' id='word_1_452' title='bbox 1913 3392 1964 3445; x_wconf 92' lang='lat' dir='ltr'><strong>in</strong></span> <span class='ocrx_word' id='word_1_453' title='bbox 2009 3406 2192 3457; x_wconf 85' lang='lat' dir='ltr'><strong>cruce</strong></span> <span class='ocrx_word' id='word_1_454' title='bbox 2277 3380 2538 3516; x_wconf 56' lang='lat' dir='ltr'><strong>Lndrt&#39;cm.</strong></span> <span class='ocrx_word' id='word_1_455' title='bbox 2572 3394 2636 3448; x_wconf 86' lang='lat' dir='ltr'><strong>de</strong></span> <span class='ocrx_word' id='word_1_456' title='bbox 2671 3408 2778 3464; x_wconf 82' lang='lat' dir='ltr'><strong>quo</strong></span> <span class='ocrx_word' id='word_1_457' title='bbox 2809 3408 2916 3447; x_wconf 91' lang='lat' dir='ltr'><strong>uno</strong></span> <span class='ocrx_word' id='word_1_458' title='bbox 2947 3393 3036 3447; x_wconf 87' lang='lat' dir='ltr'><strong>die</strong></span> <span class='ocrx_word' id='word_1_459' title='bbox 3066 3380 3258 3446; x_wconf 71' lang='lat' dir='ltr'><strong>onines</strong></span> <span class='ocrx_word' id='word_1_460' title='bbox 3290 3390 3535 3458; x_wconf 84' lang='lat' dir='ltr'><strong>sapientes</strong></span> <span class='ocrx_word' id='word_1_461' title='bbox 3558 3380 3732 3448; x_wconf 77' lang='lat' dir='ltr'><strong>trepida-</strong></span> 
     </span>
     <span class='ocr_line' id='line_1_37' title="bbox 595 3472 2429 3520; baseline 0 -4"><span class='ocrx_word' id='word_1_462' title='bbox 595 3483 620 3516; x_wconf 70' lang='grc' dir='ltr'><strong><em>ε</em></strong></span> <span class='ocrx_word' id='word_1_463' title='bbox 651 3474 858 3520; x_wconf 76' lang='lat' dir='ltr'><strong>cvatur.</strong></span> <span class='ocrx_word' id='word_1_464' title='bbox 2316 3472 2429 3516; x_wconf 93' lang='lat' dir='ltr'><strong>unt.</strong></span> 
     </span>
    </p>
   </div>
   <div class='ocr_carea' id='block_1_37' title="bbox 607 3557 3730 3629">
    <p class='ocr_par' dir='ltr' id='par_1_37' title="bbox 607 3557 3730 3629">
     <span class='ocr_line' id='line_1_38' title="bbox 607 3557 3730 3629; baseline -0.004 0"><span class='ocrx_word' id='word_1_465' title='bbox 607 3557 3730 3629; x_wconf 47' lang='grc' dir='ltr'><strong>Μ</strong></span> 
     </span>
    </p>
   </div>
   <div class='ocr_carea' id='block_1_38' title="bbox 1832 3713 2620 3762">
    <p class='ocr_par' dir='ltr' id='par_1_38' title="bbox 1832 3713 2620 3762">
     <span class='ocr_line' id='line_1_39' title="bbox 1832 3713 2620 3762; baseline 0.001 -1"><span class='ocrx_word' id='word_1_466' title='bbox 1832 3715 2000 3761; x_wconf 77' lang='lat' dir='ltr'><strong>ANNO</strong></span> <span class='ocrx_word' id='word_1_467' title='bbox 2049 3713 2272 3761; x_wconf 78' lang='lat' dir='ltr'><strong>DOMINI</strong></span> <span class='ocrx_word' id='word_1_468' title='bbox 2314 3717 2589 3762; x_wconf 82' lang='lat' dir='ltr'><strong>CCCXLVI]</strong></span> <span class='ocrx_word' id='word_1_469' title='bbox 2603 3743 2620 3762; x_wconf 79' lang='grc' dir='ltr'><strong><em>ο</em></strong></span> 
     </span>
    </p>
   </div>
   <div class='ocr_carea' id='block_1_39' title="bbox 1561 3832 2906 4136">
    <p class='ocr_par' dir='ltr' id='par_1_39' title="bbox 1561 3832 2906 4136">
     <span class='ocr_line' id='line_1_40' title="bbox 1561 3832 2906 4136; baseline -0.007 0"><span class='ocrx_word' id='word_1_470' title='bbox 1561 3957 1734 4136; x_wconf 83' lang='lat' dir='ltr'><strong>s.</strong></span> <span class='ocrx_word' id='word_1_471' title='bbox 1833 3832 2906 4134; x_wconf 71' lang='lat' dir='ltr'><strong>SEnAPION</strong></span> 
     </span>
    </p>
   </div>
   <div class='ocr_carea' id='block_1_40' title="bbox 1087 4214 2671 4351">
    <p class='ocr_par' dir='ltr' id='par_1_40' title="bbox 1087 4214 2671 4351">
     <span class='ocr_line' id='line_1_41' title="bbox 1087 4214 2671 4351; baseline -0.009 0"><span class='ocrx_word' id='word_1_472' title='bbox 1087 4214 2256 4351; x_wconf 27' lang='lat' dir='ltr'><strong>THMU&#39;ITANUS</strong></span> <span class='ocrx_word' id='word_1_473' title='bbox 2357 4233 2633 4345; x_wconf 88' lang='lat' dir='ltr'><strong>EPI</strong></span> 
     </span>
    </p>
   </div>
   <div class='ocr_carea' id='block_1_41' title="bbox 1741 4214 3325 4351">
    <p class='ocr_par' dir='ltr' id='par_1_41' title="bbox 1741 4229 3325 4348">
     <span class='ocr_line' id='line_1_42' title="bbox 1741 4229 3325 4348; baseline -0.003 -2"><span class='ocrx_word' id='word_1_474' title='bbox 1741 4232 2256 4347; x_wconf 70' lang='lat' dir='ltr'><strong>FANUS</strong></span> <span class='ocrx_word' id='word_1_475' title='bbox 2357 4229 3325 4348; x_wconf 85' lang='lat' dir='ltr'><strong>EPISCOPUS</strong></span> 
     </span>
    </p>
   </div>
   <div class='ocr_carea' id='block_1_42' title="bbox 2004 4515 2444 4594">
    <p class='ocr_par' dir='ltr' id='par_1_42' title="bbox 2004 4515 2444 4594">
     <span class='ocr_line' id='line_1_43' title="bbox 2004 4515 2444 4594; baseline -0.018 0"><span class='ocrx_word' id='word_1_476' title='bbox 2004 4515 2444 4594; x_wconf 83' lang='lat' dir='ltr'><strong>NOTITIA</strong></span> 
     </span>
    </p>
   </div>
   <div class='ocr_carea' id='block_1_43' title="bbox 1454 4639 3019 4721">
    <p class='ocr_par' dir='ltr' id='par_1_43' title="bbox 1454 4639 3019 4721">
     <span class='ocr_line' id='line_1_44' title="bbox 1454 4639 3019 4721; baseline -0.008 -16"><span class='ocrx_word' id='word_1_477' title='bbox 1454 4647 1775 4721; x_wconf 72' lang='lat' dir='ltr'><strong>(CALLAND.,</strong></span> <span class='ocrx_word' id='word_1_478' title='bbox 1821 4649 1932 4705; x_wconf 82' lang='lat' dir='ltr'><strong>Vel.</strong></span> <span class='ocrx_word' id='word_1_479' title='bbox 1968 4652 2114 4707; x_wconf 84' lang='lat' dir='ltr'><strong>Patr.</strong></span> <span class='ocrx_word' id='word_1_480' title='bbox 2142 4645 2412 4711; x_wconf 71' lang='grc' dir='ltr'>Πὶὸιίοιιι.,</span> <span class='ocrx_word' id='word_1_481' title='bbox 2441 4656 2480 4701; x_wconf 93' lang='grc' dir='ltr'>ι.</span> <span class='ocrx_word' id='word_1_482' title='bbox 2509 4643 2572 4710; x_wconf 77' lang='grc' dir='ltr'>ν,</span> <span class='ocrx_word' id='word_1_483' title='bbox 2597 4639 2808 4710; x_wconf 82' lang='lat' dir='ltr'><strong>Prolcg.</strong></span> <span class='ocrx_word' id='word_1_484' title='bbox 2837 4656 2892 4709; x_wconf 93' lang='lat' dir='ltr'><strong>p.</strong></span> <span class='ocrx_word' id='word_1_485' title='bbox 2917 4641 3019 4708; x_wconf 81' lang='lat' dir='ltr'><strong>nt.)</strong></span> 
     </span>
    </p>
   </div>
   <div class='ocr_carea' id='block_1_44' title="bbox 693 4813 3736 4936">
    <p class='ocr_par' dir='ltr' id='par_1_44' title="bbox 693 4813 3736 4936">
     <span class='ocr_line' id='line_1_45' title="bbox 693 4813 3736 4936; baseline -0.014 -22"><span class='ocrx_word' id='word_1_486' title='bbox 693 4859 736 4914; x_wconf 91' lang='lat' dir='ltr'><strong>l.</strong></span> <span class='ocrx_word' id='word_1_487' title='bbox 763 4855 1021 4925; x_wconf 89' lang='lat' dir='ltr'><strong>Serapion</strong></span> <span class='ocrx_word' id='word_1_488' title='bbox 1057 4851 1449 4923; x_wconf 66' lang='lat' dir='ltr'><strong>Egyptius,vir</strong></span> <span class='ocrx_word' id='word_1_489' title='bbox 1465 4849 1763 4903; x_wconf 87' lang='lat' dir='ltr'><strong>admirabili</strong></span> <span class='ocrx_word' id='word_1_490' title='bbox 1781 4851 2190 4903; x_wconf 78' lang='lat' dir='ltr'><strong>vila’sanclimo-</strong></span> <span class='ocrx_word' id='word_1_491' title='bbox 2220 4855 2264 4912; x_wconf 88' lang='lat' dir='ltr'>c</span> <span class='ocrx_word' id='word_1_492' title='bbox 2297 4844 2481 4901; x_wconf 82' lang='lat' dir='ltr'><strong>habuit</strong></span> <span class='ocrx_word' id='word_1_493' title='bbox 2507 4814 2517 4822; x_wconf 29' lang='grc' dir='ltr'>θ</span> <span class='ocrx_word' id='word_1_494' title='bbox 2545 4840 2897 4908; x_wconf 84' lang='lat' dir='ltr'><strong>Serapionem</strong></span> <span class='ocrx_word' id='word_1_495' title='bbox 2953 4849 3176 4903; x_wconf 85' lang='lat' dir='ltr'><strong>magnus</strong></span> <span class='ocrx_word' id='word_1_496' title='bbox 3223 4826 3467 4886; x_wconf 77' lang='lat' dir='ltr'><strong>Antonius</strong></span> <span class='ocrx_word' id='word_1_497' title='bbox 3665 4813 3736 4936; x_wconf 54' lang='lat' dir='ltr'><strong>ig</strong></span> 
     </span>
    </p>
   </div>
   <div class='ocr_carea' id='block_1_45' title="bbox 624 4903 3730 5014">
    <p class='ocr_par' dir='ltr' id='par_1_45' title="bbox 624 4903 3730 5014">
     <span class='ocr_line' id='line_1_46' title="bbox 693 4903 2698 4925; baseline -0.014 3"><span class='ocrx_word' id='word_1_498' title='bbox 693 4903 736 4914; x_wconf 84' lang='lat'><strong>&quot;</strong></span> <span class='ocrx_word' id='word_1_499' title='bbox 763 4903 1020 4925; x_wconf 67' lang='lat' dir='ltr'><strong>‘&quot;&quot;&quot;r&quot;&#39;&quot;</strong></span> <span class='ocrx_word' id='word_1_500' title='bbox 1058 4903 1176 4923; x_wconf 72' lang='lat' dir='ltr'><strong>&#39;—DJ</strong></span> <span class='ocrx_word' id='word_1_501' title='bbox 1193 4903 1354 4921; x_wconf 43' lang='grc' dir='ltr'><strong>(ηπ-ι</strong></span> <span class='ocrx_word' id='word_1_502' title='bbox 1378 4903 1385 4904; x_wconf 48' lang='grc' dir='ltr'>ί</span> <span class='ocrx_word' id='word_1_503' title='bbox 2226 4903 2264 4912; x_wconf 53' lang='grc' dir='ltr'><strong>ν,</strong></span> <span class='ocrx_word' id='word_1_504' title='bbox 2686 4903 2698 4908; x_wconf 79' lang='lat'>_</span> 
     </span>
     <span class='ocr_line' id='line_1_47' title="bbox 624 4903 3730 5014; baseline -0.018 -11"><span class='ocrx_word' id='word_1_505' title='bbox 624 4951 711 5003; x_wconf 86' lang='lat' dir='ltr'><strong>nia</strong></span> <span class='ocrx_word' id='word_1_506' title='bbox 743 4959 792 5002; x_wconf 87' lang='lat' dir='ltr'><strong>et</strong></span> <span class='ocrx_word' id='word_1_507' title='bbox 826 4947 1033 5000; x_wconf 84' lang='lat' dir='ltr'><strong>dicendi</strong></span> <span class='ocrx_word' id='word_1_508' title='bbox 1073 4944 1223 5012; x_wconf 87' lang='lat' dir='ltr'><strong>copia</strong></span> <span class='ocrx_word' id='word_1_509' title='bbox 1254 4942 1526 5010; x_wconf 65' lang='lat' dir='ltr'><strong>pra’ditus,</strong></span> <span class='ocrx_word' id='word_1_510' title='bbox 1573 4947 1708 4993; x_wconf 86' lang='lat' dir='ltr'><strong>teste</strong></span> <span class='ocrx_word' id='word_1_511' title='bbox 1754 4936 2057 4992; x_wconf 81' lang='lat' dir='ltr'><strong>Sozomeno</strong></span> <span class='ocrx_word' id='word_1_512' title='bbox 2086 4938 2185 5008; x_wconf 82' lang='grc' dir='ltr'><strong>(α),</strong></span> <span class='ocrx_word' id='word_1_513' title='bbox 2296 4937 2560 5007; x_wconf 79' lang='lat' dir='ltr'><strong>siquidem</strong></span> <span class='ocrx_word' id='word_1_514' title='bbox 2603 4933 2840 4985; x_wconf 78' lang='lat' dir='ltr'><strong>visiones</strong></span> <span class='ocrx_word' id='word_1_515' title='bbox 2878 4943 3003 4983; x_wconf 86' lang='lat' dir='ltr'><strong>suas</strong></span> <span class='ocrx_word' id='word_1_516' title='bbox 3049 4937 3300 4979; x_wconf 85' lang='lat' dir='ltr'><strong>enarrare</strong></span> <span class='ocrx_word' id='word_1_517' title='bbox 3341 4903 3730 5014; x_wconf 59' lang='lat' dir='ltr'><strong>consuever;it:m:|</strong></span> 
     </span>
    </p>
   </div>
   <div class='ocr_carea' id='block_1_46' title="bbox 623 4995 2207 5116">
    <p class='ocr_par' dir='ltr' id='par_1_46' title="bbox 623 4995 2190 5110">
     <span class='ocr_line' id='line_1_48' title="bbox 623 4995 2190 5110; baseline -0.006 -17"><span class='ocrx_word' id='word_1_518' title='bbox 623 4995 1215 5110; x_wconf 17' lang='lat' dir='ltr'><strong>cantitanda;</strong></span> <span class='ocrx_word' id='word_1_519' title='bbox 1245 4995 1334 5086; x_wconf 43' lang='lat' dir='ltr'><strong>et»;</strong></span> <span class='ocrx_word' id='word_1_520' title='bbox 1383 4995 1820 5102; x_wconf 53' lang='lat' dir='ltr'><strong>ﬁfovhecnémo;</strong></span> <span class='ocrx_word' id='word_1_521' title='bbox 1873 5031 1967 5083; x_wconf 72' lang='grc' dir='ltr'><strong>καὶ</strong></span> <span class='ocrx_word' id='word_1_522' title='bbox 2009 4995 2190 5099; x_wconf 42' lang='grc' dir='ltr'><strong>λέξείρ</strong></span> 
     </span>
    </p>
   </div>
   <div class='ocr_carea' id='block_1_47' title="bbox 2144 4995 3728 5116">
    <p class='ocr_par' dir='ltr' id='par_1_47' title="bbox 2144 4995 3728 5116">
     <span class='ocr_line' id='line_1_49' title="bbox 2144 4995 3728 5116; baseline -0.034 -26"><span class='ocrx_word' id='word_1_523' title='bbox 2144 4995 2190 5084; x_wconf 46' lang='lat' dir='ltr'><strong>iv</strong></span> <span class='ocrx_word' id='word_1_524' title='bbox 2299 4995 2536 5084; x_wconf 75' lang='lat' dir='ltr'><strong>moriens</strong></span> <span class='ocrx_word' id='word_1_525' title='bbox 2560 5023 2807 5078; x_wconf 85' lang='lat' dir='ltr'><strong>melotem</strong></span> <span class='ocrx_word' id='word_1_526' title='bbox 2839 5035 2999 5074; x_wconf 85' lang='lat' dir='ltr'><strong>unam</strong></span> <span class='ocrx_word' id='word_1_527' title='bbox 3039 5014 3250 5084; x_wconf 86' lang='lat' dir='ltr'><strong>reliquit</strong></span> <span class='ocrx_word' id='word_1_528' title='bbox 3278 5011 3363 5076; x_wconf 84' lang='lat' dir='ltr'><strong>(c).</strong></span> <span class='ocrx_word' id='word_1_529' title='bbox 3397 5003 3503 5071; x_wconf 81' lang='lat' dir='ltr'><strong>Ejus</strong></span> <span class='ocrx_word' id='word_1_530' title='bbox 3526 4995 3728 5116; x_wconf 54' lang='lat' dir='ltr'><strong>ilﬂtllazl&#39;:</strong></span> 
     </span>
     <span class='ocr_line' id='line_1_50' title="bbox 2714 5097 3603 5116; baseline -0.04 0"><span class='ocrx_word' id='word_1_531' title='bbox 2714 5115 2717 5116; x_wconf 30' lang='grc' dir='ltr'><em>ν</em></span> <span class='ocrx_word' id='word_1_532' title='bbox 2950 5113 2961 5116; x_wconf 97' lang='lat'>_</span> <span class='ocrx_word' id='word_1_533' title='bbox 3155 5108 3167 5116; x_wconf 93' lang='lat'>_</span> <span class='ocrx_word' id='word_1_534' title='bbox 3193 5107 3203 5116; x_wconf 34' lang='grc'><strong><em>⁸</em></strong></span> <span class='ocrx_word' id='word_1_535' title='bbox 3344 5101 3361 5116; x_wconf 44' lang='grc' dir='ltr'>ι</span> <span class='ocrx_word' id='word_1_536' title='bbox 3379 5097 3603 5116; x_wconf 35' lang='lat' dir='ltr'><strong>Lam“</strong></span> 
     </span>
    </p>
   </div>
   <div class='ocr_carea' id='block_1_48' title="bbox 623 5087 3731 5210">
    <p class='ocr_par' dir='ltr' id='par_1_48' title="bbox 623 5087 3731 5210">
     <span class='ocr_line' id='line_1_51' title="bbox 623 5087 3731 5210; baseline -0.01 -26"><span class='ocrx_word' id='word_1_537' title='bbox 623 5087 813 5194; x_wconf 35' lang='lat'><strong>553;,</strong></span> <span class='ocrx_word' id='word_1_538' title='bbox 859 5087 1008 5199; x_wconf 70' lang='lat' dir='ltr'><strong>prius</strong></span> <span class='ocrx_word' id='word_1_539' title='bbox 1049 5087 1696 5194; x_wconf 48' lang='lat' dir='ltr'><strong>monasticm&#39;disciplinae</strong></span> <span class='ocrx_word' id='word_1_540' title='bbox 1731 5122 1924 5185; x_wconf 87' lang='lat' dir='ltr'><strong>cultor,</strong></span> <span class='ocrx_word' id='word_1_541' title='bbox 1964 5123 2092 5191; x_wconf 87' lang='lat' dir='ltr'><strong>quin</strong></span> <span class='ocrx_word' id='word_1_542' title='bbox 2137 5131 2191 5176; x_wconf 91' lang='lat' dir='ltr'><strong>et</strong></span> <span class='ocrx_word' id='word_1_543' title='bbox 2298 5123 2424 5176; x_wconf 80' lang='lat' dir='ltr'><strong>citia</strong></span> <span class='ocrx_word' id='word_1_544' title='bbox 2474 5115 2814 5171; x_wconf 80' lang='lat' dir='ltr'><strong>familiariter</strong></span> <span class='ocrx_word' id='word_1_545' title='bbox 2857 5113 3109 5165; x_wconf 85' lang='lat' dir='ltr'><strong>utebatur</strong></span> <span class='ocrx_word' id='word_1_546' title='bbox 3155 5107 3290 5210; x_wconf 72' lang='lat' dir='ltr'><strong>idem</strong></span> <span class='ocrx_word' id='word_1_547' title='bbox 3334 5087 3731 5210; x_wconf 42' lang='lat' dir='ltr'><strong>Atll&#39;attﬁr&#39;srmg:</strong></span> 
     </span>
    </p>
   </div>
   <div class='ocr_carea' id='block_1_49' title="bbox 628 5167 2212 5285">
    <p class='ocr_par' dir='ltr' id='par_1_49' title="bbox 628 5167 2191 5285">
     <span class='ocr_line' id='line_1_52' title="bbox 628 5167 2191 5199; baseline -0.006 -14"><span class='ocrx_word' id='word_1_548' title='bbox 628 5167 813 5194; x_wconf 58' lang='grc' dir='ltr'><strong>πων</strong></span> <span class='ocrx_word' id='word_1_549' title='bbox 859 5167 1008 5199; x_wconf 69' lang='grc' dir='ltr'><strong>,ωηο</strong></span> <span class='ocrx_word' id='word_1_550' title='bbox 1049 5167 1358 5182; x_wconf 62' lang='grc' dir='ltr'><strong>...υ........ι..,</strong></span> <span class='ocrx_word' id='word_1_551' title='bbox 1401 5167 1695 5194; x_wconf 67' lang='lat'><strong>-......,,......</strong></span> <span class='ocrx_word' id='word_1_552' title='bbox 1733 5167 1924 5185; x_wconf 53' lang='grc' dir='ltr'><strong>νη-..</strong></span> <span class='ocrx_word' id='word_1_553' title='bbox 1966 5167 2092 5191; x_wconf 52' lang='grc' dir='ltr'><strong>Ἰν...</strong></span> <span class='ocrx_word' id='word_1_554' title='bbox 2140 5167 2191 5176; x_wconf 57' lang='grc' dir='ltr'><strong>ν-</strong></span> 
     </span>
     <span class='ocr_line' id='line_1_53' title="bbox 628 5213 2178 5285; baseline -0.008 -8"><span class='ocrx_word' id='word_1_555' title='bbox 628 5223 916 5277; x_wconf 88' lang='lat' dir='ltr'><strong>multorum</strong></span> <span class='ocrx_word' id='word_1_556' title='bbox 961 5220 1170 5276; x_wconf 84' lang='lat' dir='ltr'><strong>exstitit</strong></span> <span class='ocrx_word' id='word_1_557' title='bbox 1216 5215 1604 5272; x_wconf 87' lang='lat' dir='ltr'><strong>monachorum</strong></span> <span class='ocrx_word' id='word_1_558' title='bbox 1653 5213 1972 5285; x_wconf 75' lang='grc' dir='ltr'><strong>ἡγούμενος,</strong></span> <span class='ocrx_word' id='word_1_559' title='bbox 2017 5227 2178 5281; x_wconf 92' lang='lat' dir='ltr'><strong>quam</strong></span> 
     </span>
    </p>
   </div>
   <div class='ocr_carea' id='block_1_50' title="bbox 2130 5167 3714 5285">
    <p class='ocr_par' dir='ltr' id='par_1_50' title="bbox 2131 5167 3714 5279">
     <span class='ocr_line' id='line_1_54' title="bbox 2131 5167 3714 5279; baseline -0.038 -5"><span class='ocrx_word' id='word_1_560' title='bbox 2131 5228 2178 5265; x_wconf 83' lang='lat' dir='ltr'><strong>In</strong></span> <span class='ocrx_word' id='word_1_561' title='bbox 2298 5223 2351 5267; x_wconf 88' lang='lat' dir='ltr'><strong>et</strong></span> <span class='ocrx_word' id='word_1_562' title='bbox 2375 5209 2474 5279; x_wconf 90' lang='lat' dir='ltr'><strong>ipsi</strong></span> <span class='ocrx_word' id='word_1_563' title='bbox 2497 5209 2734 5277; x_wconf 83' lang='lat' dir='ltr'><strong>quinque</strong></span> <span class='ocrx_word' id='word_1_564' title='bbox 2761 5201 3038 5270; x_wconf 88' lang='lat' dir='ltr'><strong>inscripsit</strong></span> <span class='ocrx_word' id='word_1_565' title='bbox 3069 5193 3342 5266; x_wconf 85' lang='lat' dir='ltr'><strong>epistolas,</strong></span> <span class='ocrx_word' id='word_1_566' title='bbox 3385 5183 3459 5239; x_wconf 92' lang='lat' dir='ltr'><strong>ubi</strong></span> <span class='ocrx_word' id='word_1_567' title='bbox 3498 5167 3714 5243; x_wconf 78' lang='lat' dir='ltr'><strong>ejnslaudc</strong></span> 
     </span>
    </p>
   </div>
   <div class='ocr_carea' id='block_1_51' title="bbox 627 5285 3324 5376">
    <p class='ocr_par' dir='ltr' id='par_1_51' title="bbox 627 5285 3324 5376">
     <span class='ocr_line' id='line_1_55' title="bbox 627 5285 3324 5376; baseline -0.013 -8"><span class='ocrx_word' id='word_1_568' title='bbox 627 5315 694 5368; x_wconf 87' lang='lat' dir='ltr'><strong>ad</strong></span> <span class='ocrx_word' id='word_1_569' title='bbox 745 5313 1035 5369; x_wconf 83' lang='lat' dir='ltr'><strong>Ecclesiam</strong></span> <span class='ocrx_word' id='word_1_570' title='bbox 1083 5311 1460 5366; x_wconf 90' lang='lat' dir='ltr'><strong>Thmuitanam</strong></span> <span class='ocrx_word' id='word_1_571' title='bbox 1517 5307 1803 5376; x_wconf 85' lang='lat' dir='ltr'><strong>regendam</strong></span> <span class='ocrx_word' id='word_1_572' title='bbox 1852 5312 2191 5368; x_wconf 88' lang='lat' dir='ltr'><strong>evocaretnr,</strong></span> <span class='ocrx_word' id='word_1_573' title='bbox 2299 5304 2496 5374; x_wconf 76' lang='lat' dir='ltr'><strong>passim</strong></span> <span class='ocrx_word' id='word_1_574' title='bbox 2528 5300 2764 5354; x_wconf 87' lang='lat' dir='ltr'><strong>cclebrat</strong></span> <span class='ocrx_word' id='word_1_575' title='bbox 2790 5311 2852 5350; x_wconf 89' lang='lat' dir='ltr'><strong>ac</strong></span> <span class='ocrx_word' id='word_1_576' title='bbox 2884 5294 3074 5348; x_wconf 88' lang='lat' dir='ltr'><strong>merita</strong></span> <span class='ocrx_word' id='word_1_577' title='bbox 3108 5285 3324 5345; x_wconf 79' lang='lat' dir='ltr'><strong>extollit.</strong></span> 
     </span>
    </p>
   </div>
   <div class='ocr_carea' id='block_1_52' title="bbox 630 5339 3730 5469">
    <p class='ocr_par' dir='ltr' id='par_1_52' title="bbox 630 5339 3730 5469">
     <span class='ocr_line' id='line_1_56' title="bbox 630 5339 3730 5394; baseline 0 -28"><span class='ocrx_word' id='word_1_578' title='bbox 630 5339 694 5368; x_wconf 66' lang='lat' dir='ltr'><strong>ill</strong></span> <span class='ocrx_word' id='word_1_579' title='bbox 745 5339 1035 5369; x_wconf 65' lang='lat' dir='ltr'><strong>DCCICSIBIII</strong></span> <span class='ocrx_word' id='word_1_580' title='bbox 1092 5339 1460 5366; x_wconf 74' lang='grc' dir='ltr'>ιιιιιιυιιωιαιιι</span> <span class='ocrx_word' id='word_1_581' title='bbox 1519 5339 1803 5376; x_wconf 64' lang='grc' dir='ltr'>Ιεδουυαιιι</span> <span class='ocrx_word' id='word_1_582' title='bbox 1852 5339 2191 5368; x_wconf 64' lang='grc' dir='ltr'><strong>υνυυίηι-ὐην</strong></span> <span class='ocrx_word' id='word_1_583' title='bbox 2301 5339 2496 5374; x_wconf 67' lang='grc' dir='ltr'><strong>γωδ-ιι·</strong></span> <span class='ocrx_word' id='word_1_584' title='bbox 2528 5339 2764 5354; x_wconf 65' lang='lat'><strong>&quot;&quot;&#39;&quot;”&#39;“&#39;</strong></span> <span class='ocrx_word' id='word_1_585' title='bbox 2790 5339 2852 5350; x_wconf 82' lang='lat'><strong>&quot;&quot;</strong></span> <span class='ocrx_word' id='word_1_586' title='bbox 2885 5339 3074 5348; x_wconf 79' lang='lat'><strong>&quot;&quot;&#39;&quot;&quot;&#39;</strong></span> <span class='ocrx_word' id='word_1_587' title='bbox 3112 5339 3232 5387; x_wconf 24' lang='lat' dir='ltr'><strong>&#39;&quot;V’.</strong></span> <span class='ocrx_word' id='word_1_588' title='bbox 3418 5364 3427 5374; x_wconf 76' lang='grc'>,</span> <span class='ocrx_word' id='word_1_589' title='bbox 3531 5359 3540 5368; x_wconf 93' lang='grc'>.</span> <span class='ocrx_word' id='word_1_590' title='bbox 3637 5339 3730 5394; x_wconf 55' lang='lat' dir='ltr'><strong>af“,</strong></span> 
     </span>
     <span class='ocr_line' id='line_1_57' title="bbox 630 5363 3633 5469; baseline -0.019 -11"><span class='ocrx_word' id='word_1_591' title='bbox 630 5413 690 5458; x_wconf 94' lang='lat' dir='ltr'><strong>ut</strong></span> <span class='ocrx_word' id='word_1_592' title='bbox 729 5405 919 5459; x_wconf 88' lang='lat' dir='ltr'><strong>scribit</strong></span> <span class='ocrx_word' id='word_1_593' title='bbox 963 5413 1183 5459; x_wconf 86' lang='lat' dir='ltr'><strong>sanctus</strong></span> <span class='ocrx_word' id='word_1_594' title='bbox 1227 5400 1555 5457; x_wconf 83' lang='lat' dir='ltr'><strong>Athanasius</strong></span> <span class='ocrx_word' id='word_1_595' title='bbox 1585 5398 1682 5469; x_wconf 88' lang='lat' dir='ltr'><strong>(b).</strong></span> <span class='ocrx_word' id='word_1_596' title='bbox 1714 5397 1879 5452; x_wconf 84' lang='lat' dir='ltr'><strong>Multo</strong></span> <span class='ocrx_word' id='word_1_597' title='bbox 1919 5395 1970 5450; x_wconf 94' lang='lat' dir='ltr'><strong>in</strong></span> <span class='ocrx_word' id='word_1_598' title='bbox 2021 5395 2194 5465; x_wconf 87' lang='lat' dir='ltr'><strong>pretio</strong></span> <span class='ocrx_word' id='word_1_599' title='bbox 2374 5391 2479 5447; x_wconf 79' lang='lat' dir='ltr'><strong>Sub</strong></span> <span class='ocrx_word' id='word_1_600' title='bbox 2511 5389 2816 5444; x_wconf 84' lang='lat' dir='ltr'><strong>Constantio</strong></span> <span class='ocrx_word' id='word_1_601' title='bbox 2872 5385 3102 5453; x_wconf 77' lang='lat' dir='ltr'><strong>principe</strong></span> <span class='ocrx_word' id='word_1_602' title='bbox 3149 5383 3334 5434; x_wconf 80' lang='lat' dir='ltr'><strong>Anano</strong></span> <span class='ocrx_word' id='word_1_603' title='bbox 3366 5375 3499 5421; x_wconf 76' lang='lat' dir='ltr'><strong>etiam</strong></span> <span class='ocrx_word' id='word_1_604' title='bbox 3525 5363 3633 5408; x_wconf 77' lang='lat' dir='ltr'><strong>ntro</strong></span> 
     </span>
    </p>
   </div>
   <div class='ocr_carea' id='block_1_53' title="bbox 703 5483 2287 5608">
    <p class='ocr_par' dir='ltr' id='par_1_53' title="bbox 703 5538 2169 5608">
     <span class='ocr_line' id='line_1_58' title="bbox 703 5538 2169 5608; baseline -0.003 -14"><span class='ocrx_word' id='word_1_605' title='bbox 703 5544 780 5608; x_wconf 74' lang='grc' dir='ltr'><strong>(τι)</strong></span> <span class='ocrx_word' id='word_1_606' title='bbox 825 5541 1037 5596; x_wconf 78' lang='lat' dir='ltr'><strong>Sozam.</strong></span> <span class='ocrx_word' id='word_1_607' title='bbox 1077 5541 1216 5595; x_wconf 72' lang='lat' dir='ltr'><strong>&quot;ist.</strong></span> <span class='ocrx_word' id='word_1_608' title='bbox 1251 5541 1427 5594; x_wconf 76' lang='lat' dir='ltr'><strong>cccles.</strong></span> <span class='ocrx_word' id='word_1_609' title='bbox 1460 5539 1551 5593; x_wconf 91' lang='lat' dir='ltr'><strong>lib.</strong></span> <span class='ocrx_word' id='word_1_610' title='bbox 1588 5554 1659 5599; x_wconf 85' lang='lat' dir='ltr'><strong>tv,</strong></span> <span class='ocrx_word' id='word_1_611' title='bbox 1689 5554 1806 5606; x_wconf 82' lang='lat' dir='ltr'><strong>cap.</strong></span> <span class='ocrx_word' id='word_1_612' title='bbox 1829 5538 1879 5590; x_wconf 76' lang='lat'><strong>9.</strong></span> <span class='ocrx_word' id='word_1_613' title='bbox 2156 5601 2169 5608; x_wconf 35' lang='lat'><strong>-</strong></span> 
     </span>
    </p>
   </div>
   <div class='ocr_carea' id='block_1_54' title="bbox 2147 5483 3731 5608">
    <p class='ocr_par' dir='ltr' id='par_1_54' title="bbox 2156 5483 3731 5608">
     <span class='ocr_line' id='line_1_59' title="bbox 2156 5483 3731 5608; baseline -0.037 0"><span class='ocrx_word' id='word_1_614' title='bbox 2156 5601 2169 5608; x_wconf 85' lang='lat'><strong>-</strong></span> <span class='ocrx_word' id='word_1_615' title='bbox 2379 5533 2448 5602; x_wconf 77' lang='grc' dir='ltr'><strong>(ι’)</strong></span> <span class='ocrx_word' id='word_1_616' title='bbox 2480 5525 2872 5608; x_wconf 31' lang='grc' dir='ltr'><strong>Μηὶξιῄνῇο-</strong></span> <span class='ocrx_word' id='word_1_617' title='bbox 2913 5526 3100 5580; x_wconf 76' lang='lat' dir='ltr'><strong>Anton.</strong></span> <span class='ocrx_word' id='word_1_618' title='bbox 3136 5519 3190 5591; x_wconf 58' lang='grc' dir='ltr'><strong>ἐξ</strong></span> <span class='ocrx_word' id='word_1_619' title='bbox 3221 5517 3306 5577; x_wconf 74' lang='lat'><strong>8‘2,</strong></span> <span class='ocrx_word' id='word_1_620' title='bbox 3339 5510 3416 5571; x_wconf 78' lang='lat' dir='ltr'><strong>Ol,</strong></span> <span class='ocrx_word' id='word_1_621' title='bbox 3445 5513 3550 5556; x_wconf 88' lang='lat' dir='ltr'><strong>tom.</strong></span> <span class='ocrx_word' id='word_1_622' title='bbox 3578 5491 3606 5552; x_wconf 82' lang='lat' dir='ltr'><strong>b</strong></span> <span class='ocrx_word' id='word_1_623' title='bbox 3641 5483 3731 5552; x_wconf 64' lang='grc' dir='ltr'><strong>Ρπί·</strong></span> 
     </span>
    </p>
   </div>
   <div class='ocr_carea' id='block_1_55' title="bbox 634 5599 3644 5756">
    <p class='ocr_par' dir='ltr' id='par_1_55' title="bbox 634 5599 3644 5756">
     <span class='ocr_line' id='line_1_60' title="bbox 704 5599 3644 5738; baseline -0.007 -73"><span class='ocrx_word' id='word_1_624' title='bbox 704 5599 1017 5738; x_wconf 50' lang='grc' dir='ltr'><strong>ζῡῇἳλὲιιιηιιι.</strong></span> <span class='ocrx_word' id='word_1_625' title='bbox 1065 5611 1319 5679; x_wconf 64' lang='grc' dir='ltr'><strong>Εῃὶδὶαιά</strong></span> <span class='ocrx_word' id='word_1_626' title='bbox 1367 5611 1640 5672; x_wconf 63' lang='grc' dir='ltr'><strong>θνατοημ,</strong></span> <span class='ocrx_word' id='word_1_627' title='bbox 1670 5608 1695 5678; x_wconf 81' lang='lat'>§</span> <span class='ocrx_word' id='word_1_628' title='bbox 1726 5599 1778 5671; x_wconf 73' lang='grc' dir='ltr'><strong>τ,</strong></span> <span class='ocrx_word' id='word_1_629' title='bbox 1812 5608 1948 5676; x_wconf 73' lang='grc' dir='ltr'>υνιι.</span> <span class='ocrx_word' id='word_1_630' title='bbox 1987 5615 2113 5658; x_wconf 81' lang='lat' dir='ltr'><strong>lunt.</strong></span> <span class='ocrx_word' id='word_1_631' title='bbox 2156 5601 2194 5669; x_wconf 85' lang='lat' dir='ltr'><strong>I,</strong></span> <span class='ocrx_word' id='word_1_632' title='bbox 2311 5599 2525 5672; x_wconf 44' lang='grc' dir='ltr'><strong>κείνης.</strong></span> <span class='ocrx_word' id='word_1_633' title='bbox 2567 5601 2689 5662; x_wconf 65' lang='lat'><strong>8.36,</strong></span> <span class='ocrx_word' id='word_1_634' title='bbox 2734 5599 2853 5652; x_wconf 70' lang='lat' dir='ltr'><strong>sat.</strong></span> <span class='ocrx_word' id='word_1_635' title='bbox 3641 5633 3644 5636; x_wconf 39' lang='grc' dir='ltr'><strong>ι</strong></span> 
     </span>
     <span class='ocr_line' id='line_1_61' title="bbox 634 5701 914 5756; baseline -0.018 -17"><span class='ocrx_word' id='word_1_636' title='bbox 634 5701 756 5756; x_wconf 74' lang='lat' dir='ltr'><strong>pag.</strong></span> <span class='ocrx_word' id='word_1_637' title='bbox 899 5717 914 5734; x_wconf 91' lang='lat'><strong>.</strong></span> 
     </span>
    </p>
   </div>
  </div>
