4098 6200
262 244 269 249 “
307 247 419 304 39'!
1227 312 1231 316 '
1518 241 1576 300 S.
1614 237 1986 295 SEBAPION.
2027 271 2096 282 —
2128 240 2426 297 NOTITIA.

3447 249 3552 308 898

304 365 456 418 sione
474 358 703 429 inclytus
735 357 835 428 fuit
861 356 1150 426 Serapion,
1184 357 1361 426 inquit
1389 355 1747 428 Hieronymus
1771 357 1884 427 (a):
1918 360 1959 417 A
1990 357 2260 427 simulque
2288 362 2451 413 lanae
2483 373 2575 413 seu
2611 358 2865 413 Ecclesia:
2888 358 3266 415 Alexandrinae
3294 363 3554 430 regimine

296 451 395 519 qui
432 450 691 503 nimirum
715 464 851 503 antis
879 448 1039 502 fuerit
1082 463 1149 502 ex
1182 448 1248 502 iis
1274 447 1521 502 Patribus
1550 446 1885 503 Sardicensis

304 540 528 595 mucilii
580 554 728 594 anno
782 538 892 594 547
947 542 1141 603 coacti,
1194 539 1287 606 qui
1338 539 1616 593 Athanasii
1664 554 1884 594 causam

301 632 563 687 adversus
594 630 832 685 Arianns
860 630 1255 685 defendendam
1286 645 1610 700 suscepere;
1645 630 1885 700 adeoque

303 738 445 777 unius
472 737 538 777 ex
575 722 643 775 iis
680 720 1005 776 erthodoxis
1055 720 1394 789 prtcsulibus,
1426 720 1515 790 qui
1564 730 1785 791 urgente
1828 721 1883 774 in

302 813 496 883 primis
538 810 771 882 Georgio
812 810 1068 875 Ecclesiae
1110 811 1489 866 Alexandrinae
1521 814 1788 877 invasere,
1829 812 1883 866 in

303 903 560 962 exsilium
592 903 696 956 acti
749 901 922 956 fuisse
970 910 1287 956 noscuntur.
1343 901 1462 969 Quo
1507 913 1687 957 autem
1742 917 1884 957 anno

304 1012 618 1066 supremum
654 996 792 1051 diem
842 995 1104 1051 clauserit
1151 994 1413 1065 Serapion
1441 1035 1458 1058 .
1528 996 1671 1051 baud
1727 996 1885 1065 plane

305 1098 644 1158 compertum
686 1087 963 1143 habemus.
1005 1086 1139 1141 Illud
1183 1098 1392 1142 certum
1436 1088 1883 1157 exploratumque

305 1194 373 1233 ex
428 1178 839 1249 Epiphanio.(b),
864 1177 1194 1233 Seleuciensi
1218 1177 1452 1232 concilio
1480 1194 1623 1232 anno
1643 1178 1747 1233 55!)
1791 1191 1882 1232 ce-

305 1269 525 1324 lehrato
555 1269 861 1325 interfuisse
890 1269 1240 1324 Ptolemaeum
1280 1269 1591 1338 episc0pum
1610 1269 1881 1327 Thmueos

306 1360 705 1430 Augustonices
754 1375 844 1414 seu
883 1360 1277 1430 Augustanices
1302 1400 1317 1425 ,
1358 1370 1419 1414 ut
1454 1371 1736 1429 propterea
1780 1363 1880 1419 sub

307 1450 630 1506 Constantio
682 1450 922 1521 principe
968 1462 1094 1506 ante
1146 1451 1274 1506 illud
1327 1452 1638 1516 concilium,
1695 1453 1746 1507 id
1795 1464 1879 1508 est

301 1554 431 1596 ante
455 1558 658 1595 annum
689 1542 816 1606 359,
852 1558 882 1597 e
906 1543 1012 1597 vita
1051 1544 1351 1598 excessisse
1391 1543 1738 1613 Serapionem
1763 1554 1874 1600 sta-

303 1632 466 1685 tuerit
507 1632 748 1687 Valesius
775 1632 878 1701 (c).
905 1633 962 1687 in
994 1634 1153 1688 aliam
1184 1646 1361 1689 tamen
1390 1635 1713 1693 sententiam
1744 1634 1876 1690 abiit

309 1721 684 1778 I‘illemontius
713 1724 826 1794 (ά),
879 1725 969 1793 qui
1021 1723 1188 1779 nmlto
1238 1724 1415 1779 serius
1479 1724 1596 1791 ejus
1647 1734 1876 1781 mortem

301 1816 594 1885 contigisse
629 1816 891 1871 decernit.

373 1928 431 1982 Il.
474 1926 824 1998 Serapionem
875 1926 1237 1984 confessorem
1286 1928 1429 1983 inter
1476 1942 1573 1983 eos
1624 1925 1880 1981 Ecclesiae

303 2019 550 2074 doctores
582 2032 827 2074 recenset
857 2028 1075 2075 sanctus
1106 2018 1469 2089 Hieronymus
1513 2019 1608 2089 (ε),
1648 2019 1736 2087 qui
1764 2018 1881 2087 plci-

302 2110 631 2178 losopltorstm
672 2111 923 2164 doctrinis
950 2123 1104 2179 atque
1133 2109 1404 2163 sententiis
1435 2109 1491 2162 in
1518 2120 1721 2164 tantum
1754 2126 1878 2164 suos

303 2202 601 2255 resarciunt
635 2202 813 2265 libros,
866 2215 922 2254 ut
976 2202 1200 2268 nescias,
1253 2202 1466 2268 inquit,
1503 2200 1632 2270 quid
1674 2202 1728 2253 in
1774 2199 1879 2254 illis

304 2293 532 2357 primum
580 2292 834 2344 admirari
885 2291 1109 2356 debeas,
1157 2292 1506 2347 eruditionem
1555 2292 1758 2354 siccati,
1810 2307 1879 2344 an

302 2383 575 2435 scientiam
600 2379 1018 2452 Scripturarum.
1060 2382 1127 2461 Et
1171 2383 1295 2437 alibi
1344 2382 1447 2452 (ηε
1477 2381 1754 2451 Serapion,
1782 2382 1877 2447 ait,

301 2472 352 2529 Τ
350 2474 566 2528 limaces
590 2476 859 2545 episcopus
897 2474 960 2528 ob
1001 2475 1313 2544 elegantiam
1350 2476 1548 2545 ingenii
1596 2490 1879 2544 cognomen

300 2563 635 2628 Scholastici,
692 2565 741 2619 id
780 2574 882 2628 est,
928 2565 1035 2620 aviri
1084 2566 1288 2620 litteris
1333 2581 1397 2620 ae
1443 2566 1688 2619 doctrinm
1737 2580 1875 2633 prte-

300 2653 520 2717 stantis,
567 2655 774 2709 meruit.
821 2654 1026 2720 Quibus
1068 2654 1318 2724 equidem
1380 2655 1620 2710 doctoris
1661 2656 1876 2711 maximi

298 2749 481 2803 verbis
512 2749 563 2802 in
602 2764 719 2803 eam
751 2750 964 2807 demum
1000 2750 1325 2813 sententiam
1349 2750 1611 2814 adducor,
1641 2759 1693 2803 ut
1716 2750 1874 2803 tidem

305 2838 660 2892 adhibendam
689 2854 1078 2893 esse-censeam
1115 2838 1359 2910 Philippo
1411 2839 1630 2906 Sidetar,
1662 2839 1753 2910 qui
1779 2840 1877 2893 Se-

320 2929 599 2997 rapionem
670 2938 787 2997 post
861 2929 1260 2998 Theognostum
1336 2929 1534 2983 scholas
1598 2929 1878 2999 pra'fnisse

1985 451 2254 515 abdicato,
2304 452 2682 507 cmnobiticam
2719 452 2933 505 vivendi
2978 453 3203 507 formam
3237 454 3399 510 fuerit
3440 473 3554 511 ant-

1986 541 2192 611 plexus,
2242 558 2349 611 quo
2389 543 2641 598 nimirum
2699 545 2883 599 turbas
2923 545 2991 599 ab
3023 546 3152 599 Ario
3208 547 3259 601 in
3312 546 3556 607 Ecclesia

1984 636 2246 690 excitatas
2291 634 2583 689 declinaret
2612 649 2625 686 :
2654 636 2799 689 unde
2847 636 2913 689 ah
2955 636 3255 691 Athanasio
3301 639 3555 710 deinceps

1983 733 2257 790 evocatus,
2312 726 2379 779 ad
2412 724 2704 779 Ecelesiam
2740 724 3126 781 Thmuitanam
3169 731 3457 798 regendam
3486 733 3556 786 ah

1985 815 2101 884 ipso
2134 814 2293 870 fuerit
2318 824 2536 869 evectus
2563 823 2682 884 post
2710 815 2921 880 Caium,
2974 816 3062 884 qui
3093 817 3275 887 eidem.
3301 817 3553 875 Ecclesia:

1985 906 2215 975 praefuit,
2264 906 2463 976 quique
2501 908 2706 977 synodo
2753 906 2968 963 Nicena:
2994 906 3303 965 interfuisse
3338 925 3554 981 compe-

1985 997 2141 1051 ritur.

2051 1104 2138 1160 lll.
2181 1105 2351 1162 Porro
2394 1121 2459 1162 ex
2500 1108 2567 1163 iis
2603 1122 2725 1176 qua:
2763 1108 2960 1163 litteris
3010 1111 3352 1181 consignavit
3392 1112 3553 1168 Sera-

1982 1194 2128 1263 pion,
2159 1210 2298 1249 unus
2333 1195 2582 1250 adversus
2614 1195 3090 1252 Manichwosliber
3118 1209 3357 1267 superat,
3392 1216 3550 1271 quem

1979 1285 2238 1355 egregium
2293 1286 2523 1355 appellat
2565 1285 2923 1357 Hieronymus
2981 1286 3076 1359 (k).
3133 1288 3383 1359 Idemque
3420 1303 3555 1360 opus

1981 1377 2163 1431 laudat
2219 1392 2432 1447 quoque
2470 1377 2693 1434 Photius
2737 1380 2789 1434 in
2826 1380 3079 1448 Epitome
3125 1381 3189 1435 de
3242 1380 3552 1438 Maniclucis

1980 1470 2417 1538 repullulantibus
2469 1471 2569 1543 (l);
2641 1473 2729 1526 ubi
2763 1474 3076 1541 scriptorem
3123 1484 3366 1529 nostrum
3415 1476 3554 1532 inter

1979 1561 2155 1617 claros
2195 1563 2337 1619 illius
2369 1565 2465 1618 aevi
2497 1565 2767 1620 antistites
2803 1564 2989 1630 refert,
3020 1564 3277 1638 Cyrillum
3319 1568 3552 1633 scilicet,

1983 1653 2355 1723 Epiphanium,
2422 1654 2604 1710 Titum
2664 1656 3005 1710 Bostrensem
3080 1656 3553 1725 Alexandrumque

1983 1744 2443 1815 Lycopolitanum,
2464 1748 2555 1817 qui
2583 1749 2844 1803 adversus
2877 1748 3082 1803 Manem
3102 1748 3329 1817 ejusque
3357 1762 3555 1817 sequa-

1983 1850 2073 1890 ces
2096 1838 2293 1908 stylum
2328 1838 2619 1902 strinxere,
2647 1848 2705 1892 ut
2726 1838 2953 1892 advertit
2977 1839 3045 1893 cl.
3074 1838 3398 1908 Lequienius
3433 1840 3552 1909 (ιη).

1983 1925 2082 1982 Hic
2110 1939 2291 1982 autem
2317 1928 2510 1983 Photio
2545 1930 2742 1984 dicitur
2783 1941 2991 1998 auctor,
3039 1932 3328 2005 Σαραπίων
3376 1934 3405 1986 ὁ
3452 1932 3554 2004 τῆς

1979 2015 2269 2088 Θμούεωςο
2306 2027 2361 2071 et
2387 2017 2510 2072 alibi
2553 2018 2629 2089 (η)
2663 2020 2965 2091 Σεραπίων.
3012 2019 3105 2076 Sic
3135 2031 3190 2075 et
3219 2024 3388 2089 ipsum
3430 2021 3556 2076 sub-

1989 2110 2111 2164 inde
2159 2110 2393 2180 appellat
2429 2112 2736 2180 p’romiscue
2782 2127 3008 2182 magnus
3055 2113 3405 2167 Athanasius.
3448 2110 3554 2167 Sed

1980 2204 2113 2258 nihil
2142 2203 2306 2259 refert
2342 2221 2356 2258 :
2385 2220 2488 2259 vos
2521 2206 2664 2259 enim
2706 2205 2946 2277 Σέραπις
2978 2207 3118 2260 unde
3153 2220 3351 2260 nomen
3382 2206 3550 2260 dedu-

1979 2303 2145 2357 ctum,
2203 2295 2375 2364 inquit
2439 2295 2868 2352 blontlbnconius
2916 2297 3014 2367 (ο),
3080 2298 3336 2351 scribitur
3389 2297 3551 2351 etiam

1980 2388 2224 2458 Σάραπις
2279 2390 2418 2454 apud
2461 2390 2800 2444 Clementem
2838 2389 3258 2442 Alexandrinum
3291 2388 3373 2460 (ρ)
3422 2389 3551 2442 item

1979 2476 2425 2547 apud.0rigenem
2462 2476 2533 2547 (q)
2580 2488 2635 2530 ct
2664 2476 2789 2530 alibi
2823 2478 3024 2546 passim
3066 2475 3206 2545 apud
3239 2476 3549 2543 scriptores.

2049 2568 2233 2638 Neque
2259 2569 2348 2623 hic
2383 2567 2899 2637 prtelermittendum
2930 2582 3150 2620 auremn
3184 2570 3340 2634 plane
3385 2563 3551 2619 Sera-

1979 2661 2155 2734 pionis
2181 2660 2407 2724 dictum,
2442 2660 2585 2727 quod
2610 2674 2674 2715 ex
2708 2658 2934 2725 Evagrio
2959 2658 3146 2715 recitat
3166 2656 3418 2715 Socrates
3443 2657 3548 2728 (r):

1981 2748 2345 2807 Tltmuitarum
2382 2748 2631 2804 Ecclesia:
2666 2748 2881 2815 angelus
2914 2747 3152 2817 Serapio,
3189 2748 3384 2818 inquit,
3420 2750 3555 2803 dice-

1981 2840 2088 2903 bat,
2116 2849 2337 2895 mentem
2383 2840 2590 2911 quidem
2618 2839 2874 2907 spiritalis
2917 2839 3146 2898 scientia:
3175 2840 3367 2893 haustu
3404 2837 3553 2907 plene

1979 2933 2229 3003 purgari;
2277 2941 2453 2998 partes
2503 2939 2680 2984 autem
2743 2932 2937 2984 anima:
2982 2930 3064 2982 ira
3128 2930 3550 2998 e/fercescentes,

302 3018 683 3073 Alexandriam
714 3030 946 3074 testatur
979 3020 1076 3093 (θ).
1122 3019 1199 3073 Ad
1223 3035 1381 3088 quem
1416 3020 1588 3073 locum
1634 3019 1877 3074 Dodwt-l-

1981 3027 2236 3078 charitatc
2299 3025 2736 3093 sanari:pravas
2790 3038 2908 3077 vero
2963 3022 3276 3090 cupiditates
3336 3029 3452 3091 qua:
3496 3022 3551 3074 in

304 3107 387 3163 lus
437 3111 692 3164 observat
739 3109 842 3179 (lt),
875 3107 1184 3178 hujusmodi
1227 3108 1454 3176 Philippi
1506 3108 1870 3162 testimonium

309 3213 377 3253 ex
412 3215 480 3254 eo
504 3199 817 3254 conﬁrmari
860 3215 1039 3269 posse,
1094 3199 1233 3270 quod
1278 3198 1612 3267 Epiphanius
1662 3198 1714 3252 in
1757 3198 1870 3252 Arii

300 3303 498 3345 exortu
531 3291 836 3360 complures
868 3291 1203 3347 Alexandria:
1232 3290 1504 3345 Ecclesias
1543 3289 1873 3360 preshytesis

300 3382 695 3437 Alexandrinis
722 3383 1060 3437 concreditas
1089 3382 1328 3437 nominet
1358 3379 1468 3452 (i),
1503 3393 1702 3449 easque
1735 3381 1874 3433 inter

302 3470 611 3537 Serapionis
665 3472 830 3528 etiam
893 3472 1185 3526 Ecclesium
1250 3478 1559 3535 enumeret,
1614 3484 1774 3539 quam
1827 3469 1874 3523 is

296 3564 561 3618 siiniirum
608 3573 733 3620 tunc
777 3564 1036 3635 temporis
1076 3564 1520 3629 administrabat,
1562 3573 1619 3616 ut
1646 3561 1875 3631 proinde

297 3655 453 3710 inter
500 3655 730 3710 clericos
786 3655 1039 3711 Ecclesiae
1093 3654 1474 3711 Alexandrinae
1542 3656 1652 3723 jam
1718 3661 1874 3706 antea

300 3758 632 3818 cooptatus,
688 3750 885 3804 ibidem
931 3750 1126 3805 exinde
1162 3749 1220 3804 in
1269 3762 1493 3804 munere
1543 3744 1876 3803 catccltetico

301 3836 655 3910 Tbeognosto
687 3840 1031 3896 successerit.

376 3949 506 4006 Krec
561 3960 737 4005 autem
788 3952 860 4005 ita
919 3949 1168 4020 componi
1228 3963 1384 4020 posse
1445 3947 1690 4004 duxerim
1758 3961 1873 4001 cum

306 4044 377 4097 iis
412 4057 535 4111 quae
560 4043 805 4110 superius
828 4043 893 4097 de
921 4041 1232 4112 Serapionis
1271 4041 1588 4095 monachatu
1617 4054 1681 4094 ex
1710 4037 1878 4092 Atha-

310 4136 470 4190 nasio
501 4136 554 4189 in
607 4136 839 4190 medium
888 4134 1111 4198 adduxi,
1159 4143 1217 4187 ut
1238 4134 1411 4203 primo
1444 4134 1661 4201 quidem
1691 4130 1780 4185 ille
1810 4130 1876 4184 ad

316 4227 615 4282 catechetze
639 4239 833 4279 munus
867 4224 1176 4278 obeundum
1208 4222 1261 4276 in
1292 4222 1652 4277 Alexandrina
1692 4219 1878 4277 schola

311 4318 476 4371 fuerit
538 4326 848 4386 assumptus
902 4316 1098 4370 sacculo
1158 4331 1217 4371 ιιι
1287 4316 1585 4379 desinente,
1638 4315 1751 4368 sive
1827 4328 1878 4368 tv

1978 3115 2209 3167 animum
2250 3113 2501 3182 inﬂuunt,
2536 3113 2761 3167 coerceri
2799 3112 3133 3165 abstinentia
3190 3109 3380 3178 Ἔλεγε
3416 3108 3472 3163 δὲ
3523 3111 3552 3162 ὁ

1976 3206 2078 3276 τῆς
2117 3205 2397 3277 Θμουῖτῶν
2433 3204 2762 3276 Ἐκκλησίας
2786 3202 3012 3272 ἄγγελος
3050 3201 3361 3273 Σαραπίων,
3408 3203 3489 3259 ὅτι
3523 3204 3553 3256 ὁ

1978 3290 2102 3355 νοῦς
2138 3291 2235 3362 μὲν
2270 3289 2524 3354 πεποκὼς
2540 3289 2911 3362 πνευματικὴν
2956 3288 3154 3358 γνῶσιν
3177 3288 3395 3354 τελείως
3418 3291 3551 3344 καθ-

1977 3377 2194 3448 αίρεται
2214 3393 2229 3408 ⁸
2285 3377 2474 3450 ἀγάπη
2506 3377 2562 3429 δὲ
2589 3378 2658 3435 τὰ
2692 3377 3087 3448 φλεγμαίνοντα
3132 3377 3294 3450 μόρια
3327 3378 3419 3432 τοῦ
3460 3379 3553 3433 θυ-

1982 3470 2084 3540 μοῦ
2114 3470 2405 3543 θεραπεύει
2427 3487 2440 3502 ⁸
2489 3470 2731 3543 πονηρὰς
2768 3470 2826 3524 δὲ
2863 3468 3157 3541 ἐπιθυμίας
3195 3472 3549 3543 ἐπιρρεούσας

1982 3563 2193 3633 ἵστησιν
2222 3563 2541 3637 ἐγκράτεια.
2567 3563 2738 3631 Quam
2771 3563 2985 3633 quidem
3015 3563 3188 3618 sancti
3234 3562 3407 3618 Patris
3431 3579 3554 3619 sen-

1982 3654 2203 3706 tentiam
2234 3667 2520 3725 propterea
2555 3655 2957 3724 descripsimus,
3001 3654 3143 3725 quod
3171 3654 3224 3709 in
3247 3654 3363 3724 ejus
3390 3671 3551 3724 opere

1980 3744 2270 3813 superstite
2299 3747 2544 3813 nuspiam
2574 3756 2844 3801 occurrat.

2058 3856 2253 3912 Verum
2285 3858 2330 3912 si
2355 3858 2574 3927 sapiens
2611 3857 2913 3924 hujusmodi
2965 3856 3204 3920 cll‘atum,
3257 3855 3552 3925 Serapione

1981 3949 2141 4020 plane
2181 3946 2593 4017 dignissimum,
2636 3948 2689 4001 in
2726 3946 2843 4015 ejus
2885 3947 3027 4002 libro
3086 3948 3327 4003 adversus
3376 3949 3551 4001 Matti-

1983 4040 2152 4096 cha'os
2181 4041 2337 4094 hodie
2364 4054 2465 4093 non
2492 4047 2704 4103 exstat;
2748 4038 2800 4092 in
2835 4054 2901 4095 eo
2945 4047 3096 4094 certe
3142 4038 3243 4097 alia
3271 4038 3549 4107 complura

1983 4146 2041 4186 se
2070 4131 2263 4199 legisse
2308 4130 2591 4199 prolltetur
2638 4127 2824 4183 Sixtus
2863 4127 3142 4193 Senensis,
3174 4143 3293 4198 quae
3346 4129 3548 4185 frustra

1983 4235 2126 4276 nunc
2181 4221 2445 4288 requiras,
2477 4228 2535 4274 ut
2578 4218 2804 4289 proinde
2852 4217 3019 4273 multo
3070 4219 3280 4273 auctius
3328 4218 3551 4287 hujusce

1983 4312 2162 4381 cperis
2194 4311 2488 4382 exemplar,
2539 4326 2700 4381 quam
2739 4326 2844 4380 quo
2881 4311 2934 4365 in
2976 4311 3383 4380 praesentiarum
3416 4309 3549 4363 frui-

311 4409 567 4474 ineunte;
620 4379 739 4475 pesl
767 4406 1166 4479 Tbeognostum
1211 4407 1441 4470 scilicet,
1484 4407 1571 4472 qui
1603 4406 1744 4460 circa
1784 4421 1879 4457 an-
1910 4379 1958 4438 D
1986 4379 2107 4457 mur
2129 4404 2244 4458 sive
2266 4379 2452 4459 Graece
2481 4379 2595 4459 sive
2622 4379 2829 4465 Latine,
2858 4379 3253 4470 ipsehabuisse
3272 4402 3547 4462 videatur;

312 4514 442 4551 nam
466 4497 591 4563 282,
623 4497 763 4553 Caro
786 4499 1104 4566 imperante,
1136 4498 1391 4553 claruisse
1431 4497 1789 4559 existimatur,
1822 4504 1878 4548 ut

310 4589 441 4642 alibi
496 4588 734 4642 vidimus
764 4586 830 4659 (ﬂ
868 4605 881 4643 :
912 4588 1105 4644 deinde
1141 4602 1267 4643 vero
1302 4590 1594 4643 catechette
1634 4600 1873 4650 munere,

389 4802 467 4872 (η)
507 4774 838 4856 Hierombe
865 4802 963 4856 vir.
984 4799 1356 4872 illust_r._.dcap.
1384 4797 1475 4853 99.

396 4866 464 4929 ⁷ο)
505 4873 696 4939 Epiph,
724 4871 862 4926 llmr.
890 4885 1083 4930 Lxxltt,
1117 4866 1259 4937 §26.
1303 4866 1318 4869 ’

387 4876 460 5011 ξε)
502 4942 676 5011 Sales.
707 4952 816 5011 not.
849 4943 916 4993 ad
946 4938 1149 4992 Socrat.
1180 4936 1376 5011 lib._t_v,
1411 4952 1531 5007 cap.

411 4942 460 5009 τ)
506 4936 676 4994 Vales.
707 4952 816 4995 not.
849 4943 916 4993 ad
946 4936 1149 4992 Socrat.
1180 4936 1271 4990 lib.
1303 4953 1376 4999 tv,
1411 4952 1531 5007 cap.
1566 4938 1657 4990 23.

411 5016 468 5074 rt)
499 5009 711 5064 Tillem.
753 5009 909 5065 Μέηι.
937 5012 1064 5062 ecct.
1102 5018 1230 5060 tum.
1264 5006 1390 5070 Vlli,
1424 5022 1541 5074 pag.
1575 5008 1657 5061 45.

386 5016 468 5080 (rt)
499 5016 711 5064 Tillem.
753 5016 909 5065 Μέηι.
937 5016 1064 5062 ecct.
1102 5018 1230 5060 tum.
1267 5016 1390 5070 VIII,
1424 5022 1541 5074 pag.
1575 5016 1663 5061 45.

394 5087 467 5149 (e)
510 5079 728 5150 Hieron.
775 5081 932 5150 epist.
969 5078 1055 5140 70,
1091 5074 1283 5150 ιιιιδι,
1316 5080 1385 5130 ad
1424 5075 1668 5146 Magnum
1700 5090 1860 5143 orat.,

316 5144 471 5205 num.
502 5151 556 5213 4,
588 5148 718 5216 Opp.
752 5144 877 5202 toin.
910 5150 946 5207 Ι,
974 5164 1092 5216 pag.
1124 5144 1243 5198 427.

388 5220 456 5290 (Γ)
497 5220 572 5291 lii.
597 5219 707 5291 lib:
727 5218 799 5291 De
823 5222 916 5271 vir.
947 5220 1167 5291 illast},
1185 5229 1300 5291 cap.

509 5288 794 5375 Phil..Sid.
831 5288 1121 5375 scutulis,
1155 5288 1293 5353 apud
1337 5288 1517 5341 Dodw.
1556 5286 1606 5340 in
1642 5288 1871 5375 append.

317 5362 383 5413 ad
413 5360 631 5410 dissert.
668 5361 803 5412 lren.
828 5375 946 5428 pag.
979 5358 1103 5411 .588.

500 5425 691 5508 Podtv.
794 5445 842 5484 (ε.
877 5444 996 5496 pag.
1029 5427 1158 5508 512‘,

390 5496 456 5566 (ὅ)
500 5497 686 5564 Ιιζςιίιιιι.
722 5496 858 5549 llaec.
889 5513 1008 5550 uix
1068 5496 1167 5565 δὲ.

393 5562 462 5634 (ί)
505 5562 801 5632 Pi‘ulegmn.
856 5570 921 5619 ad
960 5562 1087 5619 tum;
1135 5566 1192 5617 ΙΙΙ
1245 5565 1375 5617 Bibl.
1435 5562 1570 5627 ΡΙ³.,
1625 5580 1741 5633 cap.
1783 5562 1872 5630 19,

324 5636 353 5709 ς
386 5636 443 5701 ‘i,
476 5651 595 5705 pag.
634 5635 724 5688 50.

1983 4510 2049 4550 eo
2086 4496 2137 4549 in
2177 4496 2368 4564 primis
2409 4497 2624 4550 nomine
2673 4493 2814 4559 quod
2874 4493 3001 4547 illud
3055 4492 3369 4563 Serapionis
3415 4508 3549 4560 opus

1982 4587 2159 4655 ingens
2217 4603 2279 4640 ac
2331 4586 2707 4640 nobilissimum
2747 4594 2900 4640 vocet
2946 4583 3038 4655 (s),
3092 4599 3399 4655 quanquam
3437 4584 3549 4637 lucc

2054 4800 2127 4870 (It)
2170 4799 2389 4855 llieron.
2419 4799 2512 4854 lib.
2534 4800 2606 4853 De
2640 4801 2735 4870 vir.
2766 4799 2985 4863 illustr.,
3014 4815 3133 4870 cap.
3162 4800 3251 4855 99.

2056 4868 2117 4938 (ι)
2162 4870 2318 4923 l‘hot.
2352 4870 2495 4927 linit.
2537 4872 2603 4922 de
2630 4869 2802 4935 Mam,
2849 4871 2990 4938 apud
3034 4868 3348 4933 Montfauc.,
3402 4870 3539 4927 Bibl.

1981 4936 2171 4998 Coisl.,
2203 4954 2322 5007 pag.
2359 4939 2484 4991 554.

2075 5008 2142 5077 ιιι)
2184 5006 2440 5077 Leqitien.
2469 5006 2798 5069 0r.CItrist.,
2832 5016 2959 5061 tom.
2994 5007 3056 5068 II.
3087 5023 3207 5077 pag.
3240 5008 3360 5064 540.

2075 5011 2142 5077 ιιι)
2184 5011 2440 5077 Leqnien.
2469 5011 2798 5069 0r.CItrist.,
2832 5016 2959 5061 tom.
2994 5011 3056 5068 II.
3087 5023 3185 5075 pag

2050 5011 2127 5146 ἕνη
2173 5077 2327 5146 l’hot.
2356 5075 2494 5129 Bibl.
2526 5080 2649 5130 cod.
2677 5092 2874 5138 Lxxxv,
2912 5092 3033 5146 pag.
3059 5076 3185 5132 203.

2050 5145 2123 5218 (ο)
2165 5145 2454 5200 Montfauc.
2502 5147 2568 5200 ad
2610 5146 2747 5214 Opp.
2798 5145 3002 5200 Athan.
3035 5156 3167 5201 tom.
3212 5146 3252 5213 Ι,
3291 5157 3427 5217 part.
3479 5163 3539 5213 ιι,

1979 5231 2099 5285 pag.
2129 5215 2253 5279 690,
2282 5226 2391 5269 not.
2576 5284 2597 5285 ί
3194 5284 3199 5285 ν
3226 5284 3233 5285 ί

1976 5284 1988 5325 ἶ
2054 5285 2130 5423 (μζ
2173 5287 2343 5339 (llum.
2378 5286 2533 5339 Alex.
2561 5284 2757 5339 Strom.
2792 5284 2885 5338 lib.
2921 5300 2958 5347 ι,
2990 5300 3108 5353 pag.
3144 5284 3269 5338 322.

2052 5361 2120 5437 (ιιι
2164 5354 2388 5437 ριίεριι.
2419 5370 2609 5437 gentm
2648 5354 2905 5437 (ξείξλιιι).
2946 5369 2994 5417 v,
3025 5355 3299 5437 pagxgiid.

2052 5421 2123 5493 (ι)
2163 5421 2373 5477 Socrat.
2412 5424 2549 5478 llist.
2589 5424 2712 5477 eccl.
2744 5424 2835 5476 lib.
2870 5439 2944 5489 tv,
2980 5421 3224 5492 capiiﬁ.

1981 5493 2462 5617 PJgLS‘ié‘tbSc-n.
2499 5493 2634 5547 Bibl.
2669 5502 2836 5546 sanct.
2868 5492 2955 5545 lih.
2999 5507 3070 5559 Iv,
3098 5508 3220 5563 pag.
3256 5491 3378 5557 299,
3406 5494 3533 5551 edit.

2024 5579 2150 5619 al‘IS.
2178 5579 2339 5617 αυιυ.
