4098 6200
551 241 652 296 899

1643 235 1914 290 ΡΑἸΚΕΞ
1951 235 2250 292 ΑΞΟΫΡΤΙΙ
2292 235 2562 294 ΞΕΟΙΠΛ
2600 236 2686 292 ιγ.
3703 238 3782 292 900

551 365 712 417 verba
765 361 830 416 de
869 362 1138 416 rationum
1186 356 1421 429 pondere
1468 371 1529 411 ac
1580 359 1758 426 aperis
1811 360 2125 427 prmstantia
2161 368 2201 421 Α
2233 371 2412 413 contra
2448 358 2782 423 Manio/uror,
2815 359 2967 428 cujus
2997 357 3311 426 principium
3349 367 3422 411 est
3455 373 3471 411 :
3501 375 3518 409 ι
3558 357 3784 412 Dissolrit

549 455 849 521 liasnagins
895 451 1140 520 accipere
1195 449 1346 504 malit
1410 450 1506 519 (tt).
1563 448 1698 502 Loca
1755 452 2129 504 tantummodo

549 549 852 602 excitamus
897 559 961 598 es
997 543 1240 611 ejusdem
1301 541 1437 596 Sixti
1488 541 1745 596 Senensis
1802 541 2125 596 Bibliotheca

549 647 732 693 sancta
763 639 868 706 (b);
899 652 962 690 ea
991 634 1257 703 siquidem
1289 648 1433 688 nunc
1459 643 1725 688 excutere
1769 633 1910 686 haud
1946 643 2127 686 vacat.

551 732 606 786 lu
627 731 823 801 quibus
856 740 1034 783 tamen
1063 726 1366 783 referendis
1397 727 1570 794 ipsum
1597 740 1834 791 errasse,
1863 735 2025 794 atque
2063 723 2130 777 ab

549 825 659 878 alio
687 823 952 892 scriptore
985 821 1073 875 illa
1098 833 1220 874 esse
1251 834 1310 874 se
1343 826 1644 872 mutuatum
1669 827 1854 871 censet
1883 816 2132 869 Inundatus

551 915 848 982 llasnagius
877 913 975 984 (c).
1008 913 1082 968 Ile
1109 913 1173 966 iis
1203 911 1419 964 interim
1456 909 1762 968 Fabricium
1805 907 1916 977 (d),
1948 906 2041 963 sed
2078 907 2130 961 in

559 1008 750 1076 primis
795 1004 1050 1058 lluetium
1076 1003 1144 1072 (c)
1190 1001 1473 1058 consulere
1503 1000 1645 1054 haud
1679 1000 1912 1054 otiosum
1948 999 2128 1052 fuerit.

623 1098 710 1152 IV.
752 1095 870 1150 lam
907 1104 1176 1162 superest,
1229 1103 1286 1146 ut
1325 1093 1390 1146 de
1416 1090 1732 1158 Serapionis
1778 1089 1924 1142 edito
1958 1103 2128 1158 pauca

554 1193 818 1246 dicamus.
859 1188 988 1242 llhtd
1029 1188 1208 1254 itaque
1256 1186 1432 1254 primo
1469 1184 1690 1237 ineunte
1735 1181 1936 1238 sarculo
1967 1195 2133 1250 supe-

553 1282 695 1336 riore
746 1279 979 1348 vulgavit
1024 1276 1290 1332 Henricus
1357 1275 1603 1330 Canisins
1647 1273 1715 1342 (1')
1764 1290 1830 1328 ex
1885 1274 2132 1326 versione

549 1373 826 1430 Francisci
860 1371 1148 1424 anriani:
1206 1369 1345 1422 unde
1391 1376 1574 1437 postea
1605 1367 1658 1419 in
1700 1366 1866 1420 variis
1907 1365 2129 1418 Patrum

549 1465 885 1521 Bibliothccis
913 1478 1195 1517 excusntn.
1243 1460 1429 1513 Grteca
1466 1473 1597 1512 vero
1637 1457 1777 1512 haud
1813 1457 1886 1511 ita
1925 1455 2130 1525 pridem

548 1557 716 1613 edidit
754 1555 806 1608 in
833 1569 933 1608 suo
979 1552 1245 1606 Thesauro
1279 1547 1572 1603 Canisiano
1619 1547 1916 1616 Basnagius
1951 1544 2028 1614 (g)
2063 1559 2130 1598 ex

550 1661 652 1700 ins.
679 1643 864 1698 codice
909 1640 1264 1697 Holsteniano
1310 1638 1647 1693 bibliotheca:
1676 1634 1935 1691 Joannem
1964 1632 2132 1687 llam.

2231 467 2457 503 errorem
2498 453 2711 510 acritas,
2743 469 2760 500 ι
2789 451 2842 503 in
2900 466 3002 520 quo
3052 452 3128 502 sic
3185 449 3256 502 ait
3295 466 3314 503 :
3345 467 3366 501 ι
3395 448 3620 514 Quando
3676 453 3790 503 enirn

2231 543 2489 593 hominem
2528 541 2710 594 Jesum
2757 541 2926 604 uideo,
2965 540 3203 609 intelligo
3253 540 3426 609 qualis
3456 549 3576 592 est:
3601 543 3790 607 quando

2231 645 2403 686 autem
2440 633 2651 686 modum
2679 634 3022 699 contemplor,
3058 633 3298 686 admiror
3333 648 3494 698 neque
3539 648 3792 700 agnosco:

2231 726 2450 778 mutatio
2505 726 2692 794 quippe
2733 725 3132 778 admirationem
3178 735 3413 793 pra-stat.
3462 721 3528 776 Et
3563 726 3784 777 essentia

2229 817 2436 886 quidem
2481 825 2695 870 mutata:
2729 833 2830 868 non
2863 826 2983 870 sunt
3015 831 3034 870 :
3067 825 3240 869 manet
3277 817 3412 869 enim
3447 830 3642 883 corpus
3663 856 3675 877 ,
3708 832 3789 868 nos

2232 909 2453 963 alterum
2470 909 2707 977 effectum
2738 926 2755 962 :
2787 925 2951 974 neque
2973 910 3113 963 enim
3142 925 3329 976 corpus
3354 911 3409 962 in
3442 909 3790 975 incorporeum

2234 1017 2433 1056 versum
2464 1010 2538 1054 est
2563 1017 2580 1061 ,'
2621 1016 2783 1066 neque
2809 1003 3012 1064 anima,
3045 1000 3211 1053 altera
3239 1015 3331 1066 per
3357 1001 3640 1054 essentiam
3663 1003 3797 1053 exsti-

2233 1093 2314 1156 tit,
2342 1091 2431 1143 sed
2465 1090 2792 1144 manentibus
2826 1091 3084 1156 essentiis,
3125 1092 3305 1144 studia
3348 1107 3449 1143 non
3484 1104 3795 1144 manserunt.

2238 1181 2579 1251 Nequaquam
2623 1182 2760 1235 enim
2791 1182 3096 1235 essentialia
3133 1192 3253 1234 sunt
3287 1182 3465 1235 studia
3499 1195 3520 1233 .'
3549 1199 3672 1234 nam
3707 1199 3802 1234 nta-

2232 1281 2410 1325 nerent
2464 1286 2582 1323 cum
2627 1271 2887 1332 essentiis,
2928 1280 2975 1324 et
3017 1287 3122 1324 non
3177 1270 3532 1338 auferrentur.
3559 1290 3581 1324 ο
3619 1272 3682 1325 Et
3707 1274 3803 1327 hac

2233 1363 2448 1430 quidem
2479 1361 2791 1416 Facundus.
2821 1360 2915 1415 ’Διί
2943 1376 3100 1431 quem
3134 1361 3312 1416 locum
3351 1364 3534 1431 accipe
3567 1363 3804 1418 doctissi-

2235 1453 2308 1506 mi
2340 1453 2615 1507 Sirmondi
2648 1467 2961 1516 censuram,
2995 1453 3239 1508 auctoris
3267 1455 3445 1508 verbis
3475 1456 3802 1524 subjectam:

2234 1543 2450 1598 Librum
2514 1556 2696 1598 contra
2750 1544 3094 1599 Manicha-os.
3163 1544 3327 1599 Tituli
3374 1546 3555 1616 hujus,
3625 1547 3805 1616 inquit,

2233 1637 2310 1691 rel
2335 1638 2561 1701 exordii,
2602 1637 2776 1690 nullus
2803 1637 2956 1692 hodie
2985 1637 3118 1691 liber
3144 1647 3316 1691 exstat
3352 1638 3655 1692 Athanasii.
3683 1639 3810 1693 Con-

547 1737 852 1808 bnrgensis,
885 1733 1042 1804 cujus
1077 1731 1444 1802 apographnm
1491 1730 1550 1784 D.
1597 1727 1794 1783 Joanni
1850 1726 2129 1782 Friderico
2162 1726 2205 1781 Β
2233 1729 2372 1798 gruit
2399 1741 2572 1783 autent
2613 1740 2660 1782 et
2696 1728 2882 1782 titulus
2917 1739 2964 1782 et
3005 1730 3302 1791 exordium,
3345 1731 3476 1783 libro
3514 1727 3810 1798 Serapionis

549 1827 861 1882 Winrklero
908 1833 1190 1892 acceptum
1235 1821 1420 1877 refert.
1457 1821 1632 1886 Atque
1666 1819 1806 1875 hanc
1840 1818 2134 1874 editionem

548 1916 907 1986 recognitam,
966 1911 1350 1979 nonnullisque
1401 1909 1878 1964 observationibus
1928 1909 2133 1962 instru-

548 2018 692 2062 ctam
761 2015 813 2061 et
889 2004 1123 2074 capitum
1185 2001 1536 2056 distinctione
1589 2010 1749 2069 atque
1799 1997 2132 2069 argumentis

545 2100 830 2154 adauctam
863 2098 1002 2168 typis
1030 2095 1285 2166 consigna
1298 2094 1496 2148 vimus.

620 2190 718 2246 llic
745 2204 874 2244 vero
901 2202 1068 2242 unum
1112 2185 1310 2241 addere
1334 2183 1560 2253 juverit,
1603 2183 1746 2254 quod
1796 2181 1952 2238 nobis
1996 2196 2131 2253 opus

550 2281 959 2338 recensenti-bus
1001 2278 1226 2334 excidit.
1269 2276 1485 2332 Becitat
1529 2276 1783 2330 nimirum
1841 2274 2132 2329 Facundus

547 2373 959 2430 llermianensis
981 2371 1059 2442 (h)
1089 2371 1266 2426 locum
1301 2386 1369 2426 ex
1399 2369 1714 2440 Serapionis
1759 2368 1900 2423 libro
1933 2382 2128 2423 excer-

549 2480 699 2540 ptum
733 2468 816 2538 (i),
841 2480 1000 2536 quem
1037 2479 1319 2535 perperam
1341 2472 1527 2518 saneto
1557 2462 1854 2517 Athanasio
1884 2463 2129 2516 ascribit.

547 2557 728 2626 Ipsum
754 2554 1039 2608 audiamus
1069 2550 1326 2620 :Scripsit
1355 2553 1508 2604 etiam
1542 2549 1914 2622 (Athanasius)
1940 2549 2132 2604 librant

621 2712 698 2779 tu)
739 2711 969 2775 Basnag.
999 2711 1066 2763 ad
1089 2707 1260 2779 Thes.
1297 2708 1478 2762 Cattis.
1513 2718 1642 2760 tom.
1683 2706 1720 2768 Ι,
1753 2704 1990 2779 pagum,

735 2782 876 2834 Sixt.
905 2773 1036 2833 Sen.
1073 2778 1212 2831 Bibl.
1244 2790 1414 2832 sanct.
1441 2779 1533 2831 lib.
1573 2793 1631 2841 It,
1678 2773 1800 2844 pag.
1829 2773 1897 2828 86
1925 2786 1979 2829 et
2010 2773 2137 2840 “5,

654 2854 730 2904 Ib.
763 2866 819 2904 ν.
849 2866 970 2904 nan.
999 2848 1124 2904 581.

549 2864 606 2906 et
631 2848 730 2905 lib.
763 2866 819 2913 ν,
849 2866 970 2920 pag.
999 2848 1124 2920 581.

622 2921 692 2990 (c)
737 2919 965 2988 Basnag.
998 2919 1040 2990 1.
1066 2933 1115 2975 c.

614 2985 692 3064 (tl)
722 2985 1118 3064 ilj‘abricigod.
1154 3005 1334 3054 apocr.
1390 2986 1463 3042 Ν.
1510 2985 1572 3040 Τ.
1617 2999 1748 3041 tom.
1781 2985 1821 3050 Ι,
1852 3001 1971 3056 pag.
1999 2986 2054 3051 5,
2086 2994 2140 3043 et

553 3058 688 3116 tein.
719 3059 783 3125 ll,
814 3075 936 3132 pag.
962 3058 1066 3115 965
1093 3073 1208 3130 seq.

2240 1821 2496 1875 Thmueos
2551 1821 2779 1890 episcopi
2827 1824 3086 1876 adversus
3134 1821 3498 1888 Manichaos;
3557 1823 3613 1876 in
3662 1839 3813 1882 eoque

2234 1922 2354 1967 sunt
2387 1915 2539 1967 verba
2581 1929 2701 1981 qua:
2752 1913 2940 1966 recitat
2982 1911 3291 1981 Facundus,
3322 1923 3372 1968 et
3423 1914 3610 1967 tribuit
3656 1915 3814 1966 Atha-

2236 2001 2406 2055 nasio.
2463 1999 2568 2054 Sed
2605 2000 2766 2053 levior
2815 1999 2870 2053 in
2906 2002 3142 2055 auctoris
3191 2004 3399 2056 nomine
3438 2001 3592 2070 fraus
3635 2003 3812 2070 fuerit.

2234 2107 2392 2160 quam
2430 2092 2482 2144 in
2518 2092 2726 2146 nomine
2746 2090 2898 2157 Jesu,
2939 2093 3079 2162 quod
3108 2093 3193 2146 hic
3221 2109 3490 2162 perperam
3517 2095 3685 2149 verbis
3710 2095 3817 2149 illis

2236 2183 2493 2236 intextum
2518 2192 2616 2246 est,
2651 2198 2742 2236 nec
2767 2182 2958 2252 legitur
2977 2185 3117 2252 apud
3147 2183 3488 2253 Serapionem
3514 2202 3534 2241 :
3562 2189 3654 2255 qui
3670 2189 3736 2242 de
3753 2185 3821 2239 iis

2236 2276 2532 2330 hominibus
2557 2276 2686 2346 agit,
2715 2277 2806 2347 qui
2835 2294 2865 2330 a
2889 2281 3064 2347 pravis
3099 2279 3330 2333 moribus
3354 2281 3423 2334 ad
3456 2281 3675 2336 meliora
3713 2293 3822 2335 stu-

2238 2368 2330 2422 dia
2344 2371 2878 2437 conoertuntur:quod
2901 2370 2966 2424 de
2989 2369 3202 2426 Christo
3228 2371 3448 2428 Domino
3464 2375 3698 2444 cogitare
3723 2376 3821 2430 int-

2239 2460 2385 2530 pium
2407 2470 2505 2514 est.
2530 2458 2708 2524 Quare
2731 2459 2990 2516 Facundo
3019 2463 3289 2528 imposuit.
3311 2468 3399 2530 qui
3420 2468 3561 2520 hunc
3579 2468 3627 2520 ei
3647 2466 3820 2522 locum

2241 2551 2517 2620 suggessit.
2545 2549 2661 2605 Huc
2693 2567 2869 2622 usque
2899 2553 2960 2607 V.
2992 2552 3056 2622 C.
3087 2553 3192 2609 Sed
3223 2555 3292 2610 de
3321 2557 3406 2612 his
3437 2557 3723 2614 hactenus.

2311 2705 2382 2776 (e)
2425 2706 2585 2764 liuet.
2616 2708 2830 2779 Origen.
2868 2711 2962 2766 lib.
2990 2729 3052 2776 tt,
3083 2722 3276 2783 quaest.
3313 2715 3366 2779 5,
3404 2714 3431 2786 §
3464 2717 3700 2786 27,pag.
3732 2716 3821 2770 62.

2311 2777 2379 2830 in
2426 2778 2614 2830 Canis.
2644 2779 2825 2830 Antia.
2847 2781 2971 2830 lect-
3003 2795 3132 2830 ιοιιι-
3158 2783 3225 2830 ν-
3255 2800 3376 2830 mm-
3425 2786 3442 2830 Ι
3477 2803 3606 2830 span

2310 2777 2379 2856 (ο
2426 2778 2614 2833 Cattis.
2644 2777 2825 2852 Antiq.
2847 2781 2971 2838 lect.
3003 2777 3132 2837 toni.
3158 2783 3225 2850 V,
3255 2777 3376 2854 pag.
3404 2777 3444 2838 ⁷1
3477 2777 3674 2855 seqq."

2427 2846 2658 2934 Eatenus:
2694 2849 2847 2934 ζῆθι.
2887 2849 3072 2934 C_a_nis.
3107 2865 3236 2907 tom.
3265 2852 3459 2934 Inpag.
3491 2857 3748 2934 43_§eqq.

2308 2916 2388 2996 (lt)
2417 2916 2887 2996 facundtllerm.
2914 2921 3120 2996 lib.__st,
3145 2938 3274 2996 cap.
3294 2916 3358 2989 ’2',
3396 2916 3516 2996 pag.
3553 2916 3681 2981 759:

2235 2985 2371 3126 pagi)
2416 2987 2607 3110 ἓξηρ.
2658 2988 2753 3047 lib.
2818 2994 2938 3047 adv.
3004 2985 3268 3060 Manichl,
3320 2985 3572 3064 cabin
3612 3009 3670 3052 et
3734 2999 3821 3059 IS,

582 3183 3790 3214 MM

583 3209 627 3221 -ρ

1483 3294 1644 3447 S.
1747 3289 2698 3453 SERAPION
2707 3299 2884 3455 IS

1826 3583 2135 3642 EPISCOPI
2170 3587 2366 3648 τηΜυ
2376 3589 2508 3650 EOS

1373 3759 1672 3835 LIBER
1756 3757 2289 3838 ADVERSUS
2367 3766 3016 3848 MANICHEOS.

1729 4004 1861 4058 Car.
1901 4005 1939 4058 l.
1996 4004 2200 4062 Veritas
2228 4025 2454 4066 error-ent
2479 4009 2655 4063 vincit.

627 4101 801 4158 Solvit
828 4111 1070 4154 errorem
1103 4105 1306 4152 veritas
1335 4104 1389 4150 et
1421 4095 1716 4165 exstinguit
1747 4094 2053 4160 fallaciam,
2086 4106 2141 4151 et
2169 4106 2210 4162 (ι

556 4193 735 4248 omnis
765 4186 1033 4243 mendacii
1067 4194 1244 4239 ortum
1289 4184 1563 4253 intercipit
1608 4199 1671 4236 ac
1718 4184 1990 4251 prohibet.
2027 4185 2138 4238 0b-

557 4297 832 4342 secremns
862 4279 1029 4348 igitur
1056 4276 1343 4330 Dominum
1373 4272 1554 4327 Jesum
1585 4273 1677 4342 qui
1706 4283 1790 4327 est
1817 4274 2048 4338 veritas,
2081 4283 2138 4328 ut

558 4374 826 4431 illntninet
854 4378 1090 4425 mentem
1140 4377 1414 4429 nostram,
1446 4373 1503 4417 ut
1531 4380 1706 4434 neque
1736 4365 1944 4418 fallacia
1987 4381 2138 4420 men-

560 4477 667 4520 tem
699 4475 892 4531 capere
922 4459 1096 4527 possit
1124 4471 1226 4510 nec
1257 4472 1412 4509 error
1448 4459 1708 4521 vincere;
1747 4471 1918 4524 neque
1959 4457 2002 4510 si
2043 4473 2136 4511 ce-

559 4556 702 4625 perit
731 4562 822 4606 ant
851 4550 1039 4604 vicerit
1065 4589 1080 4616 ,
1111 4548 1322 4604 ﬁrmam
1353 4559 1408 4601 et
1437 4548 1688 4604 stabilem
1719 4549 2012 4603 victoriam
2045 4551 2140 4605 ob-

561 4650 750 4704 tineat.
805 4642 1154 4698 Sohnnmodo
1197 4642 1341 4694 enim
1395 4641 1436 4694 si
1491 4643 1837 4711 apparuerit,
1867 4652 1920 4695 et
1962 4641 2141 4698 radios

561 4738 806 4792 veritatis
835 4750 947 4791 sua:
981 4733 1260 4797 emiserit,
1299 4732 1566 4786 fallaciam
1597 4733 1814 4803 quidem
1865 4733 2138 4788 inductam

563 4827 882 4899 dissipabit,
913 4835 1146 4880 mentem
1175 4840 1303 4878 vero
1331 4835 1484 4880 extra
1508 4838 1746 4879 errorem
1775 4826 2138 4881 conservabit.

561 4923 680 4993 Ipse
713 4921 856 4975 enim
899 4919 1100 4973 clamat
1127 4937 1140 4973 :
1176 4917 1288 4987 Ego
1317 4934 1434 4971 sunt
1466 4922 1548 4972 via
1569 4959 1585 4984 ,
1635 4919 1825 4972 veritas
1869 4927 1916 4972 et
1962 4918 2066 4972 vita
2098 4918 2138 4973 ί.

562 5013 679 5083 Ipse
712 5010 954 5083 praecipit
981 5026 995 5062 :
1027 5010 1296 5063 Attendite
1335 5025 1368 5062 a
1400 5009 1550 5079 falsis
1585 5010 1847 5078 prophetis
1869 5050 1884 5075 ,
1926 5009 2016 5078 qui
2060 5024 2142 5062 re-

565 5108 713 5160 niunt
750 5103 819 5156 ad
852 5119 938 5156 vos
969 5101 1026 5154 in
1057 5102 1377 5154 vestimentis
1404 5102 1575 5153 ovium
1599 5141 1612 5163 ,
1650 5100 1790 5153 intus
1817 5110 1990 5152 autem
2019 5108 2140 5152 sunt

565 5199 673 5262 lupi
726 5211 942 5260 rapaces
979 5191 1023 5245 ¹.
1060 5191 1195 5258 Quia
1228 5192 1372 5245 enim
1419 5191 1633 5244 illorum
1682 5192 1872 5244 modus
1915 5189 2142 5244 fraudu-

567 5287 745 5342 lentus
773 5297 891 5341 erat
922 5294 978 5339 et
1018 5299 1197 5339 mores
1233 5284 1510 5350 simulati,
1543 5299 1650 5337 non
1683 5283 1881 5337 celavit
1908 5296 2003 5336 eos
2040 5280 2143 5335 Ve-

576 5380 731 5439 ritas.
784 5379 876 5431 sed
927 5376 1181 5438 nudavit;
1243 5391 1346 5428 non
1401 5375 1751 5442 permittens,
1799 5383 1859 5426 ut
1902 5373 2043 5441 quod
2089 5373 2140 5425 in

2326 4098 2566 4153 Ἐπιλύει
2610 4099 2710 4170 τὴν
2759 4098 2967 4172 πλάνην
3019 4101 3052 4171 ἡ
3102 4099 3328 4171 ἀλήθεια
3366 4103 3461 4155 καὶ
3490 4103 3837 4178 ἀναιρεῖ-εἰν

2239 4192 2478 4262 ἀπάτην,
2508 4193 2600 4245 καὶ
2632 4193 2738 4245 πᾶν
2774 4191 2971 4261 ψεῦδος
3014 4192 3298 4262 προελθεῖν
3336 4194 3438 4246 οὐκ
3469 4196 3555 4266 ἑᾷ.
3599 4198 3836 4253 ἰκετεύο

2243 4301 2424 4354 σωμεν
2453 4284 2546 4336 τὸν
2574 4283 2772 4355 Κύριον
2800 4283 3028 4354 Ἰησοῦν,
3061 4283 3322 4355 ἀλήθειαν
3355 4285 3516 4350 ὄντα,
3551 4288 3839 4358 ἐκλάμψαι

2241 4375 2338 4446 τὴν
2372 4375 2610 4428 διάνοιαν
2637 4374 2812 4446 ἡμῶν,
2847 4375 2934 4428 ἵνα
2970 4377 3110 4448 μήτε
3135 4377 3230 4448 τὴν
3262 4378 3500 4434 διάνοιαν
3530 4383 3841 4454 Marp-ipsa:

2239 4465 2424 4537 ἀπάτη
2459 4465 2698 4537 δυνηθῇ,
2747 4467 2782 4537 ἢ
2834 4471 3108 4540 κρατῆσαι
3162 4469 3337 4540 πλάνη
3394 4471 3625 4544 ἰσχύσῃο
3700 4477 3843 4544 μήτε

2241 4559 2482 4629 ᾑρηκυῖα
2505 4557 2599 4610 καὶ
2631 4561 3008 4629 κεκρατηκυῖα
3030 4558 3265 4630 ἔμμονον
3293 4560 3392 4631 τὴν
3418 4562 3695 4632 κράτησιν
3717 4564 3841 4636 ἔχῃ,

2240 4647 2418 4700 Μόνον
2447 4648 2556 4718 γὰρ
2579 4648 2768 4716 φανεὶς
2796 4650 2891 4702 καὶ
2917 4649 3016 4712 τὰς
3045 4652 3270 4716 ἀκτῖνας
3294 4652 3392 4722 τῆς
3424 4651 3694 4721 ἀληθείας
3714 4657 3848 4708 ἑαυο

2241 4735 2335 4789 τοῦ
2369 4736 2671 4807 ἐκλάμψας,
2697 4738 3057 4793 ἁποσκεδάσει
3086 4741 3185 4812 μὲν
3219 4741 3316 4813 τὴν
3359 4743 3661 4814 γενομένην
3695 4745 3850 4799 ἀπά-

2241 4843 2361 4897 την,
2398 4827 2806 4899 ἀνεξαπάτητον
2831 4829 2886 4882 δὲ
2921 4829 3238 4902 διατηρήσει
3281 4834 3382 4905 τὴν
3423 4833 3693 4890 διάνοιαν.
3731 4835 3846 4887 Αὐ-

2240 4918 2332 4981 τὸς
2360 4920 2466 4990 γὰρ
2503 4919 2627 4992 βοᾷ·
2824 4925 2939 4991 ειμι
2966 4923 3004 4990 ἠ
3039 4924 3178 4990 ὁδὸς
3218 4927 3316 4980 καὶ
3354 4929 3390 4995 ἡ
3437 4925 3697 4993 ἀλήθεια
3743 4930 3846 4980 καὶ

2242 5011 2281 5077 ἡ
2314 5009 2446 5077 ζωή·
2474 5011 2635 5076 αὐτὸς
2659 5015 3051 5084 παραγγέλλω
3073 5018 3413 5087 Προσέχετε
3441 5017 3687 5084 ἑαυτοῖς
3720 5019 3852 5072 ἀπὸ

2242 5099 2362 5153 τῶν
2392 5103 2926 5173 ψευδοπροφητῶν,
2957 5107 3174 5173 οἵτινες
3207 5109 3484 5177 ἔρχονται
3509 5107 3665 5175 πρὸς
3685 5103 3854 5172 ὑμᾶς

2243 5193 2315 5246 ἐν
2348 5195 2639 5264 ἐνδύμασι
2667 5197 2997 5265 προϐάτων,
3026 5199 3254 5255 ἔσωθεν
3278 5198 3347 5252 δέ
3375 5202 3496 5253 εισι
3525 5200 3716 5253 λύκοι
3739 5199 3858 5266 ἅρ-

2244 5296 2448 5351 παγες.
2487 5285 2705 5357 Ἐπειδὴ
2755 5287 2858 5358 γὰρ
2902 5289 3127 5342 ἐκείνων
3176 5290 3654 5361 πεφενακισμένος
3701 5285 3776 5360 ἦν
3827 5294 3860 5344 ὁ

2245 5375 2463 5445 τρόπος,
2489 5376 2584 5428 καὶ
2605 5379 2988 5449 πεπλασμένον
3023 5381 3085 5434 τὸ
3111 5378 3241 5452 ἦθος
3261 5421 3275 5440 .
3311 5382 3412 5434 οὐκ
3451 5381 3778 5452 ἐσιώπησεν
3822 5383 3856 5448 ἡ

573 5478 748 5521 tuente
777 5468 937 5532 latet,
969 5469 1037 5520 ab
1067 5482 1131 5522 eo
1171 5467 1313 5536 quod
1359 5466 1698 5521 extrinsecus
1744 5465 1927 5519 fictum
1967 5473 2024 5518 et
2063 5465 2138 5518 si-

2245 5467 2516 5538 Ἀλήθεια,
2551 5469 2664 5521 ἀλλ’
2699 5471 2983 5541 ἐγύμνωσε
3009 5473 3067 5526 τὸ
3087 5474 3292 5542 ἀφανὲς
3319 5474 3420 5543 τῆς
3458 5475 3712 5539 διανοίας
3753 5491 3862 5527 και

572 5559 831 5612 mulalunt
883 5569 968 5613 est
1012 5568 1258 5629 tegatur:
1295 5570 1351 5612 ut
1381 5560 1493 5629 ipsa
1543 5557 1755 5612 fallacia
1796 5557 2136 5626 deprehensa

644 5714 660 5746 '
699 5714 852 5769 Joan.
892 5733 1000 5772 xw.
1038 5717 1092 5772 6.
1168 5718 1186 5748 ’
1230 5717 1416 5772 Matth.
1457 5732 1515 5774 ν,
1565 5717 1647 5769 l5.

2247 5556 2540 5611 λὺπτεσθαι
2585 5557 2688 5610 ὑπὸ
2731 5560 2822 5613 τοῦ
2867 5562 3248 5631 πεπλασμένον
3281 5564 3376 5616 καὶ
3424 5561 3860 5632 ὲσχηματιςμὲ·
