4098 6200
354 276 449 331 9m
1294 284 1354 337 δ.
1398 280 1806 336 SUMPIONIS
1843 280 1943 335 LII]

2042 328 2043 334 η
2082 282 2243 338 ADV.
2286 283 2732 342 MANICILEOS.

3512 291 3619 347 902

349 405 442 443 νου
480 390 557 462 μὴ
584 390 958 462 ἐπιτρέψασα,
988 390 1073 444 ἵνα
1104 392 1430 463 κατάφωρος
1464 393 1731 464 γενομένη
1765 393 1943 446 αὐτῶν

2051 395 2263 448 infirma
2308 395 2398 449 fiat
2438 397 2705 452 ineorum
2756 400 3090 465 argumentis
3156 400 3224 452 ita
3260 409 3317 453 ιιι
3350 405 3617 459 neminem

347 487 384 556 ἡ
412 480 598 552 ἀπάτη
637 482 876 552 ἀσθενὴς
915 481 1141 552 γένηται
1164 484 1222 535 ὲν
1252 486 1369 546 ταῖς
1411 485 1805 555 ἐπιχειρήσεσι,
1838 500 1936 554 μη-

350 574 474 628 δένα
499 572 908 644 συλλαμϐάνειν
936 573 1235 644 δυναμένη.

426 757 585 810 ἐστι
629 754 731 826 μὲν
762 749 861 810 οὖν
889 758 923 827 ἡ
949 757 1122 811 κακία
1158 756 1446 828 πολυειδὴς
1484 758 1579 811 καὶ
1616 757 1940 830 πλυσχιδῆς

353 848 496 903 κατὰ
547 846 839 919 διαφόρους
889 848 1188 921 ἡπλωμένη
1237 848 1338 912 τὰς
1382 849 1776 920 ἐπιχειρήσεις,
1828 848 1947 904 ἔνια

354 940 465 994 τῶν
494 940 693 1010 ἑαυτῆς
727 940 912 1011 μερῶν
946 938 1367 1012 βλαπτικιῖπερα
1396 940 1491 993 καὶ
1530 939 1948 1013 ἀναιρετικώτε-

358 1051 429 1106 ρα
464 1032 682 1103 ἔχουσα.
703 1031 804 1085 Διὰ
831 1030 991 1085 τοῦτο
1013 1031 1134 1085 οὐδὲ
1159 1031 1228 1085 τὰ
1250 1031 1451 1102 ἥττονα
1479 1031 1805 1104 σιωπητέον,
1825 1031 1946 1085 οὐδὲ

356 1124 469 1178 τῶν
519 1123 777 1194 μειζόνων
823 1123 1088 1194 ἀφεκτέον
1108 1163 1122 1185 ,
1169 1122 1380 1186 εἰδότας
1415 1121 1597 1186 τοῦτο,
1625 1123 1710 1175 ὅτι
1737 1121 1806 1175 τὰ
1847 1122 1946 1194 μὲν

358 1215 622 1269 ἐλάττονα
662 1214 827 1285 μόρια
861 1213 960 1284 τῆς
992 1213 1195 1276 κακίας
1222 1212 1565 1286 βραχυτέρας
1600 1213 1947 1277 misi-canit;

363 1306 588 1378 βλάϐας,
619 1306 688 1360 τὰ
719 1306 776 1360 δὲ
806 1303 1027 1376 μείζονα
1056 1305 1332 1374 μεγάλας’
1367 1307 1396 1360 ὁ
1424 1306 1534 1378 γὰρ
1566 1304 1779 1376 μείζοσι
1808 1322 1948 1376 σφα-

360 1396 476 1459 λεὶς
504 1395 690 1466 μεῖζον
711 1399 808 1449 καὶ
831 1396 1174 1467 τιμωρεῖταιο
1208 1395 1305 1449 καὶ
1333 1396 1363 1449 ὁ
1393 1395 1501 1450 ὑπὸ
1530 1395 1774 1466 μείζονος
1798 1395 1941 1450 ἁπα-

355 1485 547 1556 τηθεὶς
583 1484 810 1555 μείζονα
840 1486 935 1539 καὶ
967 1485 1322 1550 κολάζεται...

727 1596 819 1633 ται
842 1580 953 1653 γὰρ
978 1580 1033 1633 al
1063 1578 1311 1634 ἀπάται..

353 1667 412 1722 δὲ
436 1668 533 1721 καὶ
555 1669 627 1721 τὰ
659 1669 840 1740 πλη...

357 1761 452 1814 καὶ
484 1760 766 1833 σταθμίζω
796 1804 834 1817 ..

358 1853 557 1907 δικά...

355 1945 562 2016 τίμα...

358 2038 477 2092 si...

2053 486 2266 541 il'l't'lil'e
2304 498 2488 556 queat.

1519 665 1650 721 CAP.
1685 667 1751 720 li.
1790 666 1938 720 Varii
1960 670 2159 733 gradus
2192 685 2452 725 errarunt.

2120 758 2215 815 Est
2242 762 2407 831 igitur
2434 763 2647 817 malitia
2679 765 3031 821 multiformis
3057 777 3115 822 et
3143 769 3499 838 multipartita
3527 810 3543 835 ,
3571 771 3624 825 in

2048 853 2228 909 varias
2257 857 2762 926 argmnentationes
2790 856 2908 913 fusa
2928 898 2943 923 ,
2972 858 3132 928 cujus
3168 868 3349 928 partes
3374 853 3626 926 quatiam

2046 946 2389 1001 nocentiores
2415 957 2539 1002 sunt
2572 956 2623 1003 et
2677 950 2848 1017 magis
2890 949 3208 1005 mortiferae.
3249 949 3618 1018 Quamobrem

2048 1051 2222 1105 neque
2252 1038 2460 1092 minora
2492 1040 2723 1093 tacenda
2751 1049 2876 1094 sunt
2898 1080 2913 1104 ,
2946 1056 3123 1111 neque
3155 1042 3455 1111 majoribus
3500 1059 3626 1111 par-

2047 1131 2317 1193 cemlnm,
2374 1146 2495 1184 cum
2546 1132 2783 1188 sciamus
2834 1135 3070 1188 minores
3112 1136 3242 1204 quid
3291 1145 3471 1205 partes
3511 1136 3624 1188 vitii

2048 1218 2254 1273 minora
2298 1220 2494 1275 damn
2536 1237 2761 1289 parcre,
2810 1224 3042 1292 majores
3091 1239 3220 1280 vero
3266 1241 3483 1294 magna.
3523 1224 3626 1292 Qui

2046 1311 2191 1364 enim
2225 1310 2277 1365 in
2310 1312 2654 1383 gravioribus
2682 1314 2902 1382 labitur,
2947 1315 3292 1385 gravioribus
3322 1316 3497 1386 pannis
3525 1331 3625 1385 pu-

2048 1403 2235 1470 nitur;
2267 1414 2320 1459 et
2351 1405 2444 1476 qui
2477 1423 2504 1459 a
2537 1407 2744 1478 majore
2771 1409 3028 1479 deceptus
3065 1419 3150 1465 est
3171 1449 3187 1474 ,
3220 1408 3394 1477 majus
3425 1409 3628 1479 suppli-

2045 1494 2193 1548 cium
2226 1497 2480 1551 sustinet.
2510 1496 2892 1554 Ponderantur
2914 1500 3060 1555 enirn
3108 1499 3342 1556 fallaciae
3363 1536 3380 1563 ,
3424 1502 3624 1571 ponde-

2046 1594 2242 1639 rantur
2268 1587 2429 1640 etiam
2457 1597 2682 1656 peccata
2709 1605 2724 1655 ;
2752 1598 2807 1644 et
2835 1590 2929 1660 qui
2976 1592 3331 1662 ponderatnr,
3361 1607 3462 1662 pro
3500 1606 3628 1660 gra-

2045 1677 2215 1733 vitate
2242 1682 2500 1749 ponderis
2547 1683 2876 1753 supplicium
2918 1693 3207 1755 reportat;
3250 1700 3425 1755 neque
3469 1685 3629 1753 quid-

2045 1783 2211 1839 quam
2241 1771 2332 1838 qui
2359 1771 2563 1840 iudicat
2583 1811 2599 1838 ,
2628 1789 2735 1829 non
2767 1776 3124 1843 ponderatum
3156 1775 3433 1847 relinquit.
3485 1775 3628 1842 Quin

2045 1861 2212 1916 etiam
2260 1863 2691 1935 uniuscujusque
2718 1867 2810 1935 qui
2841 1865 3031 1923 fefellit
3056 1867 3323 1922 fallaciam
3347 1909 3362 1935 ,
3390 1877 3444 1922 et
3484 1868 3625 1924 faci-

2048 1952 2257 2009 litatem
2300 1956 2420 2026 ejus
2460 1958 2552 2028 qui
2595 1957 2856 2028 deceptus
2902 1969 2988 2015 est
3035 1962 3359 2024 demensus,
3411 1976 3628 2031 prunam

1975 2071 2019 2128 Β
2050 2044 2318 2102 decernit.
2362 2048 2637 2115 Quocirca
2668 2049 2993 2106 studendum
3039 2061 3159 2112 est.
3193 2061 3254 2106 ut
3297 2066 3363 2106 ne
3408 2054 3631 2107 minima

357 2130 708 2201 ἀστάθμητον
733 2133 818 2203 ἑᾷ,
858 2131 995 2186 ἀλλὰ
1019 2131 1115 2186 καὶ
1137 2131 1237 2205 τὴν
1272 2132 1502 2188 ἑκάστου
1540 2131 1635 2186 τοῦ
1660 2128 1943 2204 ἡπατηκό-

2047 2139 2266 2208 quidem
2295 2137 2504 2197 fallacia
2534 2143 2845 2214 capiamur:
2874 2144 3139 2214 siquidem
3166 2146 3387 2201 minimo
3416 2145 3576 2200 fallac
3599 2160 3631 2199 ιι

356 2237 453 2286 τος
470 2222 720 2295 ἀπάτην,
760 2224 856 2278 atati.
902 2223 996 2279 τοῦ
1034 2224 1391 2297 ἠπατημένον
1438 2225 1539 2297 τὴν
1570 2223 1821 2280 εὐκολίαν
1847 2240 1943 2294 με·

360 2314 572 2385 τρήσας
599 2313 769 2385 ὁρίζει
805 2315 908 2386 τὴν
927 2316 1219 2387 τιμωρίαν.
1253 2314 1624 2369 Σπουδαστὲον
1654 2310 1767 2379 οὖν,
1805 2317 1940 2385 μήτε

362 2403 442 2474 τῷ
470 2404 786 2477 βραχυτάτῳ
811 2407 1111 2481 αἱρεῖσθαι·
1142 2407 1366 2480 καὶγὰρ
1392 2408 1426 2478 ἡ
1453 2406 1766 2478 βραχυτάτη
1795 2405 1941 2460 ἁπά-

356 2514 427 2567 τη
455 2499 748 2571 σπινθῆρος
767 2499 924 2573 δίκην
949 2499 1085 2571 ὓλην
1111 2498 1506 2571 παραλαϐοῦσα
1536 2497 1637 2570 τὴν
1664 2498 1940 2567 συγκατάο

2049 2226 2228 2283 instar
2252 2229 2533 2296 scintilla,
2564 2241 2722 2287 nacta
2761 2234 3046 2288 materiam
3082 2236 3462 2291 assensiouem
3510 2236 3631 2289 ani-

2042 2331 2178 2381 mat,
2210 2317 2517 2375 incendium
2544 2336 2755 2392 magna:
2780 2321 3011 2379 ﬂammae
3037 2323 3198 2381 efiicit
3224 2342 3240 2392 ;
3274 2325 3425 2382 multi
3452 2326 3629 2391 enim,

2048 2406 2313 2476 principio
2342 2423 2409 2464 ex
2436 2425 2604 2481 parvo
2648 2427 2836 2468 errore
2869 2423 3071 2485 erepto.
3090 2415 3152 2470 in
3178 2416 3401 2487 pelagus
3428 2417 3631 2472 erroris

2050 2497 2245 2568 dilapsi
2289 2513 2345 2556 et
2374 2501 2530 2558 eﬂ'usi
2559 2514 2719 2559 sunt.

357 2586 509 2643 οεσιν
543 2592 644 2662 τῆς
677 2592 859 2663 ψυχῆς
896 2594 1143 2660 ἐξάπτει,
1176 2593 1273 2648 καὶ
1309 2593 1552 2666 μεγάλην
1601 2593 1777 2664 φλόγα
1847 2592 2276 2658 κατασκευάζει·
2320 2597 2509 2652 πολλοὶ
2558 2598 2669 2672 γὰρ
2705 2598 2767 2664 ἐξ
2823 2600 3011 2672 ὀλίγης
3043 2602 3262 2673 ἀπάτης
3334 2601 3629 2675 ἀρξάμενοι

355 2683 438 2746 εἰς
467 2682 705 2753 πέλαγος
728 2683 943 2755 ἀπάτης
966 2684 1321 2757 ἐξεχύθησαν.

1367 2799 1499 2857 CAP.
1536 2797 1627 2855 Ill.
1669 2796 2080 2854 Maniclreismus
2102 2813 2250 2851 error
2271 2797 2602 2850 deterrimus.

428 2892 706 2946 Διὰ’τοῦτο
728 2893 1095 2964 φροντιστέον,
1126 2896 1264 2966 μήτε
1300 2897 1367 2966 τῇ
1412 2893 1725 2967 βραχυτάτῃ
1760 2894 1947 2967 ἀπάτῃ

355 2984 655 3057 αἱρεῖσθαι,
690 2985 892 3055 τειχίον
923 2988 990 3058 τῇ
1011 2985 1156 3057 ψυχῇ
1194 2986 1477 3040 κάλλιστον
1506 2984 1946 3057 οἰκοδομοῦνταςο

357 3078 450 3133 ἵνα
501 3078 641 3148 μήτε
678 3075 755 3148 τῷ
783 3076 988 3147 μείζονι
1010 3077 1337 3149 αἱρεθῶμεν·
1363 3079 1392 3131 ὁ
1419 3078 1530 3150 γὰρ
1564 3078 1695 3149 περὶ
1719 3077 1788 3132 τὰ
1813 3077 1947 3150 βρα-

357 3169 571 3241 χύτατα
618 3167 839 3237 σφαλεὶς
882 3167 1100 3222 πταίσει
1145 3168 1276 3221 ποτὲ
1312 3169 1407 3222 καὶ
1449 3169 1681 3241 περὶτὰ
1706 3169 1946 3241 μείζονα,

358 3263 457 3316 καὶ
480 3264 509 3316 ὁ
540 3261 707 3332 μηδὲν
735 3259 843 3314 τῶν
868 3258 1084 3331 μικρῶν
1117 3258 1427 3331 αἱρεθεὶς...

1375 3366 1554 3405 αναν..
1565 3391 1579 3405 .

709 3443 801 3497 τὸν
828 3443 926 3515 τὴν
950 3441 1249 3512 ἀσφάλειαν
1276 3444 1440 3498 καὶ...

789 3533 1011 3606 μείζονα
1039 3541 1248 3607 σχήσεν
1278 3535 1468 3590 ἐπεὶ...

358 3625 512 3681 λύκοι
540 3626 724 3681 πολλοὶ
749 3626 985 3681 κώδια...

356 3721 793 3792 ἠμφιεσμένοι...

707 3830 850 3918 ημη·
882 3812 957 3884 μή
987 3829 1107 3867 σι...

582 3921 613 3955 υ
645 3920 823 3966 τοις...

355 3991 562 4050 οὖσα...

360 4084 637 4156 μάχαιραν
673 4084 896 4146 σειέτω,
940 4082 1242 4154 ἀσφάλειαν
1290 4081 1553 4154 μυωμένη
1595 4083 1662 4153 τῇ
1716 4080 1943 4153 ποίμνῃ,

354 4174 639 4247 γυμνοῦσα
678 4174 734 4229 δὲ
779 4175 873 4228 καὶ
909 4174 1008 4247 τὴν
1054 4173 1396 4245 ἐπιχείρησιν
1431 4172 1543 4227 τῶν
1564 4170 1788 4245 θηρίων·
1836 4170 1945 4227 ἰδοὺ

355 4267 467 4339 γὰρ
488 4266 677 4320 πολλοὶ
707 4266 806 4337 μέν
827 4268 964 4321 εἰσιν
997 4267 1046 4319 οἱ
1081 4264 1457 4337 προελθόντες,
1508 4265 1603 4319 καὶ
1642 4259 1745 4318 ὦδε
1783 4265 1948 4318 κάκεῖ

355 4352 650 4419 πλάζονται
670 4392 686 4418 ,
722 4353 843 4406 ἀντὶ
872 4352 1081 4407 κωδίων
1103 4352 1165 4406 τδ
1189 4352 1360 4425 ὄνομα
1382 4351 1477 4406 τοῦ
1506 4351 1742 4425 Χριστοῦ
1791 4370 1947 4425 περι-

357 4441 700 4515 ϐεϐλημένοι,
734 4444 828 4498 καὶ
846 4443 1128 4515 λεγόμενοι
1156 4444 1255 4515 μὲν
1277 4444 1306 4498 δ
1343 4444 1417 4516 μὴ
1451 4444 1609 4509 εἰσὶν,
1632 4444 1785 4509 ὄντες
1830 4445 1887 4499 δὲ
1917 4444 1946 4498 ὃ

355 4535 615 4605 λέγεσθαι
640 4536 741 4590 ούκ
768 4536 1074 4607 ἀνέχονται·
1124 4536 1260 4590 ἀλλὰ
1302 4534 1400 4608 τὴν
1428 4535 1635 4589 οἰκείαν
1682 4536 1945 4609 πονηρίαν

355 4627 726 4692 καλύπτοντες
760 4626 835 4699 τῷ
883 4628 1123 4699 σχήματι
1159 4626 1254 4681 τοῦ
1297 4626 1583 4697 ὀνόματος,
1615 4627 1710 4680 καὶ
1749 4644 1945 4682 κοινω-

357 4715 575 4784 νοῦντες
606 4718 706 4789 μὲν
737 4717 813 4787 τῷ
840 4718 1085 4788 ὀνόματι,
1116 4718 1287 4790 ἄρδην
1310 4717 1367 4772 δὲ
1391 4717 1700 4790 διαφθεῖραι
1726 4717 1788 4771 τὸ
1830 4719 1946 4773 ὅνο-

359 4829 437 4882 μα
467 4809 560 4864 τοῦ
594 4812 829 4882 Χριστοῦ
854 4810 1265 4875 ἐσπουδακότες,
1293 4810 1435 4864 κατὰ
1483 4811 1581 4881 μὲν
1618 4808 1714 4864 τοῦ
1769 4810 1945 4880 Ἰησοῦ

357 4904 800 4974 στρατευόμενοι,
837 4902 1043 4974 Ἰησοῦν
1062 4902 1120 4957 δὲ
1155 4902 1580 4974 ἐπικεκλημένοι
1602 4919 1618 4935 ·
1655 4902 1795 4973 αῦτη
1835 4903 1944 4975 γάρ

316 5048 331 5063 ,
354 4998 559 5067 ἐστινὴ
592 4994 952 5067 χαλεπωτάτη
981 4993 1237 5067 πονηρία,
1271 4994 1353 5048 ὅτι
1390 4993 1637 5062 λέγονται
1674 4992 1736 5046 τὸ
1768 4992 1939 5066 ὄνομα

354 5087 449 5142 τοῦ
476 5086 737 5160 Χριστοῦ,
765 5084 988 5158 Χριστῷ
1015 5084 1396 5156 πολεμοῦντες
1439 5086 1561 5138 ἐπεὶ
1600 5085 1708 5157 γὰρ
1747 5085 1940 5157 ἠτόνη-

356 5197 450 5233 σεν
478 5181 511 5251 ὴ
546 5178 782 5251 πονηρία
808 5178 1071 5249 πολεμεῖν
1098 5177 1234 5249 πρὸς
1261 5176 1413 5243 Θεὸν,
1441 5177 1708 5247 κέχρηται
1734 5176 1810 5246 τῷ
1831 5176 1942 5230 ὀνό-

358 5285 512 5341 ματι,
536 5270 624 5324 ἴνα
639 5273 705 5343 τῇ
731 5270 924 5342 χρήσει
947 5268 1044 5323 τοῦ
1073 5269 1335 5339 ὀνόματος
1367 5268 1544 5339 οἴησιν
1588 5266 1942 5337 ὲμποιήσασα

348 5360 469 5421 τοῖς
492 5357 742 5430 ἄφροσιν,
769 5359 849 5425 ὡς
871 5358 1049 5413 οἰκεία
1072 5356 1167 5411 τοῦ
1193 5354 1432 5428 Χριστοῦ
1453 5395 1468 5421 ,
1502 5349 1606 5408 ὦδε
1648 5354 1827 5419 κάκεῖ,
1862 5354 1939 5419 ὡς

356 5446 633 5517 βούλεται,
656 5448 966 5521 λυμὰνηται
988 5449 1114 5513 τοὺς
1127 5446 1207 5518 τῷ
1235 5446 1449 5518 Σωτῆρι
1482 5444 1935 5509 πεπιστευκότας⁸

354 5533 459 5595 ὧδε
492 5541 593 5608 μὲν
619 5540 969 5605 Οὐαλεντίνος
996 5538 1282 5611 προῆλθεν·
1304 5532 1404 5594 ὧδε
1431 5538 1486 5592 δὲ
1512 5538 1794 5609 Μαρκίων
1835 5532 1937 5593 ὧδε

475 5721 495 5753 ³
525 5718 725 5777 Bacch.
758 5735 870 5786 im,
897 5719 985 5775 52.

2126 2893 2335 2948 Idcirco
2384 2891 2686 2945 curandum
2734 2898 2853 2955 est,
2903 2899 2962 2946 ut
3014 2907 3081 2948 ne
3126 2892 3354 2947 minimo
3408 2895 3626 2964 quidem

2053 2998 2241 3040 errore
2274 2983 2379 3036 labi
2424 2982 2740 3053 contingat;
2791 2982 3161 3053 pulcherrimo
3201 2985 3395 3039 animm
3427 3003 3630 3056 propu-

2054 3074 2284 3147 gnaculo
2319 3072 2623 3139 aedificato,
2671 3088 2740 3127 ne
2772 3073 2979 3141 majore
3012 3077 3315 3146 capiamur.
3351 3077 3451 3143 Qui
3487 3079 3630 3134 enim

2055 3168 2111 3222 in
2152 3167 2332 3236 parvis
2365 3164 2567 3219 labitur
2600 3179 2786 3219 errore
2809 3205 2825 3231 ,
2864 3163 3078 3219 labetur
3103 3166 3395 3236 aliquando
3430 3168 3482 3222 in
3518 3184 3634 3222 ma-

2050 3256 2302 3326 joribus;
2334 3264 2386 3309 et
2419 3255 2511 3326 qui
2551 3269 2657 3312 non
2692 3263 2775 3310 est
2809 3254 3071 3309 seductus
3101 3271 3130 3309 a
3165 3256 3351 3325 parvis
3378 3297 3393 3321 ,
3422 3258 3527 3311 erit
3557 3260 3632 3312 ita

2053 3357 2242 3402 contra
2277 3346 2484 3417 majora
2515 3347 2756 3401 tnunitns
2785 3356 2839 3401 et
2887 3354 3035 3400 tttttts
3059 3387 3073 3409 ,
3124 3357 3183 3402 ut
3215 3347 3264 3402 ei
3313 3349 3489 3403 resisti
3527 3366 3632 3404 non

2050 3440 2242 3509 possit.
2293 3437 2431 3506 Quia
2481 3439 2645 3510 igitur
2677 3441 2721 3494 si
2757 3439 2908 3493 multi
2962 3440 3069 3508 lupi
3121 3440 3285 3511 pelles
3318 3441 3498 3496 ovium
3547 3444 3631 3496 in-

2052 3532 2203 3597 duti,
2239 3545 2454 3601 gregem
2487 3531 2836 3597 invaderent,
2885 3547 2993 3586 non
3042 3532 3232 3588 sileret
3276 3546 3482 3602 pastor,
3535 3536 3632 3590 sed

1972 3636 2015 3692 ο
2048 3623 2285 3694 gladium
2341 3623 2620 3689 vibraret,
2672 3634 2730 3678 ut
2780 3624 2833 3678 in
2885 3616 2998 3678 ιιῖιο
3037 3640 3258 3693 gregem
3302 3626 3628 3692 collocaret,

2050 3714 2259 3767 nudans
2288 3724 2341 3767 et
2369 3713 2703 3782 patefaciens
2736 3725 2989 3769 conatum
3020 3715 3281 3770 ferarum.
3308 3714 3447 3769 Ecce
3477 3716 3629 3770 ιιιιιΙιὶ

2048 3811 2175 3855 sunt
2203 3800 2294 3869 qui
2348 3801 2635 3866 exierunt,
2687 3810 2742 3855 et
2787 3802 2876 3855 hic
2928 3812 3091 3871 atque
3133 3802 3242 3856 illic
3274 3813 3496 3867 errant,
3530 3819 3630 3873 pro

2048 3889 2277 3960 pellibus
2307 3890 2491 3944 ovium
2538 3906 2733 3945 nomen
2778 3891 2983 3946 Christi
3028 3892 3239 3957 induti;
3272 3894 3363 3962 qui
3406 3909 3465 3947 se
3508 3895 3631 3963 qui~

2048 3982 2168 4037 dem
2203 3982 2390 4037 dicunt
2418 3984 2564 4051 quod
2596 3998 2701 4038 non
2736 3995 2903 4052 sunt;
2936 3988 3079 4054 quod
3112 3996 3295 4038 autem
3327 3996 3485 4054 sunt,
3522 3988 3626 4041 diri

2047 4072 2235 4128 nolunt
2258 4111 2274 4137 ,
2304 4073 2397 4128 sed
2424 4088 2579 4129 suam
2616 4074 3019 4144 improbitatem
3049 4077 3250 4132 amictu
3276 4078 3514 4133 nominis
3542 4088 3627 4132 te-

2047 4173 2218 4236 gunt;
2245 4165 2334 4234 qui
2360 4148 2649 4219 commune
2671 4164 2890 4236 quidem
2921 4167 3121 4223 habent
3146 4184 3339 4223 nomen
3363 4210 3378 4235 ,
3409 4172 3630 4227 student

2047 4274 2176 4314 vero
2205 4267 2261 4314 ut
2290 4274 2485 4314 nomen
2515 4258 2719 4315 Christi
2751 4259 2993 4316 funditus
3023 4260 3238 4317 doleant
3263 4279 3279 4328 ;
3315 4266 3403 4333 qui
3438 4276 3625 4319 contra

2045 4349 2228 4406 Jesum
2264 4350 2497 4407 iniiitant
2518 4392 2534 4417 ,
2563 4361 2615 4406 et
2643 4350 2824 4407 Jesum
2852 4353 3119 4408 invocant.
3154 4353 3277 4409 Haec
3305 4365 3388 4410 est
3418 4355 3626 4410 difﬁcil-

2046 4440 2172 4497 lima
2197 4442 2438 4497 omnium
2472 4442 2812 4513 improbitas,
2847 4445 3062 4499 nomine
3088 4444 3289 4501 Christi
3323 4447 3619 4519 appellari,

2044 4541 2096 4586 et
2125 4530 2403 4587 Christum
2431 4548 2761 4604 oppugnare.
2783 4532 2995 4589 Etenim
3023 4537 3147 4605 quia
3171 4552 3273 4592 non
3304 4540 3476 4607 potuit
3503 4554 3623 4609 per-

2044 4626 2277 4680 versitas
2305 4634 2496 4679 contra
2546 4624 2711 4680 Deum
2746 4625 2942 4680 bellum
2986 4642 3211 4697 gerere,
3258 4644 3356 4684 usa
3402 4641 3485 4682 est
3530 4647 3626 4683 no-

2047 4716 2234 4780 mine,
2288 4727 2345 4771 ut
2396 4731 2494 4771 usu
2544 4718 2782 4772 nominis
2824 4718 3136 4787 Opinionem
3196 4719 3626 4789 imprudentibus

2046 4807 2286 4876 injiciat,
2319 4818 2378 4862 ut
2404 4809 2562 4878 quasi
2593 4808 2794 4864 Christi
2829 4808 3113 4865 familiaris
3157 4810 3243 4864 hic
3292 4820 3348 4864 et
3389 4810 3534 4875 illic,
3567 4822 3625 4865 ιιι

2047 4898 2210 4965 libet,
2241 4915 2336 4955 cos
2364 4901 2457 4970 qui
2495 4901 2547 4955 in
2589 4901 2929 4957 Salvatorern
2983 4901 3370 4966 crediderunt,
3413 4902 3620 4969 perdat.

1971 4975 2018 5033 Ῑ)
2046 4987 2141 5043 Sic
2176 4988 2492 5068 Valentinus
2536 4990 2744 5055 exivit,
2782 4991 2863 5046 sic
2903 4990 3177 5055 Marcion,
3222 4991 3301 5044 sic
3347 4991 3620 5056 Silianus,

2049 5079 2264 5135 aliunde
2294 5096 2424 5135 vero
2454 5082 2618 5137 etiam
2662 5080 2919 5138 Pbanius.
2964 5082 3244 5141 Postrema
3280 5083 3489 5138 abortio
3522 5084 3624 5139 im-

2049 5173 2376 5240 probitatis,
2409 5188 2533 5243 qua:
2561 5188 2751 5230 omnes
2783 5176 3013 5230 aliorum
3058 5176 3433 5245 improhitales
3471 5188 3626 5234 exte-

2030 5266 2235 5319 nuavit
2258 5274 2314 5319 et
2352 5265 2557 5333 tmjure
2597 5265 2943 5336 improbitate
2975 5268 3204 5323 aliorum
3253 5269 3627 5338 inrprohita'es

2049 5358 2101 5412 in
2137 5359 2388 5412 secundis
2424 5357 2640 5430 posuit,
2669 5357 2825 5414 furor
2856 5359 3136 5416 llianicltaei
3166 5370 3249 5417 est
3276 5378 3291 5424 ;
3325 5372 3378 5415 ct
3407 5365 3459 5415 in
3496 5379 3620 5429 pto-

2048 5450 2226 5518 pltetis
2269 5451 2530 5522 scriptum
2577 5462 2701 5507 est:
2740 5450 2967 5521 Propter
3000 5454 3216 5508 nimiam
3252 5455 3623 5523 negtigrmium

2049 5541 2412 5621 Hierusalem,
2458 5545 2749 5615 jnsriﬁcntn
2796 5556 2871 5601 est
2917 5564 2980 5601 ea:
3014 5557 3062 5600 te
3110 5546 3336 5601 Sodoma
3369 5548 3409 5605 ⁸.
3446 5547 3625 5603 Multa:
