4098 6200
521 263 629 318 905

1614 255 1888 310 PATRES
1926 254 2229 311 ΛΞΟΥΡΉΙ
2270 256 2538 312 ελῐιῖυιι
2583 255 2675 311 IV.

3673 254 3790 308 ρει

517 376 736 445 quidem
770 373 930 445 paulo
958 383 1085 429 ante
1130 374 1414 444 opiniones
1442 375 1686 428 absurdae
1723 385 1777 429 et
1824 372 1970 427 falsa?
1998 389 2094 427 ex-

2197 376 2250 429 δὲ
2285 375 2525 437 Σιτιανός
2559 375 2653 443 (1)·
2708 370 2926 426 ἄλλοθεν
2962 371 3018 425 δὲ
3059 372 3156 425 καὶ
3200 371 3230 422 ό
3251 370 3440 434 Φάνιος
3463 370 3562 442 (2)·
3595 372 3789 425 τελευ-

523 469 818 532 stiterunt,
846 481 964 537 quae
1007 481 1129 520 cum
1186 465 1553 536 magnitudine
1595 481 1773 535 prava:
1815 466 2085 534 opinionis

519 562 932 615 Manichaeorum
961 568 1307 627 comparatae,
1338 560 1627 614 moderata:
1653 570 1800 624 sunt,
1826 574 1947 613 cum
1981 560 2090 613 sint

516 652 713 720 alioqui
748 652 799 704 in
832 650 1049 720 pelagus
1082 650 1392 706 inundantis
1419 651 1702 720 pravitatis
1735 651 2015 706 demersm.

2192 466 2341 516 ταῖον
2363 463 2420 516 δὲ
2449 462 2704 533 ἐκτρωμα
2735 460 2835 530 τῆς
2864 461 3147 532 πονηρίας,
3180 460 3362 525 πάσας
3389 461 3487 525 τὰς
3508 460 3674 526 ἄλλας
3687 479 3794 517 πο-

2195 555 2399 630 νηρίας,
2439 551 2810 614 ἐλαττώσασα,
2867 550 2961 604 καὶ
3007 549 3211 621 μείζονι
3263 550 3498 622 πονηρίᾳ
3541 550 3639 613 τὰς
3676 552 3793 607 τῶν

2195 646 2370 700 ἄλλων
2400 643 2665 713 πονηρίας
2706 641 2965 714 δευτέρας
3001 640 3361 707 ἀποδείξασα,
3397 642 3430 707 ἡ
3463 639 3559 694 τοῦ
3612 643 3795 694 Mam-

515 744 667 814 χαίου
710 742 944 814 προῆλθε
985 745 1170 814 μανία·
1225 747 1321 799 καὶ
1358 747 1418 799 ἐν
1450 746 1548 817 μὲν
1589 748 1702 810 τοῖς
1774 744 2129 817 προφητικοίς
2166 742 2496 811 γέγραπται·
2526 739 2627 793 Διὰ
2688 738 2753 792 τὸ
2791 737 2953 791 πάνυ
2994 736 3361 806 ἠμεληκέναι
3402 738 3519 806 τὴν
3567 737 3791 806 Ἰερου-

510 839 740 908 σαλὴμ,
768 838 1077 909 ἐδικαιώθη
1106 841 1339 911 Σόδομα
1370 844 1438 896 ἐκ
1461 842 1599 897 σοῦ.
1639 843 1797 911 ιἈρτι
1826 841 1884 893 δὲ
1910 840 2099 893 πολλαὶ
2131 838 2226 891 καὶ
2250 836 2440 891 ἀτοποι
2496 833 2644 899 δόξαι
2693 852 2758 887 πε
2770 832 3107 904 πλανημέναι
3139 828 3295 889 οὖσαι
3333 831 3411 901 τῷ
3439 832 3665 904 μεγέθει
3691 832 3794 903 τῆς

511 930 620 992 τῶν
639 931 960 1001 Μανιχαίων
995 931 1335 997 κακοδοξίας,
1370 935 1858 1006 συμμεμέτρηνται
1878 929 2104 1000 πελάγει
2141 928 2338 992 κακίας
2364 927 2887 997 κατακεκλυσμέναι.

1601 1086 1732 1143 Car.
1764 1084 1855 1139 IV.
1890 1084 2145 1150 Quwuam
2171 1086 2237 1142 sit
2266 1084 2463 1152 peccati
2493 1090 2705 1138 natura.

585 1200 652 1256 Et
696 1209 752 1255 ut
792 1216 898 1255 non
951 1201 1148 1255 leviter
1205 1198 1435 1255 absurda
1497 1185 1744 1253 refellere
1800 1196 2081 1267 aggredia-

514 1308 655 1356 mur,
706 1300 762 1346 et
813 1290 1121 1345 nominibus
1166 1305 1352 1345 eorum
1413 1297 1621 1343 tantum
1675 1288 1754 1342 usi
1809 1288 2089 1341 videamur

514 1385 634 1440 sine
691 1382 1044 1442 conclusione
1097 1381 1423 1453 argumenti,
1469 1396 1590 1452 quae
1642 1387 1726 1435 est
1779 1379 2090 1446 ἀπόδειξις,

522 1476 591 1529 ad
619 1489 806 1529 eorum
859 1473 1236 1528 accusationes
1268 1473 1549 1538 accedere,
1590 1486 1710 1543 age,
1751 1470 2098 1526 conferamus

513 1581 613 1623 nos
644 1567 710 1620 ad
746 1567 1009 1622 rationem
1053 1566 1550 1630 demoustrantem,
1584 1573 1644 1621 ut
1682 1565 1895 1620 illorum
1942 1578 2099 1619 erro-

515 1674 602 1714 res
631 1659 928 1722 soivamus,
955 1668 1010 1714 et
1041 1658 1327 1715 veritatem
1357 1658 1411 1713 in
1439 1657 1676 1713 medium
1715 1659 2099 1728 producamus.

2263 1198 2374 1251 Καὶ
2399 1197 2487 1250 ἵνα
2514 1196 2588 1268 μὴ
2614 1196 2691 1259 ὡς
2734 1195 2925 1267 ἔτυχεν
2957 1196 3325 1268 ἐπιχειρῶμεν
3367 1198 3481 1260 τοῖς
3526 1195 3786 1262 ἀτόποις,

2201 1290 2338 1361 μήτε
2369 1289 2507 1360 μόνα
2535 1289 2603 1342 τά
2646 1288 2886 1359 ὀνόματα
2925 1288 3104 1343 αὐτῶν
3136 1289 3388 1357 λέγοντες
3428 1288 3671 1359 δόξωμεν
3702 1290 3787 1343 δίο

2199 1395 2271 1449 χα
2306 1380 2633 1445 ἀποδείξεως
2676 1380 2767 1433 ἐπὶ
2808 1378 2907 1443 τὰς
2940 1379 3117 1442 αἰτίας
3155 1378 3334 1432 αὐτῶν
3381 1381 3599 1451 χωρεῖν,
3651 1379 3789 1450 φέρε

2205 1468 2297 1521 ἐπὶ
2329 1469 2421 1522 τὸν
2450 1469 2827 1523 ἀποδεικτικὸν
2854 1471 3192 1540 χωρήσωμεν
3216 1468 3371 1537 λόγον
3389 1510 3403 1534 ,
3449 1469 3537 1522 ἵνα
3565 1470 3660 1522 καὶ
3684 1470 3789 1531 τὰς

2209 1561 2432 1615 ἐκείνων
2482 1561 2693 1625 πλάνας
2721 1560 2992 1631 λύσωμεν,
3036 1561 3129 1615 καὶ
3161 1562 3259 1632 τὴν
3292 1561 3549 1633 ἀλήθειαν
3572 1563 3653 1625 εἰς
3684 1565 3787 1634 μέ-

2205 1668 2297 1705 σον
2346 1653 2749 1724 προαγάγωμεν
2770 1692 2783 1707 .
2832 1652 2988 1706 Ἔστι
3014 1652 3113 1723 μὲν
3142 1648 3236 1706 οὖν
3270 1655 3303 1725 ἡ
3333 1654 3501 1706 κακία
3535 1654 3786 1720 ἀνοὺσιος

515 1751 611 1806 Est
647 1752 809 1820 igitur
844 1752 1032 1806 vitium
1061 1766 1256 1820 expers
1298 1751 1636 1818 substantim,
1675 1760 1731 1806 et
1759 1765 1862 1805 non
1892 1764 1985 1820 per
2042 1764 2105 1804 se

2204 1744 2299 1795 καὶ
2321 1742 2710 1807 ἀνυπόστατος·
2740 1741 2937 1815 πρᾶξις
2962 1743 3159 1814 μᾶλλον
3204 1744 3237 1814 ἢ
3283 1744 3441 1797 οὐσία
3486 1740 3643 1809 οὖσα,
3688 1747 3787 1799 καὶ

510 1842 823 1909 exsisteus;
851 1843 993 1899 actio
1027 1843 1206 1912 potius
1233 1857 1394 1911 quam
1428 1843 1662 1898 essentia
1697 1843 1813 1896 sive
1844 1840 2098 1896 substan-
2129 1830 2172 1886 Β

513 1933 622 1999 tia;
670 1943 727 1989 et
779 1933 923 1990 actio
971 1949 1040 1988 ex
1096 1934 1361 1990 electione
1411 1934 1762 2001 proﬁciscens
1811 1947 2000 1987 eorum
2043 1932 2099 1986 in

513 2024 712 2093 quibus
762 2023 959 2079 electio
1001 2034 1264 2093 aegrotat;
1317 2034 1479 2094 atque
1523 2023 1689 2086 actio,
1733 2038 1852 2093 qua:
1906 2023 2101 2078 accidit

512 2114 751 2182 quidem,
796 2112 953 2169 facile
984 2127 1112 2169 vero
1143 2116 1212 2171 ab
1252 2114 1319 2170 iis
1352 2116 1443 2185 qui
1474 2123 1872 2185 azgrotaverunt
1908 2116 2097 2170 absce-

513 2202 751 2263 dit..Sin
790 2218 920 2259 vero
952 2204 1244 2261 accidisset
1283 2206 1523 2276 quidem,
1565 2206 1660 2262 sed
1692 2222 1799 2263 non
1838 2206 2096 2262 abscede-

512 2298 748 2361 ret,dici
802 2307 987 2368 posset
1045 2314 1152 2353 non
1209 2313 1332 2354 esse
1385 2298 1604 2369 quidem
1654 2315 1750 2370 per
1791 2315 1851 2354 se
1887 2299 2097 2365 vitium,

512 2404 688 2458 neque
714 2405 876 2459 posse
921 2399 1101 2447 tamen
1135 2389 1495 2445 substantiam
1538 2402 1936 2459 esse’unquam
1972 2392 2098 2445 abs-

510 2494 617 2548 que
645 2479 797 2534 vitio.
834 2480 987 2547 Quod
1015 2481 1060 2535 si
1092 2479 1288 2535 accidit
1311 2479 1528 2546 electio,
1558 2481 1717 2535 facile
1738 2490 1918 2535 autem
1947 2495 2100 2547 sepa-

513 2582 682 2639 ratur,
715 2582 774 2625 ut
818 2587 1005 2627 rursus
1037 2572 1181 2641 quod
1227 2572 1359 2629 vitio
1397 2571 1699 2640 subjectum
1731 2582 1869 2638 erat,
1906 2586 2097 2640 purum

511 2664 793 2727 reddatur,
819 2677 994 2731 neque
1025 2662 1137 2716 vitii
1171 2663 1322 2731 signa
1367 2678 1429 2717 ac
1456 2664 1683 2733 vestigia
1712 2664 1903 2717 habeat
1930 2678 1945 2726 ;
1994 2661 2099 2716 erit

512 2751 709 2805 vitium
741 2766 914 2819 neque
952 2765 1049 2820 per
1078 2766 1137 2805 se
1173 2750 1328 2817 nihil,
1378 2766 1550 2821 neque
1582 2750 1783 2820 aliquid
1830 2752 1972 2821 quod
2003 2764 2100 2819 per

512 2857 571 2896 se
624 2850 751 2901 esse
804 2852 999 2911 queat,
1042 2857 1217 2911 neque
1267 2842 1409 2912 quod
1466 2858 1679 2913 semper
1722 2843 1825 2910 sit;
1864 2844 1957 2898 sed
2000 2856 2099 2910 po-

516 2934 621 2995 tius
650 2932 884 3007 delptur,
915 2943 971 2988 et
992 2932 1118 2987 dum
1151 2932 1380 2997 deletur,
1414 2933 1762 2993 convincitur
1796 2949 1904 2988 non
1939 2948 2098 3003 posse

515 3039 611 3099 per
639 3039 699 3082 se
753 3039 894 3091 esse,
923 3034 977 3083 et
1002 3026 1324 3097 quandoque
1376 3042 1482 3085 non
1524 3026 1711 3092 fuisse,
1752 3026 1881 3098 quin
1922 3027 2099 3097 potius

514 3116 675 3187 paulo
701 3127 828 3179 ante
860 3132 926 3172 ex
974 3116 1260 3176 electionis
1296 3116 1663 3172 invaletudiue
1701 3117 1987 3187 prodiissc.

2201 1835 2399 1905 πρᾶξις
2421 1836 2486 1888 ὲκ
2506 1835 2876 1907 προαιρέσεως
2908 1834 3277 1906 ωμῦαίνουσα
3315 1836 3443 1908 περὶ
3479 1838 3605 1901 τοὺς
3637 1855 3788 1891 νενο-

2203 1925 2439 1995 σηκότας
2479 1925 2576 1997 τὴν
2626 1926 2964 1998 προαίρεσιν
3011 1927 3106 1980 καὶ
3158 1926 3355 1998 πρᾶξις
3403 1928 3786 1999 συμϐεϐηκυῖα

2203 2019 2323 2087 μὲν,
2360 2017 2556 2089 ῥᾳδίως
2603 2019 2661 2072 δὲ
2704 2018 3045 2091 χωριζομένη
3070 2018 3192 2072 ’ἀπὸ
3238 2020 3346 2073 τῶν
3387 2024 3781 2091 νενοσηκότων.

2181 2108 2265 2165 Ἐί
2297 2111 2354 2165 δὲ
2387 2112 2724 2185 συμὸεόήκει
2760 2112 2880 2183 μὲν,
2913 2114 3014 2167 οὐκ
3053 2112 3133 2166 ἔτι
3170 2113 3214 2166 δ’
3261 2112 3573 2184 ἐχωρίζετο,
3610 2109 3679 2184 ἦν
3705 2116 3784 2166 εί-

2199 2203 2343 2267 πεῖν,
2370 2202 2452 2255 ὅτι
2477 2202 2598 2256 καθ’
2631 2202 2827 2275 ἑαυτὴν
2869 2203 2966 2274 μὲν
2998 2203 3099 2256 οὐκ
3141 2201 3256 2256 ἐστι
3290 2203 3478 2265 κακία,
3524 2203 3785 2256 οὐδέποτε

2198 2291 2255 2344 δὲ
2276 2290 2497 2347 δύναται
2530 2293 2687 2347 οὐσία
2713 2294 2841 2348 ἄνευ
2868 2295 3067 2359 κακίας
3092 2290 3253 2349 εἶναι.
3287 2295 3352 2350 Εἰ
3376 2295 3433 2349 δὲ
3468 2296 3535 2349 ὲκ
3577 2297 3785 2367 συμϐε-

2200 2383 2430 2447 ϐηκότος
2453 2384 2551 2456 τὴν
2594 2385 2910 2461 προαίρεσιν
2953 2386 3102 2458 ἔσχε,
3137 2387 3334 2458 ῥᾳδίως
3359 2388 3674 2459 χωρίζεται,
3704 2389 3787 2453 ὡς

2200 2476 2361 2530 πάλιν
2383 2478 2444 2530 τὸ
2473 2477 2828 2548 ὑποκείμενον
2856 2479 3094 2551 καθαρὸν
3116 2479 3478 2551 ἀποδοθῆναι,
3506 2481 3602 2534 καὶ
3643 2482 3783 2551 μήτε

2201 2571 2403 2640 σημεῖα
2430 2570 2625 2634 κακίας
2648 2569 2811 2641 ἔχειν,
2844 2570 3048 2643 ἕσταιὴ
3076 2571 3275 2638 κακία,
3317 2570 3441 2625 οὔτε
3488 2572 3608 2627 καθ’
3648 2573 3781 2625 tau.

2197 2659 2297 2732 τὴν
2350 2661 2531 2723 οὐδὲν,
2600 2660 2722 2714 οὔτε
2771 2657 2908 2715 εἶναι
2950 2662 3221 2735 δυναμένη
3246 2704 3263 2728 ,
3323 2662 3446 2716 οὔτε
3498 2664 3585 2716 ἀεὶ
3623 2659 3780 2717 οὖσα·

2199 2754 2314 2818 ἀλλ’
2343 2752 2711 2826 ἀφανιζομένη
2735 2754 2827 2807 καὶ
2851 2754 3178 2826 ἐλεγχομένη
3222 2754 3299 2826 τῷ
3329 2754 3622 2825 ἀφανισμῷ
3639 2794 3652 2821 ,
3680 2756 3781 2809 καὶ

2203 2844 2277 2917 μὴ
2310 2840 2448 2900 εἶναι
2465 2845 2758 2917 δυναμένη·
2780 2847 2881 2901 οὐκ
2912 2842 3046 2901 οὖσα
3071 2847 3291 2919 δήποτε,
3323 2847 3439 2901 ἀλλ’
3464 2846 3683 2927 ἔναγχος
3710 2849 3780 2911 ἐκ

2201 2934 2570 3015 προαιρέσεως
2598 2936 2906 3011 νοσησάσης
2930 2937 3282 3007 προελθοῦσα,

1361 3271 1489 3327 αλιι.
1527 3269 1591 3324 ν.
1629 3269 1939 3325 Subslantia
1976 3269 2208 3340 corporis
2230 3278 2279 3332 et
2314 3270 2505 3324 animo:
2533 3283 2635 3323 non
2666 3279 2738 3321 est
2776 3268 2936 3322 mala.

586 3386 736 3453 Quod
784 3395 963 3450 autem
1018 3402 1124 3443 non
1191 3390 1497 3458 reperiatur
1552 3392 1730 3444 anima
1799 3392 2093 3449 secundum
2124 3393 2170 3454 C

514 3476 877 3531 substantiam
930 3476 1070 3537 mala
1121 3478 1199 3539 sic
1239 3487 1431 3535 natura
1478 3479 1640 3544 facta,
1686 3493 1861 3548 neque
1899 3493 2097 3549 corpus

519 3580 617 3635 per
680 3580 739 3619 se
791 3564 1096 3629 substantia
1156 3566 1375 3632 malum,
1434 3576 1701 3621 testantur
1753 3564 1992 3621 rationes
2039 3576 2096 3628 et

514 3655 786 3711 actiones.
820 3654 1034 3710 Etenim
1077 3656 1123 3711 si
1157 3658 1510 3727 temperantia
1548 3657 1719 3714 virtus
1756 3666 1860 3723 est,
1899 3671 2095 3726 corpus

513 3762 644 3802 vero
673 3746 974 3803 substantia
1011 3747 1245 3814 malum;
1294 3764 1397 3803 non
1426 3758 1607 3818 posset
1639 3748 1863 3818 reperiri
1898 3763 2097 3819 corpus

514 3846 846 3905 temperans,
879 3851 945 3890 ne
973 3850 1170 3905 corpus
1209 3837 1352 3908 quod
1402 3835 1701 3895 substantia
1746 3847 1902 3906 turpe
1929 3847 1987 3891 et
2015 3838 2098 3895 vi-

515 3928 709 3980 tiosum
754 3934 857 3990 est,
912 3940 1108 3994 corpus
1164 3926 1379 3982 virtutis
1415 3926 1701 3990 eiliciatur.
1758 3925 1891 3987 Cum
1950 3926 2094 3980 enim

513 4032 713 4086 corpus
751 4031 810 4071 se
842 4026 1129 4087 temperat,
1176 4031 1373 4084 corpus
1401 4017 1616 4071 virtutis
1670 4015 1868 4071 factum
1908 4026 2009 4079 est,
2041 4026 2097 4070 et

513 4121 710 4176 corpus
762 4106 982 4161 virtutis
1032 4118 1147 4173 est;
1194 4117 1247 4162 et
1291 4108 1416 4177 quia
1464 4124 1664 4179 corpus
1723 4107 1943 4161 virtutis
1990 4117 2094 4171 est,

515 4207 691 4268 potest
719 4211 840 4253 esse
870 4198 1145 4269 templum,
1186 4199 1248 4254 Si
1301 4201 1444 4259 enim
1481 4214 1641 4257 onme
1670 4214 1865 4271 corpus
1888 4198 2092 4254 libidini

513 4287 754 4343 deditum
779 4298 943 4353 esset,
991 4298 1045 4343 et
1072 4305 1178 4343 non
1219 4300 1398 4360 posset
1432 4290 1658 4359 reperiri
1686 4290 1742 4344 in
1775 4290 2093 4359 corporibus

516 4381 895 4449 temperantia,
918 4379 1286 4451 potuissemus
1304 4381 1602 4436 attribuere
1625 4382 1943 4437 substantia:
1976 4398 2095 4438 cor-

514 4485 705 4539 porum
729 4469 1082 4525 substantiale
1099 4472 1319 4536 malum,
1338 4473 1433 4527 Sin
1456 4488 1583 4528 vero
1604 4488 1775 4544 usque
1794 4490 1859 4528 eo
1883 4489 2096 4544 proces-

515 4566 955 4625 sernnteorpora,
980 4567 1033 4613 et
1050 4568 1330 4631 tant0pere
1351 4561 1615 4617 honorata
1648 4573 1774 4619 sunt
1800 4578 1864 4618 ac
1886 4574 2092 4619 tantam

517 4649 928 4720 temperantiam
964 4650 1272 4718 induerunt,
1307 4660 1366 4707 ut
1390 4653 1581 4709 domus
1605 4652 1737 4708 [iant
1767 4655 2007 4711 auctoris
2034 4665 2091 4709 et

2273 3388 2398 3440 Ὅτι
2425 3386 2482 3440 δὲ
2509 3385 2608 3439 οὐκ
2636 3385 2750 3439 ἔστι
2790 3385 2910 3451 καθ’
2935 3384 3133 3457 ἑαυτὴν
3178 3386 3303 3440 ίδεῖν
3346 3385 3525 3458 ψυχὴν
3549 3386 3778 3461 οὺσιὼδη

2201 3477 2397 3549 κακὴν,
2431 3478 2573 3531 οὓτω
2600 3479 2905 3548 πεφυκυῖαν
2946 3477 3041 3530 καὶ
3081 3472 3267 3543 οὖσαν,
3295 3477 3419 3532 οὔτε
3463 3479 3625 3550 σῶμα
3657 3480 3777 3533 καίν’

2199 3567 2360 3622 ἑαυτὸ
2384 3567 2638 3631 οὐσιῶδες
2671 3566 2836 3621 κακὸν
2860 3606 2873 3631 ,
2904 3568 3277 3639 μαρτυροῦσιν
3314 3570 3365 3622 οἱ
3397 3569 3548 3639 λόγοι
3590 3570 3683 3624 καὶ
3724 3572 3780 3625 αἱ

2200 3660 2445 3732 πράξεις.
2465 3660 2529 3713 Ei
2546 3659 2700 3731 γάρὴ
2722 3659 3041 3732 σωφροσύνη
3065 3661 3162 3731 μὲν
3181 3661 3346 3732 ἀρετή
3373 3663 3510 3725 ἐστι,
3534 3663 3595 3715 τὸ
3611 3663 3667 3715 δὲ
3686 3661 3780 3716 σῶ-

2202 3769 2278 3822 μα
2298 3751 2553 3814 οὐσιῶδες
2569 3751 2757 3811 κακὸν,
2779 3750 2879 3803 οὐκ
2897 3750 2961 3804 ἂν
2987 3745 3156 3804 οἷόντε
3187 3747 3254 3823 ἧν
3279 3752 3437 3823 σῶμα
3464 3752 3683 3823 σῶφρον
3701 3753 3779 3805 ευρ

2202 3844 2443 3915 ρεθῆναι·
2472 3844 2558 3897 ἴνα
2577 3844 2651 3915 μὴ
2672 3843 2851 3914 σῶμα,
2870 3844 3026 3914 οὐσία
3042 3841 3100 3897 ὃν
3121 3845 3363 3916 αἰσχρὸν,
3386 3845 3545 3915 σῶμα
3579 3844 3779 3917 ἀρετῆς

2197 3937 2575 4009 γένηταισόταν
2591 3936 2699 4007 γὰρ
2712 3939 2960 4008 σωφρονῇ
2974 3938 3035 3990 τὸ
3052 3937 3231 4008 σῶμα,
3248 3938 3405 4008 σῶμα
3420 3940 3648 4006 γέγονεν
3663 3941 3773 4010 ἀρε-

2198 4024 2297 4096 τῆς
2322 4027 2417 4078 καὶ
2438 4025 2598 4096 σῶμά
2623 4027 2768 4081 ἐστιν
2789 4025 2987 4096 ἀρετῆς
3005 4023 3103 4097 (ὃ),
3126 4026 3347 4080 δύναται
3364 4022 3503 4080 εἶναι
3522 4028 3617 4092 καὶ
3635 4028 3777 4089 ναός.

2198 4115 2260 4168 Ei
2292 4114 2390 4186 μὲν
2417 4111 2509 4169 οὖν
2536 4117 2682 4169 ἅπαν
2714 4113 2873 4187 σῶμα
2902 4117 3158 4188 πορνικὸν
3193 4113 3281 4188 ἦν,
3300 4116 3393 4170 καὶ
3411 4118 3694 4187 ἀμήχανον
3714 4110 3780 4189 ἦν

2197 4204 2255 4260 ἓν
2279 4207 2523 4277 σώμασιν
2552 4208 2839 4279 εὑρεθῆναι
2864 4208 3239 4281 σωφροσύνην,
3271 4212 3337 4281 τῇ
3370 4210 3530 4282 οὐσίᾳ
3546 4211 3658 4263 τῶν
3679 4228 3778 4264 σω-

2199 4297 2386 4367 μάτων
2428 4298 2488 4351 τὸ
2524 4298 2781 4362 οὐσιῶδες
2816 4298 2984 4363 κακὸν
3034 4299 3324 4354 ἀποδοῦναι
3352 4298 3416 4353 ἂν
3444 4286 3779 4371 ὴδυνάμεθας

2198 4389 2261 4444 Εἰ
2290 4390 2345 4443 δὲ
2371 4389 2463 4442 ἐπὶ
2502 4389 2752 4455 τοσοῦτον
2778 4390 3012 4467 προῆλθε
3056 4391 3125 4445 τά
3173 4390 3418 4461 σώματα,
3461 4393 3557 4445 καὶ
3608 4392 3782 4454 οὓτως

2193 4481 2503 4552 τετίμηται,
2529 4481 2625 4534 καὶ
2645 4481 2910 4552 τοσαύτην
2944 4484 3242 4552 ἠμφίεσται
3284 4483 3663 4553 σωφροσύνην,
3708 4484 3781 4546 ὡς

2195 4569 2371 4622 οἰκίαν
2407 4564 2546 4624 εἶναι
2571 4569 2663 4623 τοῦ
2703 4570 3062 4640 πεποιηκότος
3084 4612 3099 4641 ,
3147 4572 3222 4636 ὡς
3252 4574 3472 4642 ταμεῖον
3500 4567 3642 4624 εἶναι
3685 4572 3782 4624 τοῦ

2197 4656 2426 4728 Κυρίου,
2458 4654 2534 4722 ὡς
2562 4658 2810 4729 ἐνδημεῖν
2839 4658 3057 4738 Πατέρα
3091 4660 3182 4713 καὶ
3218 4660 3367 4726 Υἱὸν,
3398 4659 3489 4713 καὶ
3508 4658 3606 4730 τὴν
3624 4659 3795 4731 οίκηει

585 4893 662 4964 (l)
700 4892 992 4957 Σιτιανός.
1037 4888 1128 4964 (ΣΙζ
1150 4887 1553 4964 _Wesselingius
1594 4888 1645 4964 in
1688 4887 1956 4964 Probabil.
1989 4890 2081 4964 ut).
2118 4890 2427 4963 DOpililm,
2473 4897 2634 4952 verba
2690 4895 2822 4951 facit
2873 4896 3120 4952 Clemens
3167 4898 3566 4953 Alexandrinus
3622 4898 3779 4954 Sirae

512 4958 653 5033 sing.
675 4979 792 5033 cap.
819 4964 909 5021 28.
951 4976 1070 5033 pag.
1100 4958 1226 5023 2&6,
1257 4969 1402 5033 recte
1433 4959 1731 5033 conjecisse
1757 4960 1970 5014 videtur
2000 4962 2087 5033 liic

516 5028 802 5104 lugendum
830 5028 1116 5093 Τατίανός,
1156 5043 1313 5098 quem
1339 5028 1566 5104 plurima
1599 5040 1846 5104 errorum
1878 5031 2086 5104 semina

512 5096 639 5158 olim
689 5104 893 5157 sevisse
940 5096 1273 5168 compertum
1320 5096 1422 5152 est.
1480 5096 1667 5165 Neque
1723 5099 1867 5152 enim
1921 5103 2085 5168 (quod

517 5170 1034 5240 aliiexistimarunt)
1067 5167 1325 5240 Serapion
1357 5170 1456 5221 hoc
1485 5168 1600 5240 loco
1625 5167 1976 5238 Srytltiauuui
2005 5171 2087 5223 in-

511 5242 807 5322 digitavit,‘
830 5238 1387 5322 sectae‘Manicltaicw
1438 5238 1790 5322 conditorem,
1842 5254 1963 5322 cum
2006 5240 2082 5292 ni.

522 5308 717 5363 mirum
775 5310 832 5364 S.
884 5312 1037 5365 Pater
1086 5319 1401 5375 postremum
1454 5308 1742 5374 impietatis
1804 5308 2083 5374 abortum,

518 5378 956 5433 Maniclreismum
1001 5379 1167 5433 fuisse
1198 5378 1420 5431 scribat.

585 5448 668 5570 (ἐξ
709 5448 772 5501 '0
798 5448 1037 5515 Φάκιος.
1083 5446 1322 5517 Ὸφιανοί
1365 5446 1642 5568 legendum
1676 5457 1859 5501 censet
1896 5448 2079 5501 lauda-

585 5534 604 5570 s
664 5515 1046 5570 Vesselinaius.
1080 5519 1116 5570 l.
1155 5534 1232 5570 c..
1260 5532 1379 5570 natz.
1448 5516 1531 5570 £8.
1558 5532 1677 5570 uuae
1704 5517 1920 5570 quidem
1977 5534 2079 5570 vox

520 5524 604 5571 ius
639 5515 1046 5587 Wesseiingius,
1080 5519 1116 5571 l.
1155 5515 1232 5579 c.,
1260 5532 1379 5586 pag.
1405 5515 1531 5577 2‘8,
1558 5532 1677 5584 qua:
1704 5517 1920 5585 quidem
1977 5534 2079 5572 vox

513 5602 635 5640 cum
673 5586 929 5651 suam:
962 5588 1153 5642 litteris
1206 5601 1340 5654 pene
1382 5589 1646 5649 congruit.
1699 5587 1771 5641 De
1814 5587 2079 5655 Opliianis

515 5656 784 5711 lia-reticis
827 5660 918 5726 qui
976 5657 1305 5712 'l‘ertulliano
1367 5672 1429 5710 ac
1481 5656 1777 5727 Epiphanio
1829 5659 2080 5712 dicuntur

2190 4975 2320 5038 mat.
2356 4965 2448 5019 lib.
2484 4982 2599 5038 vn,
2648 4982 2772 5038 pag.
2804 4968 2929 5023 765.
2975 4967 3067 5020 Vel
3097 4969 3141 5022 si
3189 4970 3382 5033 mavis,
3417 4984 3542 5038 cum
3587 4973 3779 5024 eodem

2190 5036 2307 5108 viro
2342 5037 2555 5108 erudito
2592 5036 2739 5105 legas
2773 5039 2805 5108 ό
2846 5039 3181 5108 Ἐπιφάνηςσ
3228 5053 3387 5105 quem
3433 5037 3779 5106 Carpocratis

2195 5105 2360 5158 lilium
2390 5106 2554 5160 multa
2598 5110 2739 5161 inter
2753 5105 3113 5161 'Cliristtanos
3133 5112 3421 5163 iunOVasse
3448 5105 3607 5162 docet
3637 5112 3776 5162 idem

2190 5173 2657 5249 Clemens_lib.tll
2680 5216 2696 5240 ,
2722 5194 2842 5247 pag.
2876 5177 2999 5231 5H.
3032 5177 3282 5249 Utraque
3298 5193 3431 5231 sane
3457 5177 3771 5246 conjectura

2192 5246 2524 5312 probabilior
2555 5248 2641 5300 illa
2671 5246 2809 5302 eSse’
2837 5250 3067 5313 videtur,
3097 5246 3203 5317 qua
3236 5246 3596 5308 Marcianum,
3634 5250 3779 5302 cele-

2192 5318 2535 5386 lireuiapnd
2593 5317 2882 5371 Eusebium
2948 5318 3266 5373 Docetarum
3332 5318 3775 5386 primipilarem,

2194 5384 2478 5461 Serapioni
2519 5388 2907 5461 restituendum
2931 5386 3231 5461 Basnagius
3268 5384 3625 5461 existimavit.

2263 5454 2341 5523 (5)
2385 5453 2483 5508 Hic
2530 5457 2793 5523 interpres
2843 5457 3038 5525 legisse
3096 5453 3305 5512 videtur
3350 5458 3402 5510 in
3439 5470 3542 5510 suo
3587 5472 3777 5510 exem-

2188 5523 2352 5599 plari,
2397 5525 2798 5599 καὶλότιγσῶμά
2844 5523 2991 5581 ἐστιν
3044 5527 3246 5599 ἀρετῆς
3278 5545 3294 5599 γ’
3350 5540 3472 5596 qua:
3519 5526 3775 5583 librarius

2188 5595 2259 5648 ob
2283 5596 2665 5652 antecedentia
2699 5595 3031 5668 negligenter
3069 5595 3333 5654 omiserit.
