  <div class='ocr_page' id='page_1' title='image "/cluster/home/n/w/nwhite01/storage/ocr_20150623/40/hvd.32044073501843/460.png"; bbox 0 0 4098 6200; ppageno 0'>
   <div class='ocr_carea' id='block_1_1' title="bbox 289 309 395 365">
    <p class='ocr_par' dir='ltr' id='par_1_1' title="bbox 289 309 395 365">
     <span class='ocr_line' id='line_1_1' title="bbox 289 309 395 365; baseline -0.047 0"><span class='ocrx_word' id='word_1_1' title='bbox 289 309 395 365; x_wconf 74' lang='grc' dir='ltr'><strong>9θῦ</strong></span> 
     </span>
    </p>
   </div>
   <div class='ocr_carea' id='block_1_2' title="bbox 1206 298 2626 357">
    <p class='ocr_par' dir='ltr' id='par_1_2' title="bbox 1206 298 2626 357">
     <span class='ocr_line' id='line_1_2' title="bbox 1206 298 2626 357; baseline -0.001 -2"><span class='ocrx_word' id='word_1_2' title='bbox 1206 302 1261 355; x_wconf 88' lang='lat' dir='ltr'><strong>S.</strong></span> <span class='ocrx_word' id='word_1_3' title='bbox 1307 299 1713 357; x_wconf 70' lang='lat' dir='ltr'><strong>SERAI’iON‘IS</strong></span> <span class='ocrx_word' id='word_1_4' title='bbox 1748 299 1947 354; x_wconf 78' lang='lat' dir='ltr'><strong>LIBER</strong></span> <span class='ocrx_word' id='word_1_5' title='bbox 1986 299 2143 353; x_wconf 56' lang='grc' dir='ltr'>ιον.</span> <span class='ocrx_word' id='word_1_6' title='bbox 2183 298 2626 354; x_wconf 65' lang='grc' dir='ltr'><strong>ΜᾹΝΙΩΙΙᾹΞΟΞ.</strong></span> 
     </span>
    </p>
   </div>
   <div class='ocr_carea' id='block_1_3' title="bbox 3441 300 3545 357">
    <p class='ocr_par' dir='ltr' id='par_1_3' title="bbox 3441 300 3545 357">
     <span class='ocr_line' id='line_1_3' title="bbox 3441 300 3545 357; baseline 0.019 -2"><span class='ocrx_word' id='word_1_7' title='bbox 3441 300 3545 357; x_wconf 81' lang='lat'><strong>906</strong></span> 
     </span>
    </p>
   </div>
   <div class='ocr_carea' id='block_1_4' title="bbox 285 416 1907 493">
    <p class='ocr_par' dir='ltr' id='par_1_4' title="bbox 285 417 1907 493">
     <span class='ocr_line' id='line_1_4' title="bbox 285 417 1907 493; baseline -0.005 -13"><span class='ocrx_word' id='word_1_8' title='bbox 285 443 367 481; x_wconf 88' lang='grc' dir='ltr'><strong>σιν</strong></span> <span class='ocrx_word' id='word_1_9' title='bbox 402 422 513 477; x_wconf 78' lang='grc' dir='ltr'><strong>τῶν</strong></span> <span class='ocrx_word' id='word_1_10' title='bbox 544 421 813 493; x_wconf 64' lang='grc' dir='ltr'>σωμάτων</span> <span class='ocrx_word' id='word_1_11' title='bbox 844 417 1222 489; x_wconf 84' lang='grc' dir='ltr'>ἀποδέχεσθαι·</span> <span class='ocrx_word' id='word_1_12' title='bbox 1252 418 1370 483; x_wconf 86' lang='grc' dir='ltr'><strong>πῶς</strong></span> <span class='ocrx_word' id='word_1_13' title='bbox 1402 419 1501 471; x_wconf 88' lang='grc' dir='ltr'><strong>οὑκ</strong></span> <span class='ocrx_word' id='word_1_14' title='bbox 1538 418 1737 482; x_wconf 79' lang='grc' dir='ltr'>ἄτοπος</span> <span class='ocrx_word' id='word_1_15' title='bbox 1777 420 1869 472; x_wconf 81' lang='grc' dir='ltr'>καὶ</span> <span class='ocrx_word' id='word_1_16' title='bbox 1902 464 1907 480; x_wconf 44' lang='grc' dir='ltr'>ι</span> 
     </span>
    </p>
   </div>
   <div class='ocr_carea' id='block_1_5' title="bbox 1993 416 3545 493">
    <p class='ocr_par' dir='ltr' id='par_1_5' title="bbox 1993 416 3545 485">
     <span class='ocr_line' id='line_1_5' title="bbox 1993 416 3545 485; baseline 0 -14"><span class='ocrx_word' id='word_1_17' title='bbox 1993 423 2230 473; x_wconf 78' lang='lat' dir='ltr'><strong>:onclave</strong></span> <span class='ocrx_word' id='word_1_18' title='bbox 2258 421 2508 482; x_wconf 90' lang='lat' dir='ltr'><strong>Domini,</strong></span> <span class='ocrx_word' id='word_1_19' title='bbox 2546 429 2596 471; x_wconf 91' lang='lat' dir='ltr'><strong>ut</strong></span> <span class='ocrx_word' id='word_1_20' title='bbox 2634 416 2793 471; x_wconf 80' lang='lat' dir='ltr'><strong>Pater</strong></span> <span class='ocrx_word' id='word_1_21' title='bbox 2832 426 2885 469; x_wconf 83' lang='lat' dir='ltr'><strong>rt</strong></span> <span class='ocrx_word' id='word_1_22' title='bbox 2917 417 3083 472; x_wconf 85' lang='lat' dir='ltr'><strong>Filius</strong></span> <span class='ocrx_word' id='word_1_23' title='bbox 3109 418 3174 474; x_wconf 88' lang='lat' dir='ltr'><strong>ad</strong></span> <span class='ocrx_word' id='word_1_24' title='bbox 3210 433 3271 473; x_wconf 82' lang='lat' dir='ltr'><strong>ea</strong></span> <span class='ocrx_word' id='word_1_25' title='bbox 3299 420 3545 485; x_wconf 81' lang='lat' dir='ltr'><strong>veniant,</strong></span> 
     </span>
    </p>
   </div>
   <div class='ocr_carea' id='block_1_6' title="bbox 281 508 997 583">
    <p class='ocr_par' dir='ltr' id='par_1_6' title="bbox 281 508 997 583">
     <span class='ocr_line' id='line_1_6' title="bbox 281 508 997 583; baseline -0.008 -17"><span class='ocrx_word' id='word_1_26' title='bbox 281 512 485 583; x_wconf 85' lang='grc' dir='ltr'>γελοῖος</span> <span class='ocrx_word' id='word_1_27' title='bbox 509 512 735 564; x_wconf 82' lang='grc' dir='ltr'><strong>ἐκείνων</strong></span> <span class='ocrx_word' id='word_1_28' title='bbox 761 511 788 562; x_wconf 78' lang='grc' dir='ltr'><strong>ὁ</strong></span> <span class='ocrx_word' id='word_1_29' title='bbox 810 508 997 578; x_wconf 78' lang='grc' dir='ltr'>λόγος;</span> 
     </span>
    </p>
   </div>
   <div class='ocr_carea' id='block_1_7' title="bbox 1975 509 3544 577">
    <p class='ocr_par' dir='ltr' id='par_1_7' title="bbox 1975 509 3544 577">
     <span class='ocr_line' id='line_1_7' title="bbox 1975 509 3544 577; baseline 0.003 -15"><span class='ocrx_word' id='word_1_30' title='bbox 1975 520 2027 563; x_wconf 81' lang='lat' dir='ltr'><strong>ct</strong></span> <span class='ocrx_word' id='word_1_31' title='bbox 2058 512 2111 563; x_wconf 90' lang='lat' dir='ltr'><strong>in</strong></span> <span class='ocrx_word' id='word_1_32' title='bbox 2143 512 2224 566; x_wconf 86' lang='lat' dir='ltr'><strong>eis</strong></span> <span class='ocrx_word' id='word_1_33' title='bbox 2261 512 2507 564; x_wconf 78' lang='lat' dir='ltr'><strong>habitare</strong></span> <span class='ocrx_word' id='word_1_34' title='bbox 2536 510 2699 563; x_wconf 83' lang='lat' dir='ltr'><strong>velint</strong></span> <span class='ocrx_word' id='word_1_35' title='bbox 2730 509 2783 571; x_wconf 62' lang='grc'>³,</span> <span class='ocrx_word' id='word_1_36' title='bbox 2816 511 3082 577; x_wconf 86' lang='lat' dir='ltr'><strong>quomodo</strong></span> <span class='ocrx_word' id='word_1_37' title='bbox 3110 527 3213 565; x_wconf 93' lang='lat' dir='ltr'><strong>non</strong></span> <span class='ocrx_word' id='word_1_38' title='bbox 3249 521 3329 566; x_wconf 92' lang='lat' dir='ltr'><strong>cst</strong></span> <span class='ocrx_word' id='word_1_39' title='bbox 3356 513 3544 567; x_wconf 82' lang='lat' dir='ltr'><strong>absur-</strong></span> 
     </span>
    </p>
   </div>
   <div class='ocr_carea' id='block_1_8' title="bbox 1974 601 2918 671">
    <p class='ocr_par' dir='ltr' id='par_1_8' title="bbox 1974 601 2918 671">
     <span class='ocr_line' id='line_1_8' title="bbox 1974 601 2918 671; baseline 0.001 -18"><span class='ocrx_word' id='word_1_40' title='bbox 1974 601 2098 654; x_wconf 90' lang='lat' dir='ltr'><strong>dum</strong></span> <span class='ocrx_word' id='word_1_41' title='bbox 2131 612 2183 656; x_wconf 90' lang='lat' dir='ltr'><strong>et</strong></span> <span class='ocrx_word' id='word_1_42' title='bbox 2223 603 2507 656; x_wconf 84' lang='lat' dir='ltr'><strong>ridiculum</strong></span> <span class='ocrx_word' id='word_1_43' title='bbox 2547 602 2690 671; x_wconf 88' lang='lat' dir='ltr'><strong>quod</strong></span> <span class='ocrx_word' id='word_1_44' title='bbox 2728 601 2918 654; x_wconf 82' lang='lat' dir='ltr'><strong>aiunt?</strong></span> 
     </span>
    </p>
   </div>
   <div class='ocr_carea' id='block_1_9' title="bbox 1334 684 2485 761">
    <p class='ocr_par' dir='ltr' id='par_1_9' title="bbox 1334 684 2485 761">
     <span class='ocr_line' id='line_1_9' title="bbox 1334 684 2485 761; baseline 0.003 -22"><span class='ocrx_word' id='word_1_45' title='bbox 1334 684 1463 740; x_wconf 79' lang='lat' dir='ltr'><strong>CAP.</strong></span> <span class='ocrx_word' id='word_1_46' title='bbox 1503 684 1590 740; x_wconf 76' lang='lat' dir='ltr'><strong>VI.</strong></span> <span class='ocrx_word' id='word_1_47' title='bbox 1625 684 1787 756; x_wconf 79' lang='lat' dir='ltr'><strong>quue</strong></span> <span class='ocrx_word' id='word_1_48' title='bbox 1808 703 1873 741; x_wconf 79' lang='lat' dir='ltr'><strong>ea:</strong></span> <span class='ocrx_word' id='word_1_49' title='bbox 1897 687 2186 759; x_wconf 81' lang='lat' dir='ltr'><strong>Scripturis</strong></span> <span class='ocrx_word' id='word_1_50' title='bbox 2209 693 2485 761; x_wconf 83' lang='lat' dir='ltr'><strong>probatur.</strong></span> 
     </span>
    </p>
   </div>
   <div class='ocr_carea' id='block_1_10' title="bbox 366 775 1870 851">
    <p class='ocr_par' dir='ltr' id='par_1_10' title="bbox 366 775 1870 851">
     <span class='ocr_line' id='line_1_10' title="bbox 366 775 1870 851; baseline -0.003 -16"><span class='ocrx_word' id='word_1_51' title='bbox 366 780 499 834; x_wconf 82' lang='grc' dir='ltr'><strong>’1δοὺ</strong></span> <span class='ocrx_word' id='word_1_52' title='bbox 532 779 640 851; x_wconf 74' lang='grc' dir='ltr'>γὰρ</span> <span class='ocrx_word' id='word_1_53' title='bbox 691 779 824 832; x_wconf 83' lang='grc' dir='ltr'>ὅταν</span> <span class='ocrx_word' id='word_1_54' title='bbox 864 777 964 848; x_wconf 84' lang='grc' dir='ltr'><strong>μὲν</strong></span> <span class='ocrx_word' id='word_1_55' title='bbox 1010 775 1220 840; x_wconf 82' lang='grc' dir='ltr'>Παῦλος</span> <span class='ocrx_word' id='word_1_56' title='bbox 1265 776 1341 847; x_wconf 83' lang='grc' dir='ltr'>πῆ</span> <span class='ocrx_word' id='word_1_57' title='bbox 1400 776 1499 847; x_wconf 84' lang='grc' dir='ltr'><strong>μὲν</strong></span> <span class='ocrx_word' id='word_1_58' title='bbox 1538 776 1707 845; x_wconf 74' lang='grc' dir='ltr'>λέγει’</span> <span class='ocrx_word' id='word_1_59' title='bbox 1748 780 1870 831; x_wconf 81' lang='grc' dir='ltr'><strong>Οὐκ</strong></span> 
     </span>
    </p>
   </div>
   <div class='ocr_carea' id='block_1_11' title="bbox 286 866 1874 939">
    <p class='ocr_par' dir='ltr' id='par_1_11' title="bbox 286 866 1874 939">
     <span class='ocr_line' id='line_1_11' title="bbox 286 866 1874 939; baseline -0.003 -13"><span class='ocrx_word' id='word_1_60' title='bbox 286 872 487 926; x_wconf 79' lang='grc' dir='ltr'><strong>οἴδατε</strong></span> <span class='ocrx_word' id='word_1_61' title='bbox 521 871 608 924; x_wconf 85' lang='grc' dir='ltr'>ὅτι</span> <span class='ocrx_word' id='word_1_62' title='bbox 654 871 727 923; x_wconf 80' lang='grc' dir='ltr'>τὰ</span> <span class='ocrx_word' id='word_1_63' title='bbox 771 869 1018 939; x_wconf 83' lang='grc' dir='ltr'>σώματα</span> <span class='ocrx_word' id='word_1_64' title='bbox 1062 868 1229 938; x_wconf 80' lang='grc' dir='ltr'>ὑμῶν</span> <span class='ocrx_word' id='word_1_65' title='bbox 1264 866 1412 934; x_wconf 74' lang='grc' dir='ltr'>ναὸς</span> <span class='ocrx_word' id='word_1_66' title='bbox 1457 868 1564 922; x_wconf 84' lang='grc' dir='ltr'>τοῦ</span> <span class='ocrx_word' id='word_1_67' title='bbox 1617 869 1687 921; x_wconf 81' lang='grc' dir='ltr'>ἐν</span> <span class='ocrx_word' id='word_1_68' title='bbox 1729 868 1874 938; x_wconf 79' lang='grc' dir='ltr'>ὑμῖν</span> 
     </span>
    </p>
   </div>
   <div class='ocr_carea' id='block_1_12' title="bbox 288 959 1873 1035">
    <p class='ocr_par' dir='ltr' id='par_1_12' title="bbox 288 959 1873 1035">
     <span class='ocr_line' id='line_1_12' title="bbox 288 959 1873 1035; baseline -0.004 -16"><span class='ocrx_word' id='word_1_69' title='bbox 288 966 464 1035; x_wconf 76' lang='grc' dir='ltr'>ἁγίου</span> <span class='ocrx_word' id='word_1_70' title='bbox 502 963 845 1033; x_wconf 75' lang='grc' dir='ltr'>Πνεύματός</span> <span class='ocrx_word' id='word_1_71' title='bbox 875 963 1049 1015; x_wconf 78' lang='grc' dir='ltr'>ἐστιν</span> <span class='ocrx_word' id='word_1_72' title='bbox 1072 977 1091 1025; x_wconf 88' lang='grc'><em>;</em></span> <span class='ocrx_word' id='word_1_73' title='bbox 1122 963 1150 1014; x_wconf 80' lang='grc' dir='ltr'><strong>ὁ</strong></span> <span class='ocrx_word' id='word_1_74' title='bbox 1178 960 1234 1014; x_wconf 77' lang='grc' dir='ltr'>δὲ</span> <span class='ocrx_word' id='word_1_75' title='bbox 1268 960 1401 1024; x_wconf 74' lang='grc' dir='ltr'>Θεδς</span> <span class='ocrx_word' id='word_1_76' title='bbox 1425 959 1513 1013; x_wconf 79' lang='grc' dir='ltr'><strong>διὰ</strong></span> <span class='ocrx_word' id='word_1_77' title='bbox 1542 959 1635 1013; x_wconf 78' lang='grc' dir='ltr'>τοῦ</span> <span class='ocrx_word' id='word_1_78' title='bbox 1661 962 1873 1033; x_wconf 78' lang='grc' dir='ltr'>προφή-</span> 
     </span>
    </p>
   </div>
   <div class='ocr_carea' id='block_1_13' title="bbox 291 1050 1871 1125">
    <p class='ocr_par' dir='ltr' id='par_1_13' title="bbox 291 1050 1871 1125">
     <span class='ocr_line' id='line_1_13' title="bbox 291 1050 1871 1125; baseline -0.003 -15"><span class='ocrx_word' id='word_1_79' title='bbox 291 1074 385 1110; x_wconf 82' lang='grc' dir='ltr'><strong>του</strong></span> <span class='ocrx_word' id='word_1_80' title='bbox 412 1054 811 1125; x_wconf 76' lang='grc' dir='ltr'><strong>ἐπαγγέλληται</strong></span> <span class='ocrx_word' id='word_1_81' title='bbox 839 1071 852 1083; x_wconf 77' lang='grc'><strong>”</strong></span> <span class='ocrx_word' id='word_1_82' title='bbox 885 1053 1213 1121; x_wconf 73' lang='grc' dir='ltr'><strong>Ἐνοικήσω</strong></span> <span class='ocrx_word' id='word_1_83' title='bbox 1232 1052 1543 1119; x_wconf 73' lang='grc' dir='ltr'>ἐναὺτοῖς,</span> <span class='ocrx_word' id='word_1_84' title='bbox 1574 1050 1673 1105; x_wconf 82' lang='grc' dir='ltr'><strong>καὶ</strong></span> <span class='ocrx_word' id='word_1_85' title='bbox 1694 1052 1871 1121; x_wconf 77' lang='grc' dir='ltr'>ἐμπε-</span> 
     </span>
    </p>
   </div>
   <div class='ocr_carea' id='block_1_14' title="bbox 289 1141 1872 1219">
    <p class='ocr_par' dir='ltr' id='par_1_14' title="bbox 289 1141 1872 1219">
     <span class='ocr_line' id='line_1_14' title="bbox 289 1141 1872 1219; baseline -0.003 -17"><span class='ocrx_word' id='word_1_86' title='bbox 289 1148 622 1219; x_wconf 79' lang='grc' dir='ltr'>ριπατήσω,</span> <span class='ocrx_word' id='word_1_87' title='bbox 657 1146 754 1199; x_wconf 78' lang='grc' dir='ltr'><strong>καὶ</strong></span> <span class='ocrx_word' id='word_1_88' title='bbox 781 1145 993 1213; x_wconf 78' lang='grc' dir='ltr'>ἔσομαι</span> <span class='ocrx_word' id='word_1_89' title='bbox 1016 1142 1219 1197; x_wconf 77' lang='grc' dir='ltr'>αὐτῶν</span> <span class='ocrx_word' id='word_1_90' title='bbox 1248 1144 1411 1210; x_wconf 86' lang='grc' dir='ltr'>Θεός·</span> <span class='ocrx_word' id='word_1_91' title='bbox 1439 1142 1533 1196; x_wconf 73' lang='grc' dir='ltr'>καὶ</span> <span class='ocrx_word' id='word_1_92' title='bbox 1564 1141 1739 1195; x_wconf 87' lang='grc' dir='ltr'>πείθει</span> <span class='ocrx_word' id='word_1_93' title='bbox 1772 1144 1872 1216; x_wconf 78' lang='grc' dir='ltr'>τὴν</span> 
     </span>
    </p>
   </div>
   <div class='ocr_carea' id='block_1_15' title="bbox 268 1224 1875 1307">
    <p class='ocr_par' dir='ltr' id='par_1_15' title="bbox 268 1224 1875 1307">
     <span class='ocr_line' id='line_1_15' title="bbox 268 1224 1875 1307; baseline -0.005 -13"><span class='ocrx_word' id='word_1_94' title='bbox 268 1224 556 1301; x_wconf 16' lang='grc' dir='ltr'>γδιάνοιαν,</span> <span class='ocrx_word' id='word_1_95' title='bbox 591 1238 686 1291; x_wconf 68' lang='grc' dir='ltr'>καὶ</span> <span class='ocrx_word' id='word_1_96' title='bbox 710 1240 820 1299; x_wconf 86' lang='grc' dir='ltr'>τοῖς</span> <span class='ocrx_word' id='word_1_97' title='bbox 848 1236 1061 1307; x_wconf 83' lang='grc' dir='ltr'>σώμασι</span> <span class='ocrx_word' id='word_1_98' title='bbox 1096 1236 1396 1306; x_wconf 83' lang='grc' dir='ltr'>μαρτυρεῖ·</span> <span class='ocrx_word' id='word_1_99' title='bbox 1448 1234 1542 1286; x_wconf 75' lang='grc' dir='ltr'><strong>καὶ</strong></span> <span class='ocrx_word' id='word_1_100' title='bbox 1570 1234 1630 1286; x_wconf 82' lang='grc' dir='ltr'><strong>τὸ</strong></span> <span class='ocrx_word' id='word_1_101' title='bbox 1662 1234 1759 1303; x_wconf 83' lang='grc' dir='ltr'><strong>μὲν</strong></span> <span class='ocrx_word' id='word_1_102' title='bbox 1785 1235 1875 1287; x_wconf 81' lang='grc' dir='ltr'>οὑ-</span> 
     </span>
    </p>
   </div>
   <div class='ocr_carea' id='block_1_16' title="bbox 298 1324 1871 1399">
    <p class='ocr_par' dir='ltr' id='par_1_16' title="bbox 298 1324 1871 1399">
     <span class='ocr_line' id='line_1_16' title="bbox 298 1324 1871 1399; baseline -0.005 -15"><span class='ocrx_word' id='word_1_103' title='bbox 298 1330 492 1394; x_wconf 87' lang='grc' dir='ltr'>σιῶδες</span> <span class='ocrx_word' id='word_1_104' title='bbox 520 1328 732 1395; x_wconf 78' lang='grc' dir='ltr'>ἐξωθεῖ,</span> <span class='ocrx_word' id='word_1_105' title='bbox 756 1331 819 1399; x_wconf 79' lang='grc' dir='ltr'>τῇ</span> <span class='ocrx_word' id='word_1_106' title='bbox 850 1327 906 1379; x_wconf 76' lang='grc' dir='ltr'><strong>δὲ</strong></span> <span class='ocrx_word' id='word_1_107' title='bbox 931 1326 1129 1397; x_wconf 80' lang='grc' dir='ltr'><strong>μελέτῃ</strong></span> <span class='ocrx_word' id='word_1_108' title='bbox 1170 1324 1231 1378; x_wconf 80' lang='grc' dir='ltr'><strong>τὸ</strong></span> <span class='ocrx_word' id='word_1_109' title='bbox 1260 1325 1491 1395; x_wconf 80' lang='grc' dir='ltr'>πρᾶγμα</span> <span class='ocrx_word' id='word_1_110' title='bbox 1530 1324 1871 1378; x_wconf 73' lang='grc' dir='ltr'>ἀποδίδωσιν·</span> 
     </span>
    </p>
   </div>
   <div class='ocr_carea' id='block_1_17' title="bbox 294 1413 1877 1490">
    <p class='ocr_par' dir='ltr' id='par_1_17' title="bbox 294 1413 1877 1490">
     <span class='ocr_line' id='line_1_17' title="bbox 294 1413 1877 1490; baseline -0.005 -16"><span class='ocrx_word' id='word_1_111' title='bbox 294 1421 422 1474; x_wconf 83' lang='grc' dir='ltr'>ὅταν</span> <span class='ocrx_word' id='word_1_112' title='bbox 446 1419 558 1490; x_wconf 75' lang='grc' dir='ltr'>γὰρ</span> <span class='ocrx_word' id='word_1_113' title='bbox 592 1419 624 1490; x_wconf 76' lang='grc' dir='ltr'><strong>η</strong></span> <span class='ocrx_word' id='word_1_114' title='bbox 658 1417 852 1488; x_wconf 78' lang='grc' dir='ltr'><strong>μελέτη</strong></span> <span class='ocrx_word' id='word_1_115' title='bbox 884 1415 944 1468; x_wconf 82' lang='grc' dir='ltr'><strong>τὸ</strong></span> <span class='ocrx_word' id='word_1_116' title='bbox 974 1415 1280 1486; x_wconf 78' lang='grc' dir='ltr'>ἐπιτήδειον</span> <span class='ocrx_word' id='word_1_117' title='bbox 1316 1415 1415 1484; x_wconf 78' lang='grc' dir='ltr'><strong>τῆς</strong></span> <span class='ocrx_word' id='word_1_118' title='bbox 1445 1413 1716 1477; x_wconf 79' lang='grc' dir='ltr'>πολιτείας</span> <span class='ocrx_word' id='word_1_119' title='bbox 1742 1414 1877 1467; x_wconf 84' lang='grc' dir='ltr'>ἀπο-</span> 
     </span>
    </p>
   </div>
   <div class='ocr_carea' id='block_1_18' title="bbox 291 1505 1877 1581">
    <p class='ocr_par' dir='ltr' id='par_1_18' title="bbox 291 1505 1877 1581">
     <span class='ocr_line' id='line_1_18' title="bbox 291 1505 1877 1581; baseline -0.004 -17"><span class='ocrx_word' id='word_1_120' title='bbox 291 1510 386 1581; x_wconf 84' lang='grc' dir='ltr'><strong>δῷ,</strong></span> <span class='ocrx_word' id='word_1_121' title='bbox 420 1510 542 1563; x_wconf 83' lang='grc' dir='ltr'>τότε</span> <span class='ocrx_word' id='word_1_122' title='bbox 570 1509 845 1580; x_wconf 75' lang='grc' dir='ltr'><strong>ἡτοιαύτη</strong></span> <span class='ocrx_word' id='word_1_123' title='bbox 866 1506 1176 1578; x_wconf 82' lang='grc' dir='ltr'>κατασκευὴ</span> <span class='ocrx_word' id='word_1_124' title='bbox 1208 1508 1265 1559; x_wconf 84' lang='grc' dir='ltr'><strong>ἑν</strong></span> <span class='ocrx_word' id='word_1_125' title='bbox 1297 1508 1410 1570; x_wconf 87' lang='grc' dir='ltr'>τοῖς</span> <span class='ocrx_word' id='word_1_126' title='bbox 1445 1505 1693 1577; x_wconf 79' lang='grc' dir='ltr'>σώμασιν</span> <span class='ocrx_word' id='word_1_127' title='bbox 1743 1506 1877 1558; x_wconf 76' lang='grc' dir='ltr'>ἁποο</span> 
     </span>
    </p>
   </div>
   <div class='ocr_carea' id='block_1_19' title="bbox 2045 783 3550 851">
    <p class='ocr_par' dir='ltr' id='par_1_19' title="bbox 2045 783 3550 851">
     <span class='ocr_line' id='line_1_19' title="bbox 2045 783 3550 851; baseline 0.002 -15"><span class='ocrx_word' id='word_1_128' title='bbox 2045 783 2182 838; x_wconf 78' lang='lat' dir='ltr'><strong>Ecce</strong></span> <span class='ocrx_word' id='word_1_129' title='bbox 2217 786 2360 838; x_wconf 88' lang='lat' dir='ltr'><strong>enim</strong></span> <span class='ocrx_word' id='word_1_130' title='bbox 2400 783 2596 837; x_wconf 86' lang='lat' dir='ltr'><strong>Paulus</strong></span> <span class='ocrx_word' id='word_1_131' title='bbox 2655 784 2850 838; x_wconf 84' lang='lat' dir='ltr'><strong>alicubi</strong></span> <span class='ocrx_word' id='word_1_132' title='bbox 2902 786 3017 839; x_wconf 90' lang='lat' dir='ltr'><strong>ait:</strong></span> <span class='ocrx_word' id='word_1_133' title='bbox 3059 788 3136 839; x_wconf 75' lang='lat' dir='ltr'><strong>Au</strong></span> <span class='ocrx_word' id='word_1_134' title='bbox 3170 786 3381 840; x_wconf 69' lang='lat' dir='ltr'><strong>nescitis</strong></span> <span class='ocrx_word' id='word_1_135' title='bbox 3411 787 3550 851; x_wconf 78' lang='lat' dir='ltr'><strong>quod</strong></span> 
     </span>
    </p>
   </div>
   <div class='ocr_carea' id='block_1_20' title="bbox 1972 876 3547 943">
    <p class='ocr_par' dir='ltr' id='par_1_20' title="bbox 1972 876 3547 943">
     <span class='ocr_line' id='line_1_20' title="bbox 1972 876 3547 943; baseline 0.001 -16"><span class='ocrx_word' id='word_1_136' title='bbox 1972 886 2190 941; x_wconf 80' lang='lat' dir='ltr'><strong>carpam</strong></span> <span class='ocrx_word' id='word_1_137' title='bbox 2217 885 2383 928; x_wconf 65' lang='lat' dir='ltr'><strong>ucstra</strong></span> <span class='ocrx_word' id='word_1_138' title='bbox 2411 876 2659 943; x_wconf 83' lang='lat' dir='ltr'><strong>templum</strong></span> <span class='ocrx_word' id='word_1_139' title='bbox 2684 876 2783 927; x_wconf 74' lang='lat' dir='ltr'><strong>sint</strong></span> <span class='ocrx_word' id='word_1_140' title='bbox 2810 877 3038 941; x_wconf 73' lang='lat' dir='ltr'><strong>Spiritus</strong></span> <span class='ocrx_word' id='word_1_141' title='bbox 3064 878 3231 929; x_wconf 79' lang='lat' dir='ltr'><strong>sancti</strong></span> <span class='ocrx_word' id='word_1_142' title='bbox 3264 876 3547 929; x_wconf 77' lang='lat' dir='ltr'><strong>habitantis</strong></span> 
     </span>
    </p>
   </div>
   <div class='ocr_carea' id='block_1_21' title="bbox 1974 965 3561 1036">
    <p class='ocr_par' dir='ltr' id='par_1_21' title="bbox 1974 965 3561 1036">
     <span class='ocr_line' id='line_1_21' title="bbox 1974 965 3561 1036; baseline 0.003 -19"><span class='ocrx_word' id='word_1_143' title='bbox 1974 965 2027 1019; x_wconf 87' lang='lat' dir='ltr'><strong>in</strong></span> <span class='ocrx_word' id='word_1_144' title='bbox 2078 966 2283 1019; x_wconf 66' lang='lat' dir='ltr'><strong>vobis“?</strong></span> <span class='ocrx_word' id='word_1_145' title='bbox 2330 967 2469 1020; x_wconf 84' lang='lat' dir='ltr'><strong>Dens</strong></span> <span class='ocrx_word' id='word_1_146' title='bbox 2516 977 2694 1020; x_wconf 88' lang='lat' dir='ltr'><strong>autem</strong></span> <span class='ocrx_word' id='word_1_147' title='bbox 2747 981 2842 1033; x_wconf 64' lang='lat' dir='ltr'><strong>per</strong></span> <span class='ocrx_word' id='word_1_148' title='bbox 2887 967 3200 1034; x_wconf 85' lang='lat' dir='ltr'><strong>prophetam</strong></span> <span class='ocrx_word' id='word_1_149' title='bbox 3248 968 3561 1036; x_wconf 49' lang='lat' dir='ltr'><strong>promittit;</strong></span> 
     </span>
    </p>
   </div>
   <div class='ocr_carea' id='block_1_22' title="bbox 1976 1056 3554 1127">
    <p class='ocr_par' dir='ltr' id='par_1_22' title="bbox 1976 1056 3554 1127">
     <span class='ocr_line' id='line_1_22' title="bbox 1976 1056 3554 1127; baseline 0.002 -18"><span class='ocrx_word' id='word_1_150' title='bbox 1976 1056 2228 1125; x_wconf 84' lang='lat' dir='ltr'><strong>inquiens</strong></span> <span class='ocrx_word' id='word_1_151' title='bbox 2257 1075 2271 1111; x_wconf 86' lang='lat'><strong>:</strong></span> <span class='ocrx_word' id='word_1_152' title='bbox 2302 1056 2561 1110; x_wconf 81' lang='lat' dir='ltr'><strong>Habilabo</strong></span> <span class='ocrx_word' id='word_1_153' title='bbox 2586 1060 2637 1110; x_wconf 86' lang='lat' dir='ltr'><strong>in</strong></span> <span class='ocrx_word' id='word_1_154' title='bbox 2665 1059 2758 1112; x_wconf 75' lang='lat' dir='ltr'><strong>eis.</strong></span> <span class='ocrx_word' id='word_1_155' title='bbox 2781 1071 2826 1111; x_wconf 83' lang='lat' dir='ltr'><strong>et</strong></span> <span class='ocrx_word' id='word_1_156' title='bbox 2857 1057 3214 1124; x_wconf 79' lang='lat' dir='ltr'><strong>inambulabo,</strong></span> <span class='ocrx_word' id='word_1_157' title='bbox 3234 1068 3280 1112; x_wconf 80' lang='lat' dir='ltr'><strong>et</strong></span> <span class='ocrx_word' id='word_1_158' title='bbox 3303 1075 3390 1113; x_wconf 87' lang='lat' dir='ltr'><strong>ero</strong></span> <span class='ocrx_word' id='word_1_159' title='bbox 3420 1059 3554 1127; x_wconf 75' lang='lat' dir='ltr'><strong>ipso-</strong></span> 
     </span>
    </p>
   </div>
   <div class='ocr_carea' id='block_1_23' title="bbox 1977 1148 3552 1217">
    <p class='ocr_par' dir='ltr' id='par_1_23' title="bbox 1977 1148 3552 1217">
     <span class='ocr_line' id='line_1_23' title="bbox 1977 1148 3552 1217; baseline 0.003 -17"><span class='ocrx_word' id='word_1_160' title='bbox 1977 1163 2091 1201; x_wconf 82' lang='lat' dir='ltr'><strong>rum</strong></span> <span class='ocrx_word' id='word_1_161' title='bbox 2118 1148 2256 1202; x_wconf 83' lang='lat' dir='ltr'><strong>Deus</strong></span> <span class='ocrx_word' id='word_1_162' title='bbox 2281 1150 2320 1202; x_wconf 81' lang='grc'><strong>⁸.</strong></span> <span class='ocrx_word' id='word_1_163' title='bbox 2357 1148 2479 1203; x_wconf 72' lang='lat' dir='ltr'><strong>Haec</strong></span> <span class='ocrx_word' id='word_1_164' title='bbox 2508 1150 2790 1217; x_wconf 74' lang='lat' dir='ltr'><strong>Scriptura</strong></span> <span class='ocrx_word' id='word_1_165' title='bbox 2824 1158 2875 1203; x_wconf 90' lang='lat' dir='ltr'><strong>et</strong></span> <span class='ocrx_word' id='word_1_166' title='bbox 2909 1150 3071 1202; x_wconf 79' lang='lat' dir='ltr'><strong>incnti</strong></span> <span class='ocrx_word' id='word_1_167' title='bbox 3102 1150 3316 1214; x_wconf 87' lang='lat' dir='ltr'><strong>suadet,</strong></span> <span class='ocrx_word' id='word_1_168' title='bbox 3346 1158 3403 1204; x_wconf 86' lang='lat' dir='ltr'><strong>et.</strong></span> <span class='ocrx_word' id='word_1_169' title='bbox 3428 1166 3552 1205; x_wconf 90' lang='lat' dir='ltr'><strong>cor-</strong></span> 
     </span>
    </p>
   </div>
   <div class='ocr_carea' id='block_1_24' title="bbox 1975 1239 3550 1316">
    <p class='ocr_par' dir='ltr' id='par_1_24' title="bbox 1975 1239 3550 1316">
     <span class='ocr_line' id='line_1_24' title="bbox 1975 1239 3550 1316; baseline 0.002 -25"><span class='ocrx_word' id='word_1_170' title='bbox 1975 1242 2194 1309; x_wconf 91' lang='lat' dir='ltr'><strong>poribus</strong></span> <span class='ocrx_word' id='word_1_171' title='bbox 2228 1253 2533 1303; x_wconf 81' lang='lat' dir='ltr'><strong>attestatur,</strong></span> <span class='ocrx_word' id='word_1_172' title='bbox 2579 1253 2630 1295; x_wconf 87' lang='lat' dir='ltr'><strong>et</strong></span> <span class='ocrx_word' id='word_1_173' title='bbox 2660 1241 3010 1316; x_wconf 72' lang='lat' dir='ltr'><strong>substanziale</strong></span> <span class='ocrx_word' id='word_1_174' title='bbox 3059 1239 3257 1293; x_wconf 88' lang='lat' dir='ltr'><strong>malum</strong></span> <span class='ocrx_word' id='word_1_175' title='bbox 3300 1240 3550 1308; x_wconf 76' lang='lat' dir='ltr'><strong>expellit;</strong></span> 
     </span>
    </p>
   </div>
   <div class='ocr_carea' id='block_1_25' title="bbox 1975 1333 3553 1388">
    <p class='ocr_par' dir='ltr' id='par_1_25' title="bbox 1975 1333 3553 1388">
     <span class='ocr_line' id='line_1_25' title="bbox 1975 1333 3553 1388; baseline -0.002 -1"><span class='ocrx_word' id='word_1_176' title='bbox 1975 1334 2211 1387; x_wconf 80' lang='lat' dir='ltr'><strong>Sltltlitttlt</strong></span> <span class='ocrx_word' id='word_1_177' title='bbox 2239 1350 2364 1388; x_wconf 76' lang='lat' dir='ltr'><strong>vero</strong></span> <span class='ocrx_word' id='word_1_178' title='bbox 2387 1335 2615 1388; x_wconf 81' lang='lat' dir='ltr'><strong>actionis</strong></span> <span class='ocrx_word' id='word_1_179' title='bbox 2646 1350 2753 1386; x_wconf 89' lang='lat' dir='ltr'><strong>rem</strong></span> <span class='ocrx_word' id='word_1_180' title='bbox 2779 1334 2971 1386; x_wconf 66' lang='lat' dir='ltr'><strong>etin-it:</strong></span> <span class='ocrx_word' id='word_1_181' title='bbox 3003 1349 3123 1387; x_wconf 91' lang='lat' dir='ltr'><strong>cum</strong></span> <span class='ocrx_word' id='word_1_182' title='bbox 3147 1334 3288 1387; x_wconf 81' lang='lat' dir='ltr'><strong>enim</strong></span> <span class='ocrx_word' id='word_1_183' title='bbox 3313 1333 3553 1387; x_wconf 78' lang='lat' dir='ltr'><strong>idoneam</strong></span> 
     </span>
    </p>
   </div>
   <div class='ocr_carea' id='block_1_26' title="bbox 1978 1425 3556 1497">
    <p class='ocr_par' dir='ltr' id='par_1_26' title="bbox 1978 1425 3556 1497">
     <span class='ocr_line' id='line_1_26' title="bbox 1978 1425 3556 1497; baseline 0.002 -22"><span class='ocrx_word' id='word_1_184' title='bbox 1978 1425 2141 1477; x_wconf 76' lang='lat' dir='ltr'><strong>vitam</strong></span> <span class='ocrx_word' id='word_1_185' title='bbox 2158 1435 2399 1497; x_wconf 84' lang='lat' dir='ltr'><strong>etaptam</strong></span> <span class='ocrx_word' id='word_1_186' title='bbox 2430 1427 2616 1484; x_wconf 77' lang='lat' dir='ltr'><strong>reddit.</strong></span> <span class='ocrx_word' id='word_1_187' title='bbox 2648 1436 2773 1479; x_wconf 89' lang='lat' dir='ltr'><strong>tuac</strong></span> <span class='ocrx_word' id='word_1_188' title='bbox 2799 1428 2920 1479; x_wconf 80' lang='lat' dir='ltr'><strong>talis</strong></span> <span class='ocrx_word' id='word_1_189' title='bbox 2943 1426 3138 1480; x_wconf 79' lang='lat' dir='ltr'><strong>fabrica</strong></span> <span class='ocrx_word' id='word_1_190' title='bbox 3163 1428 3214 1480; x_wconf 91' lang='lat' dir='ltr'><strong>in</strong></span> <span class='ocrx_word' id='word_1_191' title='bbox 3236 1427 3556 1496; x_wconf 70' lang='lat' dir='ltr'><strong>corporibus</strong></span> 
     </span>
    </p>
   </div>
   <div class='ocr_carea' id='block_1_27' title="bbox 1981 1516 3552 1586">
    <p class='ocr_par' dir='ltr' id='par_1_27' title="bbox 1981 1516 3552 1586">
     <span class='ocr_line' id='line_1_27' title="bbox 1981 1516 3552 1586; baseline 0.002 -19"><span class='ocrx_word' id='word_1_192' title='bbox 1981 1517 2238 1579; x_wconf 84' lang='lat' dir='ltr'><strong>redditur,</strong></span> <span class='ocrx_word' id='word_1_193' title='bbox 2267 1528 2322 1567; x_wconf 92' lang='lat' dir='ltr'><strong>ut</strong></span> <span class='ocrx_word' id='word_1_194' title='bbox 2342 1516 2543 1585; x_wconf 79' lang='lat' dir='ltr'><strong>possint</strong></span> <span class='ocrx_word' id='word_1_195' title='bbox 2561 1533 2785 1586; x_wconf 83' lang='lat' dir='ltr'><strong>corpora</strong></span> <span class='ocrx_word' id='word_1_196' title='bbox 2807 1518 3028 1586; x_wconf 85' lang='lat' dir='ltr'><strong>Spiritui</strong></span> <span class='ocrx_word' id='word_1_197' title='bbox 3047 1527 3235 1571; x_wconf 84' lang='lat' dir='ltr'><strong>saneto</strong></span> <span class='ocrx_word' id='word_1_198' title='bbox 3261 1518 3552 1575; x_wconf 76' lang='lat' dir='ltr'><strong>deservire.</strong></span> 
     </span>
    </p>
   </div>
   <div class='ocr_carea' id='block_1_28' title="bbox 289 1595 1907 1677">
    <p class='ocr_par' dir='ltr' id='par_1_28' title="bbox 289 1595 1884 1671">
     <span class='ocr_line' id='line_1_28' title="bbox 289 1595 1884 1671; baseline -0.005 -15"><span class='ocrx_word' id='word_1_199' title='bbox 289 1603 533 1667; x_wconf 83' lang='grc' dir='ltr'>δέδοται,</span> <span class='ocrx_word' id='word_1_200' title='bbox 578 1603 653 1665; x_wconf 84' lang='grc' dir='ltr'>ὡς</span> <span class='ocrx_word' id='word_1_201' title='bbox 696 1600 954 1655; x_wconf 78' lang='grc' dir='ltr'>δύνασθαι</span> <span class='ocrx_word' id='word_1_202' title='bbox 990 1601 1082 1653; x_wconf 71' lang='grc' dir='ltr'><strong>καὶ</strong></span> <span class='ocrx_word' id='word_1_203' title='bbox 1118 1600 1190 1652; x_wconf 77' lang='grc' dir='ltr'>τὰ</span> <span class='ocrx_word' id='word_1_204' title='bbox 1229 1597 1456 1671; x_wconf 79' lang='grc' dir='ltr'>σώματα</span> <span class='ocrx_word' id='word_1_205' title='bbox 1484 1600 1775 1670; x_wconf 82' lang='grc' dir='ltr'><strong>ὑπηρετεῖν</strong></span> <span class='ocrx_word' id='word_1_206' title='bbox 1808 1595 1884 1666; x_wconf 83' lang='grc' dir='ltr'>τῷ</span> 
     </span>
    </p>
   </div>
   <div class='ocr_carea' id='block_1_29' title="bbox 1993 1595 3554 1677">
    <p class='ocr_par' dir='ltr' id='par_1_29' title="bbox 1993 1605 3554 1677">
     <span class='ocr_line' id='line_1_29' title="bbox 1993 1605 3554 1677; baseline 0.001 -22"><span class='ocrx_word' id='word_1_207' title='bbox 1993 1606 2257 1658; x_wconf 69' lang='lat' dir='ltr'><strong>deservire</strong></span> <span class='ocrx_word' id='word_1_208' title='bbox 2281 1605 2409 1658; x_wconf 84' lang='lat' dir='ltr'><strong>item</strong></span> <span class='ocrx_word' id='word_1_209' title='bbox 2446 1608 2660 1660; x_wconf 81' lang='lat' dir='ltr'><strong>rationi.</strong></span> <span class='ocrx_word' id='word_1_210' title='bbox 2685 1607 2960 1672; x_wconf 84' lang='lat' dir='ltr'><strong>Quomodo</strong></span> <span class='ocrx_word' id='word_1_211' title='bbox 2981 1607 3139 1676; x_wconf 82' lang='lat' dir='ltr'><strong>igitur</strong></span> <span class='ocrx_word' id='word_1_212' title='bbox 3172 1617 3345 1677; x_wconf 83' lang='lat' dir='ltr'><strong>potest</strong></span> <span class='ocrx_word' id='word_1_213' title='bbox 3373 1606 3554 1675; x_wconf 80' lang='lat' dir='ltr'><strong>lingua</strong></span> 
     </span>
    </p>
   </div>
   <div class='ocr_carea' id='block_1_30' title="bbox 295 1684 1880 1767">
    <p class='ocr_par' dir='ltr' id='par_1_30' title="bbox 295 1684 1880 1767">
     <span class='ocr_line' id='line_1_30' title="bbox 295 1684 1880 1767; baseline -0.007 -16"><span class='ocrx_word' id='word_1_214' title='bbox 295 1696 596 1767; x_wconf 79' lang='grc' dir='ltr'>Πνεύματι,</span> <span class='ocrx_word' id='word_1_215' title='bbox 623 1696 915 1765; x_wconf 76' lang='grc' dir='ltr'>ὑπηρετεῖν</span> <span class='ocrx_word' id='word_1_216' title='bbox 940 1693 995 1745; x_wconf 86' lang='grc' dir='ltr'><strong>δὲ</strong></span> <span class='ocrx_word' id='word_1_217' title='bbox 1027 1692 1121 1745; x_wconf 78' lang='grc' dir='ltr'><strong>καὶ</strong></span> <span class='ocrx_word' id='word_1_218' title='bbox 1150 1690 1227 1762; x_wconf 83' lang='grc' dir='ltr'>τῷ</span> <span class='ocrx_word' id='word_1_219' title='bbox 1256 1690 1418 1761; x_wconf 73' lang='grc' dir='ltr'>λόγῳ.</span> <span class='ocrx_word' id='word_1_220' title='bbox 1454 1689 1577 1753; x_wconf 89' lang='grc' dir='ltr'>Πῶς</span> <span class='ocrx_word' id='word_1_221' title='bbox 1599 1684 1692 1742; x_wconf 74' lang='grc' dir='ltr'><strong>οὖν</strong></span> <span class='ocrx_word' id='word_1_222' title='bbox 1719 1687 1880 1741; x_wconf 83' lang='grc' dir='ltr'>δύνα-</span> 
     </span>
    </p>
   </div>
   <div class='ocr_carea' id='block_1_31' title="bbox 290 1779 1880 1860">
    <p class='ocr_par' dir='ltr' id='par_1_31' title="bbox 290 1779 1880 1860">
     <span class='ocr_line' id='line_1_31' title="bbox 290 1779 1880 1860; baseline -0.008 -17"><span class='ocrx_word' id='word_1_223' title='bbox 290 1808 381 1844; x_wconf 87' lang='grc' dir='ltr'><strong>ται</strong></span> <span class='ocrx_word' id='word_1_224' title='bbox 412 1792 447 1860; x_wconf 82' lang='grc' dir='ltr'>ὴ</span> <span class='ocrx_word' id='word_1_225' title='bbox 474 1788 697 1858; x_wconf 81' lang='grc' dir='ltr'>γλῶσσα</span> <span class='ocrx_word' id='word_1_226' title='bbox 735 1787 1026 1859; x_wconf 78' lang='grc' dir='ltr'>ὑπηρετεῖν</span> <span class='ocrx_word' id='word_1_227' title='bbox 1050 1786 1158 1847; x_wconf 88' lang='grc' dir='ltr'>τοῖς</span> <span class='ocrx_word' id='word_1_228' title='bbox 1195 1781 1561 1852; x_wconf 79' lang='grc' dir='ltr'>νενοημένοιςς</span> <span class='ocrx_word' id='word_1_229' title='bbox 1594 1781 1657 1833; x_wconf 86' lang='grc' dir='ltr'><strong>Εἰ</strong></span> <span class='ocrx_word' id='word_1_230' title='bbox 1678 1779 1787 1850; x_wconf 81' lang='grc' dir='ltr'>γὰρ</span> <span class='ocrx_word' id='word_1_231' title='bbox 1814 1780 1880 1849; x_wconf 82' lang='grc' dir='ltr'>τῇ</span> 
     </span>
    </p>
   </div>
   <div class='ocr_carea' id='block_1_32' title="bbox 293 1870 1883 1954">
    <p class='ocr_par' dir='ltr' id='par_1_32' title="bbox 293 1870 1883 1954">
     <span class='ocr_line' id='line_1_32' title="bbox 293 1870 1883 1954; baseline -0.009 -18"><span class='ocrx_word' id='word_1_232' title='bbox 293 1883 450 1954; x_wconf 74' lang='grc' dir='ltr'>οὑσίᾳ</span> <span class='ocrx_word' id='word_1_233' title='bbox 471 1882 547 1953; x_wconf 74' lang='grc'><strong>(4)</strong></span> <span class='ocrx_word' id='word_1_234' title='bbox 580 1883 613 1952; x_wconf 82' lang='grc' dir='ltr'>ὴ</span> <span class='ocrx_word' id='word_1_235' title='bbox 653 1879 874 1950; x_wconf 80' lang='grc' dir='ltr'>γλῶσσα</span> <span class='ocrx_word' id='word_1_236' title='bbox 902 1877 1066 1949; x_wconf 81' lang='grc' dir='ltr'>κακὴ,</span> <span class='ocrx_word' id='word_1_237' title='bbox 1098 1875 1299 1946; x_wconf 80' lang='grc' dir='ltr'>ἀγαθὸς</span> <span class='ocrx_word' id='word_1_238' title='bbox 1322 1875 1378 1928; x_wconf 80' lang='grc' dir='ltr'><strong>δὲ</strong></span> <span class='ocrx_word' id='word_1_239' title='bbox 1403 1876 1431 1927; x_wconf 85' lang='grc' dir='ltr'><strong>ὁ</strong></span> <span class='ocrx_word' id='word_1_240' title='bbox 1468 1872 1613 1937; x_wconf 78' lang='grc' dir='ltr'>νοῦς,</span> <span class='ocrx_word' id='word_1_241' title='bbox 1645 1872 1762 1935; x_wconf 88' lang='grc' dir='ltr'><strong>πῶς</strong></span> <span class='ocrx_word' id='word_1_242' title='bbox 1792 1870 1883 1923; x_wconf 84' lang='grc' dir='ltr'>δὺ-</span> 
     </span>
    </p>
   </div>
   <div class='ocr_carea' id='block_1_33' title="bbox 296 1965 1883 2042">
    <p class='ocr_par' dir='ltr' id='par_1_33' title="bbox 296 1965 1883 2042">
     <span class='ocr_line' id='line_1_33' title="bbox 296 1965 1883 2042; baseline -0.008 -13"><span class='ocrx_word' id='word_1_243' title='bbox 296 1992 452 2029; x_wconf 88' lang='grc' dir='ltr'>ναται</span> <span class='ocrx_word' id='word_1_244' title='bbox 486 1974 767 2027; x_wconf 80' lang='grc' dir='ltr'>κοινωνεῖν</span> <span class='ocrx_word' id='word_1_245' title='bbox 794 1975 904 2035; x_wconf 79' lang='grc' dir='ltr'>τοῖς</span> <span class='ocrx_word' id='word_1_246' title='bbox 933 1969 1306 2042; x_wconf 82' lang='grc' dir='ltr'><strong>ἀκροωμένοις</strong></span> <span class='ocrx_word' id='word_1_247' title='bbox 1338 1969 1419 2031; x_wconf 87' lang='grc' dir='ltr'>εἰς</span> <span class='ocrx_word' id='word_1_248' title='bbox 1451 1967 1567 2035; x_wconf 76' lang='grc' dir='ltr'>φῶς</span> <span class='ocrx_word' id='word_1_249' title='bbox 1588 1966 1656 2019; x_wconf 85' lang='grc' dir='ltr'>τὰ</span> <span class='ocrx_word' id='word_1_250' title='bbox 1690 1965 1883 2035; x_wconf 77' lang='grc' dir='ltr'>νοήμαο</span> 
     </span>
    </p>
   </div>
   <div class='ocr_carea' id='block_1_34' title="bbox 294 2058 1883 2137">
    <p class='ocr_par' dir='ltr' id='par_1_34' title="bbox 294 2058 1883 2137">
     <span class='ocr_line' id='line_1_34' title="bbox 294 2058 1883 2137; baseline -0.008 -16"><span class='ocrx_word' id='word_1_251' title='bbox 294 2085 363 2122; x_wconf 87' lang='grc' dir='ltr'><strong>τα</strong></span> <span class='ocrx_word' id='word_1_252' title='bbox 384 2067 473 2121; x_wconf 79' lang='grc' dir='ltr'><strong>διὰ</strong></span> <span class='ocrx_word' id='word_1_253' title='bbox 493 2067 595 2136; x_wconf 81' lang='grc' dir='ltr'>τῆς</span> <span class='ocrx_word' id='word_1_254' title='bbox 619 2065 915 2137; x_wconf 78' lang='grc' dir='ltr'>ἑρμηνείας</span> <span class='ocrx_word' id='word_1_255' title='bbox 942 2063 1347 2133; x_wconf 80' lang='grc' dir='ltr'>προεξάγουσα;</span> <span class='ocrx_word' id='word_1_256' title='bbox 1389 2060 1476 2122; x_wconf 84' lang='grc' dir='ltr'>Ὠς</span> <span class='ocrx_word' id='word_1_257' title='bbox 1502 2058 1612 2130; x_wconf 80' lang='grc' dir='ltr'>γὰρ</span> <span class='ocrx_word' id='word_1_258' title='bbox 1654 2059 1717 2111; x_wconf 81' lang='grc' dir='ltr'>ἐκ</span> <span class='ocrx_word' id='word_1_259' title='bbox 1749 2075 1883 2128; x_wconf 84' lang='grc' dir='ltr'>πορ-</span> 
     </span>
    </p>
   </div>
   <div class='ocr_carea' id='block_1_35' title="bbox 297 2146 1886 2226">
    <p class='ocr_par' dir='ltr' id='par_1_35' title="bbox 297 2146 1886 2226">
     <span class='ocr_line' id='line_1_35' title="bbox 297 2146 1886 2226; baseline -0.008 -12"><span class='ocrx_word' id='word_1_260' title='bbox 297 2160 447 2225; x_wconf 81' lang='grc' dir='ltr'>νείας</span> <span class='ocrx_word' id='word_1_261' title='bbox 475 2160 539 2214; x_wconf 91' lang='grc' dir='ltr'><strong>οὑ</strong></span> <span class='ocrx_word' id='word_1_262' title='bbox 564 2159 817 2226; x_wconf 81' lang='grc' dir='ltr'><strong>γεννᾶται</strong></span> <span class='ocrx_word' id='word_1_263' title='bbox 851 2154 1195 2226; x_wconf 73' lang='grc' dir='ltr'>σωφροσύνη,</span> <span class='ocrx_word' id='word_1_264' title='bbox 1218 2152 1391 2216; x_wconf 81' lang='grc' dir='ltr'>οὑτως</span> <span class='ocrx_word' id='word_1_265' title='bbox 1410 2153 1507 2223; x_wconf 84' lang='grc' dir='ltr'><strong>οὑχ</strong></span> <span class='ocrx_word' id='word_1_266' title='bbox 1528 2146 1639 2204; x_wconf 74' lang='grc' dir='ltr'>οἶόν</span> <span class='ocrx_word' id='word_1_267' title='bbox 1659 2150 1718 2203; x_wconf 88' lang='grc' dir='ltr'><strong>τέ</strong></span> <span class='ocrx_word' id='word_1_268' title='bbox 1740 2151 1886 2203; x_wconf 81' lang='grc' dir='ltr'>ἐστιν</span> 
     </span>
    </p>
   </div>
   <div class='ocr_carea' id='block_1_36' title="bbox 298 2243 1887 2318">
    <p class='ocr_par' dir='ltr' id='par_1_36' title="bbox 298 2243 1887 2318">
     <span class='ocr_line' id='line_1_36' title="bbox 298 2243 1887 2318; baseline -0.008 -11"><span class='ocrx_word' id='word_1_269' title='bbox 298 2253 411 2307; x_wconf 81' lang='grc' dir='ltr'><strong>ἀπὸ</strong></span> <span class='ocrx_word' id='word_1_270' title='bbox 440 2251 536 2306; x_wconf 79' lang='grc' dir='ltr'>τοῦ</span> <span class='ocrx_word' id='word_1_271' title='bbox 565 2249 850 2314; x_wconf 81' lang='grc' dir='ltr'>οὑσιὼδους</span> <span class='ocrx_word' id='word_1_272' title='bbox 874 2248 1043 2302; x_wconf 76' lang='grc' dir='ltr'>κακοῦ</span> <span class='ocrx_word' id='word_1_273' title='bbox 1073 2247 1295 2318; x_wconf 79' lang='grc' dir='ltr'>γνήσιόν</span> <span class='ocrx_word' id='word_1_274' title='bbox 1327 2264 1379 2301; x_wconf 89' lang='grc' dir='ltr'><strong>τι</strong></span> <span class='ocrx_word' id='word_1_275' title='bbox 1412 2243 1717 2318; x_wconf 83' lang='grc' dir='ltr'>προελθεῖν·</span> <span class='ocrx_word' id='word_1_276' title='bbox 1758 2244 1887 2296; x_wconf 80' lang='grc' dir='ltr'>ὅταν</span> 
     </span>
    </p>
   </div>
   <div class='ocr_carea' id='block_1_37' title="bbox 303 2336 1886 2413">
    <p class='ocr_par' dir='ltr' id='par_1_37' title="bbox 303 2336 1886 2413">
     <span class='ocr_line' id='line_1_37' title="bbox 303 2336 1886 2413; baseline -0.006 -14"><span class='ocrx_word' id='word_1_277' title='bbox 303 2342 399 2399; x_wconf 81' lang='grc' dir='ltr'><strong>οὑν</strong></span> <span class='ocrx_word' id='word_1_278' title='bbox 428 2345 654 2398; x_wconf 74' lang='grc' dir='ltr'>ἕκαστον</span> <span class='ocrx_word' id='word_1_279' title='bbox 684 2343 791 2397; x_wconf 88' lang='grc' dir='ltr'><strong>τῶν</strong></span> <span class='ocrx_word' id='word_1_280' title='bbox 829 2341 1005 2413; x_wconf 87' lang='grc' dir='ltr'>μελῶν</span> <span class='ocrx_word' id='word_1_281' title='bbox 1044 2339 1379 2412; x_wconf 79' lang='grc' dir='ltr'>ἐπισκέπτῃ,</span> <span class='ocrx_word' id='word_1_282' title='bbox 1415 2338 1515 2408; x_wconf 80' lang='grc' dir='ltr'><strong>τὴν</strong></span> <span class='ocrx_word' id='word_1_283' title='bbox 1555 2336 1744 2408; x_wconf 79' lang='grc' dir='ltr'>ἀκοὴν,</span> <span class='ocrx_word' id='word_1_284' title='bbox 1787 2336 1886 2401; x_wconf 83' lang='grc' dir='ltr'>τὰς</span> 
     </span>
    </p>
   </div>
   <div class='ocr_carea' id='block_1_38' title="bbox 303 2428 1888 2508">
    <p class='ocr_par' dir='ltr' id='par_1_38' title="bbox 303 2428 1888 2508">
     <span class='ocr_line' id='line_1_38' title="bbox 303 2428 1888 2508; baseline -0.004 -19"><span class='ocrx_word' id='word_1_285' title='bbox 303 2435 479 2505; x_wconf 64' lang='grc' dir='ltr'>ὄψεις,</span> <span class='ocrx_word' id='word_1_286' title='bbox 509 2436 606 2508; x_wconf 80' lang='grc' dir='ltr'><strong>τὴν</strong></span> <span class='ocrx_word' id='word_1_287' title='bbox 636 2434 903 2504; x_wconf 87' lang='grc' dir='ltr'>γλῶτταν,</span> <span class='ocrx_word' id='word_1_288' title='bbox 958 2433 1027 2487; x_wconf 74' lang='grc' dir='ltr'><strong>τὰ</strong></span> <span class='ocrx_word' id='word_1_289' title='bbox 1068 2431 1203 2486; x_wconf 83' lang='grc' dir='ltr'>ἄλλα</span> <span class='ocrx_word' id='word_1_290' title='bbox 1259 2430 1417 2502; x_wconf 83' lang='grc' dir='ltr'>μέλη,</span> <span class='ocrx_word' id='word_1_291' title='bbox 1454 2429 1547 2482; x_wconf 67' lang='grc' dir='ltr'><strong>κα)⁵</strong></span> <span class='ocrx_word' id='word_1_292' title='bbox 1590 2428 1705 2501; x_wconf 79' lang='grc' dir='ltr'>ἴδῃς</span> <span class='ocrx_word' id='word_1_293' title='bbox 1746 2428 1888 2483; x_wconf 78' lang='grc' dir='ltr'>αὑτὰ</span> 
     </span>
    </p>
   </div>
   <div class='ocr_carea' id='block_1_39' title="bbox 299 2520 1891 2599">
    <p class='ocr_par' dir='ltr' id='par_1_39' title="bbox 299 2520 1891 2599">
     <span class='ocr_line' id='line_1_39' title="bbox 299 2520 1891 2599; baseline -0.006 -18"><span class='ocrx_word' id='word_1_294' title='bbox 299 2528 512 2599; x_wconf 75' lang='grc' dir='ltr'>ὄργανα</span> <span class='ocrx_word' id='word_1_295' title='bbox 542 2526 648 2580; x_wconf 87' lang='grc' dir='ltr'><strong>τῶν</strong></span> <span class='ocrx_word' id='word_1_296' title='bbox 681 2525 1017 2598; x_wconf 82' lang='grc' dir='ltr'>μαθημάτων</span> <span class='ocrx_word' id='word_1_297' title='bbox 1045 2523 1361 2595; x_wconf 85' lang='grc' dir='ltr'>γιγνόμενα,</span> <span class='ocrx_word' id='word_1_298' title='bbox 1378 2522 1498 2575; x_wconf 85' lang='grc' dir='ltr'>τότε</span> <span class='ocrx_word' id='word_1_299' title='bbox 1526 2520 1587 2574; x_wconf 85' lang='grc' dir='ltr'>τὺ</span> <span class='ocrx_word' id='word_1_300' title='bbox 1618 2520 1715 2591; x_wconf 83' lang='grc' dir='ltr'><strong>μὲν</strong></span> <span class='ocrx_word' id='word_1_301' title='bbox 1734 2522 1891 2591; x_wconf 87' lang='grc' dir='ltr'>σῶμα</span> 
     </span>
    </p>
   </div>
   <div class='ocr_carea' id='block_1_40' title="bbox 298 2613 1890 2692">
    <p class='ocr_par' dir='ltr' id='par_1_40' title="bbox 298 2613 1890 2692">
     <span class='ocr_line' id='line_1_40' title="bbox 298 2613 1890 2692; baseline -0.004 -19"><span class='ocrx_word' id='word_1_302' title='bbox 298 2619 559 2692; x_wconf 76' lang='grc' dir='ltr'>ἀποδέξῃ,</span> <span class='ocrx_word' id='word_1_303' title='bbox 587 2619 682 2672; x_wconf 75' lang='grc' dir='ltr'>καὶ</span> <span class='ocrx_word' id='word_1_304' title='bbox 713 2618 774 2672; x_wconf 92' lang='grc' dir='ltr'><strong>οὑ</strong></span> <span class='ocrx_word' id='word_1_305' title='bbox 805 2616 1013 2690; x_wconf 69' lang='grc' dir='ltr'>μέμψῃ,</span> <span class='ocrx_word' id='word_1_306' title='bbox 1044 2615 1140 2670; x_wconf 71' lang='grc' dir='ltr'>καὶ</span> <span class='ocrx_word' id='word_1_307' title='bbox 1173 2614 1293 2684; x_wconf 70' lang='grc' dir='ltr'>ὄψει</span> <span class='ocrx_word' id='word_1_308' title='bbox 1324 2613 1463 2668; x_wconf 82' lang='grc' dir='ltr'>αὑτὰ</span> <span class='ocrx_word' id='word_1_309' title='bbox 1486 2615 1764 2686; x_wconf 78' lang='grc' dir='ltr'>ποιήματα</span> <span class='ocrx_word' id='word_1_310' title='bbox 1791 2629 1890 2667; x_wconf 76' lang='grc' dir='ltr'>κα-</span> 
     </span>
    </p>
   </div>
   <div class='ocr_carea' id='block_1_41' title="bbox 299 2705 1885 2784">
    <p class='ocr_par' dir='ltr' id='par_1_41' title="bbox 299 2705 1885 2784">
     <span class='ocr_line' id='line_1_41' title="bbox 299 2705 1885 2784; baseline -0.003 -19"><span class='ocrx_word' id='word_1_311' title='bbox 299 2712 445 2784; x_wconf 85' lang='grc' dir='ltr'>θαρά</span> <span class='ocrx_word' id='word_1_312' title='bbox 464 2730 477 2742; x_wconf 83' lang='grc'><em>’</em></span> <span class='ocrx_word' id='word_1_313' title='bbox 504 2710 728 2783; x_wconf 51' lang='lat' dir='ltr'><strong>saetosa</strong></span> <span class='ocrx_word' id='word_1_314' title='bbox 760 2710 817 2763; x_wconf 81' lang='grc' dir='ltr'><strong>δὲ</strong></span> <span class='ocrx_word' id='word_1_315' title='bbox 837 2710 927 2763; x_wconf 69' lang='grc' dir='ltr'>τὸν</span> <span class='ocrx_word' id='word_1_316' title='bbox 946 2706 1237 2763; x_wconf 85' lang='grc' dir='ltr'>ἀπατεῶνα</span> <span class='ocrx_word' id='word_1_317' title='bbox 1259 2706 1361 2777; x_wconf 82' lang='grc' dir='ltr'>τῆς</span> <span class='ocrx_word' id='word_1_318' title='bbox 1388 2706 1646 2778; x_wconf 84' lang='grc' dir='ltr'>ἀληθείας</span> <span class='ocrx_word' id='word_1_319' title='bbox 1672 2705 1885 2777; x_wconf 77' lang='grc' dir='ltr'>ἐχθρόν.</span> 
     </span>
    </p>
   </div>
   <div class='ocr_carea' id='block_1_42' title="bbox 1985 1696 3561 1766">
    <p class='ocr_par' dir='ltr' id='par_1_42' title="bbox 1985 1696 3561 1766">
     <span class='ocr_line' id='line_1_42' title="bbox 1985 1696 3561 1766; baseline 0.001 -20"><span class='ocrx_word' id='word_1_320' title='bbox 1985 1697 2236 1766; x_wconf 77' lang='lat' dir='ltr'><strong>cogitatis</strong></span> <span class='ocrx_word' id='word_1_321' title='bbox 2270 1696 2573 1751; x_wconf 75' lang='lat' dir='ltr'><strong>inservire?</strong></span> <span class='ocrx_word' id='word_1_322' title='bbox 2600 1696 2654 1750; x_wconf 97' lang='lat' dir='ltr'><strong>Si</strong></span> <span class='ocrx_word' id='word_1_323' title='bbox 2692 1698 2836 1751; x_wconf 71' lang='lat' dir='ltr'><strong>enim</strong></span> <span class='ocrx_word' id='word_1_324' title='bbox 2886 1698 3062 1764; x_wconf 82' lang='lat' dir='ltr'><strong>lingua</strong></span> <span class='ocrx_word' id='word_1_325' title='bbox 3100 1696 3237 1751; x_wconf 84' lang='lat' dir='ltr'><strong>mata</strong></span> <span class='ocrx_word' id='word_1_326' title='bbox 3267 1708 3370 1762; x_wconf 84' lang='lat' dir='ltr'><strong>est,</strong></span> <span class='ocrx_word' id='word_1_327' title='bbox 3411 1711 3561 1750; x_wconf 71' lang='lat' dir='ltr'><strong>mens</strong></span> 
     </span>
    </p>
   </div>
   <div class='ocr_carea' id='block_1_43' title="bbox 1985 1789 3561 1858">
    <p class='ocr_par' dir='ltr' id='par_1_43' title="bbox 1985 1789 3561 1858">
     <span class='ocr_line' id='line_1_43' title="bbox 1985 1789 3561 1858; baseline -0.001 -19"><span class='ocrx_word' id='word_1_328' title='bbox 1985 1797 2162 1840; x_wconf 76' lang='lat' dir='ltr'><strong>autem</strong></span> <span class='ocrx_word' id='word_1_329' title='bbox 2193 1789 2354 1852; x_wconf 89' lang='lat' dir='ltr'><strong>bona,</strong></span> <span class='ocrx_word' id='word_1_330' title='bbox 2396 1790 2663 1858; x_wconf 82' lang='lat' dir='ltr'><strong>quomodo</strong></span> <span class='ocrx_word' id='word_1_331' title='bbox 2698 1800 2872 1857; x_wconf 79' lang='lat' dir='ltr'><strong>potest</strong></span> <span class='ocrx_word' id='word_1_332' title='bbox 2902 1792 3214 1843; x_wconf 74' lang='lat' dir='ltr'><strong>societatem</strong></span> <span class='ocrx_word' id='word_1_333' title='bbox 3246 1804 3366 1843; x_wconf 89' lang='lat' dir='ltr'><strong>cum</strong></span> <span class='ocrx_word' id='word_1_334' title='bbox 3413 1790 3561 1855; x_wconf 76' lang='lat' dir='ltr'><strong>rogi-</strong></span> 
     </span>
    </p>
   </div>
   <div class='ocr_carea' id='block_1_44' title="bbox 1988 1880 3563 1950">
    <p class='ocr_par' dir='ltr' id='par_1_44' title="bbox 1988 1880 3563 1950">
     <span class='ocr_line' id='line_1_44' title="bbox 1988 1880 3563 1950; baseline 0.002 -20"><span class='ocrx_word' id='word_1_335' title='bbox 1988 1880 2116 1933; x_wconf 86' lang='lat' dir='ltr'><strong>tatis</strong></span> <span class='ocrx_word' id='word_1_336' title='bbox 2172 1880 2405 1943; x_wconf 86' lang='lat' dir='ltr'><strong>babere,</strong></span> <span class='ocrx_word' id='word_1_337' title='bbox 2463 1882 2708 1934; x_wconf 84' lang='lat' dir='ltr'><strong>notiones</strong></span> <span class='ocrx_word' id='word_1_338' title='bbox 2772 1881 2823 1934; x_wconf 90' lang='lat' dir='ltr'><strong>itt</strong></span> <span class='ocrx_word' id='word_1_339' title='bbox 2881 1882 3055 1935; x_wconf 82' lang='lat' dir='ltr'><strong>Incent</strong></span> <span class='ocrx_word' id='word_1_340' title='bbox 3124 1881 3563 1950; x_wconf 68' lang='lat' dir='ltr'><strong>interpretatione</strong></span> 
     </span>
    </p>
   </div>
   <div class='ocr_carea' id='block_1_45' title="bbox 1987 1970 3564 2040">
    <p class='ocr_par' dir='ltr' id='par_1_45' title="bbox 1987 1970 3564 2040">
     <span class='ocr_line' id='line_1_45' title="bbox 1987 1970 3564 2040; baseline -0.001 -17"><span class='ocrx_word' id='word_1_341' title='bbox 1987 1972 2318 2040; x_wconf 77' lang='lat' dir='ltr'><strong>proferens?</strong></span> <span class='ocrx_word' id='word_1_342' title='bbox 2376 1972 2528 2026; x_wconf 80' lang='lat' dir='ltr'><strong>Sicut</strong></span> <span class='ocrx_word' id='word_1_343' title='bbox 2575 1973 2719 2027; x_wconf 88' lang='lat' dir='ltr'><strong>enim</strong></span> <span class='ocrx_word' id='word_1_344' title='bbox 2773 1989 2836 2026; x_wconf 72' lang='lat' dir='ltr'><strong>rx</strong></span> <span class='ocrx_word' id='word_1_345' title='bbox 2888 1973 3111 2027; x_wconf 73' lang='lat' dir='ltr'><strong>lzbidiue</strong></span> <span class='ocrx_word' id='word_1_346' title='bbox 3168 1990 3272 2025; x_wconf 91' lang='lat' dir='ltr'><strong>non</strong></span> <span class='ocrx_word' id='word_1_347' title='bbox 3330 1970 3564 2040; x_wconf 71' lang='lat' dir='ltr'><strong>gignitur</strong></span> 
     </span>
    </p>
   </div>
   <div class='ocr_carea' id='block_1_46' title="bbox 1991 2067 3565 2135">
    <p class='ocr_par' dir='ltr' id='par_1_46' title="bbox 1991 2067 3565 2135">
     <span class='ocr_line' id='line_1_46' title="bbox 1991 2067 3565 2135; baseline -0.002 -16"><span class='ocrx_word' id='word_1_348' title='bbox 1991 2067 2371 2135; x_wconf 74' lang='lat' dir='ltr'><strong>temperantia,</strong></span> <span class='ocrx_word' id='word_1_349' title='bbox 2409 2067 2489 2122; x_wconf 88' lang='lat' dir='ltr'><strong>sic</strong></span> <span class='ocrx_word' id='word_1_350' title='bbox 2517 2067 2630 2122; x_wconf 80' lang='lat' dir='ltr'><strong>ﬁeri</strong></span> <span class='ocrx_word' id='word_1_351' title='bbox 2668 2083 2772 2120; x_wconf 85' lang='lat' dir='ltr'><strong>unn</strong></span> <span class='ocrx_word' id='word_1_352' title='bbox 2800 2077 2974 2134; x_wconf 84' lang='lat' dir='ltr'><strong>potest</strong></span> <span class='ocrx_word' id='word_1_353' title='bbox 3012 2076 3067 2120; x_wconf 90' lang='lat' dir='ltr'><strong>ut</strong></span> <span class='ocrx_word' id='word_1_354' title='bbox 3096 2082 3159 2121; x_wconf 78' lang='lat' dir='ltr'><strong>ex</strong></span> <span class='ocrx_word' id='word_1_355' title='bbox 3195 2067 3334 2120; x_wconf 87' lang='lat' dir='ltr'><strong>malo</strong></span> <span class='ocrx_word' id='word_1_356' title='bbox 3365 2080 3565 2120; x_wconf 83' lang='lat' dir='ltr'><strong>secun-</strong></span> 
     </span>
    </p>
   </div>
   <div class='ocr_carea' id='block_1_47' title="bbox 1988 2157 3559 2226">
    <p class='ocr_par' dir='ltr' id='par_1_47' title="bbox 1988 2157 3559 2226">
     <span class='ocr_line' id='line_1_47' title="bbox 1988 2157 3559 2226; baseline 0 -18"><span class='ocrx_word' id='word_1_357' title='bbox 1988 2158 2113 2210; x_wconf 90' lang='lat' dir='ltr'><strong>dum</strong></span> <span class='ocrx_word' id='word_1_358' title='bbox 2163 2157 2519 2211; x_wconf 77' lang='lat' dir='ltr'><strong>substantiam</strong></span> <span class='ocrx_word' id='word_1_359' title='bbox 2575 2157 2777 2226; x_wconf 81' lang='lat' dir='ltr'><strong>aliquid</strong></span> <span class='ocrx_word' id='word_1_360' title='bbox 2834 2158 3118 2211; x_wconf 83' lang='lat' dir='ltr'><strong>honestum</strong></span> <span class='ocrx_word' id='word_1_361' title='bbox 3171 2158 3559 2225; x_wconf 73' lang='lat' dir='ltr'><strong>proﬁciscatur.</strong></span> 
     </span>
    </p>
   </div>
   <div class='ocr_carea' id='block_1_48' title="bbox 1989 2246 3567 2319">
    <p class='ocr_par' dir='ltr' id='par_1_48' title="bbox 1989 2246 3567 2319">
     <span class='ocr_line' id='line_1_48' title="bbox 1989 2246 3567 2319; baseline -0.001 -21"><span class='ocrx_word' id='word_1_362' title='bbox 1989 2246 2120 2302; x_wconf 89' lang='lat' dir='ltr'><strong>Cum</strong></span> <span class='ocrx_word' id='word_1_363' title='bbox 2163 2248 2325 2315; x_wconf 79' lang='lat' dir='ltr'><strong>igitur</strong></span> <span class='ocrx_word' id='word_1_364' title='bbox 2372 2248 2583 2319; x_wconf 83' lang='lat' dir='ltr'><strong>singula</strong></span> <span class='ocrx_word' id='word_1_365' title='bbox 2623 2249 2865 2302; x_wconf 80' lang='lat' dir='ltr'><strong>membra</strong></span> <span class='ocrx_word' id='word_1_366' title='bbox 2916 2248 3375 2307; x_wconf 64' lang='lat' dir='ltr'><strong>CttllSitiCt&#39;aVet&#39;IS.</strong></span> <span class='ocrx_word' id='word_1_367' title='bbox 3411 2248 3567 2300; x_wconf 87' lang='lat' dir='ltr'><strong>andi-</strong></span> 
     </span>
    </p>
   </div>
   <div class='ocr_carea' id='block_1_49' title="bbox 1994 2339 3568 2409">
    <p class='ocr_par' dir='ltr' id='par_1_49' title="bbox 1994 2339 3568 2409">
     <span class='ocr_line' id='line_1_49' title="bbox 1994 2339 3568 2409; baseline -0.001 -18"><span class='ocrx_word' id='word_1_368' title='bbox 1994 2348 2125 2402; x_wconf 87' lang='lat' dir='ltr'><strong>tmn,</strong></span> <span class='ocrx_word' id='word_1_369' title='bbox 2158 2349 2455 2407; x_wconf 81' lang='lat' dir='ltr'><strong>aSpcctum,</strong></span> <span class='ocrx_word' id='word_1_370' title='bbox 2490 2340 2768 2409; x_wconf 80' lang='lat' dir='ltr'><strong>linguam,</strong></span> <span class='ocrx_word' id='word_1_371' title='bbox 2806 2342 2907 2393; x_wconf 87' lang='lat' dir='ltr'><strong>alia</strong></span> <span class='ocrx_word' id='word_1_372' title='bbox 2961 2339 3227 2404; x_wconf 87' lang='lat' dir='ltr'><strong>membra,</strong></span> <span class='ocrx_word' id='word_1_373' title='bbox 3263 2352 3317 2394; x_wconf 94' lang='lat' dir='ltr'><strong>et</strong></span> <span class='ocrx_word' id='word_1_374' title='bbox 3370 2341 3568 2394; x_wconf 82' lang='lat' dir='ltr'><strong>videris</strong></span> 
     </span>
    </p>
   </div>
   <div class='ocr_carea' id='block_1_50' title="bbox 1993 2429 3566 2500">
    <p class='ocr_par' dir='ltr' id='par_1_50' title="bbox 1993 2429 3566 2500">
     <span class='ocr_line' id='line_1_50' title="bbox 1993 2429 3566 2500; baseline 0.002 -19"><span class='ocrx_word' id='word_1_375' title='bbox 1993 2429 2129 2482; x_wconf 79' lang='lat' dir='ltr'><strong>facta</strong></span> <span class='ocrx_word' id='word_1_376' title='bbox 2156 2444 2276 2484; x_wconf 85' lang='lat' dir='ltr'><strong>esse</strong></span> <span class='ocrx_word' id='word_1_377' title='bbox 2300 2430 2654 2485; x_wconf 88' lang='lat' dir='ltr'><strong>instrumenta</strong></span> <span class='ocrx_word' id='word_1_378' title='bbox 2686 2442 3095 2500; x_wconf 78' lang='lat' dir='ltr'><strong>pra-ceptornm,</strong></span> <span class='ocrx_word' id='word_1_379' title='bbox 3121 2447 3240 2499; x_wconf 78' lang='lat' dir='ltr'><strong>qua:</strong></span> <span class='ocrx_word' id='word_1_380' title='bbox 3262 2432 3566 2495; x_wconf 82' lang='lat' dir='ltr'><strong>didicimus,</strong></span> 
     </span>
    </p>
   </div>
   <div class='ocr_carea' id='block_1_51' title="bbox 1995 2524 3567 2592">
    <p class='ocr_par' dir='ltr' id='par_1_51' title="bbox 1995 2524 3567 2592">
     <span class='ocr_line' id='line_1_51' title="bbox 1995 2524 3567 2592; baseline 0 -15"><span class='ocrx_word' id='word_1_381' title='bbox 1995 2532 2119 2578; x_wconf 84' lang='lat' dir='ltr'><strong>tunc</strong></span> <span class='ocrx_word' id='word_1_382' title='bbox 2153 2539 2348 2590; x_wconf 89' lang='lat' dir='ltr'><strong>corpus</strong></span> <span class='ocrx_word' id='word_1_383' title='bbox 2390 2525 2605 2592; x_wconf 87' lang='lat' dir='ltr'><strong>quidem</strong></span> <span class='ocrx_word' id='word_1_384' title='bbox 2648 2524 2917 2587; x_wconf 78' lang='lat' dir='ltr'><strong>laudabis,</strong></span> <span class='ocrx_word' id='word_1_385' title='bbox 2974 2535 3025 2579; x_wconf 92' lang='lat' dir='ltr'><strong>et</strong></span> <span class='ocrx_word' id='word_1_386' title='bbox 3063 2539 3167 2578; x_wconf 88' lang='lat' dir='ltr'><strong>non</strong></span> <span class='ocrx_word' id='word_1_387' title='bbox 3215 2525 3567 2592; x_wconf 72' lang='lat' dir='ltr'><strong>vituperatus,</strong></span> 
     </span>
    </p>
   </div>
   <div class='ocr_carea' id='block_1_52' title="bbox 1995 2617 3570 2687">
    <p class='ocr_par' dir='ltr' id='par_1_52' title="bbox 1995 2617 3570 2687">
     <span class='ocr_line' id='line_1_52' title="bbox 1995 2617 3570 2687; baseline 0.001 -19"><span class='ocrx_word' id='word_1_388' title='bbox 1995 2618 2308 2686; x_wconf 79' lang='lat' dir='ltr'><strong>videbisque</strong></span> <span class='ocrx_word' id='word_1_389' title='bbox 2361 2617 2498 2670; x_wconf 80' lang='lat' dir='ltr'><strong>facta</strong></span> <span class='ocrx_word' id='word_1_390' title='bbox 2548 2618 2661 2687; x_wconf 88' lang='lat' dir='ltr'><strong>ipsa</strong></span> <span class='ocrx_word' id='word_1_391' title='bbox 2705 2632 2824 2672; x_wconf 87' lang='lat' dir='ltr'><strong>esse</strong></span> <span class='ocrx_word' id='word_1_392' title='bbox 2875 2634 3003 2686; x_wconf 86' lang='lat' dir='ltr'><strong>pura</strong></span> <span class='ocrx_word' id='word_1_393' title='bbox 3052 2633 3116 2670; x_wconf 84' lang='lat' dir='ltr'><strong>ac</strong></span> <span class='ocrx_word' id='word_1_394' title='bbox 3151 2617 3379 2681; x_wconf 89' lang='lat' dir='ltr'><strong>munda;</strong></span> <span class='ocrx_word' id='word_1_395' title='bbox 3412 2631 3570 2671; x_wconf 82' lang='lat' dir='ltr'><strong>exse-</strong></span> 
     </span>
    </p>
   </div>
   <div class='ocr_carea' id='block_1_53' title="bbox 1992 2706 3501 2763">
    <p class='ocr_par' dir='ltr' id='par_1_53' title="bbox 1992 2706 3501 2763">
     <span class='ocr_line' id='line_1_53' title="bbox 1992 2706 3501 2763; baseline 0.001 -2"><span class='ocrx_word' id='word_1_396' title='bbox 1992 2706 2236 2762; x_wconf 88' lang='lat' dir='ltr'><strong>crabcris</strong></span> <span class='ocrx_word' id='word_1_397' title='bbox 2274 2716 2453 2760; x_wconf 86' lang='lat' dir='ltr'><strong>autem</strong></span> <span class='ocrx_word' id='word_1_398' title='bbox 2486 2706 2884 2762; x_wconf 79' lang='lat' dir='ltr'><strong>fraudulentum</strong></span> <span class='ocrx_word' id='word_1_399' title='bbox 2916 2706 3158 2762; x_wconf 78' lang='lat' dir='ltr'><strong>veritatis</strong></span> <span class='ocrx_word' id='word_1_400' title='bbox 3196 2706 3501 2763; x_wconf 89' lang='lat' dir='ltr'><strong>inimicum.</strong></span> 
     </span>
    </p>
   </div>
   <div class='ocr_carea' id='block_1_54' title="bbox 1003 2816 2863 2890">
    <p class='ocr_par' dir='ltr' id='par_1_54' title="bbox 1003 2816 2863 2890">
     <span class='ocr_line' id='line_1_54' title="bbox 1003 2816 2863 2890; baseline -0.001 -14"><span class='ocrx_word' id='word_1_401' title='bbox 1003 2820 1132 2876; x_wconf 75' lang='lat' dir='ltr'><strong>CAP.</strong></span> <span class='ocrx_word' id='word_1_402' title='bbox 1160 2817 1267 2876; x_wconf 79' lang='lat' dir='ltr'>VII.</span> <span class='ocrx_word' id='word_1_403' title='bbox 1309 2816 1647 2873; x_wconf 79' lang='lat' dir='ltr'><strong>Hanicltaica</strong></span> <span class='ocrx_word' id='word_1_404' title='bbox 1679 2820 1933 2873; x_wconf 78' lang='lat' dir='ltr'><strong>sententia</strong></span> <span class='ocrx_word' id='word_1_405' title='bbox 1961 2820 2024 2872; x_wconf 83' lang='lat' dir='ltr'><strong>de</strong></span> <span class='ocrx_word' id='word_1_406' title='bbox 2048 2835 2286 2889; x_wconf 75' lang='lat' dir='ltr'><strong>corpore,</strong></span> <span class='ocrx_word' id='word_1_407' title='bbox 2314 2822 2590 2890; x_wconf 81' lang='lat' dir='ltr'><strong>nugatoria</strong></span> <span class='ocrx_word' id='word_1_408' title='bbox 2612 2833 2659 2875; x_wconf 84' lang='lat' dir='ltr'><strong>et</strong></span> <span class='ocrx_word' id='word_1_409' title='bbox 2691 2825 2863 2890; x_wconf 71' lang='lat' dir='ltr'><strong>fama.</strong></span> 
     </span>
    </p>
   </div>
   <div class='ocr_carea' id='block_1_55' title="bbox 371 2929 1886 3004">
    <p class='ocr_par' dir='ltr' id='par_1_55' title="bbox 371 2929 1886 3004">
     <span class='ocr_line' id='line_1_55' title="bbox 371 2929 1886 3004; baseline -0.006 -14"><span class='ocrx_word' id='word_1_410' title='bbox 371 2936 441 2991; x_wconf 78' lang='grc' dir='ltr'><strong>Εἰ</strong></span> <span class='ocrx_word' id='word_1_411' title='bbox 469 2934 529 2990; x_wconf 83' lang='grc' dir='ltr'><strong>δὲ</strong></span> <span class='ocrx_word' id='word_1_412' title='bbox 569 2933 685 2988; x_wconf 76' lang='grc' dir='ltr'>ἔνια</span> <span class='ocrx_word' id='word_1_413' title='bbox 723 2934 823 3004; x_wconf 70' lang='grc' dir='ltr'><strong>μὲν</strong></span> <span class='ocrx_word' id='word_1_414' title='bbox 843 2932 949 2986; x_wconf 89' lang='grc' dir='ltr'><strong>τῶν</strong></span> <span class='ocrx_word' id='word_1_415' title='bbox 979 2930 1247 3003; x_wconf 82' lang='grc' dir='ltr'>σωμάτων</span> <span class='ocrx_word' id='word_1_416' title='bbox 1281 2931 1366 2984; x_wconf 79' lang='grc' dir='ltr'>ἀεὶ</span> <span class='ocrx_word' id='word_1_417' title='bbox 1391 2929 1708 3001; x_wconf 75' lang='grc' dir='ltr'>ἐσωφρόνει,</span> <span class='ocrx_word' id='word_1_418' title='bbox 1733 2929 1886 2983; x_wconf 86' lang='grc' dir='ltr'>οὑδέ-</span> 
     </span>
    </p>
   </div>
   <div class='ocr_carea' id='block_1_56' title="bbox 301 3019 1888 3097">
    <p class='ocr_par' dir='ltr' id='par_1_56' title="bbox 301 3019 1888 3097">
     <span class='ocr_line' id='line_1_56' title="bbox 301 3019 1888 3097; baseline -0.005 -17"><span class='ocrx_word' id='word_1_419' title='bbox 301 3043 436 3081; x_wconf 84' lang='grc' dir='ltr'>ποτε</span> <span class='ocrx_word' id='word_1_420' title='bbox 472 3022 931 3097; x_wconf 66' lang='grc' dir='ltr'>ἐρρᾳθυμηκότα,</span> <span class='ocrx_word' id='word_1_421' title='bbox 973 3021 1091 3076; x_wconf 77' lang='grc' dir='ltr'>ἔνια</span> <span class='ocrx_word' id='word_1_422' title='bbox 1135 3022 1192 3075; x_wconf 86' lang='grc' dir='ltr'><strong>δὲ</strong></span> <span class='ocrx_word' id='word_1_423' title='bbox 1230 3020 1318 3075; x_wconf 69' lang='grc' dir='ltr'>ἀεὶ</span> <span class='ocrx_word' id='word_1_424' title='bbox 1362 3020 1689 3093; x_wconf 73' lang='grc' dir='ltr'>ἐρρᾳθύμει,</span> <span class='ocrx_word' id='word_1_425' title='bbox 1734 3019 1888 3074; x_wconf 85' lang='grc' dir='ltr'>οὑδὲν</span> 
     </span>
    </p>
   </div>
   <div class='ocr_carea' id='block_1_57' title="bbox 306 3110 1889 3191">
    <p class='ocr_par' dir='ltr' id='par_1_57' title="bbox 306 3110 1889 3191">
     <span class='ocr_line' id='line_1_57' title="bbox 306 3110 1889 3191; baseline -0.004 -19"><span class='ocrx_word' id='word_1_426' title='bbox 306 3120 495 3191; x_wconf 85' lang='grc' dir='ltr'>μόριον</span> <span class='ocrx_word' id='word_1_427' title='bbox 544 3114 895 3188; x_wconf 81' lang='grc' dir='ltr'>σωφροσύνης</span> <span class='ocrx_word' id='word_1_428' title='bbox 936 3114 1334 3184; x_wconf 83' lang='grc' dir='ltr'>ἀσπασάμενα·</span> <span class='ocrx_word' id='word_1_429' title='bbox 1367 3110 1434 3183; x_wconf 81' lang='grc' dir='ltr'>ἦν</span> <span class='ocrx_word' id='word_1_430' title='bbox 1477 3114 1674 3178; x_wconf 78' lang='grc' dir='ltr'>εἰπεῖν,</span> <span class='ocrx_word' id='word_1_431' title='bbox 1715 3113 1796 3166; x_wconf 87' lang='grc' dir='ltr'>ὃτι</span> <span class='ocrx_word' id='word_1_432' title='bbox 1830 3113 1889 3165; x_wconf 81' lang='grc' dir='ltr'>ἐν</span> 
     </span>
    </p>
   </div>
   <div class='ocr_carea' id='block_1_58' title="bbox 301 3173 1958 3279">
    <p class='ocr_par' dir='ltr' id='par_1_58' title="bbox 301 3173 1958 3279">
     <span class='ocr_line' id='line_1_58' title="bbox 301 3173 1958 3279; baseline -0.004 -16"><span class='ocrx_word' id='word_1_433' title='bbox 301 3173 419 3274; x_wconf 62' lang='grc' dir='ltr'>τοῖς</span> <span class='ocrx_word' id='word_1_434' title='bbox 469 3173 685 3279; x_wconf 67' lang='grc' dir='ltr'>σώμασι</span> <span class='ocrx_word' id='word_1_435' title='bbox 728 3173 1015 3277; x_wconf 74' lang='grc' dir='ltr'>γεγένηται</span> <span class='ocrx_word' id='word_1_436' title='bbox 1072 3173 1354 3277; x_wconf 63' lang='grc' dir='ltr'>μερισμὸς,</span> <span class='ocrx_word' id='word_1_437' title='bbox 1391 3173 1499 3258; x_wconf 47' lang='grc' dir='ltr'>’καὶ</span> <span class='ocrx_word' id='word_1_438' title='bbox 1529 3173 1771 3275; x_wconf 22' lang='grc' dir='ltr'>ἐνιαψμὲν</span> <span class='ocrx_word' id='word_1_439' title='bbox 1796 3203 1887 3257; x_wconf 78' lang='grc' dir='ltr'>οὑ-</span> <span class='ocrx_word' id='word_1_440' title='bbox 1916 3173 1958 3229; x_wconf 76' lang='lat' dir='ltr'><strong><em>C</em></strong></span> 
     </span>
    </p>
   </div>
   <div class='ocr_carea' id='block_1_59' title="bbox 305 3296 1887 3370">
    <p class='ocr_par' dir='ltr' id='par_1_59' title="bbox 305 3296 1887 3370">
     <span class='ocr_line' id='line_1_59' title="bbox 305 3296 1887 3370; baseline -0.003 -16"><span class='ocrx_word' id='word_1_441' title='bbox 305 3318 396 3354; x_wconf 77' lang='grc' dir='ltr'><strong>πω</strong></span> <span class='ocrx_word' id='word_1_442' title='bbox 442 3300 541 3370; x_wconf 80' lang='grc'><strong>(5),</strong></span> <span class='ocrx_word' id='word_1_443' title='bbox 571 3299 687 3353; x_wconf 73' lang='grc' dir='ltr'>ἔνια</span> <span class='ocrx_word' id='word_1_444' title='bbox 730 3299 786 3352; x_wconf 84' lang='grc' dir='ltr'><strong>δὲ</strong></span> <span class='ocrx_word' id='word_1_445' title='bbox 825 3298 969 3352; x_wconf 79' lang='grc' dir='ltr'>οὑτω</span> <span class='ocrx_word' id='word_1_446' title='bbox 1015 3299 1247 3368; x_wconf 77' lang='grc' dir='ltr'>πέφυκεο</span> <span class='ocrx_word' id='word_1_447' title='bbox 1299 3297 1393 3351; x_wconf 73' lang='grc' dir='ltr'>καὶ</span> <span class='ocrx_word' id='word_1_448' title='bbox 1433 3296 1652 3367; x_wconf 80' lang='grc' dir='ltr'>ἠσθένει</span> <span class='ocrx_word' id='word_1_449' title='bbox 1698 3296 1796 3367; x_wconf 83' lang='grc' dir='ltr'>μὲν</span> <span class='ocrx_word' id='word_1_450' title='bbox 1828 3298 1887 3351; x_wconf 85' lang='grc' dir='ltr'>ὲν</span> 
     </span>
    </p>
   </div>
   <div class='ocr_carea' id='block_1_60' title="bbox 304 3387 1892 3464">
    <p class='ocr_par' dir='ltr' id='par_1_60' title="bbox 304 3387 1892 3464">
     <span class='ocr_line' id='line_1_60' title="bbox 304 3387 1892 3464; baseline -0.002 -19"><span class='ocrx_word' id='word_1_451' title='bbox 304 3392 482 3464; x_wconf 78' lang='grc' dir='ltr'>τούτῳ</span> <span class='ocrx_word' id='word_1_452' title='bbox 526 3394 557 3445; x_wconf 82' lang='grc' dir='ltr'><strong>ὁ</strong></span> <span class='ocrx_word' id='word_1_453' title='bbox 594 3391 749 3461; x_wconf 80' lang='grc' dir='ltr'>λόγος</span> <span class='ocrx_word' id='word_1_454' title='bbox 780 3390 960 3446; x_wconf 89' lang='grc' dir='ltr'>αὑτῶν</span> <span class='ocrx_word' id='word_1_455' title='bbox 982 3407 996 3420; x_wconf 89' lang='grc'><strong>·</strong></span> <span class='ocrx_word' id='word_1_456' title='bbox 1030 3389 1215 3443; x_wconf 78' lang='grc' dir='ltr'>οὐκέτι</span> <span class='ocrx_word' id='word_1_457' title='bbox 1239 3388 1349 3462; x_wconf 85' lang='grc' dir='ltr'>γὰρ</span> <span class='ocrx_word' id='word_1_458' title='bbox 1393 3387 1514 3444; x_wconf 82' lang='grc' dir='ltr'>καθ’</span> <span class='ocrx_word' id='word_1_459' title='bbox 1547 3389 1684 3442; x_wconf 84' lang='grc' dir='ltr'>ὅλων</span> <span class='ocrx_word' id='word_1_460' title='bbox 1711 3388 1892 3459; x_wconf 77' lang='grc' dir='ltr'><strong>σωμά⁸</strong></span> 
     </span>
    </p>
   </div>
   <div class='ocr_carea' id='block_1_61' title="bbox 306 3480 1891 3555">
    <p class='ocr_par' dir='ltr' id='par_1_61' title="bbox 306 3480 1891 3555">
     <span class='ocr_line' id='line_1_61' title="bbox 306 3480 1891 3555; baseline -0.003 -18"><span class='ocrx_word' id='word_1_461' title='bbox 306 3501 418 3538; x_wconf 89' lang='grc' dir='ltr'><strong>των</strong></span> <span class='ocrx_word' id='word_1_462' title='bbox 440 3484 688 3553; x_wconf 79' lang='grc' dir='ltr'>ἐγίγνετο</span> <span class='ocrx_word' id='word_1_463' title='bbox 713 3484 896 3547; x_wconf 81' lang='grc' dir='ltr'>αὑτοῖς</span> <span class='ocrx_word' id='word_1_464' title='bbox 928 3485 957 3536; x_wconf 83' lang='grc' dir='ltr'>ὁ</span> <span class='ocrx_word' id='word_1_465' title='bbox 979 3482 1136 3551; x_wconf 81' lang='grc' dir='ltr'>λόγος</span> <span class='ocrx_word' id='word_1_466' title='bbox 1157 3520 1173 3546; x_wconf 90' lang='grc'><strong>,</strong></span> <span class='ocrx_word' id='word_1_467' title='bbox 1209 3483 1323 3551; x_wconf 78' lang='grc' dir='ltr'>εἴγε</span> <span class='ocrx_word' id='word_1_468' title='bbox 1361 3482 1589 3555; x_wconf 82' lang='grc' dir='ltr'>τοιαύτῃ</span> <span class='ocrx_word' id='word_1_469' title='bbox 1631 3480 1891 3536; x_wconf 87' lang='grc' dir='ltr'>ὑποθέσει</span> 
     </span>
    </p>
   </div>
   <div class='ocr_carea' id='block_1_62' title="bbox 310 3572 1892 3647">
    <p class='ocr_par' dir='ltr' id='par_1_62' title="bbox 310 3572 1892 3647">
     <span class='ocr_line' id='line_1_62' title="bbox 310 3572 1892 3647; baseline -0.004 -17"><span class='ocrx_word' id='word_1_470' title='bbox 310 3576 570 3647; x_wconf 73' lang='grc' dir='ltr'>ἐχρῶντο.</span> <span class='ocrx_word' id='word_1_471' title='bbox 602 3574 739 3629; x_wconf 86' lang='grc' dir='ltr'><strong>Ἀλλ’</strong></span> <span class='ocrx_word' id='word_1_472' title='bbox 762 3574 972 3643; x_wconf 73' lang='grc' dir='ltr'>ἐγίνετο</span> <span class='ocrx_word' id='word_1_473' title='bbox 995 3574 1155 3628; x_wconf 83' lang='grc' dir='ltr'>πάλιν</span> <span class='ocrx_word' id='word_1_474' title='bbox 1192 3572 1414 3638; x_wconf 74' lang='grc' dir='ltr'>εὔκολος</span> <span class='ocrx_word' id='word_1_475' title='bbox 1454 3576 1484 3627; x_wconf 81' lang='grc' dir='ltr'>ὁ</span> <span class='ocrx_word' id='word_1_476' title='bbox 1530 3573 1751 3643; x_wconf 78' lang='grc' dir='ltr'>ἐλεγχος</span> <span class='ocrx_word' id='word_1_477' title='bbox 1771 3614 1784 3636; x_wconf 94' lang='grc'><strong>,</strong></span> <span class='ocrx_word' id='word_1_478' title='bbox 1809 3573 1892 3625; x_wconf 81' lang='grc' dir='ltr'>ὅτι</span> 
     </span>
    </p>
   </div>
   <div class='ocr_carea' id='block_1_63' title="bbox 309 3662 1892 3738">
    <p class='ocr_par' dir='ltr' id='par_1_63' title="bbox 309 3662 1892 3738">
     <span class='ocr_line' id='line_1_63' title="bbox 309 3662 1892 3738; baseline -0.004 -16"><span class='ocrx_word' id='word_1_479' title='bbox 309 3669 441 3732; x_wconf 86' lang='grc' dir='ltr'>Πῶς</span> <span class='ocrx_word' id='word_1_480' title='bbox 465 3663 577 3721; x_wconf 77' lang='grc' dir='ltr'>οἶόν</span> <span class='ocrx_word' id='word_1_481' title='bbox 604 3684 663 3721; x_wconf 85' lang='grc' dir='ltr'><strong>τε</strong></span> <span class='ocrx_word' id='word_1_482' title='bbox 681 3662 748 3738; x_wconf 79' lang='grc' dir='ltr'>ἦν</span> <span class='ocrx_word' id='word_1_483' title='bbox 773 3666 881 3720; x_wconf 85' lang='grc' dir='ltr'><strong>τῶν</strong></span> <span class='ocrx_word' id='word_1_484' title='bbox 905 3667 1173 3737; x_wconf 82' lang='grc' dir='ltr'>σωμάτων</span> <span class='ocrx_word' id='word_1_485' title='bbox 1201 3666 1301 3736; x_wconf 85' lang='grc' dir='ltr'><strong>τὴν</strong></span> <span class='ocrx_word' id='word_1_486' title='bbox 1326 3665 1494 3735; x_wconf 84' lang='grc' dir='ltr'>αὑτὴν</span> <span class='ocrx_word' id='word_1_487' title='bbox 1530 3664 1764 3734; x_wconf 82' lang='grc' dir='ltr'>ἑχόντων</span> <span class='ocrx_word' id='word_1_488' title='bbox 1798 3663 1892 3716; x_wconf 86' lang='grc' dir='ltr'>οὑ-</span> 
     </span>
    </p>
   </div>
   <div class='ocr_carea' id='block_1_64' title="bbox 311 3752 1892 3827">
    <p class='ocr_par' dir='ltr' id='par_1_64' title="bbox 311 3752 1892 3827">
     <span class='ocr_line' id='line_1_64' title="bbox 311 3752 1892 3827; baseline -0.005 -14"><span class='ocrx_word' id='word_1_489' title='bbox 311 3760 455 3823; x_wconf 79' lang='grc' dir='ltr'>σίαν,</span> <span class='ocrx_word' id='word_1_490' title='bbox 484 3757 579 3813; x_wconf 82' lang='grc' dir='ltr'>δύο</span> <span class='ocrx_word' id='word_1_491' title='bbox 610 3757 799 3827; x_wconf 79' lang='grc' dir='ltr'>φύσεις</span> <span class='ocrx_word' id='word_1_492' title='bbox 824 3756 1073 3821; x_wconf 74' lang='grc' dir='ltr'>ἐναντίας</span> <span class='ocrx_word' id='word_1_493' title='bbox 1102 3755 1211 3809; x_wconf 81' lang='grc' dir='ltr'>ἀπὸ</span> <span class='ocrx_word' id='word_1_494' title='bbox 1241 3755 1341 3824; x_wconf 85' lang='grc' dir='ltr'><strong>τῆς</strong></span> <span class='ocrx_word' id='word_1_495' title='bbox 1370 3754 1540 3824; x_wconf 75' lang='grc' dir='ltr'>αὑτῆς</span> <span class='ocrx_word' id='word_1_496' title='bbox 1561 3752 1748 3816; x_wconf 83' lang='grc' dir='ltr'>οὑσίας</span> <span class='ocrx_word' id='word_1_497' title='bbox 1764 3754 1892 3806; x_wconf 87' lang='grc' dir='ltr'>ὑπο-</span> 
     </span>
    </p>
   </div>
   <div class='ocr_carea' id='block_1_65' title="bbox 312 3844 1897 3924">
    <p class='ocr_par' dir='ltr' id='par_1_65' title="bbox 312 3844 1897 3924">
     <span class='ocr_line' id='line_1_65' title="bbox 312 3844 1897 3924; baseline -0.006 -18"><span class='ocrx_word' id='word_1_498' title='bbox 312 3853 528 3924; x_wconf 84' lang='grc' dir='ltr'>στῆναι,</span> <span class='ocrx_word' id='word_1_499' title='bbox 560 3852 654 3904; x_wconf 78' lang='grc' dir='ltr'><strong>καὶ</strong></span> <span class='ocrx_word' id='word_1_500' title='bbox 674 3849 772 3920; x_wconf 80' lang='grc' dir='ltr'>τὴν</span> <span class='ocrx_word' id='word_1_501' title='bbox 798 3848 965 3919; x_wconf 80' lang='grc' dir='ltr'>αὑτὴν</span> <span class='ocrx_word' id='word_1_502' title='bbox 983 3847 1172 3901; x_wconf 80' lang='grc' dir='ltr'>οὐσίαν</span> <span class='ocrx_word' id='word_1_503' title='bbox 1200 3845 1535 3917; x_wconf 84' lang='grc' dir='ltr'>διαιρεθῆναι</span> <span class='ocrx_word' id='word_1_504' title='bbox 1577 3847 1657 3910; x_wconf 83' lang='grc' dir='ltr'><strong>εἰς</strong></span> <span class='ocrx_word' id='word_1_505' title='bbox 1707 3844 1897 3914; x_wconf 76' lang='grc' dir='ltr'>φύσεις</span> 
     </span>
    </p>
   </div>
   <div class='ocr_carea' id='block_1_66' title="bbox 311 3936 1898 4012">
    <p class='ocr_par' dir='ltr' id='par_1_66' title="bbox 311 3936 1898 4012">
     <span class='ocr_line' id='line_1_66' title="bbox 311 3936 1898 4012; baseline -0.006 -15"><span class='ocrx_word' id='word_1_506' title='bbox 311 3943 428 4006; x_wconf 76' lang='grc' dir='ltr'>δύο,</span> <span class='ocrx_word' id='word_1_507' title='bbox 459 3943 547 3995; x_wconf 83' lang='grc' dir='ltr'><strong>ἴνα</strong></span> <span class='ocrx_word' id='word_1_508' title='bbox 572 3941 634 3994; x_wconf 80' lang='grc' dir='ltr'>τὸ</span> <span class='ocrx_word' id='word_1_509' title='bbox 671 3941 768 4012; x_wconf 80' lang='grc' dir='ltr'>μὲν</span> <span class='ocrx_word' id='word_1_510' title='bbox 802 3940 859 3993; x_wconf 76' lang='grc' dir='ltr'>ἓν</span> <span class='ocrx_word' id='word_1_511' title='bbox 900 3939 1067 4012; x_wconf 80' lang='grc' dir='ltr'>μέρος</span> <span class='ocrx_word' id='word_1_512' title='bbox 1098 3939 1185 3992; x_wconf 76' lang='grc' dir='ltr'><strong>ἀεὶ</strong></span> <span class='ocrx_word' id='word_1_513' title='bbox 1207 3938 1395 3998; x_wconf 82' lang='grc' dir='ltr'>κακὸν,</span> <span class='ocrx_word' id='word_1_514' title='bbox 1433 3937 1494 3990; x_wconf 83' lang='grc' dir='ltr'><strong>τὸ</strong></span> <span class='ocrx_word' id='word_1_515' title='bbox 1515 3936 1571 3990; x_wconf 85' lang='grc' dir='ltr'><strong>δὲ</strong></span> <span class='ocrx_word' id='word_1_516' title='bbox 1598 3937 1785 4008; x_wconf 74' lang='grc' dir='ltr'>ἕτερον</span> <span class='ocrx_word' id='word_1_517' title='bbox 1808 3936 1898 3989; x_wconf 74' lang='grc' dir='ltr'>ἀεὶ</span> 
     </span>
    </p>
   </div>
   <div class='ocr_carea' id='block_1_67' title="bbox 312 4024 1923 4104">
    <p class='ocr_par' dir='ltr' id='par_1_67' title="bbox 312 4024 1923 4104">
     <span class='ocr_line' id='line_1_67' title="bbox 312 4024 1923 4104; baseline -0.005 -17"><span class='ocrx_word' id='word_1_518' title='bbox 312 4034 503 4094; x_wconf 76' lang='grc' dir='ltr'>καλὸν,</span> <span class='ocrx_word' id='word_1_519' title='bbox 552 4033 644 4086; x_wconf 72' lang='grc' dir='ltr'><strong>καὶ</strong></span> <span class='ocrx_word' id='word_1_520' title='bbox 681 4032 768 4085; x_wconf 83' lang='grc' dir='ltr'><strong>ἵνα</strong></span> <span class='ocrx_word' id='word_1_521' title='bbox 800 4030 1009 4086; x_wconf 77' lang='grc' dir='ltr'>ἑαυτῶν</span> <span class='ocrx_word' id='word_1_522' title='bbox 1047 4031 1373 4085; x_wconf 83' lang='grc' dir='ltr'>ἀνεπίδεκτα</span> <span class='ocrx_word' id='word_1_523' title='bbox 1466 4030 1677 4091; x_wconf 78' lang='grc' dir='ltr'>ἑαυτοῖς</span> <span class='ocrx_word' id='word_1_524' title='bbox 1727 4027 1923 4098; x_wconf 74' lang='grc' dir='ltr'>μαχὸ-,</span> 
     </span>
    </p>
   </div>
   <div class='ocr_carea' id='block_1_68' title="bbox 318 4119 1901 4196">
    <p class='ocr_par' dir='ltr' id='par_1_68' title="bbox 318 4119 1901 4196">
     <span class='ocr_line' id='line_1_68' title="bbox 318 4119 1901 4196; baseline -0.005 -17"><span class='ocrx_word' id='word_1_525' title='bbox 318 4141 457 4196; x_wconf 85' lang='grc' dir='ltr'>μενα</span> <span class='ocrx_word' id='word_1_526' title='bbox 479 4166 495 4190; x_wconf 91' lang='grc'><strong>,</strong></span> <span class='ocrx_word' id='word_1_527' title='bbox 539 4123 707 4177; x_wconf 81' lang='grc' dir='ltr'>ἑαυτὰ</span> <span class='ocrx_word' id='word_1_528' title='bbox 749 4122 1095 4194; x_wconf 78' lang='grc' dir='ltr'>ἀναιροῦντα,</span> <span class='ocrx_word' id='word_1_529' title='bbox 1139 4124 1198 4177; x_wconf 86' lang='grc' dir='ltr'><strong>ἑν</strong></span> <span class='ocrx_word' id='word_1_530' title='bbox 1224 4124 1344 4185; x_wconf 87' lang='grc' dir='ltr'>ταῖς</span> <span class='ocrx_word' id='word_1_531' title='bbox 1370 4119 1695 4191; x_wconf 79' lang='grc' dir='ltr'>γυμνασίαις</span> <span class='ocrx_word' id='word_1_532' title='bbox 1731 4119 1901 4172; x_wconf 81' lang='grc' dir='ltr'>ἑαυτὰ</span> 
     </span>
    </p>
   </div>
   <div class='ocr_carea' id='block_1_69' title="bbox 315 4213 1900 4287">
    <p class='ocr_par' dir='ltr' id='par_1_69' title="bbox 315 4213 1900 4287">
     <span class='ocr_line' id='line_1_69' title="bbox 315 4213 1900 4287; baseline -0.001 -19"><span class='ocrx_word' id='word_1_533' title='bbox 315 4215 786 4287; x_wconf 75' lang='grc' dir='ltr'>ἑνδιαφθείροντα,</span> <span class='ocrx_word' id='word_1_534' title='bbox 832 4214 933 4285; x_wconf 79' lang='grc' dir='ltr'>τῆς</span> <span class='ocrx_word' id='word_1_535' title='bbox 983 4216 1151 4285; x_wconf 82' lang='grc' dir='ltr'>αὑτῆς</span> <span class='ocrx_word' id='word_1_536' title='bbox 1190 4213 1380 4277; x_wconf 78' lang='grc' dir='ltr'>οὑσίας</span> <span class='ocrx_word' id='word_1_537' title='bbox 1430 4213 1684 4266; x_wconf 79' lang='grc' dir='ltr'>οὐδέποτε</span> <span class='ocrx_word' id='word_1_538' title='bbox 1733 4215 1900 4284; x_wconf 79' lang='grc' dir='ltr'>ἑαυτῇ</span> 
     </span>
    </p>
   </div>
   <div class='ocr_carea' id='block_1_70' title="bbox 320 4302 1904 4378">
    <p class='ocr_par' dir='ltr' id='par_1_70' title="bbox 320 4302 1904 4378">
     <span class='ocr_line' id='line_1_70' title="bbox 320 4302 1904 4378; baseline -0.003 -19"><span class='ocrx_word' id='word_1_539' title='bbox 320 4305 636 4378; x_wconf 82' lang='grc' dir='ltr'>μαχομένης</span> <span class='ocrx_word' id='word_1_540' title='bbox 668 4307 763 4358; x_wconf 57' lang='grc' dir='ltr'><strong>καὶ⁵</strong></span> <span class='ocrx_word' id='word_1_541' title='bbox 809 4305 1007 4375; x_wconf 80' lang='grc' dir='ltr'>ἑαυτὴν</span> <span class='ocrx_word' id='word_1_542' title='bbox 1038 4303 1398 4374; x_wconf 78' lang='grc' dir='ltr'>ἀναιρούσης;</span> <span class='ocrx_word' id='word_1_543' title='bbox 1436 4303 1546 4357; x_wconf 52' lang='grc' dir='ltr'><strong>Καὶ⁸</strong></span> <span class='ocrx_word' id='word_1_544' title='bbox 1582 4302 1692 4356; x_wconf 88' lang='grc' dir='ltr'><strong>τῶν</strong></span> <span class='ocrx_word' id='word_1_545' title='bbox 1727 4302 1904 4357; x_wconf 82' lang='grc' dir='ltr'>τοιού-</span> 
     </span>
    </p>
   </div>
   <div class='ocr_carea' id='block_1_71' title="bbox 315 4393 1901 4466">
    <p class='ocr_par' dir='ltr' id='par_1_71' title="bbox 315 4393 1901 4466">
     <span class='ocr_line' id='line_1_71' title="bbox 315 4393 1901 4466; baseline -0.001 -17"><span class='ocrx_word' id='word_1_546' title='bbox 315 4414 425 4451; x_wconf 87' lang='grc' dir='ltr'><strong>των</strong></span> <span class='ocrx_word' id='word_1_547' title='bbox 456 4398 738 4466; x_wconf 77' lang='grc' dir='ltr'>ζητήσεων</span> <span class='ocrx_word' id='word_1_548' title='bbox 764 4394 1082 4466; x_wconf 84' lang='grc' dir='ltr'>γινομένων,</span> <span class='ocrx_word' id='word_1_549' title='bbox 1105 4393 1265 4458; x_wconf 80' lang='grc' dir='ltr'>ὕθλος</span> <span class='ocrx_word' id='word_1_550' title='bbox 1286 4394 1381 4447; x_wconf 77' lang='grc' dir='ltr'><strong>καὶ</strong></span> <span class='ocrx_word' id='word_1_551' title='bbox 1405 4396 1587 4465; x_wconf 80' lang='grc' dir='ltr'>μωρία</span> <span class='ocrx_word' id='word_1_552' title='bbox 1608 4393 1770 4448; x_wconf 81' lang='grc' dir='ltr'>πάλιν</span> <span class='ocrx_word' id='word_1_553' title='bbox 1796 4412 1901 4464; x_wconf 81' lang='grc' dir='ltr'><strong>φα-</strong></span> 
     </span>
    </p>
   </div>
   <div class='ocr_carea' id='block_1_72' title="bbox 314 4485 1124 4559">
    <p class='ocr_par' dir='ltr' id='par_1_72' title="bbox 314 4485 1124 4559">
     <span class='ocr_line' id='line_1_72' title="bbox 314 4485 1124 4559; baseline -0.007 -17"><span class='ocrx_word' id='word_1_554' title='bbox 314 4489 541 4559; x_wconf 83' lang='grc' dir='ltr'>νήσεται</span> <span class='ocrx_word' id='word_1_555' title='bbox 570 4485 749 4540; x_wconf 87' lang='grc' dir='ltr'>αὑτῶν</span> <span class='ocrx_word' id='word_1_556' title='bbox 782 4486 815 4556; x_wconf 83' lang='grc' dir='ltr'><strong>ή</strong></span> <span class='ocrx_word' id='word_1_557' title='bbox 846 4485 1124 4555; x_wconf 73' lang='grc' dir='ltr'>πρότασις.</span> 
     </span>
    </p>
   </div>
   <div class='ocr_carea' id='block_1_73' title="bbox 2067 2933 3573 3005">
    <p class='ocr_par' dir='ltr' id='par_1_73' title="bbox 2067 2933 3573 3005">
     <span class='ocr_line' id='line_1_73' title="bbox 2067 2933 3573 3005; baseline -0.001 -18"><span class='ocrx_word' id='word_1_558' title='bbox 2067 2933 2221 3000; x_wconf 85' lang='lat' dir='ltr'><strong>Quod</strong></span> <span class='ocrx_word' id='word_1_559' title='bbox 2281 2935 2327 2989; x_wconf 92' lang='lat' dir='ltr'><strong>si</strong></span> <span class='ocrx_word' id='word_1_560' title='bbox 2387 2950 2508 3005; x_wconf 70' lang='lat' dir='ltr'><strong>qua:</strong></span> <span class='ocrx_word' id='word_1_561' title='bbox 2570 2945 2750 3004; x_wconf 85' lang='lat' dir='ltr'><strong>partes</strong></span> <span class='ocrx_word' id='word_1_562' title='bbox 2814 2935 3061 3004; x_wconf 85' lang='lat' dir='ltr'><strong>corporis</strong></span> <span class='ocrx_word' id='word_1_563' title='bbox 3113 2950 3329 3005; x_wconf 88' lang='lat' dir='ltr'><strong>semper</strong></span> <span class='ocrx_word' id='word_1_564' title='bbox 3390 2942 3573 2989; x_wconf 88' lang='lat' dir='ltr'><strong>essent</strong></span> 
     </span>
    </p>
   </div>
   <div class='ocr_carea' id='block_1_74' title="bbox 1998 3027 3574 3098">
    <p class='ocr_par' dir='ltr' id='par_1_74' title="bbox 1998 3027 3574 3098">
     <span class='ocr_line' id='line_1_74' title="bbox 1998 3027 3574 3098; baseline 0 -21"><span class='ocrx_word' id='word_1_565' title='bbox 1998 3033 2386 3094; x_wconf 85' lang='lat' dir='ltr'><strong>temperantes,</strong></span> <span class='ocrx_word' id='word_1_566' title='bbox 2438 3042 2708 3097; x_wconf 82' lang='lat' dir='ltr'><strong>nunquam</strong></span> <span class='ocrx_word' id='word_1_567' title='bbox 2742 3027 2793 3079; x_wconf 92' lang='lat' dir='ltr'><strong>in</strong></span> <span class='ocrx_word' id='word_1_568' title='bbox 2844 3027 3091 3098; x_wconf 81' lang='lat' dir='ltr'><strong>pigritia;</strong></span> <span class='ocrx_word' id='word_1_569' title='bbox 3129 3027 3247 3081; x_wconf 68' lang='lat' dir='ltr'><strong>aliae</strong></span> <span class='ocrx_word' id='word_1_570' title='bbox 3279 3041 3406 3081; x_wconf 81' lang='lat' dir='ltr'><strong>vero</strong></span> <span class='ocrx_word' id='word_1_571' title='bbox 3431 3041 3574 3080; x_wconf 87' lang='lat' dir='ltr'><strong>scm-</strong></span> 
     </span>
    </p>
   </div>
   <div class='ocr_carea' id='block_1_75' title="bbox 1997 3102 3572 3185">
    <p class='ocr_par' dir='ltr' id='par_1_75' title="bbox 1997 3102 3572 3185">
     <span class='ocr_line' id='line_1_75' title="bbox 1997 3102 3572 3185; baseline 0 -17"><span class='ocrx_word' id='word_1_572' title='bbox 1997 3130 2091 3183; x_wconf 90' lang='lat' dir='ltr'><strong>per</strong></span> <span class='ocrx_word' id='word_1_573' title='bbox 2120 3115 2417 3185; x_wconf 82' lang='lat' dir='ltr'><strong>pigrautes.</strong></span> <span class='ocrx_word' id='word_1_574' title='bbox 2453 3102 2655 3169; x_wconf 69' lang='lat' dir='ltr'><strong>nullani</strong></span> <span class='ocrx_word' id='word_1_575' title='bbox 2704 3125 2911 3185; x_wconf 87' lang='lat' dir='ltr'><strong>partem</strong></span> <span class='ocrx_word' id='word_1_576' title='bbox 2958 3118 3326 3185; x_wconf 78' lang='lat' dir='ltr'><strong>temperantia:</strong></span> <span class='ocrx_word' id='word_1_577' title='bbox 3365 3116 3572 3185; x_wconf 86' lang='lat' dir='ltr'><strong>amplc-</strong></span> 
     </span>
    </p>
   </div>
   <div class='ocr_carea' id='block_1_76' title="bbox 1993 3203 3569 3279">
    <p class='ocr_par' dir='ltr' id='par_1_76' title="bbox 1993 3203 3569 3279">
     <span class='ocr_line' id='line_1_76' title="bbox 1993 3203 3569 3279; baseline 0 -20"><span class='ocrx_word' id='word_1_578' title='bbox 1993 3216 2233 3261; x_wconf 80' lang='lat' dir='ltr'><strong>ctentes:</strong></span> <span class='ocrx_word' id='word_1_579' title='bbox 2269 3209 2372 3262; x_wconf 89' lang='lat' dir='ltr'><strong>dici</strong></span> <span class='ocrx_word' id='word_1_580' title='bbox 2411 3218 2613 3277; x_wconf 83' lang='lat' dir='ltr'><strong>posset,</strong></span> <span class='ocrx_word' id='word_1_581' title='bbox 2647 3209 2968 3261; x_wconf 77' lang='lat' dir='ltr'><strong>divisionem</strong></span> <span class='ocrx_word' id='word_1_582' title='bbox 2994 3224 3115 3264; x_wconf 86' lang='lat' dir='ltr'><strong>esse</strong></span> <span class='ocrx_word' id='word_1_583' title='bbox 3147 3209 3198 3263; x_wconf 93' lang='lat' dir='ltr'><strong>in</strong></span> <span class='ocrx_word' id='word_1_584' title='bbox 3228 3203 3569 3279; x_wconf 76' lang='lat' dir='ltr'><strong>corpo&#39;ribus,</strong></span> 
     </span>
    </p>
   </div>
   <div class='ocr_carea' id='block_1_77' title="bbox 1990 3300 3573 3370">
    <p class='ocr_par' dir='ltr' id='par_1_77' title="bbox 1990 3300 3573 3370">
     <span class='ocr_line' id='line_1_77' title="bbox 1990 3300 3573 3370; baseline 0.001 -18"><span class='ocrx_word' id='word_1_585' title='bbox 1990 3308 2044 3352; x_wconf 91' lang='lat' dir='ltr'><strong>et</strong></span> <span class='ocrx_word' id='word_1_586' title='bbox 2076 3309 2258 3367; x_wconf 69' lang='lat' dir='ltr'><strong>partes</strong></span> <span class='ocrx_word' id='word_1_587' title='bbox 2287 3302 2551 3368; x_wconf 88' lang='lat' dir='ltr'><strong>quasdam</strong></span> <span class='ocrx_word' id='word_1_588' title='bbox 2583 3301 2662 3355; x_wconf 90' lang='lat' dir='ltr'><strong>sic</strong></span> <span class='ocrx_word' id='word_1_589' title='bbox 2690 3310 2882 3354; x_wconf 89' lang='lat' dir='ltr'><strong>natura</strong></span> <span class='ocrx_word' id='word_1_590' title='bbox 2919 3300 3091 3354; x_wconf 84' lang='lat' dir='ltr'><strong>factas</strong></span> <span class='ocrx_word' id='word_1_591' title='bbox 3130 3316 3270 3365; x_wconf 87' lang='lat' dir='ltr'><strong>esse,</strong></span> <span class='ocrx_word' id='word_1_592' title='bbox 3313 3301 3573 3370; x_wconf 84' lang='lat' dir='ltr'><strong>quasdam</strong></span> 
     </span>
    </p>
   </div>
   <div class='ocr_carea' id='block_1_78' title="bbox 1994 3390 3573 3461">
    <p class='ocr_par' dir='ltr' id='par_1_78' title="bbox 1994 3390 3573 3461">
     <span class='ocr_line' id='line_1_78' title="bbox 1994 3390 3573 3461; baseline 0.004 -19"><span class='ocrx_word' id='word_1_593' title='bbox 1994 3405 2122 3443; x_wconf 90' lang='lat' dir='ltr'><strong>vero</strong></span> <span class='ocrx_word' id='word_1_594' title='bbox 2153 3390 2333 3459; x_wconf 83' lang='lat' dir='ltr'><strong>aliter,</strong></span> <span class='ocrx_word' id='word_1_595' title='bbox 2380 3403 2631 3461; x_wconf 82' lang='lat' dir='ltr'><strong>essetque</strong></span> <span class='ocrx_word' id='word_1_596' title='bbox 2682 3395 2732 3446; x_wconf 90' lang='lat' dir='ltr'><strong>itt</strong></span> <span class='ocrx_word' id='word_1_597' title='bbox 2766 3392 2869 3448; x_wconf 88' lang='lat' dir='ltr'><strong>hoc</strong></span> <span class='ocrx_word' id='word_1_598' title='bbox 2915 3393 3056 3446; x_wconf 89' lang='lat' dir='ltr'><strong>ratio</strong></span> <span class='ocrx_word' id='word_1_599' title='bbox 3094 3408 3281 3447; x_wconf 90' lang='lat' dir='ltr'><strong>eorum</strong></span> <span class='ocrx_word' id='word_1_600' title='bbox 3320 3394 3527 3448; x_wconf 82' lang='lat' dir='ltr'><strong>inﬁrma</strong></span> <span class='ocrx_word' id='word_1_601' title='bbox 3561 3413 3573 3449; x_wconf 89' lang='lat'><strong>:</strong></span> 
     </span>
    </p>
   </div>
   <div class='ocr_carea' id='block_1_79' title="bbox 1994 3482 3577 3556">
    <p class='ocr_par' dir='ltr' id='par_1_79' title="bbox 1994 3482 3577 3556">
     <span class='ocr_line' id='line_1_79' title="bbox 1994 3482 3577 3556; baseline 0.001 -22"><span class='ocrx_word' id='word_1_602' title='bbox 1994 3497 2098 3534; x_wconf 86' lang='lat' dir='ltr'><strong>nun</strong></span> <span class='ocrx_word' id='word_1_603' title='bbox 2132 3482 2274 3536; x_wconf 90' lang='lat' dir='ltr'><strong>enim</strong></span> <span class='ocrx_word' id='word_1_604' title='bbox 2317 3483 2430 3553; x_wconf 87' lang='lat' dir='ltr'><strong>jam</strong></span> <span class='ocrx_word' id='word_1_605' title='bbox 2457 3484 2524 3539; x_wconf 89' lang='lat' dir='ltr'><strong>de</strong></span> <span class='ocrx_word' id='word_1_606' title='bbox 2566 3486 2690 3538; x_wconf 90' lang='lat' dir='ltr'><strong>totis</strong></span> <span class='ocrx_word' id='word_1_607' title='bbox 2722 3486 3042 3555; x_wconf 88' lang='lat' dir='ltr'><strong>corporibus</strong></span> <span class='ocrx_word' id='word_1_608' title='bbox 3069 3501 3254 3540; x_wconf 89' lang='lat' dir='ltr'><strong>eorum</strong></span> <span class='ocrx_word' id='word_1_609' title='bbox 3285 3485 3577 3556; x_wconf 86' lang='lat' dir='ltr'><strong>disputatio</strong></span> 
     </span>
    </p>
   </div>
   <div class='ocr_carea' id='block_1_80' title="bbox 1995 3574 3576 3644">
    <p class='ocr_par' dir='ltr' id='par_1_80' title="bbox 1995 3574 3576 3644">
     <span class='ocr_line' id='line_1_80' title="bbox 1995 3574 3576 3644; baseline 0.001 -17"><span class='ocrx_word' id='word_1_610' title='bbox 1995 3583 2162 3628; x_wconf 86' lang='lat' dir='ltr'><strong>esset.</strong></span> <span class='ocrx_word' id='word_1_611' title='bbox 2201 3575 2244 3627; x_wconf 84' lang='lat' dir='ltr'><strong>si</strong></span> <span class='ocrx_word' id='word_1_612' title='bbox 2280 3575 2369 3627; x_wconf 89' lang='lat' dir='ltr'><strong>tali</strong></span> <span class='ocrx_word' id='word_1_613' title='bbox 2407 3574 2688 3644; x_wconf 87' lang='lat' dir='ltr'><strong>bypotbesi</strong></span> <span class='ocrx_word' id='word_1_614' title='bbox 2722 3585 3020 3629; x_wconf 89' lang='lat' dir='ltr'><strong>uterentur.</strong></span> <span class='ocrx_word' id='word_1_615' title='bbox 3054 3574 3161 3630; x_wconf 86' lang='lat' dir='ltr'><strong>Sed</strong></span> <span class='ocrx_word' id='word_1_616' title='bbox 3200 3575 3358 3629; x_wconf 81' lang='lat' dir='ltr'><strong>facile</strong></span> <span class='ocrx_word' id='word_1_617' title='bbox 3390 3592 3576 3629; x_wconf 73' lang='lat' dir='ltr'><strong>rursus</strong></span> 
     </span>
    </p>
   </div>
   <div class='ocr_carea' id='block_1_81' title="bbox 1999 3665 3579 3737">
    <p class='ocr_par' dir='ltr' id='par_1_81' title="bbox 1999 3665 3579 3737">
     <span class='ocr_line' id='line_1_81' title="bbox 1999 3665 3579 3737; baseline 0.002 -20"><span class='ocrx_word' id='word_1_618' title='bbox 1999 3667 2078 3719; x_wconf 84' lang='lat' dir='ltr'><strong>sic</strong></span> <span class='ocrx_word' id='word_1_619' title='bbox 2123 3665 2525 3733; x_wconf 80' lang='lat' dir='ltr'><strong>redarguuntur</strong></span> <span class='ocrx_word' id='word_1_620' title='bbox 2560 3686 2572 3719; x_wconf 89' lang='lat'><strong>:</strong></span> <span class='ocrx_word' id='word_1_621' title='bbox 2628 3666 2908 3731; x_wconf 87' lang='lat' dir='ltr'><strong>Quomodo</strong></span> <span class='ocrx_word' id='word_1_622' title='bbox 2944 3668 3086 3721; x_wconf 88' lang='lat' dir='ltr'><strong>enim</strong></span> <span class='ocrx_word' id='word_1_623' title='bbox 3127 3678 3350 3736; x_wconf 88' lang='lat' dir='ltr'><strong>possunt</strong></span> <span class='ocrx_word' id='word_1_624' title='bbox 3388 3683 3579 3737; x_wconf 83' lang='lat' dir='ltr'><strong>corpo-</strong></span> 
     </span>
    </p>
   </div>
   <div class='ocr_carea' id='block_1_82' title="bbox 1999 3755 3577 3824">
    <p class='ocr_par' dir='ltr' id='par_1_82' title="bbox 1999 3755 3577 3824">
     <span class='ocr_line' id='line_1_82' title="bbox 1999 3755 3577 3824; baseline 0.001 -15"><span class='ocrx_word' id='word_1_625' title='bbox 1999 3772 2116 3809; x_wconf 90' lang='lat' dir='ltr'><strong>rum</strong></span> <span class='ocrx_word' id='word_1_626' title='bbox 2151 3755 2393 3824; x_wconf 88' lang='lat' dir='ltr'><strong>ejusdem</strong></span> <span class='ocrx_word' id='word_1_627' title='bbox 2438 3758 2777 3819; x_wconf 70' lang='lat' dir='ltr'><strong>substantim,</strong></span> <span class='ocrx_word' id='word_1_628' title='bbox 2817 3759 2933 3812; x_wconf 64' lang='lat' dir='ltr'><strong>duae</strong></span> <span class='ocrx_word' id='word_1_629' title='bbox 2962 3759 3251 3813; x_wconf 72' lang='lat' dir='ltr'><strong>contraria:</strong></span> <span class='ocrx_word' id='word_1_630' title='bbox 3279 3769 3484 3811; x_wconf 64' lang='lat' dir='ltr'><strong>naturae</strong></span> <span class='ocrx_word' id='word_1_631' title='bbox 3510 3761 3577 3811; x_wconf 90' lang='lat' dir='ltr'><strong>ab</strong></span> 
     </span>
    </p>
   </div>
   <div class='ocr_carea' id='block_1_83' title="bbox 1996 3849 3577 3918">
    <p class='ocr_par' dir='ltr' id='par_1_83' title="bbox 1996 3849 3577 3918">
     <span class='ocr_line' id='line_1_83' title="bbox 1996 3849 3577 3918; baseline 0 -16"><span class='ocrx_word' id='word_1_632' title='bbox 1996 3849 2183 3903; x_wconf 86' lang='lat' dir='ltr'><strong>eadem</strong></span> <span class='ocrx_word' id='word_1_633' title='bbox 2232 3850 2529 3903; x_wconf 85' lang='lat' dir='ltr'><strong>substantia</strong></span> <span class='ocrx_word' id='word_1_634' title='bbox 2575 3850 2893 3912; x_wconf 83' lang='lat' dir='ltr'><strong>subsistere,</strong></span> <span class='ocrx_word' id='word_1_635' title='bbox 2931 3851 3231 3918; x_wconf 88' lang='lat' dir='ltr'><strong>eademque</strong></span> <span class='ocrx_word' id='word_1_636' title='bbox 3280 3849 3577 3902; x_wconf 74' lang='lat' dir='ltr'><strong>substantia</strong></span> 
     </span>
    </p>
   </div>
   <div class='ocr_carea' id='block_1_84' title="bbox 2000 3939 3579 4010">
    <p class='ocr_par' dir='ltr' id='par_1_84' title="bbox 2000 3939 3579 4010">
     <span class='ocr_line' id='line_1_84' title="bbox 2000 3939 3579 4010; baseline 0.001 -17"><span class='ocrx_word' id='word_1_637' title='bbox 2000 3939 2052 3993; x_wconf 88' lang='lat' dir='ltr'><strong>itt</strong></span> <span class='ocrx_word' id='word_1_638' title='bbox 2109 3951 2333 3995; x_wconf 87' lang='lat' dir='ltr'><strong>naturas</strong></span> <span class='ocrx_word' id='word_1_639' title='bbox 2370 3942 2503 3995; x_wconf 84' lang='lat' dir='ltr'><strong>duas</strong></span> <span class='ocrx_word' id='word_1_640' title='bbox 2553 3940 2753 4003; x_wconf 81' lang='lat' dir='ltr'><strong>dividi,</strong></span> <span class='ocrx_word' id='word_1_641' title='bbox 2805 3950 2860 3993; x_wconf 92' lang='lat' dir='ltr'><strong>III</strong></span> <span class='ocrx_word' id='word_1_642' title='bbox 2912 3942 3026 3995; x_wconf 50' lang='lat' dir='ltr'><strong>huic</strong></span> <span class='ocrx_word' id='word_1_643' title='bbox 3075 3955 3198 4010; x_wconf 81' lang='lat' dir='ltr'><strong>pars</strong></span> <span class='ocrx_word' id='word_1_644' title='bbox 3249 3940 3318 3993; x_wconf 84' lang='lat' dir='ltr'><strong>sit</strong></span> <span class='ocrx_word' id='word_1_645' title='bbox 3366 3955 3579 4007; x_wconf 87' lang='lat' dir='ltr'><strong>seu-per</strong></span> 
     </span>
    </p>
   </div>
   <div class='ocr_carea' id='block_1_85' title="bbox 2002 4030 3577 4100">
    <p class='ocr_par' dir='ltr' id='par_1_85' title="bbox 2002 4030 3577 4100">
     <span class='ocr_line' id='line_1_85' title="bbox 2002 4030 3577 4100; baseline 0 -17"><span class='ocrx_word' id='word_1_646' title='bbox 2002 4030 2161 4094; x_wconf 87' lang='lat' dir='ltr'><strong>mala,</strong></span> <span class='ocrx_word' id='word_1_647' title='bbox 2199 4030 2366 4085; x_wconf 88' lang='lat' dir='ltr'><strong>altera</strong></span> <span class='ocrx_word' id='word_1_648' title='bbox 2397 4046 2524 4084; x_wconf 85' lang='lat' dir='ltr'><strong>vero</strong></span> <span class='ocrx_word' id='word_1_649' title='bbox 2558 4044 2774 4100; x_wconf 87' lang='lat' dir='ltr'><strong>semper</strong></span> <span class='ocrx_word' id='word_1_650' title='bbox 2820 4032 2989 4092; x_wconf 85' lang='lat' dir='ltr'><strong>bona;</strong></span> <span class='ocrx_word' id='word_1_651' title='bbox 3033 4042 3087 4085; x_wconf 87' lang='lat' dir='ltr'><strong>et</strong></span> <span class='ocrx_word' id='word_1_652' title='bbox 3135 4040 3193 4086; x_wconf 90' lang='lat' dir='ltr'><strong>ut</strong></span> <span class='ocrx_word' id='word_1_653' title='bbox 3225 4046 3284 4086; x_wconf 90' lang='lat' dir='ltr'><strong>se</strong></span> <span class='ocrx_word' id='word_1_654' title='bbox 3335 4030 3577 4098; x_wconf 79' lang='lat' dir='ltr'><strong>recipere</strong></span> 
     </span>
    </p>
   </div>
   <div class='ocr_carea' id='block_1_86' title="bbox 2004 4120 3576 4192">
    <p class='ocr_par' dir='ltr' id='par_1_86' title="bbox 2004 4120 3576 4192">
     <span class='ocr_line' id='line_1_86' title="bbox 2004 4120 3576 4192; baseline 0 -19"><span class='ocrx_word' id='word_1_655' title='bbox 2004 4135 2106 4173; x_wconf 89' lang='lat' dir='ltr'><strong>non</strong></span> <span class='ocrx_word' id='word_1_656' title='bbox 2133 4120 2368 4188; x_wconf 85' lang='lat' dir='ltr'><strong>possint,</strong></span> <span class='ocrx_word' id='word_1_657' title='bbox 2399 4137 2583 4175; x_wconf 86' lang='lat' dir='ltr'><strong>secum</strong></span> <span class='ocrx_word' id='word_1_658' title='bbox 2617 4131 2874 4192; x_wconf 78' lang='lat' dir='ltr'><strong>pugnent,</strong></span> <span class='ocrx_word' id='word_1_659' title='bbox 2909 4138 2936 4174; x_wconf 89' lang='lat' dir='ltr'><strong>a</strong></span> <span class='ocrx_word' id='word_1_660' title='bbox 2979 4138 3037 4176; x_wconf 85' lang='lat' dir='ltr'><strong>se</strong></span> <span class='ocrx_word' id='word_1_661' title='bbox 3065 4121 3355 4187; x_wconf 87' lang='lat' dir='ltr'><strong>intereant,</strong></span> <span class='ocrx_word' id='word_1_662' title='bbox 3395 4123 3447 4175; x_wconf 91' lang='lat' dir='ltr'><strong>in</strong></span> <span class='ocrx_word' id='word_1_663' title='bbox 3479 4137 3576 4175; x_wconf 91' lang='lat' dir='ltr'><strong>usn</strong></span> 
     </span>
    </p>
   </div>
   <div class='ocr_carea' id='block_1_87' title="bbox 2004 4212 3579 4279">
    <p class='ocr_par' dir='ltr' id='par_1_87' title="bbox 2004 4212 3579 4279">
     <span class='ocr_line' id='line_1_87' title="bbox 2004 4212 3579 4279; baseline 0 -14"><span class='ocrx_word' id='word_1_664' title='bbox 2004 4221 2169 4277; x_wconf 82' lang='lat' dir='ltr'><strong>atque</strong></span> <span class='ocrx_word' id='word_1_665' title='bbox 2218 4212 2610 4267; x_wconf 79' lang='lat' dir='ltr'><strong>exercitatione</strong></span> <span class='ocrx_word' id='word_1_666' title='bbox 2665 4228 2726 4268; x_wconf 89' lang='lat' dir='ltr'><strong>se</strong></span> <span class='ocrx_word' id='word_1_667' title='bbox 2791 4214 3136 4277; x_wconf 84' lang='lat' dir='ltr'><strong>interimant,</strong></span> <span class='ocrx_word' id='word_1_668' title='bbox 3198 4230 3320 4265; x_wconf 87' lang='lat' dir='ltr'><strong>cum</strong></span> <span class='ocrx_word' id='word_1_669' title='bbox 3377 4213 3579 4279; x_wconf 77' lang='lat' dir='ltr'><strong>alioqui</strong></span> 
     </span>
    </p>
   </div>
   <div class='ocr_carea' id='block_1_88' title="bbox 2003 4300 3582 4373">
    <p class='ocr_par' dir='ltr' id='par_1_88' title="bbox 2003 4300 3582 4373">
     <span class='ocr_line' id='line_1_88' title="bbox 2003 4300 3582 4373; baseline -0.001 -20"><span class='ocrx_word' id='word_1_670' title='bbox 2003 4300 2301 4355; x_wconf 83' lang='lat' dir='ltr'><strong>substantia</strong></span> <span class='ocrx_word' id='word_1_671' title='bbox 2356 4314 2629 4370; x_wconf 76' lang='lat' dir='ltr'><strong>nunquam</strong></span> <span class='ocrx_word' id='word_1_672' title='bbox 2677 4318 2862 4357; x_wconf 84' lang='lat' dir='ltr'><strong>secum</strong></span> <span class='ocrx_word' id='word_1_673' title='bbox 2919 4314 3138 4373; x_wconf 80' lang='lat' dir='ltr'><strong>pugnet,</strong></span> <span class='ocrx_word' id='word_1_674' title='bbox 3184 4318 3347 4370; x_wconf 83' lang='lat' dir='ltr'><strong>seque</strong></span> <span class='ocrx_word' id='word_1_675' title='bbox 3392 4303 3582 4355; x_wconf 84' lang='lat' dir='ltr'><strong>tollat?</strong></span> 
     </span>
    </p>
   </div>
   <div class='ocr_carea' id='block_1_89' title="bbox 2005 4390 3583 4465">
    <p class='ocr_par' dir='ltr' id='par_1_89' title="bbox 2005 4390 3583 4465">
     <span class='ocr_line' id='line_1_89' title="bbox 2005 4390 3583 4465; baseline 0 -20"><span class='ocrx_word' id='word_1_676' title='bbox 2005 4390 2060 4445; x_wconf 89' lang='lat' dir='ltr'><strong>Si</strong></span> <span class='ocrx_word' id='word_1_677' title='bbox 2091 4391 2214 4445; x_wconf 85' lang='lat' dir='ltr'><strong>talia</strong></span> <span class='ocrx_word' id='word_1_678' title='bbox 2254 4392 2613 4461; x_wconf 88' lang='lat' dir='ltr'><strong>iuquirantur,</strong></span> <span class='ocrx_word' id='word_1_679' title='bbox 2662 4410 2847 4450; x_wconf 88' lang='lat' dir='ltr'><strong>rursus</strong></span> <span class='ocrx_word' id='word_1_680' title='bbox 2878 4396 3119 4465; x_wconf 90' lang='lat' dir='ltr'><strong>ipsorum</strong></span> <span class='ocrx_word' id='word_1_681' title='bbox 3156 4396 3382 4465; x_wconf 69' lang='lat' dir='ltr'><strong>qumstio</strong></span> <span class='ocrx_word' id='word_1_682' title='bbox 3413 4410 3583 4465; x_wconf 72' lang='lat' dir='ltr'><strong>nuga-</strong></span> 
     </span>
    </p>
   </div>
   <div class='ocr_carea' id='block_1_90' title="bbox 2008 4483 2750 4555">
    <p class='ocr_par' dir='ltr' id='par_1_90' title="bbox 2008 4483 2750 4555">
     <span class='ocr_line' id='line_1_90' title="bbox 2008 4483 2750 4555; baseline 0.009 -20"><span class='ocrx_word' id='word_1_683' title='bbox 2008 4483 2143 4535; x_wconf 88' lang='lat' dir='ltr'><strong>toria</strong></span> <span class='ocrx_word' id='word_1_684' title='bbox 2176 4493 2229 4537; x_wconf 91' lang='lat' dir='ltr'><strong>et</strong></span> <span class='ocrx_word' id='word_1_685' title='bbox 2258 4485 2405 4538; x_wconf 81' lang='lat' dir='ltr'><strong>fatua</strong></span> <span class='ocrx_word' id='word_1_686' title='bbox 2452 4488 2750 4555; x_wconf 85' lang='lat' dir='ltr'><strong>apparebit.</strong></span> 
     </span>
    </p>
   </div>
   <div class='ocr_carea' id='block_1_91' title="bbox 1223 4574 2672 4647">
    <p class='ocr_par' dir='ltr' id='par_1_91' title="bbox 1223 4574 2672 4647">
     <span class='ocr_line' id='line_1_91' title="bbox 1223 4574 2672 4647; baseline 0.001 -16"><span class='ocrx_word' id='word_1_687' title='bbox 1223 4577 1352 4632; x_wconf 78' lang='lat' dir='ltr'><strong>CAP.</strong></span> <span class='ocrx_word' id='word_1_688' title='bbox 1383 4576 1517 4631; x_wconf 84' lang='lat' dir='ltr'>VIII.</span> <span class='ocrx_word' id='word_1_689' title='bbox 1550 4574 1699 4630; x_wconf 83' lang='lat' dir='ltr'><strong>Idem</strong></span> <span class='ocrx_word' id='word_1_690' title='bbox 1727 4586 2086 4644; x_wconf 57' lang='lat' dir='ltr'><strong>argumenfum</strong></span> <span class='ocrx_word' id='word_1_691' title='bbox 2118 4578 2443 4647; x_wconf 73' lang='lat' dir='ltr'><strong>persequitur</strong></span> <span class='ocrx_word' id='word_1_692' title='bbox 2468 4592 2672 4633; x_wconf 81' lang='lat' dir='ltr'><strong>auclor.</strong></span> 
     </span>
    </p>
   </div>
   <div class='ocr_carea' id='block_1_92' title="bbox 387 4664 1907 4741">
    <p class='ocr_par' dir='ltr' id='par_1_92' title="bbox 387 4664 1906 4741">
     <span class='ocr_line' id='line_1_92' title="bbox 387 4664 1906 4741; baseline -0.005 -17"><span class='ocrx_word' id='word_1_693' title='bbox 387 4672 451 4724; x_wconf 84' lang='lat' dir='ltr'><strong>Ei</strong></span> <span class='ocrx_word' id='word_1_694' title='bbox 475 4670 533 4723; x_wconf 83' lang='grc' dir='ltr'><strong>δὲ</strong></span> <span class='ocrx_word' id='word_1_695' title='bbox 566 4669 636 4724; x_wconf 84' lang='grc' dir='ltr'>τὰ</span> <span class='ocrx_word' id='word_1_696' title='bbox 656 4669 762 4741; x_wconf 85' lang='grc' dir='ltr'>μὲν.</span> <span class='ocrx_word' id='word_1_697' title='bbox 782 4668 1008 4741; x_wconf 83' lang='grc' dir='ltr'>σώματα</span> <span class='ocrx_word' id='word_1_698' title='bbox 1029 4668 1129 4738; x_wconf 86' lang='grc' dir='ltr'><strong>οὑχ</strong></span> <span class='ocrx_word' id='word_1_699' title='bbox 1149 4667 1320 4732; x_wconf 78' lang='grc' dir='ltr'>οὑτως</span> <span class='ocrx_word' id='word_1_700' title='bbox 1361 4667 1530 4731; x_wconf 79' lang='grc' dir='ltr'>ἐστὶν,</span> <span class='ocrx_word' id='word_1_701' title='bbox 1554 4666 1673 4720; x_wconf 87' lang='grc' dir='ltr'><strong>οὑδὲ</strong></span> <span class='ocrx_word' id='word_1_702' title='bbox 1705 4664 1773 4719; x_wconf 75' lang='grc' dir='ltr'>τὰ</span> <span class='ocrx_word' id='word_1_703' title='bbox 1808 4666 1906 4734; x_wconf 85' lang='grc' dir='ltr'><strong>μὲν</strong></span> 
     </span>
    </p>
   </div>
   <div class='ocr_carea' id='block_1_93' title="bbox 1993 4664 3579 4741">
    <p class='ocr_par' dir='ltr' id='par_1_93' title="bbox 2081 4666 3579 4739">
     <span class='ocr_line' id='line_1_93' title="bbox 2081 4666 3579 4739; baseline -0.001 -19"><span class='ocrx_word' id='word_1_704' title='bbox 2081 4666 2176 4720; x_wconf 91' lang='lat' dir='ltr'><strong>Sin</strong></span> <span class='ocrx_word' id='word_1_705' title='bbox 2219 4681 2347 4721; x_wconf 81' lang='lat' dir='ltr'><strong>vero</strong></span> <span class='ocrx_word' id='word_1_706' title='bbox 2386 4683 2495 4722; x_wconf 87' lang='lat' dir='ltr'><strong>non</strong></span> <span class='ocrx_word' id='word_1_707' title='bbox 2524 4670 2602 4723; x_wconf 87' lang='lat' dir='ltr'><strong>sic</strong></span> <span class='ocrx_word' id='word_1_708' title='bbox 2637 4679 2765 4725; x_wconf 85' lang='lat' dir='ltr'><strong>sunt.</strong></span> <span class='ocrx_word' id='word_1_709' title='bbox 2803 4685 3054 4739; x_wconf 84' lang='lat' dir='ltr'><strong>corpora,</strong></span> <span class='ocrx_word' id='word_1_710' title='bbox 3091 4686 3188 4725; x_wconf 85' lang='lat' dir='ltr'><strong>nec</strong></span> <span class='ocrx_word' id='word_1_711' title='bbox 3223 4670 3325 4722; x_wconf 88' lang='lat' dir='ltr'><strong>alia</strong></span> <span class='ocrx_word' id='word_1_712' title='bbox 3363 4669 3579 4737; x_wconf 84' lang='lat' dir='ltr'><strong>quidem</strong></span> 
     </span>
    </p>
   </div>
   <div class='ocr_carea' id='block_1_94' title="bbox 318 4757 1898 4835">
    <p class='ocr_par' dir='ltr' id='par_1_94' title="bbox 318 4757 1898 4835">
     <span class='ocr_line' id='line_1_94' title="bbox 318 4757 1898 4835; baseline -0.004 -19"><span class='ocrx_word' id='word_1_713' title='bbox 318 4763 407 4817; x_wconf 78' lang='grc' dir='ltr'>ἀεί</span> <span class='ocrx_word' id='word_1_714' title='bbox 436 4765 551 4816; x_wconf 78' lang='grc' dir='ltr'>ἐστι</span> <span class='ocrx_word' id='word_1_715' title='bbox 581 4761 856 4835; x_wconf 67' lang='grc' dir='ltr'>σώφρονα,</span> <span class='ocrx_word' id='word_1_716' title='bbox 892 4760 961 4814; x_wconf 83' lang='grc' dir='ltr'>τὰ</span> <span class='ocrx_word' id='word_1_717' title='bbox 989 4761 1046 4814; x_wconf 81' lang='grc' dir='ltr'><strong>δὲ</strong></span> <span class='ocrx_word' id='word_1_718' title='bbox 1081 4761 1168 4813; x_wconf 77' lang='grc' dir='ltr'>ἀεὶ</span> <span class='ocrx_word' id='word_1_719' title='bbox 1199 4760 1418 4831; x_wconf 74' lang='grc' dir='ltr'>ῥᾴθυμα</span> <span class='ocrx_word' id='word_1_720' title='bbox 1444 4776 1457 4791; x_wconf 76' lang='grc' dir='ltr'><strong>ο</strong></span> <span class='ocrx_word' id='word_1_721' title='bbox 1494 4758 1630 4812; x_wconf 82' lang='grc' dir='ltr'><strong>ἀλλὰ</strong></span> <span class='ocrx_word' id='word_1_722' title='bbox 1655 4757 1772 4820; x_wconf 84' lang='grc' dir='ltr'>δέος</span> <span class='ocrx_word' id='word_1_723' title='bbox 1802 4757 1898 4828; x_wconf 85' lang='grc' dir='ltr'>μὲν</span> 
     </span>
    </p>
   </div>
   <div class='ocr_carea' id='block_1_95' title="bbox 319 4850 1902 4924">
    <p class='ocr_par' dir='ltr' id='par_1_95' title="bbox 319 4850 1902 4924">
     <span class='ocr_line' id='line_1_95' title="bbox 319 4850 1902 4924; baseline -0.002 -19"><span class='ocrx_word' id='word_1_724' title='bbox 319 4853 437 4906; x_wconf 80' lang='grc' dir='ltr'>ἔστι.</span> <span class='ocrx_word' id='word_1_725' title='bbox 462 4853 712 4924; x_wconf 83' lang='grc' dir='ltr'>περὶτῶν</span> <span class='ocrx_word' id='word_1_726' title='bbox 738 4852 1051 4924; x_wconf 79' lang='grc' dir='ltr'>σωφρόνων,</span> <span class='ocrx_word' id='word_1_727' title='bbox 1082 4852 1291 4922; x_wconf 81' lang='grc' dir='ltr'>μήποτε</span> <span class='ocrx_word' id='word_1_728' title='bbox 1321 4851 1747 4923; x_wconf 72' lang='grc' dir='ltr'>ρᾳθυμήσωσι...</span> <span class='ocrx_word' id='word_1_729' title='bbox 1780 4850 1902 4920; x_wconf 80' lang='grc' dir='ltr'>ἡρέ-</span> 
     </span>
    </p>
   </div>
   <div class='ocr_carea' id='block_1_96' title="bbox 319 4941 1900 5017">
    <p class='ocr_par' dir='ltr' id='par_1_96' title="bbox 319 4941 1900 5017">
     <span class='ocr_line' id='line_1_96' title="bbox 319 4941 1900 5017; baseline -0.004 -19"><span class='ocrx_word' id='word_1_730' title='bbox 319 4945 411 5016; x_wconf 83' lang='grc' dir='ltr'><strong>θη,</strong></span> <span class='ocrx_word' id='word_1_731' title='bbox 448 4945 540 4999; x_wconf 75' lang='grc' dir='ltr'>καὶ</span> <span class='ocrx_word' id='word_1_732' title='bbox 575 4946 734 5017; x_wconf 66' lang='grc' dir='ltr'>πάθει</span> <span class='ocrx_word' id='word_1_733' title='bbox 769 4944 1064 5015; x_wconf 76' lang='grc' dir='ltr'>ἐπιθυμίας</span> <span class='ocrx_word' id='word_1_734' title='bbox 1100 4943 1473 5014; x_wconf 83' lang='grc' dir='ltr'>συμπέποται.</span> <span class='ocrx_word' id='word_1_735' title='bbox 1498 4943 1688 5005; x_wconf 71' lang='grc' dir='ltr'>Ἐλπὶς</span> <span class='ocrx_word' id='word_1_736' title='bbox 1720 4941 1776 4994; x_wconf 89' lang='grc' dir='ltr'><strong>δὲ</strong></span> <span class='ocrx_word' id='word_1_737' title='bbox 1803 4941 1900 4994; x_wconf 64' lang='grc' dir='ltr'><strong>καὶ</strong></span> 
     </span>
    </p>
   </div>
   <div class='ocr_carea' id='block_1_97' title="bbox 322 5034 1901 5108">
    <p class='ocr_par' dir='ltr' id='par_1_97' title="bbox 322 5034 1901 5108">
     <span class='ocr_line' id='line_1_97' title="bbox 322 5034 1901 5108; baseline -0.002 -19"><span class='ocrx_word' id='word_1_738' title='bbox 322 5037 581 5108; x_wconf 77' lang='grc' dir='ltr'>περὶτῶν</span> <span class='ocrx_word' id='word_1_739' title='bbox 600 5037 811 5105; x_wconf 78' lang='grc' dir='ltr'>λάγνων</span> <span class='ocrx_word' id='word_1_740' title='bbox 849 5038 944 5091; x_wconf 78' lang='grc' dir='ltr'><strong>καὶ</strong></span> <span class='ocrx_word' id='word_1_741' title='bbox 968 5037 1280 5091; x_wconf 76' lang='grc' dir='ltr'>ἀκολάστων</span> <span class='ocrx_word' id='word_1_742' title='bbox 1306 5036 1595 5106; x_wconf 82' lang='grc' dir='ltr'>σωμάτων,</span> <span class='ocrx_word' id='word_1_743' title='bbox 1638 5035 1758 5088; x_wconf 79' lang='grc' dir='ltr'>ἐπεὶ</span> <span class='ocrx_word' id='word_1_744' title='bbox 1779 5034 1901 5087; x_wconf 88' lang='grc' dir='ltr'>πολ-</span> 
     </span>
    </p>
   </div>
   <div class='ocr_carea' id='block_1_98' title="bbox 322 5126 1903 5201">
    <p class='ocr_par' dir='ltr' id='par_1_98' title="bbox 322 5126 1903 5201">
     <span class='ocr_line' id='line_1_98' title="bbox 322 5126 1903 5201; baseline -0.003 -19"><span class='ocrx_word' id='word_1_745' title='bbox 322 5128 393 5182; x_wconf 84' lang='grc' dir='ltr'><strong>λὰ</strong></span> <span class='ocrx_word' id='word_1_746' title='bbox 434 5128 544 5181; x_wconf 88' lang='grc' dir='ltr'><strong>τῶν</strong></span> <span class='ocrx_word' id='word_1_747' title='bbox 581 5128 681 5199; x_wconf 72' lang='grc' dir='ltr'><strong>ἢδη</strong></span> <span class='ocrx_word' id='word_1_748' title='bbox 718 5128 1149 5201; x_wconf 76' lang='grc' dir='ltr'>ῥᾳθυμησάντων</span> <span class='ocrx_word' id='word_1_749' title='bbox 1197 5130 1487 5198; x_wconf 77' lang='grc' dir='ltr'>σωμάτιον,</span> <span class='ocrx_word' id='word_1_750' title='bbox 1538 5126 1793 5180; x_wconf 81' lang='grc' dir='ltr'>τοσοῦτον</span> <span class='ocrx_word' id='word_1_751' title='bbox 1825 5128 1903 5189; x_wconf 81' lang='grc' dir='ltr'>εἰς</span> 
     </span>
    </p>
   </div>
   <div class='ocr_carea' id='block_1_99' title="bbox 326 5216 1969 5293">
    <p class='ocr_par' dir='ltr' id='par_1_99' title="bbox 326 5216 1969 5293">
     <span class='ocr_line' id='line_1_99' title="bbox 326 5216 1969 5293; baseline 0.016 -18"><span class='ocrx_word' id='word_1_752' title='bbox 326 5220 680 5293; x_wconf 65' lang='grc' dir='ltr'>σωτοροσύνην</span> <span class='ocrx_word' id='word_1_753' title='bbox 698 5220 1041 5285; x_wconf 67' lang='grc' dir='ltr'>ἐπιδέδωκεν.</span> <span class='ocrx_word' id='word_1_754' title='bbox 1066 5220 1142 5283; x_wconf 77' lang='grc' dir='ltr'><strong>ὡς</strong></span> <span class='ocrx_word' id='word_1_755' title='bbox 1169 5219 1302 5290; x_wconf 72' lang='grc' dir='ltr'><strong>μηδὲ</strong></span> <span class='ocrx_word' id='word_1_756' title='bbox 1325 5222 1525 5291; x_wconf 79' lang='grc' dir='ltr'>σημεῖα</span> <span class='ocrx_word' id='word_1_757' title='bbox 1544 5219 1645 5287; x_wconf 71' lang='grc' dir='ltr'><strong>τῆς</strong></span> <span class='ocrx_word' id='word_1_758' title='bbox 1666 5216 1903 5279; x_wconf 66' lang='grc' dir='ltr'><strong>παλαιᾶς</strong></span> <span class='ocrx_word' id='word_1_759' title='bbox 1952 5222 1969 5229; x_wconf 77' lang='grc'><strong>’</strong></span> 
     </span>
    </p>
   </div>
   <div class='ocr_carea' id='block_1_100' title="bbox 323 5307 1903 5381">
    <p class='ocr_par' dir='ltr' id='par_1_100' title="bbox 323 5307 1903 5381">
     <span class='ocr_line' id='line_1_100' title="bbox 323 5307 1903 5381; baseline -0.004 -15"><span class='ocrx_word' id='word_1_760' title='bbox 323 5310 619 5374; x_wconf 72' lang='grc' dir='ltr'>ἀκολασίας</span> <span class='ocrx_word' id='word_1_761' title='bbox 640 5310 802 5381; x_wconf 74' lang='grc' dir='ltr'>ἔχειν,</span> <span class='ocrx_word' id='word_1_762' title='bbox 834 5310 909 5374; x_wconf 81' lang='grc' dir='ltr'>ὡς</span> <span class='ocrx_word' id='word_1_763' title='bbox 933 5309 1020 5364; x_wconf 68' lang='grc' dir='ltr'><strong>διὰ</strong></span> <span class='ocrx_word' id='word_1_764' title='bbox 1053 5310 1331 5380; x_wconf 75' lang='grc' dir='ltr'>βελτίωςιν</span> <span class='ocrx_word' id='word_1_765' title='bbox 1355 5310 1448 5363; x_wconf 81' lang='grc' dir='ltr'><strong>καὶ</strong></span> <span class='ocrx_word' id='word_1_766' title='bbox 1468 5308 1705 5362; x_wconf 76' lang='grc' dir='ltr'>ἐπίδοσιν</span> <span class='ocrx_word' id='word_1_767' title='bbox 1723 5307 1903 5369; x_wconf 76' lang='grc' dir='ltr'>πλειο-</span> 
     </span>
    </p>
   </div>
   <div class='ocr_carea' id='block_1_101' title="bbox 324 5399 1899 5475">
    <p class='ocr_par' dir='ltr' id='par_1_101' title="bbox 324 5399 1899 5475">
     <span class='ocr_line' id='line_1_101' title="bbox 324 5399 1899 5475; baseline -0.006 -15"><span class='ocrx_word' id='word_1_768' title='bbox 324 5420 415 5471; x_wconf 86' lang='grc' dir='ltr'><strong>να,</strong></span> <span class='ocrx_word' id='word_1_769' title='bbox 440 5404 619 5475; x_wconf 88' lang='grc' dir='ltr'>πάσης</span> <span class='ocrx_word' id='word_1_770' title='bbox 650 5403 859 5475; x_wconf 79' lang='grc' dir='ltr'>ῥυτξδος</span> <span class='ocrx_word' id='word_1_771' title='bbox 889 5401 984 5456; x_wconf 75' lang='grc' dir='ltr'>καὶ</span> <span class='ocrx_word' id='word_1_772' title='bbox 1017 5402 1206 5456; x_wconf 78' lang='grc' dir='ltr'>σπίλον</span> <span class='ocrx_word' id='word_1_773' title='bbox 1236 5400 1329 5455; x_wconf 80' lang='grc' dir='ltr'>τοῦ</span> <span class='ocrx_word' id='word_1_774' title='bbox 1364 5400 1594 5455; x_wconf 85' lang='grc' dir='ltr'>παλαιοῦ</span> <span class='ocrx_word' id='word_1_775' title='bbox 1633 5399 1899 5454; x_wconf 85' lang='grc' dir='ltr'>ἀπολελὺ-</span> 
     </span>
    </p>
   </div>
   <div class='ocr_carea' id='block_1_102' title="bbox 397 5521 887 5589">
    <p class='ocr_par' dir='ltr' id='par_1_102' title="bbox 397 5521 887 5589">
     <span class='ocr_line' id='line_1_102' title="bbox 397 5521 887 5589; baseline -0.004 -11"><span class='ocrx_word' id='word_1_776' title='bbox 397 5525 422 5556; x_wconf 78' lang='grc'><strong>⁴</strong></span> <span class='ocrx_word' id='word_1_777' title='bbox 444 5521 603 5578; x_wconf 81' lang='lat' dir='ltr'><strong>Joan.</strong></span> <span class='ocrx_word' id='word_1_778' title='bbox 652 5537 764 5589; x_wconf 56' lang='grc' dir='ltr'>τιν,</span> <span class='ocrx_word' id='word_1_779' title='bbox 795 5522 887 5577; x_wconf 72' lang='lat'><strong>23.</strong></span> 
     </span>
    </p>
   </div>
   <div class='ocr_carea' id='block_1_103' title="bbox 419 5632 1727 5705">
    <p class='ocr_par' dir='ltr' id='par_1_103' title="bbox 419 5632 1727 5705">
     <span class='ocr_line' id='line_1_103' title="bbox 419 5632 1727 5705; baseline -0.005 -12"><span class='ocrx_word' id='word_1_780' title='bbox 419 5636 473 5705; x_wconf 79' lang='grc' dir='ltr'><strong>ι)</strong></span> <span class='ocrx_word' id='word_1_781' title='bbox 519 5634 600 5705; x_wconf 77' lang='grc' dir='ltr'><strong>Τῇ</strong></span> <span class='ocrx_word' id='word_1_782' title='bbox 623 5635 824 5701; x_wconf 80' lang='grc' dir='ltr'><strong>οὐσίᾳ.</strong></span> <span class='ocrx_word' id='word_1_783' title='bbox 861 5632 985 5687; x_wconf 67' lang='lat' dir='ltr'><strong>Haec</strong></span> <span class='ocrx_word' id='word_1_784' title='bbox 1011 5647 1113 5687; x_wconf 91' lang='lat' dir='ltr'><strong>non</strong></span> <span class='ocrx_word' id='word_1_785' title='bbox 1146 5633 1411 5705; x_wconf 76' lang='lat' dir='ltr'><strong>expressit</strong></span> <span class='ocrx_word' id='word_1_786' title='bbox 1438 5635 1727 5705; x_wconf 83' lang='lat' dir='ltr'><strong>interpres.</strong></span> 
     </span>
    </p>
   </div>
   <div class='ocr_carea' id='block_1_104' title="bbox 394 5636 855 5782">
    <p class='ocr_par' dir='ltr' id='par_1_104' title="bbox 394 5636 855 5782">
     <span class='ocr_line' id='line_1_104' title="bbox 419 5636 824 5705; baseline -0.017 -12"><span class='ocrx_word' id='word_1_787' title='bbox 419 5636 453 5693; x_wconf 78' lang='grc' dir='ltr'>ι</span> <span class='ocrx_word' id='word_1_788' title='bbox 519 5636 600 5705; x_wconf 78' lang='grc' dir='ltr'><strong>Τῇ</strong></span> <span class='ocrx_word' id='word_1_789' title='bbox 623 5636 824 5701; x_wconf 79' lang='grc' dir='ltr'><strong>οὐσίᾳ.</strong></span> 
     </span>
     <span class='ocr_line' id='line_1_105' title="bbox 394 5636 855 5782; baseline -0.009 -21"><span class='ocrx_word' id='word_1_790' title='bbox 394 5636 477 5782; x_wconf 36' lang='lat' dir='ltr'><strong>ibi</strong></span> <span class='ocrx_word' id='word_1_791' title='bbox 514 5705 667 5778; x_wconf 73' lang='lat' dir='ltr'><strong>Legit.</strong></span> <span class='ocrx_word' id='word_1_792' title='bbox 713 5707 855 5759; x_wconf 85' lang='lat' dir='ltr'><strong>inter</strong></span> 
     </span>
    </p>
   </div>
   <div class='ocr_carea' id='block_1_105' title="bbox 2007 4760 3586 4830">
    <p class='ocr_par' dir='ltr' id='par_1_105' title="bbox 2007 4760 3586 4830">
     <span class='ocr_line' id='line_1_106' title="bbox 2007 4760 3586 4830; baseline 0.001 -19"><span class='ocrx_word' id='word_1_793' title='bbox 2007 4772 2220 4825; x_wconf 87' lang='lat' dir='ltr'><strong>semper</strong></span> <span class='ocrx_word' id='word_1_794' title='bbox 2260 4770 2387 4813; x_wconf 90' lang='lat' dir='ltr'><strong>sunt</strong></span> <span class='ocrx_word' id='word_1_795' title='bbox 2418 4760 2470 4811; x_wconf 92' lang='lat' dir='ltr'><strong>in</strong></span> <span class='ocrx_word' id='word_1_796' title='bbox 2494 4760 2695 4814; x_wconf 81' lang='lat' dir='ltr'><strong>virtute</strong></span> <span class='ocrx_word' id='word_1_797' title='bbox 2739 4762 3129 4830; x_wconf 65' lang='lat' dir='ltr'><strong>temperantur,</strong></span> <span class='ocrx_word' id='word_1_798' title='bbox 3162 4761 3264 4813; x_wconf 88' lang='lat' dir='ltr'><strong>alia</strong></span> <span class='ocrx_word' id='word_1_799' title='bbox 3290 4776 3417 4814; x_wconf 77' lang='lat' dir='ltr'><strong>vero</strong></span> <span class='ocrx_word' id='word_1_800' title='bbox 3443 4774 3586 4813; x_wconf 61' lang='lat' dir='ltr'><strong>senu-</strong></span> 
     </span>
    </p>
   </div>
   <div class='ocr_carea' id='block_1_106' title="bbox 2010 4850 3617 4920">
    <p class='ocr_par' dir='ltr' id='par_1_106' title="bbox 2010 4850 3617 4920">
     <span class='ocr_line' id='line_1_107' title="bbox 2010 4850 3617 4920; baseline 0.001 -19"><span class='ocrx_word' id='word_1_801' title='bbox 2010 4864 2103 4917; x_wconf 90' lang='lat' dir='ltr'><strong>per</strong></span> <span class='ocrx_word' id='word_1_802' title='bbox 2138 4850 2188 4902; x_wconf 91' lang='lat' dir='ltr'><strong>in</strong></span> <span class='ocrx_word' id='word_1_803' title='bbox 2226 4850 2479 4920; x_wconf 87' lang='lat' dir='ltr'><strong>pigritia;</strong></span> <span class='ocrx_word' id='word_1_804' title='bbox 2531 4853 2625 4905; x_wconf 85' lang='lat' dir='ltr'><strong>sed</strong></span> <span class='ocrx_word' id='word_1_805' title='bbox 2677 4862 2853 4905; x_wconf 84' lang='lat' dir='ltr'><strong>metus</strong></span> <span class='ocrx_word' id='word_1_806' title='bbox 2905 4863 2989 4907; x_wconf 83' lang='lat' dir='ltr'><strong>est</strong></span> <span class='ocrx_word' id='word_1_807' title='bbox 3027 4854 3092 4904; x_wconf 88' lang='lat' dir='ltr'><strong>de</strong></span> <span class='ocrx_word' id='word_1_808' title='bbox 3131 4851 3579 4918; x_wconf 78' lang='lat' dir='ltr'><strong>tetnperantibus,</strong></span> <span class='ocrx_word' id='word_1_809' title='bbox 3612 4876 3617 4881; x_wconf 59' lang='grc' dir='ltr'><strong>ε</strong></span> 
     </span>
    </p>
   </div>
   <div class='ocr_carea' id='block_1_107' title="bbox 2011 4942 3581 5012">
    <p class='ocr_par' dir='ltr' id='par_1_107' title="bbox 2011 4942 3581 5012">
     <span class='ocr_line' id='line_1_108' title="bbox 2011 4942 3581 5012; baseline 0 -17"><span class='ocrx_word' id='word_1_810' title='bbox 2011 4958 2076 4995; x_wconf 88' lang='lat' dir='ltr'><strong>ne</strong></span> <span class='ocrx_word' id='word_1_811' title='bbox 2107 4945 2324 5011; x_wconf 79' lang='lat' dir='ltr'><strong>quando</strong></span> <span class='ocrx_word' id='word_1_812' title='bbox 2364 4952 2581 5012; x_wconf 83' lang='lat' dir='ltr'><strong>propter</strong></span> <span class='ocrx_word' id='word_1_813' title='bbox 2612 4944 2990 5012; x_wconf 73' lang='lat' dir='ltr'><strong>negligentiam</strong></span> <span class='ocrx_word' id='word_1_814' title='bbox 3026 4952 3326 5012; x_wconf 86' lang='lat' dir='ltr'><strong>temperare</strong></span> <span class='ocrx_word' id='word_1_815' title='bbox 3365 4942 3581 5012; x_wconf 68' lang='lat' dir='ltr'><strong>pigran-</strong></span> 
     </span>
    </p>
   </div>
   <div class='ocr_carea' id='block_1_108' title="bbox 2012 5036 3583 5106">
    <p class='ocr_par' dir='ltr' id='par_1_108' title="bbox 2012 5036 3583 5106">
     <span class='ocr_line' id='line_1_109' title="bbox 2012 5036 3583 5106; baseline 0.001 -18"><span class='ocrx_word' id='word_1_816' title='bbox 2012 5048 2138 5090; x_wconf 91' lang='lat' dir='ltr'><strong>tur:</strong></span> <span class='ocrx_word' id='word_1_817' title='bbox 2174 5036 2335 5089; x_wconf 87' lang='lat' dir='ltr'><strong>multa</strong></span> <span class='ocrx_word' id='word_1_818' title='bbox 2368 5039 2510 5091; x_wconf 89' lang='lat' dir='ltr'><strong>enim</strong></span> <span class='ocrx_word' id='word_1_819' title='bbox 2552 5036 2662 5106; x_wconf 86' lang='lat' dir='ltr'><strong>jam</strong></span> <span class='ocrx_word' id='word_1_820' title='bbox 2708 5053 2937 5105; x_wconf 86' lang='lat' dir='ltr'><strong>corpora</strong></span> <span class='ocrx_word' id='word_1_821' title='bbox 2979 5037 3048 5090; x_wconf 92' lang='lat' dir='ltr'><strong>ob</strong></span> <span class='ocrx_word' id='word_1_822' title='bbox 3090 5038 3344 5091; x_wconf 83' lang='lat' dir='ltr'><strong>virtutem</strong></span> <span class='ocrx_word' id='word_1_823' title='bbox 3378 5047 3583 5103; x_wconf 83' lang='lat' dir='ltr'><strong>tempe-</strong></span> 
     </span>
    </p>
   </div>
   <div class='ocr_carea' id='block_1_109' title="bbox 2008 5126 3580 5193">
    <p class='ocr_par' dir='ltr' id='par_1_109' title="bbox 2008 5126 3580 5193">
     <span class='ocr_line' id='line_1_110' title="bbox 2008 5126 3580 5193; baseline 0.001 -15"><span class='ocrx_word' id='word_1_824' title='bbox 2008 5127 2199 5181; x_wconf 73' lang='lat' dir='ltr'><strong>rantia:</strong></span> <span class='ocrx_word' id='word_1_825' title='bbox 2231 5126 2398 5191; x_wconf 88' lang='lat' dir='ltr'><strong>clara,</strong></span> <span class='ocrx_word' id='word_1_826' title='bbox 2430 5135 2586 5193; x_wconf 84' lang='lat' dir='ltr'><strong>capta</strong></span> <span class='ocrx_word' id='word_1_827' title='bbox 2626 5137 2774 5189; x_wconf 85' lang='lat' dir='ltr'><strong>sunt,</strong></span> <span class='ocrx_word' id='word_1_828' title='bbox 2824 5138 2879 5179; x_wconf 87' lang='lat' dir='ltr'><strong>ct</strong></span> <span class='ocrx_word' id='word_1_829' title='bbox 2920 5143 2982 5181; x_wconf 86' lang='lat' dir='ltr'><strong>ea</strong></span> <span class='ocrx_word' id='word_1_830' title='bbox 3010 5138 3174 5180; x_wconf 83' lang='lat' dir='ltr'><strong>:estns</strong></span> <span class='ocrx_word' id='word_1_831' title='bbox 3210 5126 3449 5181; x_wconf 87' lang='lat' dir='ltr'><strong>libidinis</strong></span> <span class='ocrx_word' id='word_1_832' title='bbox 3481 5128 3580 5180; x_wconf 86' lang='lat' dir='ltr'><strong>ab-</strong></span> 
     </span>
    </p>
   </div>
   <div class='ocr_carea' id='block_1_110' title="bbox 2006 5217 3580 5288">
    <p class='ocr_par' dir='ltr' id='par_1_110' title="bbox 2006 5217 3580 5288">
     <span class='ocr_line' id='line_1_111' title="bbox 2006 5217 3580 5288; baseline -0.001 -16"><span class='ocrx_word' id='word_1_833' title='bbox 2006 5220 2232 5273; x_wconf 85' lang='lat' dir='ltr'><strong>sorbuit.</strong></span> <span class='ocrx_word' id='word_1_834' title='bbox 2268 5217 2374 5271; x_wconf 85' lang='lat' dir='ltr'><strong>Sed</strong></span> <span class='ocrx_word' id='word_1_835' title='bbox 2405 5233 2591 5274; x_wconf 89' lang='lat' dir='ltr'><strong>rursus</strong></span> <span class='ocrx_word' id='word_1_836' title='bbox 2618 5233 2742 5288; x_wconf 73' lang='lat' dir='ltr'><strong>Spes</strong></span> <span class='ocrx_word' id='word_1_837' title='bbox 2773 5230 2856 5273; x_wconf 87' lang='lat' dir='ltr'><strong>est</strong></span> <span class='ocrx_word' id='word_1_838' title='bbox 2888 5220 2954 5273; x_wconf 85' lang='lat' dir='ltr'><strong>de</strong></span> <span class='ocrx_word' id='word_1_839' title='bbox 2986 5218 3271 5287; x_wconf 84' lang='lat' dir='ltr'><strong>impudicis</strong></span> <span class='ocrx_word' id='word_1_840' title='bbox 3311 5229 3366 5273; x_wconf 89' lang='lat' dir='ltr'><strong>et</strong></span> <span class='ocrx_word' id='word_1_841' title='bbox 3396 5218 3580 5273; x_wconf 84' lang='lat' dir='ltr'><strong>libidi-</strong></span> 
     </span>
    </p>
   </div>
   <div class='ocr_carea' id='block_1_111' title="bbox 2007 5309 3579 5380">
    <p class='ocr_par' dir='ltr' id='par_1_111' title="bbox 2007 5309 3579 5380">
     <span class='ocr_line' id='line_1_112' title="bbox 2007 5309 3579 5380; baseline 0.003 -19"><span class='ocrx_word' id='word_1_842' title='bbox 2007 5310 2152 5363; x_wconf 85' lang='lat' dir='ltr'><strong>nosis</strong></span> <span class='ocrx_word' id='word_1_843' title='bbox 2200 5311 2514 5378; x_wconf 78' lang='lat' dir='ltr'><strong>corporibus</strong></span> <span class='ocrx_word' id='word_1_844' title='bbox 2558 5328 2571 5363; x_wconf 92' lang='lat'>:</span> <span class='ocrx_word' id='word_1_845' title='bbox 2616 5309 2884 5379; x_wconf 86' lang='lat' dir='ltr'><strong>siquidem</strong></span> <span class='ocrx_word' id='word_1_846' title='bbox 2950 5310 3113 5363; x_wconf 88' lang='lat' dir='ltr'><strong>multa</strong></span> <span class='ocrx_word' id='word_1_847' title='bbox 3178 5309 3289 5378; x_wconf 85' lang='lat' dir='ltr'><strong>jam</strong></span> <span class='ocrx_word' id='word_1_848' title='bbox 3344 5325 3465 5380; x_wconf 61' lang='lat' dir='ltr'><strong>quae</strong></span> <span class='ocrx_word' id='word_1_849' title='bbox 3524 5310 3579 5366; x_wconf 89' lang='lat' dir='ltr'><strong>in</strong></span> 
     </span>
    </p>
   </div>
   <div class='ocr_carea' id='block_1_112' title="bbox 2006 5400 3583 5474">
    <p class='ocr_par' dir='ltr' id='par_1_112' title="bbox 2006 5400 3583 5474">
     <span class='ocr_line' id='line_1_113' title="bbox 2006 5400 3583 5474; baseline 0.005 -22"><span class='ocrx_word' id='word_1_850' title='bbox 2006 5400 2220 5470; x_wconf 78' lang='lat' dir='ltr'><strong>pigritia</strong></span> <span class='ocrx_word' id='word_1_851' title='bbox 2270 5410 2325 5455; x_wconf 90' lang='lat' dir='ltr'><strong>et</strong></span> <span class='ocrx_word' id='word_1_852' title='bbox 2378 5402 2585 5472; x_wconf 79' lang='lat' dir='ltr'><strong>ignavia</strong></span> <span class='ocrx_word' id='word_1_853' title='bbox 2642 5402 2881 5468; x_wconf 78' lang='lat' dir='ltr'><strong>ruerunt,</strong></span> <span class='ocrx_word' id='word_1_854' title='bbox 2938 5410 3119 5457; x_wconf 87' lang='lat' dir='ltr'><strong>tantos</strong></span> <span class='ocrx_word' id='word_1_855' title='bbox 3163 5415 3479 5474; x_wconf 76' lang='lat' dir='ltr'><strong>progressus</strong></span> <span class='ocrx_word' id='word_1_856' title='bbox 3524 5404 3583 5460; x_wconf 77' lang='lat' dir='ltr'><strong>in</strong></span> 
     </span>
    </p>
   </div>
   <div class='ocr_carea' id='block_1_113' title="bbox 962 5519 2537 5588">
    <p class='ocr_par' dir='ltr' id='par_1_113' title="bbox 962 5519 2537 5588">
     <span class='ocr_line' id='line_1_114' title="bbox 962 5519 2537 5588; baseline 0.001 -12"><span class='ocrx_word' id='word_1_857' title='bbox 962 5522 985 5553; x_wconf 83' lang='lat'><strong>&#39;</strong></span> <span class='ocrx_word' id='word_1_858' title='bbox 1015 5521 1032 5576; x_wconf 94' lang='lat' dir='ltr'><strong>I</strong></span> <span class='ocrx_word' id='word_1_859' title='bbox 1061 5519 1189 5577; x_wconf 85' lang='lat' dir='ltr'><strong>Cor.</strong></span> <span class='ocrx_word' id='word_1_860' title='bbox 1220 5536 1317 5588; x_wconf 90' lang='grc' dir='ltr'>ιιι,</span> <span class='ocrx_word' id='word_1_861' title='bbox 1361 5521 1444 5576; x_wconf 86' lang='lat' dir='ltr'><strong>l6.</strong></span> <span class='ocrx_word' id='word_1_862' title='bbox 1523 5521 1544 5553; x_wconf 82' lang='lat'><strong>‘</strong></span> <span class='ocrx_word' id='word_1_863' title='bbox 1570 5519 1700 5576; x_wconf 82' lang='lat' dir='ltr'><strong>Lev.</strong></span> <span class='ocrx_word' id='word_1_864' title='bbox 1735 5535 1895 5588; x_wconf 62' lang='grc' dir='ltr'>χχιι,</span> <span class='ocrx_word' id='word_1_865' title='bbox 1932 5519 2034 5587; x_wconf 73' lang='lat' dir='ltr'><strong>I2;</strong></span> <span class='ocrx_word' id='word_1_866' title='bbox 2070 5520 2112 5574; x_wconf 90' lang='lat' dir='ltr'><strong>II</strong></span> <span class='ocrx_word' id='word_1_867' title='bbox 2154 5519 2281 5576; x_wconf 87' lang='lat' dir='ltr'><strong>Cor.</strong></span> <span class='ocrx_word' id='word_1_868' title='bbox 2318 5538 2401 5587; x_wconf 78' lang='lat' dir='ltr'><strong>Vl,</strong></span> <span class='ocrx_word' id='word_1_869' title='bbox 2453 5521 2537 5578; x_wconf 76' lang='lat'><strong>16.</strong></span> 
     </span>
    </p>
   </div>
   <div class='ocr_carea' id='block_1_114' title="bbox 857 5698 2877 5777">
    <p class='ocr_par' dir='ltr' id='par_1_114' title="bbox 857 5698 2877 5777">
     <span class='ocr_line' id='line_1_115' title="bbox 857 5698 2877 5777; baseline -0.002 -19"><span class='ocrx_word' id='word_1_870' title='bbox 857 5717 1023 5774; x_wconf 84' lang='lat' dir='ltr'><strong>pres:</strong></span> <span class='ocrx_word' id='word_1_871' title='bbox 1077 5704 1173 5757; x_wconf 76' lang='grc' dir='ltr'>καὶ</span> <span class='ocrx_word' id='word_1_872' title='bbox 1209 5698 1326 5758; x_wconf 74' lang='grc' dir='ltr'>ἔνια</span> <span class='ocrx_word' id='word_1_873' title='bbox 1367 5705 1466 5777; x_wconf 75' lang='grc' dir='ltr'><strong>μὲν</strong></span> <span class='ocrx_word' id='word_1_874' title='bbox 1509 5698 1671 5772; x_wconf 70' lang='grc' dir='ltr'>οὕτω,</span> <span class='ocrx_word' id='word_1_875' title='bbox 1719 5702 1836 5759; x_wconf 69' lang='grc' dir='ltr'>ἔνια</span> <span class='ocrx_word' id='word_1_876' title='bbox 1874 5703 1931 5759; x_wconf 60' lang='grc' dir='ltr'><strong>δὲ</strong></span> <span class='ocrx_word' id='word_1_877' title='bbox 1989 5702 2132 5757; x_wconf 79' lang='grc' dir='ltr'>οὑτω</span> <span class='ocrx_word' id='word_1_878' title='bbox 2162 5698 2391 5771; x_wconf 70' lang='grc' dir='ltr'>πέφυκε.</span> <span class='ocrx_word' id='word_1_879' title='bbox 2434 5699 2590 5755; x_wconf 78' lang='grc' dir='ltr'><strong>Ευιτ.</strong></span> <span class='ocrx_word' id='word_1_880' title='bbox 2636 5698 2877 5756; x_wconf 64' lang='lat' dir='ltr'><strong>Puncta</strong></span> 
     </span>
    </p>
   </div>
   <div class='ocr_carea' id='block_1_115' title="bbox 724 5798 1358 5863">
    <p class='ocr_par' dir='ltr' id='par_1_115' title="bbox 724 5798 1358 5863">
     <span class='ocr_line' id='line_1_116' title="bbox 724 5798 1358 5863; baseline 0.002 -1"><span class='ocrx_word' id='word_1_881' title='bbox 724 5801 1000 5862; x_wconf 65' lang='lat' dir='ltr'><strong>Panos.</strong></span> <span class='ocrx_word' id='word_1_882' title='bbox 1058 5798 1176 5862; x_wconf 79' lang='lat' dir='ltr'><strong>Gtt.</strong></span> <span class='ocrx_word' id='word_1_883' title='bbox 1226 5800 1358 5863; x_wconf 84' lang='lat' dir='ltr'><strong>XL.</strong></span> 
     </span>
    </p>
   </div>
   <div class='ocr_carea' id='block_1_116' title="bbox 3198 5791 3274 5856">
    <p class='ocr_par' dir='ltr' id='par_1_116' title="bbox 3198 5791 3274 5856">
     <span class='ocr_line' id='line_1_117' title="bbox 3198 5791 3274 5856; baseline -0.039 0"><span class='ocrx_word' id='word_1_884' title='bbox 3198 5791 3274 5856; x_wconf 81' lang='lat'><strong>29</strong></span> 
     </span>
    </p>
   </div>
  </div>
