4098 6200
362 312 469 370 909

1282 323 1337 375 S.
1384 322 1793 378 SERAPIONLS
1827 316 2028 375 LIBER
2065 318 2224 377 ADV.
2268 318 2711 375 MAMCii:F.OS.

3519 321 3624 381 910

359 427 619 500 γνομὲνης
643 430 719 483 Τὸ
750 431 860 502 γὰρ
885 432 1170 504 δεχόμενον
1208 432 1446 502 ἀλλαγὰς
1495 434 1591 487 καὶ
1643 432 1945 505 μεταϐολὰς

2066 447 2147 485 nec
2182 443 2360 487 essent
2385 432 2552 493 mala,
2586 434 2678 485 sed
2706 441 2885 484 essent
2918 432 3188 486 honesta?
3235 432 3290 486 Si
3320 446 3499 488 autem
3533 451 3624 500 po-

358 519 536 573 δῦκέτι
563 523 694 585 τοὺς
715 523 873 593 ὄρους
902 525 1001 595 τῆς
1033 525 1249 593 φύσεως
1289 525 1521 595 δέχεται·
1563 524 1848 594 ἀμείϐεται
1889 523 1957 580 δὲ.

359 614 414 667 τὸ
446 614 610 684 σῶμα
634 615 730 667 καὶ
761 616 1211 685 μεταλλάττεται.
1248 618 1342 671 καὶ
1370 617 1692 687 ρᾳθυμῆσαν
1736 632 1947 686 σωφρο-

358 708 463 758 νεῖ·
496 706 592 760 καὶ
620 707 818 776 βοῶσιν
860 711 909 761 οἱ
956 708 1125 777 λόγοι,
1150 709 1228 769 τὸ,
1246 712 1329 762 Oi)
1359 711 1713 775 :roprsdaecc
1734 724 1747 737 ο
1783 707 1947 777 βοῶσι

359 797 441 856 τὸ.
483 800 567 852 Οὐ
591 800 966 867 μοιχεύσεις·
1012 800 1073 852 τὸ
1107 798 1383 870 ἐγχωροῦν
1415 800 1504 854 δια
1539 801 1638 869 τῆς
1670 814 1950 869 παραγγει-

362 890 486 954 λίας
512 893 881 963 ἀναιροῦντες·
909 893 1004 945 καὶ
1032 893 1092 945 τὸ
1117 893 1413 962 δυνάμενον
1436 891 1790 960 τελειωθῆναι
1809 931 1823 954 ,
1859 889 1947 943 διὰ

356 983 460 1050 τῆς
503 983 879 1053 παραινέσεως
918 983 1362 1046 ἀναστέλλοντες·
1399 984 1493 1036 καὶ
1525 982 1811 1052 σύμμαχον
1852 979 1946 1033 τὸν

358 1073 519 1141 λόγον
548 1078 612 1146 τῇ
636 1074 827 1146 γνώμῃ
853 1075 1086 1138 διδόντες
1107 1094 1119 1105 ·
1151 1075 1237 1128 ἴνα
1274 1077 1307 1145 ἡ
1342 1075 1548 1129 διάνοια
1581 1076 1825 1145 ῥέπουσα
1852 1073 1947 1127 καὶ

361 1166 425 1219 τὸ
452 1166 614 1236 σῶμα
636 1168 768 1238 πρὸς
787 1167 986 1239 ἀρετὴν
1014 1166 1236 1239 ὲςρέλκῃ.

2050 532 2155 578 test
2190 534 2379 577 natura
2428 524 2561 578 verti
2606 538 2669 576 ac
2718 524 2913 575 mutari
2945 564 2959 582 ,
3002 525 3270 591 quomodo
3313 536 3394 579 est
3436 533 3623 578 natura

2051 631 2171 684 qnte
2199 617 2456 679 variatur,
2488 626 2541 671 et
2579 616 2630 669 in
2665 616 2792 670 illud
2823 616 3015 670 transit
3063 615 3207 684 quod
3253 625 3337 671 est
3376 616 3452 671 illi
3494 633 3626 670 conv

2055 708 2325 763 trarimn?
2362 707 2514 774 Quod
2545 709 2691 762 enim
2716 709 3051 763 variationes
3079 719 3132 761 et
3171 709 3502 763 mutationes
3530 725 3626 763 ca-

2053 799 2168 869 pit,
2212 801 2447 852 nomium
2490 799 2688 853 ﬁnibus
2731 800 3087 868 terminisque
3128 809 3333 853 natura:
3381 801 3626 853 contine-

2057 900 2162 943 tur.
2191 888 2431 943 Mutatur
2469 901 2647 945 autem
2697 906 2929 955 corpus,
2965 901 3019 944 et
3061 893 3342 956 variatur;
3385 902 3440 947 et
3482 894 3624 961 quod

2056 978 2158 1034 fuit
2198 982 2251 1033 in
2299 981 2510 1049 pigritia
2543 993 2595 1035 et
2646 981 2892 1049 ignavia,
2942 991 3228 1049 temperat.
3281 983 3344 1036 Et
3393 983 3629 1037 clamant

2055 1084 2319 1142 praecepta
2355 1089 2368 1124 :
2418 1071 2539 1124 Non
2571 1071 2956 1143 fornicaberis;
2986 1071 3262 1126 clamant:
3306 1070 3428 1125 Non
3467 1074 3627 1126 adul-

2058 1165 2251 1218 lembis
2277 1181 2295 1228 ;
2327 1173 2381 1218 et
2408 1165 2766 1233 praecipiendo
2796 1163 2987 1216 tollunt
3016 1145 3324 1218 facultatem
3355 1165 3582 1220 faciendi
3607 1182 3624 1230 ;

302 1276 315 1289 ·
364 1269 421 1311 ει
452 1261 594 1326 quod
627 1260 808 1328 perlici
840 1271 1048 1327 poterat
1071 1300 1086 1321 ,
1123 1260 1391 1313 hortando
1421 1249 1673 1315 cohibent
1694 1300 1709 1323 ,
1741 1268 1797 1314 et
1831 1258 2173 1328 adiungendo
2212 1261 2473 1313 rationem
2505 1258 2571 1312 ad
2605 1256 2901 1324 judicium,
2960 1266 3016 1311 ut
3066 1272 3219 1315 meus
3273 1257 3325 1313 in
3378 1258 3630 1318 virtutem

366 1371 634 1423 propensa
657 1398 672 1418 ,
706 1370 897 1424 corpus
929 1357 1089 1410 etiam
1123 1358 1189 1409 ad
1226 1357 1476 1409 virtutem
1507 1358 1768 1410 attrahat.

1106 1452 1238 1506 Car.
1280 1451 1376 1505 XI.
1408 1451 1647 1512 Corpora
1674 1462 1978 1507 sanctorum
2003 1452 2258 1507 divinitus
2281 1450 2547 1504 mirabilia
2572 1461 2877 1519 aperantur.

431 1539 652 1609 Ἀμέλει
694 1540 787 1593 ἐπὶ
837 1540 1088 1594 τοσοῦτον
1148 1540 1383 1613 προῆλοε
1438 1541 1507 1596 τὰ
1565 1541 1791 1612 σώματα
1838 1543 1948 1596 τῶν

364 1630 556 1699 ἀγίων,
589 1630 667 1694 ὡς
693 1630 1011 1700 τιμηθῆναι,
1053 1632 1145 1684 καὶ
1179 1633 1316 1701 μήτε
1340 1632 1472 1685 κενά
1509 1631 1764 1700 γενέσθαι
1790 1633 1945 1704 ὲνερο

2129 1543 2273 1597 Sane
2301 1543 2519 1611 quidem
2556 1559 2784 1611 corpora
2813 1553 3124 1597 sanctorum
3174 1553 3381 1597 tanlum
3423 1544 3476 1598 in
3525 1544 3635 1597 vir-

2055 1642 2170 1688 tute
2200 1649 2483 1704 progressa
2528 1645 2683 1694 sunt,
2728 1645 2787 1688 ut
2834 1635 3097 1688 honorata
3131 1632 3374 1699 fuerint,
3425 1643 3480 1687 et
3524 1651 3631 1689 nou

364 1718 538 1786 γείας.
567 1720 706 1790 μήτε
738 1719 1019 1791 δυνάμεως
1044 1719 1212 1785 θείας.
1249 1721 1460 1792 Νεκρὸν
1491 1720 1668 1775 ἔκειτο
1694 1722 1758 1775 τὺ
1791 1722 1950 1785 σῶμα

2065 1720 2195 1775 iacta
2232 1737 2397 1776 vacua
2448 1724 2517 1777 ab
2564 1724 2879 1792 operatione
2906 1734 2961 1777 et
3006 1724 3054 1777 vi
3107 1725 3312 1778 divina.
3361 1723 3631 1779 Mortunm

363 1808 458 1864 τοῦ
493 1811 820 1874 Ἐλισσαίου,
857 1812 948 1866 καὶ
980 1811 1230 1883 κείμενον
1257 1814 1472 1885 νεκρὸν,
1507 1815 1696 1887 ἤγειρε
1720 1815 1947 1886 νεκρόν*

363 1901 542 1955 ὲσόϐει
563 1902 652 1954 τὸν
677 1902 926 1967 θάνατον,
945 1902 1224 1974 ἐλεύθερον
1251 1904 1329 1975 (6)
1348 1905 1440 1956 τὸν
1471 1903 1834 1967 ἀποθανόντα,
1871 1905 1950 1967 εἰς

365 1992 575 2058 ζῶντας
597 1994 810 2065 ἔπεμψε
841 1996 935 2049 τὸν
959 1994 1252 2059 τεθνεῶτα,
1294 1997 1572 2069 προεξένει
1602 1996 1680 2067 τῷ
1722 2013 1951 2064 πεποιη-

369 2087 517 2158 μένῳ
556 2086 658 2152 τὴν
691 2086 928 2159 ἔγερσιν.
964 2088 1028 2142 Ei
1070 2087 1127 2141 δὲ
1169 2088 1460 2159 Ινῐανιχαίοι
1485 2088 1621 2161 πρὸς
1651 2089 1815 2143 αὑτὸν
1853 2106 1951 2160 με·-

368 2179 621 2249 μηνότες,
651 2178 746 2230 καὶ
775 2177 835 2230 τὸ
880 2176 1058 2246 λόγιον
1100 2176 1474 2244 διαϐάλλουσι,
1510 2182 1645 2251 μήτε
1667 2180 1761 2234 τὸν
1787 2181 1950 2251 νόμον

365 2269 671 2341 τιμῶντες·
703 2268 804 2323 κᾶν
842 2270 908 2323 ὲκ
950 2269 1043 2323 τοῦ
1081 2270 1427 2343 παραλλήλου
1470 2272 1947 2338 δυσωπείσθωσαν,

372 2362 482 2415 κᾶν
522 2363 554 2431 ἡ
597 2362 721 2415 σκιά
761 2362 969 2431 Πέτρου
993 2361 1092 2434 τὴν
1113 2362 1341 2435 γνώμην
1370 2364 1594 2416 ἐκείνων
1628 2363 1948 2434 αἱσχυνέτω·

373 2451 625 2523 σώματος
667 2451 775 2523 γὰρ
802 2448 869 2523 ἦν
901 2453 936 2523 ἡ
980 2450 1128 2515 σκιὰ,
1169 2452 1265 2506 καὶ
1307 2453 1674 2525 ὲφαπτωμένη
1706 2453 1782 2523 (7)
1809 2451 1952 2506 κατά

366 2542 480 2596 τῶν
504 2544 868 2614 νενοσηκότων
892 2542 1181 2613 σωμάτιον,
1218 2542 1462 2596 ἀπόλυτα
1491 2542 1556 2598 τά
1581 2541 1811 2613 σώματα
1843 2540 1952 2595 τῶν

363 2635 692 2705 νοσημάτων
721 2634 1111 2698 κατεσκεύαζε.

2047 1814 2265 1884 jacehat
2312 1831 2509 1883 corpus
2552 1816 2723 1869 Eliszei
2751 1855 2765 1877 ,
2801 1824 3007 1872 etcum
3044 1818 3254 1886 jaceret
3324 1827 3632 1881 mortuum,

2052 1904 2333 1958 Suscitavit
2390 1916 2657 1959 mortuum
2693 1907 2777 1971 ἰς
2826 1906 3030 1975 expulit
3059 1917 3342 1975 'mortem,
3387 1909 3637 1962 liberavit

2053 1996 2121 2048 ab
2142 1996 2313 2059 obitu,
2342 1997 2609 2049 revocavit
2630 1997 2694 2048 ad
2717 1998 2869 2051 vivos
2892 1998 2997 2051 vita
3020 1998 3352 2067 defunctum,
3379 2000 3639 2056 excitavit

2053 2101 2082 2140 a
2121 2088 2350 2142 mortuis
2381 2103 2579 2157 corpus
2614 2104 2641 2140 a
2675 2088 2783 2142 Deo
2819 2089 3043 2144 factum.
3078 2090 3231 2157 Quod
3262 2093 3305 2146 si
3352 2090 3636 2148 Manicha-i

2058 2189 2245 2233 contra
2281 2178 2385 2234 hoc
2433 2178 2709 2245 furentes,
2746 2181 2910 2235 etiam
2962 2181 3299 2253 Scripturam
3341 2193 3638 2245 accusant.

2060 2285 2234 2341 neque
2262 2271 2430 2340 legem
2463 2272 2774 2337 honorant;
2810 2272 3080 2328 deterreat
3116 2289 3208 2330 eos
3239 2276 3415 2330 simile
3446 2292 3630 2330 exem-

2059 2363 2204 2430 plum
2232 2379 2246 2426 ;
2287 2361 2447 2415 faciat
2483 2361 2670 2415 umbra
2704 2360 2845 2415 Petri
2882 2364 2947 2425 ",
2986 2372 3045 2416 ut
3075 2348 3222 2433 ipsos
3251 2367 3489 2433 pudeat:
3520 2380 3640 2418 um-

2061 2455 2156 2509 bra
2186 2456 2326 2509 enim
2358 2463 2478 2508 erat
2507 2454 2751 2523 corporis
2770 2495 2786 2520 ,
2812 2470 2933 2524 qua:
2962 2470 3084 2510 cum
3117 2470 3343 2524 corpora
3369 2472 3636 2528 aegrorum

2035 2546 2439 2612 -inumhrahat,
2474 2562 2662 2601 eorum
2699 2547 2916 2602 morbos
2948 2545 3269 2622 depellebat.

1361 2731 1493 2788 Car.
1530 2731 1646 2786 Xll.
1680 2730 2100 2786 Maniclueorum
2118 2736 2425 2796 argumenta
2450 2726 2647 2783 solum.

441 2818 715 2873 Τοιούτων
731 2814 835 2872 ὀῦν
871 2818 1041 2873 όντων
1085 2820 1193 2875 τῶν
1229 2820 1624 2874 ἀποδεικτικῶν
1650 2821 1825 2890 λόγων
1864 2819 1958 2873 καὶ

368 2910 629 2981 τοιαύτης
656 2909 823 2981 οὔσης
850 2912 1234 2982 ἀποδεικτικῆς
1261 2912 1534 2984 πράξεως,
1566 2912 1684 2977 πῶς
1704 2914 1806 2966 οὐκ
1836 2911 1961 2967 ἄτο-

2135 2817 2269 2872 Cum
2305 2819 2440 2872 tales
2463 2832 2591 2885 ergo
2623 2817 2736 2872 sint
2760 2825 2957 2872 nostra:
2983 2814 3219 2873 rationes
3248 2813 3639 2875 demonstrativ

2066 2924 2145 2962 ναι
2166 2949 2181 2970 ,
2208 2918 2261 2963 ει
2295 2909 2417 2962 talis
2441 2909 2513 2963 sit
2544 2908 2691 2963 actio
2719 2909 2847 2962 item
2884 2907 3303 2963 denmastrativa
3322 2950 3336 2971 ,
3370 2907 3640 2975 quomodo

371 3019 469 3057 τοι
496 3001 564 3055 ἂν
589 2997 721 3065 εἷεν,
770 3003 966 3072 φράσει
1022 3002 1194 3071 λόγων
1241 3003 1478 3075 ἁρμόσαι
1522 3003 1591 3057 τὰ
1637 3004 1958 3075 ἀνάρμοστα

2066 3017 2173 3055 non
2211 3002 2322 3055 sint
2363 3000 2618 3061 absurdi,
2665 3000 2759 3069 qni
2792 3016 2912 3068 qure
2945 3000 3116 3069 aptari
3152 3010 3206 3054 et
3247 3000 3488 3066 colligari
3529 3016 3637 3052 non

372 3093 790 3157 ἐσπουδακότεςς
821 3094 958 3147 Φασὶ
988 3096 1097 3165 γὰρ
1121 3094 1434 3164 Μανιχαῖοι·
1452 3125 1520 3133 -
1548 3094 1622 3145 Τὸ
1649 3093 1807 3164 σῶμα
1830 3095 1955 3162 ἐφο-

377 3189 618 3258 ρὲσαμεν
669 3185 765 3239 τοῦ
824 3188 1072 3251 Σατανᾶ,
1123 3190 1156 3258 ἠ
1189 3188 1245 3241 δὲ
1275 3186 1420 3258 ψυχὴ
1459 3186 1553 3239 τοῦ
1585 3186 1742 3239 Θεοῦ·
1774 3189 1871 3241 καὶ
1897 3187 1959 3239 τὸ

377 3280 478 3350 μὲν
506 3279 667 3349 σῶμα
689 3277 831 3333 οῦτω
856 3279 1065 3347 πέφυκε
1098 3281 1288 3345 κακὸν,
1326 3284 1390 3335 ὲκ
1418 3280 1587 3335 κακοῦ
1616 3280 1898 3353 προελθόν-
1922 3283 1955 3352 ἡ

373 3373 433 3437 δὲ
464 3371 610 3441 ψυχὴ
639 3371 848 3439 πέφυκε
877 3371 1037 3442 καλὴ,
1068 3375 1131 3424 ἐκ
1156 3372 1323 3426 καλοῦ
1369 3372 1567 3444 ἔχουσα
1617 3374 1713 3443 τὴν
1747 3374 1921 3445 ἀρχήν
1943 3390 1957 3403 ο

375 3465 575 3519 οὐκοῦν
602 3465 694 3519 δύο
724 3467 888 3538 ἀρχαὶ
909 3469 1000 3520 καὶ
1021 3466 1114 3520 δύο
1145 3467 1357 3521 οὐσίαι·
1390 3468 1486 3520 καὶ
1524 3467 1692 3537 ἀρχαὶ
1733 3465 1826 3518 δύο
1865 3481 1960 3532 γε·

377 3555 602 3623 γόνασιν
628 3556 820 3620 αἰτίαι,
852 3556 944 3609 καὶ
974 3558 1006 3626 ἡ
1051 3557 1148 3626 μὲν
1179 3556 1429 3624 σώματος
1457 3555 1630 3609 κακοῦ
1652 3595 1666 3615 ,
1697 3557 1729 3625 ἡ
1760 3555 1816 3607 δὲ
1861 3554 1964 3622 ψυ-

378 3646 484 3717 χῆς
502 3647 732 3716 ἀγαθῆς.
760 3647 961 3718 Ἀγαθὴ
982 3644 1124 3717 οὖνὴ
1148 3647 1314 3717 ψυχὴ,
1344 3647 1581 3716 πονηρὸν
1608 3646 1665 3697 δὲ
1692 3645 1751 3698 τὸ
1781 3643 1959 3713 σῶμα.

378 3764 453 3778 --
482 3739 590 3790 Καὶ
624 3738 741 3801 πῶς
777 3738 936 3808 σῶμα
977 3739 1075 3809 μὲν
1101 3741 1389 3807 σωφρονεῖ,
1428 3737 1685 3798 πολλάκις
1717 3735 1773 3787 δὲ
1819 3734 1964 3804 ψυχὴ

381 3827 652 3900 ρᾳθυμεῖ;
688 3831 796 3889 Καὶ
826 3829 937 3893 πῶς
971 3831 1228 3901 ἑκάτερον
1270 3832 1327 3881 ἐν
1362 3832 1428 3900 τῇ
1470 3829 1575 3899 ἰδία
1599 3826 1831 3893 τάξειού
1872 3827 1966 3895 μὲ-

380 3934 495 3984 νει;
521 3918 613 3970 καὶ
642 3921 833 3986 γέγονε
861 3919 921 3971 τὸ
950 3920 1237 3984 ἀνάπαλιν,
1260 3920 1321 3973 τὸ
1354 3919 1450 3989 μὲν
1482 3919 1574 3971 τοῦ
1608 3915 1855 3970 διαϐόλου
1872 3913 1965 3967 τοῦ

382 4010 544 4073 θεοῦ,
574 4011 636 4062 τὸ
671 4011 728 4064 δὲ
756 4012 849 4067 τοῦ
894 4011 1028 4067 Θεοῦ
1066 4010 1160 4065 τοῦ
1205 4010 1486 4064 διαῦόλου·
1540 4011 1634 4062 καὶ
1681 4008 1898 4061 λέλυται
1935 4008 1967 4077 ἡ

384 4102 759 4174 θρυλλουμένη
788 4103 975 4175 ἔχθρα·
1006 4105 1099 4157 καὶ
1124 4104 1275 4173 φιλία
1303 4104 1490 4172 γέγονε
1515 4104 1608 4156 καὶ
1638 4100 1857 4171 σπονδὴ,
1875 4100 1969 4154 τοῦ

386 4195 487 4265 μὲν
512 4195 648 4248 Θεοῦ
675 4196 773 4265 τὴν
805 4194 981 4265 ψυχὴν
1011 4196 1430 4266 ἀποπεμποντος
1467 4193 1546 4265 τῷ
1577 4194 1829 4264 διαϐόλῳ,
1875 4190 1969 4246 τοῦ

386 4285 442 4339 δὲ
489 4286 735 4339 διαϐόλου
793 4287 852 4338 τὸ
907 4287 1064 4357 σῶμα
1107 4285 1697 4358 ἄντιπαραπὲμποντος
1742 4285 1819 4355 τῷ
1851 4284 1972 4355 Θεῷ

2062 3100 2322 3160 possunt,
2358 3092 2541 3145 verbis
2578 3102 2765 3161 aptare
2799 3102 2853 3145 et
2882 3092 3138 3161 colligare
3182 3091 3441 3145 student?
3471 3090 3641 3144 Aiunt

2060 3184 2203 3237 enim
2259 3183 2582 3239 Maniebmi:
2628 3213 2703 3225 --
2741 3184 2951 3252 Corpus
3004 3182 3221 3237 Satanaa
3270 3183 3641 3252 gestavinms,

2065 3274 2244 3327 anima
2283 3289 2414 3329 vero
2447 3275 2538 3328 Dei
2579 3284 2681 3328 est.
2720 3275 2798 3329 Ac
2836 3290 3032 3343 corpus
3067 3276 3284 3342 quidem
3327 3277 3408 3329 sic
3444 3284 3637 3327 natura

2065 3363 2266 3418 factum
2303 3373 2421 3422 est.
2456 3366 2656 3417 malum
2701 3379 2766 3417 ex
2818 3366 3002 3428 malo;
3044 3364 3223 3416 anima
3273 3379 3403 3417 vero
3448 3373 3645 3417 natura

2063 3453 2207 3509 facta
2248 3465 2332 3509 est
2376 3455 2549 3517 bona,
2592 3470 2657 3509 εκ
2707 3455 2846 3508 bono
2896 3455 3159 3523 originem
3207 3455 3449 3506 trahens.
3503 3452 3646 3505 Sunt

2065 3547 2229 3616 igitur
2271 3547 2376 3599 duo
2424 3546 2726 3615 principia,
2774 3560 2830 3600 et
2877 3545 2996 3598 dum
3047 3545 3398 3607 substantize,
3439 3553 3493 3597 et
3539 3546 3647 3594 duo

2067 3636 2333 3705 principia
2361 3646 2487 3690 sunt
2513 3652 2691 3690 causa:
2714 3680 2726 3697 ,
2763 3637 2931 3689 altera
2964 3637 3180 3704 quidem
3208 3635 3454 3701 carparis
3485 3636 3646 3691 mali,

2069 3725 2236 3778 altera
2269 3740 2396 3779 vero
2424 3727 2618 3779 aniune
2653 3728 2822 3778 bonae.
2861 3726 3001 3777 Bima
3037 3726 3197 3792 igitur
3229 3734 3312 3777 est
3343 3726 3521 3776 anima
3544 3765 3559 3785 ,
3592 3735 3648 3777 et

2068 3831 2267 3884 corpus
2302 3815 2524 3870 malum.
2550 3845 2623 3856 ——
2644 3816 2707 3868 Et
2734 3819 3004 3884 quoinodo
3033 3829 3229 3883 corpus
3258 3816 3475 3883 quidem
3510 3824 3646 3867 tem-

2070 3923 2266 3976 perans
2324 3918 2445 3969 est,
2507 3908 2688 3960 anima
2743 3920 2871 3960 vero
2904 3920 3047 3974 saepe
3106 3906 3307 3975 pigra?
3364 3907 3646 3971 Quomodo

2073 4013 2362 4069 utrumque
2394 4015 2499 4053 non
2530 4006 2715 4052 manet
2745 3998 2797 4051 in
2826 4000 3018 4053 ordine
3047 3998 3187 4052 suo?
3215 3998 3309 4052 sed
3335 4009 3520 4052 contra
3551 4015 3649 4067 po-

2074 4095 2178 4147 tius
2204 4094 2345 4162 quod
2389 4102 2506 4145 erat
2547 4090 2778 4153 diaboli,
2837 4092 2895 4143 lit
2926 4090 3057 4154 Dei;
3093 4099 3148 4143 et
3182 4091 3325 4158 quod
3368 4091 3499 4156 Dei,
3533 4094 3647 4144 dia-.-

2074 4187 2181 4240 boli
2211 4202 2227 4250 ς
2264 4196 2319 4239 ει
2353 4183 2613 4237 dissoluta
2646 4191 2730 4237 est
2769 4185 2984 4253 vulgata
3037 4183 3314 4237 inimicitia
3339 4227 3352 4248 ,
3403 4194 3452 4239 et
3508 4183 3646 4237 facta

2077 4278 2314 4331 amicitia
2350 4285 2405 4329 et
2437 4276 2613 4329 [trdus
2638 4314 2653 4339 ,
2690 4276 2797 4330 Deo
2832 4276 3066 4328 animam
3102 4275 3441 4339 dimittente,
3477 4288 3534 4327 ut
3571 4277 3653 4327 iu.-

389 4379 710 4449 ὑπηρετείνς
753 4379 1016 4448 ὑπηρετεῖ
1057 4381 1165 4451 γὰρ
1196 4379 1527 4451 σωφρονοῦν·
1572 4380 1648 4445 l8)
1687 4378 1748 4431 τὸ
1778 4379 1835 4435 δὲ
1875 4378 1958 4431 τοί

2077 4372 2279 4424 serviat
2306 4369 2518 4422 diabolo
2542 4386 2557 4435 ;
2589 4379 2641 4422 et
2671 4377 2859 4424 contra
2888 4368 3102 4422 diabolo
3129 4383 3325 4439 corpus
3344 4408 3359 4430 ,
3393 4380 3451 4423 ut
3480 4369 3651 4421 inser-

387 4472 524 4525 Θεοῦ
552 4472 631 4541 τῷ
658 4472 887 4541 διαϐόλῳ
911 4472 1195 4526 διακονεῖν·
1224 4474 1462 4527 διακονεί
1496 4471 1602 4543 γὰρ
1642 4470 1969 4534 ἀπιστοῦσα,

390 4565 484 4619 καί
507 4564 804 4634 βλάσφημα
842 4562 1210 4634 φθεγγομένη.

2080 4463 2191 4514 viat
2229 4462 2382 4515 Deo?
2411 4462 2637 4515 inservit
2670 4462 2812 4516 enim
2848 4460 2956 4515 Deo
2978 4500 2994 4526 ,
3028 4475 3150 4516 cum
3195 4471 3280 4515 est
3321 4471 3652 4530 temperans.

2084 4553 2194 4606 lloc
2222 4563 2398 4605 autem
2436 4553 2527 4606 Dei
2557 4562 2671 4615 est,
2702 4555 2842 4609 sicut
2869 4570 3056 4608 rursus
3084 4554 3313 4609 inservit
3337 4555 3514 4606 anima
3537 4554 3653 4606 dia.-

2080 4646 2222 4705 bolo.
2248 4661 2371 4700 cum
2406 4661 2511 4699 non
2553 4647 2762 4714 credit,
2796 4657 2850 4701 et
2880 4647 3117 4717 loquitur
3143 4647 3478 4719 biasphcma.

1453 4764 1582 4819 Car.
1619 4764 1758 4820 Xlll.
1785 4764 1868 4819 Ex
1897 4764 1999 4836 ﬁlii
2032 4760 2236 4833 prodigi
2258 4761 2584 4829 pauitantia.

463 4863 591 4927 Πῶς
609 4859 702 4918 οῦν
733 4864 796 4917 οὐ
829 4862 971 4935 μέγα
1004 4862 1299 4932 καγχάζειν
1336 4861 1431 4913 καὶ
1470 4860 1633 4931 γελᾷν
1676 4861 1795 4913 κατ’
1834 4858 1978 4912 ἐκεί‹⁵

393 4977 500 5011 νων
536 4960 662 5021 τοῦς
696 4956 987 5029 φρονίμους
1016 4958 1303 5029 προσήκει,
1334 4955 1507 5018 οὕτως
1536 4954 1735 5008 ἄτοπον
1765 4953 1859 5007 καὶ
1880 4969 1975 5022 γε·

393 5049 534 5103 λοίον
559 5050 735 5119 δόγμα
770 5049 1105 5119 εἰσηγεῖσθαι
1150 5046 1591 5108 ἐσπουδακότων;
1631 5047 1753 5098 Ὀτι
1793 5045 1850 5098 δὲ
1884 5043 1979 5098 καὶ

394 5143 527 5197 αῦτδ
550 5143 613 5195 τὸ
643 5141 858 5210 λογικὸν
886 5142 1055 5213 ᾑρέθη
1098 5142 1193 5211 μὲν
1237 5138 1538 5210 ἀφροσύνῃ,
1592 5135 1877 5207 δεδύνηται
1917 5132 1976 5187 δὲ

398 5234 562 5287 πάλιν
594 5232 878 5287 ἀπολιπεῖν
908 5234 1006 5305 τὴν
1030 5233 1334 5303 αἱρήσασαν
1372 5228 1715 5300 ἀφροσύνην,
1765 5227 1857 5283 καὶ
1884 5224 1973 5281 δύο

394 5343 557 5380 ναται
598 5327 904 5385 ἀπολιπεῖν,
933 5324 1213 5394 αὐτάρκης
1241 5322 1512 5389 ἀπόδειξις
1546 5324 1578 5392 ἠ
1618 5320 1711 5373 τοῦ
1765 5320 1839 5388 (9‘,
1875 5336 1974 5370 πε-

398 5418 457 5489 ρὶ
488 5418 755 5489 νεωτέρου
784 5418 925 5480 υἱοῦ,
956 5419 989 5488 ὴ
1016 5415 1166 5487 παρά
1186 5418 1350 5488 πατρὶ
1380 5415 1765 5487 ρᾳθυμήσασα.
1798 5411 1972 5466 Πατέ-

473 5510 514 5541 ¹¹
562 5506 599 5560 ΙΙ
637 5506 768 5577 Rrg.
809 5524 938 5572 xm,
973 5508 1063 5561 21.
1144 5507 1184 5537 ³³
1224 5509 1342 5560 Aet.
1378 5523 1431 5569 ν,
1468 5505 1550 5559 15.

474 5606 549 5669 (ii)
606 5603 967 5670 Ἐλεύθερον.
1012 5601 1229 5671 Legisse
1267 5601 1477 5655 videtur
1512 5601 1778 5671 interpres
1816 5583 1976 5669 ἠλευ-

402 5676 590 5745 θέρου.
626 5676 761 5728 Enr:
818 5674 1056 5745 Parant"

475 5740 556 5818 Π)
608 5742 1051 5812 Ἐφαττωμένη.
1100 5743 1178 5798 An
1222 5740 1587 5813 é;1:7.to;tz'vq
1614 5782 1628 5805 ,
1670 5756 1766 5810 pro
1800 5743 1974 5810 iga:-

2152 4857 2431 4924 Quomodo
2461 4856 2625 4925 igitur
2669 4870 2776 4910 non
2820 4854 3015 4911 merito
3046 4862 3260 4909 moveat
3305 4852 3658 4923 prudentibus

2080 4950 2246 5005 risum
2305 4959 2359 5003 et
2411 4949 2707 5003 cachinnos
2743 4958 2851 5004 tam
2913 4949 3204 5003 absurdum
3260 4955 3313 4999 et
3372 4945 3655 4999 ridiculum

2080 5043 2317 5111 ipsorqu
2339 5043 2529 5111 dogma
2546 5081 2559 5102 ,
2584 5039 2724 5109 quod
2749 5040 3090 5095 introducere
3107 5038 3428 5117 studuerunt
3452 5037 3474 5089 ?
3503 5038 3655 5103 Quod

2083 5145 2259 5188 autem
2290 5149 2352 5187 ea
2382 5132 2466 5187 vis
2492 5132 2795 5185 animorum
2824 5147 2942 5203 qua:
2974 5132 3148 5203 posita
3200 5140 3280 5186 est
3329 5130 3379 5183 in
3411 5132 3619 5184 ratione
3641 5168 3658 5192 ,

2081 5238 2235 5299 capta
2267 5239 2351 5283 est
2391 5228 2524 5285 vitio
2562 5227 3014 5294 intemperantia,
3047 5225 3222 5294 potuit
3251 5235 3429 5277 autem
3472 5239 3660 5277 rursm

2082 5329 2137 5374 et
2168 5330 2341 5391 potest
2386 5319 2862 5387 intemperantiam
2910 5317 3057 5370 illam
3086 5331 3188 5384 qua
3217 5317 3523 5381 tenebatur,
3562 5319 3661 5369 de-

2082 5427 2300 5478 serere,
2353 5412 2487 5464 Satis
2535 5411 2729 5479 probat
2778 5407 2863 5460 illa
2907 5407 2974 5461 de
3021 5407 3128 5461 lilio
3170 5407 3661 5464 adolescentium“

1631 5504 1672 5535 "
1711 5505 1837 5556 Lut‘.
1876 5520 1962 5566 xv,
1998 5502 2063 5556 1'2
2099 5518 2219 5570 sqq.

2074 5597 2346 5668 λουμένψῖ
2377 5597 2534 5651 Eutr.
2566 5596 2807 5652 PATROL.

2149 5672 2225 5736 (ιιι
2266 5668 2553 5734 Sequentia
2591 5685 2779 5724 manca
2810 5682 2955 5731 sunt.

2148 5742 2223 5809 (θ)
2268 5738 2439 5791 Locus
2478 5739 2724 5794 vitiosus.
