4098 6200
503 327 600 381 9H

1593 315 1868 369 PATR'CS
1908 313 2205 370 ᾸΞΟΥΡΤΙΙ
2249 309 2533 364 ΒᾸΞΟυιᾸ
2576 311 2662 363 ιν.

3655 301 3766 358 9η

509 440 648 504 apud
677 445 878 504 patrem
919 434 1150 504 ignavia.
1182 431 1416 500 lleliquit
1443 440 1670 498 patrem,
1701 429 1968 499 profectus
2005 439 2086 482 est

2199 442 2255 494 οα
2288 423 2662 483 ἀπολέλοιπεν,
2696 419 2968 472 ἐστείλατο
2996 417 3093 485 τὴν
3128 414 3261 486 πρὸς
3291 414 3358 466 τὰ
3392 413 3536 483 πάθη
3560 413 3768 478 ἀποδη-

511 531 577 583 atl
607 529 908 598 voluptates
929 567 944 590 ,
973 532 1342 580 conunoratns
1375 532 1459 576 est
1489 523 1540 575 in
1575 521 1784 574 luxuria
1815 538 1829 581 ;
1868 521 2076 573 tandem

509 621 666 678 rediit
712 618 776 672 ad
823 633 880 672 se
905 658 918 682 ,
958 615 1248 670 revertitur
1275 615 1342 668 ad
1378 622 1617 682 patrem,
1653 611 1873 664 dimittit
1911 611 2081 680 turpi-

515 714 775 766 tudinem.
836 707 1088 763 Procedit
1121 705 1342 775 supplex
1377 706 1442 759 ad
1475 718 1660 772 preces
1685 743 1700 767 ,
1730 703 2080 769 consequitur

513 804 724 856 veniam
752 817 765 864 ;
801 809 1066 869 prmccpta
1107 797 1250 851 enim
1296 794 1474 864 magni
1507 792 1668 856 pretii
1697 807 1816 859 qua:
1850 791 2074 855 didicit,

509 893 702 961 obiecit
731 933 744 955 ,
777 891 971 958 quibus
1002 889 1181 942 ﬂetum
1217 901 1375 955 quem
1411 894 1689 953 peccatum
1721 883 1896 950 parit,
1930 882 2077 936 dele-

510 980 622 1041 vit,
656 987 708 1031 et
738 977 1104 1030 celebritatem
1138 974 1312 1027 lat-tam
1350 973 1541 1026 rationi
1575 981 1998 1025 consentancam
2027 979 2084 1026 et

509 1071 740 1124 divinam
772 1083 867 1136 pro
897 1067 1020 1121 llctu
1056 1065 1309 1120 reddidit.

2173 516 2332 584 μίαν,
2377 513 2696 584 ὲνεϐράδυνε
2746 513 2812 580 τῇ
2873 508 3098 578 ἀσωτίᾳ·
3152 507 3248 575 ὀψέ
3285 522 3410 559 ποτε
3445 502 3771 558 ἀντελάϐετο

2182 605 2398 665 ἑαυτοῦ,
2435 605 2744 658 παλινοστεῖ
2773 603 2912 674 πρὸς
2945 601 3036 654 τὸν
3090 601 3301 672 πατέρα
3338 599 3434 651 xui.
3473 597 3765 667 παλινδροο

2183 701 2276 768 μεῖ
2322 698 2452 766 (tO)°
2501 697 2691 766 ἀφίησι
2739 695 2806 748 τὰ
2858 692 3092 763 αίσχρά’
3143 692 3280 763 πρὸς
3327 690 3533 744 ἱκεσίαν
3577 690 3762 759 χωρεῖ·

2185 790 2446 858 τυγχάνει
2498 787 2915 857 συγχωρήσεως·
2962 782 3217 846 εῦστασις
3263 782 3372 853 γάρ
3431 781 3768 852 μαθημάτων

2189 880 2485 949 πολυτελὴς
2518 878 2806 948 γενομένη,
2842 876 2933 929 τὸν
2971 874 3070 945 μὲν
3107 873 3338 945 ὸδυρμδν
3365 873 3462 944 τῆς
3492 872 3771 943 ἁμαρτίας

2191 973 2480 1043 ἀπήλειψε,
2519 972 2828 1040 πανήγυριν
2856 967 2910 1020 δὲ
2936 967 3160 1036 λογικὴν
3199 969 3292 1021 καὶ
3320 967 3470 1020 Θείαν
3500 965 3769 1019 ἀποδέδω·

2193 1081 2306 1118 κεν.

1525 1153 1652 1206 CAP.
1677 1151 1815 1206 XIV.
1847 1152 1930 1205 Ea:
1961 1149 2122 1206 Pauli
2151 1154 2370 1223 apostoli
2401 1151 2749 1206 conversione.

579 1250 773 1305 stcio
803 1265 867 1303 an
902 1247 1212 1318 Apostolnm
1241 1247 1620 1311 criminantur,
1658 1257 1713 1300 et
1742 1247 1792 1299 in
1828 1245 2086 1314 apostolis

511 1352 798 1396 numerant
824 1352 1042 1410 propter
1069 1355 1222 1395 nova.
1253 1339 1308 1392 Si
1338 1353 1473 1392 nova
1507 1339 1752 1400 laudant,
1780 1337 1906 1406 quid
1935 1337 2083 1391 aiunt

512 1438 576 1487 de
607 1450 669 1486 eo
695 1443 913 1502 propter
953 1443 1132 1485 vetera
1155 1471 1170 1495 ,
1215 1447 1318 1484 non
1349 1432 1495 1483 enim
1527 1431 1706 1500 priora
1737 1446 1856 1483 cum
1903 1441 2086 1500 poste-

512 1527 745 1580 rioribus
771 1525 1113 1578 conveniunt.
1147 1523 1325 1592 Lupus
1351 1533 1469 1577 erat
1497 1523 1692 1576 Paulus
1711 1561 1724 1585 ,
1758 1533 1812 1575 et
1842 1533 2087 1592 repertus

510 1629 593 1673 cst
624 1629 843 1687 pastor;
889 1616 1188 1680 maCtabat,
1233 1623 1288 1668 ct
1327 1615 1483 1668 hodie
1526 1624 1776 1679 scutum;
1832 1623 2087 1684 tanquam

514 1720 878 1780 propugnator
927 1710 1240 1776 sanguinem
1287 1707 1464 1777 gregis
1511 1707 1732 1762 fundere
1777 1705 1982 1770 voluit,
2033 1715 2089 1760 et

513 1807 576 1854 ad
602 1813 896 1856 extremum
923 1800 1172 1869 periculis
1196 1815 1251 1852 se
1275 1799 1482 1866 objicit,
1509 1808 1557 1854 et
1585 1799 1901 1869 sanguinem
1929 1813 2084 1853 suum

514 1892 834 1960 profundere
860 1891 1081 1944 stmlnit.
1117 1889 1231 1942 Non
1260 1890 1402 1942 enim
1434 1904 1624 1958 recens
1652 1901 1808 1943 natus
1831 1928 1846 1953 ,
1877 1898 1932 1944 et
1960 1905 2084 1944 cum

514 1984 697 2037 dolore
730 1994 915 2050 partus
947 1997 1010 2034 ex
1053 1992 1208 2034 utero
1233 1982 1444 2044 editus,
1476 1996 1645 2050 usque
1674 1982 1738 2033 ad
1769 1991 1978 2050 tempus
2007 1995 2091 2035 se-

515 2073 738 2139 pulturae
772 2071 823 2122 in
857 2071 1043 2123 eodem
1076 2081 1215 2122 statu
1247 2071 1648 2137 perseveravit,
1674 2073 1766 2125 sed
1799 2073 1976 2140 potius
2001 2086 2092 2123 va-

520 2165 614 2214 riis
650 2161 1042 2214 minationibus
1079 2175 1142 2214 ac
1171 2161 1622 2215 conversiOuibus
1654 2179 1781 2217 usus
1811 2171 1912 2216 est.
1951 2163 2090 2217 Fau-

492 2242 908 2320 ‘stnm'quidem
943 2251 1106 2308 linem
1143 2265 1363 2318 nactus,
1413 2253 1536 2307 vine
1579 2269 1708 2308 vero
1758 2255 2094 2310 institutione

516 2343 778 2411 Superiori
809 2346 1079 2398 contraria
1108 2360 1258 2408 usus,
1289 2360 1394 2397 non
1423 2345 1726 2409 erubescit,
1753 2361 1927 2415 neque
1951 2355 2096 2399 tacet

517 2445 719 2486 vetera.
771 2433 1008 2486 Laudem
1058 2434 1178 2486 vita:
1228 2448 1377 2487 novze
1423 2434 1631 2502 putavit
1661 2449 1818 2494 esse.
1851 2435 1994 2504 quod
2029 2448 2092 2488 ex

520 2539 666 2578 tanta
704 2529 1063 2595 perversitate
1094 2542 1249 2593 egros
1285 2541 1346 2578 us
1370 2565 1384 2587 ,
1415 2525 1478 2578 ad
1510 2535 1714 2579 tantum
1749 2525 1958 2579 culmen
1988 2525 2095 2578 vir-

521 2620 648 2670 Iutis
676 2633 920 2670 reversus
952 2630 1054 2682 est,
1083 2627 1135 2670 et
1160 2617 1389 2669 clamat:
1417 2615 1632 2684 Pmpter
1652 2620 1747 2670 hoc
1771 2615 1924 2671 Iesus
1945 2616 2097 2672 Chri-

523 2721 628 2760 stus
663 2710 790 2761 venit
838 2711 890 2761 in
934 2711 1218 2770 mundum,
1251 2717 1302 2760 ut
1337 2721 1630 2775 peccatores
1675 2708 1848 2762 salvos
1879 2711 2094 2776 laceret,

518 2814 736 2867 quorum
786 2799 984 2864 primus
1036 2813 1126 2866 ego
1180 2813 1315 2852 sunt.
1351 2794 1453 2849 Sed
1509 2797 1624 2849 ideo
1681 2798 2097 2851 misericordiam

523 2899 826 2939 consecutus
878 2903 1018 2948 sum,
1072 2897 1124 2938 nt
1178 2887 1230 2936 in
1282 2902 1362 2938 me
1401 2886 1566 2952 primo
1616 2890 1902 2941 ostenderet
1941 2887 2097 2942 Jesns

519 2993 719 3028 omnem
767 2979 1071 3039 patientiam
1118 2978 1186 3029 ad
1243 2976 1668 3043 informationem
1725 2978 1966 3043 illorum,
2008 2979 2098 3048 qui

520 3069 658 3120 credi
685 3069 765 3120 nri
796 3078 913 3120 sunt
947 3068 1022 3120 illi
1053 3066 1108 3121 in
1142 3066 1299 3119 vitam
1329 3074 1573 3119 a'leruam
1609 3066 1674 3120 “.

2259 1249 2372 1300 υύκ
2396 1241 2512 1300 οἴδα
2539 1246 2596 1298 δὲ
2626 1246 2674 1297 εί
2697 1244 2789 1296 καὶ
2831 1243 2921 1298 τὸν
2948 1244 3268 1298 Ἀπόστολον
3296 1243 3692 1309 διαϐάλλουσιν,
3736 1234 3772 1307 ἢ
3817 1252 3830 1265 ⁹

2189 1338 2245 1388 ἐν
2278 1338 2388 1399 τοῖς
2431 1335 2747 1398 ἀποστόλοις
2771 1335 2930 1388 αὑτὸν
2979 1335 3288 1406 ἐγκρίνουσι
3336 1335 3424 1388 διὰ
3469 1335 3539 1388 τὰ
3565 1335 3682 1391 νέα.
3712 1336 3777 1389 Et

2193 1428 2292 1499 μὲν
2321 1428 2427 1497 γάρ
2457 1428 2543 1481 διὰ
2573 1428 2640 1481 τά
2675 1427 2880 1480 παλαιά
2910 1428 3274 1490 διαϐάλλουσι,
3307 1428 3362 1480 τί
3383 1427 3567 1498 ἐροῦσι
3595 1426 3686 1481 διὰ
3707 1427 3778 1482 τὰ

2193 1524 2290 1576 νέα
2313 1539 2326 1588 ;
2365 1525 2428 1576 El
2447 1523 2503 1575 δὲ
2527 1522 2594 1575 τὰ
2617 1521 2708 1574 νέα
2736 1520 3051 1586 ἐπαινοῦσι,
3078 1521 3130 1574 τί
3167 1539 3301 1590 φασι
3332 1521 3420 1574 διὰ
3441 1521 3509 1574 τὰ
3539 1521 3773 1587 παλαιάς

2194 1616 2254 1667 οὐ
2289 1617 2396 1685 γὰρ
2436 1613 2646 1685 συνῳδὰ
2675 1615 2742 1668 τὰ
2769 1613 2962 1684 πρῶτα
2990 1617 3102 1676 τοῖς
3143 1613 3415 1683 δευτέροις
3436 1629 3449 1643 ·
3481 1612 3641 1676 λύκος
3683 1609 3779 1684 ἦν,

2195 1707 2290 1759 xui.
2320 1705 2521 1776 ποιμὴν
2555 1705 2774 1776 εὑρέθηο
2805 1705 3047 1776 ἀναιρῶν
3073 1700 3161 1776 ἦν,
3193 1706 3288 1758 καὶ
3315 1705 3553 1775 σήμερον
3587 1705 3777 1758 ὅπλονο

2194 1799 2269 1860 ὡς
2316 1797 2749 1867 ὑπερασπιστὴς,
2798 1796 2868 1850 τὰ
2915 1797 3124 1866 αἵματα
3166 1796 3266 1866 τῆς
3315 1796 3519 1866 ἀγέλης
3565 1796 3783 1866 ἐκχέειν

2197 1890 2533 1959 προῄρηται,
2569 1886 2662 1940 xui.
2689 1885 2750 1940 τό
2777 1887 3080 1940 τελευταῖον
3102 1885 3421 1946 κινδυνεύει,
3442 1887 3538 1938 xui
3553 1887 3613 1939 τὺ
3636 1883 3783 1955 αἷμα

2191 1979 2250 2032 τὸ
2288 1980 2415 2033 ίδιον
2451 1979 2664 2050 ἐκχέειν
2711 1978 3065 2032 ἐσπούδασεν.
3095 1978 3170 2030 Ού
3217 1977 3324 2048 γὰρ
3365 1977 3489 2048 ἄρτι
3539 1975 3779 2046 τεχθεὶς.

2193 2068 2287 2121 καὶ
2341 2067 2440 2137 τὴν
2467 2067 2632 2120 ὠδῖνα
2683 2067 2782 2137 τῆς
2837 2071 3049 2138 μήτρας
3083 2064 3366 2137 παρελθὼν
3397 2065 3590 2135 μέχρις
3627 2065 3781 2135 ὠρας

2191 2157 2284 2210 τοῦ
2320 2160 2603 2229 μνήματος
2635 2160 2662 2211 ὁ
2691 2158 2850 2221 αὐτὸς
2865 2157 3104 2211 διετέλει
3125 2173 3138 2186 ·
3177 2156 3311 2211 ἀλλά
3357 2157 3625 2227 κέχρηται
3655 2173 3782 2208 ποι-

2194 2252 2370 2314 κίλαις
2403 2250 2718 2320 διαλλαγαῖς
2751 2251 2844 2303 xui
2877 2249 3219 2320 μεταϐολαῖς
3250 2251 3423 2303 αἴσιον
3451 2249 3551 2319 μὲν
3583 2247 3644 2301 τὺ
3695 2250 3785 2302 τέ-

2194 2343 2284 2407 λος
2337 2343 2658 2415 εὑράμενος,
2714 2343 3060 2413 παλιμφήμῳ
3106 2341 3163 2395 δὲ
3212 2341 3555 2412 χρησάμενος
3587 2344 3652 2412 τῇ
3685 2341 3786 2412 νέα

2194 2437 2452 2508 διαγωγῇ·
2485 2437 2698 2507 ἀμέλει,
2730 2437 2830 2489 οὐκ
2854 2435 3100 2507 ἐρυθριᾷ,
3135 2435 3194 2488 ού
3229 2435 3408 2504 σιωπᾷ
3454 2435 3521 2488 τὰ
3553 2435 3782 2488 παλαιά-

2197 2527 2470 2599 ἐγκώμιον
2500 2528 2593 2581 τοῦ
2633 2528 2751 2581 νέου
2785 2528 2898 2598 βίου
2927 2527 3232 2596 νενόμικεν,
3269 2525 3350 2578 ὅτι
3399 2525 3462 2578 ἐκ
3515 2525 3786 2596 τοσαύτης

2197 2618 2532 2689 φαυλότητος
2584 2616 2898 2688 παρελθὼν,
2951 2616 3042 2668 ἐπὶ
3086 2615 3419 2686 τηλικαύτην
3471 2615 3785 2687 ἀκρώρειαν

2164 2721 2169 2726 ·
2196 2709 2295 2778 τῆς
2328 2709 2531 2779 ἀρετῆς
2562 2707 2879 2778 ἀνελήλυθε,
2909 2707 3002 2759 xui.
3025 2706 3123 2777 βοᾷ
3144 2723 3157 2737 ⁸
3188 2709 3290 2760 Διά
3320 2707 3497 2760 τοῦτο
3541 2707 3784 2773 Ἰησοῦς

2197 2799 2450 2866 Χριστὸς
2476 2795 2663 2868 ἦλθεν
2698 2800 2786 2864 είς
2817 2796 2924 2850 τὸν
2952 2797 3185 2865 κόσμον
3203 2836 3217 2861 ,
3252 2795 3638 2865 ἁμαρτωλοὺς
3663 2794 3784 2850 σῶο

2198 2908 2322 2953 σαι,
2360 2885 2447 2943 ὧν
2494 2890 2727 2958 πρῶτός
2753 2891 2870 2957 ειμι
2905 2886 3046 2956 ἐγώ·
3081 2888 3242 2942 duo
3265 2889 3364 2942 διὰ
3401 2887 3578 2942 τοῦτο
3600 2886 3782 2955 ἠλεή-

2199 2986 2332 3048 θην,
2362 2983 2461 3033 ἵνα
2497 2980 2839 3048 ἐνδείξηται
2872 2976 3114 3046 Ἰησοῦς
3143 2979 3215 3031 ἐν
3240 2979 3369 3049 ἐμοὶ
3397 2977 3512 3046 τὴν
3535 2978 3785 3033 ἅπασαν

2199 3067 2384 3122 αὑτοῦ
2401 3067 2834 3137 μακροθυμίαν,
2881 3063 3032 3131 πρὸς
3077 3067 3468 3121 ὑποτύπωσιν
3503 3063 3780 3134 τῶν-μελ-

2121 3175 2164 3229 C
2199 3161 2431 3212 ,ἰόντων
2449 3160 2776 3212 πιστεύειν.

1579 3269 1708 3324 CAP.
1749 3267 1866 3324 XV.
1889 3269 2126 3338 Apostoli
2152 3275 2380 3341 primunt
2407 3286 2722 3342 peccatores.

588 3363 720 3416 Cum
780 3373 958 3417 autem
997 3364 1219 3417 chorum
1276 3363 1639 3432 apostolorum
1705 3364 2096 3430 contemplabi-

522 3469 662 3518 mnr,
690 3453 1041 3519 intelligemus
1067 3469 1131 3507 ex
1165 3453 1532 3522 peccatoribus
1562 3463 1615 3505 ct
1647 3451 1885 3521 profanis
1919 3454 2099 3507 homi-

525 3546 680 3599 nibus
714 3544 878 3597 fuisse
909 3545 1215 3610 collectum,
1266 3545 1356 3613 qui
1389 3543 1554 3596 mtdta
1581 3543 1708 3597 olim
1743 3555 2098 3612 peccaverant

523 3649 574 3689 et
607 3652 708 3690 non
733 3648 859 3690 sunt
887 3636 1111 3705 amplius
1139 3652 1321 3690 errore
1355 3636 1518 3704 lapsi;
1556 3637 1607 3689 in
1641 3637 1834 3704 quibus
1858 3637 1961 3688 duo
1984 3637 2100 3690 fue-

527 3737 670 3792 runt,
699 3728 872 3796 lapsos
910 3728 1094 3791 fuisse,
1131 3739 1184 3780 et
1220 3742 1325 3781 non
1351 3729 1459 3798 jam
1485 3729 1663 3798 lapsos
1687 3743 1826 3782 esse.
1881 3727 2030 3794 Quod
2053 3727 2099 3783 si

528 3821 664 3872 mala
724 3830 914 3872 natura
948 3819 1152 3888 praediti
1216 3817 1463 3886 fuissent,
1497 3835 1709 3887 semper
1745 3829 2097 3888 peceasseut;

529 3927 734 3974 rursus,
786 3911 829 3964 si
869 3912 1004 3964 boaa
1057 3919 1600 3978 natura,muntpram
1649 3919 1967 3979 peccassent
2010 3911 2099 3965 :si

531 4019 656 4056 vero
690 4004 740 4055 in
779 4003 959 4055 inultis
991 4001 1144 4070 lapsi,
1181 4011 1234 4055 et
1267 4017 1386 4054 eum
1433 4001 1595 4054 multa
1632 4007 1850 4069 peccata
1880 3999 2102 4052 commi-

529 4097 744 4156 sissent,
772 4109 836 4147 eo
862 4105 1147 4146 evaserunt
1182 4105 1235 4146 ut
1264 4109 1367 4146 non
1409 4103 1715 4161 peccareut,
1757 4102 1811 4145 et
1845 4092 1907 4144 ad
1939 4092 2099 4144 vitam

529 4186 596 4239 ab
637 4187 907 4238 erroribus
936 4185 1160 4238 liberam
1220 4186 1571 4247 devenerunt,
1608 4190 1816 4236 constat
1854 4190 2101 4234 naturam

529 4278 722 4329 anima:
755 4275 905 4328 liberi
939 4274 1147 4328 arbitrii
1181 4288 1245 4326 ac
1274 4272 1564 4324 voluntatis
1600 4285 1741 4335 esse,
1774 4271 1964 4324 nonad
2003 4271 2106 4324 ali-

530 4368 658 4435 quid
692 4377 882 4420 natura
911 4368 1127 4427 laetam,
1186 4367 1279 4417 sed
1315 4365 1576 4416 electione
1602 4365 1924 4416 nmtationes
1949 4377 2108 4430 cape-

533 4475 623 4522 rc;
659 4473 978 4525 quocunque
1020 4456 1131 4507 vult
1179 4469 1237 4508 se
1263 4464 1471 4508 vertere
1501 4464 1550 4508 et
1588 4456 1780 4518 redire,
1815 4470 1921 4522 qtto
1963 4452 2104 4506 redi-

534 4559 643 4600 tum
697 4547 879 4616 eligit;
920 4556 974 4600 et
1021 4547 1287 4599 interdum
1341 4546 1419 4600 sic
1451 4547 1663 4615 degere,
1694 4545 1962 4599 interdum
2004 4545 2102 4608 sic,

2257 3368 2446 3420 ’Ὅταν
2475 3369 2531 3420 δὲ
2569 3370 2663 3422 xui.
2691 3371 2790 3442 τὴν
2820 3370 3040 3442 χορείαν
3079 3371 3188 3424 τῶν
3215 3369 3530 3426 ἀποστόλων
3564 3368 3780 3438 ἴδωμεν.

2199 3458 2260 3522 ἐξ
2285 3458 2627 3529 ἁμαρτωλῶν
2668 3460 2834 3532 αὐτὴν
2888 3461 3147 3532 εἰσόμεθα
3181 3462 3277 3515 xui.
3305 3459 3544 3530 βεϐήλων
3575 3457 3784 3528 ἀνθρὼ-

2199 3567 2339 3608 πων.
2381 3550 2474 3602 καὶ
2508 3550 2679 3604 πολλά
2707 3551 2767 3606 τὸ
2792 3551 3020 3606 παλαιὸν
3064 3551 3420 3614 ἐπταικότων,
3450 3552 3544 3604 xui.
3587 3549 3785 3621 μηκέτι

2200 3642 2510 3710 σφαλεύτων
2541 3644 2584 3712 (l
2605 3644 2671 3714 t),
2695 3643 2790 3697 xui.
2810 3644 2877 3697 τά
2903 3643 2996 3697 δύο
3019 3643 3347 3714 ἐσχηκότων,
3391 3642 3485 3696 xui.
3513 3641 3582 3695 τὰ
3617 3641 3786 3695 πολλά

2206 3733 2492 3802 ἐσφάλθαι.
2550 3734 2611 3785 Εἰ
2668 3733 2766 3804 μὲν
2807 3729 2899 3787 οῦν
2958 3733 3172 3803 φύσεως
3229 3729 3369 3804 ἦσαν
3431 3731 3647 3800 κακῆς,
3699 3732 3785 3783 ἀεὶ

2198 3824 2438 3878 ἔπταιονο
2471 3827 2518 3877 εί
2544 3823 2599 3877 δὲ
2629 3823 2842 3894 φύσεως
2865 3824 3056 3894 καλῆς,
3083 3825 3335 3878 οὐδέποτε
3360 3823 3584 3876 ἔπταιον
3603 3838 3618 3852 ο
3651 3823 3700 3874 εί
3730 3820 3787 3876 ἃ

2203 3916 2375 3970 πολλὰ
2418 3915 2735 3985 σφαλέντες,
2767 3919 2861 3970 xui.
2898 3917 3106 3988 μεγάλα
3128 3917 3568 3988 ἀμαρτὴσαντες,
3603 3915 3697 3967 ἐπὶ
3727 3912 3789 3967 τὸ

2205 4008 2279 4078 μὴ
2321 4009 2656 4079 ἁμαρτάνειν
2707 4008 3018 4073 ἐληλύθασι,
3071 4007 3166 4062 xui
3199 4010 3291 4061 ἐπί
3317 4008 3377 4060 τὸ
3426 4006 3668 4074 ἀσφαλὲς
3697 4004 3784 4076 βε-

2203 4099 2461 4152 ϐιωκέναι
2489 4095 2671 4170 ἦλθον,
2696 4099 2971 4154 δείκνυται
2993 4101 3022 4153 ό
3048 4099 3148 4170 τῆς
3185 4099 3363 4168 ψυχῆς
3386 4099 3511 4167 ὅρος
3533 4097 3787 4162 αὐτεξού-

2205 4207 2317 4252 σιος
2346 4189 2419 4242 ὢν
2450 4191 2544 4244 καὶ
2592 4191 3073 4262 αύτοπροαίρετος,
3111 4189 3186 4261 μὴ
3234 4189 3369 4260 πρός
3402 4205 3454 4240 τι
3503 4187 3785 4257 πεφυκὼς.

2204 4281 2522 4351 προαιρέσει
2551 4281 2606 4334 δὲ
2629 4282 2728 4352 τὴν
2759 4281 3061 4352 μεταϐολὴν
3099 4283 3436 4349 ποιούμενος,
3463 4280 3560 4331 καὶ
3598 4278 3789 4350 τρεπό-

2209 4389 2366 4441 μενος
2392 4373 2522 4424 ὄπου
2551 4375 2644 4425 xui
2676 4373 2943 4442 βούλεται,
2987 4373 3082 4425 καὶ
3106 4369 3508 4441 παλινδρομῶν,
3534 4370 3672 4422 ὅπου
3697 4369 3790 4421 xui.

2206 4465 2550 4533 προαιρεῖται
2573 4479 2587 4492 ⁶
2622 4465 2716 4518 xui.
2753 4464 2827 4534 πῆ
2867 4465 2984 4533 μὲν,
3018 4463 3158 4516 οὕτω
3181 4462 3404 4530 διάγων,
3440 4461 3516 4530 πῆ
3539 4461 3621 4521 δὲ,
3650 4460 3790 4513 οὕτω

2208 4558 2300 4609 xui.
2339 4555 2481 4608 οῦτω
2541 4557 2744 4624 διάγων
2783 4556 2857 4619 ὡς
2891 4555 3170 4626 βούλεταιο
3238 4556 3331 4608 xui.
3382 4553 3480 4624 τὴν
3530 4552 3790 4622 βούλησιν

534 4651 590 4692 ιιι
617 4641 746 4702 vult,
779 4638 982 4692 faciens
1026 4638 1356 4690 voluntatem
1393 4653 1544 4690 suam
1601 4651 1842 4689 normam
1883 4650 2094 4689 saarum

2207 4647 2421 4710 ἑαυτοῦ,
2457 4649 2654 4701 κανόνα
2687 4648 2792 4700 τῶν
2836 4647 3179 4718 πραγμάτων
3211 4644 3404 4699 ἑαυτοῦ
3433 4641 3785 4710 ποιούμενος·

536 4747 712 4783 rerum
753 4749 766 4784 :
799 4745 984 4782 norma
1013 4729 1155 4781 enim
1185 4727 1414 4782 actionis
1453 4739 1530 4782 est
1564 4727 1806 4781 voluntas
1835 4728 2101 4780 facientis.

535 4823 590 4875 Si
624 4832 799 4874 autem
833 4837 949 4887 quae
970 4822 1192 4874 oderant
1218 4822 1539 4880 dilexerunt,
1572 4828 1622 4872 et
1663 4833 1780 4884 qua:
1808 4819 2106 4871 ditt-verant

534 4924 782 4973 ederunt,
812 4926 866 4968 et
920 4929 1020 4965 non
1056 4914 1148 4964 fuit
1180 4914 1441 4966 sententia
1492 4913 1594 4962 lixa
1646 4912 1697 4962 iu
1725 4911 1867 4972 odio,
1904 4911 1994 4962 sed
2025 4911 2106 4962 in-

536 5021 648 5062 star
681 5007 912 5059 volucris
937 5005 1124 5058 leviter
1162 5021 1219 5058 se
1257 5005 1512 5056 transfert
1553 5017 1658 5069 quo
1689 5003 1979 5065 desiderat,
2016 5001 2103 5054 ubi

535 5110 617 5152 est
683 5097 913 5150 ﬂatura?
963 5094 1184 5164 Oportet
1234 5095 1374 5147 enim
1429 5103 1676 5148 naturam
1727 5107 1845 5159 qua:
1893 5105 2108 5160 semper

535 5187 668 5248 odit,
695 5200 909 5253 semper
933 5184 1056 5236 odio
1087 5185 1286 5236 habere
1317 5183 1454 5251 quod
1488 5181 1631 5248 odit;
1665 5191 1718 5233 et
1745 5196 1863 5249 qua:
1891 5196 2105 5248 semper

538 5293 702 5337 amat,
759 5291 971 5344 setnper
1024 5291 1206 5328 amare
1259 5275 1398 5343 quod
1453 5273 1690 5336 amavit;
1743 5283 1798 5324 et
1850 5285 1951 5324 non
1995 5272 2104 5340 jam

536 5382 717 5420 amare
745 5383 864 5438 qua:
889 5369 1011 5420 odio
1044 5366 1251 5429 habuit,
1277 5378 1447 5434 neque
1471 5378 1589 5433 qua:
1625 5361 1825 5416 amavit
1857 5361 1979 5416 odio
2008 5363 2106 5414 ha-

609 5505 655 5538 “
694 5504 708 5556 l
744 5503 884 5558 Tim.
922 5520 974 5568 ι,
1013 5505 1111 5570 t5,
1154 5503 1235 5559 l6.

610 5664 630 5732 (
642 5659 723 5727 l0)
760 5661 863 5713 Καὶ
891 5661 1292 5732 παλινδμομεῖ.
1323 5660 1425 5718 Ista
1451 5660 1767 5717 evciderunt
1791 5658 2094 5729 interpreti.

611 5728 723 5804 (tl)
755 5728 1129 5800 Σραλεύτωιί.
1177 5728 1329 5803 Lege
1373 5732 1700 5803 σφαλέντων,
1733 5738 1786 5784 ct
1809 5728 1944 5785 inira
1977 5745 2112 5802 σφα-

2205 4735 2382 4789 κανὼν
2411 4736 2519 4806 γὰρ
2548 4735 2796 4806 πράξεως
2817 4737 2850 4806 ἡ
2875 4735 3124 4806 βούλησις
3151 4735 3242 4788 τοῦ
3266 4731 3630 4804 ἐργαζομένου
3661 4747 3780 4799 τυγο

2207 4823 2378 4893 χάνει.
2439 4825 2510 4877 Εί-
2532 4825 2587 4878 δὲ
2612 4825 2645 4878 ἀ
2679 4827 3037 4896 μεμισήκασι,
3068 4824 3420 4894 πεφιλήκασι,
3447 4823 3540 4875 xui.
3561 4821 3600 4876 ἃ.
3625 4840 3786 4892 πεφι-

2207 4914 2425 4983 λήκασι,
2459 4918 2816 4985 μεμισήκασι,
2849 4917 2943 4969 xui.
2963 4915 3024 4969 ού
3054 4915 3302 4986 πέπηγεν
3327 4917 3358 4985 ἡ
3399 4913 3594 4985 γνώμη
3629 4915 3688 4966 ἐν
3715 4913 3788 4982 τῷ

2211 5005 2377 5075 μίσει,
2431 5005 2564 5059 ἀλλὰ
2617 5007 2820 5076 πτηνοῦ
2848 5007 3002 5078 δίκην
3039 5005 3255 5074 κούφως
3285 5005 3632 5076 μεθίσταται,
3661 5007 3783 5058 ὅποι.

2211 5095 2302 5148 καὶ
2330 5095 2512 5148 ποθεῖ·
2551 5097 2651 5150 ποῦ
2686 5099 2718 5168 ἡ
2769 5097 2958 5167 φύσιςς
3005 5101 3097 5151 Δεῖ
3123 5098 3232 5168 γὰρ
3267 5098 3364 5168 τὴν
3407 5098 3570 5166 φύσιν
3606 5095 3764 5168 μισοῦ

2214 5199 2333 5247 σαν,
2368 5184 2454 5236 ἀεὶ
2484 5189 2662 5255 μισεῖν
2691 5187 2752 5239 τὸ
2791 5187 3038 5258 μισηθέν,
3071 5187 3161 5240 καὶ
3194 5187 3472 5255 φιλοῦσαν,
3505 5187 3593 5241 ἀεὶ
3622 5185 3794 5254 φιλεῖν

2213 5275 2273 5328 τὸ
2301 5274 2522 5346 φιληθέν
2543 5294 2556 5309 ο
2613 5278 2807 5349 μηκέτι
2843 5278 2911 5332 τὰ
2951 5278 3296 5350 μεμισημένα
3328 5279 3523 5348 φιλεῖν,
3563 5278 3700 5349 μηδὲ
3728 5277 3798 5331 τὰ

2215 5366 2562 5438 πεφιλημένα
2597 5372 2810 5439 μισεῖνο
2853 5371 2988 5424 ὅπου
3023 5369 3135 5438 γὰρ
3181 5369 3534 5424 ἀλλάττονται
3564 5371 3624 5422 αἱ
3657 5367 3797 5438 γνῶ-

2206 5654 2536 5782 illexit-pro
2560 5655 2878 5727 σφαλείτες,
2905 5659 3046 5729 quod
3073 5660 3293 5715 verbum
3323 5668 3402 5716 cst
3430 5659 3611 5718 nihili.
3634 5660 3795 5719 Enn.
