4012 6182
313 183 425 240 915

1244 197 1302 253 S.
1352 198 1772 257 SERAPIONIS
1809 199 2011 258 LIBER
2052 201 2216 260 ADV.
2256 197 2703 259 ΜΑΝιυιιιεοε.

3499 179 3606 251 in"

321 319 442 373 μαι.
470 304 565 356 καὶ
595 306 921 378 τηλικαῦται
957 311 1131 376 φιλίαι
1162 314 1421 381 τοιαύτας
1452 315 1796 388 λαμϐάνουσι
1822 314 1903 378 τὰς

2021 316 2170 374 bere.
2194 316 2295 376 Ubl
2314 326 2494 374 autem
2513 314 2797 373 sententia:
2812 322 3090 371 mutantur
3104 322 3160 370 et
3186 322 3263 370 tot
3278 312 3606 369 mutationes

320 395 646 467 μεταϐολὰς,
674 399 795 465 πῶς
820 402 920 456 οὐκ
949 402 1015 457 ἂν
1046 405 1131 479 εἴη
1164 404 1457 479 ἆμιλλατὸ
1488 409 1725 480 πρᾶγμα
1749 423 1765 473 ;

2014 409 2235 477 rapiunt
2264 406 2543 471 amicitiae,
2563 406 2689 474 quid
2708 405 2854 462 aliud
2884 419 2972 462 res
2998 414 3082 462 est
3107 419 3269 477 quam
3292 402 3607 459 certamen?

1121 497 1255 553 Car.
1282 497 1425 554 XVI.
1455 497 1767 555 Substautia
1793 499 1977 553 eadem
2006 510 2127 553 ante
2165 509 2214 553 et
2250 509 2363 567 post
2397 499 2803 554 conversionem.

398 586 678 659 ἐμιεεῖτὸ
730 607 860 645 ποτε
912 593 943 648 ὀ
980 594 1192 665 Ἰησοῦς
1244 596 1351 650 ὑπὸ
1401 595 1499 650 τοῦ
1533 596 1773 661 Παύλου,
1822 596 1916 650 καὶ

325 678 465 734 πάνυ
509 681 803 754 πεφίληται
865 684 972 737 ὐπὸ
1022 684 1119 739 τοῦ
1182 688 1590 760 μεμισηκότος·
1620 688 1854 757 ἐφιλεῖτο
1882 688 1916 757 ἠ

278 765 549 847 ilus-tata
605 773 708 826 ὐπὸ
728 773 823 827 τοῦ
867 775 1090 849 λῃστοῦ,
1116 779 1209 832 καὶ
1238 780 1482 850 ἐμισεῖτο
1510 780 1544 852 ὴ
1583 780 1752 851 ἀρετή
1774 796 1788 810 ·
1822 778 1918 832 καὶ

318 859 577 916 τοσοῦτον
625 865 886 938 μετετέθη
941 867 976 938 ἡ
1030 866 1262 931 διάνοια,
1313 868 1389 933 ώς
1433 869 1804 942 ὐπερφιλῆσαι
1854 866 1916 921 τὸ

316 952 462 1006 πάνυ
502 958 911 1027 μεμισημένον·
966 960 1128 1015 τοῦτο
1150 960 1259 1034 γὰρ
1291 961 1423 1017 ἴδιόν
1449 963 1566 1018 ἐστι
1599 962 1695 1017 τοῦ
1723 963 1917 1036 εὐαρέ-

314 1061 433 1108 του,
464 1048 691 1120 φιλῆσαι
727 1052 827 1122 μὲν
859 1053 923 1107 τὸ
945 1054 1200 1127 μισηθὲν,
1246 1059 1475 1129 μισῆσαι
1497 1057 1553 1111 δὲ
1580 1058 1641 1110 τὸ
1666 1058 1910 1131 φιληθέν.

314 1137 512 1192 Πολλοὶ
544 1141 654 1195 νέοι
676 1143 827 1208 ὄντες
846 1148 1183 1220 πεφιλήκασι
1213 1148 1282 1202 τὰ
1303 1150 1528 1221 αἰσχρὰ,
1561 1151 1655 1205 καὶ
1678 1152 1915 1223 μεμισή-

234 1257 249 1266 ο
316 1246 443 1283 κασι
471 1230 542 1284 τὰ
578 1235 785 1305 σεμνά·
849 1239 947 1291 καὶ
995 1241 1238 1311 σήμερον
1298 1243 1356 1295 ἐν
1390 1239 1591 1310 γνώσει
1626 1242 1914 1310 γεγονότες

311 1321 728 1396 διακέκρινται·
788 1328 877 1383 διὰ
909 1330 1069 1385 τοῦτο
1110 1332 1231 1386 οὐδὲ
1294 1333 1786 1403 ἐπιγινώσκονται·
1824 1335 1912 1389 διὰ

312 1416 474 1471 τοῦτο
501 1420 844 1488 ἠγωνίσαντο
865 1424 1079 1489 ἑαυτοῖς
1098 1442 1111 1455 ·
1147 1425 1237 1479 διὰ
1265 1424 1423 1479 τοῦτο
1456 1426 1577 1479 οὐδὲ
1604 1428 1788 1481 εἰκόνα
1814 1428 1911 1499 τὴν

313 1506 559 1561 παλαιὰν
622 1509 999 1581 λαμϐάνουσι·
1057 1514 1237 1570 καίτοι
1286 1515 1566 1588 ἄνθρωποι
1617 1517 1713 1571 καὶ
1757 1517 1911 1571 αὐτοι

313 1600 475 1653 εἰσιν.
532 1600 612 1656 Οὐ
647 1603 741 1658 τοῦ
786 1601 926 1660 εἶναι
956 1606 1234 1678 ἄνθρωποι
1274 1608 1611 1663 ἐπαύσαντο·
1643 1610 1912 1683 μενούσης

312 1691 415 1763 τῆς
440 1694 659 1759 οὐσίας,
713 1697 773 1751 οὐ
812 1699 1064 1769 μένουσιν
1092 1702 1141 1755 οί
1179 1701 1391 1773 τρόποι.
1427 1703 1495 1756 Ai
1521 1703 1704 1757 οὐσίαι
1724 1703 1784 1757 οὐ
1815 1702 1908 1756 λέ-

311 1785 523 1847 λυνται,
553 1789 604 1841 οῖ
650 1787 710 1843 δὲ
738 1790 933 1861 τρόποι
973 1792 1395 1848 καταλέλυνται·
1426 1794 1558 1866 ἔστη
1596 1796 1696 1867 μὲν
1729 1797 1762 1867 ἡ
1788 1796 1907 1851 ἑκά-

2099 594 2427 658 llabebatur
2465 594 2756 664 aliquando
2784 591 2942 651 Iesus
2969 594 3093 650 odio
3129 610 3157 648 a
3191 592 3378 659 Paulo,
3408 600 3460 647 et
3496 604 3606 645 mav-

2022 702 2259 758 gnopere
2285 698 2499 743 amatus
2531 698 2607 741 est
2638 689 2707 742 ab
2736 702 2802 743 eo
2829 688 2920 758 qui
2954 688 3164 743 oderat.
3197 688 3497 741 Amabalnr
3528 683 3605 736 la-

2020 779 2311 833 trocinium
2367 794 2395 831 a
2424 777 2652 843 latrone,
2685 787 2739 833 et
2784 777 2910 832 odio
2933 786 3047 833 erat
3081 778 3282 843 virtus;
3323 786 3370 828 et
3399 783 3601 829 tantam

2023 871 2373 926 ιιηιιιιιίοιιοιυ
2408 885 2559 925 ruens
2591 870 2753 940 cepit,
2784 879 2841 924 ut
2880 870 3022 939 quod
3054 869 3208 923 valde
3238 869 3447 932 oderat,
3484 881 3601 919 ma-

2018 978 2256 1033 gnopere
2315 974 2545 1017 amaret.
2612 962 2719 1018 lloc
2749 964 2892 1017 enim
2925 962 3197 1034 proprium
3230 971 3314 1016 est
3362 961 3480 1031 ejus
3511 959 3600 1028 (ιυὶ

2018 1055 2201 1109 studio
2236 1055 2454 1109 virtutis
2508 1065 2742 1122 tenetur,
2795 1070 2981 1109 amare
3036 1055 3251 1125 quidem
3292 1053 3434 1124 quod
3475 1053 3601 1106 odio

2014 1156 2333 1216 prosecutus
2390 1148 2588 1211 fuerat,
2643 1157 2697 1201 et
2733 1146 2857 1202 odio
2882 1145 3082 1203 habere
3112 1146 3252 1214 quod
3284 1154 3601 1215 prosecutus

2017 1254 2223 1293 amore.
2241 1239 2379 1307 Quin
2403 1239 2511 1293 imo
2532 1238 2904 1292 adolescentes
2933 1238 3235 1305 voluptates
3254 1238 3599 1299 adamaruut,

2014 1339 2068 1380 et
2112 1328 2335 1382 lnmesta
2381 1328 2508 1382 odio
2571 1329 2898 1386 habuerunt.
2967 1326 3137 1381 Hodie
3189 1326 3463 1379 cerninms
3508 1339 3602 1377 eus

2011 1432 2133 1473 esse
2157 1418 2209 1471 in
2238 1419 2462 1473 scientia
2495 1428 2551 1472 et
2583 1418 2919 1487 cognitione;
2947 1415 3149 1470 ideirco
3182 1428 3279 1468 nec
3299 1428 3602 1482 agnoscun-

2015 1519 2144 1573 tur;
2190 1509 2392 1565 ideirco
2418 1526 2602 1564 secum
2642 1520 3023 1575 certaverunt;
3055 1507 3255 1561 ideirco
3286 1520 3384 1560 nee
3416 1504 3604 1573 imagi-

2015 1618 2138 1657 nem
2169 1612 2405 1657 veterem
2453 1613 2718 1657 smnunt:
2753 1612 2808 1656 ιιι
2844 1602 3088 1657 homines
3142 1611 3289 1664 sunt,
3337 1607 3388 1654 el
3436 1597 3604 1650 iidem

2011 1702 2157 1748 sunt.
2183 1691 2299 1747 Non
2327 1692 2608 1748 desierunt
2634 1708 2758 1748 esse
2792 1692 3073 1758 homines;
3112 1702 3364 1746 nmnente
3398 1688 3602 1756 alioqui

2010 1782 2337 1848 substantia,
2395 1799 2497 1837 non
2559 1794 2779 1839 manent
2837 1797 3037 1839 tumes.
3100 1780 3430 1837 Substantize
3495 1795 3600 1832 nou

314 1889 447 1928 στου
468 1876 645 1938 οὐσία,
673 1880 707 1951 ἡ
732 1879 826 1933 τοῦ
863 1880 1153 1954 ἀνθρώπου
1175 1883 1335 1939 οὐσία
1352 1901 1367 1916 ·
1406 1885 1520 1941 ἀλλ’
1554 1885 1739 1940 οὐκέτι
1768 1903 1903 1955 γνω·

2015 1884 2137 1930 sunt
2161 1876 2374 1939 solutzu,
2400 1892 2576 1930 mores
2604 1877 2798 1931 sublati
2826 1886 2972 1932 sunt.
3006 1875 3439 1943 Uniuscujusque
3471 1871 3595 1929 Sob-

318 1965 461 2036 ρίζω
488 1967 575 2023 τὸν
601 1969 889 2042 ἄνθρωπον
903 1975 926 2004 ⁸·
989 1974 1188 2046 πόρνος
1215 1971 1307 2048 ἦν,
1365 1977 1461 2031 καὶ
1490 1978 1722 2049 σώφρων
1749 1978 1909 2047 γέγο-

315 2074 409 2110 νεν
430 2075 445 2088 ·
469 2058 652 2131 ἅρπαξ
678 2058 768 2134 ἦν,
809 2064 903 2119 καὶ
928 2065 1021 2119 τὸν
1044 2067 1394 2139 εὐεργετικὸν
1412 2069 1722 2140 μεμίμηται
1756 2070 1871 2142 βίον
1892 2087 1905 2101 ·

309 2151 373 2204 οὐ
406 2152 502 2206 τὸν
529 2156 857 2229 χαρακτῆρα
888 2159 984 2212 τοῦ
1012 2159 1306 2231 προσώπου
1337 2159 1553 2227 λέλυκε,
1584 2161 1737 2232 μένει
1760 2163 1792 2215 ὁ
1811 2162 1910 2235 τῆς

309 2241 493 2312 ὂψεως
546 2250 867 2320 χαρακτήρ·
937 2250 997 2303 οὐ
1070 2250 1170 2322 τὴν
1215 2250 1338 2321 ὄψιν
1391 2253 1491 2323 της
1552 2252 1768 2322 φύσεως
1816 2254 1910 2308 ἀν-

309 2334 540 2407 ᾕρηκεν.

2013 1967 2213 2022 stantia
2259 1968 2470 2022 exstitit
2524 1969 2761 2023 hominis
2814 1969 3152 2032 substantia;
3212 1967 3305 2021 sed
3339 1981 3443 2019 non
3484 1964 3592 2030 j.ou

2017 2057 2289 2114 hominem
2323 2074 2580 2129 agnoseo.
2643 2060 2770 2113 Erat
2818 2059 3156 2121 libidinosus,
3215 2067 3269 2112 et
3306 2058 3480 2110 factus
3517 2062 3589 2109 est

2016 2151 2262 2222 pudicus.
2300 2149 2463 2204 Latro
2514 2161 2652 2215 erat,
2686 2165 2737 2204 et
2771 2153 2935 2205 vitam
2995 2153 3209 2221 benigni
3262 2159 3317 2202 et
3370 2149 3586 2204 benelia

2018 2242 2264 2297 imitatus
2292 2252 2391 2297 est.
2429 2242 2542 2295 Non
2575 2243 2797 2313 lignram
2845 2258 3089 2311 persona:
3125 2242 3352 2304 delevit;
3389 2255 3592 2310 perma-

2020 2346 2151 2390 nent
2188 2334 2516 2389 liueamenta
2569 2346 2857 2403 aspectus;
2912 2352 3016 2389 non
3069 2334 3596 2403 abetulitaspectum

2007 2438 2236 2483 naturae.

1378 2549 1505 2607 CAP.
1541 2549 1705 2605 XVII.
1749 2548 1909 2604 Modo
1943 2548 2086 2602 dicta
2125 2545 2531 2613 conﬁrmantur.

384 2628 557 2684 Ὅταν
614 2633 713 2705 μὲν
766 2636 857 2691 τὸν
905 2638 1194 2711 ἄνθρωπον
1231 2642 1348 2708 ἱδω,
1408 2642 1759 2713 ἐπιγινώσκω
1799 2638 1912 2707 οἷός

310 2719 495 2773 ἐστιν·
528 2721 659 2776 ὅταν
682 2724 739 2778 δὲ
767 2727 860 2781 τὸν
886 2730 1089 2801 τρόπον
1109 2730 1395 2805 θεωρησω,
1432 2733 1742 2806 ξενίζομαι·
1778 2735 1908 2789 οὐκ·

310 2810 398 2866 ἑτι
452 2816 741 2888 γνωρίζω·
791 2822 823 2891 ἡ
889 2823 1217 2898 μεταλλαγὴ
1237 2825 1327 2881 τον
1377 2826 1633 2898 ξενισμὸν
1675 2826 1911 2898 δεδώρη-

220 2966 238 2977 ο
307 2918 428 2956 ται.
485 2905 595 2958 Καὶ
640 2908 697 2961 αἱ
729 2909 829 2979 μὲν
860 2911 1040 2965 οὐσίαι
1069 2913 1172 2967 οὐκ
1199 2913 1553 2986 ἠλλάγησαν·
1612 2915 1762 2986 μένει
1796 2918 1909 2988 γὰρ

309 2994 380 3049 τὸ
404 2996 581 3069 σῶμα,
610 3001 708 3072 οὐχ
741 3003 928 3074 ἕτερον
951 3005 1175 3074 γεγονός
1195 3022 1209 3034 ·
1240 3004 1366 3060 οὐτε
1400 3007 1510 3078 γὰρ
1544 3007 1606 3061 τὸ
1634 3007 1792 3078 σῶμα
1825 3009 1907 3072 είς

305 3086 378 3140 τὸ
406 3088 698 3162 ἀσώματον
734 3095 996 3168 μετετέθη
1019 3112 1034 3128 ·
1064 3096 1189 3151 οὐτε
1215 3100 1247 3169 ἡ
1274 3098 1422 3172 ψυχὴ
1462 3100 1625 3173 ἑτέρα
1644 3103 1711 3172 τῇ
1746 3100 1905 3173 οὐσίᾳ

308 3178 561 3249 ὑπῆρξεν
584 3199 598 3214 ·
629 3183 768 3238 ἀλλὰ
809 3188 1086 3259 μενουσῶν
1118 3189 1228 3243 τῶν
1261 3190 1479 3257 οὐσιῶν,
1516 3192 1585 3247 τὰ
1624 3192 1907 3266 ἐπιτηδεύ-

310 3287 464 3341 ματα
496 3273 597 3327 οὐκ
623 3276 826 3345 ἔμεινε.

2072 2639 2219 2694 .Cum
2281 2639 2553 2692 hominem
2606 2638 2780 2701 video,
2817 2651 3053 2708 agnosco
3102 2637 3275 2707 quaiis
3325 2644 3439 2699 est;
3473 2651 3596 2690 eum

2013 2743 2147 2785 vero
2176 2742 2354 2783 mores
2382 2726 2738 2796 contemplor,
2764 2726 3023 2789 admiror,
3055 2740 3160 2778 non
3185 2724 3415 2793 amplius
3441 2738 3598 2792 agno-

2012 2837 2129 2879 sco.
2176 2820 2385 2875 Murum
2423 2819 2708 2876 translatio
2771 2819 3186 2873 admirationem
3220 2818 3419 2872 attulit.
3458 2818 3597 2870 Sub-

2010 2915 2224 2970 stantia:
2253 2914 2469 2982 quidem
2523 2927 2627 2966 non
2660 2922 2788 2985 sunt
2833 2922 3085 2975 mutatae;
3137 2927 3333 2981 corpus
3360 2911 3503 2964 enim
3542 2909 3595 2963 in

2008 3008 2310 3063 substantia
2339 3006 2584 3076 corporis
2639 3014 2968 3074 perseverat.
3022 3003 3137 3060 Non
3171 3005 3313 3058 aliud
3352 3003 3550 3057 factum
3579 3019 3594 3067 ;

2013 3116 2116 3156 nec
2166 3101 2309 3156 enim
2336 3116 2537 3170 corpus
2591 3101 2642 3153 in
2709 3099 3088 3169 incorporeum
3139 3098 3455 3151 translatum
3491 3105 3594 3162 est,

2014 3207 2113 3248 nec
2138 3196 2319 3247 anima
2355 3192 2455 3245 alia
2485 3192 2691 3246 eastrtit
2722 3193 3015 3245 secundum
3043 3191 3398 3244 substantiam
3425 3207 3438 3243 :
3468 3191 3595 3259 quin

2015 3285 2192 3355 potius
2254 3283 2598 3339 manentibus
2621 3282 2963 3349 substantiis,
3022 3299 3126 3336 non
3183 3292 3596 3352 permanserunt

2012 3376 2214 3430 studia.

1202 3465 1334 3521 Car.
1371 3464 1553 3520 Χνιιιλ
1603 3465 1749 3520 Idem
1787 3478 2151 3536 argumentum
2193 3484 2378 3522 rursus
2408 3476 2690 3522 astrmtur.

384 3555 455 3609 Τί
482 3550 577 3612 οὖν
625 3557 892 3630 ἑροῦμενς
925 3560 974 3613 εἰ
1021 3562 1298 3632 μενουσῶν
1328 3563 1438 3616 τῶν
1465 3563 1661 3617 οὐσιῶν
1693 3562 1761 3617 τὰ
1792 3564 1903 3617 ἐπι-

2085 3564 2224 3627 Ouid
2282 3564 2764 3634 igiturfdieemus?
2797 3564 2841 3618 si
2894 3565 3236 3618 nutrientibus
3281 3561 3601 3617 substantiis

305 3645 628 3720 τηδεῦματα
661 3651 764 3705 οὐκ
799 3650 1037 3722 ἔμεινεν,
1072 3653 1256 3707 οὐκέτι
1310 3652 1540 3723 οὐσιώδη
1576 3652 1646 3706 τὰ
1709 3654 1904 3723 ἐπιτη-

304 3739 658 3816 δεύματα-ἦ
723 3744 832 3818 γὰρ
899 3748 965 3802 ἂν
1012 3749 1107 3803 καὶ
1157 3748 1435 3819 συνέμεινε
1499 3750 1618 3810 ταῖς
1668 3746 1900 3810 οὐσίαις,

305 3833 409 3887 καὶ
436 3834 537 3888 οὐκ
570 3835 638 3889 ἂν
669 3837 1075 3910 ἀπηλλάττοντο
1098 3857 1112 3871 ·
1151 3840 1278 3894 εἰδὲ
1317 3838 1658 3910 μεμενήκασι
1721 3836 1820 3907 μὲν
1845 3837 1902 3889 αξ

304 3924 510 3989 οὐσίαι,
570 3928 634 3982 οὐ
686 3932 1029 4004 μεμενήκασι
1066 3932 1123 3986 δὲ
1178 3931 1247 3985 τὰ
1296 3929 1731 4002 ἐπιτηδεύματα,
1784 3927 1899 3982 ἀλλ’

302 4017 591 4091 ὀφθαλμὸς
623 4022 653 4075 ὀ
699 4023 868 4077 πάλαι
913 4024 1236 4096 αἱρούμενος
1272 4026 1339 4095 τῇ
1380 4023 1542 4095 ἡδονῇ
1594 4009 1899 4075 ἀντικλεῖδα

305 4110 410 4183 τὴν
432 4113 789 4185 σωφροσύνην
812 4116 1005 4187 ἔσχεν·
1058 4118 1092 4188 ἡ
1117 4117 1175 4170 δὲ
1209 4116 1431 4186 γλῶσσα
1469 4117 1503 4187 ἡ
1558 4116 1727 4171 πάλαι
1773 4117 1900 4188 πρό-

306 4217 492 4272 χειρος
510 4204 605 4257 καὶ
627 4205 945 4276 πρόϐουλος,
964 4208 1058 4260 καὶ
1083 4205 1192 4260 τῶν
1217 4205 1423 4271 βουλῶν
1447 4206 1895 4277 προεπαγομένη,

307 4295 435 4366 ἄρτι
474 4296 677 4369 χαλινῷ
704 4297 973 4362 πείθεται,
1010 4300 1105 4353 καὶ
1140 4299 1420 4368 ὁμολογεῖ.
1448 4298 1544 4351 καὶ
1581 4297 1650 4351 τὰ
1678 4298 1894 4369 ἀσφαλῆ

307 4385 644 4456 φθέγγεται·
702 4389 764 4443 τὸ
822 4389 878 4442 δὲ
923 4390 1083 4462 σῶμα
1135 4387 1606 4460 ἐκδεδιαιτημένον
1638 4388 1749 4460 (1‘2)
1772 4390 1895 4461 ἄρτι

304 4478 511 4548 ἡρεμεί
557 4480 651 4533 καὶ
682 4480 1006 4551 συνεστάλη,
1036 4481 1127 4536 καὶ
1148 4480 1334 4534 λοιπὸν
1361 4482 1663 4552 σωφρονεῖ·
1705 4480 1805 4532 οὐκ
1826 4475 1894 4552 ἦν

306 4571 472 4639 φύσις
514 4571 608 4626 τοῦ
642 4572 924 4643 ὀφθαλμοῦ
958 4572 1155 4645 ὄρεξις,
1197 4572 1322 4626 οὐτε
1376 4572 1625 4643 γλώττης
1684 4573 1892 4644 προπέ-

303 4679 445 4726 τεια,
476 4662 600 4717 οὔτε
631 4663 883 4735 σώματος
911 4668 944 4736 ἡ
974 4667 1236 4738 ῥᾳθυμία·
1273 4667 1332 4720 οὐ
1364 4668 1477 4735 (15)
1509 4666 1565 4720 δὲ
1596 4667 1707 4730 τοῖς
1743 4683 1895 4735 φυσι-

304 4758 423 4819 κοῖς
450 4757 739 4828 ἐπιστῆναι
774 4758 873 4821 δεῖ,
910 4760 1006 4813 καὶ
1030 4759 1202 4813 ταῦτα
1228 4759 1303 4830 μὴ
1333 4758 1609 4830 σιωπῆσαι
1628 4773 1644 4787 ·
1693 4758 1893 4827 ὀφθαλοο

305 4849 412 4921 μοῦ
438 4846 508 4921 ἦν
532 4850 592 4904 τὸ
621 4850 858 4921 βλέπειν,
915 4852 976 4905 οὐ
998 4853 1059 4906 τὸ
1097 4852 1214 4916 πῶς
1239 4851 1457 4922 βλέπειν
1485 4868 1499 4882 ·
1530 4852 1625 4906 καὶ
1647 4851 1891 4923 γλώττης

2014 3672 2120 3711 non
2157 3669 2572 3725 permanserunt
2603 3658 2801 3721 studia,
2846 3674 2949 3710 non
2993 3658 3174 3710 insunt
3215 3662 3265 3708 in
3295 3662 3595 3709 substantia

2010 3748 2208 3802 studia.
2273 3748 2331 3803 Si
2369 3752 2513 3802 enim
2557 3750 2607 3802 in
2637 3749 2938 3802 substantia
2990 3749 3247 3810 inessent,
3290 3747 3447 3800 simul
3473 3762 3594 3798 cum

2009 3837 2327 3890 substantiis
2364 3847 2772 3905 pernumerem,
2804 3845 2857 3889 et
2914 3852 3018 3889 non
3055 3846 3412 3891 mutarentur.
3440 3836 3596 3904 Quod

2007 3929 2051 3982 si
2092 3929 2408 3984 sobstantia:
2461 3929 2514 3982 in
2573 3938 2763 3981 matura
2799 3945 2893 3982 sua
2925 3939 3429 3997 perseverm'erunt,
3488 3946 3592 3984 non

2007 4030 2187 4075 autem
2214 4030 2694 4088 perseveraverant
2726 4022 2925 4086 studia,
2954 4023 3045 4075 sed
3087 4021 3263 4090 potius
3290 4021 3478 4076 oculus
3504 4021 3592 4090 qui

2005 4113 2132 4166 olim
2158 4111 2430 4182 voluptate
2458 4112 2791 4181 capiebatur,
2813 4114 3223 4183 temperantiam
3244 4130 3339 4184 pro
3359 4114 3598 4169 elattstro

2007 4203 2234 4266 habuit;
2278 4203 2458 4274 lingua
2513 4218 2634 4272 qua:
2687 4203 2816 4259 olim
2850 4215 3093 4274 prompta
3122 4218 3173 4259 et
3212 4221 3448 4274 prmeeps
3497 4204 3595 4261 fuit

2003 4305 2056 4350 et
2073 4298 2293 4352 consilia
2317 4314 2671 4368 praecurrens,
2692 4297 2802 4366 jam
2831 4298 2983 4352 freno
3010 4300 3233 4352 rationis
3261 4301 3597 4368 obtemperat

2002 4402 2056 4445 et
2084 4392 2393 4457 conﬁtetur,
2424 4402 2476 4446 et
2506 4410 2624 4461 quoe
2655 4408 2841 4447 errore
2872 4368 3077 4451 carent.
3101 4391 3369 4458 loquitur;
3399 4406 3595 4461 corpus

2011 4499 2141 4538 vero
2171 4485 2329 4555 paulo
2359 4498 2481 4539 ante
2503 4496 2618 4540 e'at
2656 4486 2705 4537 in
2735 4497 2899 4547 metu,
2930 4487 3277 4554 quiescebat;
3309 4496 3427 4541 erat
3459 4499 3589 4539 eon-

2003 4588 2256 4638 tracltlm,
2282 4588 2335 4631 et
2366 4588 2548 4645 postea
2582 4587 2878 4648 temperate
2898 4578 3027 4632 Vivit
3048 4598 3059 4633 :
3081 4583 3325 4649 sequitur
3343 4589 3591 4631 naturam

2000 4668 2137 4723 oculi
2174 4684 2277 4722 non
2306 4685 2426 4723 esse
2447 4672 2765 4739 appetitum,
2797 4685 2970 4739 neque
3000 4670 3191 4737 lingua:
3222 4681 3467 4722 naturam
3501 4683 3568 4737 pe

2003 4760 2307 4821 tulantiam.
2336 4775 2508 4828 neque
2539 4761 2780 4829 corporis
2801 4770 3044 4813 naturam
3068 4759 3336 4828 pigritiam
3359 4769 3413 4811 et
3446 4757 3598 4827 igna-

2001 4851 2164 4903 viam.
2185 4851 2335 4917 Quod
2361 4853 2404 4907 si
2423 4861 2633 4920 oportet
2652 4852 2702 4904 in
2728 4850 3061 4906 naturalibus
3079 4851 3391 4920 persistere,
3410 4858 3464 4904 et
3487 4865 3593 4905 nou

299 4938 372 5015 ἦν
398 4942 581 4998 λαλεῖν
604 4945 753 5015 (14)·
786 4948 829 5017 ήη
852 4945 961 5017 γὰρ
991 4946 1214 5018 ποιότης
1241 4945 1349 4999 τῶν
1390 4947 1712 5017 κινημάτων
1737 4948 1793 5000 ὲν
1827 4950 1893 5019 τῇ

2015 4942 2116 4995 haec
2142 4952 2340 5007 tace-re,
2363 4942 2502 4994 oeuli
2538 4952 2654 4994 erat
2689 4943 2887 5004 videre.
2921 4956 3024 4996 non
3056 4934 3324 5010 quomodo
3352 4941 3593 5005 videret;

302 5035 627 5106 προαιρέσει
677 5039 891 5089 κεῖται·
940 5038 973 5108 ἡ
1023 5036 1079 5089 δὲ
1122 5034 1267 5108 ἁπλὴ
1320 5038 1417 5089 καὶ
1478 5036 1758 5100 ἀκίνδυνος
1793 5037 1898 5091 τῶν

302 5122 650 5191 πραγμάτων
677 5124 891 5195 κίνησις
917 5127 1030 5188 τοῖς
1062 5124 1281 5194 μέλεσιν
1305 5124 1653 5180 ἀποδέδοται·
1679 5125 1899 5181 ἀκίνδυ-

300 5229 395 5276 νος
426 5209 521 5267 οὖν
548 5215 583 5286 ἡ
616 5215 759 5287 ἁπλῆ
814 5216 1053 5286 κίνησις·
1087 5216 1283 5287 ἄδηλος
1315 5216 1371 5271 δὲ
1411 5218 1444 5288 ἡ
1472 5218 1742 5289 μεταϐολή
1761 5240 1774 5250 ·
1804 5219 1897 5272 καὶ

302 5301 534 5374 γνώμης
562 5304 660 5374 μὲν
684 5305 779 5357 καὶ
812 5306 1172 5376 μαθημάτων,
1209 5307 1531 5378 ἡγουμένων
1565 5306 1673 5360 τῶν
1705 5309 1890 5380 ὀμμα-

378 5443 494 5517 (12)
525 5445 595 5499 Τὸ
626 5444 694 5498 δὲ
724 5445 894 5516 σῶμα
920 5447 1114 5503 ἐκδεδ.
1153 5447 1327 5502 Vertit
1344 5447 1643 5517 Basnagius
1676 5466 1691 5503 :
1723 5465 1909 5517 corpus

302 5515 582 5569 laxioriose
608 5519 779 5570 vivens
812 5515 1087 5572 novissime
1120 5521 1333 5585 quiescit
1366 5534 1385 5572 :
1415 5515 1655 5572 timidum
1693 5515 1889 5588 [artum

305 5593 409 5659 est,
438 5596 488 5659 et
527 5597 708 5659 postea
747 5589 862 5659 vivit
896 5597 1199 5654 temperate.
1251 5590 1520 5657 interpres
1565 5602 1748 5643 noster
1796 5606 1892 5659 pro

308 5655 778 5733 ἐκδεδιῃτημένον
832 5658 1029 5731 legisse
1079 5660 1289 5716 videtur
1323 5678 1335 5715 :
1365 5655 1584 5727 ἐδεδίει,
1633 5655 1892 5732 τήμερον.

2006 5045 2054 5089 et
2083 5034 2274 5103 linguae
2302 5036 2425 5088 item
2454 5034 2620 5102 loqui,
2651 5049 2753 5087 non
2778 5036 3045 5104 quomodo
3074 5033 3385 5103 loqueretur
3411 5052 3425 5088 :
3459 5049 3596 5104 qua-

2006 5124 2129 5179 litas
2159 5125 2301 5177 enim
2353 5136 2596 5179 lllOllllltll
2632 5126 2804 5193 posita
2836 5136 2918 5179 est
2949 5124 3001 5178 in
3035 5124 3322 5179 electione.
3351 5123 3593 5194 Simplex

2005 5226 2207 5281 autem,
2235 5226 2288 5270 el
2313 5232 2414 5269 non
2438 5216 2734 5285 pet‘it'ulosa
2767 5232 2944 5270 rerum
2966 5217 3131 5269 motio
3159 5216 3415 5271 membris
3443 5216 3596 5270 allii-

2008 5311 2206 5364 builnr.
2240 5309 2481 5364 Pericnlo
2507 5310 2669 5380 igitur
2693 5318 2845 5362 vacat
2872 5308 3096 5378 simplex
3137 5318 3348 5375 motus;
3388 5306 3589 5363 incerta

2025 5450 2149 5504 lnole
2180 5449 2354 5502 hiulca
2394 5448 2681 5501 admodum
2713 5453 2801 5500 est
2825 5446 3197 5513 interpretatio
3228 5441 3442 5501 Latina.

2078 5517 2192 5589 (l5)
2224 5521 2326 5573 Οὺ.
2366 5520 2426 5571 ΕΞ
2457 5518 2649 5589 legisse
2682 5518 2894 5570 videtur
2919 5517 3202 5583 interpres.

2078 5586 2193 5660 (14)
2227 5589 2469 5645 Ααλεῑν.
2491 5586 2617 5660 Post
2651 5589 2789 5660 banc
2817 5602 3023 5660 tjotem,
3059 5590 3157 5643 ista
3192 5587 3357 5643 etiam
3404 5586 3598 5659 legerit

2005 5655 2271 5733 interpres
2309 5681 2319 5716 :
2354 5660 2412 5713 οὐ
2455 5660 2515 5712 τὸ
2542 5658 2659 5721 πῶς
2693 5655 2891 5712 λαλεῖν.
