4098 6200
512 225 618 281 919

1605 238 1883 296 PATRES
1922 243 2221 299 AEGYPTII
2254 234 2532 305 .SASCULI
2570 248 2655 306 IV.

3671 262 3774 316 920

513 342 750 411 piscator
791 341 1003 410 Petrus,
1035 354 1089 400 et
1137 346 1309 402 malus
1351 358 1499 414 erat;
1529 366 1633 405 non
1661 354 1805 407 enim
1837 367 1953 410 erat
1982 374 2077 411 ex-

2189 352 2487 433 ἁλιεὺςῆν,
2520 364 2614 417 καὶ
2640 364 2811 429 κακὸς
2846 360 2914 438 ἦν
2934 385 2947 397 ·
2980 365 3105 421 ούτε
3135 370 3244 440 γὰρ
3279 372 3664 447 ἀναμάρτητος
3685 372 3776 449 ἦν,

512 450 637 505 pera
668 439 898 507 peccati,
929 439 1091 492 homo
1124 439 1387 510 siquidem
1419 452 1557 497 erat.
1587 443 1821 514 Reliquit
1855 464 2084 517 sagenas

511 534 569 587 et
597 530 794 597 pisces,
827 543 883 586 et
926 531 1130 586 relictis
1164 535 1416 590 omnibus
1453 538 1801 605 sequebatur,
1827 551 1884 593 ut
1912 541 2083 595 solum

454 620 459 623 ’
515 621 696 676 Jesum
726 624 985 689 haberet;
1018 633 1068 678 et
1101 625 1306 680 relictis
1332 627 1541 696 primis,
1569 645 1673 684 non
1697 631 1965 685 desiderio
1987 648 2085 687 soo

515 715 823 775 frustratus,
873 717 1073 785 reperit
1120 719 1262 785 quod
1291 721 1562 786 quaesivit,
1590 731 1644 775 et
1673 736 1738 777 eo
1766 738 1938 791 usque
1970 740 2088 791 pro-

515 818 731 871 gressus
760 814 865 871 est,
917 814 975 860 ut
1025 809 1236 862 audiret
1267 826 1281 863 :
1312 807 1388 863 Tu
1417 826 1469 863 es
1505 810 1689 866 Simon
1717 813 1862 881 [ilius
1889 814 2083 869 Jonw:

513 906 568 948 lu
592 896 851 949 vocaberis
866 895 1064 959 Cephas
1079 899 1146 963 ²³;
1177 900 1318 968 quod
1350 916 1541 955 nomen
1565 903 1829 972 significat
1845 903 2084 969 Petrum;

511 1000 569 1043 ut
614 989 824 1045 audiret
852 1010 864 1045 :
897 991 1011 1045 Tibi
1056 992 1192 1046 dabo
1247 996 1417 1048 claues
1465 1000 1605 1065 regni
1648 998 1987 1060 rariorum“;
2030 1009 2087 1052 ut

513 1079 874 1134 testimonium
904 1082 952 1136 ei
981 1082 1310 1137 tribueretur
1335 1103 1347 1138 :
1374 1084 1511 1138 Caro
1540 1097 1586 1139 et
1617 1089 1831 1155 sanguis
1872 1105 1972 1142 non
2004 1106 2081 1143 re-

510 1168 691 1223 uelauit
747 1171 862 1235 tibi,
915 1174 1005 1226 sed
1064 1172 1226 1226 Pater
1277 1190 1440 1239 meus,
1481 1176 1570 1244 qui
1625 1188 1699 1230 est
1752 1178 1806 1230 in
1857 1179 2079 1231 caelis”.

512 1258 701 1315 Postea
733 1262 914 1330 lapsus
948 1271 1031 1319 est
1076 1265 1126 1318 iu
1174 1266 1335 1319 verbo
1368 1268 1661 1333 petulanti;
1689 1280 1886 1323 etcum
1918 1272 1983 1322 ad
2011 1273 2084 1323 in-

512 1355 840 1423 crepaudum
874 1357 1246 1425 processisset,
1282 1374 1380 1413 nec
1425 1362 1491 1414 ab
1520 1361 1888 1431 increpatione
1929 1365 2077 1433 fuge-

512 1452 614 1511 ret,
640 1444 877 1498 audivit:
911 1443 1049 1501 Vade
1077 1460 1186 1515 post
1218 1466 1316 1513 me,
1348 1447 1581 1516 Salano;
1615 1453 1922 1506 scandalum
1950 1457 2079 1509 mihi

508 1552 580 1596 es,
609 1538 732 1604 quia
756 1553 857 1590 non
884 1538 1027 1605 sapis
1053 1556 1171 1609 qua:
1197 1540 1289 1595 Dei
1316 1544 1561 1606 sunt,sed
1583 1561 1701 1613 quw
1725 1546 1995 1599 hominum
2016 1549 2083 1599 “.

514 1625 674 1679 Paulo
728 1637 853 1682 ante
902 1628 1081 1684 claves
1112 1643 1417 1700 acceperat,
1450 1644 1499 1688 et
1529 1632 1688 1689 Pater
1715 1637 1769 1689 in
1804 1651 1869 1690 eo
1903 1637 2085 1707 loque-

2192 452 2477 521 ἄνθρωπος
2507 454 2617 526 γὰρ
2655 453 2723 528 ἦν
2746 475 2759 488 ·
2811 460 2907 511 καὶ
2943 459 3164 532 κληθεὶς
3207 464 3359 533 ἠφίει
3406 465 3504 530 τὰς
3535 470 3780 541 σαγήνας

2193 546 2287 598 καὶ
2312 547 2438 610 τοὺς
2467 547 2676 618 ίχθύας,
2695 551 2979 619 ἠκολούθει
3011 554 3069 607 δὲ
3097 556 3278 609 πάντα
3298 558 3477 627 ἀφεὶς,
3497 559 3585 614 ἵνα
3620 561 3778 631 μόνον

2191 638 2290 712 ἔχῃ
2316 640 2407 692 τὸν
2443 641 2651 712 Ἰησοῦν
2673 660 2687 673 θ
2722 644 2817 696 καὶ
2846 645 2915 699 τὰ
2944 647 3135 719 πρῶτα
3167 649 3468 715 ἀπολιπὼν,
3495 653 3596 706 ούκ
3624 656 3776 709 ἐστε-

2193 730 2334 800 ρήθη
2372 732 2464 784 τοῦ
2492 732 2823 804 ποθουμένου
2842 753 2855 767 ο
2887 731 3013 808 εὗρε
3041 739 3150 810 γὰρ
3181 741 3241 793 τὸ
3275 741 3533 813 ζητηθέν,
3563 744 3661 797 καὶ
3687 746 3777 799 ἐπὶ

2191 822 2458 895 τοσαύτην
2480 824 2593 892 ἕξιν
2618 827 3002 899 προελήλυθεν,
3020 830 3095 894 ὡς
3110 830 3339 886 ἀκοῦσαι
3359 848 3373 858 ”
3406 834 3489 887 Σὺ
3513 831 3782 904 εἷΣίμων

2192 914 2226 966 ό
2251 915 2376 979 υἱὸς
2423 909 2622 970 Ἰωνᾶ·⁴
2644 916 2725 971 σὺ
2759 917 3039 987 κληθήσῃ
3072 919 3301 989 Κηφᾶς,
3345 921 3374 975 ὃ
3415 923 3780 993 ἑρμηνεύεται

2192 1002 2417 1072 Πέτρος
2436 1021 2450 1036 ο
2481 1006 2559 1071 ὼς
2599 1008 2852 1072 ἀκοῦσαι,
2883 1009 3062 1065 Δώσω
3102 1028 3221 1073 σοι.
3255 1016 3459 1083 Πέτρε,
3491 1018 3601 1083 τὰς
3626 1019 3783 1071 κλεῖ-

2192 1092 2305 1158 δας
2330 1093 2439 1162 τῆς
2464 1097 2787 1165 βασιλείας
2817 1100 2937 1153 τῶν
2976 1103 3279 1172 οὐρανῶν
3311 1107 3387 1165 ὡς
3422 1109 3750 1180 μαρτυρηθῆ
3767 1139 3783 1150 .

2196 1204 2304 1251 ναι,
2336 1188 2497 1257 Σὰρξ
2543 1192 2641 1245 καὶ
2678 1188 2823 1262 αἷμα
2866 1198 2979 1248 οὐκ
3028 1197 3393 1267 ἀπεκάλυψέ
3423 1217 3542 1263 σοι,
3579 1203 3721 1255 ἀλλ’
3750 1207 3783 1256 ό

2195 1280 2395 1349 Πατήρ
2414 1299 2535 1350 μου
2560 1284 2591 1336 ὁ
2621 1283 2916 1352 οὐράνιος.
2950 1286 3215 1359 ’Ὕστερον
3250 1292 3580 1361 προπετείας
3608 1294 3782 1366 ᾑρέθη
3870 1342 3874 1345 γ

2198 1372 2434 1458 ρήματιο
2472 1375 2738 1446 καὶπρὸς
2778 1379 2844 1448 τῇ
2896 1378 3151 1452 ἐπιτιμία
3190 1382 3502 1452 γενόμενος,
3543 1387 3640 1438 καὶ
3682 1386 3786 1458 τὴν

2194 1456 2476 1531 ἐπιτιμίαν
2498 1461 2571 1532 μὴ
2598 1464 2834 1532 φεύγων,
2857 1467 3088 1536 ἤκουσεν
3109 1486 3122 1499 ο
3158 1470 3390 1541 "natura
3417 1468 3614 1528 ὀπίσω
3635 1456 3781 1545 μου,

2202 1551 2458 1616 Σατανᾶ,
2484 1554 2832 1610 σκάνδαλόν
2849 1575 2969 1627 μου
2994 1556 3068 1622 εἷ,
3098 1560 3185 1614 ὅτι
3217 1565 3289 1617 οὺ
3316 1564 3556 1632 φρονεῖς
3576 1568 3649 1620 τὰ
3674 1567 3786 1622 τοῦ

2197 1644 2369 1709 Θεοῦ,
2398 1645 2559 1699 ἀλλὰ
2586 1647 2659 1700 τὰ
2687 1648 2804 1701 τῶν
2835 1649 3163 1718 ἀνθρώπων
3180 1671 3194 1685 ·
3232 1655 3325 1707 καὶ
3357 1656 3482 1728 ἄρτι
3513 1659 3614 1729 μὲν
3637 1660 3787 1713 κλεῖ-

509 1717 694 1783 batur;
741 1718 935 1775 Petrus
970 1738 1065 1791 pro
1108 1723 1329 1779 Simone
1368 1727 1705 1796 appellatus;
1747 1731 1840 1783 sed
1874 1746 1971 1799 pro
2003 1747 2083 1785 re-

2189 1736 2281 1799 δας
2325 1737 2571 1808 οὐρανῶν
2620 1738 2867 1810 ἐδέχετο·
2912 1743 3104 1816 Πατὴρ
3146 1746 3205 1799 ὲν
3251 1717 3410 1817 αύτῷ.
3444 1717 3782 1820 ὲφθέγγετο’

509 1811 884 1867 nmneratione
956 1813 1377 1883 increpationem
1443 1820 1626 1890 elegit.
1702 1822 2084 1877 Verumtamen

510 1901 650 1955 facta
680 1913 764 1957 est
788 1902 937 1972 lapso
956 1907 1265 1973 ,mediciua,
1286 1906 1546 1973 etfacttis
1575 1919 1658 1965 est
1687 1912 1914 1977 melior;
1947 1912 2086 1966 facta

507 2003 591 2046 est
622 1993 917 2063 increpatio
966 1997 1176 2051 Domini
1216 2001 1540 2064 remedium,
1571 2011 1625 2054 et
1664 2019 1817 2057 meus
1848 2004 2091 2058 curatio-

509 2098 632 2137 nem
665 2086 909 2153 amplexa
941 2095 1046 2152 est,
1070 2099 1124 2141 et
1150 2105 1377 2159 magnus
1404 2106 1468 2145 ac
1490 2092 1703 2145 divinus
1732 2093 2085 2163 eralPetrus;

506 2183 562 2228 et
590 2175 681 2243 qui
733 2176 956 2245 lapsunr
987 2192 1296 2246 curaverat,
1351 2182 1482 2236 nihil
1526 2182 1710 2238 damni
1751 2185 1804 2238 in
1841 2200 1906 2241 eo
1944 2188 2087 2255 quod

506 2268 657 2337 prius
688 2268 890 2324 dictum
924 2282 1030 2336 est,
1064 2272 1287 2327 fecerat.
1330 2275 1398 2329 Ut
1428 2286 1606 2331 autem
1639 2278 1896 2334 Dominus
1929 2280 2090 2333 tradi-

507 2367 594 2413 tus
631 2366 737 2423 est,
770 2369 827 2414 et
854 2361 1150 2416 ducebatur
1177 2364 1243 2435 ad
1272 2367 1469 2419 atrium
1519 2368 1810 2435 pontificis,
1852 2369 2090 2438 prodidit

505 2466 585 2514 se,
619 2452 798 2506 timori
826 2455 1111 2510 succubuit
1145 2457 1235 2513 ille
1273 2458 1427 2514 fortis
1479 2460 1702 2526 Petrus;
1743 2463 2089 2519 tremefactus

505 2553 589 2597 est
650 2545 738 2614 qui
771 2546 950 2601 claves
987 2560 1308 2617 acceperat;
1342 2551 1636 2620 periculum
1681 2554 1798 2618 fuit,
1836 2571 1901 2609 ne
1932 2565 2086 2609 extra

501 2626 719 2704 jannam
749 2641 991 2695 veritatis
1035 2656 1220 2696 verum
1262 2643 1489 2700 diceret.
1532 2643 1832 2699 Periculum
1864 2646 1983 2711 fuit,
2023 2665 2088 2703 ne

505 2744 564 2781 se
607 2742 731 2782 Vere
783 2729 983 2784 faceret
1015 2733 1323 2795 anathema,
1352 2748 1474 2786 cum
1531 2735 1774 2788 munitus
1809 2746 1893 2789 est
1947 2736 2083 2805 (16).

508 2819 815 2872 Exinanivit
846 2830 1105 2885 mentem,
1141 2824 1230 2890 qui
1283 2825 1471 2893 plenus
1499 2835 1647 2891 erat;
1682 2826 1750 2879 ah
1778 2841 1883 2879 una
1912 2828 2084 2894 puclla

503 2914 682 2966 victus
707 2922 808 2972 est.
853 2913 1099 2967 ancillam
1137 2917 1348 2981 metuit,
1398 2932 1504 2970 non
1554 2918 1724 2986 potuit
1754 2934 1922 2973 servae
1954 2921 2089 2974 resi-

504 3013 666 3059 s'ere.
701 3004 906 3059 Cecidit
935 3005 1220 3061 formidine
1261 3018 1639 3063 Consternatus
1694 3009 1783 3065 ille
1818 3011 1873 3065 in
1922 3013 2083 3065 Deum

2188 1828 2414 1900 Πέτρος,
2448 1830 2571 1883 ἀντὶ
2597 1831 2839 1902 Σίμωνος
2859 1850 2871 1862 ·
2904 1834 3026 1887 ἀντὶ
3057 1835 3112 1888 δὲ
3152 1838 3500 1910 πράγματος,
3536 1844 3789 1912 ῥήματος

2188 1920 2471 1991 ἐπιτιμίας
2513 1924 2730 1993 ᾑρεῖτοο
2763 1925 2876 1978 ἀλλ’
2920 1925 3267 2001 ἐθεραπεύθη
3308 1931 3368 1984 τὸ
3424 1934 3676 2003 πταῖσμα
3716 1938 3786 2007 τῇ

2190 2011 2498 2082 βελτιώσει·
2552 2015 2705 2086 καὶὴ
2738 2018 2987 2090 ἐπιτιμία
3020 2021 3313 2092 φάρμακον
3346 2023 3588 2090 ἐγίνετο·
3626 2025 3722 2078 καὶ
3752 2027 3787 2097 ἡ

2188 2104 2381 2176 γνώμη
2415 2106 2514 2176 τῆς
2541 2107 2841 2181 θεραπείας
2866 2113 3044 2185 εἴχετο
3061 2132 3074 2145 ·
3099 2116 3194 2169 καὶ
3218 2116 3391 2186 μέγας
3406 2113 3473 2188 ἦν
3500 2118 3591 2171 καὶ
3616 2119 3783 2183 θεῖος.

2188 2195 2535 2267 θεραπεύσας
2564 2200 2664 2270 μὲν
2697 2201 2756 2254 τὸ
2782 2207 3050 2275 πταῖσμα,
3085 2206 3250 2277 μηδὲν
3270 2208 3327 2261 δὲ
3350 2207 3653 2280 ζημιωθεὶς
3674 2211 3787 2263 ἀπὸ

2186 2289 2280 2342 τοῦ
2330 2280 2755 2365 προῃρημένου’
2792 2295 2869 2360 ὡς
2915 2297 2971 2351 δὲ
3020 2300 3048 2351 6
3098 2298 3304 2371 Κύριος
3350 2301 3651 2373 παρεδόθη,
3687 2303 3787 2357 καὶ

2188 2383 2352 2452 ἤγετο
2377 2387 2468 2438 ἐπὶ
2498 2385 2596 2457 τὴν
2623 2387 2791 2459 αὐλὴν
2819 2389 2913 2442 τοῦ
2939 2391 3262 2463 ἀρχιερέως,
3289 2394 3552 2465 ἠλέγχθη,
3580 2395 3788 2448 ἐδυσω-

2189 2477 2334 2547 πήθη
2370 2479 2398 2531 6
2422 2477 2636 2543 εύτονος
2660 2482 2867 2554 Πέτρος
2886 2498 2900 2511 ⁸
2929 2484 3201 2538 σέσεισται
3223 2487 3252 2538 6
3269 2486 3365 2550 τὰς
3388 2487 3599 2553 κλεῖδας
3621 2487 3780 2558 ἔχων·

2188 2568 2561 2623 ἐκινδύνευσεν
2583 2570 2688 2638 ἔξω
2710 2573 2820 2625 τῶν
2847 2573 3026 2645 θυρῶν
3055 2576 3157 2646 τῆς
3184 2576 3445 2648 ἀληθείας
3472 2578 3782 2649 ἀληθεύειν·

2190 2658 2423 2713 ἐκένωσε
2471 2661 2569 2732 τὴν
2617 2663 2842 2736 γνώμην
2893 2668 2922 2719 6
2971 2668 3429 2738 πεπληρωμένος·
3466 2670 3571 2723 ὑπὸ
3614 2671 3788 2743 κόρης

2194 2756 2323 2821 μιᾶς
2376 2753 2689 2826 νενίκηται’
2745 2760 3034 2832 παιδίσκην
3081 2761 3426 2833 πεφόϐηταιο
3462 2763 3783 2834 ἀντωπῆσαι

2190 2847 2328 2918 πρὸς
2357 2847 2552 2918 δούλην
2579 2851 2637 2901 οὐ
2662 2849 2947 2921 δεδύνηται
2970 2871 2983 2882 ·
3018 2851 3275 2905 πέπτωκε
3303 2854 3368 2923 τῇ
3400 2853 3572 2925 δειλίᾳ
3600 2856 3628 2907 ὁ
3657 2853 3782 2907 θεο-

2190 2937 2373 3008 σεϐὴς,
2409 2941 2437 2992 6
2484 2939 2756 3011 θεοφιλὴς,
2794 2944 2822 2995 ὁ
2853 2942 2921 2995 τὰ
2968 2943 3205 3013 ἐπιφανῆ
3252 2943 3557 3013 γινώσκων,
3592 2947 3622 2999 6
3648 2946 3782 3000 αύτ-

2188 3028 2361 3098 ὀπτης
2401 3027 2496 3080 τοῦ
2530 3029 2761 3100 Κυρίου.
2809 3032 2919 3085 Καὶ
2965 3031 3138 3086 ταῦτα
3171 3033 3334 3101 λέγω,
3370 3034 3467 3104 οὐχ
3501 3035 3591 3087 ἵνα
3637 3054 3768 3089 κατ-

506 3098 645 3166 pins,
684 3097 771 3150 ille
819 3097 924 3152 Deo
974 3100 1195 3165 cbarus,
1247 3100 1334 3153 ille
1372 3101 1461 3170 qui
1505 3101 1594 3156 illa
1641 3104 1870 3172 insignia
1914 3106 2083 3166 novit,

2189 3121 2376 3191 ηγορῶ
2398 3137 2411 3151 ·
2456 3121 2700 3174 πείθεται
2733 3122 2842 3194 γὰρ
2874 3125 2956 3178 ὅτι
2983 3126 3155 3179 ταῦτα
3184 3126 3351 3188 λαλῶ,
3380 3128 3467 3180 ἴνα
3509 3127 3584 3199 μὴ
3624 3146 3783 3182 συκοο

503 3190 593 3257 qui
628 3188 911 3243 Dominum
944 3191 1099 3245 vidit.
1125 3192 1256 3247 Cum
1286 3194 1399 3248 haec
1435 3195 1576 3260 dico,
1611 3211 1717 3250 non
1750 3208 1807 3250 ut
1836 3211 1958 3251 eum
1991 3213 2083 3252 ac-

503 3294 710 3345 cusem,
739 3281 892 3343 dico;
923 3282 1148 3337 conlidit
1179 3285 1322 3338 enim
1352 3301 1435 3339 me
1467 3288 1579 3341 bmc
1607 3287 1807 3352 dicere,
1851 3296 1909 3342 ut
1942 3290 2085 3342 veri-

508 3383 589 3424 tas
614 3374 941 3426 calumniam
970 3389 1074 3427 non
1103 3376 1326 3442 subeat;
1364 3392 1461 3444 pro
1489 3377 1808 3433 defensione
1837 3379 2085 3433 veritatis

503 3461 724 3530 loquor;
779 3476 992 3516 servum
1038 3465 1281 3518 veritatis
1329 3466 1581 3529 adbibeo,
1631 3483 1697 3521 ne
1744 3469 2081 3522 mendacium

506 3553 718 3619 vincat;
751 3554 1059 3607 ministrum
1096 3556 1339 3611 veritatis
1371 3557 1633 3626 produco,
1659 3568 1715 3611 ut
1746 3560 1873 3629 quia
1900 3560 2085 3614 volunt

503 3646 780 3702 Mauicluei
810 3655 1033 3701 naturas
1057 3663 1177 3703 esse
1221 3649 1273 3703 in
1309 3651 1485 3720 culpa,
1514 3662 1568 3706 et
1599 3652 1651 3705 in
1681 3663 1887 3708 natura:
1920 3655 2084 3708 ratio-

505 3754 625 3792 nem
657 3738 957 3805 insaniunt,
991 3739 1182 3795 Petrus
1210 3756 1238 3794 a
1270 3757 1355 3796 tne
1391 3742 1687 3811 productus
1715 3756 1797 3799 est
1831 3756 1888 3799 ut
1923 3760 2083 3800 natu-

504 3847 622 3884 ram
646 3831 1005 3886 demonstret.
1038 3832 1415 3888 Demonstrant
1438 3838 1581 3890 enim
1617 3838 1795 3890 multm
1822 3838 1938 3908 ejus
1967 3857 2084 3892 ηιιι-

507 3923 741 3977 taliones
786 3938 871 3987 ea,
921 3940 1040 3991 qua:
1087 3924 1251 3978 libera
1283 3926 1528 3981 voluntas
1560 3927 1773 3996 υπυοὶις
1806 3941 1859 3984 et
1885 3945 2083 3985 evane-

503 4023 617 4068 seet
643 4024 796 4069 ortus
824 4030 1028 4079 rumor,
1068 4017 1339 4087 siquidem
1371 4018 1542 4074 libera
1587 4020 1835 4076 voluntas
1862 4025 2081 4091 praemia

498 4106 687 4176 judicii
718 4110 953 4162 conficit.
987 4108 1261 4163 Electione
1288 4111 1430 4164 enim
1460 4112 1534 4182 (id
1558 4123 1661 4177 εει,
1686 4116 1892 4168 ratione
1915 4127 1967 4170 et
1992 4131 2079 4169 vu-

504 4199 733 4268 luntate)
763 4199 1012 4264 vivimus,
1049 4200 1299 4255 electioui
1332 4214 1673 4257 reservamus
1708 4203 1902 4258 cilicia.

2191 3212 2437 3284 φαντηθῇ
2469 3215 2501 3283 ἠ
2541 3213 2766 3284 ἀλήθεια
2787 3232 2801 3246 ο
2836 3217 2976 3289 ὑπὲρ
3022 3218 3283 3288 ἀληθείας
3311 3219 3622 3290 φθέγγομαι
3647 3237 3661 3249 ·
3690 3223 3783 3274 καὶ

2187 3303 2280 3356 τὸν
2308 3303 2493 3357 δοῦλον
2522 3305 2621 3375 τῆς
2646 3294 2904 3376 ἀληθείας
2935 3310 3262 3382 παραφέρω,
3289 3311 3377 3365 ἵνα
3400 3312 3459 3364 τὸ
3479 3311 3675 3382 ψεῦδος
3706 3313 3781 3385 μὴ

2190 3396 2424 3466 νικήσῃ·
2466 3397 2558 3448 τὸν
2605 3398 2885 3471 ὑπηρέτην
2936 3400 3039 3470 τῆς
3090 3402 3350 3471 ἀληθείας
3391 3406 3777 3475 προσκομίζω·

2190 3489 2387 3560 ἐπειδὴ
2434 3491 2543 3561 γὰρ
2592 3490 2870 3561 βούλονται
2908 3494 3101 3564 φύσεις
3144 3491 3306 3559 εἶναι,
3354 3498 3451 3551 καὶ
3497 3499 3779 3568 μαίνονται

2191 3583 2271 3644 εἰς
2297 3581 2389 3635 τὸν
2422 3585 2551 3655 περὶ
2581 3585 2795 3652 φύσεως
2839 3585 3016 3654 λόγον,
3054 3589 3146 3640 τὸν
3176 3588 3383 3660 Πέτρον
3413 3589 3781 3660 προσκεκόμιδ

2191 3691 2293 3736 κα,
2331 3676 2416 3728 ἵνα
2468 3676 2628 3745 φύσις
2669 3677 2900 3750 ἐλεγχθῇ
2924 3695 2937 3708 ·
2978 3679 3283 3732 δεικνύουσι
3340 3679 3446 3751 γὰρ
3486 3683 3541 3733 αἱ
3588 3680 3782 3735 πολλαὶ

2197 3767 2487 3837 μεταϐολαὶ
2525 3769 2585 3821 τὸ
2638 3772 2701 3823 ἐκ
2744 3771 3117 3843 προαιρέσεως
3157 3772 3627 3843 ἀποτελεσμένον·
3688 3774 3781 3827 καὶ

2186 3860 2418 3931 ἀργήσει
2455 3862 2483 3913 6
2522 3861 2748 3932 θρύλλος
2777 3864 2875 3935 τῆς
2904 3864 3296 3937 προαιρέσεως,
3327 3863 3398 3917 τὰ
3423 3863 3655 3933 βραδεῖα
3684 3865 3781 3935 τῆς

2187 3953 2423 4023 κρίσεως
2451 3952 2711 4025 τελούσης
2735 3973 2749 3986 '
2788 3958 3104 4029 προαιρέσει
3139 3956 3248 4030 γὰρ
3276 3955 3481 4029 ζῶμεν,
3525 3957 3783 4030 προαιρέ-

2189 4060 2272 4097 σει
2302 4045 2363 4098 τὸ
2398 4047 2733 4119 κατόρθωμα
2770 4050 3162 4123 ταμιευόμεθα.

1488 4293 1621 4349 Car.
1647 4293 1838 4351 XXIV.
1873 4295 2176 4356 Revelanda
2206 4319 2507 4361 sanctorum
2534 4321 2768 4377 peccata.

572 4386 781 4442 Idcirco
812 4386 1061 4453 formido,
1091 4402 1160 4442 ne
1205 4388 1257 4441 in
1302 4388 1625 4459 negligentia
1662 4392 1851 4457 simus,
1880 4394 1923 4448 si
1954 4396 2083 4464 quid
2119 4407 2160 4462 ι)

502 4479 833 4544 laboramus,
862 4488 921 4532 ut
951 4495 1071 4532 cum
1106 4495 1210 4532 non
1244 4481 1493 4535 videmur
1521 4483 1713 4536 muniti
1753 4499 1895 4552 esse,
1923 4485 2080 4540 dere-

505 4582 667 4641 pente
713 4584 933 4640 propter
978 4572 1355 4641 negligentiam
1384 4573 1438 4627 in
1476 4574 1749 4629 interitum
1798 4578 2080 4633 cudamus.

503 4667 731 4734 Propter
763 4680 860 4720 nos
893 4666 1021 4719 tlicit
1048 4684 1061 4719 :
1088 4664 1302 4735 Castigo
1339 4683 1528 4736 corpus
1569 4683 1738 4722 meum
1762 4679 1808 4722 et
1835 4671 1886 4724 in
1920 4674 2083 4725 servi-

505 4771 665 4811 tutem
696 4759 891 4827 redigo,
925 4775 987 4811 ne
1017 4775 1133 4812 cum
1168 4758 1288 4811 aliis
1312 4760 1730 4827 pra'dicaverim,
1770 4762 1877 4829 ipse
1902 4779 2079 4831 repro-

504 4838 597 4903 bus
636 4851 909 4921 efﬁciat".
950 4851 1234 4905 Rationem
1260 4853 1324 4906 de
1353 4853 1581 4919 reprobo
1616 4866 1823 4919 metuo;
1850 4871 2083 4925 agnosco

505 4946 646 5012 quod
684 4955 767 4999 est
799 4945 850 4998 in
875 4945 1142 4999 electione
1169 4945 1433 4999 lubricum
1463 4957 1516 5002 et
1543 4962 1820 5017 pra'ceps;
1857 4950 2082 5020 diligen-

505 5037 574 5088 tia
601 5045 652 5090 et
676 5035 1019 5090 accuratioue
1043 5035 1437 5104 prorlivitatem
1462 5042 1792 5109 prteniuuio;
1825 5042 1974 5111 sepio
2001 5042 2081 5095 fa-

502 5129 761 5184 cilitatem
812 5129 993 5183 liberae
1031 5128 1322 5183 voluntatis
1355 5130 1541 5185 labore
1569 5134 1955 5188 meditationis.
1988 5134 2083 5187 At-

502 5238 608 5287 que
648 5224 761 5277 b:ec
808 5223 1024 5290 quidem
1072 5221 1264 5277 Petrus
1311 5234 1364 5278 et
1398 5225 1656 5295 loquitur,
1702 5237 1756 5281 et
1788 5229 1997 5290 scribit,
2028 5238 2083 5282 et

503 5317 700 5384 gaudet
730 5319 869 5385 quod
895 5325 1191 5385 et-pccrata
1224 5318 1392 5387 ipsius
1421 5330 1476 5373 et
1506 5322 1733 5373 virtutes
1766 5323 1875 5376 sint
1902 5324 2083 5389 expla-

504 5407 651 5462 natio
679 5409 1009 5480 dogmatum.
1062 5408 1143 5466 0b
1191 5411 1330 5467 hanc
1368 5429 1585 5468 causam
1616 5423 1840 5484 peccata
1869 5425 2087 5469 sancto-

2259 4403 2350 4456 Διὸ
2385 4403 2585 4468 δειλιῶ,
2642 4407 2717 4478 μὴ
2761 4407 3099 4480 αἱρεθῶμεν⁸
3150 4410 3342 4481 ἀμέλει
3374 4412 3460 4466 ἀεί
3494 4430 3548 4464 τι
3587 4411 3782 4466 πονού-

2188 4512 2308 4565 μεν,
2335 4497 2420 4549 ἵνα
2448 4497 2523 4568 μὴ
2549 4497 2830 4563 δοκοῦντες
2861 4501 3217 4570 ὴσφαλίσθαι,
3247 4505 3530 4573 αἰφνιδίως
3553 4505 3623 4557 δι’
3645 4504 3784 4575 ἀμέ-

2184 4587 2333 4642 λειαν
2387 4593 2467 4654 εἰς
2515 4591 2738 4663 ὄλεθρον
2770 4592 3045 4663 πέσωμεν.
3087 4596 3166 4648 Δι’
3204 4598 3353 4666 ἡμᾶς
3385 4597 3558 4674 λέγει,
3605 4597 3768 4649 Ὑπο-

2187 4683 2367 4743 amitti.)
2392 4702 2513 4753 μου
2545 4685 2612 4738 τὸ
2643 4686 2816 4753 σῶμα
2857 4686 2954 4739 καὶ
2995 4686 3390 4756 δουλαγωγῶ,
3414 4687 3645 4757 μήποτε
3669 4686 3772 4740 (ﬁt

2185 4778 2320 4841 λοις
2348 4776 2635 4842 κηρύξας,
2675 4778 2860 4843 αὐτὸς
2904 4778 3190 4847 ἀδόκιμος
3220 4778 3500 4848 γένωμαι·
3532 4778 3624 4829 τὸν
3652 4779 3784 4848 περὶ

2191 4867 2451 4938 ἀδοκίμου
2498 4869 2770 4940 φοϐοῦμαι
2818 4869 2997 4940 λόγον,
3030 4872 3089 4924 τὸ
3131 4870 3417 4942 ὀλισθηρὸν
3450 4870 3552 4940 τῆς
3586 4888 3781 4941 προαιο

2192 4958 2394 5027 ρέσεως
2423 4957 2704 5026 γινώσκων
2725 4976 2740 4990 ·
2784 4959 3153 5030 ἀσφαλίζομαι
3187 4963 3252 5031 τῇ
3281 4958 3571 5030 ἐπιμελείᾳ
3594 4960 3660 5012 τὸ
3692 4960 3780 5012 εὖ·

2191 5050 2345 5102 κολον
2365 5066 2381 5082 ο
2409 5051 2629 5121 τειχίζω
2654 5052 2714 5105 τὸ
2734 5052 2833 5121 τῆς
2865 5053 3235 5123 προαιρέσεως
3265 5053 3504 5122 εὐμαρὲς
3533 5051 3614 5121 τῷ
3641 5054 3781 5121 πόνῳ

2189 5141 2290 5210 τῆς
2326 5141 2590 5212 μελέτης.
2642 5144 2750 5196 Καὶ
2780 5142 2952 5197 ταῦτα
2985 5145 3083 5214 μὲν
3130 5145 3157 5196 ὁ
3199 5143 3425 5215 Πέτρος,
3476 5145 3571 5196 καὶ
3611 5144 3778 5205 λαλεῖ,

2154 5287 2159 5292 ,
2192 5237 2284 5287 καὶ
2331 5235 2553 5305 γράφει,
2600 5237 2691 5289 καὶ
2723 5237 2933 5307 χαίρει·
2986 5237 3074 5290 ἵνα
3107 5237 3201 5289 καὶ
3233 5236 3300 5289 τὰ
3329 5235 3655 5306 πταίσματα
3684 5237 3789 5289 αύ-

2190 5330 2307 5390 τοῦ,
2341 5328 2436 5380 καὶ
2465 5329 2534 5381 τὰ
2592 5329 2996 5401 κατορθώματα
3032 5328 3199 5382 αὐτοῦ
3233 5328 3522 5398 εἰσήγησις
3554 5326 3667 5380 τῶν
3700 5328 3785 5380 δον

2191 5419 2419 5489 γμάτων
2447 5420 2711 5494 τυγχάνῃ.
2730 5422 2829 5476 Διὰ
2870 5420 3137 5475 τοῦτοκαὶ
3157 5421 3223 5475 τὰ
3259 5418 3368 5471 τῶν
3399 5418 3573 5487 ἁγίων
3604 5422 3785 5492 ἁμαρ-

581 5530 801 5599 "Joan.
846 5562 884 5612 t,
926 5546 1017 5604 6'2.
1094 5548 1140 5580 “
1169 5547 1360 5604 Matth.
1393 5564 1504 5616 XVI,
1538 5546 1623 5604 19.
1699 5549 1745 5581 ⁸⁸
1774 5548 1904 5604 ibid.
1940 5549 2023 5606 17-

2192 5549 2301 5605 bid.
2328 5548 2418 5608 ‘25.
2496 5551 2541 5582 ’⁷
2568 5549 2735 5605 lCor.
2764 5566 2840 5615 Ix,
2862 5551 2955 5605 27.

574 5678 688 5752 (l6)
735 5679 1039 5738 Periculum
1066 5686 1490 5757 [uit—munitus
1520 5696 1616 5742 cst.
1651 5684 1773 5744 llaec
1810 5687 1994 5745 desunt
2026 5688 2076 5742 in
2119 5696 2282 5757 testu,
2316 5704 2434 5758 quae
2459 5667 2662 5745 librarii
2697 5688 2778 5745 vel
2808 5692 3160 5765 exsrriptoris
3187 5692 3312 5751 vitio
3342 5695 3672 5753 exciderit-2.
