3990 6210
420 180 530 238 937

1531 185 1808 243 PATliES
1847 185 2144 244 [EGYPTII
2190 187 2457 244 SECCLI
2499 188 2583 244 ιν.

3585 187 3691 242 9'23

423 278 694 340 numaciii,
731 280 856 350 quia
885 281 1156 334 communi
1186 294 1310 336 cum
1345 284 1557 336 est-teris
1580 284 1887 338 hominibus
1907 299 1976 338 na

2110 285 2294 357 κοινὴν
2321 284 2539 354 ἔχοντες
2571 284 2670 356 τὴν
2706 281 2870 352 φύσιν
2902 284 3068 336 πᾶσιν
3113 281 3442 354 ἀνθρώποις.
3479 279 3542 333 ού
3580 297 3696 333 κοι-

421 381 540 423 tura
571 370 802 438 pricditi.
834 385 941 427 non
970 371 1109 426 idem
1140 373 1470 441 prepositnm
1497 371 1728 436 habetis,
1756 373 1864 436 imo
1893 390 2009 428 ma-

421 477 586 533 gnum
639 464 770 533 quid
813 473 1142 533 spectantes,
1174 465 1240 518 ad
1278 467 1532 520 cm'cstcs
1561 465 1704 534 ipsas
1738 465 2008 522 stationes

423 558 620 614 tuentis
672 555 834 611 veluti
882 555 997 610 alas
1055 555 1356 620 iuteuditis,
1409 567 1467 610 ιιι
1511 557 1749 612 indidem
1807 557 2006 614 divime

402 648 719 743 ιιΙίειιίιιΙίιιιιι
747 646 1036 704 utilitatem
1073 647 1406 716 haurientes,
1449 649 1669 720 paribus
1714 665 1838 705 cum
1873 650 2004 706 bea-

424 741 492 795 tis
519 741 726 810 angelis
758 739 1001 795 moribus
1042 741 1185 805 sitis,
1225 757 1454 809 quorum
1501 757 1595 798 vos
1641 742 1812 811 gloria
1853 742 2000 797 exci-

421 831 551 900 piet,
587 841 641 886 ct
665 831 894 887 felicitas
921 841 1218 902 exspectat.
1259 834 1465 888 Etenim
1494 850 1614 889 cum
1643 836 1892 891 homines
1931 836 2006 891 si-

421 923 492 978 tis
539 935 704 992 atque
740 938 807 979 ex
855 923 1163 978 hominibus
1197 924 1325 990 orti,
1351 926 1620 981 humanis
1665 944 2002 997 nequaquam

419 1013 836 1084 cogitationibus
871 1013 1233 1082 abducimiui;
1272 1030 1446 1084 neque
1487 1017 1748 1086 quidquid
1791 1019 2003 1072 mortali

417 1106 544 1161 vita:
581 1106 793 1161 videtur
826 1107 1084 1176 ιιιιιιιΙιίΙιι,
1129 1117 1367 1162 vestrum
1398 1124 1525 1178 erga
1569 1110 1733 1164 Deum
1765 1111 2002 1166 studium

419 1195 741 1253 imminuere
800 1197 966 1252 valuit
1008 1212 1024 1252 :
1062 1199 1260 1269 quippe
1327 1203 1580 1260 omnibus
1655 1202 1771 1256 vale
1835 1203 2000 1271 dicto,

418 1302 585 1341 unum
633 1288 892 1356 spectatis
937 1303 1186 1358 scopum,
1231 1303 1290 1346 ut
1317 1291 1426 1346 Deo
1465 1293 1672 1348 scilicet
1719 1293 1998 1363 placeatis.

418 1375 603 1446 itaque
657 1378 784 1434 boui
843 1381 1050 1435 consilii
1101 1383 1266 1437 vestri
1315 1395 1599 1454 susceptus
1645 1385 1800 1441 labor
1859 1387 2002 1456 apud

415 1484 608 1526 omnes
655 1470 1028 1542 famigeratnr.
1069 1471 1320 1529 Profecto
1362 1491 1463 1531 nec
1491 1491 1654 1546 opum
1685 1478 1862 1549 copia,
1903 1494 2002 1535 nec

415 1558 718 1616 oblaturum
767 1578 1049 1618 munerum
1101 1565 1488 1633 promissiones
1527 1568 1800 1638 egregiam
1860 1571 2001 1624 hanc

416 1651 576 1708 vobis
625 1653 966 1709 devotionem
1012 1657 1394 1722 conciliarunt,
1443 1659 1536 1714 sed
1597 1661 1683 1729 pia
1742 1661 1896 1726 lldes,
1945 1672 2002 1718 et
2033 1652 2074 1706 Β

417 1759 575 1800 mens
607 1761 792 1802 amore
819 1763 1103 1815 succensa,
1139 1766 1244 1805 non
1279 1751 1399 1806 sine
1430 1750 1522 1806 Dei
1545 1752 1854 1809 Servatoris
1881 1769 2004 1825 gra-

416 1837 493 1892 tia
539 1847 594 1894 et
639 1838 859 1909 placito.
911 1840 1176 1912 Optabilis
1216 1843 1375 1909 hujus
1411 1844 1696 1914 sanctique
1742 1846 2002 1916 propositi

417 1937 611 1983 auctor
655 1931 808 1985 vobis
847 1941 951 1996 est,
993 1934 1097 1988 ιΙιιλ
1135 1943 1188 1988 et
1224 1934 1496 2002 perfector
1539 1932 1697 1990 Jesus
1733 1935 2002 2003 Christus,

416 2018 510 2087 qui
544 2020 707 2074 etiam
752 2021 905 2077 vobis
936 2024 1218 2080 monachis
1267 2024 1582 2094 patientiam
1633 2028 2006 2098 optimumque

418 2109 580 2165 tinem
619 2114 921 2182 praestabit,
961 2117 1160 2186 quique
1190 2131 1250 2173 se
1291 2118 1544 2174 omnibus
1577 2120 1741 2176 salvis
1765 2135 1888 2177 esse
1911 2135 2006 2177 vo-

416 2202 652 2258 lentibus
691 2217 937 2275 paratam
985 2209 1232 2262 semitam
1269 2211 1504 2280 praebet;
1540 2227 1702 2281 quam
1739 2225 1863 2266 cum
1910 2227 2006 2285 vos

415 2297 485 2350 ab
527 2295 682 2352 initio
733 2303 1008 2354 uerendum
1061 2303 1434 2372 susceperitis,
1481 2303 1734 2359 comitem
1792 2303 2005 2362 habetis

417 2386 698 2443 Dominum
726 2389 1072 2449 Set-valerem
1099 2394 1189 2464 qui
1219 2395 1296 2449 ait
1327 2411 1343 2451 :
1369 2391 1495 2452 Non
1521 2407 1570 2452 te
1597 2397 1890 2464 dimittam,
1918 2415 2004 2453 ue-

413 2498 513 2553 que
545 2494 594 2538 te
623 2484 882 2542 deseram.

487 2574 550 2630 ll.
592 2576 780 2646 Itaque
809 2578 1066 2648 pra-sidio
1099 2579 1216 2651 ejus
1244 2579 1400 2636 iretis
1423 2580 1626 2637 nullum
1654 2582 1806 2639 vobis
1835 2583 2005 2652 impo-

417 2667 716 2723 ditnentnm
747 2671 1039 2740 praecidere
1068 2657 1246 2740 potuit
1269 2673 1492 2728 caeleste
1515 2676 1872 2744 proposiuuu,
1896 2691 2004 2731 non

415 2760 724 2816 divitiarum
762 2762 1053 2832 cupiditas,
1095 2781 1199 2818 nou
1251 2776 1536 2834 parentum
1580 2769 1859 2834 memoria,
1899 2784 2003 2822 non

417 2852 842 2924 propiuquormu
894 2855 1259 2922 haereditates,
1299 2871 1406 2912 non
1441 2856 1671 2914 fratrum
1719 2873 2007 2928 germano-

415 2956 536 2997 rum
569 2943 870 3006 convictus.
900 2959 1008 3000 non
1042 2955 1396 3017 cognatorum
1441 2947 1690 3017 allectus,
1717 2965 1823 3006 non
1875 2950 2007 3008 ecli-

413 3033 530 3101 clte,
557 3049 662 3091 non
694 3035 908 3104 balnea,
934 3053 1040 3094 non
1081 3041 1531 3109 compotationes,
1563 3057 1669 3098 non
1707 3043 2003 3100 amict-..m
2031 3025 2075 3085 σ

412 3127 844 3196 occursationes,
902 3146 1008 3186 uou
1051 3127 1310 3188 mun‘dani
1346 3133 1624 3202 honores;
1670 3151 1860 3191 verum
1897 3137 2012 3193 haec

411 3217 594 3272 oumia
641 3229 1069 3287 contemnentes,
1116 3223 1249 3294 ipsis
1303 3223 1517 3280 actibus
1575 3227 1826 3283 clamatis
1864 3227 2008 3296 quod

413 3309 704 3378 Apostolus
725 3309 856 3365 dixit
883 3325 897 3363 :
924 3309 1116 3366 Omnia
1141 3315 1374 3369 arbitror
1391 3325 1642 3383 stercora,
1663 3327 1717 3370 ut
1743 3316 2008 3372 ClarisIu-n

413 3401 749 3471 lucrifaciam
779 3402 848 3458 “.
880 3401 1086 3460 Idcirco
1118 3417 1174 3461 et
1205 3409 1478 3463 desertum
1509 3409 1764 3473 incolitis,
1791 3419 1846 3464 et
1872 3409 2014 3478 jeju-

416 3495 562 3557 tuis,
625 3495 792 3550 castis
850 3496 1370 3563 exercitationibus,
1430 3500 1688 3570 purisque
1757 3503 2011 3571 precibus

416 3585 588 3644 Deum
631 3587 882 3658 placatis.
914 3588 1103 3646 Nullus
1127 3591 1350 3647 omnino
1374 3591 1484 3660 jam
1522 3609 1551 3647 a
1579 3594 1732 3649 vobis
1770 3609 1861 3648 rex
1904 3605 2011 3650 Ier-

427 3693 590 3735 renus
621 3680 864 3745 timetur,
899 3683 982 3737 vel
1014 3681 1291 3754 princeps.
1321 3683 1404 3738 vel
1427 3682 1616 3751 judex,
1650 3692 1746 3738 aut
1790 3697 2010 3753 praases,

417 3771 503 3828 vel
529 3771 906 3842 quaelibetalla
934 3784 1204 3845 potestas:
1224 3773 1384 3830 Iusto
1412 3775 1556 3832 enim
1594 3792 1697 3830 non
1727 3786 1801 3830 est
1840 3776 2014 3844 posita

417 3865 526 3928 lex,
553 3868 644 3921 sed
674 3867 888 3938 iujustis
917 3877 967 3922 et
1001 3867 1418 3936 calcitrantibtts,
1450 3869 1759 3939 irreligiosi:
1801 3879 1852 3923 et
1888 3885 2010 3938 pec—

416 3960 708 4026 catoribus,
747 3961 1054 4029 parricidis,
1088 3961 1385 4028 homicidia,
1427 3960 1859 4031 [omit-alaribus,
1899 3977 2015 4015 mu-

415 4051 683 4107 sculorum
708 4054 1150 4121 coacubitoribus,
1167 4055 1415 4125 perjuris,
1444 4065 1493 4109 et
1521 4056 1717 4126 siquid
1747 4055 1896 4108 aliud
1920 4073 2012 4110 ra-

418 4157 500 4197 ιιω
520 4143 774 4200 doctrina:
799 4147 1193 4211 aduersatur”;
1222 4147 1424 4202 etenim
1453 4146 1727 4215 principes
1753 4161 1858 4202 nou
1886 4154 2015 4202 sunt

372 4249 380 4255 ·
419 4235 611 4291 terrori
653 4235 814 4302 bene,
843 4236 937 4293 sed
971 4236 1215 4308 improbe
1245 4235 1548 4308 agentibus.
1585 4236 1900 4306 Rursusque
1934 4236 2011 4290 ait

418 4326 744 4398 Scriptura:
787 4327 877 4384 Vis
917 4339 1224 4399 potestatem
1267 4327 1479 4382 minime
1506 4327 1839 4396 formidare?
1873 4339 2010 4383 recte

415 4437 533 4492 age,
555 4421 867 4492 laudemque
886 4421 952 4475 ab
973 4437 1036 4475 ea
1069 4421 1357 4490 reportabis
1379 4419 1456 4474 ":
1494 4433 1591 4474 vos
1617 4419 1782 4490 igitur
1813 4419 2008 4474 merito

416 4513 576 4569 laude
603 4512 774 4583 digni,
804 4512 878 4567 uti
913 4513 1224 4568 econtrario
1271 4527 1432 4569 secus
1465 4513 1752 4584 agentibus
1785 4513 2009 4568 acerba-

417 4622 539 4664 rntn
570 4619 852 4678 pmnarutu
886 4606 1044 4662 mina:
1069 4605 1439 4662 intenduntur.

489 4697 574 4754 Ill.
611 4697 756 4754 Deus
794 4713 890 4754 vos
926 4696 1028 4753 sibi
1061 4698 1225 4770 elegit
1252 4697 1545 4765 pretiosum
1586 4696 1860 4767 populum,
1913 4712 2008 4752 ze-

419 4791 648 4847 latorem
697 4792 960 4848 bonorum
1000 4806 1224 4862 opermu
1253 4790 1318 4845 “.
1373 4789 1474 4845 Vos
1519 4786 1773 4844 estis'lua:
1801 4790 2006 4856 ιιιιιιιάί,

417 4884 496 4940 ait
517 4881 790 4939 Servator
815 4883 882 4938 ⁸³.
906 4882 1066 4938 Certe
1095 4898 1325 4953 quorum
1352 4881 1494 4938 idem
1525 4891 1608 4938 εδι
1641 4881 1810 4946 Zelus,
1842 4881 2007 4936 ident-

418 4990 528 5045 que
571 4989 731 5046 opus,
762 4988 950 5030 eorum
983 4971 1146 5029 etiam
1178 4971 1294 5028 laus
1331 4973 1518 5028 eadem
1559 4982 1663 5040 est,
1704 4974 2005 5043 eademque

418 5083 650 5123 merces.
695 5059 840 5122 Beati
867 5065 1028 5142 igitur
1056 5065 1212 5128 estis,
1239 5065 1349 5119 imo
1385 5065 1705 5130 beatissimi,
1744 5081 1778 5119 o
1818 5065 1998 5120 dilecti

422 5159 534 5214 Deo
558 5158 832 5216 monachi.
871 5157 1005 5226 Quis
1030 5166 1264 5213 vestram
1299 5157 1456 5227 digne
1485 5156 1784 5212 laudaverit
1808 5154 2008 5210 vitam?

424 5251 614 5307 Vestra
646 5253 792 5306 enim
813 5251 1005 5306 diurna
1042 5261 1415 5319 nocturnaque
1439 5265 1600 5319 opera
1629 5258 1758 5304 sunt
1788 5249 2000 5318 psalmi,
2053 5324 2061 5331 ο

421 5343 635 5411 hymni,
681 5344 892 5400 cantica
949 5342 1237 5414 spiritalia,
1284 5353 1340 5397 ct
1375 5343 1550 5412 digna:
1595 5343 1704 5398 Deo
1743 5343 2004 5397 actiones.

423 5436 673 5492 Lbaritas
696 5437 863 5501 enim,
893 5452 978 5494 res
1007 5436 1266 5507 angelica,
1298 5435 1572 5491 vobiscum
1591 5444 1874 5493 versatur:
1904 5451 2003 5506 pax

493 5638 540 5670 “
584 5639 816 5714 Philipp.
865 5660 946 5711 ιιι,
999 5645 1054 5700 8.
1129 5649 1171 5681 ³⁸
1217 5643 1233 5699 l
1271 5643 1410 5704 Tim.
1442 5659 1481 5710 ι,
1520 5644 1573 5712 9,
1605 5643 1688 5699 l0.
1766 5644 1809 5676 ³³
1850 5643 2006 5700 item.
2051 5636 2250 5708 ειιιτῧ.

2109 375 2208 446 νὴν
2245 375 2524 448 πρόθεσιν,
2571 373 2710 428 ἀλλὰ
2752 373 2864 447 γὰρ
2901 373 2996 428 καὶ
3038 371 3184 445 μέγα
3220 389 3274 426 τι
3305 373 3697 444 φρονήσαντες,

2109 467 2250 541 πρὸς
2289 466 2461 530 αύτέις
2501 467 2790 540 οὐρανίους
2825 467 2994 537 μονὰς
3017 465 3110 520 τὸν
3135 462 3262 520 νοῦν
3293 465 3503 519 ἑαυτῶν
3539 467 3698 518 ἐπτε-

2109 560 2345 634 ρώσατε,
2391 561 2480 614 ἵνα
2525 559 2634 614 τῶν
2681 560 2861 613 ἐκεῖσε
2907 557 3067 612 θείων
3100 559 3487 630 παιδευμάτων
3531 557 3700 611 πολυρ

2108 654 2597 723 πραγμονήσαντες
2637 649 2736 721 τὴν
2778 649 3066 718 ὠφέλειαν,
3110 649 3406 722 όμότροποι
3447 647 3560 702 τῶν
3595 665 3697 720 μα-

2107 745 2317 818 καρίων
2353 743 2599 813 ἀγγέλων
2637 743 2920 814 εὑρεθῆτε,
2953 737 3030 797 ὧν
3054 745 3089 815 ἡ
3119 742 3248 808 δόξα
3296 743 3442 813 ὑμᾶς
3473 741 3697 811 ἐκδέχε-

2105 854 2196 890 ται
2228 837 2322 890 καὶ
2349 833 2689 906 μακαριότης
2735 835 3044 906 περιμένει·
3080 833 3358 906 ἄνθρωποι
3399 835 3514 904 γὰρ
3541 833 3698 896 ὄντες

2107 928 2202 982 καὶ
2243 928 2302 996 ἐξ
2333 926 2636 1001 ἀνθρώπων
2681 926 3056 1000 προελθόντες,
3085 927 3147 981 ού
3187 929 3300 992 τοῖς
3327 926 3699 998 ἀνθρωπίνοις

2107 1019 2583 1092 συγκατηνέχθητε
2605 1021 2906 1090 λογισμοῖς,
2928 1018 3050 1073 ούδὲ
3073 1019 3142 1073 τὰ
3164 1018 3426 1074 δοκοῦντα
3450 1019 3546 1073 τοῦ
3577 1020 3699 1091 βίου

2105 1112 2336 1166 ποθεινὰ
2360 1112 2686 1185 πράγματα,
2712 1109 2806 1165 τοῦ
2831 1112 2911 1176 είς
2932 1109 3068 1164 Θεδν
3088 1110 3243 1181 ὑμῶν
3263 1109 3428 1164 πόθου
3455 1109 3700 1162 ἐλαττῶ-

2107 1223 2197 1260 σαι
2224 1206 2316 1259 τὸν
2351 1206 2504 1261 τόνον
2529 1204 2866 1277 δεδύνηνται·
2897 1205 3033 1258 πᾶσι
3063 1203 3120 1257 δὲ
3156 1203 3305 1268 ἅπαξ
3343 1203 3531 1267 ἁπλῶς
3555 1205 3698 1258 ἀπο-

2103 1297 2421 1369 ταξάμενοι,
2461 1298 2558 1350 ἕνα
2598 1296 2803 1352 σκοπὸν
2854 1294 3006 1367 ἔχετε
3067 1295 3130 1349 τὸ
3161 1296 3358 1367 ἀρέσαι
3404 1295 3546 1365 Θεῷ.
3583 1295 3701 1351 Καὶ

2101 1393 2204 1464 τῆς
2236 1392 2512 1464 ὑμετέρας
2539 1391 2944 1463 εὐδοκιμήσεως
2965 1393 2994 1444 6
3023 1389 3175 1458 ἁγὼν
3210 1391 3345 1443 πᾶσι
3377 1388 3698 1460 λελάληται·

2102 1487 2162 1540 ού
2189 1485 2493 1558 χρημάτων
2521 1485 2667 1555 ὑμᾶς
2694 1483 3000 1554 περιουσία,
3027 1481 3149 1535 οὐδὲ
3183 1480 3564 1553 προκειμένων
3589 1479 3697 1534 8di-

2105 1597 2215 1654 ρων
2242 1577 2570 1648 ἐπαγγελίαι
2615 1577 2707 1630 τὸν
2751 1575 2955 1646 ἀγαθὸν
2982 1575 3112 1646 ὑμῖν
3143 1572 3332 1628 τοῦτον
3366 1571 3535 1626 πόθον
3562 1589 3702 1643 προ-

2101 1671 2386 1743 εξένησαν,
2419 1669 2556 1724 ἀλλὰ
2584 1669 2770 1733 πίστις
2795 1665 3026 1738 εύσεὸὴς
3052 1666 3148 1720 καὶ
3180 1663 3391 1718 διάνοια
3417 1664 3700 1736 ἐρωμένη,

2103 1764 2240 1818 Θεοῦ
2280 1764 2534 1836 Σωτῆρος
2566 1761 2984 1834 μεσιτεύσαντος
3023 1758 3118 1813 καὶ
3155 1757 3570 1828 εύδοκήσαντος·
3599 1755 3705 1825 τῆς

2103 1853 2468 1917 ἀποδεκταίας
2493 1851 2698 1923 ταύτης
2722 1851 2819 1906 καὶ
2843 1848 3054 1920 ἀγαθῆς
3082 1847 3456 1920 προαιρέσεως
3483 1846 3706 1915 ἀχορης

2101 1947 2200 2018 γδς
2220 1946 2512 2016 γενόμενος
2545 1945 2640 1999 καὶ
2669 1943 2912 2016 ἀρχηγὸς
2941 1943 3036 1997 καὶ
3054 1937 3373 2010 τελειωτὴς,
3405 1937 3553 1991 ἔστιν
3595 1937 3715 2006 ’1η-

2104 2037 2231 2102 σοῦς
2259 2039 2288 2091 6
2316 2036 2572 2109 Χριστὸς,
2595 2038 2624 2090 6
2649 2036 2743 2090 καὶ
2766 2036 2896 2107 ὑμῖν
2919 2036 3035 2098 τοῖς
3063 2031 3388 2104 μονάζουσιν
3417 2029 3704 2100 ὑπομονὴν

2101 2129 2199 2183 καὶ
2230 2125 2466 2200 χρηστὸν
2488 2125 2642 2190 τέλος
2667 2125 2864 2189 διδοὺς,
2894 2123 2988 2177 καὶ
3015 2123 3151 2176 πᾶσι
3175 2122 3288 2184 τοῖς
3317 2118 3562 2173 ἐθέλουσι
3595 2116 3705 2170 σώ-

2102 2219 2295 2286 ζεσθαι
2329 2218 2523 2290 ἑτοίμη
2560 2217 2680 2282 όδδς
2724 2216 3135 2288 εὑρισκόμενος·
3176 2213 3366 2285 ἥντινα
3409 2211 3562 2280 παρὰ
3600 2212 3704 2282 τὴν

2102 2311 2276 2385 ἀρχὴν
2325 2309 2774 2383 προθυμηθέντες
2816 2307 3054 2370 ὁδεῦσαι,
3113 2305 3490 2376 συνοδοιπόρον
3545 2302 3704 2372 ἔχετε

2101 2404 2192 2460 τὸν
2210 2405 2440 2476 Σωτῆρα
2463 2403 2667 2475 Κύριον
2698 2401 2946 2471 λέγοντα,
2970 2401 3052 2454 Οὐ
3075 2398 3160 2470 μή
3183 2414 3258 2452 σε
3285 2395 3410 2452 ἀνῶ
3439 2395 3586 2451 οὐδὲ
3611 2393 3702 2465 μή

2102 2511 2178 2550 σε
2207 2496 2640 2567 ἐγκαταλείποι.

2175 2587 2251 2642 B'.
2282 2586 2384 2640 Διὰ
2414 2587 2525 2658 γὰρ
2561 2585 2744 2650 αύτδν,
2781 2583 3044 2656 ἐμπόδιον
3093 2581 3245 2636 οὐδὲν
3293 2580 3396 2651 τὴν
3445 2578 3704 2651 οὐράνιον

2101 2678 2260 2750 ὑμῶν
2290 2677 2523 2748 ἐκκόψαι
2551 2677 2812 2750 πρόθεσιν
2830 2674 3138 2746 δεδύνηται,
3170 2672 3234 2726 ού
3265 2671 3568 2744 χρημάτων
3599 2671 3702 2724 πό-

2103 2769 2217 2836 θος,
2245 2771 2307 2825 ού
2338 2772 2526 2841 μνήμη
2547 2769 2770 2838 γονέων,
2795 2767 2917 2822 οὐδὲ
2937 2766 3070 2840 πρὸς
3094 2764 3286 2836 γένους
3317 2761 3702 2836 κληρονομίαι,

2103 2862 2228 2918 οὐδὲ
2269 2860 2516 2931 ἀδελψῶν
2550 2858 2848 2922 συνουσίαι,
2899 2858 2963 2912 ού
3005 2855 3286 2927 συγγενῶν
3313 2854 3612 2919 διαθέσεις,
3639 2853 3705 2907 οὐ

2104 2955 2329 3029 τρυφαὶ,
2369 2955 2462 3009 καὶ
2495 2953 2718 3026 λουτρὰ,
2748 2953 2844 3006 καὶ
2872 2951 3050 3018 πότοι,
3086 2951 3150 3004 ού
3188 2949 3362 3019 φίλων
3391 2947 3704 3016 συντυχίαι,

2107 3047 2188 3113 οὐ,
2209 3045 2474 3118 κοσμικαὶ
2513 3044 2681 3111 δόξαι,
2725 3043 2864 3099 ἀλλὰ
2893 3041 3074 3096 πάντα
3112 3041 3213 3112 μὲν
3252 3039 3708 3112 ὐπερφρονήσανο

2109 3155 2220 3203 τες,
2255 3139 2440 3201 αὐτοῖς
2467 3136 2653 3206 ἔργοις
2681 3134 2841 3206 βοᾶτε
2885 3130 3228 3202 ἀποστολικῷ
3260 3130 3590 3202 κεχρημένοι
3619 3129 3707 3183 λό-

2111 3245 2214 3300 γῳ·
2249 3229 2455 3283 Πάντα
2481 3227 2738 3298 ἠγοῦμαι
2759 3225 3061 3286 σκύϐαλα,
3083 3224 3186 3277 ινα
3210 3223 3471 3291 Χριστὸν
3488 3221 3706 3289 κερδή-

2109 3337 2236 3376 σω·
2307 3318 2391 3372 διὸ
2441 3318 2544 3378 ,καὶ
2602 3316 2702 3389 τὴν
2759 3315 2967 3388 ἔρημον
3023 3311 3345 3378 αὐλίζεσθε,
3403 3311 3704 3382 νηστείαις,

2111 3411 2378 3482 ἁγνείαις,
2419 3411 2742 3482 ἀσκήσεσιν,
2788 3409 2977 3480 εὐχαῖς
2998 3406 3266 3479 καθαραῖς
3299 3405 3392 3459 τὸν
3420 3404 3555 3458 Θεὸν
3595 3403 3710 3456 ἱλα-

2113 3499 2388 3571 σκόμενοι·
2425 3499 2584 3554 ούθὲν
2606 3499 2738 3572 ὑμῖν
2761 3499 2886 3554 οὐδὲ
2918 3495 3138 3551 πώποτε
3168 3495 3422 3567 βασιλεὺς
3462 3494 3708 3564 ἐπίγειος

2113 3591 2366 3663 φοϐερὸς.
2399 3592 2500 3646 οὐκ
2529 3591 2714 3664 ἄρχων
2745 3591 2838 3645 καὶ
2866 3589 3128 3659 δικαστὴς
3153 3589 3247 3642 καὶ
3267 3587 3594 3660 ἡγούμενος,
3617 3586 3708 3639 oti-

2111 3683 2169 3738 δέ
2194 3702 2276 3748 τις
2318 3684 2482 3757 ἑτέρα
2505 3683 2745 3750 ἐξουσία·
2776 3684 2990 3750 Δικαίφ
3017 3682 3126 3754 γὰρ
3159 3681 3344 3750 νόμος
3381 3681 3455 3734 οὺ
3494 3677 3704 3742 κεῖται,

2111 3776 2358 3846 ἀνόμοις
2385 3775 2454 3830 δὲ
2481 3777 2582 3830 καί
2613 3775 3078 3842 ἀνυποτάκτοις,
3108 3771 3359 3828 ἀσεϐέσι
3387 3770 3490 3825 καὶ
3523 3771 3710 3841 ἁμαρ-

2111 3865 2340 3932 τωλοῖς,
2389 3863 2767 3934 πατρολῴαις
2817 3864 2916 3920 καὶ
2967 3863 3362 3935 μητρολῴαις,
3411 3861 3710 3932 ἀνδροφό-

2112 3975 2242 4026 νοις
2261 3998 2277 4024 ,
2314 3959 2558 4028 πιξρνοις
2603 3957 2703 4012 καὶ
2731 3957 3207 4027 ἀρσενοκοίταις,
3236 3955 3563 4025 ἐπιόρκοις,
3607 3953 3708 4008 καὶ

2110 4050 2168 4104 ει
2204 4067 2260 4104 τι
2295 4048 2504 4118 ἓτερον
2544 4047 2621 4119 τῇ
2655 4048 3014 4120 ὑγιαινούσῃ
3053 4045 3418 4114 διδασκαλίᾳ
3447 4046 3712 4102 ἀντικει-

2111 4157 2227 4197 ται·
2261 4144 2312 4196 οί
2339 4141 2452 4212 γὰρ
2484 4142 2746 4215 ἄρχοντες
2769 4142 2872 4195 οὐκ
2903 4137 3010 4194 εἶσὶ
3048 4139 3213 4210 φόϐος
3237 4139 3345 4192 τῶν
3371 4137 3596 4207 ἀγαθῶν
3621 4139 3713 4212 ἔρα

2111 4248 2245 4302 γων,
2277 4232 2415 4287 ἀλλὰ
2440 4233 2549 4286 τῶν
2575 4232 2782 4287 κακῶν·
2817 4232 2913 4285 καὶ
2951 4231 3132 4285 πάλιν·
3164 4233 3369 4296 Θέλεις
3394 4230 3465 4283 δὲ
3488 4229 3574 4300 μὴ
3604 4249 3712 4300 μου

2113 4323 2344 4380 δεῖσθαι
2377 4324 2492 4394 τὴν
2513 4323 2838 4389 ἐξουσίανς
2869 4323 2931 4377 τὸ
2965 4323 3194 4394 ἀγαθὸν
3217 4323 3400 4386 ποίει,
3432 4322 3532 4376 καὶ
3554 4323 3710 4388 ἕξεις

2110 4416 2366 4472 ἔπαινον
2395 4417 2467 4482 ἐξ
2495 4415 2710 4484 αὐτῆς·
2737 4415 2868 4486 ὑμῖν
2898 4411 2994 4470 οὖν
3031 4415 3081 4468 oi
3112 4414 3326 4469 ἔπαινοι
3360 4413 3611 4478 δικαίως,
3641 4414 3712 4477 ὡς

2111 4511 2206 4565 καὶ
2229 4509 2339 4565 τῶν
2362 4509 2792 4582 ἐναντιουμένων
2823 4511 2856 4582 ἠ
2896 4509 3006 4563 τῶν
3036 4507 3445 4580 ἀπειλουμένων
3469 4507 3718 4580 τιμωρία

2111 4603 2308 4675 πικρά.

2184 4698 2256 4752 Γ’.
2297 4696 2430 4762 Θεὸς
2473 4697 2619 4768 ὑμᾶς
2660 4697 2941 4762 ἐξελέξατο
2981 4693 3160 4765 ἑαυτῷ
3188 4693 3320 4746 λαὸν
3373 4691 3714 4764 περιούσιον,

2113 4787 2361 4862 ζηλωτὴν
2406 4789 2590 4846 καλῶν
2629 4790 2829 4863 ἔργων·
2885 4788 3074 4858 Ὑμεῖς
3115 4788 3259 4841 ἐστε
3299 4784 3426 4855 φῶς
3465 4785 3576 4840 τοῦ
3613 4788 3712 4841 κό-

2113 4896 2296 4952 σμου,
2321 4883 2350 4936 6
2375 4881 2567 4953 Σωτὴρ
2592 4881 2838 4954 εἴρηκεν·
2869 4881 2964 4938 καὶ
2988 4873 3062 4934 ὧν
3091 4879 3120 4931 6
3155 4878 3318 4950 ζῆλος
3351 4879 3382 4932 ό
3407 4877 3598 4942 αὐτὸς,
3622 4880 3706 4932 καὶ

2112 4972 2176 5026 τὸ
2213 4973 2373 5044 ἔργον
2415 4973 2477 5028 τὸ
2515 4973 2668 5040 αύτδ,
2704 4975 2800 5028 καὶ⁵
2836 4975 2865 5028 6
2903 4972 3126 5037 ἔπαινος
3156 4973 3185 5026 6
3215 4970 3401 5035 αύτδς,
3429 4971 3528 5024 καὶ
3559 4974 3590 5025 ὁ
3623 4989 3705 5042 μι-

2115 5065 2241 5131 σθὸς
2266 5067 2296 5120 6
2318 5065 2502 5131 αὐτός·
2531 5065 2794 5140 μακάριοι
2817 5064 2996 5119 τοίνυν
3020 5063 3144 5118 ἐστὲ
3173 5065 3266 5118 καὶ
3286 5063 3706 5135 τρισμακάριοι,

2113 5153 2160 5214 ὦ
2206 5159 2528 5230 τιμιώτατοι
2577 5159 2697 5230 Θεῷ
2734 5156 3083 5232 μονάζοντες·
3135 5157 3218 5221 τίς
3275 5155 3436 5226 ὑμῶν
3475 5153 3716 5218 ὲπαξίιις

2117 5254 2421 5308 ἐπαινέσειε
2450 5253 2550 5324 τὴν
2575 5252 2885 5324 διαγιιιγήν;
2914 5251 3052 5323 ἔργα
3075 5251 3186 5321 γὰρ
3211 5249 3341 5319 ὑμῖν
3374 5248 3596 5319 ἡμέρας
3623 5247 3716 5300 καὶ

2116 5346 2310 5410 νυκτὸς
2336 5345 2543 5418 ψαλμοὶ
2585 5347 2679 5400 καὶ
2713 5345 2872 5418 ὕμνοι
2913 5346 3008 5398 καὶ
3033 5343 3169 5415 ᾠδαὶ
3204 5340 3580 5410 πνευματικαὶ
3622 5337 3714 5392 καὶ

2119 5439 2350 5510 πράξεις
2375 5438 2495 5512 Θεῷ
2529 5439 2834 5512 πρέπουσαι
2887 5438 3078 5510 ἀγάπη
3108 5437 3220 5508 γὰρ
3257 5435 3388 5506 ύμῖν
3427 5433 3711 5488 πολιτεύε-

2340 5637 2382 5670 ι·
2427 5634 2535 5693 Τίι.
2581 5651 2641 5707 ιι,
2671 5635 2753 5692 ιι.
2851 5635 2894 5670 ³⁸
2934 5633 3126 5692 Matth.
3159 5651 3210 5702 ν,
3245 5633 3321 5691 :6.
