3990 6210
255 306 365 365 929
1251 303 1308 356 S.
1351 301 1757 360 SERH‘IONIS

1828 303 2044 362 EPIST.
2086 306 2176 360 AD
2216 305 2520 363 MONACII.

3425 307 3530 366 9'30

257 439 371 486 ται,
402 419 462 474 τὸ
486 419 599 473 τῶν
637 419 884 488 ἀγγέλων
908 417 1096 489 χρῆμα
1114 434 1127 446 ·
1166 419 1356 489 είρήνη
1393 421 1520 491 παρ’
1547 420 1672 489 ὑμῖν
1699 420 1845 490 ὲστή·

1957 421 2108 474 tirma
2136 423 2275 491 apud
2312 437 2427 488 \os,
2464 435 2584 490 qua:
2617 431 2695 476 est
2729 419 2989 476 caelorum
3025 431 3240 484 custos;
3274 417 3431 476 alieni
3463 425 3529 478 ab

259 532 463 589 ρικται,
501 512 612 566 τῶν
647 510 892 582 οὐρανῶν
927 510 1227 581 περίϐολος·
1256 511 1627 584 ἀφιλάργυρος
1658 513 1786 581 ὑμῖν
1816 512 1845 564 6

254 609 479 682 τρόπος,
514 606 604 660 ἀεὶ
641 606 708 675 τῇ
738 602 896 674 χρεία
927 601 1264 673 φιλούμενοι,
1289 605 1348 657 ἐν
1382 605 1657 694 νηστείαις
1689 603 1845 656 εὔτο-

258 717 358 767 νοι,
391 701 450 753 ὲν
494 698 680 767 εὐχαῖς
733 693 1108 766 εὑτονὼτεροι,
1143 697 1200 749 ὲν
1247 693 1572 766 ἀγρυπνίαις
1619 698 1748 766 ὑμῖν
1785 696 1847 750 τὸ

257 793 382 848 καθ’
410 791 622 862 ἡμέραν
643 791 710 859 τῇ
741 787 1111 858 ὲγρηγορήσει
1133 787 1429 841 διανὺεται·
1459 788 1759 858 Λαμψάτω
1779 788 1845 842 τὸ

261 884 391 956 φῶς
414 881 600 954 ὑμῶν,
630 876 782 934 εἶπεν
811 879 1033 950 Κύριος·
1065 880 1157 932 καὶ
1181 879 1208 932 ὃ
1239 880 1448 951 εἴρηκε,
1474 881 1742 949 φαίνεται·
1773 879 1846 951 μὴ

261 975 543 1048 ἀγαπητὸν
576 974 800 1043 κόσμον.
829 972 964 1042 μηδὲ
997 973 1064 1026 τὰ
1092 972 1149 1025 ἐν
1174 972 1251 1042 τῷ
1278 957 1466 1043 κόσμῳ
1490 973 1663 1044 τούτῳ
1689 973 1846 1043 ὑμεῖς

260 1081 604 1138 τετηρηκατε
667 1062 927 1134 μλικάριοι
960 1062 1138 1114 τοίνυν
1177 1063 1334 1132 ὑμεῖς
1370 1063 1447 1133 τῷ
1477 1063 1615 1134 Θεῷ,
1664 1063 1845 1134 μακά-

267 1174 382 1228 ριος
412 1156 469 1209 δὲ
497 1155 591 1209 καὶ
621 1155 650 1208 6
681 1155 880 1225 κόσμος
908 1152 976 1206 δι’
1001 1153 1146 1224 ὑμᾶς
1198 1155 1253 1206 αἱ
1293 1154 1518 1224 έρημίαι
1558 1154 1847 1224 σεμνύνον-

216 1311 236 1325 κ
261 1266 354 1302 ται
388 1248 458 1302 δι’
492 1248 657 1319 ὑμᾶς,
689 1249 778 1299 καὶ
814 1247 846 1315 ἡ
883 1245 1174 1316 οἰκουμένη
1221 1242 1453 1310 σώζεται
1487 1247 1604 1309 ταῖς
1645 1246 1845 1315 ὑμετέ-

266 1356 389 1411 ραις
441 1341 790 1410 προσευχαῖς·
833 1337 986 1400 ὑετὸς
1031 1339 1097 1406 τῇ
1145 1338 1215 1406 γῇ
1264 1335 1684 1406 καταπέμπεται
1725 1339 1845 1400 ταῖς

261 1432 556 1504 ὑμετέραις
591 1431 838 1493 ἱκεσίαις,
874 1431 906 1500 ὴ
936 1430 1005 1500 γῆ
1035 1429 1344 1501 χλοηφορεῖ,
1374 1430 1466 1482 καὶ
1485 1429 1677 1502 δένδρα
1711 1447 1846 1500 καρ-

259 1527 383 1590 ποῖς
419 1522 716 1595 βριθόμενα
748 1522 957 1593 ἀϐλαϐῆ
987 1521 1076 1574 τὸν
1110 1521 1320 1593 καρπὸν
1361 1521 1705 1575 ἀποδίδωσιν·
1741 1539 1840 1574 ποο

263 1614 438 1685 ταμὸς
464 1609 664 1684 (21-99)
712 1609 768 1663 δὲ
803 1610 1034 1681 ἐτησίως
1067 1609 1434 1680 αὐξανόμενος
1462 1610 1557 1664 καὶ
1585 1610 1715 1680 ὃλην
1751 1611 1853 1683 τὴν

264 1705 540 1776 Αἴγυπτον
561 1701 824 1772 ἀρδεὺων,
849 1701 1066 1773 λίμναις
1085 1719 1143 1756 τε
1167 1701 1514 1774 φιλιοὺμενος
1546 1703 1640 1756 καὶ
1664 1701 1854 1758 θαλάτ-

257 1813 378 1860 ταις
411 1793 545 1848 πολὺ
573 1795 776 1866 πλῆθος
813 1794 1148 1866 μεταδιδοὺς,
1179 1795 1286 1847 τῶν
1317 1795 1594 1866 ὑμετέρων
1625 1797 1844 1849 ἱκεσιῶν
1879 1833 1918 1886 Β

258 1886 516 1958 γνωρίζει
561 1886 662 1957 τὴν
695 1885 943 1956 δύναμιν.
981 1877 1042 1938 Ei
1070 1885 1178 1958 γὰρ
1218 1886 1407 1949 Ἠλίας
1445 1887 1730 1959 ἄνθρωπος
1777 1887 1845 1962 ἦν

258 1979 615 2051 ὁμοιοπαθὴς,
649 1979 726 2043 ὠς
763 1978 1092 2050 γέγραπται,
1129 1977 1225 2032 καὶ
1255 1983 1531 2050 προσευχῇ
1571 1981 1660 2034 τὸν
1693 1982 1845 2035 ὑετὸν

266 2072 623 2134 συνέστειλεν,
663 2073 758 2126 καὶ
795 2071 956 2126 πάλιν
988 2072 1376 2143 προσήνεγκεν,
1421 2073 1514 2126 καὶ
1557 2075 1586 2126 6
1621 2073 1846 2145 οὐρανὸς

261 2163 504 2238 ἔϐρεξεν,
541 2163 633 2217 καὶ
673 2163 707 2232 ἡ
733 2162 802 2234 γῆ
831 2161 1130 2234 ἐϐλάστησε
1163 2160 1253 2214 τὸν
1283 2161 1493 2233 καρπὸν
1523 2164 1712 2233 αὑτῆς,
1752 2163 1848 2216 πός

263 2273 344 2326 σῳ
376 2255 575 2326 μᾶλλον
606 2255 659 2308 ai
683 2253 949 2326 ὑμέτεραι
976 2253 1264 2326 πρεσϐεῖαι
1292 2251 1360 2306 τὰ
1383 2255 1503 2308 κατ’
1533 2255 1696 2326 εὑχὴν
1716 2256 1846 2326 ἡμῖν

263 2344 471 2400 ἀνοίσει
502 2345 740 2417 χρήσιμα
761 2361 776 2410 ς

333 2442 407 2493 Δ’.
443 2435 702 2512 Ιξακαρία
744 2434 926 2488 τοίνυν
978 2435 1012 2506 ἠ
1061 2434 1453 2507 Ἀλεξανδρέων
1500 2433 1654 2499 πόλις
1703 2430 1848 2506 ὑμᾶς

258 2530 460 2601 ἔχουσα
517 2527 882 2600 πρεσϐευτάς·
923 2526 1023 2581 οὑκ
1057 2526 1123 2581 ἂν
1160 2529 1218 2582 αί
1247 2527 1494 2598 Σοδόμων
1538 2527 1724 2590 πόλεις
1761 2543 1848 2579 τε-

258 2621 558 2694 φρωθεῖσαι
598 2619 914 2682 κατέπεσον,
951 2619 1001 2672 εί
1037 2617 1170 2672 δέκα
1209 2617 1403 2671 δίκαιοι
1436 2619 1615 2671 ἐκεῖσε
1653 2617 1848 2688 διέτρι-

256 2713 372 2770 ϐον’
409 2713 518 2766 οὐδ’
552 2707 618 2766 αὖ
648 2710 811 2764 πάλιν
859 2710 1044 2782 ἕτεραι
1087 2709 1269 2774 πόλεις
1314 2709 1718 2782 διεστράφησαν
1755 2708 1846 2762 εὑ-

264 2804 550 2878 μοιροῦσαι
590 2805 688 2875 τῆς
721 2804 873 2874 ὑμῶν
905 2803 1210 2873 ἁγιότητος·
1242 2803 1291 2855 οἱ
1339 2802 1481 2872 φίλοι
1529 2801 1625 2855 τοῦ
1667 2802 1849 2856 θεοσε-

259 2896 389 2962 ϐοῦς
425 2895 547 2950 ἰὼϐ
581 2895 806 2965 χαλεποὶ
837 2895 988 2959 ὄντες
1013 2894 1298 2966 ἐσώθησαν
1331 2894 1397 2948 δι’
1431 2894 1611 2958 αὑτὸν,
1649 2894 1724 2958 ὡς
1752 2894 1846 2962 γέ·

258 3003 536 3060 γραπται·
582 2987 714 3040 Ἰὼϐ
761 2985 830 3039 δὲ
871 2988 904 3039 ό
957 2983 1230 3054 θεράπων
1279 3001 1382 3053 μοι
1423 2983 1662 3048 εὔξεται
1715 2981 1849 3052 περὶ

256 3080 445 3150 ὑμῶν,
479 3078 569 3132 ὅτι
596 3079 648 3132 εὶ
672 3077 758 3147 μὴ
787 3077 1111 3146 πρόσωπον
1139 3075 1328 3130 αὑτοῦ
1355 3075 1649 3146 λήψομαι,
1682 3077 1734 3130 εἱ
1758 3074 1846 3144 μὴ

1950 513 2174 566 avaritia
2207 527 2384 566 mores
2413 513 2598 576 vestri,
2625 512 2714 581 qui
2749 512 2910 567 rebus
2941 513 3264 569 necessariis
3290 514 3537 588 contenti

1946 603 2097 668 eSIis,
2130 600 2418 670 injejnniis
2454 611 2784 666 constantes,
2811 601 2864 656 in
2895 603 3145 671 precibus
3180 603 3354 660 adhuc
3399 619 3531 659 con-

1947 695 2262 760 stantiores,
2301 695 2352 747 in
2387 693 2584 764 vigiliis
2610 693 2913 764 experrecti
2957 693 3325 763 quotidianam
3365 695 3531 748 vitam

1949 786 2226 856 peragitis.
2279 784 2475 838 Luceat
2510 786 2603 838 tua:
2655 796 2839 851 vestra,
2885 786 3024 840 dixit
3070 786 3326 842 Dominus
3361 787 3438 853 ³⁶;
3475 796 3533 841 et

1947 878 2088 947 quod
2137 879 2296 942 dixit,
2345 878 2488 948 apud
2534 893 2632 933 vos
2664 887 2856 946 paret;
2902 893 3076 947 neque
3111 878 3263 933 vobis
3300 879 3532 933 mundus

1947 980 2041 1024 aut
2086 970 2307 1024 omnino
2363 986 2482 1039 qua}
2531 980 2660 1024 sunt
2703 972 2754 1024 in
2797 971 2996 1024 inundo
3036 985 3180 1025 cura;
3207 981 3352 1025 sunt.
3380 971 3528 1024 Beati

1949 1061 2110 1131 igitur
2143 1077 2238 1115 vos
2274 1077 2455 1116 coram
2497 1063 2624 1128 Deo,
2670 1063 2865 1117 beatus
2897 1063 3022 1116 item
3056 1062 3284 1117 mundus
3311 1073 3532 1133 propter

1949 1167 2064 1208 vos.
2133 1151 2354 1208 Deserta
2417 1153 2528 1209 loca
2583 1155 2744 1209 vestri
2794 1170 2955 1210 causa
3000 1155 3335 1210 venerationi
3380 1164 3528 1220 sunt,

1946 1245 2250 1313 vestrisque
2304 1247 2555 1316 precibus
2613 1257 2876 1300 terrarum
2921 1247 3067 1302 orbis
3116 1254 3295 1301 tnanet
3327 1247 3530 1302 ineolu-

1949 1337 2071 1392 mis.
2110 1335 2275 1392 Vobis
2325 1338 2610 1391 orantibus
2661 1338 2840 1408 pluvia
2879 1339 2930 1392 in
2968 1349 3166 1392 terram
3208 1337 3531 1402 demittitur,

1947 1428 2323 1484 lellns'herbis
2365 1431 2605 1495 virescit,
2641 1431 2862 1485 arbores
2900 1431 3072 1500 pomis
3112 1440 3320 1484 onustae
3361 1429 3530 1485 invio-

1947 1520 2113 1574 latum
2162 1519 2394 1575 fructum
2449 1523 2816 1590 suppeditant,
2871 1522 3068 1577 ﬂumen
3110 1522 3400 1591 quotannis
3435 1537 3533 1574 au-

1946 1623 2125 1678 ctum,
2162 1617 2469 1668 universam
2501 1613 2790 1685 IEgypIum
2835 1615 3085 1686 irrigans,
3119 1615 3324 1685 stagnis
3357 1628 3416 1669 se
3443 1629 3531 1669 so-

1947 1703 2136 1770 cians,
2219 1705 2567 1775 maribusque
2636 1698 2893 1775 aquarum
2975 1705 3183 1775 eopiam
3251 1706 3529 1773 tribuens,

1945 1807 2248 1852 vestrarum
2311 1799 2760 1869 supplicationum
2821 1799 2926 1852 vim
2977 1799 3238 1853 declarat.
3271 1797 3328 1853 Si
3381 1799 3527 1853 enim

1951 1890 2115 1954 Elius,
2155 1890 2256 1954 vir,
2292 1892 2367 1946 uti
2408 1891 2670 1962 scriptum
2705 1903 2808 1957 est,
2841 1905 2993 1960 teque
3035 1906 3098 1945 ac
3135 1891 3226 1946 alii
3277 1891 3526 1945 homines
3585 1901 3604 1924 κ

1947 1979 2286 2048 passionibus
2325 1993 2647 2045 commotus,
2683 1997 2842 2052 prece
2902 1981 3248 2036 nihilominus
3294 1980 3526 2058 plnyiam

1950 2071 2202 2137 inhibuit,
2250 2088 2547 2143 rursusque
2588 2089 2746 2144 prece
2786 2073 2853 2126 ab
2881 2089 2946 2126 eo
2973 2066 3172 2137 oblata,
3209 2073 3347 2126 cmio
3373 2071 3528 2143 pluit,

1945 2174 2000 2220 et
2027 2181 2184 2221 suum
2227 2165 2384 2220 tellus
2411 2166 2644 2220 fructum
2683 2165 3003 2236 germinavit
3027 2165 3093 2229 ",
3129 2173 3331 2234 quanto
3361 2163 3531 2235 magis

1946 2269 2125 2314 vestra
2185 2259 2503 2314 intercessio
2544 2259 2808 2329 postulata
2860 2258 3014 2313 nobis
3073 2258 3226 2312 utilia
3270 2257 3530 2326 impetra-

1948 2347 2056 2402 bit?

2019 2436 2107 2492 IV.
2144 2435 2297 2492 Felix
2331 2435 2498 2508 igitur
2535 2437 2671 2494 urbs
2709 2438 3036 2492 Alexandria
3087 2452 3207 2508 quae
3244 2453 3340 2494 vos
3369 2437 3532 2494 habet

1949 2529 2379 2584 intercessor-cs!
2414 2527 2576 2582 Certe
2611 2528 3012 2584 Sodomitarnm
3047 2530 3208 2585 civita
3237 2544 3297 2584 es
3328 2546 3530 2600 nequa-

1948 2636 2112 2690 quam
2146 2620 2198 2674 in
2229 2620 2442 2675 cineres
2470 2619 2704 2675 redacta:
2732 2621 2978 2687 fuissent,
3011 2620 3054 2674 si
3085 2621 3270 2676 decem
3302 2620 3372 2675 ibi
3397 2621 3528 2692 justi

1951 2713 2432 2780 inbabitassent";
2473 2728 2647 2781 neque
2684 2713 2811 2768 item
2849 2713 2968 2768 alite
3000 2713 3160 2768 nrbes
3189 2727 3392 2769 eversa:
3437 2729 3528 2769 es-

1949 2815 2089 2866 sent.
2120 2806 2163 2861 si
2194 2815 2425 2860 vestram
2461 2804 2599 2874 apud
2629 2821 2688 2861 se
2728 2815 3032 2860 manentem
3062 2805 3406 2860 sanctitatem
3435 2807 3532 2861 ha-

1950 2898 2214 2954 buissent.
2267 2897 2521 2969 Religiosi
2570 2896 2673 2952 Job
2713 2898 2896 2960 amici.
2937 2913 3244 2968 quanquam
3289 2899 3533 2955 distortis

1950 2991 2216 3057 moribus,
2253 2990 2372 3060 ejus
2397 3001 2575 3044 tamen
2604 2991 2802 3060 gratia,
2829 2999 2888 3044 ut
2917 2990 2991 3044 ait
3023 2990 3323 3059 Scriptura,
3347 3006 3534 3046 serva-

1952 3084 1988 3138 ti
2015 3083 2233 3138 l'uerunt
2261 3103 2273 3138 :
2303 3081 2426 3149 Job,
2473 3083 2668 3152 inquit,
2701 3100 2879 3137 servus
2920 3099 3063 3137 meus
3093 3100 3188 3152 pro
3238 3083 3378 3138 vobis
3407 3101 3532 3139 ora-

257 3173 370 3244 τὰρ
393 3171 470 3226 δι’
495 3170 703 3233 αὑτὸν,
730 3168 1019 3224 ἀπώλεσα
1051 3167 1128 3222 ἂν
1171 3166 1403 3234 πάντας
1445 3167 1618 3237 ὑμᾶς·
1660 3169 1841 3238 ἥμαρ-

1952 3177 2042 3239 bit,
2094 3175 2244 3243 cuius
2284 3192 2374 3244 ego
2417 3176 2605 3242 [aciem
2656 3176 2951 3239 reverebar;
2983 3175 3084 3228 nisi
3114 3175 3250 3229 enim
3296 3192 3388 3240 per
3414 3192 3547 3229 eum.

256 3282 348 3318 τεν
382 3263 546 3317 πάλιν
579 3261 709 3314 ποτὲ
729 3261 758 3313 6
789 3259 895 3314 τῶν
930 3259 1198 3314 Ἰουδαίων
1228 3259 1373 3323 λαὸς.
1406 3262 1494 3314 ὅτε
1531 3262 1559 3314 6
1583 3259 1676 3313 τοῦ
1711 3258 1846 3313 Θεοῦ

260 3356 516 3428 Θεράπων
547 3335 640 3408 τὸν
656 3353 820 3424 νόμον
850 3352 1087 3419 ἐδέξατο·
1115 3352 1456 3423 ὀλιγωρήσας
1488 3349 1581 3404 τοῦ
1613 3350 1716 3422 πρέ
1730 3367 1847 3402 πονο

257 3464 352 3511 τος
393 3447 423 3500 ὁ
453 3445 539 3499 ἀεὶ⁵
573 3444 831 3508 ἀσύνετος
865 3444 960 3497 καὶ
993 3442 1315 3506 ἀπαίδευτος
1350 3441 1476 3505 λαὸς
1517 3441 1848 3513 παρηνόχλει

258 3539 341 3610 τῷ
383 3537 594 3610 Ἀαρὼν
633 3537 828 3606 λέγων·
863 3536 1134 3604 Ποίησον
1153 3535 1298 3606 ἡμῖν
1318 3535 1512 3601 θεοὺς,
1549 3535 1608 3588 οἵ
1625 3549 1849 3602 προπο-

251 3632 580 3701 ρεύσονται
616 3628 804 3700 ἡμῶν·
848 3627 1209 3700 παραϐάντων
1250 3626 1307 3679 δὲ
1360 3626 1560 3688 αὐτῶν,
1600 3625 1848 3696 ὠργίσθη

260 3721 468 3796 Κύριος
507 3722 692 3786 αὑτοῖς
717 3721 812 3776 καί
857 3735 1042 3792 φησιν·
1078 3717 1328 3787 Μωϋσῆ,
1371 3716 1619 3785 Μωῢσῆ,
1661 3716 1849 3771 σπεῦ-

257 3829 399 3878 σον.
435 3815 739 3881 κατάϐηθι,
771 3815 803 3866 ό
834 3813 942 3882 γὰρ
975 3808 1125 3874 λαὸς
1162 3809 1491 3878 ἡνόμησεν·
1529 3809 1557 3862 6
1589 3807 1646 3860 δὲ
1678 3825 1847 3861 κατα-

257 3907 363 3971 ϐὰς
395 3907 490 3960 καὶ⁵
519 3905 852 3976 Θεασάμενος
881 3904 980 3975 τὴν
1015 3901 1380 3973 παρανομίαν,
1414 3899 1746 3972 ἀπεκρίνατο
1771 3898 1849 3970 τῷ

256 4000 381 4072 θεῷ
413 4000 606 4070 λέγων·
653 4001 722 4053 Et
763 3999 880 4068 μὲν
924 3994 1085 4065 ἀρῆς
1131 3993 1337 4061 αὐτοῖς
1378 3994 1494 4061 τὴν
1533 3993 1846 4062 ἁμαρτίαν,

259 4096 432 4164 ἄφες·
454 4095 507 4147 ει
533 4092 602 4146 δὲ
625 4091 711 4162 μή
751 4107 838 4162 γε,
866 4089 1018 4160 κάμὲ
1043 4087 1370 4158 ἐξάλειψον
1394 4087 1460 4141 ἐκ
1492 4086 1600 4154 τῆς
1625 4087 1848 4151 ,ϐίϐλου

258 4182 339 4255 ἧς
377 4185 670 4254 ἔγραψας.
709 4184 774 4236 Ὠ
810 4183 950 4253 πόση
975 4183 1088 4245 τοῖς
1119 4181 1294 4249 ἁγίοις
1323 4180 1588 4240 ὃιάθεσιςῑ
1608 4178 1654 4231 ὣ
1683 4178 1850 4232 πόσον

261 4278 320 4331 αἱ
353 4275 618 4347 ὑμέτεραι
641 4273 798 4344 εὑχαὶ
821 4272 891 4326 τὰ
920 4272 1037 4325 κατ’
1054 4257 1235 4343 ἐὐχὴν
1269 4273 1398 4343 ἡμῖν
1423 4271 1625 4325 ἀνοίσει
1657 4271 1849 4342 χρήσι-

264 4385 364 4439 μα,
410 4365 507 4421 τοῦ
571 4365 706 4419 Θεοῦ
771 4363 1083 4418 ὲπισπῶσαι
1121 4363 1221 4434 τὴν
1264 4362 1584 4432 εὑμένειανί
1623 4360 1668 4414 ὦ
1707 4362 1844 4432 πόση

261 4460 614 4515 ἀποκείσεται
678 4459 805 4528 ὑμῖν
857 4459 891 4526 ἡ
959 4455 1264 4517 ἀνάπαυσις
1331 4452 1450 4524 Θεῷ
1512 4451 1846 4523 συναφοῆναι

263 4550 688 4614 σπουδάζουσινῑ
721 4548 766 4600 ὦ
794 4547 977 4602 πόσων
1003 4545 1221 4614 ἀγαθῶν
1248 4543 1718 4616 ἐμπλησθήσεσοε,
1743 4561 1846 4596 πα-

262 4644 419 4716 τέρα,
441 4643 536 4696 καὶ
562 4640 798 4714 μητέρα,
831 4640 924 4692 καὶ
950 4637 1210 4707 ἀδελφοὺς
1243 4636 1698 4710 καταλείψαντεςί

336 4823 414 4880 E'.
442 4821 534 4893 Τῷ
569 4820 820 4892 Ἀϐραὰμ
854 4819 1021 4874 πάλαι
1047 4817 1076 4869 6
1098 4816 1229 4880 Θεὸς
1251 4815 1455 4886 ἔλεγεν·
1492 4814 1745 4881 Ἔξελθε
1778 4815 1846 4870 ἐκ

261 4916 376 4987 τῆς
413 4913 526 4986 τῆς
581 4928 699 4967 σου
750 4911 848 4966 καὶ
897 4911 966 4964 ἐκ
1014 4907 1124 4976 τῆς
1160 4907 1516 4978 συγγενείας
1556 4923 1694 4970 σου,
1751 4906 1850 4962 καί

263 5009 442 5078 δεῦρο
468 5009 558 5074 εὶς
590 5003 707 5076 ῆν
728 5001 808 5071 ἦν
829 5003 906 5056 ἄν
930 5019 1028 5056 σοι
1061 4999 1255 5064 δείξω·
1289 5000 1382 5053 καὶ
1418 5001 1446 5052 6
1474 4998 1572 5070 μὲν
1601 4997 1854 5070 Ἀϐραὰμ

264 5097 585 5161 ὑπακούσας
625 5093 868 5165 ἐξῆλθεν·
908 5091 1020 5164 ὁρῶ
1075 5090 1133 5144 δὲ
1189 5088 1284 5142 καὶ
1328 5089 1471 5160 ὑμᾶς
1499 5088 1855 5161 ἁρπάσαντας

262 5191 357 5246 τὸν
378 5188 476 5243 τοῦ
501 5187 636 5242 Θεοῦ
655 5187 831 5256 λόγον,
865 5186 952 5239 ἵνα
983 5183 1062 5254 τῷ
1078 5182 1333 5255 Ἀϐραὰμ
1359 5179 1846 5252 ἐξακολουθήσητε,

264 5281 484 5352 καὶτῆς
513 5280 765 5349 εὐλογίας
801 5273 1338 5347 συναπολαυθήσητε·
1383 5273 1633 5343 Ἀγαθὸν
1652 5272 1847 5341 ἀνδρί,

263 5373 350 5430 ὅτ’
379 5372 458 5428 ἂν
490 5372 603 5443 ἄρῃ
633 5369 809 5442 ζυγὸν
834 5369 901 5424 ἐκ
920 5367 1202 5434 νεότητος
1230 5364 1437 5427 αὑτοῦ,
1467 5362 1748 5418 καθιεῖται
1781 5363 1850 5418 δὲ

261 5466 610 5535 καταμόνας
645 5462 743 5518 καὶ
765 5458 1154 5528 σιωπήσεται·
1188 5456 1345 5512 τοῦτο
1378 5458 1412 5529 η
1443 5453 1684 5528 ὑμετέρα
1718 5457 1850 5511 ἀνα-

1948 3269 2194 3332 stetisset,
2227 3269 2405 3336 utique
2437 3284 2520 3320 ros
2549 3283 2726 3320 omnes
2766 3283 2972 3336 pessum
3013 3267 3269 3321 dedissem
3295 3267 3358 3321 ”.
3391 3266 3528 3323 Olim

1950 3368 2207 3429 praeterea
2260 3357 2516 3413 Jndaicus
2564 3358 2790 3428 populus
2825 3358 3086 3427 peccavit,
3134 3371 3241 3426 quo
3293 3367 3533 3425 tempore

1952 3451 2043 3507 Dei
2079 3466 2268 3506 servus
2293 3450 2464 3520 legem
2501 3449 2602 3505 sibi
2644 3450 2896 3504 traditam
2928 3449 3259 3518 actipiebat;
3303 3465 3534 3520 namque

1947 3544 2107 3600 oﬂii-ii
2141 3545 2223 3600 sui
2251 3543 2449 3599 oblitus
2474 3543 2561 3599 ille
2593 3556 2807 3613 semper
2836 3544 3098 3612 insipiens
3133 3543 3376 3612 maleque
3419 3557 3533 3595 mo-

1951 3647 2102 3690 ratus
2127 3638 2376 3706 populus,
2406 3636 2746 3706 importunus
2772 3636 2972 3689 Aaroni
3006 3644 3125 3689 erat
3155 3636 3338 3687 dicens
3371 3651 3384 3687 :
3418 3632 3534 3687 Fac

1949 3727 2095 3778 nobis
2123 3725 2266 3788 deos,
2315 3742 2444 3795 quos
2479 3727 2572 3779 vite
2615 3726 2771 3778 duces
2822 3741 3105 3794 sequamur
3131 3724 3196 3778 ⁸ο.
3240 3725 3382 3791 Ergo
3429 3723 3534 3779 illis

1949 3814 2300 3884 peccantibus
2350 3816 2520 3868 iratus
2571 3813 2832 3868 Dominus
2888 3817 2964 3867 ait
3008 3832 3020 3867 :
3070 3813 3274 3883 Moyse,
3326 3813 3534 3883 Moyse,

1949 3905 2138 3972 festina
2169 3903 2498 3967 descendere,
2524 3904 2744 3970 papulns
2777 3905 2914 3955 enim
2943 3905 3324 3970 pra'variratus
3351 3912 3426 3956 est
3464 3904 3532 3956 “.

1950 3995 2040 4050 Ille
2084 4011 2211 4050 vero
2247 3995 2603 4066 descendens,
2647 3995 2760 4048 visa
2808 4010 2868 4048 ea
2900 3995 3269 4064 perversitate,
3302 3995 3408 4048 Deo
3451 4009 3536 4048 re-

1949 4089 2164 4158 spondit
2192 4088 2377 4141 dicens
2412 4102 2426 4138 :
2461 4085 2520 4141 Si
2550 4086 2756 4157 quidem
2781 4087 2879 4140 hoc
2909 4086 3014 4140 illis
3040 4098 3306 4154 peccatum
3338 4087 3411 4140 vis
3449 4086 3535 4140 di-

1950 4183 2172 4242 mittere,
2198 4181 2376 4250 utique
2400 4179 2605 4234 dimitte
2629 4193 2648 4243 ;
2675 4180 2720 4232 si
2751 4180 2945 4244 minus,
2983 4196 3059 4232 me
3091 4195 3292 4248 quoque
3319 4179 3381 4232 de
3401 4178 3536 4233 libra

1949 4290 2099 4343 quem
2154 4272 2414 4338 scripsisti
2463 4271 2718 4325 deleto“.
2763 4270 2807 4327 Ο
2845 4281 3043 4340 quanta
3089 4281 3172 4323 est
3223 4279 3534 4325 Sanctorum

1952 4366 2286 4435 benignitas!
2316 4375 2575 4434 quantam
2606 4365 2763 4419 nobis
2788 4373 2981 4418 vcslrtc
3017 4377 3206 4433 preces
3237 4363 3531 4416 utilitatem

1953 4457 2345 4525 impetrabunt,
2389 4455 2480 4510 Dei
2529 4454 2900 4510 benevolentia
2948 4454 3270 4508 c0nciliata!
3323 4457 3532 4520 Quanta

1954 4565 2047 4602 vos
2074 4547 2125 4602 in
2155 4547 2393 4601 futurum
2423 4558 2605 4602 manet
2639 4548 2873 4616 requies,
2893 4547 2982 4616 qui
3011 4547 3116 4601 Deo
3147 4545 3397 4617 conjungi
3432 4558 3535 4602 sat-

1953 4642 2142 4709 agitis!
2170 4641 2311 4708 Quot
2337 4641 2492 4696 bouis
2523 4641 2882 4709 replebiniini,
2911 4641 3000 4710 qni
3037 4653 3266 4712 patrem,
3306 4652 3533 4694 matrem

1954 4732 1991 4788 [ι
2006 4741 2259 4802 atresque
2282 4733 2631 4788 deseruistis!

2023 4822 2080 4878 ν.
2117 4824 2425 4878 Abrahamo
2448 4826 2573 4877 olim
2607 4823 2747 4878 Deus
2776 4824 2850 4878 ait
2884 4841 2898 4878 :
2929 4823 3029 4876 Exi
3058 4823 3122 4876 de
3161 4834 3302 4876 terra
3332 4835 3423 4875 tua
3458 4839 3522 4877 ac

1950 4912 2014 4966 de
2047 4914 2360 4982 cognatione
2390 4925 2503 4974 tun,
2527 4925 2572 4966 et
2604 4915 2716 4966 reni
2743 4915 2796 4966 in
2829 4914 3084 4982 regionem
3109 4930 3264 4978 quam
3313 4915 3532 4966 damon-

1950 5016 2180 5058 strnrero
2229 5005 2324 5058 tibi
2365 5005 2430 5058 ⁴³.
2475 5005 2538 5060 Et
2583 5005 2855 5060 Abraham
2900 5005 3114 5075 quidem
3151 5005 3532 5074 obtemperans

1953 5096 2105 5149 exiit.
2143 5093 2246 5149 Vos
2277 5098 2482 5164 pariter
2513 5097 2667 5153 video
2703 5099 2792 5152 Dei
2826 5098 2941 5152 voci
2974 5097 3117 5151 ultro
3140 5097 3448 5163 obsecutos,
3474 5107 3530 5153 ut

1955 5187 2248 5241 Abralnuni
2286 5189 2559 5243 imitantes
2587 5190 2921 5260 exemplum,
2968 5190 3086 5260 ejus
3117 5205 3271 5260 a'qne
3311 5190 3532 5244 benedi-

1956 5280 2225 5336 ctiouibns
2254 5279 2527 5336 iruamini.
2559 5279 2768 5336 Battum
2797 5292 2871 5338 est
2902 5284 3123 5349 homini,
3153 5299 3272 5337 cum
3289 5293 3531 5350 portau-

1957 5373 2023 5424 rit
2050 5373 2240 5443 jugum
2266 5372 2330 5426 ab
2365 5374 2714 5428 adolescentia
2756 5388 2886 5438 sua;
2916 5376 3110 5429 sedebit
3140 5377 3277 5428 enim
3309 5384 3359 5430 et
3385 5385 3525 5430 tace-

1957 5460 2028 5515 bit
2058 5461 2124 5519 “.
2153 5461 2360 5518 Dictum
2406 5464 2506 5519 hoc
2536 5474 2714 5522 vestra
2753 5465 2806 5518 iu
2840 5479 3080 5520 eremum
3107 5465 3339 5522 secessio
3361 5465 3532 5521 inter-

343 5604 392 5638 ⁸⁸
427 5603 615 5660 Matth.
644 5618 698 5665 ν,
739 5601 826 5655 14.
902 5600 948 5669 ⁸]
983 5599 1091 5654 Jac.
1127 5615 1176 5661 v,
1217 5598 1298 5662 l7,
1331 5596 1456 5669 7178.“
1493 5596 1539 5627 ³⁸
1577 5593 1712 5650 Gen.
1753 5610 1838 5669 ενι

1952 5596 2019 5654 52,
2102 5598 2144 5631 ³⁹
2184 5597 2284 5655 Job
2321 5616 2451 5667 xui,
2481 5599 2534 5654 8.
2614 5600 2659 5632 “
2693 5599 2861 5656 Exod.
2893 5616 3066 5669 usu,
3098 5601 3150 5656 ί.
3224 5600 3270 5634 ⁸⁸
3313 5599 3446 5657 ibid.
3473 5596 3529 5652 7.

256 5665 325 5697 ’⁸⁸
354 5675 484 5731 ibid.
519 5673 613 5734 3|,
641 5673 730 5727 5'2.
806 5671 852 5702 “
903 5666 1038 5724 Cen.
1074 5685 1170 5732 xit,
1208 5669 1254 5722 Ι.

319 5783 534 5856 (21-99)
571 5780 728 5838 Nilus
758 5778 1026 5835 videlicet.

1331 5668 1375 5698 “
1416 5666 1618 5721 'l‘ltren.
1652 5681 1732 5734 In,
1757 5666 1848 5732 27,
1886 5663 1975 5722 28.
