3990 6210
281 327 386 382 957

1270 319 1329 374 S.
1373 316 1775 374 SERAPIONIS
1813 315 2026 372 EPIST.
2066 313 2157 368 AD
2194 314 2499 370 MONACII.
3302 339 3329 372 φ

3433 325 3535 380 938

284 439 386 508 σίῳ
438 435 482 486 Τ
485 432 633 505 ριάδι
703 432 1196 504 στρατευσάμενοι·
1252 431 1589 502 στρατιώτην
1649 429 1864 500 ἰδιώτης

1973 431 2055 500 qui
2085 430 2533 484 eonsubstautiali
2563 428 2816 484 Trinitati
2847 432 3111 502 stipendia
3149 434 3344 490 facitis.
3381 436 3533 491 Militi

280 527 567 598 ἄνθρωπος
593 525 696 577 οὑκ
724 524 935 592 ἀπατᾷ,
978 522 1092 574 ἀλλ’
1119 522 1239 574 οὑδὲ
1269 523 1368 591 τὴν
1402 521 1674 592 ὑμετέραν
1711 521 1865 574 εὑλά·

282 621 433 672 ϐειαν
475 617 526 669 οἱ
574 613 1044 686 δραπετεύσαντες
1087 613 1370 683 δαίμονες·
1416 613 1548 674 Θεὸς
1585 612 1694 682 γὰρ
1732 613 1862 680 ὑμῖν

279 708 487 781 δωρεὰς
543 706 722 768 διδοὺς
779 703 1000 771 ἔλεγεν·
1057 703 1203 757 Ἰδοὺ
1265 701 1493 757 δέδωκα
1545 703 1697 772 ’ὑμῖν¹
1750 702 1865 769 τὴν

281 801 574 866 ἐξουσίαν
631 796 738 851 τοῦ
787 795 1003 849 πατεῖν
1046 794 1249 848 ἐπάνω
1300 795 1494 864 ὄφεων
1541 795 1638 848 καὶ
1687 809 1867 862 σκορ-

285 893 460 954 πίων,
502 889 602 942 καὶ
645 888 742 941 ἐπὶ
781 885 992 940 πᾶσαν
1024 884 1139 952 τὴν
1183 885 1441 954 δύναμιν
1484 885 1590 939 τοῦ
1621 885 1861 955 ἐχθροῦ,

285 986 386 1038 καὶ
427 979 607 1036 οὐδὲν
653 977 807 1046 ὑμᾶς
838 979 911 1030 οὐ
936 977 1023 1046 μὴ
1075 977 1379 1042 ἀδικήσει·
1423 977 1523 1029 οὑκ
1568 977 1863 1047 ἐστρατεύ-

289 1074 420 1144 θητε
453 1069 775 1141 ἀνθρωπίνῳ
820 1068 1050 1138 βασιλεῖ,
1100 1068 1186 1120 ἴνα
1229 1069 1288 1122 ὲν
1335 1067 1554 1138 πολέμῳ
1597 1067 1864 1139 θεάσησθε

285 1163 386 1225 τάς
423 1161 530 1214 τῶν
568 1160 842 1230 ὁμογενῶν
890 1157 1194 1229 ἀνθρώπων
1223 1159 1478 1230 σφαγὰς,
1512 1159 1626 1211 ἀλλ’
1665 1161 1863 1229 ἐστρα-

285 1254 518 1322 τεύθητε
553 1252 631 1322 τῷ
671 1250 906 1322 Χριστῷ,
945 1251 1032 1304 ἴνα
1059 1250 1168 1303 τῶν
1192 1229 1462 1320 δαιμόνων
1497 1249 1762 1320 θεάσησθε
1797 1251 1866 1305 τά

289 1344 594 1415 πτώματα·
635 1344 746 1396 οὐδ’
783 1343 1083 1412 ἐκέκτησθε
1127 1343 1266 1395 ὅπλα
1312 1344 1376 1395 ὲκ
1415 1342 1615 1412 χαλκοῦ
1657 1343 1751 1396 καὶ
1787 1358 1865 1394 σι-

284 1436 474 1506 δήρου,
523 1434 609 1486 ἵνα
649 1435 775 1496 τοὺς
817 1433 1135 1502 ὁμοδούλους
1165 1433 1424 1503 ἀνέλητε·
1469 1432 1586 1486 ἀλλ’
1635 1433 1865 1503 Eumelis

283 1525 468 1579 πίστιν
506 1524 732 1596 ἰσχυρὰν
766 1524 832 1576 δι’
861 1519 926 1596 ἧς
953 1527 981 1578 6
1004 1523 1251 1588 διάϐολος
1283 1524 1714 1578 καταϐάλλεται·
1745 1525 1864 1577 οὑδὲ

280 1617 443 1670 πάλιν
471 1615 905 1687 ἐστρατεύσασθε
937 1616 1020 1668 ἵνα
1055 1616 1283 1686 ὲκχέητε
1310 1613 1449 1685 αἷμα
1497 1614 1861 1688 ἀνθρώπινον,

280 1702 398 1757 ἀλλ’
431 1703 864 1774 ἐστρατεύσασθε
897 1703 1014 1774 Θεῷ
1065 1704 1150 1756 ἵνα
1190 1704 1449 1775 διηνεκῶς
1499 1705 1724 1777 ἐκχέητε
1767 1705 1864 1776 τὴν

1967 523 2208 592 privatus
2255 523 2416 575 homo
2459 535 2562 574 non
2613 521 2814 586 illudit;
2847 522 2920 576 ita
2972 538 3070 577 nec
3115 539 3308 580 vestra:
3351 528 3536 595 pietati

1967 613 2208 683 perfugae
2243 613 2538 668 daemones.
2570 612 2710 667 Deus
2751 614 2892 669 enim
2943 617 3126 683 gratiae
3158 632 3268 671 suae
3318 635 3535 673 munera

1969 705 2119 758 vobis
2151 703 2393 757 tribuens
2425 705 2538 757 ait:
2577 703 2711 759 Ecce
2751 706 2871 758 dedi
2910 707 3053 759 vobis
3095 719 3396 774 potestatem
3431 711 3538 762 cal-

1966 791 2122 844 candi
2155 802 2410 860 serpentes
2451 803 2495 846 et
2530 793 2782 861 scorpios,
2816 807 2968 864 atque
3008 796 3299 850 universam
3339 799 3535 852 inimici

1965 883 2286 949 potentiam,
2336 884 2565 954 nihilque
2622 884 2762 938 vobis
2812 887 3026 938 noxium
3079 887 3318 955 futurum
3365 889 3532 942 est”.

1967 970 2315 1042 Nequaquam
2347 976 2446 1029 sub
2487 990 2612 1045 rege
2657 977 2873 1031 homine
2909 978 3174 1046 militatis,
3203 991 3262 1033 ut
3309 981 3360 1034 in
3401 982 3534 1036 bella

1967 1065 2142 1116 caedes
2213 1064 2491 1117 hominum
2564 1066 3016 1136 homogeneorum
3091 1071 3383 1138 spectetis;
3443 1073 3534 1126 sed

1967 1151 2191 1207 ChriSto
2226 1154 2492 1217 utilitatis,
2525 1165 2581 1208 ut
2613 1156 2884 1212 daemones
2920 1158 3231 1228 proﬂigatos
3264 1164 3532 1217 cernatis:

1975 1257 2125 1296 arma
2164 1258 2231 1298 ex
2268 1259 2376 1299 aere
2424 1245 2676 1316 ferroque
2715 1261 2820 1301 non
2869 1249 3100 1313 habetis,
3145 1261 3202 1305 ut
3245 1268 3537 1308 conservos

1967 1344 2178 1389 vestros
2210 1336 2578 1403 interﬁciatis,
2620 1341 2713 1394 sed
2742 1341 2920 1410 adepti
2956 1343 3086 1396 estis
3119 1344 3274 1398 fidem
3310 1345 3535 1399 validam

1967 1440 2071 1494 qua
2126 1426 2370 1482 diabolus
2421 1431 2816 1496 prosternitur;
2861 1447 3035 1501 neque
3082 1433 3133 1487 in
3192 1436 3380 1488 militia
3419 1447 3548 1489 Ver-
3603 1491 3611 1504 ,

1967 1519 2192 1584 samiui,
2249 1529 2308 1574 ut
2351 1521 2643 1576 humanum
2703 1525 3013 1593 sanguinem
3068 1525 3386 1591 eli‘undatis,
3447 1533 3540 1580 setl

1969 1610 2022 1664 in
2073 1611 2168 1665 Dei
2238 1611 2429 1666 militia
2491 1615 2816 1680 versamini,
2877 1625 2935 1670 ut
2993 1633 3178 1686 preces
3233 1633 3543 1675 constanter

1968 1712 2179 1756 vestras
2226 1717 2412 1758 coram
2456 1705 2572 1772 ipso
2611 1706 2867 1762 fundatis.
2918 1707 3072 1762 Oculi
3126 1710 3332 1764 Domini
3385 1730 3542 1772 super

282 1793 467 1864 δέησιν
497 1795 652 1865 ὑμῶν
685 1792 916 1849 ἐνώπιον
940 1795 1125 1848 αὑτοῦ.
1161 1797 1476 1866 Ὀρθαλμοί
1512 1800 1731 1866 Κυρίου
1767 1799 1866 1851 ἐπὶ

1973 1791 2137 1858 iustos
2171 1802 2218 1845 et
2257 1809 2410 1847 aures
2455 1795 2568 1864 ejus
2603 1799 2670 1849 ad
2701 1814 2874 1865 preces
2914 1815 3090 1852 eorum
3113 1801 3200 1855 ⁸⁸⁸.
3245 1801 3406 1857 Orate
3441 1805 3542 1871 igi-

283 1884 574 1951 δικαίους,
617 1886 714 1938 καὶ
742 1883 861 1940 ὦτα
907 1887 1093 1940 αὑτοῦ
1127 1890 1214 1953 εὶς
1246 1887 1458 1956 δέησιν
1487 1888 1711 1942 αὐτῶν·
1743 1889 1866 1960 δεή-

283 1976 414 2046 θητε
455 1974 548 2030 οὖν
586 1979 728 2048 ὑπὲρ
761 1977 854 2030 τοῦ
885 1979 1114 2048 κόσμου,
1145 1975 1203 2031 εὖ
1239 1963 1385 2050 μ’όιλα
1433 1979 1632 2043 εἰδότες
1658 1982 1734 2042 ὡς
1781 1981 1863 2034 ὅτι

285 2067 472 2136 εὐχαῖς
520 2067 745 2120 δικαίων
797 2066 1094 2137 ὑπακούει,
1146 2067 1240 2120 καὶ
1291 2069 1372 2120 ὅτι
1431 2067 1563 2120 mitia
1607 2067 1780 2140 ἰσχύει
1825 2069 1859 2138 ὴ

285 2157 466 2228 δέησις
519 2158 728 2210 δικαίου
804 2157 1202 2229 ἐνεργουμένη·
1251 2156 1522 2227 διηνεκῶς,
1587 2157 1863 2226 μέμνησθε

292 2249 475 2319 ἡμῶν·
509 2249 596 2317 ὑφ’
625 2249 778 2318 ὑμῶν
806 2251 834 2302 6
881 2249 1206 2322 παράδεισος
1241 2249 1343 2319 τῆς
1389 2249 1600 2319 τρυφῆς
1645 2250 1866 2301 εἰσοικι-

294 2341 554 2412 σθήσεται
574 2358 587 2371 ·
619 2344 708 2395 καὶ
743 2341 806 2405 ἂς
834 2342 1122 2394 ἀπέκλεισε
1154 2342 1248 2394 τοῦ
1275 2340 1603 2412 παραδείσου
1633 2339 1802 2411 θύρας
1829 2344 1863 2411 ή

296 2428 388 2482 τοῦ
444 2430 607 2500 Ἀδὰμ
653 2430 994 2500 παράϐασις,
1045 2429 1246 2494 ταύτας
1281 2432 1309 2482 6
1343 2430 1606 2500 ὑμέτερος
1652 2429 1792 2501 ἔρως
1837 2433 1867 2484 6

290 2522 371 2584 είς
416 2519 549 2574 Θεὸν
601 2521 828 2586 ἀνοίξει·
881 2523 969 2590 ὑφ’
1011 2523 1164 2592 ὑμῶν
1226 2522 1333 2592 γὰρ
1377 2525 1405 2576 6
1451 2522 1679 2593 οὑρανὺς
1727 2524 1867 2576 οἰκι-

289 2611 484 2682 σθῆτε,
529 2612 616 2666 ἵνα
648 2615 760 2676 τοῖς
799 2613 1115 2676 ἀποστόλοις
1167 2615 1554 2684 συναντήσητε,
1597 2615 1683 2668 ἵνα
1729 2633 1866 2687 προ-

287 2705 467 2773 φήτας
496 2702 660 2772 ἴδητε,
691 2703 777 2755 ἵνα
801 2703 923 2766 τοὺς
962 2703 1244 2772 μάρτυρας
1281 2701 1570 2774 θεάσησθε,
1604 2703 1692 2758 ἵνα
1729 2705 1868 2758 πάν-

289 2812 388 2858 τας
431 2796 560 2858 τοὺς
596 2796 837 2858 δικαίους
878 2794 1306 2867 περιπτύξησθε,
1352 2797 1439 2850 ἵνα
1467 2799 1578 2860 τοῖς
1615 2797 1868 2866 ἀγγέλοις

289 2887 734 2958 συνδιατρίψητε·
771 2888 926 2958 ὑμεῖς
959 2887 1144 2940 ἐνθάδε
1174 2889 1452 2960 μακάριοι,
1476 2890 1569 2942 καὶ
1606 2889 1743 2960 μετά
1770 2890 1869 2961 τὴν

287 2979 507 3032 ἐνθένδε
551 2978 696 3051 ζωὴν
727 2978 1155 3052 μακαριώτεροι·
1201 2981 1316 3033 ἐκεῖ
1352 2980 1603 3051 Ἰωάννην
1639 2981 1731 3034 τὸν
1767 2982 1870 3035 Ba-

287 3071 523 3141 πτιστὴν
551 3070 768 3140 ὄψεσθε,
804 3072 894 3124 τὸν
933 3071 1033 3140 τῆς
1071 3071 1342 3144 ὑμετέρας
1384 3073 1670 3143 ἀσκήσεως
1712 3075 1868 3144 εὑρε-

288 3164 412 3234 τὴν,
450 3163 540 3215 τὸν
587 3164 644 3214 ἐν
686 3163 889 3235 ἐρημίᾳ
932 3163 1208 3233 τραφέντα.
1245 3167 1338 3217 καὶ¹
1385 3166 1441 3217 ἐν
1471 3167 1701 3236 ἀσκήσει
1747 3167 1866 3220 δια-

288 3255 609 3328 πρέψαντα·
642 3257 759 3308 ἐκεῖ
791 3255 987 3324 δψεσθε
1022 3257 1112 3309 τὸν
1145 3256 1520 3328 ἀνδρειότατον
1555 3256 1671 3310 Ἰὼϐ
1702 3257 1868 3330 πολλῇ

288 3346 761 3418 περιϐεϐλημένον
801 3347 957 3420 δόξῃ,
988 3348 1079 3401 τὸν
1107 3348 1213 3402 τῶν
1257 3349 1536 3422 ὑμετέρων
1570 3349 1747 3403 πόνων
1779 3352 1872 3422 ὲρ-

289 3439 491 3509 γάτην,
537 3440 765 3510 καὶτῆς
818 3440 1099 3511 ὑπομονῆς
1149 3442 1327 3511 φίλον·
1375 3444 1492 3496 ἐκεῖ
1533 3442 1728 3513 ὄψεσθε
1777 3443 1870 3496 τὸν

292 3531 623 3602 προπάτορα
661 3530 815 3600 ὑμῶν
851 3531 1104 3604 Ἀϐραὰμ
1146 3533 1235 3586 τὸν
1274 3532 1374 3602 τῆς
1404 3533 1675 3604 ὑμετέρας
1714 3532 1868 3601 φιλο-

294 3619 478 3685 ξενίας
510 3621 741 3693 ἐραστὴν
773 3624 994 3692 γνήσιον
1030 3625 1320 3693 γενόμενον
1340 3641 1352 3653 ·
1394 3627 1511 3677 ἐκεῖ
1540 3625 1668 3694 ὑμῖν
1705 3626 1872 3678 ἀπαν-

291 3716 452 3785 τὴσει
497 3715 800 3787 πραότατος
828 3715 991 3768 Δαϐὶδ
1018 3718 1045 3769 6
1082 3716 1549 3784 ἀσκητικώτατος,
1575 3711 1635 3770 οὑ
1681 3717 1709 3768 6
1759 3716 1871 3785 βίος

292 3807 421 3860 καθ’
456 3808 664 3877 ἡμέραν
695 3795 840 3878 ὑμᾶς
876 3808 1116 3876 ἀλείφει·
1151 3810 1243 3862 καὶ
1273 3809 1357 3861 ἵνα
1392 3803 1723 3879 μὴ”έκαστον
1761 3808 1871 3859 τῶν

195 3904 204 3912 ’
291 3899 522 3953 δικαίων
563 3901 843 3971 ὀνομάζων
891 3902 1153 3972 μακρύνω
1207 3902 1297 3954 τὸν
1340 3901 1518 3969 λόγον,
1567 3900 1732 3952 αὑτὸν
1780 3899 1871 3952 τὸν

291 3993 530 4063 Χριστὸν
567 3993 761 4062 ὄψεσθε
793 3995 1007 4047 πάντων
1037 3993 1144 4046 τῶν
1185 3993 1406 4062 ἀγαθῶν
1453 3992 1513 4046 τὸ
1553 3992 1868 4061 κεφάλαιον,

1970 1889 2057 1934 tur
2083 1896 2179 1950 pro
2201 1883 2402 1937 mundo
2429 1924 2444 1948 ,
2494 1885 2633 1940 bene
2659 1889 2881 1949 conscii,
2925 1891 3066 1957 quod
3109 1891 3248 1946 Deus
3279 1895 3540 1947 honorum

1979 1973 2230 2039 precibus
2274 1990 2457 2029 aurem
2499 1977 2740 2042 inclinat,
2768 1989 2822 2032 et
2850 1984 2990 2048 quod
3016 1982 3148 2050 justi
3181 1983 3416 2038 hominis
3457 1986 3545 2037 in-

1972 2066 2228 2119 tercessio
2269 2067 2558 2135 plurimttm
2609 2070 2753 2124 valet
2778 2071 2846 2125 ⁸³.
2891 2071 3114 2142 Semper
3149 2076 3316 2130 nostri
3355 2079 3545 2129 menti-

1972 2156 2179 2210 neritis.
2208 2153 2316 2211 Vos
2355 2157 2674 2215 deliciarum
2723 2163 3029 2231 paradisum
3079 2165 3347 2234 patefacto
3395 2168 3544 2220 aditu

1971 2245 2249 2312 incoletis;
2287 2258 2343 2302 et
2379 2263 2515 2319 quas
2551 2252 2786 2319 paradisi
2825 2253 3021 2320 januas
3050 2254 3240 2310 Adami
3287 2262 3545 2328 praevari-

1970 2341 2114 2391 catio
2141 2338 2350 2403 clausit.
2383 2356 2474 2395 eas
2511 2353 2687 2397 vestra
2725 2345 2777 2397 iu
2819 2345 2983 2398 Deum
3026 2351 3240 2402 devotio
3275 2351 3541 2406 recludet.

1972 2426 2081 2483 Vos
2115 2429 2235 2483 coeli
2262 2430 2523 2485 stationes
2549 2433 2903 2501 occupabitis,
2937 2437 3024 2490 ubi
3057 2440 3316 2505 apostolis
3355 2456 3546 2495 occur-

1974 2521 2121 2586 retis,
2178 2523 2465 2591 prophetas
2513 2523 2804 2590 videbitis,
2861 2537 3131 2598 martyres
3182 2532 3544 2599 mirabimini,

1969 2612 2145 2681 justos
2190 2628 2380 2668 omnes
2410 2615 2865 2684 complectetnini,
2907 2634 3027 2672 cum
3060 2619 3265 2690 angelis
3303 2626 3546 2677 versabi-

1974 2704 2126 2760 mini.
2157 2705 2264 2759 Vos
2299 2706 2383 2759 hic
2417 2706 2590 2770 beati,
2631 2717 2685 2763 et
2717 2708 2825 2762 illic
2869 2718 2993 2779 post
3042 2710 3182 2765 hanc
3211 2696 3374 2766 vitam
3411 2713 3543 2769 bea-

1975 2797 2159 2852 tiores.
2192 2797 2266 2852 lbi
2293 2796 2556 2855 Joannem
2581 2799 2876 2871 Baptist‘am
2907 2803 3179 2868 videbitis,
3211 2806 3374 2860 vestri
3402 2822 3546 2861 asce‘

1975 2891 2064 2945 tici
2095 2891 2326 2944 instituti
2362 2891 2726 2958 inventorem,
2749 2894 2894 2948 illum
2926 2895 3138 2951 scilicet
3166 2898 3219 2951 in
3245 2912 3427 2952 eremo
3452 2915 3545 2952 uu-

1975 2983 2159 3034 tritum
2195 2989 2250 3034 et
2292 2979 2560 3051 religiosae
2599 2983 2723 3037 vitae
2765 2983 2922 3039 laude
2950 2985 3262 3054 pollentem.
3297 2988 3371 3042 lbi
3402 2991 3546 3044 vidc-

1975 3073 2101 3127 bitis
2122 3071 2478 3128 fortissimum
2501 3071 2691 3128 Jobum
2718 3075 2881 3129 multa
2907 3078 3157 3131 vestitum
3182 3079 3373 3147 gloria,
3400 3080 3545 3135 laboc

1979 3179 2100 3219 rum
2134 3174 2436 3218 vestrorum
2484 3164 2800 3233 participem
2844 3175 2899 3219 et
2934 3167 3208 3235 patientiae
3249 3172 3540 3239 perstudio-

1979 3271 2119 3311 sum.
2147 3255 2225 3310 lbi
2273 3255 2528 3310 videbitis
2571 3255 2967 3325 progenitorcm
2997 3269 3238 3314 vestrum
3275 3260 3545 3316 Abraham

1979 3349 2253 3419 egregium
2306 3357 2502 3403 vestra:
2535 3365 2662 3419 erga
2710 3350 2948 3419 hospites
2991 3351 3340 3422 benignitatis
3376 3369 3544 3408 aemu-

1980 3440 2112 3494 lum.
2172 3438 2246 3493 lbi
2302 3441 2457 3495 vobis
2518 3450 2767 3494 occurret
2829 3441 3148 3516 mitissimus
3211 3453 3266 3497 et
3313 3446 3552 3502 devotis-

1978 3533 2149 3586 simus
2173 3530 2362 3598 David,
2387 3533 2539 3602 cojus
2570 3531 2693 3586 vita:
2722 3534 3026 3604 exemplum
3055 3545 3289 3589 vestram
3317 3540 3558 3604 quotidie

1979 3624 2232 3692 pietatem
2268 3625 2602 3679 corroborat.
2637 3624 2702 3677 Et
2741 3639 2807 3678 ne
2836 3625 3072 3694 singulos
3100 3625 3275 3692 jusms
3309 3630 3544 3681 nomina-

1968 3710 2076 3771 tim
2110 3716 2386 3785 appellans
2415 3731 2721 3772 sermonem
2769 3718 2971 3772 diutius
3014 3721 3356 3786 protraham,
3398 3723 3536 3776 Cbri.

1981 3815 2122 3862 stum
2155 3809 2328 3874 ipsum
2363 3807 2610 3860 videbitis
2659 3807 2924 3861 bonorum
2972 3809 3214 3862 omnium
3245 3823 3426 3879 caput.
3461 3816 3547 3880 qui

1981 3897 2098 3950 ait:
2139 3895 2292 3949 Beati
2339 3897 2518 3950 mundi
2567 3897 2758 3962 corde,
2806 3898 3054 3968 quoniam
3102 3899 3158 3952 hi
3206 3899 3372 3954 Deum
3416 3906 3562 3956 vide.

1983 3990 2107 4043 bunt
2133 3987 2199 4040 ⁸ο.

292 4089 388 4141 τὸν
422 4087 644 4144 εἰπόντα
669 4090 752 4142 ὅτι
780 4087 1065 4157 Μακάριοι
1102 4091 1155 4143 οι
1189 4089 1431 4157 καθαροὶ
1456 4088 1529 4157 τῇ
1569 4088 1800 4157 καρδίᾳ,
1839 4088 1928 4141 ὅτι
1951 4085 2122 4141 αὐτοὶ
2153 4085 2258 4140 τὸν
2293 4084 2440 4138 Θεὸν
2467 4083 2738 4152 ὄψονται.

372 4177 470 4230 IB'.
506 4178 600 4240 Τίς
631 4178 808 4231 τοίνυν
844 4179 1254 4250 μακαριώτερος
1286 4179 1319 4251 ἢ
1357 4178 1874 4250 εὑδαιμονικώτερος

297 4266 476 4336 ὑμῶν,
513 4268 600 4320 ἵνα
628 4268 760 4322 Θεὸν
793 4269 981 4332 αὑταῖς
1023 4268 1208 4338 ὄψεσιν
1249 4269 1428 4338 ίδητε;
1465 4269 1722 4339 μακάριοί
1750 4270 1874 4322 ἐστε

2055 4175 2167 4232 XII.
2215 4176 2346 4243 Quis
2395 4178 2577 4246 itaque
2612 4177 2763 4231 vobis
2814 4177 3022 4232 beatior
3065 4189 3158 4234 aut
3200 4180 3547 4248 fortunatior,

1980 4270 2072 4340 qui
2109 4269 2276 4322 Deutn
2325 4268 2496 4335 ipsum
2542 4267 2672 4321 estis
2715 4267 2918 4321 visuri?
2966 4267 3115 4322 Beati
3163 4271 3315 4324 eritis
3360 4272 3410 4324 in
3463 4275 3546 4324 die

297 4361 359 4408 ὲν
393 4359 577 4430 ἡμέρᾳ
621 4359 884 4427 κρίσεως,
928 4359 1324 4424 ποθεινότατοι,
1355 4361 1444 4412 ὅτε
1480 4363 1656 4431 κρινεῖ
1684 4361 1712 4412 6
1744 4359 1868 4422 Θεὸς

1973 4360 2194 4427 judicii,
2240 4375 2272 4413 ο
2319 4358 2820 4421 desiderantissimi,
2868 4374 2989 4412 cum
3045 4359 3182 4414 Deus
3233 4359 3300 4415 de
3332 4376 3496 4415 arcan
3524 4379 3546 4416 ε

296 4447 368 4501 τὰ
416 4449 634 4520 κρυπτά
692 4449 801 4502 τῶν
849 4449 1185 4520 ἀνθρώπων·
1222 4452 1305 4504 ὅτι
1348 4452 1414 4503 τὰ
1459 4453 1636 4504 πάντα
1692 4451 1876 4520 γυμνά

299 4542 396 4594 καὶ
420 4541 890 4612 τετραχηλισμένα
920 4545 1031 4604 τοῖς
1059 4543 1358 4611 ὀφθαλμοῖς
1390 4542 1554 4594 αὑτοῦ
1587 4544 1734 4594 ἐστιν
1754 4558 1766 4572 ·
1792 4542 1874 4594 ὅτι

297 4631 533 4698 ,πάντας
560 4632 712 4702 ἡμᾶς
739 4632 1116 4701 παραστῆναι
1139 4633 1233 4687 δεῖ
1256 4633 1595 4702 ἔμπροσθεν
1619 4631 1735 4684 ’τοῦ
1758 4631 1876 4700 ,βή-

292 4741 485 4793 ματος
506 4725 611 4778 τοῦ
642 4725 917 4792 Χριστοῦ,
943 4726 1045 4777 ἵνα
1070 4726 1386 4793 κομίσηται
1405 4723 1661 4787 ἕκαστος
1682 4723 1751 4776 τὰ
1777 4721 1878 4775 διὰ

300 4815 407 4868 τοῦ
437 4814 712 4884 σώματος
760 4815 910 4884 πρὸς
958 4816 995 4868 d
1023 4815 1306 4883 ἔπραξεν,
1338 4815 1458 4868 εἴτε
1483 4813 1707 4883 ἀγαθὸν
1756 4813 1876 4866 εἴτε

295 4908 568 4976 φαῦλον·
591 4908 792 4979 τρόμος
821 4909 964 4978 ὑμᾶς
992 4909 1052 4960 ού
1078 4907 1309 4976 λήψεται
1331 4907 1390 4958 τὸ
1415 4905 1736 4974 τηνικαῦτα,
1760 4904 1876 4957 ἀλλ’

297 5001 606 5072 εὑρροσύνη
646 5002 739 5053 καὶ
772 5001 914 5072 χαρὰ
949 5002 1042 5053 καὶ
1071 5001 1334 5066 στέφανος
1379 4997 1783 5066 ἀγαλλιάματος
1819 4998 1876 5048 ἐν

299 5091 581 5162 Ιῖνεύματι
629 5093 801 5162 ἁγίῳ·
843 5093 969 5161 ὑμῖν
1008 5093 1068 5143 ού
1100 5091 1282 5161 κρίσις
1325 5088 1557 5160 φοϐερὰ,
1603 5088 1723 5140 οὐδὲ
1766 5087 1877 5158 πῦρ

298 5185 538 5249 αἰώνιον,
571 5185 690 5238 οὑδὲ
739 5183 955 5254 σκώληξ
1002 5183 1333 5252 ἀκοίμητος,
1379 5180 1518 5235 ἀλλά
1561 5182 1673 5242 τοῖς
1719 5183 1876 5232 ἐναν-

300 5277 438 5334 τίοις
464 5275 558 5328 καὶ
586 5274 982 5345 παραϐαίνουσι
1014 5273 1112 5344 τὴν
1150 5271 1370 5341 ἐντολὴν
1401 5269 1493 5322 τοῦ
1524 5267 1685 5337 Θεοῦ·
1718 5268 1875 5337 ὑμεῖς

300 5367 569 5438 ἀκούσητε
620 5367 682 5418 τό
720 5383 733 5397 ·
769 5363 946 5419 Δεῦτε
980 5368 1034 5418 οἱ
1072 5361 1464 5432 εὐλογημένοι
1502 5359 1606 5412 τοῦ
1645 5359 1877 5427 Πατρός

298 5479 470 5534 uov.‘
500 5459 994 5528 κληρονομήσατε
1061 5459 1175 5525 τὴν
1233 5453 1682 5526 ἡτοιμασμένην
1732 5450 1876 5518 ὑμῖν

301 5552 624 5614 ϐασιᾴείαν
660 5550 777 5604 ἀπὸ
819 5549 1158 5615 καταϐολῆς
1197 5549 1448 5616 κόσμου,
1476 5546 1525 5598 οἱ
1567 5541 1875 5612 ἀμέμπτως

293 5638 366 5691 τὰ
390 5637 628 5707 Χριστοῦ
655 5640 1019 5708 φρονήσαντες
1040 5654 1054 5668 ·
1078 5635 1156 5706 τῷ
1180 5635 1236 5688 δὲ
1266 5634 1430 5705 κοινῷ
1461 5633 1676 5686 πάντων
1698 5628 1876 5699 ὲχθρῷ

1979 4449 2257 4504 hominum
2293 4447 2588 4517 judicabit,
2640 4447 2793 4516 cujus
2844 4449 3016 4504 oculis
3068 4452 3206 4503 nuda
3263 4451 3442 4502 omnia
3495 4461 3545 4504 et

1977 4540 2214 4610 patentia
2256 4549 2400 4593 sunt.
2447 4537 2689 4607 Namque
2720 4555 2893 4592 onmes
2937 4555 3030 4593 nos
3066 4556 3268 4594 necesse
3317 4550 3394 4595 est
3428 4555 3548 4594 ante

1978 4629 2211 4682 tribunal
2255 4628 2450 4682 Christi
2489 4629 2800 4695 consistere,
2837 4637 2889 4679 ut
2932 4633 3284 4699 unusquisque
3329 4631 3382 4683 in
3428 4619 3549 4682 cor-

1975 4737 2100 4789 pore
2128 4721 2315 4788 referat
2348 4720 2831 4778 remunerationem.
2853 4721 3136 4772 secundum
3159 4737 3218 4772 ea
3241 4736 3359 4787 (μίαν
3385 4723 3543 4788 egerit

1975 4813 2080 4866 sive
2117 4811 2250 4864 bona
2277 4812 2382 4864 sive
2407 4826 2643 4878 perversa
2665 4809 2732 4863 ⁶¹.
2765 4809 2919 4862 Tunc
2951 4824 3044 4862 vos
3083 4811 3242 4862 timor
3272 4824 3374 4863 non
3419 4825 3541 4862 cor-

1978 4902 2158 4972 ripiet,
2185 4903 2280 4956 sed
2321 4901 2569 4955 hilaritas
2614 4911 2669 4954 et
2712 4900 2986 4970 gaudium,
3014 4909 3068 4953 et
3099 4915 3296 4955 corona
3340 4900 3538 4954 hetitize

1977 4995 2030 5046 in
2059 5002 2247 5046 sancto
2277 4990 2501 5060 Spiritu.
2543 4989 2696 5044 Haud
2744 4991 2896 5046 vobis
2925 4991 3028 5044 erit
3071 4991 3408 5045 formidabile
3446 4995 3539 5058 ju-

1978 5084 2198 5148 dicium,
2229 5097 2400 5151 neque
2419 5092 2652 5136 aeternus
2682 5083 2840 5152 ignis,
2866 5099 3036 5151 neque
3058 5084 3255 5138 vermis
3277 5083 3418 5152 vigil,
3447 5084 3541 5136 sed

1977 5175 2043 5228 iis
2071 5174 2161 5242 qui
2194 5173 2470 5227 contrario
2504 5187 2650 5226 more
2679 5175 3020 5238 exstiterunt,
3048 5185 3102 5227 et
3134 5174 3223 5226 Dei
3274 5183 3538 5240 prwcepta

1974 5265 2330 5317 violaverunt.
2363 5261 2472 5316 Vos
2515 5262 2601 5315 illa
2636 5263 2795 5315 verba
2829 5261 3060 5315 audietis
3093 5280 3106 5316 :
3151 5260 3354 5325 Venite,
3389 5264 3542 5314 bene-

1975 5355 2099 5408 dicti
2139 5371 2169 5407 a
2203 5353 2358 5407 f’atre
2402 5370 2534 5417 meo,
2569 5354 2822 5421 possidete
2861 5362 3104 5422 paratum
3141 5355 3280 5406 vobis
3326 5369 3541 5421 regnum

1975 5461 2007 5498 a
2042 5445 2226 5497 mundi
2255 5445 2621 5498 constitutione
2647 5445 2712 5510 ⁸²,
2751 5446 2839 5513 qui
2887 5444 3086 5497 Christi
3138 5444 3378 5498 instituta
3406 5459 3541 5498 con-

1974 5545 2180 5591 stanter
2226 5537 2506 5590 servastis.
2541 5536 2825 5588 Communi
2861 5544 3039 5588 autem
3089 5535 3328 5589 omnium
3365 5535 3540 5597 hosti,

1977 5635 2030 5682 et
2069 5627 2228 5694 hujus
2273 5627 2513 5690 asseclis,
2549 5625 2878 5680 tremendam
2911 5625 3054 5682 illam
3083 5627 3405 5680 sententiam
3456 5629 3534 5678 inc

373 5759 420 5791 ³⁸
447 5758 577 5812 Luc.
608 5775 660 5819 κ,
693 5759 774 5811 i9.
850 5757 917 5787 ⁸⁸·
951 5756 1091 5810 Psal.
1123 5771 1317 5822 xum,
1352 5754 1441 5810 16.
1497 5754 1540 5785 ⁵³
1564 5751 1679 5806 Jac.
1708 5748 1868 5814 v,16.

1973 5748 2000 5778 ‘°
2025 5747 2212 5803 Matth.
2242 5763 2293 5812 v,
2328 5749 2380 5801 8.
2455 5749 2496 5778 ⁶¹
2522 5746 2560 5800 Il
2589 5747 2711 5803 Cor.
2746 5764 2798 5813 v,
2839 5748 2924 5805 10.
3003 5749 3045 5780 ⁶¹
3075 5747 3260 5802 Matth.
3289 5765 3414 5815 xxv,
3445 5744 3536 5800 δι.

533 5851 804 5911 Ρλτιιοι..
845 5850 958 5908 (in.
1005 5849 1136 5908 XL.

3152 5843 3228 5903 30
