3990 6210
248 301 346 358 9“

1043 298 1100 353 S.
1141 295 1540 354 PACIIOMIUS
1576 294 2053 352 TABENNENSIS
2090 293 2332 349 ABBAS.
2356 292 2746 350 -—-NOTITIA.

3427 294 3540 352 942

253 419 426 476 καίων
481 420 954 493 εὐφρανθήσονται
1004 418 1123 472 λαοί
1152 435 1166 450 ο
1224 421 1312 473 ὅτε
1363 421 1544 474 τοίνυν
1581 437 1666 484 τις
1704 419 1858 490 ὑμῶν

1963 419 2286 475 laetabuntur
2310 417 2568 489 populi“.
2606 410 2828 484 Quoties
2856 429 2982 485 ergo
3010 415 3132 485 quis
3158 415 3320 472 vestri
3345 419 3533 474 memi-

257 511 620 583 μνημονεύει,
682 512 907 576 πάντως
961 517 1057 565 καὶ
1087 512 1380 584 ἐγκωμίων
1407 513 1738 582 ἐφάπτεταιο
1774 512 1855 565 διὸ

253 604 640 675 ἀνδρειότατοι,
672 603 864 675 σαφῶς
896 603 1353 672 ἐπιγινώσκοντες
1377 605 1528 676 ὑμῶν
1555 605 1615 658 τὸ
1639 605 1856 674 ἀξίωμα

254 695 348 748 καὶ
400 696 501 766 τὴν
536 695 754 749 ἑαυτῶν
785 695 969 760 δόξαν,
1026 694 1311 749 τελειῶσαι
1340 696 1494 767 ὑμῶν
1532 696 1623 750 τὸν
1668 694 1856 767 μισθὸν

249 786 596 856 -ἐνισχύσατε,
629 789 898 858 νήφοντες
952 789 1046 841 ἐπὶ
1077 789 1260 843 πλεῖον
1307 791 1374 860 τῇ
1413 789 1522 862 τῶν
1558 788 1857 860 μελλόντων

249 879 464 932 ἑλπίδι·
518 881 700 934 καὶτὸ
733 881 830 935 τοῦ
865 881 1032 935 Δασιδ
1069 882 1288 954 ᾅδοντες
1313 899 1329 914 '
1387 865 1709 951 Ἀ’νδρίζου.
1758 881 1856 936 καὶ

257 974 666 1039 κραταιούσθω
721 975 762 1044 ἡ
795 975 1009 1044 καρδία
1034 991 1176 1037 σου,
1229 975 1329 1029 καὶ
1381 977 1712 1044 ὑπόμεινον
1751 974 1859 1028 τὸν

258 1065 506 1132 Κύριον·
552 1066 686 1137 μηδὲ
741 1066 960 1120 πώποτε
993 1065 1097 1120 κᾶν
1125 1066 1306 1120 ἔννοιά
1356 1085 1440 1131 τις
1475 1066 1858 1138 ὲμφωλεύῃτὺ

263 1155 509 1219 σύνολον,
535 1158 669 1228 μηδὲ
699 1158 791 1211 τοῦ
815 1158 1068 1213 τοσούτου
1095 1160 1289 1232 χρόνου
1327 1160 1557 1233 βραχεῖὰ
1577 1179 1660 1225 τις
1686 1161 1854 1232 ρᾳθυ-

265 1247 364 1318 μία
405 1247 513 1301 τῶν
544 1249 762 1318 ἀγαθῶν
825 1250 978 1321 ὑμῶν
1013 1252 1114 1322 τῆς
1144 1253 1322 1322 ψυχῆς
1355 1254 1596 1316 ἐναντίος
1656 1255 1857 1324 ἄνεμος

261 1339 502 1404 πνεύσας
533 1341 717 1394 σϐέσει
747 1341 814 1396 τὰ
858 1341 1142 1413 λάμποντα
1173 1343 1327 1413 φῶτα
1352 1344 1428 1407 ὡς
1455 1348 1742 1416 φωστῆρες
1798 1347 1856 1398 ὲν

258 1432 450 1504 κόσμῳ
479 1435 814 1504 φαινόμενοι,
856 1436 942 1489 ἵνα
976 1437 1074 1489 σὺν
1112 1441 1224 1501 τοῖς
1262 1437 1580 1502 ἀποστόλοις
1620 1437 1859 1507 ἀκούση-

256 1523 386 1577 σθε·
426 1525 614 1594 ’Υμεῖς
659 1526 803 1581 ἐστε
831 1526 958 1596 φῶς
985 1529 1092 1582 τοῦ
1143 1531 1415 1599 κόσμου·
1456 1529 1549 1582 τοῦ
1599 1529 1657 1582 δὲ
1699 1530 1858 1582 Ἀπο-

254 1615 446 1669 στόλου
499 1616 782 1685 λέγοντος*
847 1618 1177 1688 Ύπομονῆς
1223 1619 1333 1689 γὰρ
1396 1619 1564 1688 ἔχετε
1619 1620 1853 1688 χρείαν,

251 1705 354 1757 ἵνα
406 1706 470 1759 τὸ
500 1705 737 1776 θέλημα
793 1707 902 1761 τοῦ
942 1707 1090 1762 Θεοῦ
1129 1708 1498 1774 ποιήσαντες
1537 1709 1854 1777 κοσμήσῃς

251 1801 364 1852 σθε
390 1797 504 1870 (l9)
531 1798 648 1865 τὴν
687 1799 1090 1869 ἐπαγγελίαν·
1146 1799 1220 1871 μὴ
1275 1801 1600 1872 ἀποκάμητε
1623 1796 1736 1858 οὖν.
1779 1819 1856 1853 τι-
1888 1796 1926 1849 Β

255 1889 543 1961 μιώτατοι.
598 1889 734 1944 ἀλλὰ
765 1893 829 1961 τῇ
859 1891 1002 1963 ἀρχῇ
1035 1892 1097 1944 τὸ
1126 1891 1280 1954 τέλος
1315 1891 1609 1962 συνάψατε,
1647 1891 1741 1944 καὶ
1781 1890 1859 1961 τῷ

252 1981 400 2036 τέλει
431 1982 530 2053 τὴν
557 1984 734 2055 ἀρχὴν
760 1983 1034 2053 συνάψατε
1055 2001 1069 2015 ο
1115 1985 1178 2037 Ὀ
1223 1986 1334 2054 γὰρ
1395 1985 1729 2052 ὑπομείνας
1770 1987 1858 2050 εἰς

256 2074 456 2140 τέλος,
482 2071 665 2141 οὗτος
690 2077 1031 2142 σωθήσεται
1055 2094 1069 2107 ’
1099 2076 1310 2146 γένοιτο
1337 2076 1394 2130 δὲ
1429 2076 1575 2147 ὑμᾶς
1597 2077 1692 2130 καὶ
1708 2078 1856 2147 ἡμᾶς

261 2164 539 2233 μακαρίου
570 2167 665 2219 καὶ
689 2165 840 2219 ὁσίου
885 2166 1071 2230 τέλους
1103 2169 1284 2237 τυχεῖν
1323 2166 1750 2236 ἐντρεφομένους
1771 2164 1858 2216 δό-

258 2273 440 2326 γμασι
475 2257 673 2322 θείοις,
735 2259 840 2312 ὑπὸ
874 2259 1010 2313 Θεοῦ
1041 2260 1332 2332 ἀρχόμενοι
1381 2261 1474 2312 καὶ
1523 2260 1655 2330 παρ’
1686 2256 1855 2310 αὑτοῦ

263 2351 716 2420 ποιμαινόμενα·
772 2352 867 2406 καὶ
909 2352 977 2406 τὰ
1034 2354 1262 2406 εὐκταῖα
1317 2354 1498 2406 ἐκεῖνα
1532 2353 1750 2422 ῥήματα
1782 2349 1859 2419 τῷ

277 2441 588 2512 Ἀποστόλῳ
643 2444 1098 2516 κατορθώσαντας
1153 2444 1290 2516 μετὰ
1341 2442 1654 2514 παρρησίας
1682 2441 1854 2508 λέξαι,

267 2535 385 2587 Τὸν
412 2535 614 2604 ἀγῶνα
639 2527 748 2591 rei
774 2538 967 2592 καλὸν
999 2537 1352 2607 ἠγώνισμαι,
1379 2535 1487 2589 τὸν
1514 2535 1737 2603 δρόμον
1768 2549 1860 2586 τε·

255 2624 497 2692 τέιιεκα,
523 2627 640 2698 τὴν
673 2631 884 2684 πίστιν·
930 2633 1227 2698 τετήρηκα
1251 2647 1264 2659 ·
1303 2627 1522 2683 ,λοιπὸν
1550 2625 1860 2681 ἀπόκειται

249 2735 358 2787 μοι
393 2722 427 2772 ό
466 2718 576 2787 τῆς
621 2720 1016 2791 δικαιοσύνης
1061 2723 1389 2792 στέφανος,
1439 2721 1512 2774 ὃν
1557 2719 1859 2774 ἀποδώσει

250 2828 356 2880 μοι
381 2814 600 2880 Κύριος
623 2815 692 2867 ὲν
712 2814 914 2884 ἐκείνῃ
941 2814 1014 2885 τῇ
1045 2814 1258 2885 ἡμέρᾳ.
1291 2818 1323 2868 ό
1352 2814 1587 2878 δίκαιος
1613 2811 1822 2880 κριτής
1840 2828 1852 2840 ·

1956 515 2056 580 nit,
2095 513 2256 568 toties
2287 513 2335 568 ei
2390 512 2605 566 laudum
2659 519 2961 564 vestrarum
2994 508 3049 564 in
3101 519 3337 565 mentem
3368 512 3535 568 venit.

1957 604 2180 673 Itaque,
2243 619 2276 660 ο
2343 603 2645 664 fortissimi,
2697 610 2934 655 vestram
2989 600 3304 670 dignitatem
3371 604 3537 672 probe

1958 699 2194 752 scientes
2223 708 2564 768 vestramque
2594 698 2812 759 famam.
2838 697 3092 766 deinceps
3121 707 3354 753 vestram
3390 717 3535 755 mer-

1959 791 2141 844 cedem
2166 791 2444 846 cumulare
2492 791 2748 856 nitimini,
2775 792 3076 845 futurorum
3129 790 3390 846 honorum
3440 808 3540 863 spe

1960 883 2192 939 alacrius
2213 884 2519 953 vigilantes,
2551 884 2790 954 illudque
2821 884 2988 938 David
3018 894 3304 940 cantantes
3342 903 3356 939 :
3397 884 3538 938 For-

1959 973 2082 1027 titer
2106 990 2221 1040 age,
2269 985 2317 1028 et
2369 976 2642 1029 roboretur
2677 991 2768 1029 cor
2818 986 2985 1040 tuum,
3021 987 3068 1030 et
3119 980 3318 1034 sustine
3357 979 3540 1034 Denti-

1960 1081 2084 1118 num
2110 1065 2204 1131 “‘;
2234 1074 2301 1120 ne
2336 1066 2476 1122 forte
2521 1067 2807 1138 aliquando
2837 1071 2917 1124 vel
2967 1069 3400 1140 unica‘cogitatio
3422 1072 3539 1128 the-

1959 1173 2176 1211 saurum
2206 1162 2525 1214 universum
2557 1163 2892 1230 pessutudet;
2944 1177 3114 1230 neque
3149 1172 3269 1232 post
3328 1172 3536 1219 tantum

1961 1250 2218 1319 temporis
2265 1260 2490 1304 tractum
2531 1252 2710 1306 brevis
2742 1252 2920 1322 aliqua
2971 1255 3291 1325 negligentia
3347 1266 3540 1311 vestrae

1959 1345 2153 1398 animm
2179 1347 2336 1408 bona,
2379 1360 2473 1400 ceu
2509 1345 2646 1401 flans
2673 1363 2737 1401 ex
2777 1347 3001 1402 adverso
3028 1357 3219 1402 ventus
3263 1351 3540 1404 ardentem

1958 1439 2130 1494 facem
2166 1441 2494 1511 exstinguat,
2542 1441 2632 1509 qui
2684 1455 2874 1510 reapse
2920 1440 3084 1495 veluti
3146 1441 3427 1497 luminaria
3486 1444 3538 1498 in

1959 1534 2090 1589 orbe
2121 1534 2349 1599 lucetis;
2383 1543 2440 1588 ut
2498 1549 2620 1587 cum
2662 1534 2931 1602 apostolis
2960 1534 3196 1588 audiatis
3237 1553 3251 1589 :
3289 1534 3395 1589 Vos
3417 1538 3541 1590 estis

1959 1627 2052 1679 lux
2082 1626 2266 1680 mundi
2300 1626 2364 1678 ⁸⁵.
2399 1625 2505 1680 Sed
2531 1636 2586 1679 et
2621 1623 2907 1693 Apostolus
2938 1623 3014 1677 ait
3052 1641 3066 1678 :
3097 1621 3368 1678 Patientia
3409 1640 3539 1692 opus

1960 1729 2032 1770 est
2061 1718 2225 1780 vobis,
2278 1727 2331 1769 ut
2373 1713 2469 1769 Dei
2499 1714 2813 1769 voluntatem
2862 1702 3196 1780 complentes,
3228 1714 3537 1781 promissio-

1958 1825 2072 1860 nem
2104 1809 2376 1876 reportetis
2405 1807 2471 1859 “.
2509 1804 2586 1859 Ne
2619 1805 2780 1874 igitur
2823 1803 3128 1867 lassenteni,
3165 1818 3198 1858 0
3225 1804 3540 1858 desideran-

1956 1899 2176 1961 tissimi,
2226 1900 2320 1953 sed
2358 1897 2518 1951 linem
2555 1897 2710 1950 initio
2749 1895 2978 1965 iungite,
3026 1905 3081 1949 et
3135 1894 3225 1949 fini
3280 1895 3539 1951 initium:

1959 1989 2065 2055 Qui
2114 1989 2250 2041 enim
2303 1989 2606 2041 sustinuerit
2645 2003 2806 2055 usque
2858 1987 2926 2038 ad
2976 1985 3167 2052 ﬁnem,
3219 1986 3304 2039 hic
3365 1987 3540 2040 salvus

1957 2083 2053 2136 erit
2079 2083 2142 2136 δ’.
2166 2081 2382 2136 Utinam
2409 2095 2536 2133 vero
2560 2080 2709 2133 vobis
2737 2078 2998 2146 nobisque
3023 2078 3300 2148 contingat
3326 2078 3539 2132 beatum

1958 2178 2312 2236 sanctumque
2363 2169 2648 2220 terminum
2719 2167 3013 2236 consequi,
3060 2169 3244 2220 divino
3293 2167 3545 2236 dogmate

1958 2261 2228 2324 enutritis,
2271 2260 2378 2313 Deo
2417 2258 2555 2312 duce
2591 2271 2646 2313 et
2677 2260 2925 2328 pastOI-e!
2954 2268 3011 2312 ut
3042 2258 3128 2312 illa
3161 2259 3540 2314 desiderabilia

1958 2350 2193 2420 Apostoli
2232 2351 2391 2403 verba
2427 2363 2790 2418 exsequentes
2827 2352 3067 2405 dicamus
3125 2369 3138 2404 :
3169 2350 3377 2404 Bonum
3427 2369 3537 2406 cer,

1958 2451 2131 2493 tanien
2165 2440 2376 2504 certavi,
2431 2456 2640 2492 cursum
2680 2440 3060 2504 consummavi,
3091 2440 3248 2508 [idem
3302 2443 3541 2503 servavi;

1957 2533 2193 2598 deinceps
2218 2531 2437 2598 reposita
2479 2539 2552 2583 est
2580 2529 2707 2582 mihi
2741 2521 2968 2599 jusiitirc
2997 2547 3212 2590 corona.
3241 2547 3396 2598 quam
3424 2533 3542 2584 red-

1965 2611 2047 2676 det
2073 2623 2199 2674 mihi
2225 2620 2485 2674 Dominus
2511 2621 2565 2673 in
2590 2621 2681 2672 illa
2707 2621 2794 2672 die
2818 2619 2997 2688 justus
3013 2619 3179 2688 jndex
3207 2620 3283 2672 tis:
3318 2623 3401 2675 cui
3427 2620 3542 2690 glo-

1965 2717 2043 2768 ria
2065 2723 2119 2769 et
2153 2714 2409 2782 potentia,
2467 2712 2611 2765 Patri
2653 2711 2902 2766 videlicet
2927 2727 3049 2764 cum
3084 2711 3217 2766 Filio
3247 2723 3543 2782 sanctoque

1968 2807 2210 2875 Spiritu,
2245 2821 2339 2874 per
2365 2805 2560 2859 saecula
2586 2805 2924 2859 saeculorum.
2959 2805 3149 2857 Amen.

253 2900 368 2977 ᾧή
413 2907 542 2975 δόξα
577 2914 670 2963 καὶ⁵
724 2911 788 2964 τὸ
841 2910 1062 2982 κράτος,
1091 2910 1169 2982 τῷ
1204 2910 1380 2980 Πατρὶ
1407 2909 1499 2963 καὶ
1529 2906 1607 2978 τῷ
1652 2907 1765 2977 Υἱῷ
1813 2905 1904 2958 καὶ
1943 2903 2020 2974 τῷ
2049 2903 2189 2973 ἁγίῳ
2245 2901 2546 2973 Πνεύματι,
2596 2903 2675 2964 εἰς
2727 2902 2852 2964 τοὺς
2898 2900 3098 2964 αἰῶνας
3141 2901 3248 2955 τῶν
3306 2901 3540 2957 αἰώνων.

268 2997 469 3067 Ἀμήν.

338 3108 386 3139 ⁸⁸
411 3108 568 3166 Prov.
607 3127 755 3177 xxix,
789 3115 844 3166 τε.
924 3114 989 3145 ⁸⁸·
1014 3111 1155 3167 Psal.
1198 3128 1344 3177 xxvi,
1373 3112 1463 3165 Μ.
1542 3111 1587 3142 ⁵³
1619 3110 1806 3165 Matth.
1839 3126 1892 3174 v,
1928 3109 2012 3162 ll.
2087 3104 2132 3135 “
2159 3103 2321 3159 Hebr.
2362 3121 2414 3168 x,
2451 3105 2537 3160 '56.
2619 3105 2660 3136 ⁸⁷
2689 3104 2879 3158 Matth.
2912 3119 3062 3164 xxiv,
3097 3103 3181 3156 l5.
3244 3101 3292 3134 “
3322 3100 3360 3156 ll
3390 3101 3534 3161 Tim.

263 3193 344 3243 Iv,
376 3179 431 3244 7,
466 3178 520 3233 8.

339 3293 454 3370 (l9)
487 3292 568 3346 An
596 3289 940 3364 κομίσησθεῖ

275 3400 3532 3454 mm

1528 3583 1559 3624 Α
1569 3580 1696 3623 ΝΝΟ
1727 3578 1880 3622 ΒΟΜῘ
1891 3577 1948 3620 NI
1982 3578 2128 3621 CCCX
2138 3578 2284 3620 LVII]
2298 3607 2310 3620 ε

1230 3887 1387 4041 S.
1484 3865 2586 4041 PACHOMIUS

995 4175 2161 4292 TABENNENSIS
2262 4174 2822 4346 ABBAS.

2269 4494 2295 4504 ς

1672 4551 2138 4630 ΝΟΤΙΤΙᾹ.

912 4727 1234 4799 (ϐλιιλιιιυη
1281 4727 1521 4782 Veterum
1558 4725 1780 4782 Patrum
1808 4727 2089 4794 Bibliotlr.,
2126 4738 2254 4786 tom.
2283 4729 2372 4793 IV.
2401 4729 2641 4801 Proleg.,
2668 4747 2722 4800 p.
2754 4731 2927 4802 uix.)

283 5019 326 5074 1.
374 5017 647 5072 Parhomii
666 5026 810 5070 ortus
834 5025 880 5069 et
905 5018 1025 5069 vita:
1048 5016 1342 5088 institutum
1361 5054 1384 5088 ,ν
1409 5025 1688 5088 antequam
1713 5019 1863 5072 Chri-
1892 5025 1932 5082 (ζ
1966 5019 2304 5074 Constantini
2336 5019 2511 5088 Magni
2544 5018 2766 5086 ejusque
2794 5017 3026 5072 filiorum
3063 5015 3402 5087 temporibus
3429 5032 3549 5071 ma-

358 5102 438 5144 sto
470 5105 653 5142 nomen
688 5091 858 5142 daret.
895 5086 1272 5140 Anarhoresim
1304 5087 1530 5155 primum
1559 5086 1824 5155 professus
1846 5131 1860 5153 ,

355 5161 688 5229 postmodum
740 5155 1175 5229 Ἱῇαὑειιηειιεξιιηι-
1217 5153 1592 5229 monachorum
1642 5153 1860 5218 auctor,

359 5225 460 5299 quo
490 5239 716 5290 tempore
741 5228 943 5296 ﬂoruit.
977 5225 1205 5279 Celebris
1235 5226 1349 5293 ejus
1377 5226 1650 5279 memoria.
1682 5231 1862 5281 Annus

361 5299 698 5348 nummulis.

361 5308 698 5353 eruorlualts.

362 5390 689 5445 Pachomius
717 5387 856 5457 apud
887 5385 1216 5440 Thebaidem
1248 5387 1523 5443 inferioris
1548 5382 1768 5458 Egypti
1803 5400 1868 5439 ex

290 5484 606 5555 parentibus
645 5481 882 5536 ethnicis
919 5490 1108 5544 ortus,
1152 5479 1356 5534 militiae
1395 5480 1629 5548 primum
1672 5494 1869 5534 nomen

289 5577 478 5644 dedit;
509 5575 848 5645 postmodum
880 5586 1007 5628 vero
1037 5573 1112 5628 ad.
1132 5573 1338 5628 Christi
1367 5573 1524 5628 ﬁdem
1547 5585 1867 5638 conversus,

364 5735 443 5807 (a)
487 5736 689 5792 Pallad.
723 5734 861 5794 Hist.
893 5735 1052 5790 Laus.
1086 5749 1206 5804 cap.
1242 5733 1328 5789 58.

1976 5110 2119 5168 xime
2145 5109 2357 5163 claruit.
2389 5109 2836 5162 Anachoreticam
2863 5108 3006 5161 enim
3040 5107 3202 5161 vitam
3230 5107 3511 5174 amplexus
3530 5147 3546 5170 ,

1975 5201 2233 5267 deinceps
2263 5198 2520 5253 divinitus
2552 5198 2892 5265 admonitus,
2939 5197 3376 5252 Tabennensium
3427 5213 3546 5252 mo-

1976 5292 2272 5345 nachorum
2305 5299 2496 5344 auctor
2532 5297 2588 5343 et
2617 5287 2895 5342 institutor
2913 5287 3192 5341 exstitisse
3215 5285 3548 5354 perhibetur,

1975 5394 2035 5436 ut
2068 5393 2189 5452 post
2220 5381 2515 5454 Palladium
2542 5382 2618 5450 (a)
2645 5381 2836 5433 scribit
2868 5357 3202 5433 Sozomenus
3234 5378 3310 5448 (ὁ)
3331 5417 3348 5442 ,
3383 5393 3552 5432 eVan-

1977 5476 2161 5545 gelicae
2189 5472 2536 5542 perfectionis
2563 5469 2835 5538 professor
2863 5469 3096 5524 eximius
3119 5509 3134 5534 ,
3168 5471 3386 5540 optimis
3417 5486 3549 5542 pra-

1981 5567 2151 5636 ceptis
2203 5563 2575 5632 institutisque
2614 5561 2907 5630 discipulos
2959 5577 3088 5617 suos
3138 5561 3420 5618 erudivit:
3457 5559 3551 5616 Vir

2051 5725 2125 5795 (b)
2165 5724 2380 5780 Sozom.
2420 5722 2554 5777 (list.
2587 5723 2712 5777 eccl.
2746 5721 2839 5777 lib.
2873 5737 2964 5789 Ill,
2994 5722 3204 5791 capti.
