3976 6204
497 193 601 250 9ιὸ

1605 143 1897 238 'PATRES
1934 177 2228 236 AEGYPTII
2271 177 2543 236 secum
2585 180 2674 235 tv.
3586 194 3666 254 sn

497 326 687 369 cratera
733 307 1181 372 humanisiimtrs,
1234 305 1446 374 'Deoque
1485 300 1769 358 admodum
1828 302 2020 355 chorus
2057 314 2074 361 δ
2107 308 2149 362 Α
2177 300 2387 367 Pristini
2421 301 2625 354 decoris
2667 298 2887 353 amittit.
2923 297 3074 374 Unde
3119 310 3168 355 et
3211 319 3298 374 ego
3336 319 3522 362 inurens
3547 328 3664 380 super

500 408 631 459 adeo
682 413 738 457 ut
783 404 962 473 futura
1008 405 1391 468 pramosceret,
1441 402 1490 448 et
1547 410 1666 447 cum
1724 385 1921 461 angelis
1968 390 2078 456 [re-

499 511 714 568 quenter
745 494 1126 564 colloqueretur
1155 489 1230 560 (a)
1257 507 1271 544 :
1320 487 1484 558 Ἀνὴρ
1515 486 1586 539 τὰ
1623 484 1854 555 μάλιστα
1891 481 2080 552 φιλάν-

498 592 738 665 θρωπος,
777 587 871 640 καὶ
912 582 1164 654 θεοφιλὴς
1200 583 1288 662 ,εἰς
1339 580 1477 650 ἄγαν
1501 618 1516 643 ,
1562 577 1639 640 ὡς
1675 575 1978 648 προειδέναι
2011 571 2080 625 τὰ

501 656 734 750 cooperta
754 717 770 744 ,
797 677 893 731 καὶ
933 674 1098 740 θείοις
1130 656 1381 744 ἀγγέλοις
1407 669 1610 743 ὁμιλῶν
1635 668 1914 730 πολλάκις.
1943 664 2082 719 Hinc

499 771 781 828 Pachomii
835 784 1031 824 nomen
1090 783 1210 821 cum
1267 763 1408 835 apud
1457 770 1700 816 vetustos
1751 757 2077 826 scriptores,

506 878 619 922 tum
659 863 713 920 in
749 862 906 916 fastis
936 857 1328 915 ecclesiasticis
1348 895 1364 921 ,
1407 855 1520 910 sive
1549 851 1754 907 Graecis
1783 849 1898 903 sive
1939 847 2082 900 Latt-

400 983 412 993 ~
503 957 618 1022 nis,
651 954 880 1010 summis
907 950 1154 1005 laudibus
1185 947 1518 1003 celebratum
1551 942 1824 998 invenias.
1856 939 2084 1009 Magnus

502 1049 722 1120 quidem
755 1044 1116 1107 Athanasius,
1149 1048 1289 1096 teste
1320 1037 1648 1108 Hieronymo
1683 1035 1758 1105 (b)
1780 1074 1794 1096 ,
1828 1031 1981 1101 quasi
2013 1030 2082 1083 ad

507 1139 832 1194 tutissimum
862 1132 1244 1189 communionis
1274 1140 1481 1201 portum
1513 1127 1729 1180 Romam
1757 1122 2082 1194 confugiens,

513 1227 693 1287 Vitam
741 1229 877 1284 beati
912 1225 1127 1280 Antonii
1165 1225 1335 1276 adhuc
1385 1231 1506 1274 tunc
1545 1218 1756 1272 viventis
1781 1257 1794 1278 ,
1825 1223 2084 1268 monaste-

509 1327 812 1392 riorumque
850 1320 906 1374 in
942 1317 1204 1372 Thebaide
1239 1312 1512 1368 Pocltomii
1551 1307 1929 1377 Disciplinam,
1973 1306 2083 1374 pri-

506 1431 629 1471 mus
663 1415 716 1468 in
752 1413 952 1468 Urbem
991 1409 1216 1463 invexit.
1250 1405 1582 1474 Factumque
1611 1401 1866 1471 proinde,
1905 1398 1980 1451 ait
2007 1398 2088 1448 vir

508 1506 698 1560 doctus
743 1500 854 1574 (c),
901 1510 958 1554 ut
1011 1498 1251 1552 Romana
1303 1505 1412 1548 tum
1461 1493 1692 1562 primtnn
1742 1486 1980 1542 Ecclesia
2033 1485 2084 1538 in

509 1595 795 1653 monastici
850 1591 1082 1646 instituti
1140 1602 1380 1641 amorem
1441 1584 1605 1637 fuerit
1651 1594 1901 1634 accensa.
1953 1575 2088 1630 Hinc

510 1686 842 1743 monasteria
875 1683 1041 1738 multa
1087 1695 1182 1749 per
1222 1677 1429 1732 Italiam
1476 1674 1745 1735 excitata,
1779 1679 1834 1724 et
1875 1667 2087 1723 institu-
2120 1665 2161 1720 Β

512 1792 624 1835 tum
659 1760 1200 1847 hujusmodi'oxinde
1238 1785 1332 1838 per
1360 1767 1706 1822 Occidentem
1752 1760 1990 1815 manavit
2034 1759 2087 1810 in

511 1867 845 1923 diesilatins.
879 1863 1203 1934 Supremutn
1239 1861 1380 1912 diem
1416 1857 1552 1911 obiit
1581 1853 1961 1909 sanctissimus
1995 1850 2089 1901 ab-

513 1959 610 2012 bas
647 1971 791 2011 anno
838 1955 944 2009 548
991 1955 1114 2021 (d);
1185 1952 1407 2020 ejusque
1453 1957 1601 2010 gesta
1651 1942 1965 1998 admiranda
1999 1941 2090 2021 de:

512 2045 727 2113 scripsit
758 2043 973 2111 quidam
1008 2017 1702 2093 monacbusiTabennensis
1749 2043 1906 2086 aetate
1953 2017 2084 2097 sup;

513 2149 631 2204 par,
664 2150 782 2204 quae
812 2134 953 2202 apud
979 2130 1364 2185 Bollundianos
1391 2129 1572 2181 videas
1602 2125 1693 2197 (e).

515 2227 579 2282 ll.
619 2224 722 2278 ~Vir
754 2224 1304 2293 apostolicte‘gratiw,
1344 2218 1604 2293 Regulam
1638 2215 1950 2293 (Egyptioce
1979 2230 2094 2281 per-

586 2286 819 2365 scripsit.
855 2295 992 2346 Eant
1025 2286 1204 2365 Greece
1238 2286 1496 2344 redditam
1537 2286 1735 2365 Latinis
1769 2287 1954 2337 litteris
1983 2295 2094 2336 tra-

585 2357 715 2417 didit
760 2363 1134 2431 Hieronymus.
1168 2360 1283 2424 Quo
1312 2377 1449 2414 artua
1481 2357 1764 2412 versionem
1791 2371 1940 2408 suam
1970 2369 2094 2407 con-

585 2436 763 2503 fecerit
797 2448 1008 2486 sanctus
1040 2435 1242 2486 doctor.

590 2529 908 2582 Pacltomius
933 2569 946 2592 ,
987 2525 1502 2595 inquit'Gemtadius
1541 2522 1603 2591 (Γ)
1631 2559 1645 2584 ,
1679 2521 1755 2573 vir
1779 2528 1886 2572 tant
1915 2535 1968 2571 tn
1998 2517 2096 2570 do-

516 2623 678 2677 cendo
715 2635 871 2689 quam
918 2621 970 2672 in
1021 2620 1182 2687 signa
1232 2617 1508 2685 faciendo,
1551 2614 1848 2684 opastolica'
1883 2613 2093 2680 gratiee,

516 2713 724 2781 scripsit
755 2711 1013 2782 Regulam
1040 2711 1244 2779 utrique
1273 2711 1448 2778 generi
1476 2710 1849 2760 monachorum
1877 2719 2052 2770 aptant
2075 2743 2090 2766 ,

515 2821 677 2877 quam
702 2804 886 2874 angelo
909 2805 1144 2856 dictante
1169 2810 1484 2868 perceperat.
1512 2799 1661 2864 Quod
1679 2798 1902 2866 quidem
1933 2795 2132 2880 tnulto’

521 2901 649 2955 ante
686 2899 1021 2954 tradiderant
1057 2895 1366 2950 Heraclides
1384 2894 1491 2977 (g),
1545 2893 1812 2947 Palladius
1848 2889 1959 2960 (It),
1995 2889 2095 2942 So-

2181 388 2498 442 dormitione
2529 397 2726 441 sanctte
2751 399 2798 442 et
2831 389 3139 444 venerabilis
3166 389 3373 455 Paulle,
3397 425 3458 434 -—
3475 414 3557 466 quo
3579 406 3670 452 ηειι.

2183 489 2355 533 torum
2389 480 2552 533 incisa
2586 479 2730 533 illius
2764 489 2931 534 morte
2966 481 3240 551 refrigeria
3274 487 3584 553 suspirarent,
3609 511 3671 544 ac-

2181 571 2292 640 cepi
2325 571 2484 624 libros
2509 611 2524 635 ,
2550 579 2658 624 etc.
2684 570 2749 624 Et
2782 586 2906 625 mox
2941 594 2952 625 :
2987 571 3172 639 Itaque
3194 575 3311 642 quia
3333 577 3415 628 diu
3439 589 3669 645 tacueram,

2182 673 2230 718 et
2261 664 2496 717 dolorem
2527 679 2698 717 nteum
2725 663 2936 717 silentio
2961 665 3320 718 devoraveram
3337 709 3351 732 ,
3373 695 3437 706 —-
3459 673 3598 723 accito
3617 691 3675 726 no-

2184 755 2356 820 tario,
2402 765 2458 809 ut
2501 765 2650 809 erant
2696 757 2760 809 de
2787 754 3111 825 Afgyptiaca
3145 757 3200 810 in
3245 757 3468 813 Graecam
3503 761 3676 830 linguam

2185 866 2330 903 versa
2353 889 2367 910 ,
2403 858 2582 904 nostro
2605 865 2844 904 sermone
2869 849 3095 915 dictavi,
3125 859 3180 902 ut
3202 879 3267 890 -—
3289 850 3441 919 bono,
3469 864 3515 906 ut
3539 856 3676 919 aiunt,

2184 944 2424 1013 auspicio
2470 940 2686 1011 longum
2736 941 3004 995 silentium
3057 958 3374 1010 rumperent,
3409 946 3594 998 reddens
3626 963 3681 1002 an

2184 1037 2422 1108 pristinis
2457 1034 2686 1100 studiis,
2718 1042 2766 1086 et
2799 1043 2999 1086 sanctae
3038 1033 3242 1101 femina:
3283 1033 3565 1103 refrigeratis
3599 1039 3683 1089 ani-

2186 1145 2326 1183 mam
2345 1168 2360 1193 ,
2391 1143 2509 1198 qua:
2541 1126 2983 1178 monasteriorum
3018 1140 3220 1193 semper
3252 1140 3418 1177 amore
3446 1126 3660 1193 ﬂagravit.

2187 1241 2272 1298 Ill.
2329 1242 2506 1296 Versio
2544 1237 2775 1319 Regulae
2805 1235 3124 1318 Hieronymo
3155 1237 3459 1316 vindicatur,
3487 1238 3686 1306 simulque

2557 1310 2726 1378 operis
2758 1310 3031 1377 integritas
3058 1310 3372 1360 astruitnrJ

2259 1425 2385 1479 Hzec
2419 1431 2595 1478 autem
2631 1419 3054 1490 Hieronymiana
3101 1427 3381 1488 propterea
3419 1419 3466 1472 in
3509 1422 3685 1472 medium

2189 1519 2512 1573 adduximus
2532 1553 2547 1579 ,
2581 1521 2640 1568 ut
2669 1512 2956 1568 Guilielmo
2983 1511 3163 1566 Cavea
3195 1509 3256 1580 (ι)
3295 1510 3502 1578 aliisque
3527 1511 3686 1562 obviam

2192 1610 2414 1684 iremus,
2444 1606 2533 1675 qui
2563 1604 2688 1658 dum
2720 1601 3109 1670 Hieronymum
3139 1600 3500 1655 Pachomianae
3526 1600 3689 1669 [ιιιειιιςι

2193 1702 2545 1768 interpretem
2595 1707 2893 1766 agnoscere
2942 1694 3218 1756 almuunt,
3264 1692 3486 1760 ejusdem
3531 1707 3691 1760 quoque

2193 1790 2406 1860 Regula:
2441 1787 2815 1843 sinceritatem
2847 1786 2898 1838 in
2929 1785 3221 1838 discrimen
3255 1799 3440 1839 vocare
3467 1786 3690 1839 videntur:

2192 1877 2456 1932 Nimirum
2481 1916 2494 1940 ,
2529 1876 2806 1944 inquiunt,
2839 1875 2883 1928 si
2934 1875 3074 1928 hanc
3109 1871 3356 1942 Regulam
3400 1876 3691 1928 ll‘allSlllllSst‘l

2195 1968 2584 2039 Hieronymus,
2620 1965 2968 2020 Pachumium
2999 1965 3280 2018 enimvero
3307 1966 3439 2019 inter
3461 1966 3691 2035 scriptorcs

2194 2059 2598 2115 ecclesiaSticus
2635 2056 2945 2120 retulisset,
2990 2055 3070 2109 vel
3107 2056 3297 2110 saltent
3338 2058 3469 2111 inter
3505 2066 3692 2110 suasmet

2199 2153 2479 2207 versiones
2515 2154 2655 2203 hanc
2683 2148 2872 2201 itidem
2920 2148 3281 2202 recensuisset
3323 2157 3524 2203 sanctus
3561 2148 3692 2202 Pater.

2196 2244 2263 2296 At
2289 2243 2377 2313 qui
2409 2256 2489 2297 sne
2520 2249 2749 2310 arguunt
2769 2239 2961 2292 eruditi
2989 2238 3121 2301 viri,
3152 2255 3254 2292 non
3286 2235 3685 2292 adverteruutCa-

2198 2337 2430 2406 talognm
2453 2350 2606 2387 sumn
2639 2331 2941 2386 confecisse
2975 2331 3362 2400 Hieronymum
3389 2344 3514 2384 anno
3536 2330 3694 2382 demum

2196 2423 2323 2506 39?,
2357 2423 2447 2492 qui
2484 2430 2765 2491 propterea
2800 2434 2974 2487 neque
3013 2420 3158 2474 inter
3187 2435 3310 2474 suos
3343 2417 3480 2472 Viros
3506 2419 3681 2471 illustres

2201 2515 2548 2568 l’achominm
2569 2551 2583 2576 ,
2621 2525 2794 2579 neque
2836 2523 2964 2565 suas
2997 2514 3142 2566 inter
3174 2511 3439 2566 versiones
3466 2507 3696 2565 beatissimi

2201 2607 2340 2661 illius
2384 2605 2598 2658 abbatis
2650 2601 2862 2671 Regula:
2896 2603 3300 2657 translationem
3327 2603 3510 2656 referre
3539 2599 3694 2670 potuit,

2199 2698 2350 2765 cujus
2395 2695 2601 2750 scilicet
2628 2693 2876 2748 Grzecum
2911 2693 3191 2763 exemplar
3235 2693 3494 2748 duodecim
3531 2700 3686 2744 tantum

2200 2801 2321 2860 post
2363 2803 2533 2842 annos
2569 2785 2760 2840 Latine
2792 2788 3110 2839 vertendum
3149 2785 3368 2854 recepit.

2273 2879 2350 2933 Ad
2403 2879 2516 2933 haec
2557 2875 2973 2940 Tillemontius,
3009 2877 3142 2931 licet
3176 2878 3420 2930 admittat
3455 2873 3598 2930 sancti
3621 2870 3692 2925 Pa-

522 3007 782 3047 zomenns
815 2991 910 3060 (i),
948 2999 1004 3043 et
1056 2989 1214 3057 longe
1261 2965 1419 3054 .post‘
1443 2985 1777 3053 Nicephorius
1817 2983 1909 3050 (ἢ.
1949 2979 2096 3032 Hanc
2124 3017 2166 3072 C
2200 2972 2398 3072 c-ltomii
2434 2969 2692 3039 Regulam
2719 2969 3136 3037 interpretatum
3162 2966 3324 3020 fuisse
3352 2965 3699 3035 Hieronymum;

521 3094 700 3141 autem
736 3082 903 3136 sancti
937 3079 1207 3134 Pachomii
1244 3077 1492 3148 Regulam
1518 3075 1836 3146 Egyptiaco
1863 3073 2094 3142 primum

521 3187 773 3229 sermone
807 3171 1168 3238 conscriptam
1195 3207 1210 3232 ,
1242 3167 1433 3220 deinde
1467 3165 1656 3220 Graece
1691 3163 1995 3226 redditam,
2043 3162 2096 3213 in

524 3265 737 3320 Latium
771 3260 1045 3314 transtulit
1083 3269 1304 3313 sanctus
1339 3256 1704 3326 Hieronymus
1727 3292 1743 3314 ,
1778 3262 1970 3318 rogatu
2004 3251 2099 3304 lto-

525 3355 688 3409 tninis
732 3352 824 3406 Dei
857 3349 1061 3404 Silvani
1092 3346 1394 3418 presbyteri
1421 3363 1434 3412 ;
1478 3347 1570 3413 qui
1606 3352 1888 3412 propterea
1921 3341 2097 3395 Leon-

525 3449 656 3500 tium
705 3442 1083 3516 presbyterum
1137 3449 1192 3494 et
1223 3449 1448 3494 caeteros
1500 3451 1621 3489 cum
1675 3450 1740 3488 eo
1781 3433 1988 3488 fratres
2031 3431 2098 3486 ad

523 3548 771 3594 sanctum
819 3535 1110 3588 Doctorem
1161 3532 1214 3584 in
1270 3530 1604 3584 Pal-.estinam
1648 3527 1953 3587 direxerat,
1994 3538 2100 3592 quo

525 3629 696 3685 Graeci
727 3623 1052 3695 exemplaris
1078 3621 1578 3691 interpretationem
1607 3633 1791 3672 coram
1821 3623 2063 3686 peterent
2083 3651 2098 3678 ,

522 3723 862 3794 ﬂagitarent,
895 3723 1170 3787 urgerent.
1223 3714 1402 3767 Tantis
1448 3713 1630 3781 itaque
1675 3711 1800 3764 viris
1839 3710 2102 3776 imperan-

525 3791 702 3875 tibus,
747 3825 810 3863 ne
847 3807 1020 3860 dicam
1067 3802 1396 3875 rogantibus,
1427 3791 1630 3857 morem
1669 3798 1834 3870 gessit
1883 3803 2103 3851 sanctus

526 3903 706 3961 Pater.
741 3913 798 3955 ut
827 3901 1055 3970 ipsemet
1084 3897 1139 3950 in
1169 3893 1491 3949 Praef-alioue
1525 3892 1591 3944 ad
1616 3889 1918 3950 versionem
1949 3899 2100 3940 suam

525 3993 753 4050 scribit:
788 3989 876 4043 ubi
905 3988 1068 4043 etiam
1099 3996 1312 4054 tempus
1343 3983 1543 4038 indicat
1569 3997 1678 4052 quo
1707 3994 1926 4034 manum
1951 3975 2101 4045 Operi

527 4085 786 4141 admovit.
832 4082 1098 4137 Currebat
1145 4080 1354 4134 scilicet
1395 4091 1566 4130 annus
1604 4073 1731 4138 404,
1770 4086 1876 4141 quo
1916 4079 2102 4125 sancta

527 4173 693 4230 Paula
740 4186 1054 4241 supremum
1088 4170 1228 4224 diem
1264 4167 1463 4223 obiisse
1491 4165 1837 4234 comperitur,
1886 4176 1958 4215 vn
1992 4159 2101 4212 Ka-

527 4266 709 4322 lendas
745 4261 1100 4327 Februarias,
1141 4260 1298 4313 tertia
1333 4256 1552 4312 Sabbati
1583 4264 1694 4323 post
1733 4253 1860 4306 solis
1895 4249 2104 4304 accubi-

2206 3059 2407 3114 Moniza
2442 3068 2620 3110 tamen
2651 3071 2770 3124 quae
2800 3055 3012 3124 Regula:
3037 3055 3413 3110 Pacltomiana:
3443 3053 3695 3108 subdantur.

2203 3153 2272 3205 ab
2315 3152 2505 3205 eodem
2538 3148 2864 3218 Hieronymo
2915 3147 3112 3202 Latine
3163 3145 3330 3201 fuisse
3379 3145 3586 3205 reddita,
3625 3139 3698 3192 sibi

2208 3243 2541 3313 persuadere
2571 3240 2711 3294 haud
2746 3248 2924 3308 potest
2946 3239 3066 3308 (nt),
3104 3253 3379 3308 propterea
3406 3235 3581 3291 scilicet
3599 3230 3701 3301 quod

2205 3335 2354 3388 locus
2407 3333 2459 3385 in
2517 3332 2620 3384 illis
2653 3340 2904 3384 occurrat
2957 3330 3040 3384 bis
3105 3332 3278 3384 verbis
3322 3342 3578 3396 expressus
3608 3327 3701 3393 (nl:

2205 3425 2462 3479 Otliamus
2495 3439 2617 3492 ergo
2651 3422 2932 3488 mundum,
2973 3434 3020 3476 et
3054 3424 3235 3476 omnia
3274 3437 3382 3492 qua
3415 3421 3462 3473 in
3498 3436 3546 3472 eo
3581 3425 3702 3474 sunt;

2205 3516 2446 3568 odiamus
2483 3516 2645 3566 etiam
2677 3529 2880 3566 omnem
2912 3513 3147 3582 requiem
3189 3513 3508 3582 corporalem.
3552 3508 3703 3574 Quibus

2204 3604 2490 3660 recitatis:
2531 3601 2706 3667 Num,
2752 3602 2960 3672 inquit,
2999 3605 3141 3658 adeo
3172 3619 3353 3674 parum
3396 3601 3561 3654 Latine
3586 3598 3694 3650 lucu-

2205 3707 2315 3752 tum
2350 3695 2516 3750 fuisse
2564 3693 2948 3764 Hieronymum
2979 3692 3394 3748 existimemus?
3421 3694 3581 3746 Annon
3609 3688 3690 3754 ipse

2203 3792 2381 3860 potius
2423 3787 2729 3855 scripsisset
2769 3786 3033 3838 oderimus
3060 3787 3084 3821 ⁹
3130 3785 3326 3841 Verum
3369 3793 3542 3853 przeter
3577 3792 3694 3847 quam

2199 3883 2346 3949 quod
2395 3877 2600 3932 Monita
2638 3878 2725 3930 illa
2773 3878 2825 3931 in
2877 3875 3202 3933 Collectione
3245 3877 3534 3948 Regularum
3576 3867 3700 3925 sancti

2202 3970 2477 4025 Benedicti
2503 3970 2822 4023 Anianensis
2844 4011 2859 4036 ,
2892 3971 2986 4040 qui
3012 3987 3154 4026 unus
3187 3968 3611 4040 Hieronymiauam
3633 3961 3701 4014 Pa-

2204 4064 2614 4120 ehomianorum
2655 4077 2879 4132 operum
2926 4063 3424 4132 interpretationem
3459 4057 3589 4114 nobis
3619 4067 3699 4107 set-

2206 4155 2624 4222 vavit,medium
2655 4153 2828 4208 locum
2853 4163 3038 4208 tenent
3070 4156 3214 4209 inter
3234 4151 3489 4208 Pachumii
3512 4144 3698 4216 Regulam

2205 4256 2259 4300 et
2292 4244 2408 4314 ejus
2444 4242 2714 4312 Epistolas
2743 4282 2759 4309 ,
2799 4258 3030 4313 quarum
3078 4245 3345 4315 interpres
3384 4237 3598 4296 indubius
3636 4232 3700 4285 lla-

527 4373 669 4421 tum,
710 4353 954 4418 Honorio
989 4354 1233 4422 Augusto
1276 4365 1324 4402 vr
1354 4358 1400 4402 et
1447 4347 1742 4399 Aristeneto
1765 4359 1926 4405 coss.,
1960 4349 2018 4394 ut
2048 4340 2101 4393 in
2133 4357 2182 4414 υ
2209 4339 2365 4393 betur
2405 4335 2547 4390 idem
2597 4335 2994 4406 Hieronymus;
3041 4335 3273 4404 ipsemet
3321 4341 3518 4388 sanctus
3553 4327 3699 4378 Doctor

527 4453 649 4524 ejus
679 4449 964 4520 Epitaphio
995 4445 1159 4500 tradit
1184 4443 1322 4496 idem
1356 4440 1720 4508 Hieronymus
1755 4435 1846 4506 (lt).
1885 4435 1975 4489 Sic
2003 4437 2104 4505 igi-

529 4556 618 4601 tur
649 4543 846 4598 Docwr
890 4539 1158 4594 maximus
1193 4537 1245 4588 in
1282 4534 1444 4588 modo
1483 4530 1703 4584 laudata
1736 4528 2097 4582 Praefatione:

529 4635 778 4702 Quamvis
803 4641 988 4685 acutus
1013 4626 1225 4698 gladius
1248 4633 1296 4678 et
1326 4623 1579 4691 levigatus
1597 4659 1611 4682 ,
1639 4625 1683 4672 si
1705 4619 1796 4671 diu
1829 4618 1883 4670 in
1913 4618 2100 4684 vagina

526 4727 770 4783 conditus
816 4722 1010 4793 fuerit,
1065 4716 1344 4802 sordescit.
1381 4711 1618 4782 rubigine
1669 4719 1718 4765 et
1773 4706 2099 4778 splendorem

599 4995 678 5065 (a)
715 4992 932 5065 _S_ozom.
970 4989 1110 5065 llist.
1138 4985 1268 5065 eccl.
1302 4986 1394 5065 lib.
1421 4998 1514 5065 sit,
1544 4999 1608 5065 ο..
1629 4984 1716 5065 inti.

600 5048 676 5135 (‘bj
714 5061 937 5135 Hieron.
969 5060 1130 5130 epist.
1154 5057 1278 5123 127,
1306 5056 1376 5109 al.
1415 5058 1504 5119 16,
1541 5056 1608 5109 ad
1627 5053 1866 5123 Princip.
1893 5048 2105 5124 virgini,

534 5133 562 5207 ⁵
1075 5195 1180 5251 Vit.
1319 5141 1502 5249 Athan.
1541 5194 1605 5248 ad
1631 5208 1759 5247 ann.
1791 5192 1918 5258 3M,
1946 5189 1974 5262 §
1999 5191 2068 5246 40
2093 5231 2108 5256 ,

529 5273 1119 5415 l:afti)a'fli‘.illetn.Hem.
1149 5347 1281 5393 tom.
1309 5334 1428 5402 γη,
1456 5348 1576 5406 pag.
1607 5333 1729 5397 691,
1761 5341 1872 5387 ηοι,
1901 5331 1993 5396 55,
2020 5347 2110 5385 ειη·

530 5411 868 5471 δξραεοηιε.

603 5481 675 5551 (e)
717 5481 952 5535 Boil-and.
989 5482 1104 5533 Act.
1143 5476 1247 5534 SS.
1278 5475 1422 5531 lanii
1473 5485 1602 5532 tom.
1646 5473 1746 5540 Ill,
1781 5488 1937 5543 pagg.
1975 5471 2105 5538 25,‘

711 5619 953 5677 Gennad.
991 5618 1066 5672 De
1097 5619 1190 5672 vir.
1229 5618 1396 5671 illust.
1427 5631 1546 5685 cap.
1583 5615 1634 5668 7.

2207 4431 2382 4501 palam
2410 4430 2700 4500 proﬁtetur
2725 4427 2799 4498 (ο)
2831 4427 3222 4495 simplicitatem
3257 4424 3480 4497 zEgyptii
3507 4415 3698 4475 sermonis

2208 4539 2267 4578 se
2295 4522 2466 4578 fuisse
2492 4522 2794 4586 imitatum,
2823 4537 2886 4574 ne
2918 4522 3057 4576 viros
3090 4520 3398 4590 apostolicos
3417 4527 3458 4570 et
3485 4524 3591 4567 totos
3605 4520 3698 4574 μοι

2203 4617 2290 4668 tia:
2320 4612 2612 4682 spiritualis
2639 4653 2654 4677 ,
2706 4608 2876 4666 sermo
2928 4613 3221 4666 rhetoricus
3268 4611 3549 4664 immutaret.
3591 4591 3696 4662 Quid

2203 4707 2345 4775 quod
2373 4706 2664 4775 ipsummet
2714 4703 3000 4760 Doctorem
3050 4705 3339 4758 maximum
3371 4702 3419 4755 in
3453 4699 3694 4752 sanctarum

2282 4980 2357 5048 (9)
2398 4977 2610 5049 Hcracl.
2651 4979 2849 5049 ζξηναά.
2881 4995 2999 5049 cap.
3037 4979 3120 5032 19.

2283 5046 2359 5120 (lt)
2403 5048 2608 5103 Pallad.
2647 5047 2788 5120 Hist.
2821 5046 2983 5102 Laus.
3019 5065 3139 5118 cap.
3175 5046 3263 5102 ‘58.

2390 5120 2605 5191 ξοιοιιι.
2641 5118 2782 5191 Hist.
2813 5123 2940 5174 eccl.
2972 5121 3063 5174 lib.
3086 5109 3158 5172 ἰιι
3183 5157 3197 5182 ,
3233 5131 3343 5182 cap.
3380 5109 3455 5191 if;

2287 5177 2354 5260 ij')
2395 5189 2622 5260 Nicepu.
2661 5187 2801 5248 Hist.
2839 5191 2964 5244 eccl.
2995 5191 3088 5242 lib.
3133 5177 3223 5251 ιιι,
3252 5177 3368 5260 διὸ-ν,
3404 5177 3474 5232 tt.

2289 5235 2363 5329 iit",
2395 5235 2625 5312 “signa:
2661 5235 3093 5328 sagitta";
3125 5235 3223 5325 ea;
3245 5235 3395 5329 ςξξςρ.
3425 5263 3528 5318 ρειει
3553 5235 3641 5291 7'9

2289 5324 2352 5400 (ι)
2391 5330 2520 5400 (33v.
2561 5324 2900 5400 Histilitter.
2935 5343 3065 5400 tom.
3099 5331 3153 5393 Ι,
3185 5324 3379 5400 1)ίὲοᾷ

2287 5368 3153 5468 δέ)υἱιἰἱείἶιῗϊιὲἶιὶῗἰὸιῖἶῗῖνιὶζ
3185 5368 3472 5468 "agitas,
3517 5386 3603 5436 not.
3644 5368 3684 5424 ts

2212 5487 2305 5525 sur
2323 5467 2382 5526 S’.
2411 5469 2657 5526 Pacome.

2287 5541 2365 5609 (η)
2408 5540 2661 5595 Pacltom.
2699 5537 2834 5609 Opp.
2872 5540 3008 5595 inira
3043 5542 3145 5609 col.
3181 5538 3302 5592 947.
3417 5599 3428 5609 _
3476 5598 3498 5609 η

2281 5599 2360 5684 (οῘ
2392 5610 2611 5667 Hieron.
2645 5611 2698 5665 in
2734 5599 2960 5680 I’rtefut.
2992 5611 3055 5666 ad
3089 5608 3328 5681 l’acltom.
3357 5599 3445 5656 sub
3474 5599 3549 5648 lin.
