3990 6210
319 411 426 464 945

1031 407 1087 461 S.
1127 406 1455 463 PACIIOMII
1498 408 1976 467 TABENNENSIS
2009 413 2298 471 ABBATIS
2329 415 2736 483 PIUECEPTA,
2775 417 2925 474 ETC.

3469 424 3572 479 946

318 526 730 593 Scripturarum
758 521 1200 588 interpretatione
1227 523 1414 576 eodem
1443 524 1606 579 ferme
1634 525 1884 594 loquendi
1915 528 1969 583 Α.
1991 523 2169 581 butum
2203 530 2447 596 speciale,
2478 531 2639 598 signis
2665 531 2974 600 quibusdam
3005 539 3050 581 et
3078 531 3323 599 symbolis
3347 529 3573 586 abstan-

318 631 512 683 genere
553 614 767 670 Latinis
794 613 1015 669 auribus
1053 616 1229 669 minus
1291 616 1514 682 probato
1565 616 1891 685 quandoque

319 724 472 764 usum
507 707 672 762 fuisse
709 707 1005 760 novimus?
1032 706 1100 761 Ut
1127 718 1304 761 autem
1337 720 1527 762 caetera
1556 709 1889 774 emittamus,

317 817 384 857 ex
412 802 571 856 unius
587 800 736 855 verbi
760 801 934 854 odisse
957 814 1056 853 usu
1081 801 1329 853 nonnulla
1355 801 1689 869 proferamus
1712 815 1894 854 exem-

320 896 427 964 pla.
454 893 831 962 Cntnperitnus
863 890 1042 959 itaque
1073 889 1454 961 Hieronymum
1497 892 1549 944 in
1590 892 1762 945 Sacris
1811 890 1896 944 Bi-

322 987 448 1042 bliis
474 985 742 1039 vertendis
773 992 864 1036 aut
899 981 1252 1037 recensendis
1288 982 1364 1052 (α)
1417 999 1706 1052 usurpasse
1737 999 1896 1039 voces

321 1077 582 1143 odientis,
613 1075 782 1128 Exod.
821 1059 985 1136 xxttt,
1018 1073 1091 1138 5;
1127 1065 1380 1132 odientes,
1415 1071 1456 1126 ll
1486 1072 1618 1144 Reg.
1656 1090 1778 1138 xu,
1817 1073 1893 1139 6;

325 1167 740 1229 odibunt,Prov.
773 1182 826 1231 I,
860 1165 966 1230 2'2;
1005 1165 1166 1228 odiet,
1198 1164 1330 1220 Luc.
1363 1181 1474 1232 xvi,
1506 1166 1541 1220 3
1569 1184 1583 1219 :
1620 1181 1739 1236 quae
1768 1181 1898 1221 sane

328 1260 678 1315 Lutinissimw
705 1258 843 1312 haud
872 1266 994 1312 sunt
1017 1297 1034 1320 ,
1066 1266 1126 1310 ut
1178 1259 1344 1312 verbo
1378 1269 1500 1311 utar
1527 1258 1902 1329 Hieronymia-

327 1369 398 1407 no
428 1348 821 1420 (b)..Nimirum
850 1346 1079 1402 subinde
1109 1347 1392 1416 prolitetur
1417 1359 1638 1404 sanctus
1682 1351 1900 1415 Doctor,

323 1461 384 1500 se
416 1460 519 1500 non
549 1441 726 1496 omnia
755 1440 1016 1497 sermonis
1051 1440 1177 1493 vitia
1206 1441 1527 1507 declinasse,
1558 1443 1805 1511 quamvis
1833 1459 1899 1497 ea

321 1534 488 1602 probe
525 1532 782 1586 novisset.
833 1526 957 1583 Non
1005 1529 1143 1584 enim
1164 1570 1180 1595 ,
1229 1531 1401 1598 inquit
1435 1530 1504 1603 (e)
1533 1573 1545 1594 ,
1573 1549 1715 1587 cum
1747 1535 1896 1587 nobis

316 1633 392 1676 est
423 1623 590 1676 vitare
624 1635 921 1674 sermonum
950 1621 1110 1684 vitia,
1143 1625 1230 1674 sed
1268 1617 1555 1690 Scriptura:
1581 1633 1776 1676 sanctte
1812 1621 1904 1675 ob-

317 1715 626 1767 scuritatem
650 1712 1037 1782 quibuscunque
1067 1712 1226 1766 verbis
1247 1713 1515 1766 disserere.
1549 1714 1611 1768 Et
1636 1714 1765 1768 alibi
1787 1713 1864 1786 (d)
1891 1730 1906 1767 :

1995 618 2131 670 ditos
2177 636 2357 671 sensus
2405 619 2704 674 involvens:
2750 636 2879 687 quas
2931 635 3022 671 nos
3071 618 3334 686 Epistolas
3384 621 3486 686 ita,
3518 632 3575 676 ut

1995 709 2134 775 apud
2169 708 2449 777 zEggptios
2481 706 2791 779 Graecosque
2819 710 3076 777 leguntur,
3109 711 3162 763 in
3201 722 3433 765 nostram
3474 713 3578 766 lin-
3671 755 3679 768 .

1995 819 2152 872 guam
2183 806 2447 868 vertimus,
2479 803 2678 867 eadem,
2706 813 2760 855 ut
2790 803 3091 871 reperimus,
3117 801 3362 856 elementa
3389 820 3580 870 ponen-

1997 905 2091 949 tes.
2123 894 2216 949 llis
2240 896 2450 964 gemina
2489 895 2656 949 refert
2691 894 3024 949 Sozomenus
3059 893 3174 963 (Ιι);
3235 893 3460 959 Dicunt,
3489 895 3572 948 inv

1997 985 2150 1052 quit,
2192 985 2430 1038 divinant
2475 984 2718 1053 angelum
2766 982 3050 1038 Pachomio
3092 996 3423 1053 apparentem
3471 1003 3583 1039 mo.-

2002 1077 2181 1129 nuisse
2211 1085 2265 1128 ut
2317 1075 2554 1142 iuniores
2592 1077 2873 1130 monachos
2909 1064 3182 1144 colligeret
3221 1087 3269 1130 et
3309 1094 3414 1130 una
3458 1094 3581 1131 cum
3653 1070 3656 1074 ’

2005 1165 2110 1222 illis
2144 1177 2440 1220 versaretur
2460 1181 2479 1219 :
2497 1197 2564 1207 --
2583 1178 2834 1236 pra'terea
2856 1209 2870 1232 ,
2899 1176 2954 1219 ut
2983 1169 3219 1222 universa
3247 1171 3584 1239 congregatio

2000 1257 2055 1310 in
2087 1258 2267 1326 viginti
2300 1269 2528 1326 quatuor
2553 1259 2744 1311 classes
2769 1259 3105 1320 divideretur,
3139 1275 3310 1328 ea’que
3333 1277 3395 1312 ea:
3419 1259 3568 1314 Grae-

2001 1360 2187 1399 corum
2220 1345 2416 1400 litteris
2459 1357 2857 1415 cognomentum
2909 1349 3246 1414 acciperent:
3294 1364 3576 1416 cognomen

2003 1453 2121 1491 vero
2154 1437 2254 1504 ipsi
2289 1445 2560 1504 aptaretur
2584 1452 2680 1505 pro
2710 1437 2813 1489 vita
2846 1452 2909 1490 ac
2950 1437 3179 1492 moribus
3225 1437 3575 1508 singulorum.

2012 1526 2167 1582 Verbi
2191 1529 2362 1597 gratia
2395 1529 2745 1596 simpliciores
2784 1529 2894 1582 iota
2929 1529 3355 1598 appellarentur;
3385 1533 3579 1584 versuti

2005 1617 2038 1683 ξ
2062 1619 2139 1673 vel
2172 1619 2233 1685 ξ,
2267 1629 2314 1672 et
2363 1621 2440 1673 sic
2487 1621 2551 1674 de
2584 1620 2704 1674 aliis
2731 1659 2747 1685 ,
2783 1632 2937 1688 prout
2986 1621 3285 1674 institutum
3327 1623 3579 1690 cujusque

2005 1710 2188 1763 classis
2229 1711 2400 1780 ﬁgura
2443 1711 2671 1781 alicujus
2722 1713 2912 1766 littera
2953 1723 3071 1775 apte
3112 1714 3399 1776 exprimere
3433 1713 3578 1766 licet.

318 1804 471 1870 Scio,
507 1804 614 1868 ait,
645 1806 754 1857 Itazc
787 1803 1002 1856 molesta
1029 1820 1138 1857 esse
1166 1803 1389 1856 lectori:
1423 1805 1513 1858 sed
1532 1836 1604 1851 —-
1626 1804 1752 1858 mihi
1781 1806 1898 1875 suf-

2007 1792 2133 1852 υἶον
2153 1841 2167 1864 ,
2208 1799 2611 1872 ἁπλουστέρους
2650 1801 2748 1871 μὲν
2792 1801 2928 1854 ἰῶτα
2969 1800 3379 1865 ἀποκαλοῦντας
3401 1844 3416 1868 ,
3463 1819 3582 1854 σκοο

315 1896 428 1964 ﬁcit
458 1869 538 1950 sic
565 1895 744 1963 loqui,
776 1906 829 1947 ut
875 1895 1175 1963 intelligar;
1209 1906 1260 1946 ut
1293 1897 1356 1948 de
1395 1896 1684 1966 Scripturis
1712 1869 1883 1966 dispu-

2004 1890 2147 1955 λιοὺς
2170 1891 2226 1944 δὲ
2251 1893 2284 1956 ς
2325 1893 2358 1963 ἢ
2393 1893 2442 1958 ξ,
2483 1869 2595 1946 ’καὶ
2625 1869 2816 1956 ἄλλους
2855 1893 3064 1956 ἄλλως,
3089 1891 3270 1954 καθὼς
3301 1892 3580 1963 extensa-

319 1996 474 2054 tans,
501 1983 896 2052 Scripturarnm
923 1984 1099 2037 imiter
1137 1985 1552 2052 simplicitatem.
1588 1987 1764 2057 Atque
1801 1988 1897 2041 ite-

324 2092 441 2130 rum
471 2075 524 2128 iu
556 2074 802 2128 eamdem
835 2075 1156 2129 sententiam
1187 2074 1301 2130 ι]ωο
1349 2078 1509 2130 habet
1552 2079 1639 2148 (e)
1673 2094 1686 2131 :
1723 2079 1788 2132 In
1816 2096 1899 2132 ec-

321 2166 630 2219 clesiasticis
663 2164 812 2219 rebus
841 2181 944 2219 non
983 2173 1267 2236 quterentta
1307 2169 1459 2222 verba
1482 2210 1497 2235 ,
1542 2172 1632 2224 sed
1673 2187 1896 2238 sensus;

322 2257 377 2309 id
417 2269 530 2321 est,
572 2257 794 2323 panibus
834 2267 910 2310 est
957 2259 1059 2311 vita
1097 2262 1479 2327 sustentanda,
1527 2279 1629 2316 non
1669 2264 1896 2333 siliquis.

327 2347 517 2416 Itaque
540 2348 649 2402 sive
675 2357 887 2418 spectes
912 2349 1178 2406 versionis
1206 2353 1449 2422 esenipla
1477 2353 1897 2426 Hieronymiana

330 2441 494 2494 modo
537 2439 726 2504 allata,
782 2441 898 2495 sive
945 2442 1043 2496 hac
1085 2442 1201 2511 ipsa
1229 2444 1294 2498 de
1327 2459 1382 2498 re
1416 2445 1614 2515 placita
1659 2448 1898 2517 ejusdem

330 2534 510 2588 sancti
558 2533 848 2602 Doctoris;
887 2536 1140 2605 utrinque
1185 2537 1422 2593 arbitror
1467 2540 1719 2609 equidem
1769 2543 1901 2598 satis

320 2643 448 2682 esse
473 2637 806 2696 compertum
830 2667 844 2691 ,
873 2643 1046 2698 neque
1072 2629 1480 2699 improbandum
1504 2633 1728 2687 verbum
1757 2635 1903 2688 adia-

317 2735 438 2773 mus
468 2719 517 2773 in
545 2719 766 2774 Mouitls
786 2719 1186 2787 Pachomianis,
1212 2738 1389 2792 neque
1409 2735 1690 2794 propterea
1713 2741 1900 2782 eorum

319 2812 505 2866 versio
540 2811 868 2884 Iliemnymo
898 2812 1280 2884 abjudicanda.
1320 2817 1425 2872 Sed
1460 2818 1527 2873 ad
1562 2819 1899 2889 propositum

323 2904 633 2959 redeamus.

320 2995 414 3052 IV.
458 2996 534 3051 De
569 2996 848 3082 Pachumii
889 3000 1143 3082 Epistolis
1185 3004 1400 3082 ejusque
1440 3006 1741 3076 Alpbabeto
1788 3024 1905 3082 my;

602 3074 739 3122 stico
761 3111 776 3134 ,
814 3087 878 3124 ea:
908 3074 1178 3128 Gennadio
1207 3086 1253 3128 et
1282 3074 1589 3132 Sozomeno.

397 3154 631 3225 Scripsit
661 3167 918 3226 pra‘terea
950 3160 1296 3228 Pacliomius,
1319 3181 1384 3219 ex
1405 3166 1688 3222 Gennadio
1711 3169 1801 3239 (fj,
1833 3171 1902 3223 ad

321 3247 555 3316 collegas
595 3251 954 3318 pra’positum’
996 3270 1106 3307 sua:
1153 3255 1450 3324 Epistolas,
1496 3260 1550 3311 in
1579 3261 1763 3329 quibus
1808 3262 1900 3316 Al-

320 3340 615 3408 phabetum
649 3343 882 3410 mysticis
913 3354 1100 3397 tectum
1129 3351 1472 3403 sacramentis
1492 3390 1507 3414 ,
1536 3350 1675 3405 velut
1706 3353 1897 3407 huma-

323 3446 412 3483 nae
467 3431 861 3485 consuetudinis
912 3439 1162 3489 excedens
1211 3438 1646 3508 intelligentiam,
1688 3442 1896 3498 clausit.

323 3520 434 3573 Sed
459 3517 738 3575 Genuadio
767 3524 882 3578 ha'c
906 3525 1161 3579 scribenti
1184 3529 1468 3596 pra'iverat
1491 3533 1604 3600 ipse
1631 3532 1900 3606 interpres

326 3607 712 3680 Hieronymus,
743 3614 820 3668 sic
850 3614 1101 3682 inquiens
1128 3617 1200 3686 (g)
1228 3635 1242 3671 :
1270 3618 1428 3672 Aiunt
1453 3631 1625 3676 autem
1658 3623 1900 3690 Tltebazi,

321 3701 471 3770 quod
502 3701 785 3757 Pachomio
805 3734 875 3745 —
897 3707 1110 3775 angelus
1143 3709 1339 3778 lingua:
1371 3713 1600 3779 mysticw
1628 3717 1902 3769 scientiam

323 3791 573 3854 dederit,
607 3803 658 3845 ut
689 3796 973 3850 scriberent
1005 3797 1103 3851 sibi
1135 3809 1181 3852 et
1219 3799 1556 3869 loquerentur
1585 3821 1676 3871 per
1701 3805 1905 3876 Alpba-

526 3927 744 4009 llieron.
814 3933 991 4009 Divin.
1039 3936 1195 4009 Bibl.
1239 3954 1393 4009 pagg.
1445 3940 1535 4001 87,
1585 3943 1711 4000 387,
1760 3945 1890 4008 940,

334 3995 506 4082 ista,
528 3999 672 4082 opp.
708 4003 927 4082 tonui,
963 3995 1430 4082 e._m._t_m.'t35§fis.
1461 3995 1617 4066 1693.

412 4071 484 4134 to)
528 4069 600 4120 Id.
641 4073 800 4140 epist.
835 4074 930 4154 _58,
953 4077 1045 4160 τοι.
1091 4078 1194 4141 13,
1229 4079 1296 4131 ad
1326 4078 1569 4147 Paulin.,
1607 4082 1635 4155 §
1666 4087 1729 4150 9,
1777 4100 1896 4155 pag.

333 4137 477 4199 δεμ,
512 4147 641 4191 tum.
680 4140 729 4202 I.
761 4143 893 4198 edit.
923 4143 1124 4200 \eron.

412 4209 600 4288 lc)‘|_dA.
649 4211 739 4288 lib.
794 4229 899 4288 δεῖ,
949 4214 1150 4272 Comm.
1193 4221 1248 4274 in
1298 4219 1494 4278 Ezecft.
1527 4238 1626 4288 XL,
1674 4232 1801 4279 tom.
1839 4222 1902 4288 V,

335 4292 459 4346 pag.
491 4278 618 4343 472,
647 4283 777 4337 edit.
805 4281 1004 4339 Veron.

367 4435 1948 4466 .____________________________

1997 2000 2109 2038 νειν
2140 1984 2409 2054 εὐστόχως
2447 1984 2563 2037 ἐστὶ
2607 1985 2744 2056 πρὸς
2789 1985 2849 2037 τὸ
2899 1985 3084 2055 σχῆμα
3121 1981 3215 2036 τοῦ
3257 1983 3582 2054 γράμματος

1997 2073 2096 2144 τὴν
2128 2075 2450 2146 προαίρεσιν
2483 2075 2576 2128 τοῦ
2604 2076 2902 2145 τάγματος.
2933 2073 3071 2129 Ilinc
3099 2073 3328 2129 fortasse
3361 2074 3447 2127 lux
3482 2073 3583 2127 ali-

1999 2181 2103 2236 qua
2132 2166 2388 2236 Epistolis
2409 2166 2788 2222 Pachomianis
2813 2165 3057 2221 accedet.

2001 2278 2066 2334 ν.
2109 2278 2178 2334 1η
2218 2281 2532 2334 adornanda
2574 2278 3061 2332 Pachamianorum
3114 2281 3426 2348 scriptorum
3469 2279 3580 2333 edi-

2415 2350 2555 2402 tione
2582 2349 2818 2402 studium
2845 2349 3156 2406 adhibitum.

2069 2437 2240 2494 Porro
2288 2439 2576 2494 editionem
2639 2447 2884 2493 nostram
2932 2438 3210 2507 exegimus
3240 2438 3305 2491 ad
3351 2451 3580 2505 prunam

2002 2527 2407 2583 Holstenianam
2441 2527 2652 2583 Codicis
2678 2526 3001 2598 Regularum
3027 2525 3085 2582 S.
3122 2525 3394 2580 Benedicti
3425 2526 3583 2579 Ania-

2001 2619 2176 2674 nensis
2209 2617 2449 2686 abbatis,
2483 2632 2604 2687 quae
2634 2603 2821 2674 Romae
2851 2618 3052 2688 prodiit
3082 2634 3226 2672 anno
3260 2617 3418 2671 I66I.
3458 2615 3581 2670 Haec

2001 2712 2144 2766 enim
2180 2709 2348 2766 multo
2375 2719 2459 2766 est
2489 2710 2824 2765 emendatior
2861 2708 3155 2764 Parisiensi
3180 2750 3194 2772 ,
3243 2722 3386 2762 anno
3445 2706 3600 2761 I663.

2003 2803 2252 2874 evulgata
2275 2844 2290 2867 ,
2323 2811 2384 2858 ut
2412 2818 2477 2858 ex
2509 2802 2712 2858 nostris
2738 2800 2996 2872 subjectis
3025 2797 3584 2854 animadversionibus

2004 2903 2236 2950 constat.
2282 2893 2586 2948 Doctissimi
2623 2892 2850 2948 editoris
2899 2900 3055 2946 notas
3099 2904 3218 2960 quae
3260 2889 3326 2942 ad
3373 2886 3580 2941 calcem

2007 2993 2263 3045 exstant.
2319 2999 2525 3055 easque
2576 2983 2879 3054 prassertim
2927 2994 3064 3052 quas
3117 2987 3241 3049 post
3290 2977 3582 3032 editionem

2005 3080 2157 3133 suam
2188 3091 2256 3131 ex
2289 3078 2498 3132 duobus
2528 3075 2810 3130 codicibus
2855 3088 2986 3128 mss.
3021 3071 3284 3125 Vaticano
3312 3079 3365 3123 et
3393 3067 3584 3122 Cassi-

2009 3168 2160 3224 nensi
2193 3167 2528 3237 exprompsit
2563 3163 2903 3228 Holstenius,
2935 3161 3049 3217 suis
3099 3159 3405 3231 quibusque
3452 3157 3584 3212 locis

2007 3259 2327 3331 aptavimus.
2387 3256 2572 3325 Neque
2617 3253 2869 3308 Vallarsii
2906 3251 3286 3306 adnotationes
3357 3258 3586 3318 praeter-

2009 3355 2196 3418 iimus,
2220 3365 2356 3422 quas
2385 3350 2451 3404 Ἴ.
2480 3348 2542 3404 C.
2575 3350 2640 3402 ad
2662 3345 3023 3402 Pachomiana
3061 3342 3362 3398 litterarum
3397 3356 3588 3395 monu-

2009 3453 2190 3501 menta
2236 3444 2288 3498 in
2334 3441 2569 3497 secundo
2595 3433 3138 3509 Hieronymianorum
3169 3449 3392 3507 cperam
3426 3433 3585 3488 volu-

2007 3538 2152 3593 mine
2172 3533 2437 3606 apposuit.
2464 3533 2733 3601 Praecepta
2769 3532 2986 3586 demum
3019 3529 3314 3597 adiecimus
3339 3526 3582 3596 ejusdem
3692 3531 3708 3549 ‘

2009 3627 2179 3683 sancti
2203 3625 2508 3689 Pachumii,
2538 3639 2603 3679 ex
2636 3638 2737 3677 ms.
2766 3622 2953 3676 codice
2981 3620 3296 3674 Florentino
3319 3634 3347 3670 a
3377 3617 3589 3670 Bollan-

2010 3717 2188 3772 dianis
2214 3718 2268 3771 in
2301 3717 2478 3770 lucem
2509 3714 2707 3769 emissa
2755 3712 2815 3782 (i)
2844 3730 2858 3776 ;
2893 3711 3088 3780 quibus
3143 3699 3406 3780 praeterea
3453 3723 3584 3762 eru-

2012 3806 2264 3863 ditissimi
2295 3804 2603 3869 interpretis
2632 3802 3039 3857 observationes
3068 3800 3422 3853 sulnlidimus.

2097 3944 2152 4015 (Ι)
2175 3942 2396 4015 Hieron.
2419 3943 2578 4015 epist.
2601 3943 2680 4015 ,ἭΔ
2707 3940 2773 4015 al.
2904 3935 3381 4015 (ξάραηιαεηῇξι,
3398 3934 3582 4002 ι).1ϐϋ.

2109 4006 2171 4082 ε’)
2212 4013 2286 4067 Id.
2316 4006 2474 4082 epist.
2504 4013 2565 4065 2|
2589 4051 2605 4074 ,
2635 4011 2704 4064 al.
2729 4011 2877 4082 IIS,
2916 4009 2942 4079 §
2972 4011 3060 4070 4:2,
3087 4024 3212 4082 pag.
3245 4006 3335 4060 86.

2078 4078 2162 4156 (fl
2182 4078 2424 4156 gennad.
2445 4078 3048 4156 _Ds‘vir.‘illustr._gc:up.
3087 4078 3137 4130 7.

2193 4152 2412 4223 Hieron.
2444 4153 2506 4223 in_
2532 4150 2756 4223 Prtefat.
2791 4149 2861 4223 ad
2891 4145 3138 4200 l’acltom.
3167 4145 3382 4223 sublin.

2083 4217 2162 4294 (λ’)
2202 4221 2428 4294 Sozam.
2461 4220 2604 4294 Hist.
2649 4220 2778 4273 eccl.
2939 4233 2996 4270 III
3021 4256 3037 4280 ,
3069 4217 3308 4294 cap._II»_.

2080 4283 2155 4360 it)’
2182 4293 2301 4360 Act.
2348 4290 2448 4346 ss.
2485 4291 2608 4345 nm
2641 4301 2772 4344 ιοιιι.
2804 4287 2904 4354 III,
2939 4302 3092 4357 pagg.
3127 4287 3240 4352 62',
3278 4283 3401 4337 sic.

1963 4445 3561 4474 ——_—-——1——-—-——————————-—-———-——-—-—

1316 4575 1669 4689 VITA
1731 4575 1849 4686 S.
1924 4577 2182 4688 PAC
2209 4574 2618 4687 HOMII

1558 4733 1848 4788 ABBATIS
1887 4731 2388 4788 TABENNENSIS.

1209 4821 1336 4876 Vide
1367 4819 1684 4892 Patrologia:
1718 4821 1920 4877 Latina:
1976 4835 2107 4878 tom.
2139 4821 2374 4886 LXXIII,
2399 4822 2500 4875 col.
2533 4820 2659 4874 227.

1194 5056 1745 5172 REGULA
1837 5057 1954 5168 S.

2044 5055 2301 5168 PAC
2323 5056 2622 5168 HOM
2646 5057 2738 5166 ΙΙ

1459 5213 1516 5267 8.
1559 5211 1965 5268 IIIERONYMO
2007 5209 2468 5266 INTEBPRETE.

903 5301 1084 5355 Exstat
1116 5303 1258 5356 inter
1293 5303 1465 5372 Opera
1496 5301 1553 5358 S.
1591 5304 1926 5374 Hieronymi,
1955 5300 2278 5370 Patrologia:
2321 5300 2436 5354 Lat.
2471 5311 2599 5353 tom.
2630 5297 2820 5363 XXIII,
2847 5299 2948 5353 col.
2980 5298 3069 5352 62.

1709 5533 2250 5622 EJUSDEM

586 5671 900 5746 Praecepta
931 5671 989 5729 et
1014 5667 1326 5746 Instituta,
1355 5670 1669 5746 Praecepta
1701 5668 1760 5726 et
1782 5663 2040 5746 judicia,
2073 5663 2391 5746 Praecepta
2421 5666 2481 5720 et
2508 5658 2712 5735 leges,
2746 5657 3009 5732 Monita,
3043 5656 3337 5739 Epistolte

1675 5754 1735 5803 et
1769 5741 1954 5804 verba
1987 5741 2271 5820 mystica,

1024 5844 1150 5900 Vide
1186 5856 1322 5901 tomo
1353 5846 1533 5915 citato,
1569 5846 1670 5902 cal.
1699 5844 1898 5915 77-88,
1947 5861 2010 5899 ea;
2033 5843 2456 5914 interpretatione
2486 5841 2544 5897 S.
2595 5840 2925 5910 Hieronymi.
