  <div class='ocr_page' id='page_1' title='image "/cluster/home/n/w/nwhite01/storage/ocr_20150623/40/hvd.32044073501843/484.png"; bbox 0 0 3990 6210; ppageno 0'>
   <div class='ocr_carea' id='block_1_1' title="bbox 357 349 3618 405">
    <p class='ocr_par' dir='ltr' id='par_1_1' title="bbox 357 349 3618 405">
     <span class='ocr_line' id='line_1_1' title="bbox 357 349 3618 405; baseline -0.004 -8"><span class='ocrx_word' id='word_1_1' title='bbox 357 349 3618 405; x_wconf 61' lang='lat' dir='ltr'><em>W</em></span> 
     </span>
    </p>
   </div>
   <div class='ocr_carea' id='block_1_2' title="bbox 1630 615 2336 663">
    <p class='ocr_par' dir='ltr' id='par_1_2' title="bbox 1630 615 2336 663">
     <span class='ocr_line' id='line_1_2' title="bbox 1630 615 2336 663; baseline -0.01 0"><span class='ocrx_word' id='word_1_2' title='bbox 1630 618 1798 663; x_wconf 79' lang='lat' dir='ltr'><strong>ANNO</strong></span> <span class='ocrx_word' id='word_1_3' title='bbox 1840 615 2062 661; x_wconf 80' lang='lat' dir='ltr'><strong>DOMINI</strong></span> <span class='ocrx_word' id='word_1_4' title='bbox 2105 615 2336 659; x_wconf 78' lang='lat' dir='ltr'><strong>CCCLVI.</strong></span> 
     </span>
    </p>
   </div>
   <div class='ocr_carea' id='block_1_3' title="bbox 408 789 3536 1182">
    <p class='ocr_par' dir='ltr' id='par_1_3' title="bbox 408 789 3536 1182">
     <span class='ocr_line' id='line_1_3' title="bbox 408 789 3536 1182; baseline -0.007 -58"><span class='ocrx_word' id='word_1_5' title='bbox 408 950 582 1124; x_wconf 85' lang='lat' dir='ltr'><strong>s.</strong></span> <span class='ocrx_word' id='word_1_6' title='bbox 663 943 1760 1158; x_wconf 78' lang='lat' dir='ltr'><strong>ANTONIUS</strong></span> <span class='ocrx_word' id='word_1_7' title='bbox 1823 937 2715 1182; x_wconf 79' lang='lat' dir='ltr'><strong>MAGNUS</strong></span> <span class='ocrx_word' id='word_1_8' title='bbox 2779 789 3536 1111; x_wconf 80' lang='lat' dir='ltr'><strong>ABBAS.</strong></span> 
     </span>
    </p>
   </div>
   <div class='ocr_carea' id='block_1_4' title="bbox 1581 1441 2305 1558">
    <p class='ocr_par' dir='ltr' id='par_1_4' title="bbox 1581 1441 2305 1558">
     <span class='ocr_line' id='line_1_4' title="bbox 1581 1441 2305 1558; baseline -0.011 0"><span class='ocrx_word' id='word_1_9' title='bbox 1581 1527 1588 1531; x_wconf 62' lang='grc' dir='ltr'>ς</span> <span class='ocrx_word' id='word_1_10' title='bbox 1649 1441 2305 1558; x_wconf 89' lang='lat' dir='ltr'><strong>NOTlTlA.</strong></span> 
     </span>
    </p>
   </div>
   <div class='ocr_carea' id='block_1_5' title="bbox 934 1662 2956 1746">
    <p class='ocr_par' dir='ltr' id='par_1_5' title="bbox 934 1662 2956 1746">
     <span class='ocr_line' id='line_1_5' title="bbox 934 1662 2956 1746; baseline -0.005 -19"><span class='ocrx_word' id='word_1_11' title='bbox 934 1691 942 1701; x_wconf 58' lang='grc' dir='ltr'>θ</span> <span class='ocrx_word' id='word_1_12' title='bbox 1011 1668 1332 1746; x_wconf 64' lang='lat' dir='ltr'><strong>(Causam,</strong></span> <span class='ocrx_word' id='word_1_13' title='bbox 1375 1669 1616 1726; x_wconf 89' lang='lat' dir='ltr'><strong>Veterum</strong></span> <span class='ocrx_word' id='word_1_14' title='bbox 1652 1669 1878 1725; x_wconf 84' lang='lat' dir='ltr'><strong>Patrum</strong></span> <span class='ocrx_word' id='word_1_15' title='bbox 1914 1666 2195 1733; x_wconf 80' lang='lat' dir='ltr'><strong>Bibliotlt.,</strong></span> <span class='ocrx_word' id='word_1_16' title='bbox 2219 1674 2259 1720; x_wconf 91' lang='lat' dir='ltr'><strong>t.</strong></span> <span class='ocrx_word' id='word_1_17' title='bbox 2292 1665 2379 1733; x_wconf 85' lang='lat' dir='ltr'><strong>IV,</strong></span> <span class='ocrx_word' id='word_1_18' title='bbox 2412 1665 2649 1737; x_wconf 82' lang='lat' dir='ltr'><strong>Prolcg.,</strong></span> <span class='ocrx_word' id='word_1_19' title='bbox 2676 1682 2726 1735; x_wconf 82' lang='grc' dir='ltr'><strong>ι).</strong></span> <span class='ocrx_word' id='word_1_20' title='bbox 2764 1662 2956 1734; x_wconf 74' lang='lat' dir='ltr'><strong>um.)</strong></span> 
     </span>
    </p>
   </div>
   <div class='ocr_carea' id='block_1_6' title="bbox 494 1955 1786 2032">
    <p class='ocr_par' dir='ltr' id='par_1_6' title="bbox 494 1955 1786 2032">
     <span class='ocr_line' id='line_1_6' title="bbox 494 1955 1786 2032; baseline 0.005 -22"><span class='ocrx_word' id='word_1_21' title='bbox 494 1957 532 2013; x_wconf 92' lang='lat' dir='ltr'><strong>I.</strong></span> <span class='ocrx_word' id='word_1_22' title='bbox 575 1957 788 2012; x_wconf 82' lang='lat' dir='ltr'><strong>Antonii</strong></span> <span class='ocrx_word' id='word_1_23' title='bbox 836 1955 1013 2027; x_wconf 80' lang='lat' dir='ltr'><strong>Magni</strong></span> <span class='ocrx_word' id='word_1_24' title='bbox 1043 1965 1190 2027; x_wconf 87' lang='lat' dir='ltr'><strong>gesta</strong></span> <span class='ocrx_word' id='word_1_25' title='bbox 1225 1959 1450 2013; x_wconf 75' lang='lat' dir='ltr'><strong>strictim</strong></span> <span class='ocrx_word' id='word_1_26' title='bbox 1494 1963 1786 2032; x_wconf 85' lang='lat' dir='ltr'><strong>proposita.</strong></span> 
     </span>
    </p>
   </div>
   <div class='ocr_carea' id='block_1_7' title="bbox 419 2049 1935 2123">
    <p class='ocr_par' dir='ltr' id='par_1_7' title="bbox 419 2049 1935 2123">
     <span class='ocr_line' id='line_1_7' title="bbox 419 2049 1935 2123; baseline 0.003 -19"><span class='ocrx_word' id='word_1_27' title='bbox 419 2050 714 2104; x_wconf 84' lang='lat' dir='ltr'><strong>Antonium</strong></span> <span class='ocrx_word' id='word_1_28' title='bbox 759 2063 956 2118; x_wconf 84' lang='lat' dir='ltr'><strong>genere</strong></span> <span class='ocrx_word' id='word_1_29' title='bbox 1001 2049 1319 2121; x_wconf 70' lang='lat' dir='ltr'><strong>IEgyplium</strong></span> <span class='ocrx_word' id='word_1_30' title='bbox 1346 2091 1362 2118; x_wconf 97' lang='lat'><strong>,</strong></span> <span class='ocrx_word' id='word_1_31' title='bbox 1410 2065 1771 2123; x_wconf 84' lang='lat' dir='ltr'><strong>cognomento</strong></span> <span class='ocrx_word' id='word_1_32' title='bbox 1818 2054 1935 2109; x_wconf 83' lang='lat' dir='ltr'><strong>Ma-</strong></span> 
     </span>
    </p>
   </div>
   <div class='ocr_carea' id='block_1_8' title="bbox 348 2143 1935 2211">
    <p class='ocr_par' dir='ltr' id='par_1_8' title="bbox 348 2143 1935 2211">
     <span class='ocr_line' id='line_1_8' title="bbox 348 2143 1935 2211; baseline 0.005 -17"><span class='ocrx_word' id='word_1_33' title='bbox 348 2159 534 2210; x_wconf 78' lang='lat' dir='ltr'><strong>gnum,</strong></span> <span class='ocrx_word' id='word_1_34' title='bbox 575 2143 1172 2210; x_wconf 52' lang='lat' dir='ltr'><strong>vitaequemonasticaa</strong></span> <span class='ocrx_word' id='word_1_35' title='bbox 1230 2144 1635 2211; x_wconf 86' lang='lat' dir='ltr'><strong>institutorem,</strong></span> <span class='ocrx_word' id='word_1_36' title='bbox 1684 2145 1935 2202; x_wconf 79' lang='lat' dir='ltr'><strong>floruisse</strong></span> 
     </span>
    </p>
   </div>
   <div class='ocr_carea' id='block_1_9' title="bbox 353 2233 1937 2307">
    <p class='ocr_par' dir='ltr' id='par_1_9' title="bbox 353 2233 1937 2307">
     <span class='ocr_line' id='line_1_9' title="bbox 353 2233 1937 2307; baseline 0.004 -19"><span class='ocrx_word' id='word_1_37' title='bbox 353 2236 452 2288; x_wconf 85' lang='lat' dir='ltr'><strong>sub</strong></span> <span class='ocrx_word' id='word_1_38' title='bbox 499 2233 856 2290; x_wconf 87' lang='lat' dir='ltr'><strong>Constantino</strong></span> <span class='ocrx_word' id='word_1_39' title='bbox 904 2244 961 2290; x_wconf 90' lang='lat' dir='ltr'><strong>et</strong></span> <span class='ocrx_word' id='word_1_40' title='bbox 1003 2235 1126 2291; x_wconf 83' lang='lat' dir='ltr'><strong>ﬁliis</strong></span> <span class='ocrx_word' id='word_1_41' title='bbox 1172 2235 1290 2306; x_wconf 88' lang='lat' dir='ltr'><strong>ejus</strong></span> <span class='ocrx_word' id='word_1_42' title='bbox 1336 2238 1708 2307; x_wconf 87' lang='lat' dir='ltr'><strong>regnantibus,</strong></span> <span class='ocrx_word' id='word_1_43' title='bbox 1774 2241 1937 2294; x_wconf 87' lang='lat' dir='ltr'><strong>tradit</strong></span> 
     </span>
    </p>
   </div>
   <div class='ocr_carea' id='block_1_10' title="bbox 353 2323 1936 2399">
    <p class='ocr_par' dir='ltr' id='par_1_10' title="bbox 353 2323 1936 2399">
     <span class='ocr_line' id='line_1_10' title="bbox 353 2323 1936 2399; baseline 0.003 -20"><span class='ocrx_word' id='word_1_44' title='bbox 353 2323 410 2379; x_wconf 89' lang='lat' dir='ltr'><strong>S.</strong></span> <span class='ocrx_word' id='word_1_45' title='bbox 441 2325 798 2396; x_wconf 82' lang='lat' dir='ltr'><strong>Hieronymus</strong></span> <span class='ocrx_word' id='word_1_46' title='bbox 851 2327 950 2398; x_wconf 91' lang='lat' dir='ltr'><strong>(a).</strong></span> <span class='ocrx_word' id='word_1_47' title='bbox 995 2324 1109 2382; x_wconf 88' lang='lat' dir='ltr'><strong>Sub</strong></span> <span class='ocrx_word' id='word_1_48' title='bbox 1157 2327 1415 2399; x_wconf 81' lang='lat' dir='ltr'><strong>Dionysio</strong></span> <span class='ocrx_word' id='word_1_49' title='bbox 1463 2339 1642 2383; x_wconf 89' lang='lat' dir='ltr'><strong>autem</strong></span> <span class='ocrx_word' id='word_1_50' title='bbox 1689 2329 1936 2384; x_wconf 84' lang='lat' dir='ltr'><strong>antistite</strong></span> 
     </span>
    </p>
   </div>
   <div class='ocr_carea' id='block_1_11' title="bbox 347 2417 1936 2490">
    <p class='ocr_par' dir='ltr' id='par_1_11' title="bbox 347 2417 1936 2490">
     <span class='ocr_line' id='line_1_11' title="bbox 347 2417 1936 2490; baseline 0.003 -19"><span class='ocrx_word' id='word_1_51' title='bbox 347 2417 712 2472; x_wconf 79' lang='lat' dir='ltr'><strong>Alexandrino</strong></span> <span class='ocrx_word' id='word_1_52' title='bbox 744 2420 916 2487; x_wconf 88' lang='lat' dir='ltr'><strong>ipsum</strong></span> <span class='ocrx_word' id='word_1_53' title='bbox 950 2420 1000 2473; x_wconf 91' lang='lat' dir='ltr'><strong>in</strong></span> <span class='ocrx_word' id='word_1_54' title='bbox 1023 2433 1262 2474; x_wconf 90' lang='lat' dir='ltr'><strong>eremum</strong></span> <span class='ocrx_word' id='word_1_55' title='bbox 1303 2421 1594 2475; x_wconf 84' lang='lat' dir='ltr'><strong>secessisse</strong></span> <span class='ocrx_word' id='word_1_56' title='bbox 1621 2431 1782 2490; x_wconf 89' lang='lat' dir='ltr'><strong>atque</strong></span> <span class='ocrx_word' id='word_1_57' title='bbox 1814 2421 1936 2476; x_wconf 90' lang='lat' dir='ltr'><strong>inde</strong></span> 
     </span>
    </p>
   </div>
   <div class='ocr_carea' id='block_1_12' title="bbox 349 2508 1932 2576">
    <p class='ocr_par' dir='ltr' id='par_1_12' title="bbox 349 2508 1932 2576">
     <span class='ocr_line' id='line_1_12' title="bbox 349 2508 1932 2576; baseline 0.004 -14"><span class='ocrx_word' id='word_1_58' title='bbox 349 2509 743 2562; x_wconf 75' lang='lat' dir='ltr'><strong>anachoretica:</strong></span> <span class='ocrx_word' id='word_1_59' title='bbox 767 2508 890 2562; x_wconf 68' lang='lat' dir='ltr'><strong>vitae</strong></span> <span class='ocrx_word' id='word_1_60' title='bbox 916 2510 1122 2563; x_wconf 90' lang='lat' dir='ltr'><strong>initium</strong></span> <span class='ocrx_word' id='word_1_61' title='bbox 1148 2509 1386 2576; x_wconf 84' lang='lat' dir='ltr'><strong>dedisse,</strong></span> <span class='ocrx_word' id='word_1_62' title='bbox 1415 2512 1663 2567; x_wconf 87' lang='lat' dir='ltr'><strong>scribunt</strong></span> <span class='ocrx_word' id='word_1_63' title='bbox 1693 2511 1932 2568; x_wconf 86' lang='lat' dir='ltr'><strong>Elmaci-</strong></span> 
     </span>
    </p>
   </div>
   <div class='ocr_carea' id='block_1_13' title="bbox 351 2597 1936 2672">
    <p class='ocr_par' dir='ltr' id='par_1_13' title="bbox 351 2597 1936 2672">
     <span class='ocr_line' id='line_1_13' title="bbox 351 2597 1936 2672; baseline 0.004 -22"><span class='ocrx_word' id='word_1_64' title='bbox 351 2613 474 2663; x_wconf 88' lang='lat' dir='ltr'><strong>nus,</strong></span> <span class='ocrx_word' id='word_1_65' title='bbox 537 2597 828 2654; x_wconf 76' lang='lat' dir='ltr'><strong>Maltrisius</strong></span> <span class='ocrx_word' id='word_1_66' title='bbox 873 2608 931 2654; x_wconf 90' lang='lat' dir='ltr'><strong>et</strong></span> <span class='ocrx_word' id='word_1_67' title='bbox 979 2600 1116 2655; x_wconf 90' lang='lat' dir='ltr'><strong>alii:</strong></span> <span class='ocrx_word' id='word_1_68' title='bbox 1170 2615 1480 2671; x_wconf 87' lang='lat' dir='ltr'><strong>quanquam</strong></span> <span class='ocrx_word' id='word_1_69' title='bbox 1535 2603 1636 2656; x_wconf 89' lang='lat' dir='ltr'><strong>sub</strong></span> <span class='ocrx_word' id='word_1_70' title='bbox 1687 2600 1936 2672; x_wconf 87' lang='lat' dir='ltr'><strong>Philippo</strong></span> 
     </span>
    </p>
   </div>
   <div class='ocr_carea' id='block_1_14' title="bbox 358 2691 1930 2762">
    <p class='ocr_par' dir='ltr' id='par_1_14' title="bbox 358 2691 1930 2762">
     <span class='ocr_line' id='line_1_14' title="bbox 358 2691 1930 2762; baseline 0.003 -18"><span class='ocrx_word' id='word_1_71' title='bbox 358 2694 692 2758; x_wconf 71' lang='lat' dir='ltr'><strong>imperatore</strong></span> <span class='ocrx_word' id='word_1_72' title='bbox 750 2691 893 2746; x_wconf 90' lang='lat' dir='ltr'><strong>illius</strong></span> <span class='ocrx_word' id='word_1_73' title='bbox 939 2705 1210 2747; x_wconf 84' lang='lat' dir='ltr'><strong>secessum</strong></span> <span class='ocrx_word' id='word_1_74' title='bbox 1259 2691 1489 2748; x_wconf 90' lang='lat' dir='ltr'><strong>collocet</strong></span> <span class='ocrx_word' id='word_1_75' title='bbox 1526 2692 1930 2762; x_wconf 82' lang='lat' dir='ltr'><strong>Abuliaragius.</strong></span> 
     </span>
    </p>
   </div>
   <div class='ocr_carea' id='block_1_15' title="bbox 350 2783 1932 2856">
    <p class='ocr_par' dir='ltr' id='par_1_15' title="bbox 350 2783 1932 2856">
     <span class='ocr_line' id='line_1_15' title="bbox 350 2783 1932 2856; baseline 0.004 -22"><span class='ocrx_word' id='word_1_76' title='bbox 350 2793 409 2836; x_wconf 90' lang='lat' dir='ltr'><strong>ut</strong></span> <span class='ocrx_word' id='word_1_77' title='bbox 457 2786 711 2838; x_wconf 84' lang='lat' dir='ltr'><strong>observat</strong></span> <span class='ocrx_word' id='word_1_78' title='bbox 763 2784 832 2838; x_wconf 89' lang='lat' dir='ltr'><strong>cl.</strong></span> <span class='ocrx_word' id='word_1_79' title='bbox 888 2783 1261 2840; x_wconf 78' lang='lat' dir='ltr'><strong>Renaudotius</strong></span> <span class='ocrx_word' id='word_1_80' title='bbox 1307 2784 1404 2856; x_wconf 76' lang='grc' dir='ltr'><strong>(ὁ).</strong></span> <span class='ocrx_word' id='word_1_81' title='bbox 1459 2784 1701 2852; x_wconf 85' lang='lat' dir='ltr'><strong>Quorum</strong></span> <span class='ocrx_word' id='word_1_82' title='bbox 1754 2797 1932 2840; x_wconf 88' lang='lat' dir='ltr'><strong>tamen</strong></span> 
     </span>
    </p>
   </div>
   <div class='ocr_carea' id='block_1_16' title="bbox 349 2877 1933 2946">
    <p class='ocr_par' dir='ltr' id='par_1_16' title="bbox 349 2877 1933 2946">
     <span class='ocr_line' id='line_1_16' title="bbox 349 2877 1933 2946; baseline -0.001 -13"><span class='ocrx_word' id='word_1_83' title='bbox 349 2878 677 2946; x_wconf 89' lang='lat' dir='ltr'><strong>scriptorum</strong></span> <span class='ocrx_word' id='word_1_84' title='bbox 731 2877 927 2946; x_wconf 89' lang='lat' dir='ltr'><strong>placita</strong></span> <span class='ocrx_word' id='word_1_85' title='bbox 985 2893 1052 2930; x_wconf 81' lang='lat' dir='ltr'><strong>ex</strong></span> <span class='ocrx_word' id='word_1_86' title='bbox 1105 2877 1174 2933; x_wconf 90' lang='lat' dir='ltr'><strong>iis</strong></span> <span class='ocrx_word' id='word_1_87' title='bbox 1212 2879 1556 2933; x_wconf 86' lang='lat' dir='ltr'><strong>rel&#39;ormanda</strong></span> <span class='ocrx_word' id='word_1_88' title='bbox 1615 2888 1933 2942; x_wconf 87' lang='lat' dir='ltr'><strong>noscuntur,</strong></span> 
     </span>
    </p>
   </div>
   <div class='ocr_carea' id='block_1_17' title="bbox 350 2969 1936 3037">
    <p class='ocr_par' dir='ltr' id='par_1_17' title="bbox 350 2969 1936 3037">
     <span class='ocr_line' id='line_1_17' title="bbox 350 2969 1936 3037; baseline 0.003 -14"><span class='ocrx_word' id='word_1_89' title='bbox 350 2983 473 3037; x_wconf 74' lang='lat' dir='ltr'><strong>qua:</strong></span> <span class='ocrx_word' id='word_1_90' title='bbox 513 2970 578 3023; x_wconf 90' lang='lat' dir='ltr'><strong>de</strong></span> <span class='ocrx_word' id='word_1_91' title='bbox 607 2970 840 3024; x_wconf 86' lang='lat' dir='ltr'><strong>Antonio</strong></span> <span class='ocrx_word' id='word_1_92' title='bbox 882 2980 1070 3025; x_wconf 88' lang='lat' dir='ltr'><strong>nostro</strong></span> <span class='ocrx_word' id='word_1_93' title='bbox 1113 2970 1276 3026; x_wconf 87' lang='lat' dir='ltr'><strong>tradit</strong></span> <span class='ocrx_word' id='word_1_94' title='bbox 1313 2969 1372 3024; x_wconf 91' lang='lat' dir='ltr'><strong>S.</strong></span> <span class='ocrx_word' id='word_1_95' title='bbox 1408 2970 1759 3027; x_wconf 76' lang='lat' dir='ltr'><strong>Athanasius.</strong></span> <span class='ocrx_word' id='word_1_96' title='bbox 1792 2972 1936 3027; x_wconf 72' lang='lat' dir='ltr'><strong>Prae-</strong></span> 
     </span>
    </p>
   </div>
   <div class='ocr_carea' id='block_1_18' title="bbox 357 3060 1935 3132">
    <p class='ocr_par' dir='ltr' id='par_1_18' title="bbox 357 3060 1935 3132">
     <span class='ocr_line' id='line_1_18' title="bbox 357 3060 1935 3132; baseline 0.004 -19"><span class='ocrx_word' id='word_1_97' title='bbox 357 3061 497 3114; x_wconf 68' lang='lat' dir='ltr'><strong>tlara</strong></span> <span class='ocrx_word' id='word_1_98' title='bbox 525 3061 666 3114; x_wconf 90' lang='lat' dir='ltr'><strong>enim</strong></span> <span class='ocrx_word' id='word_1_99' title='bbox 698 3061 816 3128; x_wconf 87' lang='lat' dir='ltr'><strong>ejus</strong></span> <span class='ocrx_word' id='word_1_100' title='bbox 859 3072 1007 3130; x_wconf 82' lang='lat' dir='ltr'><strong>gesta</strong></span> <span class='ocrx_word' id='word_1_101' title='bbox 1063 3060 1261 3131; x_wconf 79' lang='lat' dir='ltr'><strong>insigni</strong></span> <span class='ocrx_word' id='word_1_102' title='bbox 1303 3061 1577 3115; x_wconf 81' lang='lat' dir='ltr'><strong>volumine</strong></span> <span class='ocrx_word' id='word_1_103' title='bbox 1618 3071 1935 3132; x_wconf 85' lang='lat' dir='ltr'><strong>prosecutus</strong></span> 
     </span>
    </p>
   </div>
   <div class='ocr_carea' id='block_1_19' title="bbox 356 3150 1939 3222">
    <p class='ocr_par' dir='ltr' id='par_1_19' title="bbox 356 3150 1939 3222">
     <span class='ocr_line' id='line_1_19' title="bbox 356 3150 1939 3222; baseline 0.003 -19"><span class='ocrx_word' id='word_1_104' title='bbox 356 3162 438 3206; x_wconf 78' lang='lat' dir='ltr'><strong>lSl</strong></span> <span class='ocrx_word' id='word_1_105' title='bbox 479 3167 706 3222; x_wconf 80' lang='lat' dir='ltr'><strong>magnus</strong></span> <span class='ocrx_word' id='word_1_106' title='bbox 738 3151 826 3205; x_wconf 85' lang='lat' dir='ltr'><strong>ille</strong></span> <span class='ocrx_word' id='word_1_107' title='bbox 860 3150 1240 3205; x_wconf 76' lang='lat' dir='ltr'><strong>Alexandrina:</strong></span> <span class='ocrx_word' id='word_1_108' title='bbox 1281 3151 1433 3206; x_wconf 84' lang='lat' dir='ltr'><strong>urbis</strong></span> <span class='ocrx_word' id='word_1_109' title='bbox 1454 3152 1760 3221; x_wconf 87' lang='lat' dir='ltr'><strong>episc0pus,</strong></span> <span class='ocrx_word' id='word_1_110' title='bbox 1811 3163 1939 3207; x_wconf 88' lang='lat' dir='ltr'><strong>tem-</strong></span> 
     </span>
    </p>
   </div>
   <div class='ocr_carea' id='block_1_20' title="bbox 356 3242 1936 3313">
    <p class='ocr_par' dir='ltr' id='par_1_20' title="bbox 356 3242 1936 3313">
     <span class='ocr_line' id='line_1_20' title="bbox 356 3242 1936 3313; baseline 0.004 -21"><span class='ocrx_word' id='word_1_111' title='bbox 356 3244 509 3312; x_wconf 74' lang='lat' dir='ltr'><strong>poris</strong></span> <span class='ocrx_word' id='word_1_112' title='bbox 539 3243 726 3297; x_wconf 80' lang='lat' dir='ltr'><strong>ordine</strong></span> <span class='ocrx_word' id='word_1_113' title='bbox 757 3242 943 3296; x_wconf 90' lang='lat' dir='ltr'><strong>sedulo</strong></span> <span class='ocrx_word' id='word_1_114' title='bbox 983 3242 1181 3311; x_wconf 91' lang='lat' dir='ltr'><strong>ubique</strong></span> <span class='ocrx_word' id='word_1_115' title='bbox 1222 3254 1458 3308; x_wconf 80' lang='lat' dir='ltr'><strong>servato,</strong></span> <span class='ocrx_word' id='word_1_116' title='bbox 1502 3254 1560 3296; x_wconf 94' lang='lat' dir='ltr'><strong>ut</strong></span> <span class='ocrx_word' id='word_1_117' title='bbox 1604 3244 1810 3313; x_wconf 88' lang='lat' dir='ltr'><strong>primus</strong></span> <span class='ocrx_word' id='word_1_118' title='bbox 1839 3244 1936 3298; x_wconf 87' lang='lat' dir='ltr'><strong>ad-</strong></span> 
     </span>
    </p>
   </div>
   <div class='ocr_carea' id='block_1_21' title="bbox 358 3314 2008 3404">
    <p class='ocr_par' dir='ltr' id='par_1_21' title="bbox 358 3314 2008 3404">
     <span class='ocr_line' id='line_1_21' title="bbox 358 3314 2008 3404; baseline 0.002 -18"><span class='ocrx_word' id='word_1_119' title='bbox 358 3336 522 3390; x_wconf 87' lang='lat' dir='ltr'><strong>vertit</strong></span> <span class='ocrx_word' id='word_1_120' title='bbox 573 3334 914 3388; x_wconf 90' lang='lat' dir='ltr'><strong>doctissimus</strong></span> <span class='ocrx_word' id='word_1_121' title='bbox 962 3331 1396 3390; x_wconf 84' lang='lat' dir='ltr'><strong>Monttauconius</strong></span> <span class='ocrx_word' id='word_1_122' title='bbox 1452 3335 1524 3404; x_wconf 86' lang='lat' dir='ltr'><strong>(c)</strong></span> <span class='ocrx_word' id='word_1_123' title='bbox 1563 3351 1577 3400; x_wconf 93' lang='lat'><strong>;</strong></span> <span class='ocrx_word' id='word_1_124' title='bbox 1626 3336 1934 3390; x_wconf 85' lang='lat' dir='ltr'><strong>sanctitatis</strong></span> <span class='ocrx_word' id='word_1_125' title='bbox 1965 3314 2008 3369; x_wconf 74' lang='grc' dir='ltr'><strong>Β</strong></span> 
     </span>
    </p>
   </div>
   <div class='ocr_carea' id='block_1_22' title="bbox 361 3425 1932 3496">
    <p class='ocr_par' dir='ltr' id='par_1_22' title="bbox 361 3425 1932 3496">
     <span class='ocr_line' id='line_1_22' title="bbox 361 3425 1932 3496; baseline 0.003 -19"><span class='ocrx_word' id='word_1_126' title='bbox 361 3441 488 3482; x_wconf 76' lang='lat' dir='ltr'><strong>vero</strong></span> <span class='ocrx_word' id='word_1_127' title='bbox 523 3442 626 3482; x_wconf 91' lang='lat' dir='ltr'><strong>non</strong></span> <span class='ocrx_word' id='word_1_128' title='bbox 654 3427 852 3491; x_wconf 69' lang='lat' dir='ltr'><strong>mitius,</strong></span> <span class='ocrx_word' id='word_1_129' title='bbox 913 3441 1074 3496; x_wconf 90' lang='lat' dir='ltr'><strong>quam</strong></span> <span class='ocrx_word' id='word_1_130' title='bbox 1107 3425 1434 3483; x_wconf 77' lang='lat' dir='ltr'><strong>Christianae</strong></span> <span class='ocrx_word' id='word_1_131' title='bbox 1461 3427 1582 3483; x_wconf 83' lang='lat' dir='ltr'><strong>ﬁdei</strong></span> <span class='ocrx_word' id='word_1_132' title='bbox 1614 3442 1683 3483; x_wconf 89' lang='lat' dir='ltr'><strong>ac</strong></span> <span class='ocrx_word' id='word_1_133' title='bbox 1711 3429 1932 3495; x_wconf 73' lang='lat' dir='ltr'><strong>religio-</strong></span> 
     </span>
    </p>
   </div>
   <div class='ocr_carea' id='block_1_23' title="bbox 353 3518 1933 3589">
    <p class='ocr_par' dir='ltr' id='par_1_23' title="bbox 353 3518 1933 3589">
     <span class='ocr_line' id='line_1_23' title="bbox 353 3518 1933 3589; baseline 0.003 -18"><span class='ocrx_word' id='word_1_134' title='bbox 353 3519 448 3572; x_wconf 88' lang='lat' dir='ltr'><strong>nis</strong></span> <span class='ocrx_word' id='word_1_135' title='bbox 497 3518 933 3572; x_wconf 86' lang='lat' dir='ltr'><strong>studiosissimus</strong></span> <span class='ocrx_word' id='word_1_136' title='bbox 989 3519 1073 3571; x_wconf 89' lang='lat' dir='ltr'><strong>vir</strong></span> <span class='ocrx_word' id='word_1_137' title='bbox 1132 3520 1352 3584; x_wconf 84' lang='lat' dir='ltr'><strong>beatus,</strong></span> <span class='ocrx_word' id='word_1_138' title='bbox 1425 3535 1740 3589; x_wconf 87' lang='lat' dir='ltr'><strong>supremum</strong></span> <span class='ocrx_word' id='word_1_139' title='bbox 1791 3523 1933 3576; x_wconf 89' lang='lat' dir='ltr'><strong>diem</strong></span> 
     </span>
    </p>
   </div>
   <div class='ocr_carea' id='block_1_24' title="bbox 360 3609 1649 3674">
    <p class='ocr_par' dir='ltr' id='par_1_24' title="bbox 360 3609 1649 3674">
     <span class='ocr_line' id='line_1_24' title="bbox 360 3609 1649 3674; baseline 0.002 -10"><span class='ocrx_word' id='word_1_140' title='bbox 360 3611 494 3664; x_wconf 83' lang='lat' dir='ltr'><strong>ohiit</strong></span> <span class='ocrx_word' id='word_1_141' title='bbox 525 3611 740 3663; x_wconf 91' lang='lat' dir='ltr'><strong>ineunte</strong></span> <span class='ocrx_word' id='word_1_142' title='bbox 765 3609 964 3664; x_wconf 87' lang='lat' dir='ltr'><strong>Christi</strong></span> <span class='ocrx_word' id='word_1_143' title='bbox 996 3625 1140 3665; x_wconf 89' lang='lat' dir='ltr'><strong>anno</strong></span> <span class='ocrx_word' id='word_1_144' title='bbox 1164 3610 1291 3674; x_wconf 75' lang='lat'><strong>556,</strong></span> <span class='ocrx_word' id='word_1_145' title='bbox 1326 3611 1503 3664; x_wconf 71' lang='lat' dir='ltr'><strong>aetatis</strong></span> <span class='ocrx_word' id='word_1_146' title='bbox 1525 3609 1649 3666; x_wconf 73' lang='grc'><strong>105.</strong></span> 
     </span>
    </p>
   </div>
   <div class='ocr_carea' id='block_1_25' title="bbox 363 3699 1936 3767">
    <p class='ocr_par' dir='ltr' id='par_1_25' title="bbox 363 3699 1936 3767">
     <span class='ocr_line' id='line_1_25' title="bbox 363 3699 1936 3767; baseline 0 -13"><span class='ocrx_word' id='word_1_147' title='bbox 363 3701 422 3754; x_wconf 93' lang='lat' dir='ltr'><strong>Il.</strong></span> <span class='ocrx_word' id='word_1_148' title='bbox 470 3699 636 3754; x_wconf 85' lang='lat' dir='ltr'><strong>Nulla</strong></span> <span class='ocrx_word' id='word_1_149' title='bbox 678 3702 974 3754; x_wconf 87' lang='lat' dir='ltr'><strong>litterarum</strong></span> <span class='ocrx_word' id='word_1_150' title='bbox 1011 3703 1228 3756; x_wconf 89' lang='lat' dir='ltr'><strong>scientia</strong></span> <span class='ocrx_word' id='word_1_151' title='bbox 1259 3701 1512 3767; x_wconf 85' lang='lat' dir='ltr'><strong>imbutus,</strong></span> <span class='ocrx_word' id='word_1_152' title='bbox 1548 3701 1752 3756; x_wconf 83' lang='lat' dir='ltr'><strong>divinas</strong></span> <span class='ocrx_word' id='word_1_153' title='bbox 1789 3701 1936 3758; x_wconf 87' lang='lat' dir='ltr'><strong>Scri-</strong></span> 
     </span>
    </p>
   </div>
   <div class='ocr_carea' id='block_1_26' title="bbox 426 3771 1862 3840">
    <p class='ocr_par' dir='ltr' id='par_1_26' title="bbox 426 3771 1862 3840">
     <span class='ocr_line' id='line_1_26' title="bbox 426 3771 1862 3840; baseline 0.001 -17"><span class='ocrx_word' id='word_1_154' title='bbox 426 3784 608 3840; x_wconf 81' lang='lat' dir='ltr'><strong>pturas</strong></span> <span class='ocrx_word' id='word_1_155' title='bbox 636 3773 827 3839; x_wconf 82' lang='lat' dir='ltr'><strong>optime</strong></span> <span class='ocrx_word' id='word_1_156' title='bbox 849 3771 1096 3826; x_wconf 79' lang='lat' dir='ltr'><strong>calluisse</strong></span> <span class='ocrx_word' id='word_1_157' title='bbox 1125 3772 1444 3840; x_wconf 85' lang='lat' dir='ltr'><strong>comperitur</strong></span> <span class='ocrx_word' id='word_1_158' title='bbox 1465 3773 1648 3826; x_wconf 83' lang='lat' dir='ltr'><strong>beatus</strong></span> <span class='ocrx_word' id='word_1_159' title='bbox 1683 3773 1862 3826; x_wconf 81' lang='lat' dir='ltr'><strong>abbas.</strong></span> 
     </span>
    </p>
   </div>
   <div class='ocr_carea' id='block_1_27' title="bbox 434 3859 1936 3930">
    <p class='ocr_par' dir='ltr' id='par_1_27' title="bbox 434 3859 1936 3930">
     <span class='ocr_line' id='line_1_27' title="bbox 434 3859 1936 3930; baseline 0 -16"><span class='ocrx_word' id='word_1_160' title='bbox 434 3859 619 3930; x_wconf 80' lang='lat' dir='ltr'><strong>Neque</strong></span> <span class='ocrx_word' id='word_1_161' title='bbox 645 3862 852 3928; x_wconf 83' lang='lat' dir='ltr'><strong>scriptis</strong></span> <span class='ocrx_word' id='word_1_162' title='bbox 891 3861 1021 3924; x_wconf 83' lang='lat' dir='ltr'><strong>suis,</strong></span> <span class='ocrx_word' id='word_1_163' title='bbox 1059 3877 1219 3930; x_wconf 85' lang='lat' dir='ltr'><strong>neque</strong></span> <span class='ocrx_word' id='word_1_164' title='bbox 1251 3859 1432 3929; x_wconf 88' lang='lat' dir='ltr'><strong>gentili</strong></span> <span class='ocrx_word' id='word_1_165' title='bbox 1460 3861 1743 3930; x_wconf 81' lang='lat' dir='ltr'><strong>sapientia,</strong></span> <span class='ocrx_word' id='word_1_166' title='bbox 1775 3877 1936 3930; x_wconf 89' lang='lat' dir='ltr'><strong>neque</strong></span> 
     </span>
    </p>
   </div>
   <div class='ocr_carea' id='block_1_28' title="bbox 361 3952 1934 4021">
    <p class='ocr_par' dir='ltr' id='par_1_28' title="bbox 361 3952 1934 4021">
     <span class='ocr_line' id='line_1_28' title="bbox 361 3952 1934 4021; baseline -0.001 -15"><span class='ocrx_word' id='word_1_167' title='bbox 361 3964 475 4006; x_wconf 86' lang='lat' dir='ltr'><strong>arte</strong></span> <span class='ocrx_word' id='word_1_168' title='bbox 505 3967 811 4021; x_wconf 86' lang='lat' dir='ltr'><strong>quacunque</strong></span> <span class='ocrx_word' id='word_1_169' title='bbox 856 3952 1104 4005; x_wconf 85' lang='lat' dir='ltr'><strong>inclaruit</strong></span> <span class='ocrx_word' id='word_1_170' title='bbox 1130 3952 1417 4018; x_wconf 84' lang='lat' dir='ltr'><strong>Antonius,</strong></span> <span class='ocrx_word' id='word_1_171' title='bbox 1452 3962 1510 4005; x_wconf 92' lang='lat' dir='ltr'><strong>ut</strong></span> <span class='ocrx_word' id='word_1_172' title='bbox 1537 3953 1727 4006; x_wconf 81' lang='lat' dir='ltr'><strong>scribit</strong></span> <span class='ocrx_word' id='word_1_173' title='bbox 1758 3953 1934 4007; x_wconf 85' lang='lat' dir='ltr'><strong>Atha-</strong></span> 
     </span>
    </p>
   </div>
   <div class='ocr_carea' id='block_1_29' title="bbox 363 4041 1936 4112">
    <p class='ocr_par' dir='ltr' id='par_1_29' title="bbox 363 4041 1936 4112">
     <span class='ocr_line' id='line_1_29' title="bbox 363 4041 1936 4112; baseline 0.001 -16"><span class='ocrx_word' id='word_1_174' title='bbox 363 4043 548 4096; x_wconf 88' lang='lat' dir='ltr'><strong>nasius</strong></span> <span class='ocrx_word' id='word_1_175' title='bbox 582 4043 680 4112; x_wconf 92' lang='lat' dir='ltr'><strong>(d).</strong></span> <span class='ocrx_word' id='word_1_176' title='bbox 734 4041 931 4097; x_wconf 82' lang='lat' dir='ltr'><strong>Verum</strong></span> <span class='ocrx_word' id='word_1_177' title='bbox 971 4043 1221 4112; x_wconf 83' lang='lat' dir='ltr'><strong>quamvis</strong></span> <span class='ocrx_word' id='word_1_178' title='bbox 1271 4043 1417 4096; x_wconf 88' lang='lat' dir='ltr'><strong>nulla</strong></span> <span class='ocrx_word' id='word_1_179' title='bbox 1469 4045 1690 4098; x_wconf 86' lang='lat' dir='ltr'><strong>scientia</strong></span> <span class='ocrx_word' id='word_1_180' title='bbox 1732 4045 1936 4098; x_wconf 85' lang='lat' dir='ltr'><strong>littera-</strong></span> 
     </span>
    </p>
   </div>
   <div class='ocr_carea' id='block_1_30' title="bbox 364 4130 1936 4201">
    <p class='ocr_par' dir='ltr' id='par_1_30' title="bbox 364 4130 1936 4201">
     <span class='ocr_line' id='line_1_30' title="bbox 364 4130 1936 4201; baseline -0.003 -16"><span class='ocrx_word' id='word_1_181' title='bbox 364 4149 479 4186; x_wconf 88' lang='lat' dir='ltr'><strong>rum</strong></span> <span class='ocrx_word' id='word_1_182' title='bbox 513 4132 675 4186; x_wconf 79' lang='lat' dir='ltr'><strong>fuerit</strong></span> <span class='ocrx_word' id='word_1_183' title='bbox 729 4132 1002 4196; x_wconf 88' lang='lat' dir='ltr'><strong>imbutus,</strong></span> <span class='ocrx_word' id='word_1_184' title='bbox 1059 4130 1362 4201; x_wconf 85' lang='lat' dir='ltr'><strong>Scripturas</strong></span> <span class='ocrx_word' id='word_1_185' title='bbox 1417 4139 1596 4184; x_wconf 89' lang='lat' dir='ltr'><strong>tamen</strong></span> <span class='ocrx_word' id='word_1_186' title='bbox 1651 4130 1857 4183; x_wconf 84' lang='lat' dir='ltr'><strong>diuinas</strong></span> <span class='ocrx_word' id='word_1_187' title='bbox 1886 4138 1936 4183; x_wconf 86' lang='lat' dir='ltr'><strong>et</strong></span> 
     </span>
    </p>
   </div>
   <div class='ocr_carea' id='block_1_31' title="bbox 364 4221 1935 4291">
    <p class='ocr_par' dir='ltr' id='par_1_31' title="bbox 364 4221 1935 4291">
     <span class='ocr_line' id='line_1_31' title="bbox 364 4221 1935 4291; baseline -0.004 -11"><span class='ocrx_word' id='word_1_188' title='bbox 364 4225 664 4280; x_wconf 85' lang='lat' dir='ltr'><strong>memoriter</strong></span> <span class='ocrx_word' id='word_1_189' title='bbox 687 4223 950 4274; x_wconf 82' lang='lat' dir='ltr'><strong>audienda</strong></span> <span class='ocrx_word' id='word_1_190' title='bbox 984 4223 1232 4286; x_wconf 82' lang='lat' dir='ltr'><strong>tenuisse,</strong></span> <span class='ocrx_word' id='word_1_191' title='bbox 1259 4232 1308 4274; x_wconf 90' lang='lat' dir='ltr'><strong>et</strong></span> <span class='ocrx_word' id='word_1_192' title='bbox 1343 4221 1626 4291; x_wconf 81' lang='lat' dir='ltr'><strong>prudenter</strong></span> <span class='ocrx_word' id='word_1_193' title='bbox 1659 4221 1935 4290; x_wconf 83' lang='lat' dir='ltr'><strong>cogitando</strong></span> 
     </span>
    </p>
   </div>
   <div class='ocr_carea' id='block_1_32' title="bbox 365 4309 1936 4382">
    <p class='ocr_par' dir='ltr' id='par_1_32' title="bbox 365 4309 1936 4382">
     <span class='ocr_line' id='line_1_32' title="bbox 365 4309 1936 4382; baseline -0.005 -12"><span class='ocrx_word' id='word_1_194' title='bbox 365 4315 683 4370; x_wconf 77' lang='lat' dir='ltr'><strong>intellexisse</strong></span> <span class='ocrx_word' id='word_1_195' title='bbox 709 4313 1048 4382; x_wconf 66' lang='lat' dir='ltr'><strong>praedicatur,</strong></span> <span class='ocrx_word' id='word_1_196' title='bbox 1088 4322 1308 4366; x_wconf 84' lang='lat' dir='ltr'><strong>auctore</strong></span> <span class='ocrx_word' id='word_1_197' title='bbox 1331 4313 1631 4382; x_wconf 71' lang='lat' dir='ltr'><strong>Augusuuo</strong></span> <span class='ocrx_word' id='word_1_198' title='bbox 1655 4313 1746 4381; x_wconf 76' lang='grc' dir='ltr'>(ρ).</span> <span class='ocrx_word' id='word_1_199' title='bbox 1784 4309 1936 4376; x_wconf 84' lang='lat' dir='ltr'><strong>Quod</strong></span> 
     </span>
    </p>
   </div>
   <div class='ocr_carea' id='block_1_33' title="bbox 365 4401 1934 4476">
    <p class='ocr_par' dir='ltr' id='par_1_33' title="bbox 365 4401 1934 4476">
     <span class='ocr_line' id='line_1_33' title="bbox 365 4401 1934 4476; baseline -0.004 -19"><span class='ocrx_word' id='word_1_200' title='bbox 365 4407 580 4476; x_wconf 82' lang='lat' dir='ltr'><strong>quidem</strong></span> <span class='ocrx_word' id='word_1_201' title='bbox 616 4404 747 4456; x_wconf 87' lang='lat' dir='ltr'><strong>satis</strong></span> <span class='ocrx_word' id='word_1_202' title='bbox 805 4401 1104 4455; x_wconf 85' lang='lat' dir='ltr'><strong>luculenter</strong></span> <span class='ocrx_word' id='word_1_203' title='bbox 1145 4411 1432 4463; x_wconf 88' lang='lat' dir='ltr'><strong>testantur,</strong></span> <span class='ocrx_word' id='word_1_204' title='bbox 1481 4415 1600 4469; x_wconf 76' lang='lat' dir='ltr'><strong>qua:</strong></span> <span class='ocrx_word' id='word_1_205' title='bbox 1643 4402 1934 4454; x_wconf 88' lang='lat' dir='ltr'><strong>etiamnum</strong></span> 
     </span>
    </p>
   </div>
   <div class='ocr_carea' id='block_1_34' title="bbox 366 4487 1937 4562">
    <p class='ocr_par' dir='ltr' id='par_1_34' title="bbox 366 4487 1937 4562">
     <span class='ocr_line' id='line_1_34' title="bbox 366 4487 1937 4562; baseline -0.003 -17"><span class='ocrx_word' id='word_1_206' title='bbox 366 4499 622 4562; x_wconf 74' lang='lat' dir='ltr'><strong>superant</strong></span> <span class='ocrx_word' id='word_1_207' title='bbox 655 4490 767 4542; x_wconf 87' lang='lat' dir='ltr'><strong>sive</strong></span> <span class='ocrx_word' id='word_1_208' title='bbox 797 4489 863 4542; x_wconf 92' lang='lat' dir='ltr'><strong>ab</strong></span> <span class='ocrx_word' id='word_1_209' title='bbox 913 4503 977 4541; x_wconf 90' lang='lat' dir='ltr'><strong>eo</strong></span> <span class='ocrx_word' id='word_1_210' title='bbox 1025 4489 1219 4542; x_wconf 79' lang='lat' dir='ltr'><strong>litteris</strong></span> <span class='ocrx_word' id='word_1_211' title='bbox 1260 4489 1532 4548; x_wconf 89' lang='lat' dir='ltr'><strong>mandata,</strong></span> <span class='ocrx_word' id='word_1_212' title='bbox 1577 4487 1690 4541; x_wconf 87' lang='lat' dir='ltr'><strong>sive</strong></span> <span class='ocrx_word' id='word_1_213' title='bbox 1722 4488 1789 4540; x_wconf 88' lang='lat' dir='ltr'><strong>ab</strong></span> <span class='ocrx_word' id='word_1_214' title='bbox 1816 4488 1937 4540; x_wconf 88' lang='lat' dir='ltr'><strong>aliis</strong></span> 
     </span>
    </p>
   </div>
   <div class='ocr_carea' id='block_1_35' title="bbox 367 4577 1934 4646">
    <p class='ocr_par' dir='ltr' id='par_1_35' title="bbox 367 4577 1934 4646">
     <span class='ocr_line' id='line_1_35' title="bbox 367 4577 1934 4646; baseline -0.002 -13"><span class='ocrx_word' id='word_1_215' title='bbox 367 4594 430 4633; x_wconf 78' lang='lat' dir='ltr'><strong>ex</strong></span> <span class='ocrx_word' id='word_1_216' title='bbox 474 4593 571 4633; x_wconf 90' lang='lat' dir='ltr'><strong>ore</strong></span> <span class='ocrx_word' id='word_1_217' title='bbox 626 4577 742 4646; x_wconf 89' lang='lat' dir='ltr'><strong>ejus</strong></span> <span class='ocrx_word' id='word_1_218' title='bbox 784 4586 1007 4646; x_wconf 82' lang='lat' dir='ltr'><strong>excepta</strong></span> <span class='ocrx_word' id='word_1_219' title='bbox 1064 4577 1383 4633; x_wconf 75' lang='lat' dir='ltr'><strong>Christiana:</strong></span> <span class='ocrx_word' id='word_1_220' title='bbox 1424 4577 1684 4631; x_wconf 80' lang='lat' dir='ltr'><strong>doctrina:</strong></span> <span class='ocrx_word' id='word_1_221' title='bbox 1740 4592 1934 4630; x_wconf 87' lang='lat' dir='ltr'><strong>monu-</strong></span> 
     </span>
    </p>
   </div>
   <div class='ocr_carea' id='block_1_36' title="bbox 1960 1951 3614 2032">
    <p class='ocr_par' dir='ltr' id='par_1_36' title="bbox 1960 1951 3614 2032">
     <span class='ocr_line' id='line_1_36' title="bbox 1960 1951 3614 2032; baseline -0.007 -16"><span class='ocrx_word' id='word_1_222' title='bbox 1960 1964 2157 2032; x_wconf 69' lang='lat' dir='ltr'><strong>Aquis</strong></span> <span class='ocrx_word' id='word_1_223' title='bbox 2198 1961 2322 2030; x_wconf 90' lang='lat' dir='ltr'><strong>jure</strong></span> <span class='ocrx_word' id='word_1_224' title='bbox 2382 1957 2693 2030; x_wconf 83' lang='lat' dir='ltr'><strong>putaverit,</strong></span> <span class='ocrx_word' id='word_1_225' title='bbox 2761 1954 3072 2026; x_wconf 83' lang='lat' dir='ltr'><strong>siquidem,</strong></span> <span class='ocrx_word' id='word_1_226' title='bbox 3122 1963 3181 2008; x_wconf 90' lang='lat' dir='ltr'><strong>ut</strong></span> <span class='ocrx_word' id='word_1_227' title='bbox 3239 1955 3314 2008; x_wconf 85' lang='lat' dir='ltr'><strong>ait</strong></span> <span class='ocrx_word' id='word_1_228' title='bbox 3363 1951 3614 2022; x_wconf 77' lang='lat' dir='ltr'><strong>Augusti‘</strong></span> 
     </span>
    </p>
   </div>
   <div class='ocr_carea' id='block_1_37' title="bbox 2038 2045 3615 2124">
    <p class='ocr_par' dir='ltr' id='par_1_37' title="bbox 2038 2045 3615 2124">
     <span class='ocr_line' id='line_1_37' title="bbox 2038 2045 3615 2124; baseline -0.008 -16"><span class='ocrx_word' id='word_1_229' title='bbox 2038 2068 2140 2108; x_wconf 91' lang='lat' dir='ltr'><strong>nus</strong></span> <span class='ocrx_word' id='word_1_230' title='bbox 2168 2052 2265 2124; x_wconf 89' lang='lat' dir='ltr'><strong>(g),</strong></span> <span class='ocrx_word' id='word_1_231' title='bbox 2307 2054 2564 2106; x_wconf 82' lang='lat' dir='ltr'><strong>bonorum</strong></span> <span class='ocrx_word' id='word_1_232' title='bbox 2587 2048 2916 2119; x_wconf 80' lang='lat' dir='ltr'><strong>ingeniorum</strong></span> <span class='ocrx_word' id='word_1_233' title='bbox 2947 2049 3168 2116; x_wconf 80' lang='lat' dir='ltr'><strong>insignis</strong></span> <span class='ocrx_word' id='word_1_234' title='bbox 3199 2058 3272 2101; x_wconf 87' lang='lat' dir='ltr'><strong>est</strong></span> <span class='ocrx_word' id='word_1_235' title='bbox 3307 2045 3535 2102; x_wconf 85' lang='lat' dir='ltr'><strong>indoles.</strong></span> <span class='ocrx_word' id='word_1_236' title='bbox 3560 2045 3615 2096; x_wconf 90' lang='lat' dir='ltr'><strong>in</strong></span> 
     </span>
    </p>
   </div>
   <div class='ocr_carea' id='block_1_38' title="bbox 2035 2139 3615 2206">
    <p class='ocr_par' dir='ltr' id='par_1_38' title="bbox 2035 2139 3615 2206">
     <span class='ocr_line' id='line_1_38' title="bbox 2035 2139 3615 2206; baseline -0.008 -7"><span class='ocrx_word' id='word_1_237' title='bbox 2035 2145 2204 2200; x_wconf 87' lang='lat' dir='ltr'><strong>uerbis</strong></span> <span class='ocrx_word' id='word_1_238' title='bbox 2235 2160 2417 2198; x_wconf 84' lang='lat' dir='ltr'><strong>verum</strong></span> <span class='ocrx_word' id='word_1_239' title='bbox 2464 2158 2667 2206; x_wconf 89' lang='lat' dir='ltr'><strong>amare,</strong></span> <span class='ocrx_word' id='word_1_240' title='bbox 2720 2157 2822 2194; x_wconf 91' lang='lat' dir='ltr'><strong>non</strong></span> <span class='ocrx_word' id='word_1_241' title='bbox 2878 2141 3051 2192; x_wconf 79' lang='lat' dir='ltr'><strong>verba.</strong></span> <span class='ocrx_word' id='word_1_242' title='bbox 3111 2139 3318 2205; x_wconf 83' lang='lat' dir='ltr'><strong>Quibus</strong></span> <span class='ocrx_word' id='word_1_243' title='bbox 3371 2148 3615 2190; x_wconf 84' lang='lat' dir='ltr'><strong>veterum</strong></span> 
     </span>
    </p>
   </div>
   <div class='ocr_carea' id='block_1_39' title="bbox 2036 2231 3614 2299">
    <p class='ocr_par' dir='ltr' id='par_1_39' title="bbox 2036 2231 3614 2299">
     <span class='ocr_line' id='line_1_39' title="bbox 2036 2231 3614 2299; baseline -0.008 -7"><span class='ocrx_word' id='word_1_244' title='bbox 2036 2237 2325 2292; x_wconf 89' lang='lat' dir='ltr'><strong>sententiis</strong></span> <span class='ocrx_word' id='word_1_245' title='bbox 2351 2247 2405 2290; x_wconf 91' lang='lat' dir='ltr'><strong>et</strong></span> <span class='ocrx_word' id='word_1_246' title='bbox 2439 2235 2567 2289; x_wconf 90' lang='lat' dir='ltr'><strong>illud</strong></span> <span class='ocrx_word' id='word_1_247' title='bbox 2599 2235 2700 2288; x_wconf 88' lang='lat' dir='ltr'><strong>hac</strong></span> <span class='ocrx_word' id='word_1_248' title='bbox 2726 2235 2792 2288; x_wconf 91' lang='lat' dir='ltr'><strong>de</strong></span> <span class='ocrx_word' id='word_1_249' title='bbox 2820 2249 2877 2287; x_wconf 92' lang='lat' dir='ltr'><strong>re</strong></span> <span class='ocrx_word' id='word_1_250' title='bbox 2910 2232 3172 2299; x_wconf 67' lang='lat' dir='ltr'><strong>praeclare</strong></span> <span class='ocrx_word' id='word_1_251' title='bbox 3203 2231 3404 2285; x_wconf 91' lang='lat' dir='ltr'><strong>dictum</strong></span> <span class='ocrx_word' id='word_1_252' title='bbox 3437 2244 3466 2282; x_wconf 89' lang='lat' dir='ltr'><strong>a</strong></span> <span class='ocrx_word' id='word_1_253' title='bbox 3504 2243 3614 2281; x_wconf 82' lang='lat' dir='ltr'><strong>ma-</strong></span> 
     </span>
    </p>
   </div>
   <div class='ocr_carea' id='block_1_40' title="bbox 2036 2320 3614 2398">
    <p class='ocr_par' dir='ltr' id='par_1_40' title="bbox 2036 2320 3614 2398">
     <span class='ocr_line' id='line_1_40' title="bbox 2036 2320 3614 2398; baseline -0.006 -17"><span class='ocrx_word' id='word_1_254' title='bbox 2036 2344 2140 2398; x_wconf 87' lang='lat' dir='ltr'><strong>gno</strong></span> <span class='ocrx_word' id='word_1_255' title='bbox 2171 2327 2427 2382; x_wconf 60' lang='lat' dir='ltr'><strong>Ecclesia</strong></span> <span class='ocrx_word' id='word_1_256' title='bbox 2457 2326 2732 2380; x_wconf 90' lang='lat' dir='ltr'><strong>annalium</strong></span> <span class='ocrx_word' id='word_1_257' title='bbox 2781 2334 3006 2393; x_wconf 87' lang='lat' dir='ltr'><strong>parente</strong></span> <span class='ocrx_word' id='word_1_258' title='bbox 3053 2324 3255 2376; x_wconf 88' lang='lat' dir='ltr'><strong>addere</strong></span> <span class='ocrx_word' id='word_1_259' title='bbox 3302 2321 3443 2375; x_wconf 88' lang='lat' dir='ltr'><strong>haud</strong></span> <span class='ocrx_word' id='word_1_260' title='bbox 3485 2320 3614 2372; x_wconf 84' lang='lat' dir='ltr'><strong>alie-</strong></span> 
     </span>
    </p>
   </div>
   <div class='ocr_carea' id='block_1_41' title="bbox 2039 2409 3614 2488">
    <p class='ocr_par' dir='ltr' id='par_1_41' title="bbox 2039 2409 3614 2488">
     <span class='ocr_line' id='line_1_41' title="bbox 2039 2409 3614 2488; baseline -0.007 -15"><span class='ocrx_word' id='word_1_261' title='bbox 2039 2437 2166 2474; x_wconf 90' lang='lat' dir='ltr'><strong>num</strong></span> <span class='ocrx_word' id='word_1_262' title='bbox 2202 2435 2232 2472; x_wconf 90' lang='lat' dir='ltr'><strong>a</strong></span> <span class='ocrx_word' id='word_1_263' title='bbox 2274 2417 2553 2488; x_wconf 87' lang='lat' dir='ltr'><strong>proposito</strong></span> <span class='ocrx_word' id='word_1_264' title='bbox 2597 2426 2786 2470; x_wconf 92' lang='lat' dir='ltr'><strong>nostro</strong></span> <span class='ocrx_word' id='word_1_265' title='bbox 2823 2416 3058 2468; x_wconf 79' lang='lat' dir='ltr'><strong>fortasse</strong></span> <span class='ocrx_word' id='word_1_266' title='bbox 3091 2412 3254 2467; x_wconf 82' lang='lat' dir='ltr'><strong>fuerit</strong></span> <span class='ocrx_word' id='word_1_267' title='bbox 3293 2410 3370 2480; x_wconf 75' lang='lat' dir='ltr'><strong>(It)</strong></span> <span class='ocrx_word' id='word_1_268' title='bbox 3401 2430 3414 2465; x_wconf 90' lang='lat'><strong>:</strong></span> <span class='ocrx_word' id='word_1_269' title='bbox 3468 2409 3614 2464; x_wconf 83' lang='lat' dir='ltr'><strong>Sicut</strong></span> 
     </span>
    </p>
   </div>
   <div class='ocr_carea' id='block_1_42' title="bbox 2037 2503 3615 2582">
    <p class='ocr_par' dir='ltr' id='par_1_42' title="bbox 2037 2503 3615 2582">
     <span class='ocr_line' id='line_1_42' title="bbox 2037 2503 3615 2582; baseline -0.008 -16"><span class='ocrx_word' id='word_1_270' title='bbox 2037 2513 2306 2582; x_wconf 72' lang='lat' dir='ltr'><strong>effossum,</strong></span> <span class='ocrx_word' id='word_1_271' title='bbox 2332 2511 2428 2574; x_wconf 84' lang='lat' dir='ltr'><strong>ait,</strong></span> <span class='ocrx_word' id='word_1_272' title='bbox 2454 2511 2680 2576; x_wconf 76' lang='lat' dir='ltr'><strong>informe</strong></span> <span class='ocrx_word' id='word_1_273' title='bbox 2706 2523 2895 2561; x_wconf 88' lang='lat' dir='ltr'><strong>aurum</strong></span> <span class='ocrx_word' id='word_1_274' title='bbox 2923 2516 2970 2560; x_wconf 90' lang='lat' dir='ltr'><strong>et</strong></span> <span class='ocrx_word' id='word_1_275' title='bbox 2996 2505 3126 2558; x_wconf 82' lang='lat' dir='ltr'><strong>rude</strong></span> <span class='ocrx_word' id='word_1_276' title='bbox 3151 2520 3208 2557; x_wconf 88' lang='lat' dir='ltr'><strong>eo</strong></span> <span class='ocrx_word' id='word_1_277' title='bbox 3253 2503 3464 2556; x_wconf 83' lang='lat' dir='ltr'><strong>charius</strong></span> <span class='ocrx_word' id='word_1_278' title='bbox 3507 2516 3615 2554; x_wconf 84' lang='lat' dir='ltr'><strong>esse</strong></span> 
     </span>
    </p>
   </div>
   <div class='ocr_carea' id='block_1_43' title="bbox 2035 2594 3614 2673">
    <p class='ocr_par' dir='ltr' id='par_1_43' title="bbox 2035 2594 3614 2673">
     <span class='ocr_line' id='line_1_43' title="bbox 2035 2594 3614 2673; baseline -0.008 -15"><span class='ocrx_word' id='word_1_279' title='bbox 2035 2605 2187 2668; x_wconf 89' lang='lat' dir='ltr'><strong>solet,</strong></span> <span class='ocrx_word' id='word_1_280' title='bbox 2241 2603 2379 2673; x_wconf 88' lang='lat' dir='ltr'><strong>quod</strong></span> <span class='ocrx_word' id='word_1_281' title='bbox 2433 2601 2566 2655; x_wconf 85' lang='lat' dir='ltr'><strong>nihil</strong></span> <span class='ocrx_word' id='word_1_282' title='bbox 2615 2600 2857 2654; x_wconf 81' lang='lat' dir='ltr'><strong>videatur</strong></span> <span class='ocrx_word' id='word_1_283' title='bbox 2907 2597 3125 2651; x_wconf 86' lang='lat' dir='ltr'><strong>alterius</strong></span> <span class='ocrx_word' id='word_1_284' title='bbox 3181 2594 3377 2648; x_wconf 85' lang='lat' dir='ltr'><strong>metalli</strong></span> <span class='ocrx_word' id='word_1_285' title='bbox 3428 2594 3614 2646; x_wconf 82' lang='lat' dir='ltr'><strong>habere</strong></span> 
     </span>
    </p>
   </div>
   <div class='ocr_carea' id='block_1_44' title="bbox 2037 2689 3614 2759">
    <p class='ocr_par' dir='ltr' id='par_1_44' title="bbox 2037 2689 3614 2759">
     <span class='ocr_line' id='line_1_44' title="bbox 2037 2689 3614 2759; baseline -0.007 -11"><span class='ocrx_word' id='word_1_286' title='bbox 2037 2697 2366 2748; x_wconf 88' lang='lat' dir='ltr'><strong>commistum</strong></span> <span class='ocrx_word' id='word_1_287' title='bbox 2393 2709 2411 2747; x_wconf 92' lang='lat'><strong><em>:</em></strong></span> <span class='ocrx_word' id='word_1_288' title='bbox 2442 2693 2515 2747; x_wconf 85' lang='lat' dir='ltr'><strong>ita</strong></span> <span class='ocrx_word' id='word_1_289' title='bbox 2550 2692 2684 2746; x_wconf 90' lang='lat' dir='ltr'><strong>tanti</strong></span> <span class='ocrx_word' id='word_1_290' title='bbox 2707 2691 3024 2759; x_wconf 77' lang='lat' dir='ltr'><strong>confessoris</strong></span> <span class='ocrx_word' id='word_1_291' title='bbox 3062 2689 3268 2756; x_wconf 85' lang='lat' dir='ltr'><strong>egregia</strong></span> <span class='ocrx_word' id='word_1_292' title='bbox 3309 2700 3614 2738; x_wconf 88' lang='lat' dir='ltr'><strong>monumen-</strong></span> 
     </span>
    </p>
   </div>
   <div class='ocr_carea' id='block_1_45' title="bbox 2038 2778 3614 2854">
    <p class='ocr_par' dir='ltr' id='par_1_45' title="bbox 2038 2778 3614 2854">
     <span class='ocr_line' id='line_1_45' title="bbox 2038 2778 3614 2854; baseline -0.008 -13"><span class='ocrx_word' id='word_1_293' title='bbox 2038 2797 2120 2853; x_wconf 88' lang='lat' dir='ltr'><strong>ta,</strong></span> <span class='ocrx_word' id='word_1_294' title='bbox 2160 2803 2256 2840; x_wconf 86' lang='lat' dir='ltr'><strong>sua</strong></span> <span class='ocrx_word' id='word_1_295' title='bbox 2297 2786 2466 2854; x_wconf 86' lang='lat' dir='ltr'><strong>ipsius</strong></span> <span class='ocrx_word' id='word_1_296' title='bbox 2500 2793 2753 2838; x_wconf 84' lang='lat' dir='ltr'><strong>uetustate</strong></span> <span class='ocrx_word' id='word_1_297' title='bbox 2783 2793 2939 2851; x_wconf 86' lang='lat' dir='ltr'><strong>atque</strong></span> <span class='ocrx_word' id='word_1_298' title='bbox 2970 2779 3302 2846; x_wconf 87' lang='lat' dir='ltr'><strong>simplicitate</strong></span> <span class='ocrx_word' id='word_1_299' title='bbox 3343 2778 3614 2840; x_wconf 89' lang='lat' dir='ltr'><strong>micantia,</strong></span> 
     </span>
    </p>
   </div>
   <div class='ocr_carea' id='block_1_46' title="bbox 2035 2865 3615 2948">
    <p class='ocr_par' dir='ltr' id='par_1_46' title="bbox 2035 2865 3615 2948">
     <span class='ocr_line' id='line_1_46' title="bbox 2035 2865 3615 2948; baseline -0.01 -17"><span class='ocrx_word' id='word_1_300' title='bbox 2035 2879 2223 2948; x_wconf 81' lang='lat' dir='ltr'><strong>quibus</strong></span> <span class='ocrx_word' id='word_1_301' title='bbox 2247 2893 2327 2931; x_wconf 88' lang='lat' dir='ltr'><strong>res</strong></span> <span class='ocrx_word' id='word_1_302' title='bbox 2366 2875 2540 2944; x_wconf 86' lang='lat' dir='ltr'><strong>potius</strong></span> <span class='ocrx_word' id='word_1_303' title='bbox 2581 2890 2738 2944; x_wconf 84' lang='lat' dir='ltr'><strong>quam</strong></span> <span class='ocrx_word' id='word_1_304' title='bbox 2784 2873 2937 2926; x_wconf 82' lang='lat' dir='ltr'><strong>verba</strong></span> <span class='ocrx_word' id='word_1_305' title='bbox 2970 2871 3024 2924; x_wconf 90' lang='lat' dir='ltr'><strong>in</strong></span> <span class='ocrx_word' id='word_1_306' title='bbox 3059 2869 3222 2938; x_wconf 86' lang='lat' dir='ltr'><strong>pretio</strong></span> <span class='ocrx_word' id='word_1_307' title='bbox 3261 2883 3372 2920; x_wconf 86' lang='lat' dir='ltr'><strong>esse</strong></span> <span class='ocrx_word' id='word_1_308' title='bbox 3411 2865 3615 2927; x_wconf 85' lang='lat' dir='ltr'><strong>solent,</strong></span> 
     </span>
    </p>
   </div>
   <div class='ocr_carea' id='block_1_47' title="bbox 2036 2957 3616 3040">
    <p class='ocr_par' dir='ltr' id='par_1_47' title="bbox 2036 2957 3616 3040">
     <span class='ocr_line' id='line_1_47' title="bbox 2036 2957 3616 3040; baseline -0.009 -17"><span class='ocrx_word' id='word_1_309' title='bbox 2036 2969 2274 3040; x_wconf 86' lang='lat' dir='ltr'><strong>gratiora</strong></span> <span class='ocrx_word' id='word_1_310' title='bbox 2301 2968 2454 3036; x_wconf 88' lang='lat' dir='ltr'><strong>plane</strong></span> <span class='ocrx_word' id='word_1_311' title='bbox 2485 2975 2638 3018; x_wconf 86' lang='lat' dir='ltr'><strong>erunt</strong></span> <span class='ocrx_word' id='word_1_312' title='bbox 2663 2971 2822 3032; x_wconf 89' lang='lat' dir='ltr'><strong>atque</strong></span> <span class='ocrx_word' id='word_1_313' title='bbox 2842 2961 3173 3031; x_wconf 86' lang='lat' dir='ltr'><strong>jucundiora</strong></span> <span class='ocrx_word' id='word_1_314' title='bbox 3211 2957 3392 3028; x_wconf 88' lang='lat' dir='ltr'><strong>quovis</strong></span> <span class='ocrx_word' id='word_1_315' title='bbox 3423 2957 3616 3019; x_wconf 81' lang='lat' dir='ltr'><strong>scripta</strong></span> 
     </span>
    </p>
   </div>
   <div class='ocr_carea' id='block_1_48' title="bbox 2039 3050 3612 3125">
    <p class='ocr_par' dir='ltr' id='par_1_48' title="bbox 2039 3050 3612 3125">
     <span class='ocr_line' id='line_1_48' title="bbox 2039 3050 3612 3125; baseline -0.01 -9"><span class='ocrx_word' id='word_1_316' title='bbox 2039 3061 2338 3116; x_wconf 85' lang='lat' dir='ltr'><strong>recentioris</strong></span> <span class='ocrx_word' id='word_1_317' title='bbox 2364 3059 2616 3122; x_wconf 86' lang='lat' dir='ltr'><strong>auctoris,</strong></span> <span class='ocrx_word' id='word_1_318' title='bbox 2660 3056 3054 3125; x_wconf 87' lang='lat' dir='ltr'><strong>quibuscunque</strong></span> <span class='ocrx_word' id='word_1_319' title='bbox 3087 3052 3397 3120; x_wconf 79' lang='lat' dir='ltr'><strong>eloquentia:</strong></span> <span class='ocrx_word' id='word_1_320' title='bbox 3432 3050 3612 3116; x_wconf 80' lang='lat' dir='ltr'><strong>phale-</strong></span> 
     </span>
    </p>
   </div>
   <div class='ocr_carea' id='block_1_49' title="bbox 2039 3142 3623 3220">
    <p class='ocr_par' dir='ltr' id='par_1_49' title="bbox 2039 3142 3623 3220">
     <span class='ocr_line' id='line_1_49' title="bbox 2039 3142 3623 3220; baseline -0.01 -13"><span class='ocrx_word' id='word_1_321' title='bbox 2039 3156 2115 3208; x_wconf 91' lang='lat' dir='ltr'><strong>ris</strong></span> <span class='ocrx_word' id='word_1_322' title='bbox 2154 3162 2456 3207; x_wconf 78' lang='lat' dir='ltr'><strong>exornato:</strong></span> <span class='ocrx_word' id='word_1_323' title='bbox 2495 3148 2748 3220; x_wconf 84' lang='lat' dir='ltr'><strong>quidquid</strong></span> <span class='ocrx_word' id='word_1_324' title='bbox 2795 3146 2930 3200; x_wconf 87' lang='lat' dir='ltr'><strong>enim</strong></span> <span class='ocrx_word' id='word_1_325' title='bbox 2981 3143 3259 3197; x_wconf 88' lang='lat' dir='ltr'><strong>obducitur</strong></span> <span class='ocrx_word' id='word_1_326' title='bbox 3293 3142 3413 3209; x_wconf 81' lang='lat' dir='ltr'><strong>fuco</strong></span> <span class='ocrx_word' id='word_1_327' title='bbox 3465 3151 3623 3209; x_wconf 83' lang='lat' dir='ltr'><strong>atque</strong></span> 
     </span>
    </p>
   </div>
   <div class='ocr_carea' id='block_1_50' title="bbox 2038 3234 3624 3320">
    <p class='ocr_par' dir='ltr' id='par_1_50' title="bbox 2038 3234 3624 3320">
     <span class='ocr_line' id='line_1_50' title="bbox 2038 3234 3624 3320; baseline -0.008 -22"><span class='ocrx_word' id='word_1_328' title='bbox 2038 3247 2331 3316; x_wconf 87' lang='lat' dir='ltr'><strong>pigmentis,</strong></span> <span class='ocrx_word' id='word_1_329' title='bbox 2393 3252 2687 3310; x_wconf 80' lang='lat' dir='ltr'><strong>suspectum</strong></span> <span class='ocrx_word' id='word_1_330' title='bbox 2749 3239 3018 3320; x_wconf 61' lang='lat' dir='ltr'><strong>redditur,</strong></span> <span class='ocrx_word' id='word_1_331' title='bbox 3057 3234 3425 3305; x_wconf 84' lang='lat' dir='ltr'><strong>pulchriorque</strong></span> <span class='ocrx_word' id='word_1_332' title='bbox 3458 3236 3624 3286; x_wconf 77' lang='lat' dir='ltr'><strong>enite-</strong></span> 
     </span>
    </p>
   </div>
   <div class='ocr_carea' id='block_1_51' title="bbox 2036 3325 3616 3406">
    <p class='ocr_par' dir='ltr' id='par_1_51' title="bbox 2036 3325 3616 3406">
     <span class='ocr_line' id='line_1_51' title="bbox 2036 3325 3616 3406; baseline -0.01 -14"><span class='ocrx_word' id='word_1_333' title='bbox 2036 3339 2131 3392; x_wconf 86' lang='lat' dir='ltr'><strong>scit</strong></span> <span class='ocrx_word' id='word_1_334' title='bbox 2158 3339 2272 3406; x_wconf 86' lang='lat' dir='ltr'><strong>ipsa</strong></span> <span class='ocrx_word' id='word_1_335' title='bbox 2301 3337 2386 3389; x_wconf 85' lang='lat' dir='ltr'><strong>sui</strong></span> <span class='ocrx_word' id='word_1_336' title='bbox 2417 3335 2646 3405; x_wconf 89' lang='lat' dir='ltr'><strong>puritate</strong></span> <span class='ocrx_word' id='word_1_337' title='bbox 2691 3330 3003 3396; x_wconf 83' lang='lat' dir='ltr'><strong>simplicitas</strong></span> <span class='ocrx_word' id='word_1_338' title='bbox 3030 3345 3048 3393; x_wconf 79' lang='lat'><strong>,&#39;</strong></span> <span class='ocrx_word' id='word_1_339' title='bbox 3091 3342 3208 3398; x_wconf 77' lang='lat' dir='ltr'><strong>qua:</strong></span> <span class='ocrx_word' id='word_1_340' title='bbox 3244 3328 3384 3395; x_wconf 89' lang='lat' dir='ltr'><strong>quod</strong></span> <span class='ocrx_word' id='word_1_341' title='bbox 3414 3325 3616 3378; x_wconf 88' lang='lat' dir='ltr'><strong>mentirt</strong></span> 
     </span>
    </p>
   </div>
   <div class='ocr_carea' id='block_1_52' title="bbox 2037 3415 3628 3494">
    <p class='ocr_par' dir='ltr' id='par_1_52' title="bbox 2037 3415 3628 3494">
     <span class='ocr_line' id='line_1_52' title="bbox 2037 3415 3628 3494; baseline -0.008 -15"><span class='ocrx_word' id='word_1_342' title='bbox 2037 3427 2252 3490; x_wconf 85' lang='lat' dir='ltr'><strong>nesciat,</strong></span> <span class='ocrx_word' id='word_1_343' title='bbox 2284 3441 2434 3478; x_wconf 79' lang='lat' dir='ltr'><strong>omne</strong></span> <span class='ocrx_word' id='word_1_344' title='bbox 2472 3421 2709 3494; x_wconf 86' lang='lat' dir='ltr'><strong>quamvis</strong></span> <span class='ocrx_word' id='word_1_345' title='bbox 2756 3419 2824 3473; x_wconf 91' lang='lat' dir='ltr'><strong>ad</strong></span> <span class='ocrx_word' id='word_1_346' title='bbox 2861 3427 3108 3471; x_wconf 88' lang='lat' dir='ltr'><strong>ornatum</strong></span> <span class='ocrx_word' id='word_1_347' title='bbox 3152 3415 3496 3484; x_wconf 86' lang='lat' dir='ltr'><strong>compositum</strong></span> <span class='ocrx_word' id='word_1_348' title='bbox 3545 3429 3628 3467; x_wconf 79' lang='lat' dir='ltr'><strong>ve-</strong></span> 
     </span>
    </p>
   </div>
   <div class='ocr_carea' id='block_1_53' title="bbox 2035 3513 2620 3570">
    <p class='ocr_par' dir='ltr' id='par_1_53' title="bbox 2035 3513 2620 3570">
     <span class='ocr_line' id='line_1_53' title="bbox 2035 3513 2620 3570; baseline -0.005 -2"><span class='ocrx_word' id='word_1_349' title='bbox 2035 3517 2321 3570; x_wconf 88' lang='lat' dir='ltr'><strong>lamentum</strong></span> <span class='ocrx_word' id='word_1_350' title='bbox 2354 3513 2620 3567; x_wconf 80' lang='lat' dir='ltr'><strong>abhorret.</strong></span> 
     </span>
    </p>
   </div>
   <div class='ocr_carea' id='block_1_54' title="bbox 2036 3592 3616 3671">
    <p class='ocr_par' dir='ltr' id='par_1_54' title="bbox 2036 3592 3616 3671">
     <span class='ocr_line' id='line_1_54' title="bbox 2036 3592 3616 3671; baseline -0.009 -10"><span class='ocrx_word' id='word_1_351' title='bbox 2036 3607 2122 3661; x_wconf 92' lang='lat' dir='ltr'><strong>lll.</strong></span> <span class='ocrx_word' id='word_1_352' title='bbox 2191 3607 2446 3671; x_wconf 79' lang='lat' dir='ltr'><strong>Quamam</strong></span> <span class='ocrx_word' id='word_1_353' title='bbox 2499 3602 2765 3669; x_wconf 84' lang='lat' dir='ltr'><strong>scripserit</strong></span> <span class='ocrx_word' id='word_1_354' title='bbox 2821 3599 2880 3655; x_wconf 92' lang='lat' dir='ltr'><strong>S.</strong></span> <span class='ocrx_word' id='word_1_355' title='bbox 2944 3600 3125 3671; x_wconf 69' lang='lat' dir='ltr'><strong>Pater,</strong></span> <span class='ocrx_word' id='word_1_356' title='bbox 3193 3599 3491 3663; x_wconf 75' lang='lat' dir='ltr'><strong>exponitur.</strong></span> <span class='ocrx_word' id='word_1_357' title='bbox 3552 3592 3616 3647; x_wconf 84' lang='lat' dir='ltr'><strong>Et</strong></span> 
     </span>
    </p>
   </div>
   <div class='ocr_carea' id='block_1_55' title="bbox 2272 3669 3370 3744">
    <p class='ocr_par' dir='ltr' id='par_1_55' title="bbox 2272 3669 3370 3744">
     <span class='ocr_line' id='line_1_55' title="bbox 2272 3669 3370 3744; baseline -0.005 -18"><span class='ocrx_word' id='word_1_358' title='bbox 2272 3678 2438 3744; x_wconf 82' lang='lat' dir='ltr'><strong>prima</strong></span> <span class='ocrx_word' id='word_1_359' title='bbox 2477 3676 2540 3725; x_wconf 86' lang='lat' dir='ltr'><strong>de</strong></span> <span class='ocrx_word' id='word_1_360' title='bbox 2584 3673 2730 3725; x_wconf 89' lang='lat' dir='ltr'><strong>illius</strong></span> <span class='ocrx_word' id='word_1_361' title='bbox 2769 3669 3126 3724; x_wconf 84' lang='lat' dir='ltr'><strong>Sermonibus</strong></span> <span class='ocrx_word' id='word_1_362' title='bbox 3173 3671 3370 3736; x_wconf 85' lang='lat' dir='ltr'><strong>agitur.</strong></span> 
     </span>
    </p>
   </div>
   <div class='ocr_carea' id='block_1_56' title="bbox 2105 3753 3616 3824">
    <p class='ocr_par' dir='ltr' id='par_1_56' title="bbox 2105 3753 3616 3824">
     <span class='ocr_line' id='line_1_56' title="bbox 2105 3753 3616 3824; baseline -0.008 -8"><span class='ocrx_word' id='word_1_363' title='bbox 2105 3762 2223 3817; x_wconf 82' lang='lat' dir='ltr'><strong>Jam</strong></span> <span class='ocrx_word' id='word_1_364' title='bbox 2255 3777 2402 3824; x_wconf 88' lang='lat' dir='ltr'><strong>vero,</strong></span> <span class='ocrx_word' id='word_1_365' title='bbox 2436 3769 2493 3812; x_wconf 90' lang='lat' dir='ltr'><strong>ut</strong></span> <span class='ocrx_word' id='word_1_366' title='bbox 2523 3761 2654 3813; x_wconf 87' lang='lat' dir='ltr'><strong>tanti</strong></span> <span class='ocrx_word' id='word_1_367' title='bbox 2702 3759 2878 3812; x_wconf 87' lang='lat' dir='ltr'><strong>Patris</strong></span> <span class='ocrx_word' id='word_1_368' title='bbox 2917 3757 3115 3823; x_wconf 86' lang='lat' dir='ltr'><strong>scripta</strong></span> <span class='ocrx_word' id='word_1_369' title='bbox 3156 3770 3276 3824; x_wconf 74' lang='lat' dir='ltr'><strong>qnte</strong></span> <span class='ocrx_word' id='word_1_370' title='bbox 3314 3753 3491 3807; x_wconf 90' lang='lat' dir='ltr'><strong>adhuc</strong></span> <span class='ocrx_word' id='word_1_371' title='bbox 3529 3767 3616 3806; x_wconf 84' lang='lat' dir='ltr'><strong>su-</strong></span> 
     </span>
    </p>
   </div>
   <div class='ocr_carea' id='block_1_57' title="bbox 2037 3842 3613 3920">
    <p class='ocr_par' dir='ltr' id='par_1_57' title="bbox 2037 3842 3613 3920">
     <span class='ocr_line' id='line_1_57' title="bbox 2037 3842 3613 3920; baseline -0.006 -15"><span class='ocrx_word' id='word_1_372' title='bbox 2037 3857 2280 3920; x_wconf 89' lang='lat' dir='ltr'><strong>persunt,</strong></span> <span class='ocrx_word' id='word_1_373' title='bbox 2333 3848 2643 3900; x_wconf 81' lang='lat' dir='ltr'><strong>summatim</strong></span> <span class='ocrx_word' id='word_1_374' title='bbox 2705 3859 3132 3907; x_wconf 78' lang='lat' dir='ltr'><strong>recenseamus,</strong></span> <span class='ocrx_word' id='word_1_375' title='bbox 3190 3845 3422 3912; x_wconf 89' lang='lat' dir='ltr'><strong>primum</strong></span> <span class='ocrx_word' id='word_1_376' title='bbox 3472 3842 3613 3896; x_wconf 89' lang='lat' dir='ltr'><strong>sisti-</strong></span> 
     </span>
    </p>
   </div>
   <div class='ocr_carea' id='block_1_58' title="bbox 2039 3933 3616 4006">
    <p class='ocr_par' dir='ltr' id='par_1_58' title="bbox 2039 3933 3616 4006">
     <span class='ocr_line' id='line_1_58' title="bbox 2039 3933 3616 4006; baseline -0.004 -12"><span class='ocrx_word' id='word_1_377' title='bbox 2039 3956 2158 3994; x_wconf 89' lang='lat' dir='ltr'><strong>tnus</strong></span> <span class='ocrx_word' id='word_1_378' title='bbox 2183 3939 2300 4006; x_wconf 85' lang='lat' dir='ltr'><strong>ejus</strong></span> <span class='ocrx_word' id='word_1_379' title='bbox 2353 3938 2671 4000; x_wconf 88' lang='lat' dir='ltr'><strong>Sermones;</strong></span> <span class='ocrx_word' id='word_1_380' title='bbox 2711 3951 2849 4005; x_wconf 90' lang='lat' dir='ltr'><strong>quos</strong></span> <span class='ocrx_word' id='word_1_381' title='bbox 2877 3935 3017 3989; x_wconf 87' lang='lat' dir='ltr'><strong>inter</strong></span> <span class='ocrx_word' id='word_1_382' title='bbox 3053 3933 3299 4003; x_wconf 71' lang='lat' dir='ltr'><strong>principe</strong></span> <span class='ocrx_word' id='word_1_383' title='bbox 3329 3949 3459 3988; x_wconf 88' lang='lat' dir='ltr'><strong>sane</strong></span> <span class='ocrx_word' id='word_1_384' title='bbox 3501 3934 3616 3988; x_wconf 83' lang='grc' dir='ltr'><strong>Ιο‹·ο</strong></span> 
     </span>
    </p>
   </div>
   <div class='ocr_carea' id='block_1_59' title="bbox 2036 4027 3615 4101">
    <p class='ocr_par' dir='ltr' id='par_1_59' title="bbox 2036 4027 3615 4101">
     <span class='ocr_line' id='line_1_59' title="bbox 2036 4027 3615 4101; baseline -0.006 -13"><span class='ocrx_word' id='word_1_385' title='bbox 2036 4032 2228 4101; x_wconf 83' lang='lat' dir='ltr'><strong>dignus</strong></span> <span class='ocrx_word' id='word_1_386' title='bbox 2257 4027 2670 4092; x_wconf 81' lang='lat' dir='ltr'><strong>existimandus,</strong></span> <span class='ocrx_word' id='word_1_387' title='bbox 2700 4041 2858 4095; x_wconf 82' lang='lat' dir='ltr'><strong>quem</strong></span> <span class='ocrx_word' id='word_1_388' title='bbox 2903 4027 3058 4081; x_wconf 77' lang='lat' dir='ltr'><strong>nobis</strong></span> <span class='ocrx_word' id='word_1_389' title='bbox 3106 4027 3347 4080; x_wconf 77' lang='lat' dir='ltr'><strong>servavit</strong></span> <span class='ocrx_word' id='word_1_390' title='bbox 3390 4041 3615 4095; x_wconf 86' lang='lat' dir='ltr'><strong>magnus</strong></span> 
     </span>
    </p>
   </div>
   <div class='ocr_carea' id='block_1_60' title="bbox 2035 4115 3616 4189">
    <p class='ocr_par' dir='ltr' id='par_1_60' title="bbox 2035 4115 3616 4189">
     <span class='ocr_line' id='line_1_60' title="bbox 2035 4115 3616 4189; baseline -0.004 -13"><span class='ocrx_word' id='word_1_391' title='bbox 2035 4120 2370 4176; x_wconf 85' lang='lat' dir='ltr'><strong>Athanasius</strong></span> <span class='ocrx_word' id='word_1_392' title='bbox 2396 4120 2483 4189; x_wconf 75' lang='lat' dir='ltr'><strong>ti).</strong></span> <span class='ocrx_word' id='word_1_393' title='bbox 2527 4115 2581 4170; x_wconf 90' lang='lat' dir='ltr'><strong>ln</strong></span> <span class='ocrx_word' id='word_1_394' title='bbox 2610 4133 2676 4172; x_wconf 91' lang='lat' dir='ltr'><strong>eo</strong></span> <span class='ocrx_word' id='word_1_395' title='bbox 2706 4117 2975 4186; x_wconf 88' lang='lat' dir='ltr'><strong>siquidem</strong></span> <span class='ocrx_word' id='word_1_396' title='bbox 3004 4131 3132 4170; x_wconf 81' lang='lat' dir='ltr'><strong>suos</strong></span> <span class='ocrx_word' id='word_1_397' title='bbox 3162 4125 3377 4171; x_wconf 89' lang='lat' dir='ltr'><strong>ascetas</strong></span> <span class='ocrx_word' id='word_1_398' title='bbox 3399 4126 3616 4171; x_wconf 84' lang='lat' dir='ltr'><strong>sanctus</strong></span> 
     </span>
    </p>
   </div>
   <div class='ocr_carea' id='block_1_61' title="bbox 2036 4208 3614 4278">
    <p class='ocr_par' dir='ltr' id='par_1_61' title="bbox 2036 4208 3614 4278">
     <span class='ocr_line' id='line_1_61' title="bbox 2036 4208 3614 4278; baseline -0.004 -11"><span class='ocrx_word' id='word_1_399' title='bbox 2036 4214 2201 4269; x_wconf 79' lang='lat' dir='ltr'><strong>abbas</strong></span> <span class='ocrx_word' id='word_1_400' title='bbox 2238 4213 2305 4266; x_wconf 91' lang='lat' dir='ltr'><strong>ad</strong></span> <span class='ocrx_word' id='word_1_401' title='bbox 2350 4210 2596 4266; x_wconf 90' lang='lat' dir='ltr'><strong>militiam</strong></span> <span class='ocrx_word' id='word_1_402' title='bbox 2638 4209 2974 4278; x_wconf 88' lang='lat' dir='ltr'><strong>spiritualem</strong></span> <span class='ocrx_word' id='word_1_403' title='bbox 3022 4209 3324 4263; x_wconf 85' lang='lat' dir='ltr'><strong>inlormans</strong></span> <span class='ocrx_word' id='word_1_404' title='bbox 3361 4250 3376 4275; x_wconf 96' lang='lat'><strong>,</strong></span> <span class='ocrx_word' id='word_1_405' title='bbox 3413 4208 3614 4264; x_wconf 88' lang='lat' dir='ltr'><strong>eisdem</strong></span> 
     </span>
    </p>
   </div>
   <div class='ocr_carea' id='block_1_62' title="bbox 2038 4298 3614 4370">
    <p class='ocr_par' dir='ltr' id='par_1_62' title="bbox 2038 4298 3614 4370">
     <span class='ocr_line' id='line_1_62' title="bbox 2038 4298 3614 4370; baseline -0.005 -13"><span class='ocrx_word' id='word_1_406' title='bbox 2038 4305 2240 4357; x_wconf 88' lang='lat' dir='ltr'><strong>monita</strong></span> <span class='ocrx_word' id='word_1_407' title='bbox 2265 4301 2422 4370; x_wconf 84' lang='lat' dir='ltr'><strong>plane</strong></span> <span class='ocrx_word' id='word_1_408' title='bbox 2469 4299 2806 4353; x_wconf 84' lang='lat' dir='ltr'><strong>almirabilia</strong></span> <span class='ocrx_word' id='word_1_409' title='bbox 2849 4298 3124 4368; x_wconf 75' lang='lat' dir='ltr'><strong>suggerit;</strong></span> <span class='ocrx_word' id='word_1_410' title='bbox 3168 4298 3365 4368; x_wconf 88' lang='lat' dir='ltr'><strong>quibus</strong></span> <span class='ocrx_word' id='word_1_411' title='bbox 3401 4298 3614 4363; x_wconf 90' lang='lat' dir='ltr'><strong>imbuti,</strong></span> 
     </span>
    </p>
   </div>
   <div class='ocr_carea' id='block_1_63' title="bbox 2036 4392 3614 4460">
    <p class='ocr_par' dir='ltr' id='par_1_63' title="bbox 2036 4392 3614 4460">
     <span class='ocr_line' id='line_1_63' title="bbox 2036 4392 3614 4460; baseline -0.005 -11"><span class='ocrx_word' id='word_1_412' title='bbox 2036 4401 2104 4449; x_wconf 64' lang='lat' dir='ltr'><strong>ait</strong></span> <span class='ocrx_word' id='word_1_413' title='bbox 2157 4393 2551 4448; x_wconf 88' lang='lat' dir='ltr'><strong>colluctana&#39;um</strong></span> <span class='ocrx_word' id='word_1_414' title='bbox 2600 4392 2851 4446; x_wconf 79' lang='lat' dir='ltr'><strong>adversus</strong></span> <span class='ocrx_word' id='word_1_415' title='bbox 2898 4392 3156 4460; x_wconf 87' lang='lat' dir='ltr'><strong>principes</strong></span> <span class='ocrx_word' id='word_1_416' title='bbox 3212 4399 3262 4444; x_wconf 92' lang='lat' dir='ltr'><strong>et</strong></span> <span class='ocrx_word' id='word_1_417' title='bbox 3315 4398 3614 4458; x_wconf 83' lang='lat' dir='ltr'><strong>potestates,</strong></span> 
     </span>
    </p>
   </div>
   <div class='ocr_carea' id='block_1_64' title="bbox 2039 4486 3614 4550">
    <p class='ocr_par' dir='ltr' id='par_1_64' title="bbox 2039 4486 3614 4550">
     <span class='ocr_line' id='line_1_64' title="bbox 2039 4486 3614 4550; baseline -0.003 -9"><span class='ocrx_word' id='word_1_418' title='bbox 2039 4489 2284 4541; x_wconf 85' lang='lat' dir='ltr'><strong>adversus</strong></span> <span class='ocrx_word' id='word_1_419' title='bbox 2324 4488 2504 4539; x_wconf 84' lang='lat' dir='ltr'><strong>mundi</strong></span> <span class='ocrx_word' id='word_1_420' title='bbox 2536 4497 2759 4540; x_wconf 87' lang='lat' dir='ltr'><strong>rectores</strong></span> <span class='ocrx_word' id='word_1_421' title='bbox 2790 4486 3118 4539; x_wconf 89' lang='lat' dir='ltr'><strong>tenebrarum</strong></span> <span class='ocrx_word' id='word_1_422' title='bbox 3170 4488 3384 4550; x_wconf 80' lang='lat' dir='ltr'><strong>harum,</strong></span> <span class='ocrx_word' id='word_1_423' title='bbox 3435 4495 3614 4538; x_wconf 87' lang='lat' dir='ltr'><strong>contra</strong></span> 
     </span>
    </p>
   </div>
   <div class='ocr_carea' id='block_1_65' title="bbox 2040 4580 3613 4650">
    <p class='ocr_par' dir='ltr' id='par_1_65' title="bbox 2040 4580 3613 4650">
     <span class='ocr_line' id='line_1_65' title="bbox 2040 4580 3613 4650; baseline -0.002 -17"><span class='ocrx_word' id='word_1_424' title='bbox 2040 4580 2336 4649; x_wconf 88' lang='lat' dir='ltr'><strong>spiritualia</strong></span> <span class='ocrx_word' id='word_1_425' title='bbox 2405 4581 2649 4650; x_wconf 75' lang='lat' dir='ltr'><strong>nequitia:</strong></span> <span class='ocrx_word' id='word_1_426' title='bbox 2679 4581 2732 4633; x_wconf 87' lang='lat' dir='ltr'><strong>in</strong></span> <span class='ocrx_word' id='word_1_427' title='bbox 2792 4580 3084 4634; x_wconf 72' lang='lat' dir='ltr'><strong>caelestibus</strong></span> <span class='ocrx_word' id='word_1_428' title='bbox 3149 4582 3198 4644; x_wconf 81' lang='grc'><strong>⁸,</strong></span> <span class='ocrx_word' id='word_1_429' title='bbox 3263 4583 3613 4648; x_wconf 74' lang='lat' dir='ltr'><strong>promptiores</strong></span> 
     </span>
    </p>
   </div>
   <div class='ocr_carea' id='block_1_66' title="bbox 368 4648 3612 4741">
    <p class='ocr_par' dir='ltr' id='par_1_66' title="bbox 368 4648 3612 4741">
     <span class='ocr_line' id='line_1_66' title="bbox 368 4648 3612 4741; baseline -0.001 -16"><span class='ocrx_word' id='word_1_430' title='bbox 368 4680 577 4735; x_wconf 88' lang='lat' dir='ltr'><strong>menta;</strong></span> <span class='ocrx_word' id='word_1_431' title='bbox 632 4671 686 4722; x_wconf 86' lang='lat' dir='ltr'><strong>in</strong></span> <span class='ocrx_word' id='word_1_432' title='bbox 727 4669 935 4738; x_wconf 84' lang='lat' dir='ltr'><strong>quibus,</strong></span> <span class='ocrx_word' id='word_1_433' title='bbox 986 4681 1042 4723; x_wconf 93' lang='lat' dir='ltr'><strong>ut</strong></span> <span class='ocrx_word' id='word_1_434' title='bbox 1064 4685 1186 4723; x_wconf 91' lang='lat' dir='ltr'><strong>cum</strong></span> <span class='ocrx_word' id='word_1_435' title='bbox 1233 4669 1564 4741; x_wconf 78' lang='lat' dir='ltr'><strong>Hieronymo</strong></span> <span class='ocrx_word' id='word_1_436' title='bbox 1618 4668 1807 4737; x_wconf 89' lang='lat' dir='ltr'><strong>loquar</strong></span> <span class='ocrx_word' id='word_1_437' title='bbox 1845 4669 1937 4739; x_wconf 78' lang='grc' dir='ltr'><strong>(Ῑ),</strong></span> <span class='ocrx_word' id='word_1_438' title='bbox 1967 4648 2010 4704; x_wconf 76' lang='lat' dir='ltr'><strong><em>C</em></strong></span> <span class='ocrx_word' id='word_1_439' title='bbox 2045 4670 2442 4740; x_wconf 87' lang='lat' dir='ltr'><strong>validioresque</strong></span> <span class='ocrx_word' id='word_1_440' title='bbox 2481 4648 2876 4726; x_wconf 74' lang='lat' dir='ltr'><strong>redderentur.</strong></span> <span class='ocrx_word' id='word_1_441' title='bbox 2950 4669 3238 4737; x_wconf 87' lang='lat' dir='ltr'><strong>Nimirum,</strong></span> <span class='ocrx_word' id='word_1_442' title='bbox 3266 4685 3403 4724; x_wconf 89' lang='lat' dir='ltr'><strong>unus</strong></span> <span class='ocrx_word' id='word_1_443' title='bbox 3451 4671 3612 4722; x_wconf 83' lang='lat' dir='ltr'><strong>Anto-</strong></span> 
     </span>
    </p>
   </div>
   <div class='ocr_carea' id='block_1_67' title="bbox 367 4758 1939 4831">
    <p class='ocr_par' dir='ltr' id='par_1_67' title="bbox 367 4758 1939 4831">
     <span class='ocr_line' id='line_1_67' title="bbox 367 4758 1939 4831; baseline -0.003 -17"><span class='ocrx_word' id='word_1_444' title='bbox 367 4763 612 4831; x_wconf 88' lang='lat' dir='ltr'><strong>loquendi</strong></span> <span class='ocrx_word' id='word_1_445' title='bbox 633 4761 1021 4828; x_wconf 86' lang='lat' dir='ltr'><strong>simplicitatem</strong></span> <span class='ocrx_word' id='word_1_446' title='bbox 1044 4760 1316 4814; x_wconf 80' lang='lat' dir='ltr'><strong>excusabit</strong></span> <span class='ocrx_word' id='word_1_447' title='bbox 1338 4758 1701 4814; x_wconf 76' lang='lat' dir='ltr'><strong>sanctimonia:</strong></span> <span class='ocrx_word' id='word_1_448' title='bbox 1732 4759 1939 4827; x_wconf 87' lang='lat' dir='ltr'><strong>magni-</strong></span> 
     </span>
    </p>
   </div>
   <div class='ocr_carea' id='block_1_68' title="bbox 2045 4761 3614 4832">
    <p class='ocr_par' dir='ltr' id='par_1_68' title="bbox 2045 4761 3614 4832">
     <span class='ocr_line' id='line_1_68' title="bbox 2045 4761 3614 4832; baseline 0 -17"><span class='ocrx_word' id='word_1_449' title='bbox 2045 4761 2166 4816; x_wconf 91' lang='lat' dir='ltr'><strong>nius</strong></span> <span class='ocrx_word' id='word_1_450' title='bbox 2229 4777 2338 4832; x_wconf 78' lang='lat' dir='ltr'><strong>pra:</strong></span> <span class='ocrx_word' id='word_1_451' title='bbox 2413 4764 2663 4829; x_wconf 71' lang='lat' dir='ltr'><strong>caneris,</strong></span> <span class='ocrx_word' id='word_1_452' title='bbox 2718 4778 2878 4816; x_wconf 91' lang='lat' dir='ltr'><strong>omne</strong></span> <span class='ocrx_word' id='word_1_453' title='bbox 2937 4778 3107 4832; x_wconf 82' lang='lat' dir='ltr'><strong>genus</strong></span> <span class='ocrx_word' id='word_1_454' title='bbox 3159 4762 3614 4818; x_wconf 89' lang='lat' dir='ltr'><strong>conllictatiouum</strong></span> 
     </span>
    </p>
   </div>
   <div class='ocr_carea' id='block_1_69' title="bbox 367 4849 3613 4925">
    <p class='ocr_par' dir='ltr' id='par_1_69' title="bbox 367 4849 3613 4925">
     <span class='ocr_line' id='line_1_69' title="bbox 367 4849 3613 4925; baseline 0.001 -20"><span class='ocrx_word' id='word_1_455' title='bbox 367 4856 513 4905; x_wconf 84' lang='lat' dir='ltr'><strong>tudo.</strong></span> <span class='ocrx_word' id='word_1_456' title='bbox 547 4849 730 4919; x_wconf 84' lang='lat' dir='ltr'><strong>Neque</strong></span> <span class='ocrx_word' id='word_1_457' title='bbox 748 4851 892 4905; x_wconf 93' lang='lat' dir='ltr'><strong>enim</strong></span> <span class='ocrx_word' id='word_1_458' title='bbox 915 4852 1413 4920; x_wconf 88' lang='lat' dir='ltr'><strong>reprehendendam</strong></span> <span class='ocrx_word' id='word_1_459' title='bbox 1442 4852 1495 4905; x_wconf 91' lang='lat' dir='ltr'><strong>in</strong></span> <span class='ocrx_word' id='word_1_460' title='bbox 1523 4851 1751 4906; x_wconf 89' lang='lat' dir='ltr'><strong>vetustis</strong></span> <span class='ocrx_word' id='word_1_461' title='bbox 1772 4851 1942 4919; x_wconf 88' lang='lat' dir='ltr'><strong>potis—</strong></span> <span class='ocrx_word' id='word_1_462' title='bbox 2045 4868 2326 4910; x_wconf 87' lang='lat' dir='ltr'><strong>acrearum</strong></span> <span class='ocrx_word' id='word_1_463' title='bbox 2354 4863 2630 4923; x_wconf 75' lang='lat' dir='ltr'><strong>expertus,</strong></span> <span class='ocrx_word' id='word_1_464' title='bbox 2671 4858 2809 4924; x_wconf 90' lang='lat' dir='ltr'><strong>potis</strong></span> <span class='ocrx_word' id='word_1_465' title='bbox 2829 4865 2948 4910; x_wconf 87' lang='lat' dir='ltr'><strong>erat</strong></span> <span class='ocrx_word' id='word_1_466' title='bbox 2984 4855 3382 4925; x_wconf 90' lang='lat' dir='ltr'><strong>investigabiles</strong></span> <span class='ocrx_word' id='word_1_467' title='bbox 3418 4856 3613 4909; x_wconf 83' lang='lat' dir='ltr'><strong>diaboli</strong></span> 
     </span>
    </p>
   </div>
   <div class='ocr_carea' id='block_1_70' title="bbox 368 4941 1940 5012">
    <p class='ocr_par' dir='ltr' id='par_1_70' title="bbox 368 4941 1940 5012">
     <span class='ocr_line' id='line_1_70' title="bbox 368 4941 1940 5012; baseline -0.001 -14"><span class='ocrx_word' id='word_1_468' title='bbox 368 4945 567 4998; x_wconf 89' lang='lat' dir='ltr'><strong>simum</strong></span> <span class='ocrx_word' id='word_1_469' title='bbox 639 4941 896 4997; x_wconf 70' lang='lat' dir='ltr'><strong>Ecclesia:</strong></span> <span class='ocrx_word' id='word_1_470' title='bbox 971 4943 1222 4999; x_wconf 87' lang='lat' dir='ltr'><strong>Patribus</strong></span> <span class='ocrx_word' id='word_1_471' title='bbox 1280 4944 1548 4999; x_wconf 87' lang='lat' dir='ltr'><strong>sermonis</strong></span> <span class='ocrx_word' id='word_1_472' title='bbox 1615 4941 1940 5012; x_wconf 90' lang='lat' dir='ltr'><strong>imperitiam</strong></span> 
     </span>
    </p>
   </div>
   <div class='ocr_carea' id='block_1_71' title="bbox 442 5143 946 5213">
    <p class='ocr_par' dir='ltr' id='par_1_71' title="bbox 442 5143 946 5213">
     <span class='ocr_line' id='line_1_71' title="bbox 442 5143 946 5213; baseline 0.002 -17"><span class='ocrx_word' id='word_1_473' title='bbox 442 5146 457 5173; x_wconf 81' lang='grc'>³</span> <span class='ocrx_word' id='word_1_474' title='bbox 496 5143 698 5213; x_wconf 86' lang='lat' dir='ltr'><strong>Ephes.</strong></span> <span class='ocrx_word' id='word_1_475' title='bbox 727 5159 775 5200; x_wconf 73' lang='lat' dir='ltr'><strong>vr</strong></span> <span class='ocrx_word' id='word_1_476' title='bbox 801 5182 819 5210; x_wconf 94' lang='lat'><strong>,</strong></span> <span class='ocrx_word' id='word_1_477' title='bbox 856 5144 946 5198; x_wconf 74' lang='grc'>12.</span> 
     </span>
    </p>
   </div>
   <div class='ocr_carea' id='block_1_72' title="bbox 442 5343 1532 5416">
    <p class='ocr_par' dir='ltr' id='par_1_72' title="bbox 442 5343 1532 5416">
     <span class='ocr_line' id='line_1_72' title="bbox 442 5343 1532 5416; baseline 0.003 -19"><span class='ocrx_word' id='word_1_478' title='bbox 442 5344 518 5416; x_wconf 91' lang='lat' dir='ltr'><strong>(a)</strong></span> <span class='ocrx_word' id='word_1_479' title='bbox 559 5343 777 5399; x_wconf 84' lang='lat' dir='ltr'><strong>Hieron.</strong></span> <span class='ocrx_word' id='word_1_480' title='bbox 815 5344 894 5416; x_wconf 75' lang='lat' dir='ltr'><strong>De</strong></span> <span class='ocrx_word' id='word_1_481' title='bbox 923 5346 1022 5399; x_wconf 82' lang='lat' dir='ltr'><strong>vir.</strong></span> <span class='ocrx_word' id='word_1_482' title='bbox 1055 5346 1248 5400; x_wconf 88' lang='lat' dir='ltr'><strong>illustr.</strong></span> <span class='ocrx_word' id='word_1_483' title='bbox 1288 5361 1406 5416; x_wconf 88' lang='lat' dir='ltr'><strong>cap.</strong></span> <span class='ocrx_word' id='word_1_484' title='bbox 1443 5345 1532 5400; x_wconf 92' lang='lat'><strong>88.</strong></span> 
     </span>
    </p>
   </div>
   <div class='ocr_carea' id='block_1_73' title="bbox 441 5414 1765 5485">
    <p class='ocr_par' dir='ltr' id='par_1_73' title="bbox 441 5414 1765 5485">
     <span class='ocr_line' id='line_1_73' title="bbox 441 5414 1765 5485; baseline 0.002 -20"><span class='ocrx_word' id='word_1_485' title='bbox 441 5414 516 5482; x_wconf 71' lang='grc' dir='ltr'><strong>(ὁ)</strong></span> <span class='ocrx_word' id='word_1_486' title='bbox 561 5416 802 5469; x_wconf 74' lang='lat' dir='ltr'><strong>llenaud.</strong></span> <span class='ocrx_word' id='word_1_487' title='bbox 839 5414 981 5468; x_wconf 79' lang='lat' dir='ltr'><strong>Hist.</strong></span> <span class='ocrx_word' id='word_1_488' title='bbox 1005 5419 1289 5482; x_wconf 79' lang='lat' dir='ltr'><strong>patriarc/i.</strong></span> <span class='ocrx_word' id='word_1_489' title='bbox 1324 5414 1472 5469; x_wconf 77' lang='lat' dir='ltr'><strong>Alex.</strong></span> <span class='ocrx_word' id='word_1_490' title='bbox 1523 5432 1643 5485; x_wconf 87' lang='lat' dir='ltr'><strong>pag.</strong></span> <span class='ocrx_word' id='word_1_491' title='bbox 1677 5417 1765 5471; x_wconf 74' lang='lat'><strong>58.</strong></span> 
     </span>
    </p>
   </div>
   <div class='ocr_carea' id='block_1_74' title="bbox 443 5485 1941 5555">
    <p class='ocr_par' dir='ltr' id='par_1_74' title="bbox 443 5485 1941 5555">
     <span class='ocr_line' id='line_1_74' title="bbox 443 5485 1941 5555; baseline 0.004 -20"><span class='ocrx_word' id='word_1_492' title='bbox 443 5486 514 5554; x_wconf 80' lang='grc' dir='ltr'><strong>(ι)</strong></span> <span class='ocrx_word' id='word_1_493' title='bbox 553 5485 739 5539; x_wconf 79' lang='lat' dir='ltr'><strong>Muntl‘.</strong></span> <span class='ocrx_word' id='word_1_494' title='bbox 771 5487 823 5539; x_wconf 90' lang='lat' dir='ltr'><strong>in</strong></span> <span class='ocrx_word' id='word_1_495' title='bbox 871 5485 1059 5538; x_wconf 80' lang='lat' dir='ltr'><strong>Manil.</strong></span> <span class='ocrx_word' id='word_1_496' title='bbox 1086 5485 1154 5538; x_wconf 89' lang='lat' dir='ltr'><strong>ad</strong></span> <span class='ocrx_word' id='word_1_497' title='bbox 1177 5486 1368 5540; x_wconf 76' lang='lat' dir='ltr'><strong>Anton.</strong></span> <span class='ocrx_word' id='word_1_498' title='bbox 1415 5485 1514 5537; x_wconf 90' lang='lat' dir='ltr'><strong>Vit.</strong></span> <span class='ocrx_word' id='word_1_499' title='bbox 1549 5487 1800 5540; x_wconf 76' lang='lat' dir='ltr'><strong>Atlmnas.</strong></span> <span class='ocrx_word' id='word_1_500' title='bbox 1835 5487 1941 5555; x_wconf 82' lang='lat'><strong>§8,</strong></span> 
     </span>
    </p>
   </div>
   <div class='ocr_carea' id='block_1_75' title="bbox 379 5555 1730 5695">
    <p class='ocr_par' dir='ltr' id='par_1_75' title="bbox 379 5555 1730 5695">
     <span class='ocr_line' id='line_1_75' title="bbox 379 5555 1730 5695; baseline 0.004 -20"><span class='ocrx_word' id='word_1_501' title='bbox 379 5555 766 5691; x_wconf 37' lang='lat' dir='ltr'><strong>migdialtohau.</strong></span> <span class='ocrx_word' id='word_1_502' title='bbox 801 5611 853 5679; x_wconf 85' lang='lat' dir='ltr'><strong>in</strong></span> <span class='ocrx_word' id='word_1_503' title='bbox 900 5625 1007 5680; x_wconf 89' lang='lat' dir='ltr'><strong>Vit.</strong></span> <span class='ocrx_word' id='word_1_504' title='bbox 1043 5625 1236 5695; x_wconf 71' lang='lat' dir='ltr'><strong>Anton.</strong></span> <span class='ocrx_word' id='word_1_505' title='bbox 1265 5626 1292 5694; x_wconf 82' lang='lat'><strong>§</strong></span> <span class='ocrx_word' id='word_1_506' title='bbox 1321 5626 1410 5685; x_wconf 78' lang='lat'><strong>93.</strong></span> <span class='ocrx_word' id='word_1_507' title='bbox 1444 5641 1566 5695; x_wconf 81' lang='lat' dir='ltr'><strong>pag.</strong></span> <span class='ocrx_word' id='word_1_508' title='bbox 1605 5627 1730 5680; x_wconf 83' lang='lat'><strong>895.</strong></span> 
     </span>
    </p>
   </div>
   <div class='ocr_carea' id='block_1_76' title="bbox 450 5694 1739 5766">
    <p class='ocr_par' dir='ltr' id='par_1_76' title="bbox 450 5694 1739 5766">
     <span class='ocr_line' id='line_1_76' title="bbox 450 5694 1739 5766; baseline 0.004 -20"><span class='ocrx_word' id='word_1_509' title='bbox 450 5698 521 5764; x_wconf 55' lang='lat' dir='ltr'><strong>te)</strong></span> <span class='ocrx_word' id='word_1_510' title='bbox 565 5698 702 5765; x_wconf 76' lang='lat' dir='ltr'><strong>Aug.</strong></span> <span class='ocrx_word' id='word_1_511' title='bbox 738 5696 809 5750; x_wconf 86' lang='lat' dir='ltr'><strong>De</strong></span> <span class='ocrx_word' id='word_1_512' title='bbox 845 5699 1010 5751; x_wconf 72' lang='grc' dir='ltr'><strong>τίσειν.</strong></span> <span class='ocrx_word' id='word_1_513' title='bbox 1041 5694 1239 5749; x_wconf 76' lang='lat' dir='ltr'><strong>Christ.</strong></span> <span class='ocrx_word' id='word_1_514' title='bbox 1281 5699 1330 5750; x_wconf 88' lang='lat' dir='ltr'><strong>in</strong></span> <span class='ocrx_word' id='word_1_515' title='bbox 1357 5694 1559 5766; x_wconf 65' lang='grc' dir='ltr'><strong>ιιι-0108.</strong></span> <span class='ocrx_word' id='word_1_516' title='bbox 1601 5711 1654 5750; x_wconf 90' lang='lat' dir='ltr'><strong>u.</strong></span> <span class='ocrx_word' id='word_1_517' title='bbox 1691 5697 1739 5751; x_wconf 66' lang='grc'>4.</span> 
     </span>
    </p>
   </div>
   <div class='ocr_carea' id='block_1_77' title="bbox 2048 4947 3612 5018">
    <p class='ocr_par' dir='ltr' id='par_1_77' title="bbox 2048 4947 3612 5018">
     <span class='ocr_line' id='line_1_77' title="bbox 2048 4947 3612 5018; baseline 0.002 -19"><span class='ocrx_word' id='word_1_518' title='bbox 2048 4948 2318 5002; x_wconf 88' lang='lat' dir='ltr'><strong>versutias</strong></span> <span class='ocrx_word' id='word_1_519' title='bbox 2351 4949 2621 5018; x_wconf 86' lang='lat' dir='ltr'><strong>detegere,</strong></span> <span class='ocrx_word' id='word_1_520' title='bbox 2650 4949 2846 5016; x_wconf 91' lang='lat' dir='ltr'><strong>quibus</strong></span> <span class='ocrx_word' id='word_1_521' title='bbox 2889 4949 3047 5003; x_wconf 91' lang='lat' dir='ltr'><strong>modo</strong></span> <span class='ocrx_word' id='word_1_522' title='bbox 3069 4949 3232 5013; x_wconf 86' lang='lat' dir='ltr'><strong>clam,</strong></span> <span class='ocrx_word' id='word_1_523' title='bbox 3255 4947 3413 5004; x_wconf 88' lang='lat' dir='ltr'><strong>modo</strong></span> <span class='ocrx_word' id='word_1_524' title='bbox 3441 4948 3612 5018; x_wconf 84' lang='lat' dir='ltr'><strong>palam</strong></span> 
     </span>
    </p>
   </div>
   <div class='ocr_carea' id='block_1_78' title="bbox 2131 5340 3620 5418">
    <p class='ocr_par' dir='ltr' id='par_1_78' title="bbox 2131 5340 3620 5418">
     <span class='ocr_line' id='line_1_78' title="bbox 2131 5340 3620 5418; baseline 0.005 -23"><span class='ocrx_word' id='word_1_525' title='bbox 2131 5341 2198 5418; x_wconf 75' lang='grc'><strong>(1)</strong></span> <span class='ocrx_word' id='word_1_526' title='bbox 2241 5341 2652 5418; x_wconf 79' lang='lat' dir='ltr'><strong>llierou.__epist.</strong></span> <span class='ocrx_word' id='word_1_527' title='bbox 2674 5340 2765 5405; x_wconf 76' lang='lat'><strong>57,</strong></span> <span class='ocrx_word' id='word_1_528' title='bbox 2797 5341 2868 5418; x_wconf 66' lang='lat' dir='ltr'><strong>al.</strong></span> <span class='ocrx_word' id='word_1_529' title='bbox 2905 5341 3025 5418; x_wconf 67' lang='lat' dir='ltr'><strong>illi,</strong></span> <span class='ocrx_word' id='word_1_530' title='bbox 3144 5341 3498 5418; x_wconf 72' lang='lat' dir='ltr'><strong>Pammaan</strong></span> <span class='ocrx_word' id='word_1_531' title='bbox 3530 5347 3620 5404; x_wconf 69' lang='grc' dir='ltr'>η.</span> 
     </span>
    </p>
   </div>
   <div class='ocr_carea' id='block_1_79' title="bbox 2128 5409 3620 5485">
    <p class='ocr_par' dir='ltr' id='par_1_79' title="bbox 2128 5409 3620 5485">
     <span class='ocr_line' id='line_1_79' title="bbox 2128 5409 3620 5485; baseline 0 -19"><span class='ocrx_word' id='word_1_532' title='bbox 2243 5416 2384 5485; x_wconf 51' lang='lat' dir='ltr'><strong>Aug.</strong></span> <span class='ocrx_word' id='word_1_533' title='bbox 2446 5409 2737 5465; x_wconf 22' lang='lat' dir='ltr'><strong>De‘doctr.</strong></span> <span class='ocrx_word' id='word_1_534' title='bbox 2797 5412 2991 5466; x_wconf 80' lang='lat' dir='ltr'><strong>Christ.</strong></span> <span class='ocrx_word' id='word_1_535' title='bbox 3052 5412 3146 5467; x_wconf 85' lang='lat' dir='ltr'><strong>lib.</strong></span> <span class='ocrx_word' id='word_1_536' title='bbox 3217 5428 3288 5480; x_wconf 82' lang='lat' dir='ltr'><strong>IV,</strong></span> <span class='ocrx_word' id='word_1_537' title='bbox 3345 5409 3497 5485; x_wconf 57' lang='lat' dir='ltr'><strong>cap.’</strong></span> <span class='ocrx_word' id='word_1_538' title='bbox 3533 5419 3620 5477; x_wconf 76' lang='grc'><strong>11,</strong></span> 
     </span>
    </p>
   </div>
   <div class='ocr_carea' id='block_1_80' title="bbox 2053 5482 3022 5623">
    <p class='ocr_par' dir='ltr' id='par_1_80' title="bbox 2053 5482 3022 5623">
     <span class='ocr_line' id='line_1_80' title="bbox 2053 5482 2323 5540; baseline -0.011 0"><span class='ocrx_word' id='word_1_539' title='bbox 2053 5501 2202 5540; x_wconf 82' lang='lat' dir='ltr'><strong>nunt.</strong></span> <span class='ocrx_word' id='word_1_540' title='bbox 2234 5482 2323 5537; x_wconf 70' lang='lat'><strong>26.</strong></span> 
     </span>
     <span class='ocr_line' id='line_1_81' title="bbox 2125 5551 3022 5623; baseline 0.002 -19"><span class='ocrx_word' id='word_1_541' title='bbox 2125 5553 2203 5622; x_wconf 77' lang='lat' dir='ltr'><strong>(lt)</strong></span> <span class='ocrx_word' id='word_1_542' title='bbox 2247 5553 2439 5606; x_wconf 84' lang='lat' dir='ltr'><strong>Baron.</strong></span> <span class='ocrx_word' id='word_1_543' title='bbox 2471 5552 2537 5605; x_wconf 90' lang='lat' dir='ltr'><strong>ad</strong></span> <span class='ocrx_word' id='word_1_544' title='bbox 2571 5567 2696 5623; x_wconf 82' lang='lat' dir='ltr'><strong>ann.</strong></span> <span class='ocrx_word' id='word_1_545' title='bbox 2723 5551 2847 5623; x_wconf 78' lang='grc'><strong>556,</strong></span> <span class='ocrx_word' id='word_1_546' title='bbox 2877 5553 2903 5623; x_wconf 86' lang='lat'>§</span> <span class='ocrx_word' id='word_1_547' title='bbox 2934 5552 3022 5608; x_wconf 82' lang='lat' dir='ltr'><strong>9L</strong></span> 
     </span>
    </p>
   </div>
   <div class='ocr_carea' id='block_1_81' title="bbox 2049 5621 3595 5750">
    <p class='ocr_par' dir='ltr' id='par_1_81' title="bbox 2049 5621 3595 5750">
     <span class='ocr_line' id='line_1_82' title="bbox 2122 5621 3595 5698; baseline 0.001 -23"><span class='ocrx_word' id='word_1_548' title='bbox 2122 5621 2191 5693; x_wconf 79' lang='grc' dir='ltr'><strong>(ἱ)</strong></span> <span class='ocrx_word' id='word_1_549' title='bbox 2226 5624 2426 5677; x_wconf 86' lang='lat' dir='ltr'><strong>Athan.</strong></span> <span class='ocrx_word' id='word_1_550' title='bbox 2483 5624 2532 5677; x_wconf 92' lang='lat' dir='ltr'><strong>in</strong></span> <span class='ocrx_word' id='word_1_551' title='bbox 2585 5621 2684 5676; x_wconf 85' lang='lat' dir='ltr'><strong>Vit.</strong></span> <span class='ocrx_word' id='word_1_552' title='bbox 2732 5621 2929 5677; x_wconf 76' lang='lat' dir='ltr'><strong>Anton.</strong></span> <span class='ocrx_word' id='word_1_553' title='bbox 2980 5640 3007 5677; x_wconf 89' lang='lat' dir='ltr'><strong>a</strong></span> <span class='ocrx_word' id='word_1_554' title='bbox 3046 5640 3192 5679; x_wconf 90' lang='lat' dir='ltr'><strong>num.</strong></span> <span class='ocrx_word' id='word_1_555' title='bbox 3228 5625 3416 5692; x_wconf 64' lang='lat'><strong>16-45,</strong></span> <span class='ocrx_word' id='word_1_556' title='bbox 3463 5641 3595 5698; x_wconf 77' lang='lat' dir='ltr'><strong>pagg</strong></span> 
     </span>
     <span class='ocr_line' id='line_1_83' title="bbox 2049 5695 2312 5750; baseline -0.004 0"><span class='ocrx_word' id='word_1_557' title='bbox 2049 5695 2312 5750; x_wconf 66' lang='lat'><strong>808-829.</strong></span> 
     </span>
    </p>
   </div>
  </div>
