3990 6210
364 261 472 316 955

1484 260 1760 317 PATRES
1798 260 2098 318 AZGYPTI!
2140 262 2411 319 SECL'LI
2449 259 2535 316 IV.

3528 264 3639 322 956

363 384 455 436 ille
489 381 711 438 humani
746 382 961 453 generis
988 379 1161 435 hostis
1203 379 1533 450 improvidos
1561 381 1774 436 animos
1817 381 1953 436 irre-
1980 389 2027 445 Α
2056 382 2453 453 Cbamperius:
2485 396 2646 452 quam
2688 378 3028 448 postmodum
3079 377 3445 434 excudendam
3474 393 3636 436 cura-

364 476 466 529 tire
490 484 742 530 conatur.

438 568 697 636 Sequitur
747 580 931 619 sermo
989 564 1065 617 De
1120 564 1350 617 vanitate
1422 565 1606 617 mundi
1653 574 1704 619 et
1768 582 1948 622 resur-

366 660 593 712 rectione
632 664 980 721 mortuorum,
1013 670 1173 723 quem
1212 670 1276 709 ex
1305 654 1530 722 antiquo
1574 655 1694 709 ΑΙόί
1727 655 1946 711 Mauulii

367 749 557 803 Latino
594 748 780 802 codice
807 763 910 801 ms.
940 747 1110 800 edidit
1150 745 1435 815 Moguntina
1470 760 1615 799 anno
1650 745 1809 800 i604.
1844 746 1950 801 Ge-

366 842 557 895 rardus
587 840 808 895 Vossius
833 839 1171 909 Tungrensis
1209 840 1529 909 praepositus
1564 839 1708 892 inter
1738 837 1950 893 Miscet—

363 932 517 986 lanea
538 944 841 985 sanctorum
867 931 1107 995 Patrum,
1131 928 1399 1000 Operibus
1425 928 1482 984 S.
1502 926 1748 1000 Gregorii
1768 927 1949 984 Thau-

350 1027 599 1099 ‘tuaturgi
631 1024 903 1095 subjecta.

439 1115 534 1169 llis
562 1131 725 1183 porro
772 1114 980 1168 duobus
1019 1112 1154 1166 alios
1203 1112 1534 1166 atlexnimus
1571 1126 1853 1167 sermones
1877 1128 1946 1166 xx

369 1203 442 1257 De
484 1204 765 1257 virtutibus
799 1211 848 1257 et
886 1203 1047 1261 vitiis,
1075 1203 1267 1256 ltrct'cs
1297 1202 1415 1256 illos
1451 1202 1690 1268 quidem,
1717 1204 1808 1257 sed
1838 1218 1949 1258 NP.-

366 1293 485 1347 lesti
516 1294 761 1348 doctrina
798 1288 1065 1359 refertos;
1110 1308 1249 1362 quos
1292 1294 1359 1346 ad
1410 1294 1549 1349 lilios
1588 1310 1716 1351 suos
1762 1286 1949 1349 n'i'oua-

364 1385 498 1438 cltos
538 1396 759 1439 sanctus
787 1382 952 1438 Pater
987 1385 1242 1438 habuisse
1277 1387 1526 1441 traditur.
1578 1384 1685 1441 Eos
1726 1402 1855 1443 vero
1880 1403 1948 1443 ex

368 1490 469 1527 nis.
515 1475 706 1529 codice
746 1475 982 1528 Arabico
1016 1474 1209 1527 Latine
1250 1477 1637 1544 interpretatus
1664 1487 1746 1531 est
1774 1477 1947 1532 Abra-

368 1566 557 1619 ltumus
595 1566 956 1621 Eccltellensis
1000 1567 1293 1631 Maronita,
1348 1583 1580 1638 cumque
1626 1570 1751 1625 aliis
1799 1568 1951 1624 Chri-

365 1657 555 1711 stianae
586 1657 802 1728 pietatis
835 1659 1200 1712 monumentis
1232 1675 1355 1713 mox
1383 1661 1772 1714 enumerandis
1796 1661 1948 1715 Pari-

364 1748 463 1801 siis
487 1747 753 1817 evnlgavit
788 1762 932 1801 anno
969 1746 1126 1802 1646.
1156 1746 1289 1801 lllttd
1320 1734 1511 1801 autem
1529 1748 1669 1803 scite
1696 1748 1950 1803 admOuet

367 1839 418 1891 iu
449 1837 775 1895 Prtelatione
809 1840 875 1895 ad
901 1841 1157 1895 lectorem
1187 1839 1433 1893 eruditus
1468 1840 1756 1910 interpres,
1787 1840 1949 1897 nullis

365 1931 585 1999 quidem
606 1916 911 1988 rationibus
939 1932 1209 2000 nullisque
1241 1932 1408 1987 certis
1447 1932 1774 1989 testimoniis
1801 1949 1950 1988 com-

365 2023 582 2091 probari
616 2037 799 2092 posse,
845 2024 961 2077 hinc
988 2022 1204 2089 aliaque
1230 2020 1495 2089 ejusmodi
1526 2022 1827 2092 spiritualia
1853 2025 1951 2078 do-

366 2123 618 2168 cumenta
657 2113 826 2169 fuisse
882 2130 912 2167 a
962 2113 1309 2169 sanctissimo
1352 2115 1547 2168 abbate
1599 2115 1794 2170 litteris
1846 2125 1951 2171 tra-

366 2206 473 2259 dita
509 2246 526 2271 ,
592 2206 695 2262 nisi
757 2221 863 2260 una
949 2208 1191 2261 omnium
1259 2205 1498 2263 Orientis
1564 2209 1948 2269 monachorum

368 2298 661 2353 traditione
684 2307 850 2368 atque
888 2298 1182 2354 universali
1223 2315 1495 2357 consensu
1523 2317 1536 2353 :
1562 2315 1792 2369 quormn
1820 2316 1951 2357 sane

365 2392 612 2446 omnium
647 2406 947 2447 concursus
987 2391 1055 2445 ad
1101 2392 1516 2462 confingendum
1565 2392 1765 2462 aliquid
1800 2408 1952 2448 com-

366 2484 532 2538 mune
595 2481 946 2551 impossibilia
993 2464 1113 2536 esse
1171 2482 1432 2538 videtur:
1479 2483 1781 2552 praesertim
1824 2500 1947 2540 cum

365 2572 657 2628 orientales
717 2572 791 2627 illi
850 2573 1101 2628 monachi
1153 2575 1426 2628 variarum
1481 2574 1590 2629 sint
1639 2584 1947 2637 sectarum,

264 2672 271 2678 ’
367 2665 637 2735 varireque
679 2664 908 2735 proinde
959 2666 1328 2733 persuasionis
1374 2667 1551 2736 quoad
1595 2666 1946 2735 religionem;

366 2757 444 2809 uti
479 2765 605 2812 sunt
638 2755 925 2820 Melcliitae,
963 2755 1241 2821 Jacobitze,
1284 2755 1614 2820 Nestoriani,
1661 2756 1946 2826 Coplititte,

366 2847 668 2917 Aitliiopes,
705 2846 983 2902 Maronitm
1021 2847 1241 2916 aliique.

367 2953 471 3030 IV.
499 2954 707 3030 Septem
758 2956 1296 3030 Epistol;e__primur_n
1338 2957 1655 3030 Egyptian
1701 2961 1945 3030 scripta',

437 3027 628 3081 deinde
657 3042 722 3081 ea:
746 3029 976 3081 rersioue
1014 3027 1199 3081 (ἔνατα
1242 3028 1430 3082 Latine
1456 3027 1709 3085 'reddita'.
1744 3028 1943 3084 Earum

439 3098 732 3168 auctoritas
768 3099 1124 3168 comprobata.
1176 3097 1460 3161 Recensitw
1498 3101 1770 3156 editiones.

437 3187 732 3244 Sermones
769 3190 1048 3259 excipiunt
1084 3188 1374 3258 Epistolw;
1429 3206 1657 3260 quarum
1714 3204 1903 3263 septem
1928 3235 1944 3261 ,

366 3277 709 3350 Hieronymo
739 3291 876 3336 lesre
905 3281 982 3351 (a)
1006 3322 1021 3347 ,
1061 3283 1335 3351 apostolici
1355 3299 1536 3337 sensus
1557 3287 1910 3355 sermonisque
1929 3329 1944 3352 ,

366 3371 509 3424 misit
554 3369 823 3425 Antonius
871 3370 1189 3441 zEgyptiace
1232 3372 1301 3425 ad
1350 3374 1563 3427 diversa
1606 3377 1944 3441 monasteria,

365 3462 422 3513 in
457 3458 694 3514 Graecam
724 3460 960 3531 linguam
997 3462 1253 3531 deinceps
1285 3463 1608 3530 translatas;
1649 3480 1949 3537 earumque

364 3553 633 3620 prwcipua
666 3562 742 3607 est
787 3553 856 3605 ad
889 3553 1216 3608 Arsiuoitas.
1248 3552 1580 3625 llieronymo
1612 3558 1819 3611 accedit
1846 3573 1947 3612 au-

360 3640 732 3705 ctorGraacus
763 3641 1004 3697 incertus
1046 3641 1120 3697 De
1159 3644 1316 3719 gestis
1354 3653 1400 3698 et
1440 3644 1608 3700 verbis
1645 3644 1945 3715 Seniornm,

367 3735 521 3803 cujus
550 3748 688 3803 opus
717 3741 966 3789 recenset
1009 3734 1234 3790 Pbotius
1260 3734 1368 3806 (b):
1422 3744 1707 3806 exstatque
1754 3736 1949 3795 Latine

370 3825 609 3880 redditus
643 3824 737 3896 (ο),
787 3826 1084 3895 interprete
1126 3827 1345 3898 Pelagio
1377 3827 1438 3883 S.
1493 3830 1557 3882 [ἰ.
1592 3828 1653 3884 Ε.
1699 3831 1945 3899 diacono,

367 3916 434 3970 de
454 3930 563 3985 quo
579 3918 750 3984 deque
767 3916 885 3987 ejus
902 3917 1153 3973 versione
1171 3919 1334 3974 verba
1359 3918 1489 3974 facit
1509 3920 1824 3990 Sigebertus
1843 3924 1943 3993 (ά).

366 4006 460 4062 Sic
500 4007 684 4077 itaque
711 4024 1012 4079 anmtymus
1052 4009 1143 4065 ille
1186 3998 1425 4080 scriptor
1453 4011 1564 4083 (e):
1598 4011 1744 4066 Dixit
1787 4014 1947 4070 abbas

368 4098 628 4150 Antonius
651 4117 669 4153 :
705 4097 941 4154 Estimo
969 4102 1109 4170 quod
1143 4100 1349 4155 .Itabeat
1384 4118 1575 4171 corpus
1616 4115 1815 4159 motum
1856 4123 1948 4160 na-

367 4187 592 4243 turalem
614 4205 946 4259 conspersum
976 4192 1031 4246 in
1069 4207 1146 4257 se,
1179 4202 1284 4246 etc.
1316 4191 1415 4259 Qui
1440 4193 1654 4263 quidem
1686 4196 1835 4252 locus
1860 4197 1944 4251 iu-

365 4293 519 4350 teger
555 4282 791 4337 occurrit
820 4283 874 4338 in
910 4282 1150 4354 Epistula
1187 4282 1568 4352 lAntoniana,
1619 4284 1648 4358 ᾗ
1682 4286 1737 4350 4,
1775 4297 1835 4341 ιιι
1876 4290 1943 4343 ad

2051 477 2129 529 vit
2185 476 2425 530 Colonia:
2451 490 2593 529 anno
2650 472 2788 527 1556
2859 468 3148 542 Dionysius
3205 470 3637 540 Carthnsiauus,

2050 564 2163 618 suis
2207 560 2259 617 in
2292 563 2460 618 libros
2489 562 2894 631 Areopagiticos
2926 561 3335 617 commentariis
3366 561 3637 630 adiectam

2052 655 2147 710 fol.
2185 655 2291 711 369
2325 671 2451 726 sqq.
2485 655 2692 710 Exinde
2724 668 2853 709 vero
2887 653 3055 709 semel
3101 654 3407 724 iterumque
3438 655 3638 725 prodiit

2050 747 2275 803 Basileat
2317 763 2445 802 ann.
2486 745 2647 809 1550,
2696 744 2836 800 1555
2880 753 2936 799 et
2973 743 3133 809 1569,
3169 760 3293 800 cum
3344 745 3397 798 in
3436 743 3639 799 Hiero-

2048 840 2362 910 presbytico,
2397 849 2506 894 tum
2540 838 2594 892 in
2622 836 3147 906 Orthodoxographis
3176 836 3392 891 Heroldi
3421 846 3472 890 et
3496 836 3640 909 Gry-

2053 932 2154 986 nzei
2188 949 2202 997 ;
2242 945 2453 986 necnon
2515 930 2568 984 in
2614 928 2959 984 Bibliotlteris
2994 924 3218 989 Patrum
3244 927 3418 982 Paris.
3441 926 3636 983 Colon.

2048 1032 2104 1077 et
2151 1021 2493 1092 Lugdunensi
2532 1041 2547 1076 :
2584 1021 2637 1076 in
2693 1022 2893 1092 quibus
2928 1032 3110 1077 tamen
3156 1034 3347 1095 omnes
3380 1019 3640 1089 Epistula

2050 1112 2400 1177 Antonianae,
2430 1113 2475 1168 si
2514 1112 2740 1183 primam
2776 1112 3037 1183 excipias,
3080 1125 3362 1181 perperam
3404 1109 3473 1163 ad
3527 1111 3640 1165 Ar.-

2049 1202 2271 1258 sinoitas
2302 1203 2482 1258 missa:
2529 1201 2814 1269 feruntur;
2851 1217 2973 1257 cum
3016 1201 3344 1272 Hieronymo
3375 1210 3532 1266 teste,
3578 1212 3641 1254 ut

2050 1295 2211 1349 modo
2276 1293 2673 1356 intelleximus,
2743 1308 2904 1347 unam
2952 1293 3348 1356 tantummodo,
3404 1305 3641 1360 eamque

2048 1386 2392 1455 pra’cipuam,
2426 1385 2719 1441 Arsinoitis
2748 1384 2918 1441 fuisse
2953 1385 3266 1455 inscriptam
3294 1393 3637 1455 compertum

2049 1477 2121 1531 sit
2154 1498 2167 1533 :
2191 1477 2689 1550 estquesecunda,
2713 1492 2833 1547 quae
2854 1476 2970 1532 sola
3003 1476 3061 1530 in
3089 1476 3489 1546 antiquioribus
3521 1477 3641 1531 edi-

2051 1567 2140 1629 tis,
2190 1568 2344 1622 nobis
2374 1567 2654 1637 inspectis,
2702 1568 2772 1621 ad
2816 1568 3116 1621 Arsinoitas
3165 1568 3331 1622 missa
3384 1566 3642 1635 perbibe-

2053 1667 2160 1711 tur.
2197 1656 2348 1724 Quod
2380 1659 2595 1728 quidem
2633 1665 2879 1713 erratum
2929 1658 2983 1712 in
3030 1656 3255 1723 Patrum
3296 1655 3640 1711 Bibliothecis

1982 1729 2380 1813 Boccurrens,
2438 1749 2647 1819 primus
2717 1749 2939 1821 agnovit
2998 1746 3418 1815 emendavitque
3478 1746 3643 1800 Biva-

2051 1839 2162 1893 rius
2190 1839 2287 1911 (g),
2319 1840 2409 1909 qui
2445 1851 2502 1896 et
2546 1841 2597 1893 in
2625 1854 2726 1894 suo
2761 1839 2975 1894 erudito
3012 1838 3088 1892 De
3124 1839 3283 1892 veteri
3317 1839 3641 1891 monaclratu

2048 1947 2213 1998 opere
2250 1942 2358 1987 tres
2414 1933 2624 2003 priores
2680 1931 3026 1986 Antonianas
3061 1916 3308 1985 exhibuit
3348 1928 3639 1999 epistolas,

2049 2023 2318 2091 simulque
2353 2023 2565 2078 illarum
2597 2037 2630 2077 e
2657 2023 2880 2094 regione
2922 2020 3320 2091 expositionem
3355 2022 3635 2090 apposuit.

2049 2113 2235 2185 Neque
2288 2116 2449 2171 aliter
2517 2117 2735 2187 demum
2809 2115 2966 2173 nobis
3021 2113 3287 2185 agendum
3350 2114 3641 2171 existima-

2050 2206 2245 2260 vimus.

2050 2295 2117 2351 V.
2178 2296 2386 2353 Harum
2439 2295 2802 2367 Epistolarum
2853 2297 3186 2367 praestantia.
3242 2294 3362 2362 Quo
3408 2307 3642 2366 tempore

2722 2388 2957 2455 scripta.

2120 2475 2228 2533 Sed
2256 2477 2384 2533 illud
2422 2478 2602 2548 potius
2630 2481 2837 2535 relcrre
2867 2478 3095 2550 juverit,
3128 2479 3274 2550 quod
3309 2479 3470 2535 nobis
3500 2480 3639 2538 edis-

2050 2569 2183 2624 serit
2205 2570 2272 2625 de
2298 2571 2383 2626 bis
2416 2570 2669 2641 Epistolis
2697 2573 2909 2641 primus
2934 2586 3123 2627 earum
3157 2572 3335 2628 editor
3364 2572 3632 2643 Cbampe.

2051 2663 2163 2717 rius
2200 2664 2251 2717 in
2292 2664 2515 2734 epistola
2546 2663 2766 2720 Hectori
2806 2664 2956 2719 Dallo
2992 2665 3138 2720 sedis
3169 2665 3480 2736 apostolicae
3510 2680 3636 2736 pro-

2053 2754 2323 2809 tonotario
2362 2756 2645 2826 inscripta,
2685 2771 2906 2826 suaeque
2965 2756 3195 2813 editioni
3239 2757 3483 2828 pmﬁsa.
3540 2758 3635 2814 Sic

2052 2844 2218 2915 igitur
2256 2845 2390 2899 ille:
2437 2845 2628 2914 Accepi
2672 2847 2911 2912 tandem,
2955 2846 3152 2915 inquit,
3186 2863 3318 2917 quas
3356 2848 3451 2902 diu
3491 2849 3634 2904 desi-

2049 2938 2228 2990 deravi
2262 2954 2293 2991 a
2339 2950 2387 2990 te
2434 2936 2661 3003 litteras,
2708 2955 2925 3008 cumque
2968 2940 3048 2992 his
3089 2940 3250 2994 simul
3302 2942 3408 2995 diui
3452 2939 3635 2997 Patris

1972 3067 2014 3124 ο
2052 3029 2266 3083 Antonii
2298 3027 2574 3098 Epistolas
2618 3040 2834 3099 septem,
2861 3046 2991 3100 quas
3019 3048 3171 3085 sacer
3213 3033 3516 3088 Theodorus
3552 3047 3631 3089 to-

2048 3121 2152 3174 tius
2175 3121 2476 3174 monastica:
2495 3121 2837 3192 archiprwsul
2854 3124 3366 3190 communicaverat;
3392 3143 3632 3193 ——-quas-

2047 3229 2145 3283 que
2174 3231 2279 3267 una
2306 3225 2353 3268 et
2388 3212 2706 3284 ngyptiare
2740 3216 2983 3281 scriptas,
3018 3225 3069 3270 et
3104 3214 3283 3272 (ἔνατα
3319 3218 3631 3287 interpreta-
3718 3252 3721 3255 -

2049 3316 2157 3372 tas,
2187 3322 2351 3375 nuper
2378 3323 2497 3361 vero
2541 3323 2573 3359 a
2612 3305 2827 3362 Valerio
2879 3306 3098 3364 Sarasio
3155 3309 3342 3366 Latine
3381 3316 3629 3379 scriptas,

2047 3396 2117 3449 ad
2148 3412 2228 3450 me
2263 3396 2477 3449 misisti.
2511 3395 2753 3462 Quarum
2782 3400 3163 3467 grasitatemne
3202 3418 3273 3456 an
3317 3403 3629 3457 suavitatem

2048 3487 2165 3551 plus
2196 3487 2456 3552 admirer,
2505 3490 2698 3543 nescio.
2753 3487 3000 3560 Namque
3049 3492 3320 3560 aptissime
3357 3495 3632 3549 exorditur

2056 3577 2342 3643 Antonius,
2394 3581 2569 3636 lucide
2606 3582 2979 3651 prophetarum
3015 3595 3198 3640 narrat
3239 3586 3512 3650 historias,
3548 3588 3634 3640 iu-

2048 3672 2180 3725 uelsit
2224 3673 2438 3740 acriter,
2482 3674 2626 3729 varie
2671 3686 2861 3740 ornat,
2908 3677 3197 3745 artiﬁciose
3220 3678 3582 3746 complectitur
3611 3695 3631 3734 :

2048 3774 2157 3817 tam
2189 3773 2328 3833 apte,
2361 3774 2470 3818 tant
2501 3779 2704 3833 ornate,
2753 3776 2860 3821 tam
2905 3770 3133 3838 copiose,
3175 3780 3283 3824 tam
3328 3772 3546 3839 pulchre
3573 3773 3632 3826 in

2051 3854 2305 3922 Epistolis
2338 3860 2506 3911 orauit
2562 3860 2843 3914 Antonius.
2876 3860 3018 3926 Quid
3041 3862 3142 3915 hac
3180 3862 3482 3917 Antoniana
3509 3881 3635 3918 ora-

2047 3945 2186 4023 tione
2216 3947 2497 4016 perfectius
2522 3949 2548 4003 ?
2585 3949 2712 4019 quid
2744 3950 3037 4005 absolutius
3056 3953 3081 4005 ?
3102 3954 3219 4018 quis
3253 3953 3482 4010 modus?
3511 3955 3634 4023 quis

2047 4021 2219 4090 ordo?
2256 4032 2567 4110 Nunquam,
2618 4039 2690 4091 mi
2734 4037 2954 4103 Hector,
2990 4056 3136 4110 teque
3166 4041 3453 4097 delectatus
3486 4021 3629 4104 sum.

2050 4122 2319 4179 Hactenus
2354 4126 2462 4181 ille.

2118 4212 2227 4269 llas
2256 4228 2433 4271 autem
2481 4216 2751 4287 Epistolas
2794 4221 3081 4292 scripsisse
3128 4224 3463 4293 comperitur
3495 4225 3628 4279 bea-

2050 4306 2287 4364 tissimus
2318 4310 2507 4378 abbas,
2542 4329 2665 4369 cum
2689 4325 2956 4384 provecta!
2986 4316 3274 4370 admodum
3312 4328 3457 4374 esset
3498 4330 3631 4375 arta-

362 4389 504 4479 ιίυιιι·
522 4373 698 4430 locum
735 4375 1059 4479 Ἦοξιυίιξιιιεο
1118 4376 1690 4479 Esquisrorroiure
1729 4379 1937 4479 dubitet
1970 4401 2014 4456 υ
2046 4397 2132 4461 tis,
2185 4405 2241 4451 ut
2281 4373 2512 4468 ipsemet
2554 4373 2837 4473 proliletur
2893 4407 2977 4460 his
3014 4407 3196 4462 verbis
3221 4406 3344 4479 (It):
3389 4373 3631 4466 sm};

360 4465 436 4519 de
489 4465 681 4520 barum
735 4464 1100 4529 Epistolarum
1144 4467 1485 4534 sinceritate,
1541 4478 1619 4523 tot
1671 4472 1940 4540 tantisque

364 4559 595 4614 testibus
637 4558 977 4615 conﬁrmata.
1020 4559 1114 4615 Sic
1148 4559 1320 4617 ferme
1350 4561 1596 4617 Bivarius
1635 4561 1738 4632 (Ῑ),
1770 4579 1799 4617 a
1833 4579 1940 4634 quo

365 4666 476 4706 uno
507 4651 624 4707 lucc
651 4650 984 4720 accepimus,
1015 4650 1386 4720 Tillemontio,
1418 4650 1674 4708 Fabricio
1707 4652 1940 4724 aliisque

365 4742 499 4797 viris
525 4743 754 4798 eruditis
791 4742 951 4814 plane
982 4744 1337 4814 incomperta.

435 4835 547 4892 Has
579 4847 759 4893 autem
791 4848 997 4907 septem
1032 4838 1301 4903 Epistolas
1335 4855 1480 4895 nunc
1504 4850 1712 4894 tantum
1750 4841 1941 4896 Latine

366 4927 649 4991 habemus.
667 4947 700 4986 e
718 4929 909 4986 Greece
932 4930 1168 4987 redditas
1188 4946 1220 4985 a
1239 4930 1456 4987 Valerio
1478 4931 1726 4999 Sarasio;
1754 4936 1838 4988 cui
1859 4943 1945 4989 ιδιά

366 5035 490 5074 men
528 5019 582 5074 in
614 5036 709 5075 sua
739 5021 874 5076 satis
900 5019 1133 5089 implexa
1164 5020 1614 5090 interpretatione
1638 5039 1723 5078 res
1752 5039 1940 5093 parum

365 5110 594 5166 feliciter
654 5112 843 5166 cessit.
908 5111 1175 5166 Caeterum
1228 5111 1534 5166 versionem
1591 5111 1935 5169 Sarasianam

365 5205 571 5272 primus
599 5204 868 5274 evulgavit
897 5204 1120 5261 Parisiis
1160 5219 1302 5259 anno
1336 5203 1477 5259 1515
1509 5203 1937 5275 Sympboriunus

436 5323 512 5401 (tt)
551 5324 770 5401 Hieron.
804 5327 878 5401 D_e
901 5328 1002 5401 uir.
1041 5328 1236 5401 illustr.
1270 5345 1391 5401 cap.
1427 5329 1516 5387 88.

446 5396 516 5464 (Ii)
555 5395 784 5451 Pbotius
824 5397 963 5451 Bibl.
1004 5400 1121 5454 cod.
1157 5400 1276 5457 198.

442 5464 509 5533 (ε)
550 5465 666 5518 Lib.
706 5482 732 5516 ν
770 5467 847 5520 De
891 5465 1019 5521 Vitis
1057 5468 1302 5525 Patrum.

439 5538 515 5609 id)
561 5535 743 5609 Sigei».
782 5536 855 5609 pe
885 5540 1067 5607 script.
1096 5541 1222 5594 eccl.
1254 5557 1374 5609 cap.
1414 5542 1532 5595 H5.

436 5604 727 5730 rrlﬁAuuu.
770 5606 864 5661 (ἐν.
894 5604 1053 5663 libell.
1096 5626 1125 5663 ν
1196 5613 1223 5680 ς
1266 5604 1398 5678 Ιίίιι
1437 5610 1543 5666 γη.
1583 5610 1695 5667 I’P.
1740 5614 1833 5669 lib.
1887 5631 1937 5681 ν,

449 5692 517 5730 ιι.)
553 5712 567 5728 .

365 5691 419 5746 p.
449 5691 567 5731 ιιου.

2042 4501 2135 4555 ego
2184 4505 2386 4559 quoque
2411 4491 2727 4547 deterrimus
2759 4496 2849 4565 qui
2891 4498 3026 4551 Itane
3053 4498 3309 4568 descripsi
3332 4502 3625 4569 epistolam,

2043 4579 2439 4657 expergefactus
2473 4601 2504 4636 a
2544 4586 2860 4640 dormitione
2909 4590 3114 4656 mortis,
3165 4589 3450 4658 plurimum
3489 4592 3625 4646 illud

2043 4669 2293 4735 temporis
2342 4672 2482 4741 quod
2552 4673 2682 4727 mihi
2742 4675 2843 4743 {uit
2914 4693 3068 4745 super
3138 4684 3378 4741 terrain.
3422 4681 3627 4751 factum

2045 4755 2289 4811 existimo
2319 4760 2517 4814 luctum
2558 4774 2606 4816 et
2635 4765 2841 4834 ﬂetum,
2882 4778 2989 4825 etc.
3023 4768 3175 4836 Quod
3204 4773 3400 4828 iterum
3430 4776 3633 4829 conlir-

2042 4861 2179 4916 mat,
2217 4854 2339 4906 dum
2379 4852 2567 4907 Arium
2603 4869 2634 4908 e
2680 4857 2920 4913 tenebris
2950 4862 3148 4917 mundo
3187 4863 3502 4930 emersisse,
3548 4866 3631 4920 vi-

2040 4957 2238 5011 rusque
2281 4958 2440 4998 suum
2493 4944 2769 5001 eliundere
2809 4950 2922 5018 jam
2969 4952 3200 5020 erupisse
3256 4962 3509 5022 testatur,
3547 4956 3628 5011 sic

2040 5033 2293 5103 inquiens
2326 5035 2391 5105 (ἱ)
2418 5054 2432 5089 :
2484 5035 2558 5090 De
2585 5036 2715 5090 Aria
2761 5055 2880 5094 vero
2914 5043 3004 5111 qui
3048 5042 3116 5111 in.
3145 5041 3472 5098 Alexandria
3505 5063 3629 5099 sur-

2046 5124 2200 5188 rexit,
2256 5132 2305 5176 et
2347 5124 2576 5194 loquitur
2620 5127 2796 5181 aliena
2842 5131 2998 5183 verba
3035 5131 3101 5185 de
3156 5129 3458 5203 Unigenito.
3515 5145 3625 5189 etc.

2045 5213 2187 5281 Quin
2215 5214 2380 5268 etiam
2417 5218 2736 5286 rogantibus
2762 5218 3034 5290 episeopis
3070 5233 3124 5276 et
3156 5222 3414 5279 fratribus
3439 5227 3626 5281 omui-

2116 5338 2398 5419 (ﬂliivar.
2436 5338 2511 5393 De
2555 5350 2656 5393 vet.
2696 5340 2937 5393 monach.
2981 5340 3076 5397 lib.
3109 5354 3206 5409 ιιι,
3252 5357 3371 5414 cap.
3403 5343 3462 5407 ἓ,
3505 5344 3531 5419 ξ
3569 5347 3624 5415 5,

2044 5425 2096 5479 ρ’
2116 5408 2308 5548 (33's..
2341 5478 2472 5532 ibid.
2512 5494 2634 5547 pug.
2664 5477 2913 5549 sorsqq.

2116 5548 2191 5616 (It)
2222 5548 2434 5620 Anton.
2476 5549 2638 5620 epist.
2669 5548 2789 5620 διδ
2824 5548 2876 5604 5.

2116 5621 2175 5687 (i)
2219 5618 2293 5674 Id.
2322 5619 2481 5688 epist.
2506 5618 2563 5684 8,
2595 5619 2694 5672 sub
2724 5618 2818 5673 an.
