3990 6210
316 266 426 321 957

1428 267 1486 323 S.
1532 268 1814 327 ANTONII
1855 271 1924 328 Μ.
1964 272 2257 330 ABRATIS
2298 274 2478 330 VITA.

3475 274 3578 331 958

311 384 413 438 bus
442 379 825 436 Alexandriam
874 381 1028 451 petiit
1066 390 1122 436 ut
1165 382 1400 439 Arianos
1433 384 1760 453 confutaret,
1808 389 1898 458 qui
1930 393 1973 448 Α
2005 394 2180 445 monis
2223 389 2463 461 episcopi
2500 386 2742 456 Epistula
2767 386 2835 439 ad
2889 384 3229 456 Theophilum
3265 386 3585 441 Alexandri-

312 487 494 527 seeum
534 472 744 526 sentire
778 471 1075 526 Antonium
1107 475 1536 543 mentiebantur,
1570 487 1631 531 ut
1653 493 1681 531 a
1710 488 1901 534 sancto

313 563 611 618 Athanasio
650 563 931 617 erudimur
967 562 1068 635 (a).

316 654 402 708 VI.
441 654 579 709 Aliw
626 655 983 725 subjiciuntur
1032 654 1299 725 Epistulae
1355 655 1452 711 XX
1482 699 1497 719 ,
1552 674 1617 713 ea:
1672 659 1900 712 Arabico

384 726 451 779 ab
486 724 788 778 Abrahamo
821 723 1154 779 Ecchellensi
1177 724 1462 782 Latinitate
1493 729 1706 781 donata:
1727 744 1746 781 :
1772 745 1901 793 quas

386 797 545 859 inter,
591 805 780 863 reptent
833 794 1042 861 priores
1088 797 1494 860 comprehensae.
1555 798 1695 863 Quid
1736 799 1800 851 de
1838 801 1902 852 iis

370 867 616 946 sentiant
666 865 881 919 eruditi.
939 864 1070 931 Qui:
1119 865 1324 935 reliqua
1374 879 1529 935 sunt,
1576 869 1761 937 paucis
1808 885 1900 922 ea:—

388 946 580 999 posita.

392 1027 735 1096 Subiecimus
762 1034 1020 1097 praiterea
1063 1026 1332 1096 Epistolas
1360 1044 1451 1095 xx,
1485 1044 1622 1099 quas
1655 1045 1722 1087 ex
1767 1032 1903 1084 Ara-

324 1117 448 1173 bico
529 1117 803 1172 transtulit
867 1117 1143 1188 ediditque
1228 1118 1455 1183 Parjsiis
1554 1135 1699 1174 anno
1767 1120 1897 1175 I641

324 1210 485 1262 modo
530 1207 780 1263 laudatus
814 1208 1154 1283 Abrahamus
1198 1207 1564 1265 Ecchellensis
1615 1210 1901 1266 Maronita.

326 1299 528 1353 IIarum
562 1306 765 1367 septem
800 1296 1007 1366 priores
1033 1298 1234 1352 eaedem
1271 1288 1396 1354 sunt
1430 1315 1552 1354 cum
1589 1301 1675 1368 iis,
1715 1303 1905 1357 ordine

324 1395 503 1438 tamen
537 1385 771 1450 inverso,
811 1386 874 1439 de
901 1386 1098 1456 quibus
1148 1386 1308 1440 modo
1355 1403 1663 1443 sermonem
1712 1390 1904 1445 habui-

218 1550 226 1557 .
321 1491 461 1530 mus.
522 1475 721 1531 Verum
782 1476 901 1532 illas
952 1491 1166 1546 quoque
1232 1478 1374 1532 haud
1417 1482 1907 1548 praetenuitteudas

322 1566 783 1631 existimavimus,
827 1583 893 1623 eo
946 1568 998 1622 in
1044 1569 1232 1643 primis
1275 1571 1495 1626 nomine
1541 1574 1683 1641 quod
1733 1574 1907 1628 Arabs

323 1658 597 1727 interpres
634 1674 743 1728 prze
767 1659 978 1724 Graeco,
1008 1660 1103 1720 vel
1130 1662 1174 1715 si
1226 1663 1420 1729 mavis,
1463 1666 1605 1731 quod
1643 1664 1907 1732 posterior

2004 497 2151 545 nam,
2184 480 2258 535 De
2311 481 2704 534 conversatione
2762 486 2810 530 et
2855 476 2960 529 vita
3033 474 3138 531 SS.
3207 476 3482 530 Pachumii
3533 486 3585 531 et

2007 569 2286 636 Theodori,
2323 585 2482 638 quam
2515 583 2579 622 ex
2616 582 2718 622 ms.
2751 567 2938 621 codice
2976 565 3294 619 Florentino
3326 565 3380 620 in
3409 566 3583 620 lucem

2003 660 2185 714 emisit
2225 657 2574 712 doctissiums
2619 656 3024 726 Papcbrocbius
3075 654 3171 727 (c).
3226 655 3301 710 Ea
3343 671 3474 711 vero
3504 656 3588 710 in-

2004 738 2260 803 scribitur
2288 749 2574 803 Tbeodoro
2598 748 2740 803 beati
2783 746 2973 804 Orsisii
3004 749 3331 812 successori,
3357 746 3588 816 scripta-

2004 856 2109 909 que
2134 840 2445 909 perhibetur
2481 855 2624 893 anno
2676 837 2783 894 55⁸5
2814 848 2908 894 aut
2938 838 3044 894 554
3079 836 3182 909 (d),
3220 853 3343 892 cum
3375 837 3588 893 scilicet

2005 946 2206 986 annum
2231 932 2370 985 ultra
2399 932 2755 986 centesimum
2778 940 2964 999 ageret
2990 929 3372 985 sanctissimus
3393 929 3584 984 abbas.

2078 1023 2303 1093 Reliqua
2343 1038 2507 1093 porro
2559 1038 2681 1091 qua:
2731 1022 3156 1091 subsequuntur,
3189 1034 3257 1074 ex
3285 1018 3585 1074 Parisiensi

2005 1117 2241 1173 editione
2279 1132 2404 1170 ann.
2461 1115 2600 1171 1646
2644 1114 2844 1169 laudati
2880 1112 3172 1167 Abrahami
3231 1111 3588 1167 Ecchellensis

2005 1208 2356 1271 exhibemus;
2389 1209 2479 1275 qui
2526 1221 2587 1261 ea
2619 1206 2801 1261 omnia
2851 1204 3123 1258 transtulit
3159 1218 3225 1258 ex
3268 1219 3370 1258 ms.
3401 1204 3590 1258 codice

2006 1301 2237 1354 Arabico
2278 1299 2489 1369 collegii
2542 1298 2929 1353 Maronitarum
2970 1298 3036 1350 de
3072 1294 3242 1360 Urbe,
3280 1296 3421 1348 unde
3459 1293 3592 1363 Epi-

2005 1391 2165 1445 stolas
2215 1406 2430 1459 quoque
2473 1390 2781 1460 descripsit.
2833 1387 3128 1442 Omisimus
3175 1397 3351 1442 tamen
3383 1384 3441 1441 S.
3482 1385 3594 1438 An-

2009 1485 2141 1537 tonii
2190 1481 2383 1549 Vitam,
2418 1498 2578 1551 quam
2632 1482 2772 1535 ident
2812 1480 2988 1536 editur
3012 1488 3067 1533 et
3100 1479 3370 1549 interpres
3397 1476 3591 1531 decer—

2009 1575 2114 1646 psit
2145 1592 2208 1630 cx
2251 1576 2438 1630 codice
2468 1575 2731 1643 inscripto
2758 1613 2775 1637 ,
2827 1571 3003 1626 Clavi:
3044 1572 3224 1637 ianua:
3247 1569 3488 1638 paradisi
3528 1570 3593 1621 de

2008 1667 2163 1733 gestis
2195 1665 2567 1719 monachorum
2597 1680 2616 1718 :
2652 1663 2851 1733 quippe
2887 1677 3010 1732 quae
3053 1661 3299 1730 pluribus
3320 1675 3593 1715 commcn-

326 1750 594 1819 interpres
638 1750 1004 1807 Eccbellensis
1053 1767 1162 1821 pra:
1201 1752 1381 1822 priore
1442 1752 1687 1818 Sarasio,
1732 1755 1904 1808 sant-ti
1941 1735 1980 1788 Β
2011 1758 2079 1811 tis
2136 1756 2335 1810 referta
2382 1771 2504 1812 esse
2546 1763 2801 1808 noscatur
2844 1753 2938 1825 (ε).
2989 1752 3201 1815 Habent
3234 1766 3386 1813 sane,
3412 1749 3595 1818 judice

326 1839 501 1896 Patris
542 1843 842 1896 sententias
890 1843 1220 1899 luculentius
1265 1845 1606 1914 expressisse
1643 1845 1904 1900 videatur.

2007 1848 2341 1904 Renaudotio
2382 1847 2487 1917 (Ι),
2522 1847 2726 1900 Arabes
2755 1844 3049 1899 Christiani
3091 1842 3150 1898 S.
3194 1840 3418 1897 Antonii
3469 1840 3595 1894 vitae

330 1933 409 1987 Ad
449 1933 776 2003 reliquarum
817 1946 1002 1990 autem
1044 1936 1303 1989 tredecim
1355 1938 1497 2007 quod
1558 1937 1751 1990 attinet
1788 1952 1910 2006 pre-
2006 1940 2263 1996 historias
2304 1939 2597 2010 plurimas;
2652 1952 2775 2004 quae
2827 1946 3030 1999 tamen,
3081 1943 3140 1988 ιιι
3181 1933 3366 1999 omnia
3422 1930 3596 1987 ferme

330 2026 484 2092 tium,
514 2041 608 2080 eas
638 2025 696 2081 Β.
732 2026 952 2082 Antonii
979 2028 1192 2098 ingenio
1220 2029 1510 2105 divinaque
1540 2027 1659 2099 ejus
1689 2030 1900 2098 sapien-

329 2118 422 2183 tia,
464 2117 700 2173 bominis
733 2133 860 2174 vere
891 2117 1258 2181 Θεοδιδάκτου.
1291 2121 1665 2192 dignissimas,
1696 2138 1761 2177 ac
1789 2122 1907 2189 ejus

328 2209 479 2263 vivos
532 2209 871 2265 characteres
937 2225 1060 2266 esse
1115 2219 1304 2267 censet
1379 2212 1734 2268 Combeiisius
1791 2212 1907 2282 (b).

328 2299 517 2355 Tradit
537 2315 696 2371 porro
716 2299 1079 2356 Ecchellensis
1110 2300 1161 2355 in
1182 2299 1507 2355 Prml‘atione
1533 2302 1598 2355 ad
1629 2299 1909 2368 lectorem,

327 2392 614 2447 Arabicam
677 2393 1005 2456 versionem,
1053 2401 1113 2446 ut
1156 2391 1461 2461 aliquorum
1508 2390 1755 2448 codicum
1807 2391 1931 2446 fert'

328 2483 537 2547 titulus,
574 2482 737 2537 fuisse
764 2478 1080 2537 adornatam
1112 2497 1140 2535 a
1172 2484 1406 2552 quodam
1438 2482 1705 2537 monacho
1744 2480 1914 2553 Egy-

327 2575 463 2640 ptio,
495 2575 709 2629 nomine
731 2575 1060 2641 Abrahamo,
1106 2574 1345 2645 ejusdem
1385 2573 1684 2629 beatissimi
1729 2574 1908 2630 Patris

333 2666 639 2731 institutum
668 2667 977 2738 proﬁtente,
1014 2668 1158 2723 circa
1198 2665 1403 2722 Christi
1446 2679 1648 2721 annum
1675 2666 1801 2721 800.

404 2757 497 2812 liis
530 2759 759 2828 denique
800 2774 869 2813 xx
917 2759 1185 2831 Epistolis-
1207 2758 1368 2812 aliam
1408 2756 1656 2812 addimus
1687 2772 1754 2814 ex
1778 2759 1910 2812 Am-

402 2888 481 3031 Eal
524 2890 718 2944 Athan.
765 2889 871 2945 Vit.
904 2889 964 2947 S.
998 2890 1189 2947 Anton.
1226 2889 1372 2962 §69,
1409 2902 1531 2959 pag.
1571 2889 1698 2946 847.

433 2960 483 3031 ὸ)
518 2959 763 3018 Combef.
797 2962 1029 3018 Recens.
1061 2972 1207 3016 auct.
1264 2959 1401 3016 Bibl.
1429 2962 1676 3016 concion.

433 2960 483 3031 ὸ)
518 2959 763 3018 Combef.
797 2962 1029 3018 Recens.
1061 2972 1207 3016 auct.
1231 2959 1401 3016 'Bibl.
1429 2962 1676 3016 concion.
1705 2970 1838 3017 tom.
1868 2959 1909 3026 l,

335 3031 747 3227 :§)5£3pebr.
802 3099 934 3155 Act:
968 3102 1068 3159 SS.
1108 3101 1240 3170 Maii
1297 3110 1426 3156 tom.
1478 3100 1577 3168 III,
1634 3116 1759 3174 pag.
1806 3099 1907 3165 70,

345 3327 2303 3355 ___________________________.

2005 2032 2209 2101 scripta
2238 2026 2527 2101 ejusmodi,
2560 2027 2758 2084 fabulis
2792 2026 3246 2097 inquinatissima:
3302 2033 3452 2090 sunt,
3496 2038 3598 2079 nec

2008 2126 2171 2181 ullius
2200 2124 2383 2195 pretii.

2076 2214 2345 2272 Czeterum
2402 2212 2622 2266 Antonii
2666 2209 2841 2281 Magni
2872 2209 3108 2265 ascetica
3150 2223 3315 2279 opera
3369 2207 3599 2263 laudan-

2011 2314 2103 2360 tur
2181 2320 2403 2376 quoque
2454 2319 2484 2356 a
2548 2303 2757 2356 Thoma
2829 2302 3084 2371 episcopo
3152 2300 3455 2371 Margeusi,
3504 2299 3597 2368 qui

2011 2398 2237 2470 Syriaco
2275 2409 2528 2451 sermone
2585 2392 2882 2447 Historiam
2940 2394 3291 2447 monasticam
3340 2391 3595 2459 scripsit,

2011 2488 2319 2557 claruitque
2375 2487 2479 2543 sub
2531 2484 2845 2539 Abrahamo
2892 2490 2949 2536 et
2997 2480 3307 2537 Theodosio
3365 2481 3599 2550 patriar-

2011 2579 2129 2636 chis
2157 2578 2355 2633 saeculo
2387 2592 2443 2632 ix
2492 2577 2742 2641 ineunte,
2805 2583 2865 2628 ut
2907 2582 3096 2630 auctor
3116 2583 3201 2628 est
3231 2572 3296 2626 γ.
3331 2573 3394 2629 C.
3430 2572 3601 2628 Asse-

2015 2685 2206 2726 ωειιηε
2239 2669 2340 2743 (9)ο

2091 2888 2173 2961 (d)
2204 2888 2424 2961 ,Tillem.
2458 2885 2792 2961 Mént._t_qm.
2822 2880 2933 2952 VII,
2966 2895 3087 2952 pag.
3137 2878 3262 2935 {23.

2008 2974 2021 2983 ‘
2202 2960 2304 3022 Id.,
2332 2958 2369 3013 l.
2395 2973 2446 3013 c.
2475 2972 2596 3027 pag.
2626 2954 2748 3011 156,

2115 3018 2159 3108 [ᾗ
2197 3018 2934 3108 ᾏθιιειιιιι.,ξῌρξιπᾳινὶᾳνῳμ
2956 3020 3132 3108 νΔξςζτ.
3164 3035 3287 3108 pag.
3326 3018 3418 3108 ξε.

2019 3092 2418 3225 ⁴6ἓῤ’)5ῧῗεειη.
2446 3095 2587 3150 Bibl.
2611 3092 2821 3150 Orient.
2861 3103 2994 3148 tom.
3030 3092 3130 3161 III,
3167 3099 3307 3161 part.
3339 3103 3396 3154 ι,
3439 3100 3601 3157 pagg.

2304 3313 3583 3339 m—

1221 3499 1343 3612 S.
1431 3496 2039 3611 ANTONII‘
2125 3492 2730 3608 ABBATIS

1817 3726 2066 3806 VITA
2100 3783 2121 3818 ,

856 3914 959 3975 Uti
995 3910 1258 3975 habetur
1291 3910 1361 3971 in
1396 3902 1864 3987 Martyrologio
1897 3900 2336 3983 Egyptio-sub
2367 3901 2468 3963 die
2497 3915 2627 3960 χχιι
2646 3898 2871 3960 mensis
2908 3896 3092 3959 Tuba.

425 4244 538 4300 Hac
583 4242 668 4298 die
718 4240 981 4310 requievit
1025 4247 1266 4306 sanctus,
1293 4237 1495 4305 justus,
1532 4235 1685 4291 stella
1722 4234 1922 4290 deserti
1954 4235 1997 4293 C
2030 4228 2145 4283 haec
2197 4223 2381 4277 omnia
2436 4216 2724 4289 superabat
2783 4228 2885 4310 ope
2943 4211 3153 4310 Domini
3202 4211 3434 4310 Christi,
3498 4222 3620 4310 qua:

353 4346 411 4392 et
451 4335 690 4411 omnium
731 4333 1115 4388 monachorum
1154 4332 1334 4398 Pater,
1366 4345 1594 4402 magnus
1638 4329 1930 4386 Antonius.

357 4427 488 4483 Erat
521 4439 739 4483 sanctus
773 4427 860 4481 hic
887 4442 954 4480 ex
989 4425 1178 4479 incolis
1211 4424 1440 4486 Catnan,
1464 4436 1587 4492 qua!
1616 4422 1717 4477 sita
1752 4431 1835 4475 est
1868 4422 1933 4475 ad

359 4529 565 4588 partem
601 4517 889 4573 australem
922 4515 1201 4584 Memphis,
1243 4512 1566 4568 Christianis
1613 4514 1929 4582 progenitus

360 4608 691 4678 parentilms.
732 4608 779 4662 Is
822 4607 1004 4675 viginti
1056 4604 1336 4672 completis
1366 4603 1542 4668 anuis,
1576 4617 1733 4658 sacro
1764 4603 1940 4671 bapti-

360 4711 536 4756 smate
563 4700 776 4754 ablutus
807 4709 908 4753 est.
939 4698 1064 4752 Post
1109 4697 1314 4750 obitum
1344 4705 1626 4765 parentum
1674 4678 1893 4747 suorum
1919 4736 1933 4757 ,

362 4792 592 4846 inﬁrmis
634 4800 688 4845 et
721 4791 1045 4860 pauperibus
1086 4802 1274 4843 omnes
1320 4803 1445 4844 snas
1476 4787 1719 4857 erogavit
1761 4784 1938 4840 facul-

365 4893 530 4949 tates;
572 4890 627 4936 et
673 4882 885 4935 unicam
935 4896 1096 4947 quam
1152 4879 1383 4932 habebat
1437 4892 1714 4942 sororem,
1769 4876 1941 4931 sacris

366 4974 663 5042 virginibus
697 4973 934 5026 tradidit.
980 4971 1305 5039 Religiosum
1348 4969 1545 5023 cultum
1590 4978 1644 5023 et
1687 4968 1935 5023 solitudi-

369 5077 489 5115 nem
526 5063 766 5131 apprime
793 5062 1034 5125 amabat;
1085 5061 1317 5114 nondum
1353 5061 1495 5113 enim
1532 5071 1661 5114 tunc
1700 5059 1941 5129 promul-

367 5162 548 5223 gatnm
584 5163 703 5206 erat
747 5152 1099 5205 monachatus
1134 5168 1362 5218 nomen;
1406 5152 1498 5206 sed
1542 5151 1632 5218 qui
1662 5165 1720 5202 se
1758 5150 1813 5202 in
1851 5165 1943 5203 so-

369 5237 651 5299 litudinem
697 5243 947 5308 conferre
978 5244 1248 5305 volebant,
1293 5259 1395 5296 non
1432 5244 1586 5313 longe
1622 5243 1946 5303 secedebant

370 5352 400 5391 a
456 5337 668 5404 patria,
719 5345 777 5388 ut
828 5334 1078 5404 religioso
1134 5334 1301 5388 cultui
1353 5349 1571 5403 operam
1644 5343 1943 5396 navarent,

336 5410 826 5498 [quemadmodum
878 5426 1130 5497 praastitit
1176 5426 1329 5480 initio
1378 5441 1604 5493 magnus
1661 5426 1944 5480 Antonius.

375 5522 449 5576 lbi
501 5523 878 5592 oppugnabant
932 5535 1053 5574 eum
1111 5519 1303 5574 diaboli
1343 5528 1581 5588 torpore,
1636 5519 1815 5582 lthiu,
1868 5517 1949 5586 pi-

375 5614 534 5684 gritia
563 5625 617 5669 et
650 5617 902 5685 operibus
951 5613 1191 5684 peccati;
1238 5612 1668 5680 iuducebantque
1700 5611 1772 5664 illi
1814 5612 1948 5680 ligu-

379 5720 495 5762 ram
530 5706 768 5762 mulieris
801 5706 961 5762 veluti
993 5721 1115 5762 cum
1144 5721 1208 5762 eo
1238 5702 1664 5763 concumbentis.
1696 5700 1789 5760 Ille
1819 5718 1951 5759 vero

2036 4333 2255 4388 semper
2291 4323 2491 4386 praesto
2527 4310 2602 4367 illi
2657 4317 2796 4365 erat.
2832 4306 2958 4361 Post
2998 4307 3114 4392 haec
3158 4300 3423 4368 quoddam
3467 4299 3622 4367 petiit

2039 4417 2481 4471 monumentum,
2521 4400 2893 4468 habitavitque
2943 4395 3038 4461 ibi,
3067 4390 3452 4462 maximopere
3499 4390 3624 4445 rrIi-n

2036 4501 2211 4569 gionis
2250 4497 2484 4553 cultibus
2520 4508 2643 4549 sese
2686 4490 2904 4545 dedens.
2936 4484 3065 4540 Loci
3108 4482 3338 4538 occlusit
3377 4480 3622 4552 januam,

2040 4593 2197 4647 amici
2251 4605 2380 4646 vero
2425 4603 2548 4647 eum
2602 4584 2739 4639 cibis
2799 4580 3125 4635 inviscbant.
3181 4574 3331 4641 Quod
3378 4574 3624 4626 videntes

2041 4684 2239 4741 diaboli
2274 4680 2477 4735 invidia
2507 4682 2854 4737 exarserunt,
2884 4680 2940 4724 et
2974 4671 3335 4734 irrmnpentes
3362 4665 3415 4717 in
3448 4664 3623 4731 ipsum

2042 4776 2229 4830 multis
2256 4770 2677 4838 crudelibusque
2712 4770 3041 4833 acceperunt
3074 4759 3317 4830 ﬂagellis,
3347 4766 3402 4812 et
3442 4758 3626 4823 jacen-

2046 4877 2151 4923 tem
2201 4865 2348 4920 humi
2384 4862 2741 4931 reliquerunt.
2791 4855 3079 4911 Venientes
3127 4863 3308 4905 autem
3357 4848 3543 4913 amici,
3572 4856 3627 4900 et

2043 4975 2107 5014 eo
2137 4962 2189 5012 iu
2219 4967 2363 5012 statu
2398 4955 2546 5008 illum
2593 4950 2927 5019 reperientes
2970 4945 3023 4999 in
3064 4941 3351 5000 ecclesiam
3383 4951 3628 5005 asporta-

2043 5060 2259 5116 verunt,
2307 5049 2395 5103 ubi
2441 5047 2676 5102 sanitate
2708 5057 2831 5097 eum
2867 5040 3087 5095 donavit
3136 5038 3298 5091 Deus.
3331 5030 3433 5100 Qui
3474 5034 3528 5086 in
3566 5041 3629 5082 se

2046 5160 2297 5203 reversus
2331 5140 2584 5214 praecepit
2626 5138 2722 5201 eis,
2774 5146 2832 5191 nt
2875 5135 2928 5189 in
2965 5134 3200 5204 priorem
3252 5130 3427 5185 locum
3463 5127 3628 5180 refero

2047 5220 2217 5299 retur.
2276 5238 2390 5293 iloc
2449 5237 2945 5292 auimadvertentes
3015 5228 3253 5291 diaboli,
3298 5224 3466 5280 variis
3529 5222 3631 5276 sub

2050 5336 2213 5390 larvis
2245 5346 2300 5388 et
2347 5326 2817 5402 phantasmatibus
2865 5324 2939 5379 illi
2979 5338 3101 5379 sese
3143 5319 3488 5382 obtulerunt,
3529 5315 3632 5372 sub

2050 5428 2237 5483 iormis
2285 5420 2784 5481 scilicet’ferarum,
2826 5426 2885 5471 ut
2924 5416 3191 5485 luporum,
3227 5413 3466 5475 leonum,
3510 5408 3636 5462 dra-

2052 5535 2287 5580 conum,
2340 5524 2683 5585 scrpentum,
2725 5509 3072 5580 scorpionum
3114 5522 3179 5560 ac
3227 5501 3531 5577 ejusmodi;
3582 5509 3637 5552 et

2057 5608 2262 5680 singula
2300 5606 2527 5661 istormn
2562 5603 2669 5655 vim
2715 5600 2985 5655 faciebant
3031 5597 3097 5650 ad
3146 5595 3294 5650 illum
3331 5590 3638 5663 deperdenc-

2060 5704 2205 5758 dum.
2233 5698 2350 5773 Ipse
2383 5712 2509 5754 vero
2539 5693 2819 5753 deridebat
2857 5706 2923 5752 ac
2982 5688 3238 5747 illudebat
3267 5699 3360 5743 eos
3402 5682 3633 5740 dicens:
