3990 6210
389 260 494 316 95')

1501 281 1769 342 PATBES
1801 288 2099 345 ᾸΕΟΥΡΤΙΙ
2141 295 2411 355 S/ECULI
2451 301 2541 378 IV.

3549 326 3657 381 960

388 381 445 432 Si
481 395 788 449 poteslalem
839 399 1004 443 uitam
1037 393 1294 450 haberetis
1340 400 1396 451 in
1429 417 1530 466 me,
1569 421 1704 459 unus
1743 419 1964 462 vestrum
1995 417 2043 471 Α
2075 425 2273 482 tomus,
2299 421 2390 485 qui
2429 422 2577 476 nihili
2609 438 2700 478 eas
2734 426 2920 491 duxit,
2945 431 3039 483 sed
3085 433 3342 490 fratibus
3366 440 3476 493 ait:
3517 441 3655 502 Ecce

388 484 517 536 sutis
568 485 908 554 εδεινιητιιιιρ
955 500 1130 543 autem
1178 491 1352 548 instar
1387 497 1517 552 fumi
1558 502 1963 572 dissipabantur

383 589 564 626 curam
593 591 684 640 eo;
713 591 761 629 et
792 579 926 632 liber
950 597 976 631 a
1012 584 1353 647 passionibus
1379 599 1539 656 atque
1571 596 1960 653 tentationibus

380 664 713 719 eilicicbatnr
743 686 756 721 :
788 681 841 722 et
877 672 1024 725 dndit
1067 676 1114 727 ei
1163 677 1305 730 Deus
1353 683 1737 738 auctoritatem
1775 689 1960 742 victri-

379 771 498 807 cum
545 757 804 813 adversus
845 764 1112 821 diabolos.
1152 767 1350 822 Panem
1392 772 1474 827 bis
1509 775 1558 826 iu
1606 793 1749 831 anno
1789 781 1958 834 conli-

378 849 555 903 ciebat
587 861 640 904 et
677 855 938 918 torrebat,
969 868 1026 912 ιιι
1067 861 1256 915 melius
1299 879 1740 923 cvmservaretur.
1776 871 1958 926 Notiti-

377 952 499 989 nem
543 944 607 992 ad
657 958 714 995 se
765 944 970 1012 ingredi
1004 952 1367 1020 permittebat,
1407 958 1503 1010 sed
1555 957 1687 1015 foris
1715 973 1956 1020 astantes

378 1029 536 1082 verba
569 1035 909 1101 excipiebant
943 1038 1061 1106 ejus
1084 1044 1172 1107 qui
1197 1059 1261 1098 eo
1289 1049 1670 1106 adventabant.

450 1120 648 1191 Viginti
697 1142 960 1182 annorum
993 1135 1167 1202 spatio
1201 1138 1440 1192 sedulam
1483 1143 1612 1197 inibi
1646 1146 1792 1200 dedit
1831 1165 1954 1217 ope-

376 1227 490 1264 ram
540 1215 805 1284 religiosis
856 1223 1091 1279 cultibus
1122 1238 1174 1280 et
1213 1231 1492 1286 institutis.
1526 1235 1660 1290 Tum
1700 1245 1952 1310 prmcepit

373 1303 470 1369 ipsi
512 1305 787 1374 Dominus,
821 1324 876 1363 ut
910 1315 1183 1380 proﬁcuus
1215 1331 1351 1376 esset
1392 1327 1575 1393 generi
1613 1328 1869 1397 humano,
1899 1344 1952 1389 et

375 1393 622 1447 timorem
662 1396 752 1452 Dei
796 1415 860 1454 ac
904 1417 1086 1456 verum
1133 1407 1248 1474 ejus
1282 1411 1482 1465 cultum
1531 1419 1782 1473 edoceret
1828 1439 1946 1477 eos.

371 1481 548 1546 Quare
577 1486 628 1539 in
651 1486 874 1544 Phaiqu
899 1494 1174 1561 profectus
1195 1510 1378 1565 est;el
1401 1507 1488 1571 qui
1515 1509 1642 1562 inibi
1663 1525 1815 1565 erant
1841 1516 1948 1569 fra-

371 1587 500 1640 tres,
529 1581 870 1638 confirmavit
897 1597 986 1639 :et
1019 1603 1266 1646 reversus
1287 1605 1366 1648 est
1392 1597 1456 1650 ad
1491 1615 1644 1652 stmm
1681 1618 1949 1663 monaste-

372 1667 530 1720 rium.
579 1668 845 1740 Tempore
893 1682 1286 1743 persecutionis
1338 1699 1658 1759 martyrum,
1701 1703 1944 1769 martyrii

2071 510 2317 564 habemus
2349 513 2549 568 litteras
2589 515 2744 586 Regis
2791 537 2989 590 regum,
3017 542 3134 593 quae
3171 510 3263 582 uo:
3292 534 3523 594 quotidie
3549 541 3650 589 ad-

2067 617 2308 668 mouent;
2333 615 2378 658 et
2420 624 2513 659 nos
2557 610 2704 662 nihili
2750 614 2873 665 illas
2908 616 3133 679 facimus
3163 631 3246 673 :et
3286 625 3418 693 regis
3455 631 3649 684 terreni

2065 694 2352 760 gaudemus
2397 699 2624 755 litteris?
2658 702 2720 754 Et
2765 705 2852 758 vix
2903 707 3118 775 quidem
3168 726 3485 781 responsum
3516 720 3646 776 dare

2067 786 2233 841 voluit
2267 789 2593 848 instantibus
2627 795 2908 864 fratribus,
2941 809 2997 854 et
3026 802 3369 860 dicentibus:
3409 807 3510 864 lli:
3543 816 3646 863 im-

2061 891 2275 945 perator
2310 896 2384 934 est
2420 883 2612 950 iustus,
2661 899 2871 942 amator
2921 890 3190 948 Ecclesiae.
3239 896 3334 950 llis
3376 902 3644 962 adductus

2064 969 2149 1022 vix
2183 972 2424 1041 scripsit,
2456 985 2510 1029 et
2542 977 2749 1034 solatus
2777 991 2860 1033 est
2901 997 3049 1048 eum,
3077 1001 3140 1038 ac
3178 986 3472 1045 benedixit.
3503 994 3640 1050 Cum

2058 1061 2348 1131 aliquando
2393 1068 2550 1121 taedio
2581 1069 2804 1126 allectus
2847 1085 3023 1138 esset,
3069 1078 3273 1133 audivit
3311 1096 3496 1137 vocem
3535 1087 3639 1143 sibi

2057 1154 2323 1209 dicentem
2353 1175 2367 1210 :
2410 1156 2672 1228 Egredere
2706 1161 2872 1230 foras,
2912 1177 2966 1218 ut
3003 1169 3214 1234 videas;
3241 1183 3294 1226 et
3336 1189 3456 1227 cum
3493 1190 3642 1236 esset

2055 1257 2328 1313 egressus,
2378 1249 2508 1303 vidit
2552 1252 2802 1322 angelum
2841 1254 2974 1309 stola
3021 1259 3285 1325 indutum,
3331 1277 3384 1318 et
3419 1267 3639 1336 cingulo

2055 1337 2365 1391 accinctum
2395 1341 2748 1407 decussatim,
2781 1346 2871 1414 qui
2910 1348 3139 1402 formam
3177 1353 3446 1410 referebat
3487 1362 3636 1428 pallii

2054 1429 2336 1483 monastici
2365 1469 2380 1494 ,
2425 1439 2479 1484 et
2514 1434 2677 1502 capiti
2719 1435 2834 1504 ejus
2887 1439 3166 1508 cucullus,
3219 1455 3275 1498 ιιι
3323 1448 3475 1514 galea
3518 1462 3638 1505 erat

2054 1517 2368 1587 impositus;
2409 1532 2458 1576 et
2513 1525 2592 1577 sic
2642 1513 2850 1581 sedens’
2889 1528 3016 1584 folia
3058 1537 3383 1590 contexebat
3424 1539 3635 1605 palma-

2054 1624 2210 1674 rtnn;
2249 1621 2358 1665 tum
2383 1613 2637 1681 surgebat
2663 1620 2729 1670 ad
2759 1620 3043 1688 orandum,
3076 1623 3381 1695 iterumque
3408 1632 3633 1687 sedebat

2049 1711 2101 1754 et
2143 1704 2484 1759 contexebat.
2515 1705 2581 1758 Et
2612 1708 2759 1762 venit
2795 1713 2864 1763 ad
2913 1712 3061 1766 illum
3118 1730 3218 1770 vox
3275 1721 3462 1776 dicens
3492 1741 3506 1776 :
3542 1723 3630 1777 Ita

364 1768 729 1832 consequendi
767 1785 1021 1826 coronam
1076 1778 1312 1831 maximo
1348 1781 1614 1837 desiderio
1659 1787 1940 1855 ﬂagrabat.
1979 1774 2017 1826 Β
2050 1792 2153 1860 fac,
2182 1796 2407 1862 Antoni,
2453 1812 2498 1850 et
2545 1799 2796 1866 quiescas.
2850 1802 3059 1859 Exinde
3105 1818 3284 1862 autem
3336 1819 3633 1882 assumpsit

367 1851 605 1882 ηψπ..-
634 1860 696 1882 ..1-
736 1877 858 1882 _-,,,_
920 1881 923 1882 ,
1178 1879 1187 1882 _
1263 1871 1274 1882 .
1407 1874 1436 1882 ..
1578 1879 1618 1882 ν,
1837 1876 1842 1879 .

366 1851 606 1924 Eamque
629 1860 698 1912 ob
730 1877 946 1916 causam
983 1871 1312 1926 monasterio
1344 1874 1530 1931 relicto
1558 1876 1941 1940 Alexandriam

363 1950 662 2013 ιἰιιιίυΙΙιΙῘι,
691 1963 746 2005 et
788 1954 857 2007 ibi
891 1957 1066 2024 palam
1098 1960 1373 2018 Christum
1405 1977 1484 2020 est
1516 1971 1816 2037 confessus,
1847 1979 1941 2032 sed

365 2049 524 2088 nemo
567 2042 736 2093 tenuit
787 2043 958 2099 illum.
1004 2047 1238 2105 Carcere
1281 2053 1524 2113 inclusos
1578 2077 1678 2128 pro
1724 2069 1942 2122 nomine

362 2126 560 2181 tibi-isti
605 2131 859 2189 solandos
894 2139 1097 2192 adibat.
1143 2142 1275 2197 Cum
1323 2158 1500 2203 autem
1545 2126 1755 2210 videret
1805 2174 1942 2226 pras-

362 2218 556 2288 I‘crtns,
601 2239 762 2293 quam
801 2244 988 2297 parum
1041 2233 1143 2288 sibi
1180 2237 1392 2294 timeret
1426 2243 1690 2302 Antonius
1715 2290 1728 2310 ,
1772 2251 1940 2308 edixit

360 2319 419 2363 ut
455 2314 632 2369 nullus
679 2323 975 2376 monachus
1022 2325 1073 2379 in
1124 2329 1395 2396 publicum
1432 2338 1932 2403 prodire'auderet.

357 2399 428 2451 At
459 2403 545 2456 ille
585 2421 704 2460 sese
741 2411 915 2477 palam
959 2414 1006 2468 ei
1043 2416 1324 2485 oll'erebat,
1353 2435 1406 2476 et
1432 2399 1840 2498 alloquebatur,
1879 2446 1937 2491 ιιι

359 2495 500 2546 torte
547 2496 623 2548 ira
667 2503 940 2566 percitus.
989 2510 1273 2563 tormentis
1314 2512 1462 2566 illmn
1509 2519 1834 2588 subjiceret,
1882 2536 1937 2579 et

356 2584 438 2636 sic
467 2589 711 2657 martyrii
747 2608 1171 2664 consequeretur
1202 2601 1471 2671 lauream;
1518 2611 1610 2663 sed
1647 2628 1741 2667 nec
1774 2619 1934 2672 verbo

353 2676 569 2740 quidem
601 2680 774 2734 virum
810 2684 898 2738 Dei
939 2686 1159 2742 offendit
1190 2704 1282 2747 attt
1316 2697 1482 2763 lzesit,
1528 2706 1654 2770 quia
1704 2710 1754 2761 in
1794 2712 1933 2764 mul-

355 2776 529 2820 torum
574 2770 856 2827 utilitatem
894 2778 1067 2846 ipsum
1105 2783 1242 2839 Deus
1283 2796 1642 2850 conservabat
1687 2817 1699 2852 :
1736 2816 1931 2867 (piam-

350 2853 537 2909 obrem
569 2858 746 2914 divina
786 2865 1189 2934 dispensatione
1221 2890 1375 2930 sumn
1419 2885 1633 2950 repetiit
1662 2904 1930 2947 n‘onaste-

352 2946 513 3002 rium.
546 2947 945 3023 lndumentmn,
991 2975 1057 3014 ex
1099 2965 1219 3030 pilis
1253 2971 1432 3025 tunica
1469 2988 1605 3029 erat.
1642 2977 1775 3035 Toto
1808 2986 1928 3040 vitae

348 3037 525 3102 spatio
561 3056 660 3096 nec
691 3060 828 3114 aqua
867 3051 1082 3118 quidem
1131 3071 1332 3126 corpus
1370 3062 1516 3119 lavit.
1559 3069 1804 3129 Molestia
1840 3080 1928 3132 af-

351 3126 521 3183 fectus
555 3147 775 3203 propter
804 3139 1166 3211 frequentiam
1203 3151 1415 3209 illorum
1449 3161 1538 3228 qui
1576 3179 1641 3217 eo
1679 3172 1920 3226 conﬂue-

347 3217 476 3273 bant
505 3225 571 3276 ad
609 3229 925 3298 excipienda
969 3237 1086 3306 ejus
1116 3243 1471 3316 documenta,
1515 3271 1786 3315 annuente
1823 3265 1924 3319 Do-

347 3310 492 3364 mino
519 3313 568 3366 in
601 3317 871 3376 desertum
903 3326 1128 3384 interius
1157 3349 1216 3389 se
1250 3341 1495 3396 contulit.
1530 3345 1606 3400 Eo
1638 3351 1918 3417 profectus

342 3412 425 3454 est
460 3418 580 3458 cum
614 3408 852 3465 Arabum
895 3424 1248 3484 quorumdam
1293 3433 1550 3487 comitatu
1602 3408 1762 3495 trium
1808 3445 1920 3501 die-

343 3504 460 3544 ι·ιιιιι
497 3493 689 3551 itinere
726 3516 820 3568 per
869 3505 1176 3577 desertum,
1229 3517 1404 3574 donec
1445 3523 1652 3582 invenit
1697 3546 1917 3602 aquam,

341 3592 388 3633 ct
423 3584 492 3638 ibi
523 3591 796 3659 constitit;
837 3598 1042 3656 Arabes
1079 3620 1206 3661 vero
1250 3608 1548 3670 aﬂ‘erebant
1588 3620 1662 3675 illi
1697 3584 1913 3692 panem:

344 3671 380 3692 l\
482 3675 494 3692 I
575 3674 591 3689 θ

1697 3671 1913 3692 τηαν...

342 3671 625 3744 Perplures
668 3697 824 3740 erant
866 3704 932 3743 eo
973 3691 1025 3745 in
1063 3696 1280 3754 deserto
1325 3703 1535 3764 feroces
1579 3711 1728 3784 ferte,
1775 3736 1913 3788 quas

337 3765 455 3831 ejus
500 3775 749 3838 precibus
793 3777 918 3837 inde
964 3787 1167 3854 espulit
1216 3791 1387 3861 Deus,
1432 3815 1531 3858 nec
1581 3765 1810 3876 amplius
1863 3815 1914 3870 in

337 3858 464 3915 illud
523 3864 796 3924 desertum
860 3885 986 3932 sunt
1053 3897 1298 3941 reversae.
1357 3858 1752 3957 Revertebatrur
1813 3907 1913 3961 ali-

335 3955 549 4020 quando
574 3959 640 4012 ad
673 3966 911 4022 exterius
942 3979 1347 4046 monasterium,
1393 3997 1447 4041 et
1481 3989 1679 4049 fratres
1713 3998 1804 4066 qui
1839 4000 1909 4055 ibi

336 4047 702 4119 morabantur,
727 4056 994 4116 ‘invisebat
1022 4075 1077 4119 et
1104 4073 1512 4145 consolabatur;
1548 4093 1656 4138 tum
1688 4047 1915 4148 initerius

335 4141 611 4204 repetebat
658 4153 1064 4210 monasterium.
1111 4141 1627 4239 Constantinopolim
1667 4177 1734 4231 ad
1766 4183 1912 4236 Con-

333 4230 628 4287 stantinum
683 4235 932 4309 Magnum
999 4247 1377 4317 imperatorem
1426 4262 1542 4328 ejus
1605 4267 1778 4324 delata
1830 4283 1912 4330 est

332 4317 498 4386 fama,
524 4326 614 4393 qui
647 4331 864 4398 scripsit
894 4337 1128 4394 Antonio
1153 4346 1434 4412 epistolam
1461 4343 1563 4422 qua
1593 4358 1738 4415 illum
1767 4379 1910 4420 com-

330 4415 636 4483 mendabat,
668 4434 733 4474 ac
765 4433 821 4476 ut
851 4440 948 4492 pro
987 4444 1046 4482 se
1091 4447 1274 4490 oraret
1315 4440 1510 4510 Deutn,
1556 4450 1714 4506 enixe
1752 4471 1907 4526 roga-
1940 4451 1984 4505 Ι)

327 4504 440 4560 bat.
475 4507 696 4568 Litteris
733 4517 877 4586 regis
929 4522 1094 4588 gavisi
1127 4537 1255 4582 sunt
1304 4529 1518 4604 fratres,
1553 4550 1606 4594 at
1650 4559 1755 4599 non
1787 4504 1902 4604 Aun-

2047 1888 2148 1941 sibi
2212 1891 2452 1946 habitum
2511 1893 2657 1947 illum
2696 1897 2788 1964 qui
2839 1909 2921 1953 est
2981 1901 3198 1958 habitus
3255 1909 3625 1977 mouasticus,

2044 1991 2374 2048 operamque
2421 1983 2548 2035 item
2589 1984 2736 2038 dedit
2785 1987 3084 2054 palmaimn
3138 1998 3492 2052 contexendi:
3540 1999 3626 2054 fo-

2044 2068 2150 2132 liis,
2179 2087 2277 2125 nec
2319 2073 2550 2142 amplius
2588 2077 2800 2130 taedium
2845 2094 3128 2148 perpessus
3159 2093 3263 2136 est.

2121 2161 2191 2215 De
2222 2162 2478 2219 Ecclesia:
2512 2168 2814 2222 vastatione
2841 2183 2936 2237 per
2969 2171 3258 2229 haireticos
3293 2177 3626 2236 vaticinatus

2043 2263 2144 2316 εει,
2185 2253 2426 2323 itemque
2471 2256 2537 2310 de
2567 2255 2682 2322 ejus
2714 2260 3053 2314 restitutione
3096 2264 3144 2316 in
3182 2252 3470 2333 pristinum
3505 2283 3622 2326 sta-

2045 2352 2180 2399 tum.
2212 2345 2550 2403 Vaticinatus
2596 2366 2811 2419 quoque
2845 2363 2928 2407 est
2973 2355 3041 2409 de
3091 2361 3396 2424 monachis,
3427 2378 3622 2420 eorum

2040 2436 2383 2492 multitudine
2427 2441 2482 2506 et
2521 2453 2811 2510 augmento
2838 2484 2854 2506 ,
2901 2455 2956 2499 et
2991 2451 3262 2515 quomodo
3317 2454 3479 2510 urbes
3534 2459 3621 2512 in-

2039 2527 2336 2583 habitaturi
2364 2541 2541 2594 erant,
2574 2532 2775 2589 relictis
2802 2537 3056 2591 desertis.
3083 2538 3421 2601 Vaticinatus
3449 2549 3617 2604 etiam

2036 2631 2119 2676 est
2150 2621 2216 2675 de
2249 2627 2719 2680 consummatione
2756 2631 2959 2684 ateculi.
2991 2633 3107 2702 Ipse
3155 2635 3488 2693 Macharium
3518 2643 3614 2695 ba-

2039 2715 2150 2768 bitu
2193 2717 2368 2772 imluit
2419 2722 2742 2787 mouastico,
2773 2733 2829 2778 et
2852 2727 3188 2794 consolatus,
3219 2746 3340 2800 quze
3368 2734 3419 2788 ei
3451 2751 3614 2790 even-

2036 2818 2154 2862 tura
2196 2821 2354 2865 erant
2393 2814 2644 2882 praedixit
2679 2817 2802 2886 ipsi.
2849 2816 3133 2876 Profectus
3187 2828 3348 2880 etiam
3397 2830 3462 2882 ad
3499 2846 3615 2884 ma-

2033 2919 2196 2969 gnum
2244 2903 2461 2960 Patrem
2500 2906 2561 2962 Β.
2606 2907 2866 2976 Paulum,
2903 2922 2958 2965 et
2997 2930 3181 2968 curam
3236 2919 3405 2986 gessit
3460 2936 3615 2990 sepe-

2034 2995 2192 3048 liendi
2226 2995 2342 3062 ejus
2384 3011 2602 3066 corpus,
2635 3002 2779 3068 quod
2817 3002 3101 3059 Athanasii
3149 3008 3369 3063 involvit
3426 3014 3608 3081 pallio.

1957 3107 2001 3165 C
2037 3087 2203 3138 Suum
2241 3089 2539 3145 discessum
2590 3094 2657 3147 ad
2712 3097 2954 3164 requiem
3010 3099 3215 3154 instare
3262 3103 3607 3160 animadver—

2032 3186 2152 3230 tens
2178 3177 2471 3244 Antonius,
2519 3190 2578 3234 ut
2609 3197 2808 3251 corpus
2840 3201 2995 3241 suum
3028 3191 3445 3258 absconderent,
3484 3197 3608 3251 ﬁliis

2027 3268 2140 3322 suis
2171 3274 2447 3341 praecepit.
2483 3272 2759 3328 Mandavit
2787 3277 2976 3341 etiam,
3007 3280 3255 3334 baculum
3297 3300 3454 3338 suum
3485 3288 3599 3341 dari

2027 3359 2322 3427 Machario,
2371 3375 2574 3419 vestem
2630 3368 2908 3436 pelliceam
2965 3373 3300 3438 Athanasio,
3342 3387 3396 3430 et
3447 3380 3609 3432 Sera-

2025 3453 2169 3520 pioni
2233 3454 2512 3522 pelliceam
2573 3459 2848 3514 melotam.
2904 3461 3060 3518 llumi
3119 3467 3299 3534 itaque
3345 3477 3606 3523 extensus

2023 3545 2273 3615 spiritum
2323 3549 2562 3615 tradidit,
2611 3560 2664 3605 et
2699 3553 3011 3624 angelorum
3060 3571 3124 3611 ac
3165 3569 3474 3612 sanctorum
3509 3563 3610 3614 ob-

2024 3639 2166 3694 viam
2214 3640 2338 3704 ivit,
2385 3658 2543 3710 quem
2594 3646 2658 3697 :ul
2695 3646 2870 3701 locum
2924 3650 3128 3718 requiei
3166 3664 3604 3720 asportavernnt.

2021 3730 2235 3798 Corpus
2263 3749 2390 3786 vero
2437 3735 2580 3790 illius
2618 3738 2865 3806 discipuli
2895 3740 3316 3806 abscondeiunt,
3353 3755 3411 3798 ut
3451 3763 3608 3800 man-

2023 3821 2247 3875 daverat
2298 3824 2448 3892 ipsis,
2482 3829 2606 3894 quia
2640 3833 3026 3886 exsecrabatur
3069 3850 3182 3897 eos,
3231 3838 3320 3902 qui
3369 3854 3604 3908 corpora

2017 3920 2330 3967 sanctorum
2363 3925 2415 3968 et
2449 3928 2742 3988 martyrum
2774 3936 2838 3974 eo
2885 3926 3226 3991 exponebant
3278 3929 3494 3995 publice
3525 3932 3596 3983 ad

2020 4015 2210 4056 aurum
2259 4005 2585 4073 cogendum,
2627 4021 2692 4060 ac
2731 4021 2950 4078 propter
3000 4014 3172 4066 solum
3227 4015 3458 4080 lucrum,
3492 4033 3602 4073 non

2018 4100 2198 4146 autem
2232 4096 2655 4151 venerationem.
2693 4099 2832 4152 Vixit
2879 4102 2944 4154 ad
2997 4101 3290 4170 perfectam
3339 4117 3601 4162 senectu-

2016 4193 2147 4250 tem,
2181 4201 2280 4241 nec
2320 4186 2661 4243 immutatum
2697 4201 2779 4245 est
2824 4208 3021 4262 corpus
3051 4196 3191 4266 ejus,
3228 4213 3406 4267 neque
3447 4199 3600 4256 defe-

2017 4286 2209 4332 cerunt
2249 4278 2414 4344 vires,
2449 4295 2552 4335 nec
2588 4281 2780 4338 dentes
2814 4285 3154 4342 exciderunt.
3213 4289 3277 4344 Et
3314 4291 3598 4359 profectus

2017 4380 2099 4424 est
2133 4372 2197 4424 ad
2228 4369 2536 4435 Christum,
2583 4388 2740 4443 quem
2793 4376 3003 4432 dilexit.
3053 4379 3182 4450 Ejus
3231 4385 3510 4437 orationes
3541 4395 3599 4438 et

2011 4461 2416 4518 benedictiones
2448 4465 2725 4522 nobiscum
2756 4467 2886 4522 sint.
2918 4469 3111 4525 Amen.

989 4773 1096 4834 Ea:
1139 4776 1609 4866 Martyrologio
1644 4795 2138 4884 Maronitarum,
2183 4811 2296 4873 sub
2327 4812 2425 4872 die
2452 4829 2592 4872 xvn
2622 4813 2945 4874 Januarii.

397 4894 510 4950 llac
564 4896 651 4950 die
708 4906 1156 4961 commemoratio
1231 4911 1541 4971 celebratur
1598 4922 1895 4985 beatissimi

319 4988 541 5044 Antonii
586 4988 761 5060 Magni
795 4992 1028 5048 abbatis.
1060 4997 1159 5053 Hic
1202 5015 1403 5070 genere
1434 5007 1723 5081 {Egyptius
1754 5033 1891 5087 erat,

315 5096 481 5148 quem
518 5083 585 5134 ab
637 5083 749 5151 ipsa
799 5084 1032 5140 infantia
1077 5089 1129 5144 in
1178 5093 1486 5154 Christiana
1537 5105 1794 5176 religione
1831 5089 1895 5168 ac

318 5171 424 5225 tlde
463 5172 780 5230 erudierunt
811 5191 1088 5246 parentes.
1121 5181 1232 5237 Sub
1273 5186 1606 5249 Diocletiano
1635 5171 1687 5251 et
1718 5199 1891 5255 Maxi-

319 5262 500 5318 miano
546 5263 756 5331 ﬂoruit,
802 5279 856 5322 et
889 5281 1143 5338 protensa
1192 5287 1275 5331 est
1314 5278 1430 5347 ejus
1463 5293 1593 5338 astas
1637 5289 1702 5341 ad
1746 5289 1888 5345 Con-

317 5355 618 5412 stantinum
674 5357 925 5430 Magnum
986 5365 1450 5436 religiosissimum
1510 5375 1888 5446 imperatorem

312 5461 508 5516 usque.
548 5450 778 5520 Operam
827 5456 976 5511 dedit
1023 5459 1268 5515 instituto
1313 5467 1611 5522 monastico
1653 5484 1717 5522 ac
1757 5471 1882 5525 vitae

314 5542 617 5611 religiosae;
652 5528 968 5617 tatitumque
1006 5555 1274 5620 pra-cessit
1302 5570 1491 5612 omnes
1524 5559 1679 5630 hujus
1721 5559 1878 5618 insti-

314 5632 434 5696 tuti,
470 5643 528 5686 ut
573 5637 786 5690 cunctis
835 5642 1115 5697 monachis
1165 5657 1418 5717 tanquam
1461 5653 1735 5722 exeutplar
1767 5656 1886 5708 imi-

315 5719 535 5780 tandum
585 5738 995 5795 proponeretur.
1042 5734 1192 5802 Quod
1241 5753 1368 5793 vero
1405 5741 1581 5812 magis
1617 5743 1886 5802 admiran-

2007 4937 2132 4992 dum
2169 4947 2282 5000 est,
2328 4938 2540 4992 tametsi
2593 4954 2696 4992 non
2744 4939 2980 4992 onmium
3017 4939 3224 5008 primus
3275 4944 3586 5002 institutum

2009 5028 2108 5082 hoc
2129 5027 2382 5096 angelicae
2405 5029 2528 5083 vita:
2561 5030 2673 5098 ipse
2702 5039 2848 5082 esset
2878 5043 3195 5099 aggressus;
3227 5034 3292 5086 ab
3324 5037 3584 5091 omnibus

2007 5125 2185 5168 tamen
2213 5127 2267 5168 ut
2301 5116 2505 5183 printtts
2534 5118 2638 5170 dux
2669 5127 2723 5170 et
2752 5127 2941 5171 auctor
2969 5133 3183 5187 semper
3215 5122 3426 5177 habitus
3456 5138 3572 5187 est;

2000 5204 2144 5272 quod
2173 5204 2261 5258 ille
2288 5205 2435 5259 solus
2467 5207 2532 5258 ad
2563 5209 2677 5272 ejus
2705 5223 2929 5260 summa:
2975 5209 3321 5276 perfectionis
3355 5216 3572 5269 Cltlttwtt

1997 5296 2364 5362 pervenisset,
2414 5307 2471 5348 ιιι
2529 5296 2762 5351 tideltqu
2815 5300 3052 5352 omnium
3104 5316 3166 5356 ac
3229 5304 3568 5372 ttbtgcntintn

1994 5386 2196 5454 scripta
2259 5395 2523 5440 testantur
2572 5399 2625 5441 et
2665 5389 2990 5444 universalis
3037 5389 3279 5446 aﬂ'ectus.
3331 5394 3460 5459 Ejus
3517 5397 3570 5450 in

1995 5491 2231 5544 praesens
2257 5478 2321 5531 ad
2355 5494 2514 5533 aures
2549 5479 2781 5533 ﬁdelium
2819 5497 3075 5536 enarrare
3107 5483 3353 5547 virtutes,
3380 5501 3571 5554 super-

1995 5566 2158 5620 ﬂuum
2206 5580 2382 5632 esset,
2431 5560 2552 5624 cum
2609 5585 2763 5624 nemo
2811 5589 2995 5625 earum
3049 5584 3117 5626 stt
3165 5574 3405 5644 ignarus.
3457 5576 3570 5632 Hoc

1993 5669 2171 5710 tamen
2221 5675 2383 5714 unum
2438 5662 2651 5716 silentio
2716 5679 2820 5717 non
2871 5674 2952 5718 est
3005 5667 3563 5734 prmtermittendum,

1991 5751 2132 5818 quod
2179 5753 2385 5808 scilicet
2419 5769 2538 5810 cum
2574 5755 2748 5812 adhuc
2783 5767 2924 5813 esset
2965 5759 3016 5813 in
3051 5774 3279 5830 corpore
3322 5760 3558 5826 mortali,
