3990 6210
271 256 372 312 961
1267 258 1329 318 5.
1369 260 1650 318 ΑΝΤΟΝΙΙ
1695 262 1759 317 Μ.
1803 265 1856 317 AI

1964 264 2100 320 tTlS
2141 266 2512 324 SERMONES

3437 271 3548 326 96?.
3605 353 3612 363 ‘

272 377 398 430 vidit
425 363 783 433 ascensiones
809 387 860 434 et
891 379 1090 448 gradus
1112 377 1442 444 animarum,
1474 397 1574 435 nec
1603 398 1711 435 non
1747 383 1858 436 dia-
1887 392 1932 448 Α
1962 397 2178 442 centum
2214 388 2350 441 vixit
2394 402 2589 453 annos,
2618 396 2671 443 et
2709 387 2962 458 migravit
2991 388 3058 443 ad
3093 388 3376 443 Dominum
3413 407 3428 445 :
3457 389 3548 447 cui

270 468 418 522 ludos
456 482 552 521 eas
597 469 986 538 illaqueantes;
1013 473 1157 540 quod
1196 485 1416 530 nonest
1453 489 1728 544 corporeae
1761 491 1846 527 na:

269 568 402 612 tune
454 559 765 626 facultatis,
815 562 912 618 sed
971 563 1326 635 incorporeze.
1377 567 1646 638 Quinque
1691 581 1856 636 supra

1962 481 2152 552 gloria.
2183 486 2373 538 Amen.

1199 796 1448 873 VlTA
1527 798 1605 872 S.
1693 793 2124 873 ANTONII
2214 789 2642 869 ABBATIS

1452 935 1786 991 AUCTORE
1827 935 1886 991 S.
1927 933 2354 990 ATHANASIO.

831 1089 841 1104 κ
941 1043 1070 1100 Vide
1099 1046 1237 1102 inter
1277 1047 1449 1116 Opera
1483 1047 1543 1103 S.
1577 1049 1878 1114 Athanasii,
1911 1034 2130 1116 hujusce
2160 1049 2480 1120 Patrologta:
2513 1061 2640 1106 tom.
2673 1051 2889 1106 XXVI.

878 1278 1000 1395 S.
1100 1279 1710 1392 ANTONll
1799 1278 2257 1416 MAG-NI
2339 1283 2944 1397 ABBATIS

1323 1473 1712 1549 ORATIO
1757 1473 1888 1548 AD
1933 1475 2520 1552 MONACHOS.

797 1607 984 1663 Exstat
1012 1608 1067 1662 in
1106 1606 1222 1662 Vita
1252 1605 1311 1663 S.
1345 1607 1565 1662 Antonii
1600 1609 1756 1661 modo
1801 1619 2115 1674 memorata,
2149 1609 2177 1681 §
2214 1610 2280 1664 16
2307 1628 2442 1682 sqq.,
2475 1622 2615 1666 tomo
2649 1629 2808 1682 supra
2837 1615 3021 1671 citato.

2634 1749 2942 1760 ———-——__.

931 1910 1050 2023 s.
1141 1909 1750 2027 ANTONlI
1831 1913 1984 2026 M.
2071 1833 2681 2027 ABBATIS
2761 1893 2883 1971 (η’)

689 2115 922 2190 SERMO
964 2133 1052 2187 DE
1088 2131 1443 2188 VANITATE
1480 2131 1698 2189 MUNDl
1737 2132 1826 2187 ET
1869 2133 1955 2187 DE
1992 2133 2582 2193 RESURRECTIONE
2625 2137 3095 2195 MORTUORUM.

343 2419 384 2478 1.
404 2421 641 2494 Tempus
659 2421 992 2492 operationis
1007 2420 1465 2484 est,dilectissimi
1491 2461 1507 2488 ,
1548 2421 1600 2474 in
1632 2436 1740 2490 quo
1785 2423 1852 2476 ad
1891 2430 1933 2486 Β
1961 2437 2302 2477 exercemus.
2333 2422 2560 2478 Divitias
2586 2424 2742 2480 nobis
2771 2425 2979 2489 tribuit,
3009 2436 3065 2480 nt
3087 2437 3140 2481 et
3172 2428 3316 2496 ipsas
3345 2429 3428 2483 his
3454 2433 3544 2498 qui

264 2524 528 2570 aeternam
563 2514 851 2584 pervenire
883 2516 1154 2584 possimus
1186 2515 1378 2578 vitam,
1407 2523 1460 2568 et
1493 2515 1854 2568 incommuta-

266 2607 433 2662 bilem
474 2608 720 2676 gloriam.
775 2608 913 2662 lluic
957 2608 1102 2662 enim
1153 2609 1278 2662 vitae
1306 2608 1552 2662 succedit
1599 2614 1858 2671 mors,et

269 2699 596 2752 mundanam
659 2698 884 2768 gloriam
941 2699 1298 2768 apprehendit
1366 2698 1636 2752 confusio.
1701 2696 1853 2750 Multi

267 2791 471 2862 quippe
500 2793 823 2861 potentium,
855 2802 984 2846 ante
1014 2792 1339 2862 praeﬁnitum
1383 2801 1594 2858 tempus
1615 2829 1631 2854 ,
1660 2804 1854 2844 canum

271 2899 422 2938 more
445 2884 498 2936 in
530 2883 798 2938 infernum
820 2882 1026 2937 detrusi
1049 2894 1210 2947 sunt;
1237 2889 1292 2938 et
1313 2882 1528 2951 judices
1555 2882 1621 2936 ab
1655 2881 1856 2935 inlimis

261 2974 494 3044 judicati
527 2983 688 3039 sunt,
724 2984 779 3028 et
816 2975 1013 3030 divites
1054 2957 1316 3044 eguerunt
1362 2974 1416 3028 in
1468 2982 1771 3043 posterum,
1803 2979 1858 3026 et

265 3069 544 3139 sapientes
591 3068 939 3124 nihilominus
981 3069 1033 3122 in
1084 3067 1370 3123 stultitiam
1416 3066 1654 3122 devoluti
1698 3074 1850 3119 sunt.

268 3161 491 3222 Potens,
520 3161 790 3216 invalidus
810 3159 1037 3216 elTectus
1058 3169 1174 3226 est;
1201 3170 1256 3214 et
1275 3161 1366 3229 qui
1395 3158 1685 3213 incolumis
1713 3167 1853 3220 erat,

268 3248 578 3303 infirmatus
605 3259 708 3303 est.
740 3249 841 3316 Qui
888 3247 1219 3313 exsultabat,
1249 3247 1579 3301 lamentatur
1618 3253 1674 3299 et
1705 3244 1858 3314 plan-

267 3341 382 3410 git;
417 3351 474 3395 et
501 3341 592 3409 qui
623 3342 988 3410 principatum
1026 3340 1329 3408 obtinebat,
1354 3354 1420 3395 eo
1451 3340 1698 3408 privatus
1731 3347 1855 3403 est;

269 3430 518 3500 nihilque
547 3430 761 3486 firmum
794 3441 977 3487 manet
1007 3447 1070 3487 ac
1093 3431 1307 3494 stabile,
1339 3431 1466 3501 quia
1499 3429 1625 3486 boni
1651 3428 1856 3499 aliquid

270 3539 377 3578 non
421 3525 687 3593 reperitur
717 3526 767 3579 in
804 3526 1025 3580 mundo.
1069 3525 1190 3580 Filii
1221 3525 1435 3594 injuriis
1479 3534 1536 3580 et
1568 3533 1854 3580 contume-

269 3620 361 3675 liis
385 3635 512 3675 suos
544 3630 724 3689 patres
750 3618 1022 3685 afﬁciunt;
1055 3629 1111 3675 et
1143 3629 1324 3689 patres
1351 3617 1597 3689 proprios
1628 3617 1858 3686 perhor-

269 3721 493 3765 rescunt
532 3711 690 3767 ﬁlios.
738 3710 1007 3782 Conjuges
1052 3725 1182 3766 suos
1236 3711 1382 3764 viros
1447 3709 1763 3777 repudiant;
1804 3715 1859 3760 et

267 3803 374 3857 viri
397 3803 510 3858 suis
551 3776 869 3876 conjugibus
906 3776 1297 3858 conscientiam
1332 3801 1446 3872 (ll)
1479 3776 1704 3854 minime
1738 3814 1856 3854 ser—
1885 3776 1927 3833 (ἶ

267 3904 422 3950 vant.
455 3895 709 3951 Juniores
740 3911 860 3950 cum
896 3895 1204 3952 senioribus
1247 3893 1483 3950 delirare
1515 3900 1850 3956 noscuntur;

268 3998 327 4046 et
355 4003 515 4044 senes
557 4003 677 4044 cum
703 3989 991 4057 juvenibus
1036 3987 1290 4043 lascivire
1340 3987 1703 4042 delectantur.
1736 3984 1854 4040 Non

269 4090 356 4136 est
383 4081 437 4135 in
466 4080 646 4135 amico
677 4081 828 4148 fides,
852 4096 952 4136 nec
977 4081 1030 4135 in
1059 4080 1278 4150 proprio
1307 4078 1477 4134 fratre
1501 4077 1852 4134 conﬁdentia.

271 4171 448 4228 Homo
481 4173 704 4243 pacifica
754 4189 855 4247 sua.
885 4174 1124 4244 loquitur
1168 4173 1439 4243 proximo,
1471 4181 1526 4226 et
1568 4171 1624 4226 in
1651 4179 1858 4226 semet-

273 4263 391 4333 ipso
425 4263 562 4317 mala
596 4263 858 4318 adversus
891 4279 1014 4319 eum
1043 4265 1337 4333 excogitat.
1383 4263 1586 4318 Invidia
1616 4271 1671 4317 et
1699 4261 1855 4316 dolus

270 4355 420 4407 omni
451 4369 576 4408 cum
607 4353 809 4407 malitia
849 4363 1166 4418 exercetur;
1200 4359 1256 4410 at
1292 4353 1589 4408 infidelitas
1636 4351 1852 4408 obtinet

272 4447 548 4498 universa.
601 4442 788 4500 Nullus
820 4444 1015 4512 recipit
1047 4445 1364 4498 memoriam
1399 4443 1526 4508 Dei,
1558 4458 1657 4497 nec
1701 4443 1854 4512 quis-

274 4551 438 4606 quam
488 4551 548 4592 se
587 4539 850 4592 rationem
895 4536 1233 4592 redditurum
1289 4537 1400 4591 Deo
1447 4545 1566 4605 post
1623 4545 1853 4588 mortem

271 4630 528 4685 aestimat.
578 4630 644 4684 Et
691 4640 974 4700 propterea
1019 4629 1447 4697 multiplicantur
1497 4629 1672 4691 mala,
1722 4641 1858 4695 quo-

275 4723 422 4776 niam
470 4724 839 4777 contemnitur
886 4721 1047 4776 Deus.
1089 4721 1424 4775 Intellectum
1463 4721 1618 4775 nobis
1667 4717 1859 4774 tribuit

275 4811 438 4878 Dens,
487 4822 546 4868 ut
588 4813 707 4884 ejus
741 4813 955 4884 cognita
1001 4813 1312 4874 voluntate,
1347 4814 1491 4881 quod
1541 4813 1741 4866 bonum
1775 4821 1854 4866 est

272 4922 602 4977 operemur:
658 4923 759 4964 nos
815 4916 995 4963 autem
1041 4916 1294 4978 percepta
1340 4905 1650 4976 cognitione
1695 4902 1853 4971 ejus,

273 5000 416 5068 quod
452 5000 653 5053 malum
699 5008 785 5055 est
837 5015 1146 5068 operamur.
1183 4997 1448 5053 Virtutem
1479 4998 1646 5051 etiam
1697 4997 1856 5052 nobis

273 5091 528 5154 cautulit,
557 5106 665 5162 qua
694 5093 966 5159 possimus
1005 5091 1150 5161 quod
1182 5105 1394 5160 aequum
1443 5097 1497 5143 et
1529 5096 1738 5144 rectum
1773 5097 1858 5142 est

1960 2514 2202 2583 indigent
2237 2515 2643 2576 ministretnus;
2681 2526 2737 2570 at
2767 2532 2863 2572 nos
2897 2519 2989 2587 qui
3033 2519 3251 2573 divitias
3301 2525 3548 2589 posside-

1959 2621 2102 2668 mus,
2143 2622 2408 2676 pauperes
2456 2623 2486 2661 e
2517 2609 2794 2664 contrario
2822 2611 3138 2679 spoliamns.
3177 2613 3545 2683 Principatum

1960 2700 2114 2754 nobis
2147 2710 2202 2754 et
2249 2712 2570 2770 potestatem
2606 2701 2834 2773 largitus
2863 2714 2971 2770 est,
3004 2716 3059 2758 ut
3092 2722 3186 2775 per
3218 2722 3336 2760 eam
3374 2709 3546 2775 possi-

1958 2807 2080 2846 mus
2128 2793 2246 2847 illos
2277 2794 2367 2864 qui
2415 2793 2728 2848 violentiam
2781 2798 3063 2865 patiuntur
3112 2797 3444 2865 defendere;
3495 2800 3556 2853 ut

1959 2899 2059 2938 nos
2087 2895 2276 2938 contra
2310 2900 2416 2940 non
2449 2886 2820 2944 defensionem
2845 2890 3082 2953 miseris,
3111 2893 3204 2946 sed
3233 2891 3546 2946 violentiam

1960 2975 2130 3044 magis
2170 2977 2473 3031 inferimus.
2530 2977 2645 3031 Non
2681 2987 2764 3032 est
2814 2979 2905 3048 qui
2961 2995 3057 3048 per
3103 2983 3244 3033 viam
3306 2981 3550 3034 ambulet

1960 3078 2198 3130 reetam,
2251 3082 2429 3137 neque
2479 3070 2569 3138 qui
2611 3069 2817 3139 justum
2863 3070 3124 3138 judicium
3161 3082 3411 3138 exerceat
3447 3084 3539 3125 aut

1958 3169 2235 3228 sequatur.
2259 3159 2754 3215 Refrixitcharitas
2772 3163 2813 3223 ',
2859 3171 2913 3216 et
2958 3164 3138 3215 odium
3171 3163 3552 3232 multiplicavit

1959 3249 2198 3304 fructum
2234 3265 2415 3306 suum.
2454 3250 2560 3306 Pro
2600 3252 2769 3306 nihilo
2799 3252 3032 3306 habetur
3057 3253 3227 3305 virtus
3255 3253 3462 3315 animi,
3495 3263 3550 3306 et

1958 3343 2233 3398 simulatio
2269 3346 2473 3414 passim
2522 3345 2694 3414 magis
2738 3347 2934 3415 placet.
2985 3343 3040 3398 ln
3083 3345 3545 3401 abominationem

1957 3435 2106 3488 venit
2142 3434 2443 3498 humilitas,
2473 3445 2527 3488 et
2569 3435 2620 3488 in
2664 3435 2868 3490 honore
2897 3434 3139 3489 maximo
3171 3437 3400 3489 habetur
3435 3438 3547 3489 ela-

1961 3527 2128 3581 tionis
2155 3528 2489 3595 arrogantia.
2522 3526 2734 3582 Abolita
2760 3537 2843 3582 est
2872 3529 3095 3592 veritas,
3130 3537 3181 3582 et
3210 3529 3546 3582 mendacium

1960 3617 2015 3672 in
2041 3619 2202 3672 terris
2237 3619 2540 3688 prtevalnit.
2585 3617 2629 3672 0
2671 3621 2897 3674 altitudo
2939 3621 3270 3682 divitiarum,
3303 3622 3545 3692 benigni-

1963 3709 2089 3761 tatis
2121 3720 2169 3761 et
2209 3711 2480 3775 patientia:
2512 3708 2608 3762 Dei
2637 3710 2690 3762 '!
2723 3711 2847 3779 quia
2889 3726 3050 3779 super
3082 3710 3168 3763 his
3199 3726 3318 3779 qua:
3345 3726 3549 3778 gerun-

1965 3808 2052 3852 tur
2083 3799 2261 3863 malis,
2295 3799 2682 3868 longanimiter
2709 3800 2908 3864 diﬂ‘ert,
2937 3813 2992 3856 et
3031 3817 3370 3872 nequaquam
3415 3805 3548 3858 ulci~
3636 3847 3648 3862 κ

1963 3891 2157 3949 scitur.
2188 3890 2306 3946 Non
2351 3891 2506 3960 quasi
2545 3907 2611 3947 eo
2645 3893 2790 3962 quod
2838 3903 3068 3962 nequeat
3119 3895 3303 3949 statim
3347 3895 3549 3950 inferre

1963 3982 2283 4046 vindictam,
2317 3997 2470 4035 suam
2497 3981 2922 4053 indignationem
2954 3993 3239 4054 temperat.
3273 3988 3368 4042 sed
3394 3991 3544 4056 quasi

1962 4073 2085 4144 pius
2119 4083 2273 4141 pater
2323 4073 2620 4129 clementer
2656 4076 2812 4129 nobis
2852 4076 3146 4131 condolens
3187 4093 3339 4132 suam
3378 4081 3545 4135 inise-

1964 4166 2254 4221 ricordiam
2284 4167 2597 4236 praetendit,
2628 4177 2688 4221 ut
2721 4167 2804 4221 vel
2836 4181 2960 4222 sero
2991 4171 3295 4237 compnncti
3332 4173 3398 4226 ad
3428 4189 3547 4230 nm-

1965 4256 2250 4311 nitentiam
2284 4267 2692 4322 convertamur,
2725 4270 2780 4312 et
2819 4258 3096 4313 immensa:
3144 4261 3404 4317 bonitatis
3429 4267 3546 4331 ejus

1964 4348 2393 4403 misericordiam
2438 4363 2857 4419 consequamur.
2908 4347 3025 4404 Non
3072 4351 3214 4405 enim
3246 4354 3358 4406 vult
3407 4355 3547 4411 Deus

1965 4450 2195 4494 mortem
2230 4443 2549 4510 peccatoris,
2594 4442 2688 4496 sed
2721 4442 3121 4510 paenitentiam.
3169 4444 3298 4510 Qua:
3326 4454 3410 4500 est
3445 4461 3544 4498 au-

1964 4540 2071 4587 tem
2106 4543 2290 4588 nostra
2324 4533 2518 4599 virtus,
2553 4535 2696 4602 quod
2733 4534 2928 4590 divinae
2958 4536 3146 4591 virtuti
3184 4537 3542 4593 resistendum

1963 4625 2259 4693 putamus?
2291 4627 2464 4680 Flavit
2502 4627 2554 4680 in
2589 4643 2687 4682 nos
2719 4637 2930 4690 ventus,
2971 4637 3026 4682 et
3053 4630 3278 4686 arefacti
3319 4646 3540 4694 sumus,

1963 4727 2018 4770 et
2054 4727 2347 4787 tempestas
2385 4719 2542 4788 quasi
2576 4719 2910 4790 phryganum
2947 4719 3059 4790 (l2)
3096 4735 3159 4775 ac
3205 4733 3541 4776 sarmentum

1963 4823 2058 4862 seu
2091 4810 2342 4879 stipulam
2393 4811 2646 4879 dispersit
2699 4826 2816 4864 nos.
2865 4809 3064 4880 thuid
3109 4828 3237 4878 ergo
3279 4813 3544 4882 gloriatur

1965 4910 2110 4955 terra
2168 4912 2221 4956 et
2273 4903 2457 4957 cinis?
2508 4919 2632 4957 cum
2686 4903 2949 4972 scriptum
2987 4905 3059 4957 sit
3105 4926 3116 4960 :
3160 4903 3282 4958 Vidi
3325 4908 3542 4974 impium

1962 4991 2432 5060 superexaltatum,
2470 5004 2516 5045 et
2547 4992 2803 5046 elevatum
2840 4992 2973 5046 sicut
3014 4983 3194 5047 cédras
3229 4993 3451 5058 Libani,
3492 5005 3542 5049 et

1966 5087 2207 5152 transivi,
2243 5097 2290 5140 et
2338 5101 2452 5138 ecce
2485 5102 2590 5138 non
2628 5095 2771 5152 erat,
2801 5095 2847 5138 et
2901 5087 3114 5154 quwsiei
3156 5102 3272 5140 eum
3297 5127 3310 5150 ,
3340 5096 3389 5140 et
3441 5106 3542 5142 non

275 5160 590 5252 perficere,
619 5192 675 5240 et
724 5199 824 5240 nos
873 5199 972 5254 per
1025 5160 1227 5253 ipsam,
1278 5181 1456 5252 potius
1516 5181 1856 5250 iniquitatem
1890 5160 1935 5214 D
1964 5193 2036 5230 est
2078 5177 2317 5230 inventus
2348 5178 2490 5230 locus
2521 5177 2636 5246 ejus
2665 5179 2710 5234 ‘.

353 5319 375 5348 ¹
405 5319 596 5374 Matth.
622 5334 769 5385 xxtv,
794 5318 880 5373 12.
942 5317 962 5349 ³
998 5305 1154 5371 llam.
1186 5331 1261 5382 ιι,
1298 5315 1388 5369 55.
1427 5314 1449 5345 δ
1479 5313 1624 5368 Psal.
1656 5327 1843 5374 xxxvi,
1866 5311 1957 5366 55.

342 5459 458 5532 (10)
507 5459 585 5531 Εξι
627 5456 1004 5532 antiquolxldi
1056 5453 1424 5532 Manutiiumsh.
1469 5451 1665 5532 Latino
1708 5451 1851 5532 hunc

262 5519 582 5585 'sermonetu
645 5519 812 5584 edidit
857 5527 1145 5597 Moguntiae
1193 5525 1331 5597 1694
1383 5522 1660 5597 Gerardus
1712 5519 1850 5575 Vos-

265 5601 391 5656 'sius
423 5590 1095 5668 praepositus.TttngrEnsis
1132 5592 1570 5668 in_Misc_ell._SS.
1609 5590 1849 5668 Patrum,

273 5661 507 5744 Oppfb‘.
538 5661 788 5740 Gregorii
817 5661 1204 5736 Th'autnaturgi
1239 5664 1522 5734 subjectis,
1556 5678 1675 5733 pag.
1713 5661 1837 5717 128.

2035 5451 2145 5520 (ll)
2180 5449 2587 5505 Conscientiam.
2623 5450 2827 5505 Fidem.

2033 5523 2143 5592 (l2)
2183 5520 2522 5591 Phryganum
2547 5522 2890 5594 ,Atlrpdyavov.
2923 5521 3219 5588 Cremium,
3249 5524 3542 5594 virgultum

1967 5591 2180 5648 aridum
2205 5602 2256 5648 et
2283 5603 2525 5647 cremata
2552 5591 2733 5647 facile.
