3990 6210
543 274 650 333 963

1640 263 1916 321 PATRES
1956 260 2255 318 IEGYPTII
2297 258 2568 318 ΞΑΞοοῌ
2603 258 2694 315 1V.

3670 259 3756 322 96$

616 385 680 440 ll.
718 383 796 439 Ne
835 384 1002 455 igitur
1039 384 1121 439 sic
1156 383 1510 451 arbitremur,
1559 382 1716 451 quasi
1761 392 1883 449 post
1922 382 2128 436 obitum
2160 389 2205 446 Α
2234 362 2418 450 pravis
2461 375 2721 449 operibus
2764 373 3207 428 condemnemur.
3261 370 3393 427 Nam
3438 358 3495 426 in
3542 376 3757 443 operibus

547 477 679 531 nihil
703 476 866 530 futuri
903 477 1072 531 simus
1093 515 1108 540 ,
1136 486 1189 531 et
1217 484 1337 546 post
1367 484 1694 544 praesentem
1727 474 1895 528 vitam‘
1922 472 2128 528 nullum

548 570 784 624 futurqu
824 569 1216 637 sit’judicium.
1274 569 1393 624 Erit
1428 569 1575 623 enim
1633 570 1960 623 resurrectio
2008 576 2131 639 post

546 671 773 717 mortem
798 703 814 728 ,
861 672 918 716 et
941 662 1218 732 jutlicandi
1250 665 1458 718 erimus
1479 681 1507 717 a
1539 661 1671 726 Deo,
1701 663 1793 733 qui
1824 663 2134 717 redditurus

547 764 629 807 est
663 753 955 823 unicuique
990 755 1291 810 secundum
1324 771 1489 826 opera
1515 771 1634 812 sua.
1666 753 1747 810 Ne
1775 770 1908 824 ergo
1939 770 2134 808 erran-

552 859 653 913 tes,
696 858 910 902 nosmet
950 848 1097 917 ipsos
1128 847 1486 919 decipiamus,
1516 857 1571 904 et
1604 849 1655 902 in
1687 849 1793 903 hac
1823 849 1931 901 vita
1964 847 2137 903 insttr

546 940 1001 997 irrationabilium
1032 943 1296 1012 pecudum
1330 956 1741 998 conversemur.
1777 939 1910 994 Nam
1945 941 1990 995 si
2027 956 2133 1029 non

545 1042 629 1087 est
657 1034 1021 1099 resurrectio,
1060 1050 1236 1103 neque
1289 1049 1457 1089 mors.
1487 1033 1546 1089 Si
1587 1043 1767 1088 autem
1813 1032 2138 1087 resurrectio

545 1126 682 1193 erit,
716 1127 904 1196 utique
950 1136 1004 1182 et
1041 1126 1329 1196 judicium.
1379 1126 1481 1193 Qui
1533 1127 1679 1181 enim
1714 1126 1907 1181 statuit
1940 1125 2132 1179 mortis

546 1220 889 1283 sententiam,
934 1220 1049 1289 ipse
1082 1219 1443 1274 comminatus
1469 1228 1552 1276 εει
1590 1219 1754 1276 etiam
1778 1218 2038 1284 judicium
2091 1218 2135 1269 ⁸.

547 1311 604 1364 Si
634 1311 688 1365 in
713 1312 813 1366 hoc
842 1304 1015 1366 verax'
1037 1320 1145 1379 est,
1179 1327 1280 1366 nec
1312 1312 1367 1365 in
1398 1311 1489 1366 illo
1518 1320 1694 1381 potest
1723 1312 1950 1365 mendax
1985 1310 2133 1364 exsi—

547 1415 716 1459 stere.
768 1404 908 1471 Quid
955 1405 1100 1459 enim
1153 1404 1365 1459 facilius
1412 1415 1593 1475 potest
1642 1405 1804 1458 homo
1839 1403 2137 1472 perlicere;

548 1508 813 1553 vetustam
842 1490 1062 1553 domum
1096 1499 1378 1554 destruere
1401 1539 1417 1564 ,
1459 1510 1515 1553 et
1544 1512 1610 1553 ex
1652 1498 1785 1568 ipsis
1811 1496 2142 1552 reaedilicare

546 1591 875 1660 impendiis;
913 1608 979 1644 an
1010 1591 1172 1645 aliam
1204 1604 1270 1645 ex
1300 1591 1510 1664 integro
1558 1606 1755 1646 novam
1783 1602 2139 1655 construere,

548 1684 635 1737 ubi
686 1683 818 1736 nihil
849 1683 1044 1752 prioris
1077 1683 1238 1738 fuerit
1274 1684 1528 1739 aedilicii?
1559 1684 1728 1754 Igitur
1754 1685 1798 1739 si
1845 1693 2044 1738 terram
2074 1698 2140 1737 ex

2233 470 2586 540 delinquere,
2630 465 2968 521 infirmitatis
3010 465 3271 520 indicium
3312 472 3425 531 est;
3470 465 3755 523 iucredulum

2234 576 2364 616 vero
2384 576 2526 623 esse,
2554 559 2840 613 audaciam
2871 558 3199 614 temeritatis
3222 557 3505 628 significat.
3531 557 3568 612 ν
3589 574 3619 612 x
3642 561 3755 614 enim

2238 655 2410 708 audax
2463 662 2520 707 et
2565 653 2890 707 temerarius
2928 650 3094 706 ullum
3149 651 3348 704 bonum
3397 665 3527 720 opus
3569 652 3755 721 perlicit.

2238 743 2382 814 Ergo
2432 746 2560 799 dum
2603 738 2816 812 tempus
2862 741 3156 807 habemus,
3206 756 3485 811 parcamus
3524 744 3760 798 nobismet-

2242 840 2405 910 ipsis,
2453 848 2508 893 et
2556 838 2908 907 propitienms
2953 836 3121 909 Deum
3158 851 3255 905 pro
3293 836 3524 905 peccatis
3572 837 3758 897 nostris.

2239 947 2311 987 ne
2351 930 2593 1000 quando,
2623 929 2799 999 ligatis
2834 929 3079 981 ntanibus
3102 937 3149 981 et
3176 929 3392 996 pedibus
3413 967 3428 992 ,
3455 928 3507 980 in
3530 929 3761 982 exteriores

2240 1028 2476 1079 tenebras
2531 1023 2722 1093 projici
2750 1020 3075 1090 jubeamur,
3123 1020 3214 1074 ubi
3254 1030 3327 1074 est
3362 1020 3510 1089 ﬂetus
3533 1032 3576 1075 et
3610 1022 3764 1075 stridor

2239 1116 2545 1169 dentium’.
2591 1114 2731 1181 Quid
2773 1122 2954 1168 autem
3007 1112 3164 1192 ﬂetus
3200 1114 3401 1167 indicat
3446 1123 3498 1166 ct
3529 1113 3763 1181 planctus,

2243 1212 2344 1265 nisi
2377 1210 2680 1264 crudelium
2707 1219 2763 1263 et
2799 1209 3140 1264 horribiliqu
3172 1207 3555 1277 suppliciorum
3582 1207 3765 1263 immen-

2242 1295 2471 1351 sitates?
2500 1297 2562 1350 Et
2588 1297 2718 1365 quid
2742 1298 3014 1367 signiﬁcat
3037 1297 3241 1351 stridbr
3262 1296 3524 1358 dentium,
3551 1296 3640 1350 nisi
3662 1297 3761 1363 quia

2243 1406 2341 1461 pro
2364 1390 2553 1443 iisdem
2580 1391 2842 1459 peccatis,
2867 1390 3038 1459 major
3058 1389 3162 1444 erit
3186 1389 3520 1459 postmodum
3538 1388 3766 1457 ptenitudo

2238 1471 2552 1536 malorum?
2593 1480 2747 1535 Tunc
2774 1471 2929 1536 enim.
2958 1482 3300 1546 certissime,
3346 1491 3470 1535 tunc
3498 1480 3766 1550 incipiemus

2244 1580 2533 1634 adversum
2569 1577 2934 1646 nosmetipsos
2972 1577 3357 1647 indignantes,
3414 1591 3531 1629 cum
3578 1574 3767 1629 stridore

2246 1672 2485 1726 deutimu
2539 1672 2844 1741 paenitere,
2884 1670 3104 1740 quando
3144 1668 3325 1723 nullus
3371 1667 3606 1722 utilitatis
3633 1665 3769 1728 locus.

548 1792 651 1843 qua
684 1775 845 1829 homo
881 1775 1059 1828 factus
1088 1784 1201 1841 est,
1230 1777 1435 1830 creavit
1458 1792 1523 1829 ex
1555 1747 1757 1841 nihilo,
1789 1785 1993 1845 quanto
2024 1790 2142 1829 ma-
2176 1747 2220 1803 Β
2249 1779 2347 1818 nec
2390 1777 2602 1833 tempus
2645 1762 2924 1831 supererit
2972 1761 3330 1831 poenitentiae.
3366 1760 3495 1815 Cum
3531 1774 3646 1829 ergo
3674 1772 3771 1827 Ροδ·

550 1868 632 1937 gis
682 1868 957 1920 hominem
1007 1883 1072 1921 ex
1125 1870 1348 1922 materia
1389 1868 1719 1923 subsistente
1762 1876 2035 1930 erectum,
2087 1877 2143 1920 et

551 1977 581 2013 a
638 1971 813 2013 morte
853 1970 1205 2029 corruptum,
1264 1977 1330 2015 ex
1378 1961 1621 2030 ejusdem
1675 1968 1833 2013 terra:
1886 1968 2141 2013 manente

551 2053 852 2106 substantia
878 2093 895 2118 ,
941 2052 1154 2116 facilius
1193 2052 1371 2106 denuo
1405 2052 1605 2120 poterit
1638 2050 1983 2106 reformare?
2022 2049 2137 2104 Non

551 2144 696 2198 enim
729 2159 850 2197 cum
877 2143 1063 2199 labore
1086 2155 1350 2213 operatur
1377 2145 1538 2198 Deus.
1574 2143 1773 2198 Sermo
1799 2153 1980 2198 autem
2018 2140 2133 2207 Dei,

552 2252 689 2304 opus
724 2247 808 2292 est
840 2236 991 2304 ejus;
1027 2247 1081 2290 et
1112 2236 1421 2303 consilium,
1457 2252 1640 2292 sermo
1672 2237 1843 2306 ipsius
1868 2245 1971 2290 est.
2013 2235 2138 2293 Uti-

552 2344 657 2398 qne
696 2329 836 2383 sicut
871 2329 1060 2391 voluit,
1132 2328 1311 2390 Dixit,
1358 2340 1406 2382 et
1451 2330 1593 2399 facta
1634 2338 1756 2382 sunt
1787 2330 1829 2382 °.
1876 2328 2146 2394 Quemad-

555 2420 770 2473 modum
806 2420 1072 2489 scriptum
1116 2430 1197 2474 est
1227 2438 1240 2474 :
1284 2418 1385 2486 Qui
1426 2430 1573 2474 coeat
1607 2436 1668 2474 ea
1701 2435 1820 2485 quae
1859 2435 1960 2473 non
1990 2429 2132 2486 sum,

552 2521 804 2581 tauquam
845 2527 905 2564 ea
949 2502 1067 2580 quo:
1110 2522 1230 2566 sunt
1265 2512 1308 2564 ".
1356 2510 1490 2566 Nam
1529 2512 1670 2565 sicut
1719 2512 1892 2566 virtus
1948 2511 2039 2564 Dei
2089 2519 2145 2565 et

555 2601 797 2670 putentia
842 2601 961 2671 ejus
991 2602 1558 2672 incomprehensibilis
1591 2614 1714 2657 est:
1756 2604 1824 2657 ita
1863 2613 1919 2657 et
1946 2618 2143 2671 opera-

557 2693 737 2746 tiones
779 2693 919 2761 ejus.
957 2694 1025 2747 Et
1071 2695 1212 2749 sicut
1258 2695 1522 2762 sapientia
1554 2697 1675 2763 ejus
1715 2696 2094 2751 immensa-est
2126 2711 2140 2749 :

556 2784 631 2837 ita
662 2792 718 2836 et
766 2783 861 2836 vim
912 2783 1028 2852 ejus
1076 2776 1459 2854 iurestighbiles
1486 2785 1531 2838 ‘.
1576 2784 1652 2841 Ne
1695 2800 1825 2854 ergo
1881 2783 2144 2839 increduli

556 2889 974 2937 remaneamus,
1021 2876 1146 2944 quia
1191 2888 1384 2944 potens
1425 2887 1508 2933 est
1556 2881 1700 2934 Dens
1761 2878 1943 2932 facere
2002 2877 2146 2947 quod

559 2965 841 3036 promisit,
884 2976 936 3019 ut
979 2981 1047 3020 ne
1082 2983 1179 3037 pro
1210 2969 1590 3025 incredulitate
1633 2970 1805 3040 magis
1843 2986 2006 3040 quam
2049 2984 2146 3039 pro

621 3088 644 3120 ³
694 3082 855 3139 llebr.
892 3099 966 3151 ιχ,
1003 3081 1095 3154 27.
1172 3082 1356 3143 ‘Psal.
1389 3102 1560 3154 xxx",
1596 3086 1653 3142 9.
1699 3082 1720 3115 ⁷
1757 3087 1914 3142 Rom.
1950 3085 2118 3152 tv,l7.

564 3154 609 3187 “
652 3153 807 3209 Rom.
843 3170 955 3218 XVI,
993 3152 1085 3208 20.

2248 1869 2436 1909 sumus
2471 1853 2525 1907 in
2570 1853 2673 1908 hoc
2719 1852 2868 1908 brevi
2906 1860 3152 1921 tempore
3179 1849 3460 1905 deservire
3488 1848 3619 1911 Deo,
3648 1856 3695 1900 et
3721 1845 3769 1897 li-

2246 1946 2426 2002 berari
2460 1964 2487 2002 a
2537 1948 2784 2018 gebeuna
2830 1953 2887 2001 et
2930 1943 3272 2000 cruciatibus
3312 1938 3666 2009 sempiternis,
3700 1951 3772 1990 cur

2247 2041 2593 2112 negligimus,
2625 2049 2681 2094 et
2712 2038 3070 2108 despicientes
3102 2045 3377 2106 praecepta
3408 2034 3516 2097 Dei,
3550 2032 3767 2087 servimus

2253 2133 2490 2205 propriis
2517 2132 2908 2202 voluptatibus,
2943 2138 3003 2184 ut
3031 2127 3334 2184 eﬁiciamur
3356 2124 3564 2182 obnoxii
3591 2114 3770 2177 irreme-

2250 2224 2433 2278 diabili
2464 2223 2681 2293 pusum?
2712 2224 2853 2277 Deus
2898 2230 3080 2275 autem
3127 2229 3339 2284 noster,
3367 2218 3454 2286 qui
3485 2225 3563 2269 est
3593 2222 3773 2281 magnus

2249 2312 2308 2374 'et
2361 2328 2574 2372 amator
2624 2314 2933 2379 hominum,
2977 2312 3120 2367 diues
3169 2313 3224 2365 in
3279 2306 3619 2364 misericordia
3641 2303 3696 2367 ¹⁶,
3735 2308 3775 2354 et
3833 2306 3836 2310 λ

2251 2418 2448 2479 potens
2491 2409 2543 2463 in
2575 2407 2833 2477 operibus
2867 2405 2982 2460 suis
3011 2420 3028 2460 :
3061 2404 3178 2475 ipse
3212 2402 3438 2471 adjuvet
3465 2395 3774 2454 inﬁrmitatem

2253 2514 2531 2569 nostram,
2589 2511 2877 2555 conterens
2909 2499 3168 2553 Satanam
3217 2496 3328 2550 sub
3375 2492 3588 2564 pedibus
3628 2485 3777 2542 nostris

2252 2596 2512 2651 velociter
2549 2595 2616 2659 “,
2651 2604 2705 2648 et
2745 2594 2836 2649 det
2870 2593 3128 2647 virtutem
3165 2589 3369 2655 nobis,
3409 2596 3463 2642 et
3503 2582 3777 2639 intellectqu

2250 2689 2457 2745 tribuat
2487 2686 2809 2757 spiritalem,
2839 2693 2898 2739 ut
2923 2684 2977 2739 in
3010 2684 3113 2738 hoc
3134 2681 3291 2752 quod
3314 2687 3551 2750 superest
3568 2684 3778 2743 tempore.

2253 2779 2307 2834 in
2353 2779 2585 2833 veritate
2634 2778 2684 2833 ei
2737 2784 2793 2832 et
2841 2774 3073 2830 fideliter
3109 2772 3458 2835 servientes,
3501 2764 3781 2820 inveniamus

2253 2871 2482 2942 gratiam
2512 2868 2653 2940 apud
2679 2871 2875 2936 Deum,
2907 2866 2962 2921 in
2992 2866 3083 2922 illa
3111 2864 3357 2921 terribili
3377 2862 3464 2918 die
3483 2857 3649 2929 judicii
3673 2853 3780 2919 ejus.

2252 2966 2448 3031 Amen.

2193 3085 2216 3117 ⁸
2239 3083 2398 3140 Rom.
2431 3099 2507 3148 ιι,
2543 3083 2633 3140 35.
2707 3077 2938 3135 ’Matth.
2964 3094 3083 3144 xm,
3115 3078 3210 3144 24,
3232 3077 3339 3134 25.
3416 3077 3460 3109 ³⁸
3476 3074 3649 3145 Epltes.
3672 3085 3719 3135 ιι,
3741 3065 3780 3120 ι.

624 3289 3739 3326 ————.—————————————-—————-——-——-——-—-_————-——-'—"

1222 3471 1754 3586 SANCTI
1830 3471 2430 3587 ANTONII
2513 3469 3130 3585 ABBATIS

1903 3689 2158 3748 PATRIS

2195 3687 2477 3756 NOSTRI,
2549 3688 2552 3695 ’

936 3814 1474 3948 suamoivss
1535 3865 1669 3943 xx
1723 3865 1857 3943 AD
1934 3861 2285 3941 FlLlOS
2345 3860 2600 3941 suos
2677 3859 3246 3940 MONACHOS
3322 3846 3459 3938 (ιδ).

1155 4152 1341 4193 SEC'I‘IO
1379 4153 1565 4195 PMIA.

948 4226 1022 4281 De
1048 4228 1154 4299 ﬁde
1195 4229 1248 4282 in
1284 4228 1496 4285 Christo
1527 4229 1777 4287 Domino.

635 4321 780 4376 Ante
812 4320 1021 4383 omnia,
1051 4320 1273 4386 fratres,
1310 4322 1597 4377 credamus
1629 4321 1683 4375 in
1723 4321 2015 4377 Dominum
2058 4336 2155 4377 no-

567 4424 741 4467 strum
768 4412 957 4468 Jcsum
982 4412 1282 4481 Christum,
1313 4416 1557 4471 colamus
1591 4417 1764 4480 illum,
1789 4430 1999 4486 nosque
2029 4418 2156 4472 sub-

572 4504 852 4558 mittamus
893 4503 1015 4573 ipsi,
1060 4515 1115 4559 et
1159 4504 1277 4573 ejus
1310 4504 1577 4560 faciamus
1615 4506 1947 4562 voluntatem
2002 4509 2154 4563 omni

572 4607 816 4665 tempore
863 4610 929 4651 ao
961 4608 1276 4661 momento;
1312 4612 1410 4653 nec
1448 4599 1501 4653 in
1542 4598 1709 4652 alium
1747 4600 1913 4654 Deum
1956 4612 2158 4670 praeter

575 4688 752 4759 ipsutn
787 4690 1095 4758 credamus,
1124 4692 1381 4760 quoniam
1409 4699 1495 4747 est
1520 4691 1662 4747 Deus
1689 4707 1939 4764 magnus,
1980 4693 2158 4749 Domi-

574 4798 678 4837 nus
710 4782 1129 4838 dominantium.
1172 4782 1567 4840 Benedicarnus
1600 4799 1723 4839 eum
1762 4785 1815 4839 in
1843 4783 2055 4854 justitia
2103 4796 2160 4841 et

573 4877 840 4939 veritate,
874 4882 930 4930 et
980 4875 1112 4931 nulli
1141 4887 1518 4931 creaturarmn
1577 4876 1941 4933 assimilemus
1983 4877 2158 4944 illum,

579 4982 755 5036 neque
785 4968 851 5023 iis
879 4983 999 5037 qua:
1028 4978 1155 5023 sunt
1190 4969 1243 5023 in
1274 4969 1431 5024 caelis
1459 4984 1713 5033 sursum,
1730 4984 1905 5039 neque
1930 4971 1983 5024 in
2013 4980 2158 5024 terra

577 5059 867 5124 deorsum,
919 5059 1042 5130 quia
1084 5060 1267 5116 omnia
1315 5060 1429 5116 haec
1468 5077 1566 5131 per
1613 5061 1788 5131 ipsum
1832 5060 1972 5115 facta
2012 5069 2158 5126 sunt,

575 5160 630 5204 et
654 5151 769 5220 ipse
799 5162 881 5207 est
905 5162 1030 5221 ante
1060 5152 1264 5220 otnnia,
1291 5168 1354 5207 ac
1379 5152 1431 5207 itt
1459 5163 1724 5207 aeternum
1749 5166 2159 5221 permansurus,

579 5241 895 5312 nullumque
925 5242 1146 5299 habebit
1186 5245 1369 5298 linem.
1402 5243 1762 5310 Quamobrem
1797 5243 1861 5297 iu
1894 5258 2015 5298 eum
2045 5259 2166 5298 cre-

579 5332 772 5386 damus
792 5342 848 5387 et
874 5333 1118 5389 colamus
1140 5333 1312 5402 illum,
1341 5344 1400 5390 ut
1421 5351 1545 5390 cum
1571 5335 1665 5388 illo
1689 5348 1977 5402 regnemus
2002 5345 2166 5404 atque

581 5424 750 5477 simus
774 5425 826 5478 in
849 5436 1111 5481 attentum
1137 5426 1256 5497 ejus
1291 5425 1534 5483 fruentes
1563 5426 1721 5482 bonis
1740 5467 1756 5494 ,
1781 5427 1907 5497 quia
1936 5436 2022 5483 est
2048 5426 2165 5481 Rex

547 5518 556 5547 Ι

657 5578 701 5611 ’⁸
725 5577 839 5636 Jac.
873 5596 934 5646 ll,
962 5581 1054 5651 20,
1083 5583 1172 5639 26.
1253 5584 1297 5616 ¹⁸
1324 5583 1464 5639 Psal.
1494 5599 1619 5652 cxv,
1652 5583 1739 5640 l0.

2184 4147 2228 4205 ο
2260 4150 2471 4206 regum,
2503 4143 2558 4189 et
2589 4134 2773 4190 omnia
2807 4149 2973 4206 regna
3001 4136 3072 4191 ab
3104 4150 3171 4192 eo
3202 4146 3355 4194 sunt.
3387 4133 3655 4192 Credamus
3682 4136 3778 4195 ergo

2263 4230 2316 4284 in
2343 4245 2470 4283 eum
2500 4245 2564 4283 ex
2600 4230 2729 4286 totis
2756 4231 3017 4285 cordibus
3059 4232 3288 4294 nostris,
3324 4239 3380 4286 et
3417 4230 3468 4285 in
3501 4227 3607 4295 ejus
3630 4220 3777 4277 ambu-

2263 4320 2436 4377 lemus
2464 4322 2773 4392 preceptis.
2805 4324 3060 4392 quoniam
3085 4322 3223 4392 ﬁdes
3245 4325 3358 4380 sine
3378 4320 3599 4388 aperibus
3618 4320 3779 4370 mortus

2261 4423 2337 4467 est
2368 4413 2447 4464 ηε
2486 4422 2545 4466 ιιι
2591 4414 2756 4468 faciat
2790 4414 3072 4468 nobiscum
3115 4414 3537 4470 misericordiam
3578 4408 3623 4462 in
3654 4413 3780 4468 κιυο

2262 4519 2381 4569 suo,
2415 4518 2537 4557 cum
2568 4504 2838 4563 exibimus
2867 4519 2933 4559 ex
2961 4505 3402 4575 peregrinatione
3426 4499 3592 4558 mundi
3615 4505 3780 4565 prrit"

2260 4596 2387 4659 rati,
2434 4597 2680 4651 dicentes
2718 4614 2732 4650 :
2785 4594 2979 4666 Utique
3024 4597 3264 4664 credidi,
3316 4603 3572 4669 propterea
3616 4589 3781 4642 locum

2257 4704 2374 4742 sum
2400 4687 2466 4742 ¹³.
2812 4678 2817 4683 ’

2809 4795 2999 4837 ειςοτιη
3033 4796 3294 4838 εειῖῐιιωλ.

2757 4870 2836 4926 De
2887 4875 3073 4928 timore
3110 4872 3352 4928 Domini.

2337 4965 2453 5027 Eia.
2491 4963 2715 5029 fratres,
2749 4966 3092 5021 ambulemus
3126 4967 3180 5021 in
3215 4969 3416 5023 timore
3441 4959 3651 5022 Domini.
3675 4965 3777 5023 0W

2266 5057 2409 5110 niam
2442 5057 2819 5126 praescriptum
2849 5067 2935 5111 est
2969 5058 3147 5123 nobis,
3189 5070 3253 5113 ut
3284 5058 3573 5114 serviamus
3600 5062 3699 5104 cunt
3726 5041 3777 5094 ti-

2265 5161 2419 5201 more
2446 5157 2501 5201 et
2529 5157 2767 5202 tremore
2795 5145 2860 5213 “,
2899 5157 2958 5201 ut
2999 5163 3290 5218 operemur
3320 5149 3541 5204 salutem
3566 5146 3773 5196 nostram.

2264 5238 2714 5309 Quandoquidem
2743 5240 2875 5295 nihil
2896 5244 3243 5311 praestantius
3277 5253 3362 5299 est
3396 5243 3578 5296 timore
3594 5233 3670 5289 Dei
3699 5229 3777 5283 Do-

2271 5331 2400 5384 mini
2425 5331 2596 5386 nostri
2617 5330 2744 5387 Jesu
2770 5332 2994 5397 Christi.
3018 5334 3207 5392 Timor
3232 5334 3442 5391 Domini
3464 5341 3542 5388 est
3559 5324 3718 5400 gloria,
3736 5325 3776 5372 et

2269 5425 2442 5493 gratia
2462 5426 2729 5482 maxima:
2755 5441 2929 5497 quare
2951 5429 3131 5500 magni
3149 5427 3404 5502 ponderis
3417 5410 3777 5482 etexistimatio-
3801 5493 3808 5512 '

1816 5584 1861 5616 “
1888 5583 2118 5656 Philipp.
2147 5597 2205 5648 ιι,
2237 5581 2325 5640 12.

659 5709 773 5782 (13)
820 5711 895 5766 Ex
945 5713 1177 5770 Arabico
1233 5716 1421 5771 Latine
1484 5717 1676 5773 redditi
1734 5716 1801 5769 ab
1850 5716 2158 5785 Abrahamo
2181 5713 2533 5773 Ecchellensi.
