3990 6210
281 273 386 326 965
665 246 684 266 '
1269 263 1328 320 s.

1371 261 1648 316 ANTONII
1691 259 1762 314 Μ.
1804 257 2098 313 ABBATIS
2141 257 2532 315 SERMONES.

3411 253 3516 311 966

279 388 365 444 nis
388 398 470 443 est
488 372 720 455 ille,'qui
746 380 897 438 timet
917 376 1504 433 Dominum.Timoretu
1529 375 1742 431 liomini
1765 374 1854 443 qui
1887 379 1930 432 Λ
1962 383 2069 436 ιιιι·,
2122 391 2241 438 qtue
2281 374 2562 443 pervagari
2617 372 2819 427 faciunt
2871 371 3241 436 intellectum,
3281 385 3343 425 ac
3391 370 3528 426 main

277 476 540 546 possedit,
566 487 793 544 magnos
814 479 899 524 est
917 469 1140 537 adeptus
1162 467 1448 521 thesauros
1465 465 1622 519 bonis
1641 465 1860 518 aeternis

278 564 698 628 reiertissimos;
729 571 782 616 et
805 562 918 628 jam
960 567 1244 625 exemptus
1277 566 1360 612 est
1387 557 1454 610 ab
1483 556 1704 610 aeternis
1736 571 1861 624 sup-

276 654 471 721 pliciis,
503 668 625 723 quae
651 649 1032 720 peccatoribus
1060 656 1187 702 sunt
1209 631 1418 716 parata.
1439 647 1624 700 Timor
1645 646 1858 700 Domini

240 747 249 754 ’
276 756 364 800 est
394 746 619 803 electus,
639 738 763 808 plus
794 751 956 806 quam
991 751 1182 789 aurum
1223 747 1277 789 et
1325 748 1608 806 argentum
1650 751 1711 788 ac
1742 749 1863 804 pre-

281 835 563 893 tiosissimi
597 832 828 902 lapides.
856 828 1046 882 Nullus
1077 828 1294 897 sapiens
1331 828 1404 881 ita
1450 839 1529 882 est
1568 828 1859 893 exaltatus,

284 934 342 978 ut
380 925 470 978 ille
505 922 598 992 qui
654 922 806 974 timet
855 919 1165 974 Dominum.
1201 918 1388 972 Timor
1423 918 1631 972 Domini
1673 933 1863 972 omnes

282 1015 437 1069 dolos
468 1023 524 1067 et
552 1021 770 1080 peccata
822 1012 887 1064 ab
913 1010 1094 1063 anima
1137 1009 1402 1062 eradicat.
1446 1007 1545 1074 Qui
1580 1007 1861 1062 hominum

285 1119 393 1157 non
448 1104 622 1164 timet,
655 1103 709 1154 in
749 1099 913 1154 multa
963 1099 1164 1153 incidet
1209 1098 1372 1152 mala.
1425 1097 1612 1151 Timor
1653 1097 1861 1151 Domini

285 1196 563 1250 hominem
597 1190 756 1246 cﬂicit
780 1190 1032 1252 liberum,
1068 1189 1328 1256 illumque
1355 1204 1383 1240 a
1416 1189 1673 1256 peccatis,
1707 1204 1865 1256 para-

288 1286 358 1340 tis
410 1282 691 1352 suppliciis
743 1291 797 1334 et
840 1296 868 1332 a
905 1280 1142 1332 dracone
1179 1293 1408 1346 nequam
1445 1278 1637 1331 salvat.
1678 1277 1866 1332 Timor

290 1373 505 1428 Domini
548 1370 784 1439 quandiu
826 1367 1041 1422 exsistit
1077 1367 1131 1422 iu
1167 1367 1403 1429 homine,
1447 1367 1593 1419 illum
1635 1367 1865 1420 custodit

287 1477 342 1520 et
372 1473 579 1530 servat,
608 1475 891 1530 quousque
926 1458 1147 1527 abjiciat
1188 1473 1216 1512 a
1258 1473 1316 1513 se
1348 1474 1543 1527 corpus
1570 1459 1672 1513 hoc
1703 1473 1866 1528 grave

284 1564 526 1624 portatu,
562 1563 618 1608 et
668 1553 843 1606 haeres
873 1550 1138 1604 elliciatur
1169 1550 1433 1603 bonorum
1478 1565 1598 1602 cum
1639 1550 1862 1612 sanctis,

285 1647 608 1716 quibuscum
639 1642 892 1713 gaudebit
921 1641 1118 1712 gaudio
1150 1651 1378 1705 interno,
1410 1639 1862 1706 quemadmodum

287 1738 550 1804 scriptum
609 1742 694 1788 est
757 1751 772 1788 :

286 1828 640 1895 concepimus,
679 1824 908 1878 dolorem
952 1836 1134 1891 partus
1173 1822 1314 1889 passi
1338 1813 1559 1885 'sumus,
1590 1831 1636 1874 et
1669 1822 1868 1890 peperi-

289 1935 409 1972 mus
437 1916 678 1987 spiritum
719 1915 908 1968 salutis
943 1915 1008 1968 ”.

856 2019 1042 2058 SF-CTIO
1082 2018 1306 2057 ΤΕΒΤΞΛ.

813 2094 891 2148 De
923 2095 1339 2163 longanimitate.

363 2183 546 2239 Sacrae
573 2192 824 2240 asserunt
860 2183 1186 2252 Scriptum,
1234 2183 1328 2236 lilii
1373 2184 1478 2238 mei
1511 2185 1869 2252 dilectissimi,

294 2276 444 2346 quod
477 2276 668 2330 melior
691 2276 764 2329 sit
792 2274 1133 2342 longanimis,
1163 2288 1330 2342 quam
1363 2273 1517 2329 tortis
1549 2277 1600 2330 in
1633 2291 1728 2330 sua
1764 2276 1873 2330 lor-

305 2367 532 2421 titudine
567 2366 630 2433 ",
665 2367 937 2435 istumque
973 2364 1062 2419 ille
1101 2365 1320 2419 excellit
1365 2375 1622 2434 tanquam
1659 2367 1873 2436 fugiens

301 2459 369 2513 ab
400 2459 539 2526 igne.
583 2457 768 2512 Estote
809 2457 990 2525 itaque
1027 2455 1128 2509 viri
1157 2451 1354 2519 fortes,
1403 2457 1498 2510 sed
1531 2458 1872 2514 ambulantes

300 2549 353 2604 in
402 2547 831 2618 longanimitate,
863 2547 987 2616 quia
1036 2547 1175 2600 Deus
1217 2547 1267 2600 in
1317 2547 1606 2617 longaniini
1643 2549 1871 2606 habitat.

299 2637 391 2690 ille
429 2653 560 2692 vero
601 2638 690 2707 qui
737 2647 964 2706 angusto
998 2647 1253 2705 Operatur
1279 2651 1497 2705 peetore
1517 2677 1533 2700 ,
1563 2649 1645 2693 est
1674 2655 1872 2694 secun-

300 2733 424 2782 dum
457 2729 785 2785 voluntatem
813 2729 1035 2794 diaboli,
1059 2737 1114 2782 et
1138 2727 1254 2796 cjus
1277 2731 1630 2798 pessimorum
1651 2731 1874 2801 coadju-

302 2833 477 2874 torum
504 2838 518 2875 :
546 2831 754 2884 contra,
779 2819 1102 2888 longanimis
1123 2831 1205 2874 est
1227 2823 1515 2876 secundum
1547 2822 1876 2878 voluntatem

299 2909 394 2964 Dei
431 2911 581 2964 omni
620 2919 884 2979 tempore.
935 2911 1265 2963 Adnitamur
1301 2911 1482 2980 igitur,
1520 2913 1611 2965 lilii
1648 2913 1752 2966 mei
1796 2911 1878 2966 di-

301 3000 611 3066 lectissimi,
635 3001 699 3054 ad
731 3003 1064 3069 operandam
1094 3002 1390 3056 secundum
1415 3001 1875 3072 longanimitatem

828 1731 1052 1801 Propter
1110 1733 1346 1784 timorem
1403 1739 1573 1792 tuum,
1625 1728 1864 1793 Domine,
1901 1729 1941 1785 Β

1959 467 2198 519 excitant
2237 466 2555 527 certamina,
2583 464 2790 532 plagas.
2822 462 3042 516 bellicos
3079 477 3347 528 rumores,
3382 461 3528 514 iovi-

1959 556 2102 609 diam
2129 597 2143 619 ,
2195 557 2377 609 odium
2418 565 2474 611 et
2509 555 2706 609 similia
2751 555 2888 607 mala
2915 593 2927 617 ,
2969 569 3085 620 qua:
3127 569 3320 624 corpus
3369 554 3533 607 etiam

1961 653 2257 710 aggravant
2287 651 2340 697 et
2374 643 2592 697 morbos
2630 643 2866 696 inierunt
2910 643 3008 696 illi.
3042 642 3148 707 Qui
3183 645 3368 696 dolose
3402 657 3534 710 cpe-

1963 744 2130 793 ratur.
2174 736 2416 788 tradetur
2446 737 2757 805 suppliciis;
2790 746 2842 789 et
2877 750 2972 789 cor
3003 737 3221 799 diaboli,
3259 750 3321 790 ac
3359 738 3533 804 pessi-

1964 839 2170 876 morum
2205 826 2474 879 sociorum
2508 826 2762 880 lmtilicat.
2816 827 2908 878 Eia
2945 826 3131 895 igitur,
3174 827 3266 878 lilii
3308 827 3412 880 mei
3449 828 3534 879 di-

1963 912 2274 979 lectissimi,
2305 927 2620 984 comparate
2656 919 2810 972 vobis
2841 919 2998 970 modo
3032 918 3424 978 innocentiam,
3469 934 3539 970 ne

1961 1004 2276 1057 tuoriamini
2325 1015 2449 1060 ante
2496 1018 2704 1075 tempus
2754 1019 2989 1062 vestrum
3043 1011 3106 1064 ⁸³.
3159 1010 3537 1078 Adipiscimini

1965 1094 2116 1148 vobis
2165 1111 2380 1164 quoque
2429 1109 2741 1152 sanctorum
2793 1100 3232 1168 simplicitatem,
3270 1111 3328 1154 ut
3374 1104 3440 1154 ad
3480 1116 3539 1155 se

1966 1187 2222 1242 Dominus
2251 1199 2436 1242 noster
2459 1187 2616 1243 Jesus
2643 1190 2891 1244 Christus
2922 1205 3016 1242 vos
3051 1193 3341 1259 suscipiat,
3391 1193 3541 1244 dica-

1966 1295 2192 1346 musque
2228 1297 2349 1334 cum
2387 1281 2583 1350 gaudio
2616 1296 2631 1335 :
2669 1279 2894 1348 Propter
2928 1284 3276 1335 innocentiam
3311 1294 3542 1336 nostram

1965 1369 2032 1420 ad
2057 1379 2105 1420 te
2131 1371 2404 1435 suscepisti
2432 1385 2546 1437 nos,
2583 1379 2633 1424 et
2669 1371 2993 1439 conﬁrmasti
3025 1388 3200 1426 coram
3233 1383 3280 1425 te
3312 1375 3366 1427 in
3390 1384 3544 1426 αἰει-

1967 1476 2089 1513 num
2121 1462 2188 1513 ²⁰.
2218 1464 2411 1514 Amen.

2527 1568 2715 1608 SECTIO
2753 1569 2974 1616 QUlNTA.

2536 1647 2610 1698 De
2647 1648 2960 1700 humilitate.

2041 1735 2276 1800 Fratres,
2309 1737 2564 1803 proiihcta
2584 1737 2711 1791 dicit
2733 1756 2744 1789 :
2765 1737 2843 1790 Ad
2865 1754 3012 1806 quem
3039 1737 3329 1804 respiciam,
3359 1737 3458 1789 nisi
3477 1735 3547 1789 ad

1968 1827 2164 1885 mitem,
2197 1827 2443 1878 humilem
2479 1843 2539 1878 ac
2571 1836 2871 1880 trementem
2909 1844 3172 1880 sermones
3223 1843 3383 1890 meos,
3417 1843 3547 1895 quos

1968 1914 2152 1981 loquor
2176 1915 2260 1965 "1’
2295 1914 2551 1968 Dominus
2586 1930 2712 1967 vero
2744 1925 2924 1967 noster
2955 1916 3023 1968 ita
3051 1916 3102 1967 in
3137 1914 3429 1982 Evangelio
3459 1915 3540 1967 di-

1969 2005 2041 2055 cit
2083 2029 2096 2057 .-
2131 2003 2320 2056 Discite
2348 2022 2380 2057 a
2405 2021 2502 2066 me,
2542 2006 2665 2072 quia
2693 2006 2837 2056 mitis
2867 2022 2979 2056 sum
3023 2019 3068 2056 et
3110 2004 3323 2056 humilis
3362 2006 3549 2068 corde;

1969 2101 2014 2145 et
2052 2093 2319 2146 invenietis
2355 2095 2579 2162 requiem
2627 2093 2900 2146 animabus
2942 2095 3121 2145 vestris
3145 2095 3211 2145 ”.
3253 2093 3352 2158 Qui
3389 2094 3550 2161 igitur

1971 2183 2072 2236 sibi
2140 2186 2476 2253 cou'ipararit
2538 2185 2925 2247 humilitatem,
2989 2184 3103 2252 jam
3148 2185 3240 2237 Dei
3297 2184 3546 2237 altissimi

1971 2272 2145 2327 factus
2179 2284 2261 2327 est
2291 2275 2659 2328 habitaculum
2687 2292 2700 2338 ;
2734 2285 2785 2328 et
2815 2275 3174 2339 altitudinem,
3203 2289 3443 2329 amorem
3471 2276 3552 2327 in-

1976 2364 2267 2423 nocentiae,
2329 2379 2516 2432 pacem
2557 2373 2610 2417 et
2647 2365 2966 2417 charitatem
3019 2366 3244 2430 adeptus
3294 2373 3396 2417 est.
3456 2364 3548 2417 Eia

1975 2466 2104 2520 ergo
2138 2453 2498 2516 humilitatem
2529 2454 2679 2508 vobis
2703 2463 3034 2520 comparate,
3063 2439 3118 2506 et
3145 2469 3266 2506 cum
3297 2455 3548 2522 superbia

1975 2544 2158 2598 cordis
2214 2543 2546 2597 diabolorum
2598 2558 2664 2597 ue
2712 2543 3017 2597 ambuletis.
3083 2545 3346 2612 Superbia
3404 2546 3550 2599 enim

1975 2635 2157 2689 cordis
2187 2637 2432 2703 despecta
2462 2646 2542 2689 est
2575 2651 2759 2689 coram
2794 2635 2900 2688 Deo
2921 2644 2977 2689 et
3008 2638 3214 2706 angelis
3243 2637 3362 2706 ejus
3392 2646 3554 2705 atque

1977 2726 2201 2779 sanctis.
2239 2724 2493 2791 Quisquis
2528 2740 2656 2795 ergo
2698 2725 2939 2778 ambulat
2983 2740 3106 2780 cmn
3142 2727 3410 2795 superbia
3433 2742 3555 2781 cor-

1978 2814 2082 2879 dis,
2124 2814 2455 2868 diabolorum
2506 2816 2778 2884 particeps
2824 2825 2926 2868 est.
2969 2813 3197 2884 Propter
3245 2815 3552 2884 superbiam

1979 2904 2157 2959 eordis
2195 2904 2440 2959 inclinati
2471 2914 2596 2958 sunt
2627 2905 2745 2958 coeli
2766 2943 2780 2968 ,
2813 2915 2864 2958 et
2892 2915 3160 2960 commota
3206 2904 3555 2959 fundamenta

1983 3007 2160 3059 terrae,
2190 2999 2523 3051 c0nturbata:
2557 2997 2763 3066 abyssi,
2801 3007 2856 3050 et
2885 2996 3155 3050 deturbati
3186 2995 3359 3066 angeli
3387 3013 3416 3049 a
3443 2996 3557 3066 glo-

305 3089 519 3144 Domini
580 3077 751 3143 nostri
797 3087 922 3144 Jesu
962 3090 1164 3144 Christi
1198 3090 1264 3153 ¹⁷,
1315 3099 1374 3143 ιιι
1419 3091 1773 3164 adimpleatur
1816 3093 1867 3146 in
1902 3095 1947 3155 c
1982 3090 2057 3144 ria
2093 3104 2209 3152 sua,
2247 3104 2311 3141 ac
2354 3087 2552 3140 diaboli
2598 3085 2722 3140 facti
2754 3098 2974 3156 propter
3016 3088 3328 3155 superbiam
3370 3089 3554 3142 cordis

307 3183 464 3238 nobis
491 3181 716 3235 verbum
765 3179 898 3234 illud
923 3180 1220 3250 Scriptura:
1249 3197 1262 3234 :
1300 3179 1356 3234 ln
1387 3191 1630 3250 tempore
1671 3183 1876 3252 requiei

305 3274 629 3346 longanimis
659 3272 779 3340 fuit,
808 3282 862 3328 et
889 3273 1131 3344 possedit
1157 3281 1557 3328 testamentum.

863 3379 1051 3420 SECTIO
1089 3380 1327 3427 QUABTA.

627 3457 705 3512 De
733 3456 1096 3533 simplicitate,
1124 3472 1215 3511 seu
1249 3459 1561 3518 innocentia.

384 3551 605 3606 Asserit.
639 3551 832 3604 beatus
874 3549 1042 3603 David
1091 3549 1144 3602 in
1186 3549 1388 3617 Spiritu
1434 3561 1622 3605 sancto
1671 3569 1684 3605 :
1718 3553 1884 3605 Inna-

308 3653 481 3696 centes
525 3646 572 3694 et
615 3643 744 3694 recti
786 3641 1118 3694 adlttrserunt
1171 3642 1322 3701 milii,
1365 3642 1492 3709 quia
1541 3643 1766 3695 sustinui
1812 3652 1880 3708 te,

313 3737 532 3789 Domine
585 3734 724 3788 Deus
782 3733 844 3786 ’⁸.
903 3733 1026 3788 ιιωο
1078 3735 1374 3803 pr0phetia,
1430 3734 1649 3798 fratres,
1686 3743 1769 3787 est
1819 3733 1886 3788 de

309 3827 519 3880 sanctis
557 3826 648 3894 qui
689 3825 868 3894 juncti
912 3835 1042 3878 sunt
1087 3824 1194 3878 Deo
1233 3838 1328 3878 sua
1380 3823 1717 3888 innocentia;
1761 3822 1883 3890 quia

309 3911 628 3980 abiecerunt
660 3927 689 3965 a
743 3927 800 3967 se
834 3913 1012 3966 dolum
1036 3950 1052 3975 ,
1093 3927 1250 3980 quem
1306 3913 1598 3981 pessimum
1648 3909 1883 3964 fructum

309 4017 434 4058 esse
467 4011 733 4055 noverunt
770 4017 785 4056 :
835 4011 1020 4055 contra
1073 4014 1222 4063 vero,
1265 3999 1498 4054 fructum
1539 3998 1883 4063 innocentiae,

311 4092 479 4146 vitam
523 4101 799 4146 aeternam.
831 4091 1112 4145 llominem
1149 4092 1488 4146 innocentem
1544 4089 1598 4144 in
1651 4087 1888 4156 perfecto

316 4184 411 4240 Dei
454 4185 649 4238 timore
679 4184 1002 4253 comperies.
1023 4181 1292 4252 ,Quisquis
1323 4199 1442 4238 eam
1473 4183 1730 4251 possidet,
1765 4196 1888 4251 per-

319 4276 490 4330 lectus
521 4285 605 4330 est
643 4284 697 4328 et
725 4275 916 4330 similis
955 4275 1094 4341 Deo;
1123 4284 1175 4328 et
1213 4277 1408 4330 odores
1447 4276 1646 4328 emittit
1675 4273 1890 4328 suavis-

315 4367 485 4420 simos
522 4376 684 4435 atque
720 4373 934 4434 gratos,
965 4376 1152 4434 estque
1180 4364 1378 4434 gaudio
1422 4374 1476 4417 et
1507 4365 1675 4433 gloria
1712 4365 1885 4434 reple-

317 4469 428 4522 tus,
457 4467 512 4512 et
545 4443 748 4527 requiei
782 4457 1008 4526 spiritus
1045 4457 1137 4509 Dei
1184 4457 1538 4510 domicilium.
1573 4455 1884 4510 innocentia

315 4557 402 4600 est
445 4548 567 4600 thus
609 4547 746 4611 Deo;
779 4545 1085 4614 quicunque
1117 4546 1260 4597 illam
1309 4544 1649 4613 adipiscitur,
1694 4560 1885 4599 conse-

317 4628 506 4706 quitur
538 4639 762 4708 gloriam
796 4647 851 4691 ct
881 4638 1140 4691 honorem
1188 4637 1239 4690 in
1278 4638 1379 4691 hoc
1411 4637 1608 4690 saeculo
1641 4646 1804 4706 atque
1833 4637 1887 4690 in

322 4731 529 4793 l'uturo,
567 4738 622 4782 et
662 4743 854 4784 nomen
886 4729 1000 4798 ejus
1029 4727 1134 4783 erit
1161 4728 1214 4781 in
1263 4728 1668 4797 generationem
1694 4739 1760 4782 .et
1795 4744 1889 4797 gc-

322 4819 685 4874 nerationem.
758 4818 1220 4884 Quemadmodum
1277 4832 1440 4887 quain
1497 4821 1682 4888 plures
1727 4819 1892 4873 silvas

321 4911 593 4965 comburit
625 4910 762 4980 ignis
787 4949 801 4974 ,
829 4909 874 4964 si
912 4909 1060 4963 illum
1094 4909 1397 4978 neglexeris
1432 4927 1446 4961 :
1486 4910 1558 4963 ita
1593 4909 1746 4964 dolus
1778 4912 1894 4963 ani-

322 5017 464 5055 mam
499 5011 644 5054 tuam
675 5002 968 5071 deperdet,
1016 5001 1060 5056 si
1104 5000 1155 5054 in
1197 5000 1361 5055 corde
1403 4999 1548 5054 illum
1586 5001 1891 5065 admiseris,

320 5106 626 5160 corpusque
645 5091 710 5144 ad
735 5092 849 5145 haec
884 5101 1032 5144 tuum
1078 5091 1471 5158 coinquinabit,
1506 5101 1560 5144 et
1593 5092 1757 5144 multa
1794 5091 1888 5145 tibi

321 5179 514 5235 aﬂ‘eret
555 5181 691 5235 mala
729 5191 783 5236 ct
820 5181 1037 5251 iniquas
1072 5181 1440 5249 cogitationes.
1481 5182 1699 5236 Deridct
1734 5183 1889 5235 inoo-

321 5280 538 5324 centeni
566 5271 802 5336 dolosus,
828 5280 881 5324 et
914 5273 1081 5324 bonos
1107 5286 1331 5335 omnes;
1364 5282 1416 5326 et
1440 5288 1533 5325 cor
1560 5273 1675 5340 ejus
1708 5273 1891 5328 multis

321 5375 388 5414 ac
413 5362 664 5430 pessimis
691 5359 1112 5430 cogitationibus
1147 5377 1176 5414 a
1211 5361 1440 5415 diabolis
1470 5361 1632 5415 illatis
1663 5362 1891 5432 corripi-

987 5566 1031 5599 “
1064 5564 1222 5619 Prov.
1257 5580 1370 5627 xvi,
1404 5564 1493 5618 δὲ.

610 5636 652 5665 ’³
702 5637 802 5688 lsa.
839 5651 984 5696 ιιιι.
1015 5635 1070 5690 2.
1148 5636 1193 5666 "
1235 5635 1424 5688 Matth.
1466 5651 1538 5697 xi,
1579 5635 1666 5688 “29.

398 5564 440 5596 "
486 5562 590 5618 lsa.
634 5581 778 5628 xxvi,
821 5567 909 5620 18.

325 5647 418 5696 ιι..
453 5636 535 5688 l5.

411 5880 424 5906 ι’

1572 5566 1613 5596 ¹⁷
1642 5565 1680 5618 ll
1709 5564 1824 5619 Pet.
1869 5584 1952 5624 ιιι.
1991 5569 2078 5625 15.

1745 5637 1790 5667 ’³
1823 5637 1991 5691 Marc.
2034 5654 2110 5705 l\',
2139 5637 2229 5693 45.

1982 3196 2210 3234 eorum:
2246 3180 2415 3234 iratus
2448 3189 2532 3233 est
2569 3188 2856 3248 propterea
2895 3179 3274 3246 Omnipotens,
3305 3188 3359 3233 et
3396 3179 3560 3249 abys-

1981 3288 2101 3326 sum
2145 3287 2360 3327 sursum
2394 3275 2572 3342 igncm
2605 3274 2860 3327 emittere
2905 3271 3052 3339 fecit,
3085 3273 3352 3340 simulque
3403 3287 3556 3326 mare

1983 3366 2202 3441 igneum
2255 3381 2471 3420 sursum
2521 3364 2784 3420 extollere
2829 3363 3043 3420 ﬂuctus.
3096 3364 3327 3434 Propter
3368 3379 3562 3433 super-

1985 3459 2126 3513 biam
2155 3460 2334 3514 cordis
2367 3458 2634 3514 infernum
2658 3459 2913 3521 instituit.
2947 3468 2999 3514 et
3021 3458 3565 3529 supplicia.Propter

1985 3551 2292 3619 superbiam
2325 3551 2507 3606 cordis
2532 3552 2744 3607 vincula
2775 3552 2916 3606 facta
2953 3561 3080 3606 sunt
3105 3562 3160 3606 et
3189 3550 3416 3619 ﬂagella,
3449 3549 3565 3618 qui-

1987 3643 2085 3696 bus
2135 3644 2379 3696 diabolus
2427 3644 2496 3697 ob
2542 3644 2721 3698 cordis
2764 3645 2847 3697 sui
2900 3643 3210 3710 superbiam
3259 3650 3562 3708 torquetur.

1991 3731 2214 3799 Propter
2253 3734 2560 3800 superbiam
2590 3735 2770 3788 cordis
2796 3735 2914 3804 ejus
2939 3733 3096 3788 facta:
3117 3743 3238 3786 sunt
3275 3732 3450 3803 abyssi
3484 3733 3567 3785 in-

1991 3822 2248 3887 ferorum,
2289 3834 2343 3877 et
2374 3840 2586 3878 vermes
2627 3825 2718 3894 qui
2747 3840 2855 3878 non
2887 3825 3191 3877 moriuntur
3221 3823 3269 3855 ’³
3305 3839 3404 3877 nec
3437 3823 3565 3877 dor-

1990 3915 2179 3968 miunt.
2230 3915 2456 3983 Propter
2485 3915 2793 3984 superbiam
2826 3915 3007 3969 cordis
3051 3913 3175 3968 lacti
3211 3923 3336 3968 sunt
3368 3918 3566 3968 currus

1991 4007 2152 4073 ignei,
2193 4017 2246 4061 et
2290 4008 2645 4061 instrumenta
2683 4005 3020 4060 ﬂammarum
3049 4006 3314 4072 ardentia,
3357 4016 3410 4060 et
3445 4021 3567 4060 car-

1989 4095 2158 4149 bones
2185 4095 2348 4164 ignis.
2390 4095 2617 4165 Propter
2649 4095 2958 4164 superbiam
3002 4095 3183 4150 cordis
3216 4097 3397 4150 omnia
3436 4111 3569 4149 con-

1993 4186 2202 4239 turbata
2255 4195 2402 4250 sunt,
2449 4184 2854 4255 conﬂiguntqne
2905 4183 3094 4247 simul,
3140 4185 3281 4239 unde
3319 4195 3438 4239 orta
3482 4193 3568 4240 est

1995 4277 2250 4348 tyrannis.
2293 4277 2497 4330 Cuncta
2528 4277 2640 4331 haec
2669 4275 2807 4330 facta
2847 4285 2971 4329 sunt
3015 4285 3234 4345 propter
3257 4275 3567 4345 superbiam

1994 4370 2198 4423 cordis.
2243 4367 2506 4437 Superbia
2557 4369 2736 4422 contis
2778 4367 3054 4423 hominum
3097 4380 3281 4421 coram
3323 4366 3434 4420 Deo
3475 4366 3570 4418 im-

1996 4460 2194 4512 munda
2227 4468 2310 4512 est
2347 4480 2359 4513 :
2409 4461 2569 4513 corda
2617 4475 2746 4512 vero
2784 4459 3066 4520 bumiliata
3104 4467 3158 4512 et
3193 4458 3420 4513 contrita
3460 4471 3568 4510 non

1997 4547 2342 4601 abominatur
2373 4547 2530 4601 Deus.
2559 4547 2637 4601 Ad
2665 4533 2996 4610 uos-antem,
3031 4547 3124 4601 lilii
3161 4558 3215 4601 ct
3246 4548 3438 4600 fratres
3464 4545 3565 4598 inci

1995 4639 2353 4705 dilectissimi,
2403 4639 2627 4694 veniens
2671 4639 2762 4693 Dei
2803 4639 3091 4693 clementia
3149 4640 3216 4692 ab
3265 4637 3564 4701 altissimis,

1994 4731 2133 4786 facta
2158 4740 2242 4786 est
2273 4731 2492 4786 humilis
2517 4747 2688 4800 usque
2712 4732 2776 4783 ad
2805 4732 3050 4784 ultimum
3084 4732 3359 4797 Spiritum.
3388 4727 3568 4793 Quare

1993 4820 2289 4890 gloriemur
2317 4836 2439 4874 cum
2469 4822 2680 4874 dicente
2718 4838 2732 4873 :
2769 4819 2982 4888 Respice
3012 4821 3362 4872 humilitatem
3401 4834 3566 4872 meam

1992 4923 2039 4966 et
2070 4911 2300 4964 laborem
2328 4927 2524 4972 meum.
2551 4921 2596 4963 et
2625 4911 2837 4964 dimitte
2861 4913 2987 4964 milii
3015 4920 3226 4976 peccata
3257 4926 3368 4962 mea
3395 4912 3459 4962 ".

2568 5016 2759 5056 SECTIO
2803 5018 2994 5057 5551's.

2597 5090 2671 5142 De
2719 5100 2971 5156 puritate.

2072 5181 2252 5236 Sacrae
2286 5190 2534 5235 asserunt
2579 5182 2894 5250 Scriptum,
2929 5183 3019 5233 lilii
3063 5180 3166 5231 mei
3209 5176 3576 5248 dilectissimi,

2001 5275 2142 5341 quod
2194 5289 2400 5341 magum
2431 5272 2632 5326 divitia:
2668 5274 2734 5325 sit
2794 5287 2961 5339 purus
2992 5271 3173 5323 homo.
3212 5269 3402 5323 Dicunt
3430 5286 3568 5339 quo—

2000 5379 2104 5433 que
2136 5403 2150 5416 .
2185 5362 2362 5417 Estote
2391 5365 2582 5428 sancti,
2631 5364 2879 5432 quoniam
2928 5379 3020 5430 ego
3053 5374 3263 5416 sumtus
3308 5379 3446 5430 sum,
3493 5366 3569 5419 ait

2160 5568 2207 5644 τί
2251 5565 2400 5644 Pani.
2439 5582 2585 5644 χειν,
2611 5568 2699 5621 2|.
2761 5568 2820 5644 ff
2855 5569 3028 5624 Eccle.
3062 5587 3155 5635 vu,
3189 5570 3270 5626 l8.
3303 5634 3313 5644 ,
3347 5571 3394 5604 ’⁸
3424 5567 3572 5625 Psal.

2308 5639 2353 5669 “
2388 5636 2527 5691 l’sal.
2558 5653 2705 5706 xxiv,
2755 5639 2838 5693 18.
