3990 6210
505 235 604 291 967

3356 214 3386 234 δ’

1603 230 1876 288 PATRES
1917 232 2095 289 JEGYI

2199 232 2215 286 Ι
2255 229 2527 288 ΞᾹῐίῖυῐοί
2566 228 2659 284 ιν.
3358 228 3376 234 ⁷
3601 233 3692 289 9‘38

506 351 760 406 Duninns
807 348 1129 416 omnipotens
1164 347 1232 399 ”.
1289 346 1383 400 Eia
1420 361 1552 414 ergo
1599 348 1943 404 decertemus
1992 367 2093 419 pro
2122 357 2166 412 Α
2195 358 2273 402 est
2316 347 2640 416 principium
2679 343 2856 399 omnis
2890 341 2997 398 doli
3032 353 3088 398 et
3121 341 3340 407 fraudis,
3369 345 3596 414 supplicio
3633 351 3697 400 al-

504 442 741 510 pnritate
766 456 935 508 usque
959 441 1023 491 ad
1049 447 1305 500 mortem,
1338 449 1392 491 et
1421 438 1488 492 ab
1513 440 1769 494 omnibus
1799 455 2088 496 caveamus

505 531 880 592 immunditiis,
911 546 1032 598 quae
1056 538 1180 584 sunt
1210 540 1406 598 praeter
1433 540 1710 597 naturam,
1734 533 1892 602 juxta
1921 536 2086 588 verba

505 623 848 694 primogeniti
878 624 1265 691 prophetarum
1291 623 1510 695 Moysis.
1539 625 1839 680 Plurimum
1872 641 2088 695 quoque

505 730 790 769 caveamus
825 716 892 766 ab
921 715 1022 768 hoc
1057 715 1273 784 negotio
1304 730 1514 778 amaro,
1553 731 1619 770 ne
1647 717 1859 771 scilicet
1900 729 2086 771 nostra

507 803 738 855 invicem
775 802 1102 870 detegantur
1133 804 1368 856 verenda
1391 844 1406 864 .
1442 820 1576 860 neve
1619 805 1904 860 mulierum
1940 806 2089 876 aspi-

505 894 711 945 ciamus
760 891 1240 959 pulchritudines:
1289 895 1488 963 quippe
1526 895 1667 950 haud
1716 897 1988 950 nescimus
2022 911 2087 948 ex

508 987 590 1040 bis
627 994 853 1039 mortem
891 994 1068 1037 ortam
1117 985 1312 1049 fuisse;
1356 997 1408 1040 et
1463 1002 1595 1040 sane
1635 989 1878 1041 onmimu
1917 988 2091 1057 pessi-

508 1092 652 1129 nmm
700 1087 782 1130 est
830 1076 1088 1130 mulieres
1135 1079 1380 1143 aspicere
1436 1077 1504 1129 ad
1566 1078 2087 1145 concupiscentiam.

509 1168 736 1235 Propter
765 1168 936 1221 visum
969 1168 1114 1220 enim
1144 1168 1427 1221 oculorum
1455 1168 1629 1236 angeli
1661 1170 1908 1222 cecidere
1935 1186 1962 1222 a
1994 1185 2089 1223 sua

507 1257 675 1325 gloria
720 1268 774 1310 et
802 1257 1008 1310 honore
1037 1259 1246 1325 spoliati
1274 1267 1420 1311 sunt.
1441 1249 1584 1312 Multi
1609 1260 1824 1326 quidem
1857 1260 2085 1328 periere,

509 1352 724 1414 fratres,
750 1363 971 1420 propter
997 1355 1272 1406 mulieres.
1302 1352 1532 1418 Quidam
1555 1354 1696 1406 enim
1723 1354 1908 1407 uxoris
1926 1369 2090 1408 causa

510 1442 777 1494 interfecti
803 1483 818 1506 ,
863 1443 1103 1495 nonnulli
1143 1459 1393 1497 sororum
1433 1459 1618 1508 causa,
1657 1445 1819 1514 aliqui
1869 1457 2092 1515 propter

510 1534 647 1588 ﬁlias
688 1553 702 1588 ι
751 1536 930 1587 omnia
981 1546 1158 1588 autem
1197 1536 1311 1589 hate
1343 1538 1413 1589 ob
1446 1535 1616 1590 solam
1669 1537 2087 1590 immunditiam.

507 1624 861 1679 Ambulemus
893 1625 1078 1694 igitur,
1110 1626 1333 1690 fratres,
1366 1627 1418 1680 in
1453 1627 1708 1695 puritate,
1733 1629 1859 1695 quia
1888 1630 2091 1696 purita-

511 1717 579 1767 tis
611 1715 816 1769 fruetus
843 1727 926 1770 est
961 1717 1165 1782 lumen,
1203 1721 1406 1770 veritas
1439 1729 1492 1770 et
1522 1719 1821 1787 vigilantia.
1858 1719 1933 1772 Ne
1971 1721 2090 1773 sitis
2123 1698 2163 1753 Β

508 1822 638 1875 ergo
687 1808 1044 1875 pessimarum
1083 1807 1528 1877 abjectarumque
1573 1811 1888 1878 passionum
1924 1811 2088 1874 servi,

508 1910 603 1952 aut
629 1903 986 1953 obscenarum
1013 1901 1350 1966 voluptatum
1382 1915 1501 1969 qua:
1531 1902 1820 1955 immundae
1850 1912 1974 1956 sunt
1999 1918 2091 1956 c0-

511 2007 625 2043 ram
663 1992 787 2044 Deo.
833 1992 921 2044 Dei
957 2007 1152 2045 nomen
1202 1994 1251 2044 in
1283 1994 1528 2045 cordium
1571 2007 1876 2048 vestrorum
1919 1995 2094 2050 oculis

510 2085 851 2150 perscriliite,
884 2095 940 2135 ut
967 2083 1172 2152 jugiter
1217 2085 1359 2137 intra
1406 2100 1502 2139 vos
1545 2086 1813 2140 exclamet
1848 2087 2037 2141 dicens
2075 2105 2091 2142 :

521 2177 625 2231 Vos
663 2180 785 2230 estis
826 2177 1016 2245 templa
1050 2175 1146 2230 Dei
1183 2177 1278 2230 vivi
1309 2177 1376 2241 ",
1412 2185 1466 2230 et.
1499 2177 1647 2232 locus
1681 2179 1884 2246 requiei
1919 2180 2094 2249 Spiri-

515 2278 600 2321 tus
645 2267 918 2319 sancti".
951 2267 1052 2332 Qui
1103 2273 1282 2320 autem
1321 2274 1582 2336 operatur
1627 2266 1928 2329 immunda,
1968 2266 2094 2320 dolo

513 2358 823 2412 cuinulatus
865 2368 946 2410 est
977 2367 1031 2410 et
1069 2357 1148 2410 ira
1182 2367 1237 2410 et
1269 2358 1632 2411 amaritudine
1659 2365 1714 2411 et
1756 2359 2006 2427 suspiriis
2040 2369 2096 2413 et

514 2449 746 2503 vinculis
797 2449 1051 2517 pessimis
1092 2464 1275 2502 coram
1311 2449 1572 2504 Creatore
1619 2463 1738 2505 suo.
1778 2450 1948 2504 llonto
1997 2451 2097 2505 de-

513 2551 702 2609 ceptus
734 2540 1116 2603 immumlitiis,
1141 2539 1335 2594 similis
1362 2551 1444 2594 est
1475 2556 1657 2595 coram
1697 2541 1804 2596 Deo
1835 2543 2096 2612 jumentis

513 2633 693 2685 omnis
752 2633 1076 2702 cognitionis
1153 2633 1502 2702 expertibus,
1563 2635 1713 2702 juxta
1770 2639 2095 2691 sententiam

516 2723 814 2791 psalmistae
849 2724 1018 2776 sancti
1060 2723 1226 2776 David
1275 2726 1552 2792 propheta:
1584 2727 1648 2780 ’³.
1687 2726 1782 2780 Eia
1822 2743 1964 2782 nunc
1995 2728 2097 2797 igi-

521 2825 630 2872 tur,
668 2814 758 2866 lilii
805 2815 906 2866 mei
961 2813 1339 2879 dilectissimi,
1377 2817 1579 2880 venite,
1623 2819 1748 2871 odio
1805 2819 2098 2875 habeamus

519 2903 732 2955 oculum
769 2903 914 2955 illum
953 2917 1186 2970 nequam
1213 2942 1228 2966 ,
1267 2914 1320 2957 et
1368 2907 1659 2974 puritatem
1695 2908 2095 2976 perquiramus,

518 2996 643 3064 quia
676 2997 846 3064 gloria
887 2996 999 3048 haec
1045 3003 1128 3048 est
1169 2995 1483 3064 angelorum
1520 2997 1634 3052 Dei.
1670 2998 1725 3052 Si
1759 3012 1936 3052 autem
1970 3015 2094 3069 per-

519 3090 782 3142 suadente
854 3087 1069 3142 diabolo
1133 3089 1524 3152 ceciderinius,
1580 3105 1676 3158 per
1721 3094 2093 3160 pa‘niteutiam

519 3193 842 3246 surgamus,
876 3189 929 3232 et
985 3179 1241 3234 adeamus
1306 3180 1456 3234 illum
1521 3182 1612 3248 qui
1658 3185 1807 3237 venit
1856 3198 2100 3253 quzerere

518 3281 681 3321 unam
713 3284 865 3323 ovem
908 3286 1027 3338 qua:
1053 3283 1334 3325 erraverat
1367 3289 1463 3342 per
1497 3288 1777 3342 peccatum
1807 3277 1887 3341 ";
1930 3278 2096 3331 Demu

521 3374 735 3426 nempe,
788 3360 878 3426 qui
925 3372 1168 3423 peccata.
1196 3365 1471 3417 coudonat
1523 3367 1774 3420 omnibus
1826 3368 1963 3430 illis,
2004 3372 2097 3439 qui

521 3452 696 3518 ipsum
746 3461 936 3520 rogant
965 3467 1028 3506 ex
1063 3461 1177 3507 toto
1211 3456 1373 3508 corde
1405 3470 1508 3509 suo
1541 3473 1555 3508 :
1587 3467 1646 3510 ut
1674 3460 1958 3513 audiamus
2002 3477 2099 3516 nos

521 3558 734 3610 quoque
771 3558 956 3596 vocem
1008 3545 1150 3598 illam
1199 3560 1422 3602 suavem
1477 3549 1745 3604 dicentem
1791 3567 1806 3604 :
1859 3551 2097 3610 Pretiosa

517 3644 595 3689 est
635 3637 688 3688 in
729 3649 1004 3705 conspectu
1050 3638 1147 3691 Dei
1192 3655 1332 3694 mors
1379 3643 1660 3697 electorum
1700 3662 1938 3712 suorum,
1989 3649 2099 3701 sine

520 3730 735 3782 interitu
770 3730 821 3782 in
849 3737 1102 3783 swcutum
1128 3731 1194 3784 '°.

1060 3887 1251 3928 SEC'I'lO
1300 3889 1547 3930 SEPTIIA.

1178 3965 1254 4019 De
1290 3983 1436 4034 pace.

596 4075 708 4132 Hoc
742 4078 1088 4134 manifestum
1119 4081 1272 4135 vobis
1301 4083 1394 4147 sit,
1419 4084 1637 4153 fratres,
1665 4087 1807 4156 quod
1842 4089 2102 4146 Dominus

526 4167 643 4237 ipse
668 4171 922 4238 prtecepit
949 4172 1106 4226 nobis
1136 4188 1322 4241 pacem
1355 4177 1688 4244 perquirere,
1718 4190 1775 4232 ut
1801 4183 2102 4250 apprehen-

524 4261 716 4314 damus
733 4275 852 4315 eam
875 4279 890 4325 ;
914 4263 1170 4330 quoniam
1186 4266 1329 4319 oculi
1357 4267 1566 4322 Domini
1592 4272 2098 4341 respiciuntjustos.

2191 443 2316 497 fecti
2337 451 2463 495 sunt
2482 441 2574 494 lilii
2607 440 2701 492 Dei
2727 478 2741 501 ,
2766 437 2993 508 ejusque
3013 451 3176 492 causa
3204 437 3414 490 invaluit
3439 449 3696 505 peccatum;

2192 532 2440 600 regnavit
2467 545 2614 583 mors
2641 543 2804 598 super
2840 526 3136 587 infernum,
3168 536 3222 579 et
3254 529 3464 580 arbores
3494 526 3700 581 inlructi-

2199 623 2327 677 fera:
2360 622 2582 676 reddita:
2613 629 2760 681 sunt,
2785 632 3049 686 suamque
3074 627 3456 672 commutarunt
3479 629 3700 673 naturain.

2191 715 2420 783 Propter
2481 712 2739 766 invidiam
2797 707 2953 764 effusi
3009 717 3136 762 sunt
3186 709 3464 777 sanguines
3515 709 3700 763 innoxii.

2189 805 2482 874 Fugiamus
2507 802 2669 870 igitur
2700 799 2957 853 invidiam
3003 807 3062 852 et
3093 801 3469 853 contentiones.
3493 798 3581 866 Qui
3601 801 3704 852 amio

2193 915 2289 953 cus
2335 907 2418 952 est
2469 895 2632 948 invidi
2672 904 2726 948 et
2755 892 3114 959 contentiosi,
3159 893 3361 947 amicus
3397 902 3474 946 est
3508 895 3704 947 nocentis

2193 990 2343 1043 ferae.
2391 986 2502 1040 lmo
2527 987 2616 1055 qui
2642 1001 2699 1040 se
2721 985 2946 1039 conlidit
2977 983 3106 1038 ferte
3132 994 3224 1037 aut
3245 983 3476 1048 draconi,
3505 985 3706 1037 securior

2191 1091 2275 1135 est
2320 1096 2386 1134 eo
2417 1080 2508 1149 qui
2545 1094 2606 1133 se
2641 1078 2867 1131 conlidit
2895 1077 3236 1130 contentioso
3266 1086 3319 1129 et
3353 1077 3538 1128 invido.
3571 1077 3652 1142 Qui
3685 1091 3706 1128 ι

2192 1171 2632 1226 contentionibus
2659 1186 2764 1224 tton
2796 1169 3072 1232 abhorret,
3103 1169 3306 1222 nemini
3335 1169 3588 1222 hominum
3614 1185 3709 1238 par-

2193 1267 2284 1329 cit,
2322 1279 2419 1318 nec
2459 1263 2591 1332 ipsis
2623 1261 2846 1322 amicis;
2887 1271 2942 1313 et
2985 1275 3146 1312 nemo
3191 1259 3267 1313 illi
3302 1271 3481 1327 potens
3517 1261 3707 1320 videtur,

2195 1371 2295 1410 nec
2322 1355 2574 1424 dirigitur
2603 1353 2656 1406 in
2688 1353 2797 1405 via.
2828 1351 3038 1405 Etenim
3065 1352 3375 1419 sanguinem
3409 1361 3544 1403 tuum
3572 1353 3710 1402 mani-

2194 1447 2295 1500 bus
2320 1446 2454 1510 suis,
2483 1454 2541 1498 ut
2570 1443 2827 1514 pugillum
2860 1457 3014 1511 aqua:
3043 1441 3318 1495 cﬂ'ondent
3351 1458 3503 1511 super
3529 1453 3709 1501 terram,

2203 1546 2260 1588 et
2304 1537 2412 1588 vita
2450 1543 2540 1587 tua
2574 1534 2726 1586 nihili
2775 1533 2992 1587 ducitur
3034 1533 3100 1586 ab
3135 1531 3261 1586 illis.
3305 1532 3393 1585 Eia
3431 1545 3560 1586 nunc
3592 1548 3711 1600 ergo,

2197 1626 2289 1679 lilii
2323 1628 2472 1689 mei,
2509 1624 2672 1693 fugite
2716 1624 2974 1678 invidiam
2998 1665 3012 1688 ,
3048 1636 3104 1679 et
3141 1635 3313 1680 estote
3360 1625 3447 1678 lilii
3492 1636 3714 1678 amatores

2195 1717 2364 1784 pacis,
2390 1726 2443 1770 ct
2476 1717 2736 1785 proximis
2754 1718 2950 1772 vestris
2988 1732 3056 1771 ne
3089 1717 3464 1779 adversemini,
3497 1717 3710 1786 quoniam

2195 1807 2456 1875 perfectio
2494 1807 2622 1874 legis
2652 1789 2757 1870 est,
2795 1815 2852 1860 ut
2883 1807 3154 1860 sustineas
3177 1815 3230 1859 et
3256 1806 3438 1876 diligas
3460 1807 3712 1874 proximum

2196 1907 2346 1949 tuum
2377 1896 2440 1948 ³⁸.
2478 1895 2824 1964 Nequaquam
2860 1895 3091 1964 duplicis
3129 1897 3312 1950 cordis
3357 1896 3501 1958 sitis,
3535 1906 3584 1948 ut
3623 1897 3715 1947 sitis

2197 1989 2382 2042 fortes.
2429 1985 2509 2042 Ne
2554 1989 2680 2040 mali
2714 1987 2833 2040 sitis
2874 1987 2925 2040 in
2959 1989 3219 2052 invicem,
3255 1988 3377 2057 quia
3408 1988 3553 2041 homo
3579 1986 3716 2038 malus

2195 2097 2416 2136 amarus
2446 2091 2529 2135 est
2581 2090 2692 2134 tota
2742 2082 2850 2133 vita
2884 2097 3002 2147 sua,
3040 2091 3094 2134 et
3125 2082 3351 2135 festinus
3378 2094 3454 2138 est
3493 2084 3538 2135 in
3573 2083 3714 2150 ονιιτίς

2196 2175 2296 2230 bus
2359 2173 2719 2243 perditionis,
2772 2183 2826 2226 et
2875 2175 2998 2228 vitae
3039 2189 3272 2254 Operam
3322 2177 3410 2229 dat
3459 2175 3714 2245 pessima:

2196 2267 2444 2334 pretiosa?
2470 2275 2523 2318 et
2555 2265 2903 2320 honorabiles
2945 2275 3074 2320 sunt
3101 2269 3247 2334 apud
3281 2267 3420 2320 illum
3456 2267 3651 2334 injuria',
3678 2273 3715 2315 et

2197 2360 2250 2412 in
2285 2361 2462 2414 verbis
2497 2359 2744 2413 stultitim
2783 2361 3069 2429 gloriatur.
3104 2359 3264 2414 Nunc
3296 2364 3489 2430 itaque,
3515 2360 3594 2412 lilii
3621 2358 3716 2418 mei,

2198 2455 2241 2507 si
2269 2453 2359 2521 qui
2391 2467 2457 2506 ex
2488 2450 2640 2506 vobis
2671 2457 2835 2506 vllam
2871 2467 3033 2522 agere
3071 2469 3242 2521 super
3273 2465 3462 2508 terrain
3505 2453 3714 2520 deligunt.

2199 2547 2408 2600 fructus
2453 2559 2708 2614 agrorum
2761 2543 2989 2598 colendo
3019 2553 3112 2598 aut
3147 2546 3448 2606 vinearum,
3479 2559 3536 2595 nc
3573 2556 3715 2595 conie-

2197 2638 2338 2691 datis
2366 2646 2420 2690 et
2454 2636 2652 2690 bibatis
2683 2637 2801 2690 sine
2831 2652 3109 2704 mensura,
3141 2653 3217 2691 ne
3249 2636 3610 2691 obliviscamini
3642 2635 3721 2687 Do-

2199 2731 2403 2784 minum
2449 2717 2615 2784 Deum
2649 2739 2887 2782 vestrum
2944 2729 3101 2798 juxta
3147 2729 3315 2784 verba
3360 2729 3487 2782 sacri
3530 2709 3724 2793 Evange-

2199 2821 2254 2876 lii
2280 2824 2348 2888 ³⁵,
2387 2823 2480 2875 sed
2511 2821 2820 2877 laboremus
2859 2837 3023 2891 opere
3060 2838 3320 2876 manuum
3366 2831 3654 2878 nostrarum,
3679 2824 3723 2866 ut

2198 2912 2492 2969 offeramus
2524 2915 2753 2968 Domino
2781 2915 3052 2969 sacrilicia
3085 2924 3138 2968 et
3178 2915 3480 2969 holocausta
3519 2909 3720 2979 paciﬁca.

2202 3017 2258 3058 ιιι
2280 3005 2513 3073 optimus
2544 3015 2785 3060 nostram
2814 3007 3068 3059 exaudiat
3107 3010 3413 3060 orationem
3458 3004 3594 3062 Deus.
3623 3013 3720 3051 nos-

2201 3114 2306 3168 que
2331 3100 2615 3152 audiamus
2642 3114 2828 3154 vocem
2857 3101 3000 3151 illam
3032 3101 3210 3168 ipsius
3241 3100 3439 3152 dulcem
3468 3113 3479 3148 :
3509 3093 3637 3147 Beati
3662 3105 3723 3140 re-

2201 3189 2538 3241 conciliantes
2572 3205 2750 3254 pacem
2779 3191 2916 3242 inter
2939 3190 3203 3256 homines,
3244 3190 3478 3259 quoniam
3517 3182 3723 3238 vocabun-

2202 3290 2290 3334 tur
2308 3282 2407 3350 ﬁlii
2434 3281 2532 3335 Dei
2553 3281 2620 3348 ³⁸,
2648 3283 2736 3352 qui
2763 3291 2846 3336 est
2870 3283 3006 3335 Deus
3031 3284 3191 3350 pacis
3212 3285 3263 3337 in
3288 3294 3547 3337 :eteruum.
3572 3278 3720 3329 Amen.

2764 3437 2957 3490 sparto
2990 3437 3233 3479 ocnva.

2830 3515 2907 3568 De
2935 3516 3171 3568 silentio.

2275 3628 2504 3699 Sapiens
2535 3631 2729 3685 asserit
2770 3630 3023 3684 Salomon
3056 3629 3124 3691 ³⁷,
3175 3627 3513 3691 dilecdssimi,
3554 3625 3723 3678 thesau-

2202 3735 2322 3774 rum
2365 3721 2598 3776 electum
2635 3737 2756 3777 esse
2803 3721 2855 3776 in
2887 3737 2981 3774 ore
3022 3723 3330 3792 sapientis;
3363 3724 3500 3783 item,
3541 3715 3617 3785 qui
3643 3725 3723 3766 ιιοιι

2201 3817 2382 3878 potest
2402 3811 2676 3865 custodire
2702 3826 2762 3865 os
2799 3827 2956 3864 sumu
2988 3820 3157 3880 atque
3201 3813 3454 3880 linguam,
3483 3813 3657 3873 satagat
3677 3813 3724 3851 ηε

2203 3901 2523 3971 tnultiplicet
2553 3903 2737 3956 verba.
2771 3902 2936 3968 Cave,
2975 3903 3162 3967 homo,
3194 3915 3247 3959 et
3273 3905 3456 3973 lingua:
3480 3897 3722 3953 dominare.

2203 4009 2302 4048 nec
2362 3995 2689 4064 multiplices
2733 3995 2920 4061 verba,
2961 4011 3026 4050 ne
3067 3997 3394 4066 multiplices
3420 3995 3504 4048 tibi
3533 3991 3724 4061 peccata.

2201 4085 2294 4141 Ori
2327 4095 2419 4140 tuo
2462 4103 2600 4156 pone
2631 4088 2876 4157 digitum,
2908 4097 2966 4164 et
2990 4087 3210 4141 frenum
3255 4089 3441 4158 lingua:
3492 4096 3600 4144 tute,
3633 4076 3724 4144 ‘l"ia

2203 4177 2367 4230 homo
2405 4178 2753 4246 multiloquus
2796 4160 3056 4246 nusquam
3099 4175 3332 4246 Spiritui
3366 4184 3542 4230 saneto
3564 4164 3724 4222 inhabi-

2206 4268 2350 4322 taudi
2388 4270 2438 4322 in
2490 4283 2549 4323 se
2595 4269 2848 4338 relinquit
2901 4268 3098 4324 locum.
3156 4268 3328 4323 Noctu
3373 4267 3723 4332 diuquetwme"

526 4359 580 4402 et
608 4365 762 4404 aures
807 4351 923 4417 ejus
958 4353 1178 4406 intenta:
1224 4366 1350 4408 sunt
1399 4358 1466 4408 ad
1497 4372 1685 4411 eorum
1717 4364 1994 4418 orationes
2029 4365 2098 4418 ".
2132 4401 2178 4455 Β
2208 4360 2417 4415 Domini
2457 4372 2700 4416 versetur
2753 4365 2804 4415 in
2834 4377 2928 4416 ore
2957 4374 3068 4426 tuo,
3097 4373 3156 4414 et
3193 4361 3418 4431 spiritali
3454 4366 3558 4411 esto
3585 4347 3725 4404 condi-

527 4442 764 4504 Fratres,
799 4443 1182 4512 diguoscamus
1212 4459 1398 4513 pacem
1435 4447 1525 4501 Dei
1561 4458 1613 4503 et
1646 4466 1997 4521 properemus
2031 4458 2098 4508 ad

510 4523 695 4594 illam,
739 4549 805 4586 ne
857 4535 1012 4587 nobis
1059 4535 1373 4605 objiciatur,
1420 4541 1560 4608 quod
1602 4557 1702 4608 pax
1751 4555 1933 4597 nostra
1995 4562 2094 4615 pax

525 4636 868 4693 peccatorqu
901 4626 994 4692 sit,
1025 4628 1462 4696 quandoquidem
1508 4631 1620 4698 ipse
1668 4633 1802 4686 dixit
1846 4651 1859 4686 :
1907 4631 2101 4687 Pacem

525 4733 691 4770 meam
721 4719 788 4770 do
813 4719 972 4782 vobis,
995 4727 1068 4784 et,
1095 4736 1269 4784 pacem
1300 4737 1466 4774 meam
1493 4723 1730 4793 relinquo
1752 4725 1891 4788 vobis
1916 4727 1978 4779 ".
2005 4726 2101 4780 Eia

525 4825 675 4877 ergo,
715 4810 934 4872 fratres,
964 4812 1145 4864 venite
1175 4827 1189 4864 :
1224 4827 1408 4866 verum
1441 4813 1688 4869 ineamus
1723 4827 2017 4883 certamen,
2045 4828 2104 4872 ut

526 4902 682 4955 nobis
734 4901 934 4955 Christi
997 4903 1325 4956 retineamus
1384 4920 1595 4974 pacem,
1646 4909 1770 4976 quia
1823 4923 1926 4978 pax
1984 4910 2101 4965 haec

525 4993 809 5065 descendit
838 5009 866 5046 a
907 4991 1068 5046 Patre
1101 4993 1363 5047 luminum
1397 4995 1466 5060 ⁸³,
1490 5008 1543 5050 et
1581 4996 1728 5069 Rege
1754 5001 2100 5076 szeculorlum.

526 5085 758 5137 Amator
796 5084 950 5153 pacis
971 5082 1082 5152 jam
1113 5101 1341 5140 consors
1363 5087 1586 5143 elfectus
1615 5101 1693 5144 est
1724 5091 1900 5145 dilecti
1927 5091 2104 5146 Patris

526 5169 654 5227 Jesu
683 5173 889 5227 Christi
919 5181 1080 5242 atque
1107 5175 1443 5243 angelorum,
1469 5181 1738 5248 nullisque
1767 5183 1997 5238 allicitur
2022 5186 2104 5239 in-

525 5266 859 5331 commodis;
907 5265 994 5319 ubi
1046 5282 1235 5321 osores
1269 5269 1418 5336 pacis
1460 5271 1658 5326 invidia
1706 5284 1760 5328 et
1809 5278 2099 5344 perturba-

527 5353 762 5410 tionibus
791 5368 1194 5427 retorquentur.
1226 5358 1457 5432 Propter
1485 5363 1739 5418 invidiam
1769 5378 1945 5422 autem
1981 5384 2100 5438 qua:

2210 4463 2298 4506 tus
2327 4453 2440 4507 sale
2473 4453 2539 4518 ³⁸,
2573 4464 2632 4507 ut
2669 4464 2960 4525 cognoscat
3009 4457 3378 4524 unusquisque
3403 4445 3726 4506 continentiam

2203 4554 2372 4598 tuam.
2428 4545 2484 4600 Si
2539 4545 2658 4614 quis
2715 4548 2818 4598 tiro
2869 4545 3043 4600 adhuc
3095 4557 3273 4601 tecum
3323 4551 3528 4614 loquens
3571 4547 3612 4590 te
3661 4545 3725 4584 r0-

2204 4638 2413 4705 gaverit
2466 4639 2689 4692 verbum
2747 4639 2959 4706 aliquod
3013 4639 3065 4691 in
3117 4653 3228 4708 quo
3273 4649 3355 4692 est
3416 4636 3592 4688 lucrum
3637 4623 3723 4676 ani.

2205 4746 2325 4792 mae,
2379 4731 2642 4797 responde
2697 4729 2810 4794 illi;
2866 4731 2946 4783 sin
2997 4745 3125 4783 vero
3174 4731 3378 4784 nullum
3429 4736 3502 4782 est
3540 4722 3711 4775 lucrum

2210 4831 2327 4876 esto
2353 4832 2410 4873 ut
2436 4823 2633 4875 surdus
2681 4823 2774 4893 qui
2824 4840 2928 4876 non
2959 4825 3129 4886 audit,
3162 4834 3218 4877 et
3277 4836 3332 4878 ut
3364 4831 3528 4876 mutus
3555 4812 3726 4882 quitum

2210 4913 2469 4982 loquitur.
2516 4913 2610 4966 Eia
2666 4931 2808 4969 nunc
2862 4915 3046 4984 igitur,
3091 4916 3184 4968 lilii
3243 4903 3367 4977 mei,
3418 4924 3582 4966 veram
3611 4899 3725 4954 vobis

2202 5016 2514 5074 comparate
2557 5007 2883 5072 doctrinam,
2941 5017 2997 5060 ut
3029 5008 3148 5062 sitis
3203 5007 3423 5076 perfecti
3465 5023 3478 5059 :
3535 5001 3723 5065 itnl’m’e

2203 5098 2430 5167 quaerite
2465 5097 2748 5151 veritatem
2798 5107 2850 5150 et
2917 5099 3407 5161 mansuetudinem,
3458 5102 3511 5146 ut
3549 5083 3723 5155 implea-

2213 5185 2339 5246 miui
2367 5193 2541 5248 bonis.
2566 5192 2664 5259 Qui
2694 5207 2871 5249 autem
2927 5195 3050 5250 silet
3103 5199 3297 5250 sedens
3322 5209 3494 5247 coram
3525 5189 3632 5244 Deo,
3658 5179 3723 5229 3"“

2212 5281 2522 5350 implebunt”
2560 5286 2624 5336 de
2655 5282 2744 5335 illo
2769 5286 2992 5338 verbum
3037 5287 3298 5354 scriptum
3344 5303 3357 5338 :
3389 5281 3524 5336 Beati
3547 5274 3624 5346 qui
3655 5263 3729 5321 Ini-

2210 5375 2536 5428 serebuutur
2559 5375 2665 5429 illis
2691 5387 2913 5446 propter
2941 5378 3187 5433 timorem
3218 5378 3262 5410 ³⁹
3292 5372 3578 5444 Deijudicis
3616 5364 3725 5412 vim‘

598 5510 642 5540 “
685 5485 852 5602 Levi}.
898 5529 974 5578 xl,
1013 5513 1114 5602 ΗΞ
1139 5531 1260 5602 tua,
1287 5515 1354 5602 2n;
1386 5535 1475 5602 ex,
1502 5520 1565 5584 7;
1641 5521 1658 5574 Ι
1689 5520 1812 5602 Pet.
1848 5539 1889 5602 [ε
1922 5525 2010 5602 lt}.
2054 5532 2095 5602 _‘

2199 5525 2216 5579 l
2252 5528 2379 5584 Cor.
2422 5546 2498 5592 vt,
2529 5531 2616 5586 16.
2696 5533 2740 5564 ’⁷
2778 5531 3034 5602 lCor.vt,
3069 5536 3152 5591 l9.
3229 5535 3276 5565 "
3304 5533 3442 5588 Psal.
3469 5539 3631 5602 sum.

466 5621 470 5624 .
524 5579 633 5657 ξιτ,
720 5580 1053 5657 ".Lur._xv,
1084 5579 1138 5638 4.
1181 5586 1260 5657 7"
1309 5579 1473 5642 Psalf
1506 5579 1627 5657 civ,
1684 5593 1770 5648 15.

529 5651 574 5682 ³⁸
599 5653 755 5706 Hom.
787 5667 902 5712 xm,
933 5654 1024 5710 20.
1104 5657 1149 5688 "
1177 5656 1304 5711 Luc.
1343 5675 1451 5722 xxi,
1480 5661 1568 5716 54.
1615 5651 1681 5693 ’³⁸
1713 5663 1900 5721 Matth.
1941 5683 1990 5733 ν,
2029 5671 2080 5723 9.

1851 5597 1892 5626 ³¹
1944 5597 2088 5652 Psal.
2145 5614 2349 5663 χχχιιι,
2413 5602 2501 5665 15,
2559 5603 2646 5658 16.

2182 5670 2222 5700 ³⁷
2249 5669 2406 5728 Prov.
2444 5689 2496 5740 ι,
2527 5673 2620 5731 ‘20.

2745 5582 2793 5635 ιε
2830 5582 3152 5669 Ῑόεὶῖιζ”ιὶνῖ,’
3188 5582 3439 5659 27:13
3604 5610 3636 5653 ..
3665 5582 3724 5640 η.

2700 5676 2742 5706 ³⁸
2774 5676 2980 5732 Coloss.
3013 5694 3082 5742 tv,
3111 5677 3158 5730 li.
3241 5674 3448 5744 "dada:
3476 5671 3558 5722 25.
