3976 6204
199 286 303 343 959

1187 276 1245 329 S.
1285 270 1565 328 ANTONll
1597 271 1667 324 Μ.
1706 263 1998 321 ΑΒΒᾹἸῚδ
2039 258 2427 318 SER-MONES.

3329 254 3436 310 979

200 420 316 462 runt
346 413 399 458 et
433 412 770 456 mortuorum
807 397 937 466 :qui
984 404 1164 450 autem
1208 365 1463 463 adimplet
1484 390 1766 446 consilium
1796 395 1841 446 Α
1871 384 2118 438 habitare
2149 396 2267 433 cum
2314 393 2630 431 susurronc.
2667 375 3018 444 Blasphemus
3057 381 3218 441 atque
3251 381 3436 443 tyrsn.

199 505 463 562 iustorum
502 494 618 548 sine
649 490 1016 560 corruptione,
1053 489 1196 542 vivet
1243 487 1296 541 in
1324 495 1584 540 aeternum
1622 498 1684 538 ac
1715 485 1767 536 in

201 587 476 643 saeculum.
513 586 699 638 Amen.

803 689 990 731 SEC'I'IO
1024 690 1181 730 NONA.

206 770 269 825 In
317 787 422 840 qua
461 769 661 840 solatur
691 783 818 831 enni
847 766 934 835 qui
976 781 1029 819 se
1063 763 1298 840 religioni
1320 759 1773 840 addicit_propritc

397 839 580 892 salutis
612 853 794 892 causa.
831 831 921 888 nec
949 831 1234 904 perseverat
1258 835 1312 886 in
1339 831 1586 900 peccatis.

277 929 423 982 Dixit
460 928 665 980 Psaltes
715 943 728 978 :
771 923 964 980 Serrite
1001 923 1221 976 Domino
1260 924 1315 974 in
1350 922 1532 974 timore
1563 934 1581 971 :
1616 931 1658 970 et
1689 931 1778 968 ex-

204 1019 402 1072 Sriltnte
450 1018 497 1069 ei
550 1033 666 1069 cum
715 1025 938 1068 tremore
967 1014 1036 1065 ".
1097 1011 1372 1080 Scriptura
1405 1009 1564 1063 etiam
1603 1007 1773 1060 dicit:

211 1107 293 1164 Ne
320 1106 482 1160 alium
537 1105 720 1158 colatis
771 1103 933 1156 Deum
961 1113 1148 1170 pra'ter
1175 1117 1253 1154 me
1283 1099 1348 1153 “.
1375 1098 1602 1173 Expedit
1626 1096 1778 1149 nobis

210 1216 362 1265 ergo,
400 1198 596 1252 fratres
642 1195 998 1256 dilectissimi,
1060 1193 1262 1248 servire
1320 1191 1428 1244 Deo
1469 1205 1484 1243 :
1523 1191 1776 1256 quoniam

211 1291 395 1344 melius
451 1299 547 1352 est,
594 1289 668 1340 uti
721 1286 976 1340 scribitur
1007 1283 1071 1347 δ’,
1125 1283 1385 1351 conﬁ-lere
1432 1283 1486 1335 in
1537 1280 1778 1340 Domino.

210 1395 368 1449 quam
397 1377 661 1444 conﬁdere
695 1374 746 1426 in
807 1372 1102 1425 hominibus
1159 1370 1235 1424 Ne
1274 1369 1486 1423 solliciti
1541 1383 1671 1437 ergo
1705 1368 1780 1420 si-

215 1487 332 1525 mus
365 1470 572 1526 servire
602 1466 932 1529 hominibus,
977 1479 1040 1517 ne
1075 1464 1125 1514 in
1170 1462 1388 1531 laqueos
1422 1476 1605 1514 eorum
1645 1457 1781 1512 inci.

211 1557 428 1620 damus,
458 1567 757 1624 pravasque
784 1553 1019 1620 ipsorum
1047 1551 1530 1620 concupiscentias.
1568 1548 1645 1603 Ne
1668 1565 1784 1601 am-

215 1649 368 1703 bules
407 1656 530 1716 post
593 1644 1080 1713 concupiscentiam
1130 1643 1277 1696 visus
1326 1642 1599 1694 oculorum
1664 1649 1783 1692 tuo-

1877 490 1976 527 nus
2007 471 2254 526 meliores
2277 477 2405 522 sunt
2454 479 2768 520 susurroue.
2817 463 3008 519 Omnia
3042 473 3262 532 peccata
3289 479 3436 516 mur-

1875 565 2178 620 muratione
2209 570 2332 614 sunt
2372 559 2600 612 minora.
2656 557 2890 611 Susurro
2918 566 2972 610 et
3004 557 3094 625 qui
3153 556 3251 624 ipsi
3283 572 3442 609 aures

1875 657 2099 726 prtebet,
2130 656 2372 708 eamdem
2411 651 2650 704 referunt
2677 649 3200 702 condemnationem.
3269 647 3441 713 Expe-

1878 747 2109 802 dientins
2137 744 2228 797 tibi
2270 752 2354 796 est
2380 743 2446 794 ad
2470 741 2644 808 ignem
2672 739 2923 792 accedere
2945 746 2997 790 et
3025 739 3293 799 comburi,
3342 753 3438 804 pu-

1888 839 1996 892 tius
2031 851 2191 906 qnam
2238 833 2493 886 accedere
2523 832 2586 883 ad
2638 843 3004 884 susurronem.
3057 828 3111 882 Si
3160 829 3446 881 incesseris

1879 944 2044 997 super
2075 928 2248 997 picem
2277 924 2621 977 ebullientem
2667 922 2868 989 tibique
2899 919 3128 980 caveris,
3159 919 3310 972 facile
3341 920 3447 972 sal-

1883 1034 1981 1073 vus
2007 1019 2200 1071 evades
2227 1034 2240 1069 :
2270 1027 2323 1067 at
2363 1014 2404 1067 si
2429 1028 2554 1066 casu
2587 1012 2866 1064 transieris
2891 1024 3052 1078 prope
3076 1025 3445 1068 susurroncm,

1884 1109 2038 1177 longe
2092 1105 2282 1158 recede
2319 1103 2522 1163 abillo,
2559 1117 2622 1154 ne
2654 1099 3139 1153 irremediabilibus
3183 1110 3231 1153 te
3280 1100 3448 1168 plagis

1885 1201 2084 1259 tradat,
2119 1197 2241 1264 quia
2270 1209 2331 1247 os
2356 1193 2471 1261 ejus
2497 1193 2640 1245 omni
2671 1201 2909 1260 tempore
2935 1190 3146 1259 plenum
3173 1202 3255 1246 est
3278 1193 3448 1244 Immi-

1882 1288 2039 1345 cidiis
2073 1298 2129 1341 et
2154 1286 2450 1340 fraudibus.
2480 1283 2838 1349 Quamobrem
2871 1283 3020 1334 vobis
3045 1283 3229 1334 stricte
3260 1285 3445 1349 prmci-

1885 1381 1992 1451 pio,
2018 1387 2076 1432 ut
2105 1377 2337 1431 maxima
2379 1391 2480 1442 qua
2518 1375 2738 1443 potestis
2788 1373 2931 1442 fuga,
2967 1387 2994 1425 ιι
3026 1387 3314 1426 susurrone
3359 1387 3450 1421 vos

1889 1472 2202 1541 recipiatis;
2237 1471 2530 1522 monachus
2591 1468 2661 1521 sit
2695 1466 2801 1528 ille,
2855 1466 3196 1527 anachoreta,
3247 1464 3324 1515 vel
3358 1464 3453 1515 de-

1885 1575 2125 1626 certans,
2167 1563 2277 1615 sive
2304 1561 2554 1623 novitius,
2603 1557 2894 1611 dummodo
2922 1572 3144 1611 susurro
3171 1567 3274 1621 est,
3302 1558 3447 1626 quis-

1888 1656 2009 1724 quis
2043 1655 2133 1717 sit,
2164 1653 2286 1721 fuge
2314 1651 2485 1714 ἰΙΙιιιιι,
2513 1651 2614 1702 etsi
2645 1660 2798 1717 pater
2817 1648 2976 1701 fuerit
2999 1658 3123 1700 tuus
3147 1647 3225 1698 vel
3253 1646 3450 1705 frater;

218 1757 361 1802 mmo
392 1755 616 1795 πεσοοΓ
647 1747 796 1791 “lum
825 1735 1106 1796 diSSO'Vas»
1145 1751 1212 1789 ηε
1238 1734 1443 1788 inﬁdas
1486 1735 1536 1787 Ῐη
1564 1734 1677 1787 loca
1707 1743 1783 1786 ιθ*
1819 1747 1858 1798 Β
1888 1760 2111 1801 susurro
2137 1755 2241 1806 est,
2277 1743 2431 1811 longe
2472 1753 2521 1795 te
2547 1742 2612 1793 ah
2637 1744 2751 1809 ipso
2783 1740 3023 1808 recipito.
3062 1739 3284 1806 Expedit
3312 1739 3453 1792 enim

218 1834 510 1886 nebrarum
556 1830 718 1883 fumis
749 1829 902 1898 plena
947 1828 997 1880 in
1025 1837 1305 1880 :rternum.
1338 1825 1784 1892 Concupiscentia

218 1939 457 1990 namque
489 1921 622 1975 mala
672 1936 767 1975 cor
823 1919 1100 1987 pervertit,
1126 1926 1178 1972 et
1232 1928 1462 1970 mentem
1499 1902 1785 1984 permutat.

221 2013 465 2082 Longius
495 2013 653 2081 igitur
687 2011 923 2064 recedite
958 2009 1025 2062 ab
1057 2023 1141 2069 ea,
1177 2022 1243 2060 ne
1275 2006 1364 2058 Dei
1399 2005 1708 2058 inhabitans
1734 2004 1786 2056 in

220 2104 374 2158 vobis
406 2106 667 2156 irascatur
693 2100 947 2170 Spiritus.
980 2099 1085 2153 Vos
1114 2109 1312 2160 autem,
1355 2097 1445 2150 lilii
1479 2096 1604 2163 mei,
1637 2111 1790 2164 aequo

221 2195 458 2263 fortique
487 2204 658 2250 estote
717 2195 917 2255 animo,
948 2202 1001 2245 et
1035 2191 1303 2244 diabolum
1360 2189 1511 2243 tlocci
1567 2189 1746 2243 ducite
1773 2227 1788 2250 ,

221 2284 478 2352 quoniam
544 2283 800 2335 habemus
847 2280 1180 2345 Creatorem,
1234 2280 1322 2348 qui
1371 2288 1566 2347 ιιι-ωδιο
1594 2289 1678 2332 est
1727 2277 1792 2330 ad

219 2390 378 2445 Opem
407 2375 563 2429 nobis
590 2375 887 2435 ferendam,
930 2385 983 2424 ut
1026 2371 1140 2438 ejus
1173 2370 1434 2426 faciamus
1465 2371 1791 2423 voluntatem

223 2478 275 2520 et
300 2477 495 2521 cuncta
534 2465 864 2534 bi-neplacita
914 2465 1059 2520 omni
1105 2475 1365 2532 tempore.
1401 2461 1579 2528 Quare
1616 2463 1794 2516 excla-

226 2574 441 2612 memus
469 2563 710 2611 dicentes
746 2575 758 2609 :
791 2557 928 2610 Deus
957 2557 1048 2619 nti,
1085 2571 1178 2624 ego
1201 2569 1316 2607 sum
1351 2569 1546 2615 servus,
1577 2561 1625 2606 et
1653 2551 1796 2619 ﬁlius

224 2648 435 2702 aricillw
470 2660 573 2700 tute
596 2647 666 2698 ”.
692 2645 829 2700 Deus
863 2645 951 2715 qui
984 2644 1129 2698 solus
1157 2644 1370 2711 sapiens
1403 2649 1507 2707 est,
1529 2639 1799 2695 custodiat

229 2755 345 2802 vos,
378 2749 433 2792 ut
467 2738 791 2792 exi-rescatis
842 2737 892 2790 in
925 2737 1178 2804 operibus
1215 2735 1422 2790 Domini
1457 2733 1625 2789 nostri
1673 2731 1796 2788 Jesu

231 2833 453 2896 Christi,
484 2832 564 2884 eui
600 2830 766 2898 gloria
798 2832 846 2883 in
882 2840 1160 2883 reternum.
1197 2829 1240 2880 Δ
1265 2844 1387 2882 nen.

805 2982 991 3021 SEC'LO
1022 2981 1232 3021 DEC‘MA.

330 3103 544 3170 Oportet
573 3119 664 3155 nos
688 3103 970 3166 plurimum
1011 3120 1188 3159 cavere
1211 3119 1240 3155 α
1268 3103 1458 3174 linguis
1489 3104 1698 3156 nostris.

304 3195 560 3249 Dominus
591 3203 773 3247 noster
803 3192 956 3247 Jesus
979 3194 1229 3249 Christus
1251 3195 1299 3247 in
1328 3210 1425 3248 suo
1448 3209 1603 3248 sacro
1636 3193 1804 3247 Evan-

231 3287 377 3353 gelio
411 3285 566 3338 nobis
599 3284 728 3337 dicit
774 3301 787 3336 ι
836 3282 1036 3336 Intrate
1067 3300 1158 3352 per
1200 3294 1476 3354 angustam
1514 3284 1799 3354 portam“.

236 3378 378 3431 Dicit
409 3378 532 3430 item
569 3389 583 3428 :
618 3373 720 3428 Per
742 3377 933 3427 multas
972 3374 1334 3429 tribulatione:
1373 3384 1568 3443 oportet
1592 3391 1683 3428 nos
1722 3376 1804 3428 in.

233 3481 380 3522 trare
406 3469 462 3520 in
509 3483 722 3534 regnum
749 3467 814 3520 ⁵³.
873 3467 1010 3532 Quid
1048 3475 1227 3520 autem
1267 3468 1336 3522 sit
1377 3480 1530 3537 porta
1578 3477 1802 3537 angusta

237 3575 337 3629 per
368 3572 528 3628 quam
559 3557 712 3612 nobis
750 3557 1058 3611 intrandum
1090 3569 1191 3623 est,
1223 3558 1421 3613 fratres
1447 3559 1802 3622 dilectissimi,

237 3649 295 3704 id
332 3649 486 3704 nobis
520 3648 739 3717 sapiens
786 3647 1040 3703 Salomon
1093 3650 1284 3717 aperit,
1321 3650 1448 3701 dum
1490 3649 1662 3703 dicit:
1701 3647 1808 3701 Fili

236 3737 334 3798 mi,
356 3751 420 3788 ne
458 3736 727 3800 permittas
763 3738 842 3788 ori
871 3745 982 3799 tuo,
1007 3745 1060 3788 ut
1088 3739 1378 3803 aperiatur,
1405 3752 1467 3788 ne
1485 3735 1654 3803 peccet
1685 3754 1808 3790 caro

237 3836 332 3878 tua
371 3825 437 3878 “.
486 3824 702 3879 Necnon
756 3844 768 3878 :
808 3824 879 3880 Os
914 3827 1083 3890 stulti,
1117 3827 1360 3878 contritio
1386 3826 1501 3894 ejus
1529 3826 1595 3879 ⁵⁷.
1641 3827 1807 3879 Adni-

241 3929 423 3973 tamur
450 3935 578 3988 ergo
603 3919 785 3973 oribus
808 3920 1009 3973 nostris
1038 3918 1231 3972 fortem
1256 3933 1453 3987 ponere
1487 3920 1810 3983 custodiam,

243 4029 310 4065 ne
339 4012 464 4064 mali
492 4012 780 4080 quidquam
811 4012 1167 4080 proferamus.
1200 4009 1452 4076 quoniam
1477 4025 1658 4063 sermo
1684 4025 1809 4076 pra-

243 4117 345 4158 vus
375 4103 587 4156 cunctis
615 4103 831 4155 venenis
861 4102 1008 4170 pejor
1040 4111 1141 4154 est.
1171 4101 1359 4156 Omnia
1384 4101 1601 4154 vulnera
1622 4118 1815 4155 curan-

245 4204 360 4260 tur;
396 4194 586 4247 vulnus
641 4208 768 4247 vero
793 4193 984 4258 liugute
1034 4192 1234 4246 nullam
1265 4180 1610 4247 curationeui
1634 4195 1812 4250 habet.

244 4284 451 4354 Lingua
487 4284 740 4338 draconis
773 4290 991 4352 prazstat
1049 4282 1225 4352 lingua
1259 4285 1594 4348 susurronis,
1617 4287 1705 4353 qui
1736 4295 1819 4339 est

1890 1835 2057 1903 magis
2097 1833 2418 1886 commorari
2465 1847 2587 1884 cum
2647 1833 2800 1882 leone
2838 1839 2890 1881 et
2921 1828 3104 1889 lea-na,
3148 1844 3306 1896 quam
3335 1842 3454 1880 cum

1889 1939 2202 1981 susurrone.
2231 1923 2340 1978 Nec
2389 1934 2443 1976 te
2482 1922 2677 1989 pudeat
2706 1920 2826 1990 iuga
2875 1920 2944 1972 ab
2973 1919 3060 1971 illo
3088 1920 3358 1983 recedere,
3393 1936 3459 1970 ne

1891 2015 2103 2086 peccati
2131 2030 2337 2068 veneno
2368 2022 2419 2067 te
2447 2013 2670 2066 inliciat.
2696 2012 2791 2064 Eia
2829 2011 3008 2079 igitur,
3035 2010 3125 2063 filii
3159 2010 3284 2074 mei,
3315 2025 3459 2062 mur-

1894 2110 2249 2163 murationem
2283 2107 2469 2176 fugite,
2495 2116 2548 2159 et
2585 2104 2800 2158 silentio
2826 2112 3017 2157 navale
3039 2117 3256 2172 operam
3283 2119 3298 2167 ;
3337 2103 3459 2170 quia

1893 2201 2108 2255 silentio
2137 2200 2349 2254 deditus
2381 2213 2546 2267 prope
2579 2197 2744 2249 Deum
2780 2207 2863 2249 est
2894 2205 2948 2248 et
2997 2195 3214 2263 angelos
3247 2194 3385 2262 ejus,
3409 2205 3464 2246 et

1895 2292 1948 2346 in
1981 2291 2262 2346 altissimis
2292 2291 2603 2344 collocatus.
2641 2288 2894 2341 Dominus
2932 2297 3107 2339 autem
3147 2286 3464 2354 dicit,quod

1897 2392 2026 2436 tunc
2057 2380 2328 2434 custodiet
2357 2379 2470 2429 vias
2501 2387 2636 2438 tuas,
2668 2376 2880 2442 quando
2905 2375 3017 2442 ipse
3052 2383 3170 2426 tuos
3194 2374 3466 2426 custodies

1903 2486 2183 2528 sermones
2213 2469 2282 2520 δ’.
2307 2469 2565 2534 Dicetque
2602 2466 2752 2518 nobis
2780 2474 3061 2533 propterea
3089 2465 3139 2516 in
3169 2464 3254 2517 die
3289 2464 3468 2518 visita-

1899 2564 2060 2618 tionis
2089 2570 2289 2616 nostra;
2340 2581 2351 2613 :
2404 2558 2600 2611 Beatus
2629 2572 2709 2618 es,
2770 2556 2955 2620 Israel,
3017 2557 3104 2623 qui
3141 2555 3376 2609 custodis
3406 2571 3469 2608 os

1899 2667 2071 2709 tnmn.
2104 2653 2234 2719 Quis
2259 2650 2450 2704 similis
2488 2660 2568 2703 est
2602 2648 2721 2700 tui?
2777 2647 2915 2701 Deus
2949 2657 3126 2700 autem
3173 2662 3266 2700 vos
3291 2655 3467 2700 servet

1902 2759 2032 2815 pace
2062 2759 2155 2798 sua
2190 2755 2352 2812 atque
2380 2739 2569 2811 gratia.
2600 2741 2792 2792 Amen.

2241 2843 2248 2848 ’
2429 2848 2615 2886 ιεοτιο
2650 2845 2938 2886 υκυεειιιιι.

2075 2927 2146 2980 De
2172 2927 2430 2994 sapientia
2460 2935 2505 2977 et
2548 2923 2918 2992 intelligentia,
2948 2938 3036 2974 seu
3065 2923 3305 2977 scientia.

1980 3021 2119 3076 Dicit
2169 3020 2387 3088 sapiens
2435 3015 2689 3070 Salomon
2716 3016 2758 3048 δ’
2791 3031 2804 3067 :
2839 3013 3167 3081 Principium
3204 3015 3475 3083 sapientiae

1827 3079 1870 3136 θ
1912 3123 1988 3166 est
2028 3113 2188 3164 timor
2219 3108 2452 3162 Domini.
2497 3107 2729 3161 St'iettlia
2786 3107 2968 3173 itaque
3016 3105 3254 3172 aperanti
3286 3118 3477 3158 secun-

1909 3206 2036 3257 dum
2078 3201 2193 3265 eius
2244 3210 2464 3263 statuta,
2503 3199 2702 3267 optima
2756 3207 2858 3252 est.
2909 3196 3289 3249 Aitetiam“:
3323 3194 3478 3247 Omni

1906 3293 2174 3362 diligentia
2224 3290 2424 3342 custodi
2480 3305 2568 3341 cor
2600 3299 2785 3352 tuum,
2825 3288 3068 3356 quoniam
3115 3288 3312 3340 semitm
3359 3289 3480 3338 vitae

1906 3399 1970 3437 ea:
2007 3382 2086 3434 his
2136 3381 2438 3447 procedunt.
2491 3375 2623 3442 Nam
2674 3387 3089 3429 consentaneum
3153 3385 3272 3438 est,
3332 3385 3389 3429 ut
3428 3377 3480 3429 in

1909 3485 2095 3529 nostro
2126 3473 2386 3542 regimine
2421 3471 2635 3523 solliciti
2670 3471 2864 3532 simus,
2887 3485 2952 3522 ne
2977 3468 3126 3522 stulti
3161 3469 3478 3530 habeantur,

1915 3566 2113 3620 stultus
2146 3575 2323 3617 autem
2358 3563 2514 3616 nauci
2549 3562 2803 3623 ducitur;
2840 3560 3064 3629 ideoque
3091 3560 3307 3621 dicitur,
3341 3558 3483 3627 quod

1911 3658 2107 3712 stultus
2131 3666 2187 3709 ct
2225 3656 2532 3709 insensatus
2579 3669 2680 3704 una
2736 3662 2983 3718 pereunt,
3013 3663 3063 3700 «ιι
3129 3651 3178 3701 in
3219 3650 3360 3724 nullo
3390 3651 3484 3700 ho-

1913 3762 2044 3802 nore
2067 3748 2351 3800 habentur.
2385 3744 2521 3797 Dicit
2555 3753 2811 3810 praeterea
2854 3742 3105 3793 Salomon
3139 3759 3152 3794 :
3197 3739 3288 3792 Ira
3343 3740 3486 3792 stulti

1913 3855 1971 3892 eo
2009 3838 2158 3906 pejor
2187 3845 2261 3889 est
2305 3834 2371 3884 ⁸⁸.
2422 3831 2635 3886 Necnon
2677 3849 2690 3884 :
2749 3817 2924 3883 Durus
2949 3831 3103 3884 corde
3124 3831 3175 3881 in
3211 3829 3373 3880 multa
3405 3831 3486 3880 in-

1914 3928 2045 3981 cidet
2069 3924 2207 3979 mala
2229 3926 2276 3956 ⁵¹
2301 3965 2315 3988 ,
2364 3933 2419 3977 et
2465 3921 2682 3975 ossibus
2708 3919 2824 3987 ejus
2858 3935 2960 3974 non
3000 3932 3076 3974 est
3103 3921 3327 3983 sanitas,
3396 3935 3476 3972 ne-

1915 4031 2019 4086 que
2051 4015 2225 4067 anima
2262 4012 2376 4079 ejus
2405 4011 2641 4078 requiem
2699 4012 3060 4072 nanciscetur,
3115 4020 3169 4062 et
3221 4012 3270 4064 iu
3319 4022 3489 4068 meite

1916 4107 2032 4176 ejus
2077 4121 2180 4160 non
2241 4117 2324 4158 est
2377 4103 2589 4172 requies
2627 4117 2800 4172 neque
2860 4104 3053 4158 honor.
3114 4104 3284 4158 ΙΙοιιιο
3321 4105 3492 4159 elatus

1919 4198 2080 4252 corde
2111 4195 2360 4250 omnibus
2383 4205 2466 4249 est
2518 4208 2737 4259 exosus,
2774 4195 2912 4262 quod
2951 4211 3113 4266 opera
3164 4196 3306 4249 illius
3332 4198 3492 4251 nimis

1921 4286 2157 4342 fastuosa
2193 4287 2338 4352 sint;
2399 4295 2791 4356 proptereaque
2835 4286 2886 4337 in
2941 4288 3104 4340 multa
3153 4289 3340 4340 incidit
3375 4303 3503 4356 pec-
3571 4281 3573 4283 ’

243 4395 272 4432 a
304 4381 542 4448 pessimo
571 4377 804 4439 diabolo,
847 4377 967 4445 quia
1006 4377 1152 4432 rixas
1174 4385 1227 4431 et
1254 4379 1402 4431 acria
1433 4379 1732 4432 certamina
1764 4379 1813 4433 in
1852 4405 1896 4460 υ
1921 4390 2063 4434 cata.
2111 4375 2303 4433 Omnia
2372 4389 2593 4446 peccata
2650 4392 2830 4429 coram
2890 4377 2998 4432 Deo
3049 4388 3171 4431 sunt
3221 4381 3494 4444 ιιι-ςιιριιιει,
3573 4371 3575 4373 ’

245 4468 426 4524 medio
459 4469 659 4522 excitat
699 4465 951 4530 fratrum,
987 4476 1040 4520 et
1068 4467 1361 4520 seditiones
1389 4482 1454 4520 ac
1487 4467 1624 4521 mala
1650 4469 1814 4522 serui-

245 4570 340 4612 nat
371 4561 514 4612 inter
542 4557 814 4628 pacificos,
859 4566 913 4610 et
948 4557 1395 4626 congregatioues
1440 4559 1668 4628 dissipat
1695 4559 1815 4627 plu-

249 4653 435 4706 rimas.
472 4651 526 4704 Si
557 4652 621 4703 ad
669 4659 721 4704 te
754 4651 897 4702 illum
953 4649 1156 4717 ingredi
1203 4651 1535 4718 permiseris,
1565 4651 1818 4721 omnibus

246 4743 601 4814 dignitatibus
635 4740 884 4811 spoliabit
917 4750 989 4794 te.
1022 4739 1336 4806 Quicunque
1359 4741 1667 4794 societatem
1696 4757 1816 4794 cum
1844 4806 1854 4816 ν

249 4837 342 4890 illo
373 4835 610 4896 iniveril,
634 4834 744 4902 jam
784 4832 1068 4886 homicidis
1097 4842 1147 4885 et
1183 4832 1622 4884 iuterlieientibus
1650 4832 1826 4901 gladio

249 4929 428 4982 factus
456 4936 539 4980 est
561 4927 763 4987 socius,
801 4925 924 4991 quia
951 4923 1214 4977 homicida
1244 4930 1297 4975 et
1324 4937 1548 4976 susurro
1573 4925 1824 4977 eumdem

250 5023 556 5090 produCunt
601 5017 873 5082 catulum;
916 5033 1037 5070 nam
1070 5015 1113 5067 si
1157 5015 1333 5084 gladio
1367 5029 1471 5067 non
1510 5015 1826 5069 interimunt

253 5127 326 5176 te,
364 5127 430 5165 eo
464 5120 516 5166 te
543 5111 807 5164 adducent
841 5108 1027 5161 eodem
1061 5108 1299 5159 Vulnere.
1333 5105 1536 5175 Lingua
1577 5121 1827 5160 susurro-

253 5207 340 5260 nis
367 5205 510 5260 haud
542 5201 804 5257 absimilis
846 5209 928 5254 est
979 5199 1180 5253 morsui
1216 5198 1418 5251 colubri
1467 5215 1479 5248 :
1517 5197 1625 5250 into
1660 5199 1829 5268 magis

249 5297 476 5365 expedit
495 5294 736 5349 habitare
753 5307 872 5346 cum
891 5292 1109 5344 colubro
1129 5301 1182 5344 et
1203 5288 1510 5356 scorpione,
1531 5303 1689 5356 quam
1723 5303 1828 5341 una

330 5532 378 5563 ’θ
399 5535 542 5590 Psal.
574 5549 635 5599 ιι,
665 5532 750 5587 il.

251 5620 299 5651 η
333 5607 516 5664 Eccle.
548 5621 602 5668 v,
632 5603 686 5657 ὅ.

255 5693 428 5742 um,
483 5676 538 5729 5.
628 5673 674 5706 "
697 5670 857 5727 Prov.
890 5683 1080 5732 xum,
1109 5670 1194 5722 Η.

507 5771 777 5832 Ps'raOL.
826 5769 942 5827 Gn.
996 5766 1123 5825 XL.

821 5531 865 5564 “
899 5529 1066 5587 Exod.
1096 5545 1188 5595 xx,
1214 5529 1268 5584 5.

776 5601 819 5635 ⁸⁷
851 5601 1008 5656 Prov.
1038 5614 1190 5662 xvnt.
1225 5602 1276 5654 '1.
1386 5601 1430 5632 “
1455 5601 1610 5654 Prov.
1645 5614 1690 5652 ιι

776 5687 857 5727 ov.
890 5683 1080 5730 xum,
1109 5670 1194 5722 Η.
1269 5672 1312 5702 ⁸³
1344 5669 1500 5724 Prov.
1538 5685 1614 5730 ις,
1641 5667 1690 5721 7.

1344 5531 1388 5561 δ’
1420 5528 1557 5585 Psal.
1589 5543 1754 5596 van,
1778 5528 1831 5582 8.

1386 5600 1430 5632 ⁵⁸
1455 5601 1610 5654 Prov.
1645 5614 1739 5652 χιιι
1768 5638 1783 5663 ,
1815 5599 1876 5664 5;
1914 5610 2026 5659 xxi,
2047 5598 2136 5650 ‘23.

1922 4474 2016 4526 sed
2046 4471 2286 4523 omnium
2336 4467 2820 4536 despicatissimum
2884 4477 2969 4522 est
3017 4470 3260 4537 superbia
3293 4470 3494 4524 cordis.

1923 4561 2240 4628 Quicunque
2298 4569 2390 4612 aut
2445 4558 2578 4628 petit
2635 4568 2728 4612 aut
2781 4557 2873 4611 dat
2909 4562 3212 4613 .consilium
3269 4563 3499 4626 superbo

1922 4652 2105 4716 corde,
2136 4651 2326 4704 similis
2357 4659 2437 4702 est
2463 4647 2757 4703 ell'ondenti
2817 4663 3010 4716 aquam
3048 4652 3099 4704 iu
3135 4667 3223 4703 vas
3257 4652 3498 4720 perfnra-

1929 4751 2040 4794 tutn
2070 4759 2083 4794 :
2117 4739 2196 4794 vel
2231 4739 2303 4792 illi
2337 4738 2530 4793 similis
2555 4750 2656 4804 est,
2699 4738 2789 4807 qui
2823 4740 3240 4793 transvolantem
3268 4741 3499 4808 alloqui-

1928 4840 2014 4884 tur
2037 4845 2210 4884 avem.
2236 4831 2564 4884 Societatem
2586 4846 2707 4883 cum
2737 4832 2967 4884 dracone
2998 4839 3052 4884 et
3076 4831 3143 4902 hy
3166 4838 3246 4884 iro
3269 4834 3506 4898 pessimo

1930 4925 2086 4984 inire,
2117 4923 2494 4992 expedientms
2545 4930 2649 4986 est,
2677 4937 2836 4990 quam
2867 4936 2988 4975 cum
3034 4924 3264 4991 superbo
3290 4924 3453 4976 corde
3483 4941 3504 4976 τ

1930 5030 2101 5084 quare
2144 5015 2480 5066 insensatnm
2514 5013 2603 5081 qui
2672 5013 2872 5075 erudit,
2903 5016 3197 5082 exprobrat
3232 5015 3399 5083 legem
3431 5014 3498 5065 ⁵⁸.

1933 5107 2106 5160 Draco
2148 5105 2192 5158 si
2251 5105 2524 5158 huminem
2576 5105 2773 5157 nudmn
2798 5104 3014 5169 viderit,
3041 5105 3219 5173 capite
3269 5105 3508 5158 demisso

1939 5197 2228 5252 retrocedit
2265 5215 2278 5249 :
2328 5207 2379 5248 at
2435 5197 2596 5249 homo
2624 5197 2891 5265 superbus
2919 5199 3086 5250 corde
3119 5197 3262 5249 nullo
3290 5200 3505 5264 capitur

1936 5289 2140 5357 pudore
2170 5299 2386 5358 promer
2417 5287 2802 5355 nequissimam
2833 5288 3010 5341 cordis
3031 5287 3148 5355 ejus
3173 5289 3508 5355 Sllpt'flliultl.

1912 5528 1954 5558 ⁸³
1978 5525 2120 5582 Psal.
2158 5542 2280 5589 cxv,
2319 5526 2401 5581 16.
2480 5524 2732 5583 “Matth.
2766 5544 2861 5593 vn,
2893 5529 2978 5587 15.

3056 5530 3238 5583 “Act.
3275 5546 3385 5592 λιν,
3407 5531 3502 5584 2i.

2244 5597 2287 5631 "
2317 5599 2469 5652 Prov.
2504 5613 2542 5665 ι,
2571 5597 2624 5653 'l.

2733 5599 2779 5633 "
2818 5598 2975 5656 Prov.
3008 5616 3080 5666 tv,
3106 5600 3195 5658 25.
3273 5602 3313 5631 "
3347 5601 3508 5655 l‘tov.

3115 5763 3188 5821 31
