3990 6210
456 252 552 306 971

1536 244 1818 302 'PATRES
1856 245 2150 303 EGYPTII
2182 246 2462 304 εΑ-λουιι
2502 250 2592 305 ιγ.

3607 253 3724 311 972

461 369 718 425 Diabolus
770 368 933 421 etiam
964 366 1033 420 ob
1071 363 1252 418 cordis
1273 363 1365 418 sui
1397 363 1704 432 superbiam
1729 377 1760 417 e
1781 363 1918 419 caelo
1939 363 2033 420 de-
2063 369 2109 426 Α
2136 382 2302 422 meam
2331 366 2603 435 suscepisti
2633 383 2735 434 nte,
2794 378 2840 422 et
2862 370 3190 438 conﬁrmasti
3228 387 3306 425 me
3352 373 3407 424 in
3437 382 3724 441 conspectu

456 461 704 514 turbatus
735 467 839 511 est.
870 453 980 509 Vos
1004 454 1126 524 ipsi,
1165 469 1258 507 vos
1289 454 1564 524 corrigite,
1606 464 1659 508 et
1684 463 1902 522 peccata
1935 469 2028 510 ve-

455 563 568 606 stra
592 565 774 606 coram
810 549 916 602 Deo
948 557 1003 602 et
1034 546 1230 600 vestris
1255 545 1548 612 majoribus
1582 545 1944 610 confitemini,
1971 556 2028 600 ut

460 657 556 695 vos
579 645 692 710 ipse
721 639 941 701 exaltet,
973 637 1101 706 quia
1152 650 1396 690 summus
1426 635 1515 688 ille
1547 635 1599 688 in
1631 635 1786 689 ccelis
1818 644 1922 698 est,
1974 644 2028 689 et

455 733 686 789 humiles
715 748 742 785 a
786 732 943 801 longe
977 727 1218 798 respicit.
1268 727 1361 781 Eia
1393 741 1532 780 nunc
1561 726 1742 796 igitur,
1777 725 1871 779 lilii
1903 725 2024 786 mei,

457 827 800 880 decertamus
851 821 1148 876 secundum
1182 834 1362 873 veram
1424 818 1793 887 Optimumque
1815 815 2029 884 sapien-

455 915 607 979 tiam,
639 927 708 967 ne
731 912 798 966 de
828 911 985 964 nobis
1029 907 1390 976 adimpleatur
1429 904 1712 967 Scriptura
1749 901 1841 955 illa
1874 918 1886 953 :
1925 898 2031 966 Cor

451 1003 600 1057 stulti
637 1003 694 1055 in
724 1002 939 1054 sinistra
989 997 1100 1067 ejus
1119 997 1197 1062 ἰς
1255 995 1348 1048 sed
1399 1000 1458 1046 ut
1487 993 1551 1046 de
1580 993 1734 1046 nobis
1761 991 1972 1043 dicatur
2015 1008 2026 1041 :

455 1095 768 1148 Intellectus
811 1091 1074 1157 sapientis
1108 1090 1162 1141 in
1193 1089 1381 1142 dextra
1417 1086 1553 1155 ejus.
1611 1084 1852 1149 Itemque
1903 1078 2030 1132 illud

456 1185 762 1240 Psalmista!
798 1202 810 1236 :
846 1182 1038 1235 Manus
1074 1191 1163 1233 tua
1196 1180 1410 1232 deducet
1454 1191 1556 1240 me,
1597 1184 1646 1228 et
1692 1174 1906 1227 dextera
1942 1180 2032 1222 tua

453 1276 675 1341 suscepit
723 1289 802 1326 me
837 1272 905 1325 ".
955 1270 1094 1324 Deus
1123 1279 1298 1322 autem
1327 1269 1398 1322 sit
1441 1265 1716 1320 vobiscum
1747 1259 2023 1316 omnibus.

451 1366 645 1417 Amen.
1055 1409 1064 1413 -

973 1464 1158 1503 SECTIO
1188 1458 1512 1502 IIUUDECIIA.

1021 1542 1098 1594 De
1132 1538 1467 1593 verecundia.

514 1633 710 1690 Sacra:
736 1643 985 1688 asserunt
1019 1631 1312 1698 Scriptura:
1339 1628 1408 1689 ",
1434 1625 1702 1693 duplicem
1737 1639 1856 1678 esse
1891 1637 2036 1677 vere-

2131 468 2220 512 tuo
2249 460 2302 512 in
2331 469 2582 514 aeternum
2611 459 2677 513 ".
2705 461 2903 515 Amen.

2565 566 2752 607 SECTIO
2793 567 2986 608 DECIIA
3026 570 3249 608 TERTIA.

2689 640 2760 695 De
2790 658 2923 696 rana
2961 643 3148 712 gloria.

2205 729 2342 786 Dicit
2399 731 2683 800 propheta,
2735 729 2934 786 fratres
2973 733 3354 803 dilectissimi:
3388 732 3588 788 Panem
3614 735 3715 787 els-

2129 822 2458 876 siderabilem
2492 837 2593 875 non
2634 822 2832 874 comedi
2862 823 2930 880 ".
2972 839 3134 891 neque
3161 823 3382 893 gloriam
3436 826 3716 893 concupiui

2129 912 2485 966 hominum”.
2530 911 2591 965 Et
2623 911 2879 964 Dominus
2938 922 3121 964 noster
3155 913 3246 980 qui
3286 914 3589 966 animarum
3619 930 3719 967 no-

2131 1016 2365 1060 strarum
2398 1000 2868 1058 commiseratione
2925 1003 3159 1068 ducitur,
3189 1005 3241 1057 in
3274 1019 3432 1058 sacro
3468 1004 3718 1074 Evange-

2130 1096 2203 1151 lio
2231 1097 2361 1150 dicit
2389 1112 2404 1149 :
2445 1094 2533 1148 Va:
2571 1095 2731 1156 vobis,
2770 1095 2816 1146 si
2873 1095 3106 1148 dixerint
3143 1096 3204 1147 tle
3235 1096 3375 1148 vobis
3400 1097 3536 1148 bona
3561 1097 3719 1149 verba

2131 1198 2177 1241 et
2203 1187 2494 1257 gloriﬁcent
2528 1201 2633 1250 eos,
2656 1193 2705 1238 et
2734 1186 2953 1254 gloriam
2989 1184 3080 1236 Dei
3113 1200 3214 1236 non
3236 1187 3478 1252 qua'retis
3507 1187 3574 1237 ‘°.
3610 1187 3718 1239 De-

2131 1289 2402 1332 certemus
2451 1277 2614 1346 igitur
2659 1292 2756 1331 nos
2810 1278 2970 1330 etiam
3011 1277 3076 1328 ad
3105 1285 3332 1329 mortem
3364 1291 3538 1344 usque
3565 1292 3721 1329 vanae

2135 1370 2317 1440 gloria:
2369 1369 2708 1430 obsistendo,
2759 1367 2984 1436 ejusmte
3031 1367 3298 1436 pessimos
3329 1368 3722 1422 abscindamtts

2136 1476 2338 1524 ramos,
2380 1475 2448 1514 ne
2485 1466 2552 1512 ad
2587 1459 2908 1529 supplicium
2943 1459 3323 1526 perducamur.
3362 1457 3512 1514 Vana
3548 1458 3719 1528 gloria

2136 1553 2387 1606 cordibus
2434 1551 2636 1604 nostris
2688 1550 2950 1603 dominari
2987 1551 3222 1605 assolet:
3263 1550 3348 1604 cui
3377 1565 3508 1604 vero
3541 1550 3715 1602 domi-

2140 1656 2263 1698 nata
2304 1654 2385 1698 est
2415 1658 2547 1695 vana
2581 1641 2772 1710 gloria,
2796 1643 2860 1693 ad
2894 1641 3398 1695 condemnationem
3431 1650 3518 1695 est
3544 1642 3714 1696 desti-

451 1727 744 1783 cundiam;
785 1739 887 1778 una
929 1738 992 1778 ex
1038 1737 1141 1790 qua
1204 1719 1478 1774 enascitur
1530 1726 1834 1787 peccatum,
1869 1714 2034 1767 altera
2070 1713 2110 1766 Β
2143 1745 2298 1786 "ams
2345 1733 2753 1802 suppliciorum,
2809 1747 2873 1785 ac
2913 1747 3029 1785 sese
3079 1734 3130 1784 in
3183 1731 3509 1785 sacrmvium
3561 1730 3723 1786 om,“

464 1832 595 1872 vero
641 1830 705 1870 ex
761 1829 864 1883 qua
894 1813 1165 1866 enascitur
1214 1809 1384 1880 gloria
1427 1817 1481 1862 et
1522 1808 1712 1876 gratia.
1772 1809 2037 1860 Asserunt

460 1909 623 1962 etiam
679 1904 1097 1960 inverecundum
1140 1900 1391 1955 omnibus
1443 1913 1667 1952 exosum
1706 1897 2036 1966 despectum-

443 2012 566 2065 -que
599 2012 757 2060 esse;
792 1993 1127 2048 verecundus
1153 2005 1279 2044 vero
1302 1988 1626 2042 verecundia
1658 2001 1754 2040 sua
1785 1988 1850 2039 ad
1881 1999 2035 2038 vere-

454 2089 705 2143 cundiam
730 2088 993 2140 elevatur.
1037 2081 1372 2136 Verecundia
1423 2081 1492 2134 ob
1525 2088 1866 2132 centractum
1907 2092 2033 2146 pec-

445 2185 638 2233 catum
667 2189 934 2243 verusque
958 2173 1161 2242 pudor,
1199 2182 1277 2224 est
1313 2171 1458 2224 utilis
1491 2168 1812 2222 verecundia
1839 2185 1853 2233 ;
1887 2182 2031 2221 vere-

454 2267 648 2323 cundia
689 2281 816 2319 vero
845 2280 910 2317 ex
943 2279 1047 2332 qua
1093 2261 1368 2315 enascitur
1405 2270 1707 2328 peccatum.
1743 2266 1827 2312 est
1860 2271 1924 2310 ea
1953 2269 2035 2308 ve-

455 2356 711 2412 recundia
769 2370 888 2423 quae
945 2353 1170 2420 impedit
1217 2365 1282 2403 ne
1328 2347 1664 2404 exsecutioni
1711 2346 2036 2399 mandentur

440 2449 548 2502 'Dei
572 2458 856 2517 pmice-pta.
881 2443 1009 2498 .Filii
1047 2443 1173 2506 mei,
1205 2452 1410 2504 cavete,
1458 2457 1525 2495 ne
1576 2454 1792 2508 operam
1827 2438 2033 2507 injusti-

441 2541 541 2594 -tia:
571 2540 779 2594 navetis
829 2547 883 2592 ct
930 2535 1370 2604 oppressionibus
1419 2547 1480 2585 ac
1506 2529 1736 2598 judicio,
1762 2546 1863 2586 nec
1912 2545 2032 2583 cum

451 2631 683 2686 chusore
715 2628 990 2696 sanguinis
1019 2623 1334 2686 ambuletis;
1380 2623 1473 2676 sed
1508 2621 1748 2675 Omnium
1797 2620 2030 2674 maxime

457 2738 676 2775 numera
729 2728 1096 2788 acceptantem
1137 2727 1190 2769 et
1242 2724 1579 2768 exercentem
1628 2728 1819 2768 usuras
1846 2713 2032 2783 fugite,

456 2828 521 2865 ne
545 2812 831 2881 capiamini
859 2824 1044 2862 amore
1070 2806 1302 2874 argenti,
1339 2807 1480 2859 sicut
1501 2804 1571 2858 illi
1607 2822 1621 2858 :
1651 2804 1911 2872 siquidem
1946 2818 2035 2856 ar-

441 2905 598 2975 genti
631 2919 782 2958 amor
814 2903 976 2956 multa
1021 2902 1132 2954 suis
1177 2900 1510 2954 amatoribus
1539 2897 1701 2954 infert
1730 2897 1892 2952 mala.
1927 2897 2031 2953 Ca-

456 3005 575 3049 vete
622 3011 688 3048 ne
751 3004 973 3063 propter
1023 2990 1402 3044 verecundiam
1454 2989 1826 3053 consentiatis,
1872 3000 2034 3059 atque

437 3087 792 3142 -concnrratis
826 3100 944 3139 cum
979 3083 1318 3140 multitudine
1385 3082 1435 3136 iu
1463 3082 1641 3136 dolum
1681 3091 1736 3136 et
1765 3081 2020 3158 fraudem.

451 3177 651 3232 Cavete
683 3176 880 3239 adhuc,
930 3190 997 3230 ne
1059 3184 1276 3243 propter
1318 3171 1695 3226 verecundiam
1736 3174 1876 3239 quod
1940 3187 2028 3226 ve-

452 3279 622 3322 strum
655 3283 757 3320 non
790 3278 893 3329 est,
928 3265 1340 3333 concupiscatis.
1377 3264 1514 3318 0dio
1549 3278 1616 3317 ne
1652 3265 1851 3318 habeas
1873 3272 2030 3318 tetate

452 3366 755 3426 provectas,
797 3366 850 3408 et
887 3357 1090 3419 viduas,
1141 3369 1348 3408 necnon
1398 3368 1665 3422 pauperes
1717 3353 2030 3420 parentibus

451 3451 705 3515 orbatos;
758 3449 879 3516 fuge
930 3457 1104 3500 tamen
1160 3446 1372 3498 viduam
1432 3445 1654 3507 fatuattt,
1690 3454 1743 3497 et
1800 3443 2029 3512 pupillos

451 3535 774 3604 cognitionis
803 3544 1073 3603 expertes.
1108 3533 1251 3587 Cave
1275 3531 1515 3596 omnino,
1543 3548 1607 3586 ne
1635 3531 1819 3602 litigiis
1848 3533 2029 3602 capia-

451 3627 548 3690 ris,
575 3627 666 3681 sed
699 3642 727 3680 a
764 3626 1201 3680 contentionibus
1255 3623 1410 3694 longe
1453 3623 1708 3678 recedito.
1746 3623 1878 3679 Cum
1912 3641 2027 3678 mu-

452 3717 579 3771 liere
619 3716 762 3770 fulua
795 3733 927 3772 eave
961 3716 1219 3786 loquaris.
1267 3723 1360 3768 aut
1398 3730 1519 3768 cum
1547 3715 1850 3782 reprobala,
1886 3730 2025 3782 prae-

449 3814 634 3867 sertim
663 3822 866 3877 autem,
893 3827 1012 3880 qua:
1041 3811 1235 3881 injuria
1269 3809 1432 3864 allicit
1476 3810 1640 3873 viros,
1673 3813 2027 3880 quemadmo-

449 3905 573 3958 dum
611 3903 676 3955 de
703 3903 787 3956 illa
813 3903 1074 3971 scriptum
1111 3911 1214 3956 est.
1278 3901 1355 3955 Ne
1391 3911 1441 3954 te
1464 3901 1659 3969 pudeat
1687 3903 1938 3956 recedere
1960 3901 2026 3955 ab

449 3995 552 4048 illis
581 3995 671 4062 qui
723 4002 1082 4062 pervagantur
1125 3994 1176 4045 in
1232 3991 1444 4060 plateis,
1487 4006 1550 4045 ac
1577 4004 1674 4060 per
1696 3991 1945 4046 civitates
1969 3999 2020 4046 et

431 4085 765 4139 solitudines
803 4093 1008 4149 errant,
1052 4085 1173 4150 quia
1206 4081 1421 4150 plurimi
1457 4081 1560 4136 hoc
1592 4079 1733 4150 capti
1784 4089 1912 4136 sunt
1941 4082 2022 4135 la-

429 4193 602 4243 ‘queo.
647 4173 768 4231 Sed
800 4185 1133 4230 revertamur
1172 4191 1312 4229 nunc
1353 4174 1418 4228 ad
1467 4188 1588 4228 eam
1620 4174 2019 4240 verecundiam,

423 4284 561 4340 qua:
591 4268 773 4338 gloriae
804 4277 856 4320 et
899 4268 1082 4336 gratia:
1114 4273 1196 4320 est
1236 4265 1411 4333 plena.
1467 4262 1544 4318 Ne
1567 4273 1618 4318 le
1650 4263 1812 4333 igitur
1841 4263 2020 4319 facere

2137 1824 2456 1894 prtcsidihus
2484 1823 2666 1891 abyssi
2701 1821 2995 1876 inferorum
3020 1837 3032 1884 ;
3064 1822 3361 1890 similisque
3379 1833 3460 1876 cst
3486 1821 3718 1882 homini,

2135 1916 2225 1983 qui
2259 1930 2452 1986 aquam
2487 1915 2699 1984 reponit
2729 1916 2793 1968 ad
2825 1929 2976 1968 suam
3010 1914 3154 1967 sitim
3189 1913 3468 1966 levandam
3504 1914 3557 1966 in
3587 1927 3720 1966 vase

2138 2007 2431 2075 pet-forato.
2469 2004 2619 2074 Fuge
2653 2021 2844 2059 vanam
2870 2005 3094 2076 gloriam
3137 2024 3148 2058 :
3182 2005 3360 2074 plures
3388 2005 3532 2058 enim
3557 2005 3721 2058 inter-

2140 2101 2316 2152 ierunt
2371 2114 2534 2152 causa
2598 2098 2772 2161 illius;
2825 2097 3204 2164 hominemque
3263 2098 3330 2151 ad
3383 2097 3721 2166 multiplic-s

2138 2190 2396 2258 compulit
2420 2188 2650 2258 labores,
2678 2189 2899 2256 jejunia,
2927 2203 3130 2257 preces,
3169 2189 3348 2256 plures
3376 2189 3588 2258 vigilias
3619 2205 3721 2241 no-

2138 2288 2374 2341 cturnas,
2401 2277 2769 2343 elecmosynas
2811 2279 3009 2330 multas
3034 2293 3218 2332 coram
3259 2279 3567 2332 hominibus
3588 2294 3720 2331 cm-

2138 2379 2290 2437 gatas
2322 2384 2385 2423 ac
2435 2369 2534 2422 alia
2587 2368 2882 2438 ejusmodi;
2921 2370 3115 2437 quibus
3147 2371 3361 2422 denmm
3397 2370 3528 2422 nihil
3574 2369 3723 2422 aliud

2138 2469 2501 2530 consequetur
2535 2461 2633 2513 nisi
2668 2460 3038 2514 confusionem
3080 2469 3133 2514 et
3159 2460 3529 2530 opprobrium.
3565 2461 3725 2513 lianc

2137 2571 2269 2623 ergo
2301 2553 2571 2625 fugiamus
2600 2554 2814 2606 inanem
2853 2552 3102 2623 gloriam,
3132 2555 3254 2620 quia
3303 2554 3556 2607 omnibus
3603 2553 3724 2607 dia-

2139 2647 2274 2701 bolis
2315 2647 2464 2716 pejor
2512 2656 2613 2701 εει.
2683 2645 2740 2699 Si
2787 2656 2967 2700 autem
3030 2647 3172 2700 nulla
3227 2655 3406 2700 exstat
3456 2646 3508 2698 in
3561 2647 3728 2700 nobis

2135 2755 2272 2794 vana
2319 2738 2510 2808 gloria,
2576 2739 2640 2792 ad
2702 2753 2890 2808 magna
2942 2739 3259 2793 ostentanda
3307 2753 3371 2792 ne
3406 2755 3730 2802 curramus,
3789 2757 3792 2760 '

2139 2847 2205 2887 ne
2250 2834 2579 2885 intercamus
2639 2839 2948 2899 pr0pterea,
2990 2839 3046 2885 et
3100 2831 3485 2899 multiplicibus
3525 2847 3731 2884 eorum

2139 2925 2305 2977 ramis
2343 2922 2702 2991 implicemur,
2765 2923 3022 2990 quoniam
3067 2921 3265 2977 diaboli
3315 2923 3486 2976 inanis
3531 2923 3729 2991 glori:

2139 3016 2288 3070 multi
2320 3025 2446 3070 sunt
2467 3014 2642 3072 nimis.
2685 3015 2754 3068 At
2788 3014 3081 3084 impensius
3125 3016 3292 3069 multo
3325 3015 3596 3083 inquirere
3623 3016 3718 3067 ad-

2136 3109 2373 3162 nitamur
2397 3116 2706 3160 sanctorum
2738 3105 2964 3177 gloriam
2992 3119 3285 3174 eorumque
3317 3111 3728 3173 paupertatem,

2135 3211 2188 3254 ut
2244 3215 2412 3254 suave
2468 3198 2597 3253 illud
2652 3197 3175 3265 comprehendamus
3232 3196 3322 3250 Dei
3387 3197 3673 3265 eloquium
3711 3213 3732 3250 :

2131 3287 2286 3342 Beati
2310 3303 2560 3356 pauperes
2589 3287 2804 3354 spiritu,
2855 3288 3102 3356 quoniam
3127 3286 3357 3351 ipsorum
3387 3294 3464 3338 est
3495 3301 3732 3353 regnum

2130 3379 2377 3431 cce/orum
2407 3377 2474 3430 ⁸¹.

2576 3501 2763 3542 δεετιο
2805 3503 3000 3543 DECIMA
3030 3504 3262 3552 QUABTL.

2593 3601 2666 3655 De
2702 3601 2870 3672 gloria
2905 3611 2952 3656 et
2979 3603 3249 3671 patientia.

2202 3716 2340 3770 Dicit
2373 3716 2628 3771 Dominus
2659 3725 2842 3769 noster
2865 3713 3021 3770 Jesus
3053 3715 3300 3771 Christus
3323 3717 3375 3772 iu
3423 3733 3578 3773 sacro
3613 3735 3729 3773 suo

2128 3808 2416 3876 Evangelio
2451 3826 2464 3861 :
2518 3806 2584 3860 In
2639 3810 2892 3876 patientia
2916 3817 3085 3862 uestra
3134 3809 3468 3864 lucrabimini
3501 3813 3722 3866 animas

2128 3913 2323 3956 vestras
2364 3901 2430 3953 ".
2467 3899 2685 3954 Necnon
2723 3918 2736 3954 :
2769 3901 2878 3968 Qui
2902 3902 3212 3955 sustinuerit
3242 3919 3402 3972 usque
3449 3904 3501 3956 in
3529 3903 3718 3972 ﬁnem,

2125 3994 2209 4046 hic
2236 3994 2411 4046 salvus
2432 3992 2531 4044 erit
2563 3991 2630 4044 ⁸³.
2655 3991 2876 4057 Quanto
2905 3995 3078 4062 magis
3105 4007 3235 4062 ergo
3263 3994 3314 4047 in
3349 3997 3583 4049 veritate
3609 4013 3718 4049 no-

2125 4081 2208 4138 bis
2235 4081 2584 4137 laborandum
2613 4091 2669 4135 et
2705 4082 3078 4137 sustinendum
3121 4085 3246 4148 erit,
3278 4094 3337 4138 ut
3369 4099 3430 4138 ea
3461 4099 3588 4153 qua:
3614 4101 3719 4140 uo-

2123 4175 2208 4230 bis
2237 4175 2289 4228 in
2342 4175 2494 4229 caelis
2537 4185 2722 4244 parata
2755 4185 2883 4230 sunt
2911 4177 3354 4244 consequamur?
3401 4155 3712 4248 Antequam

2123 4268 2187 4320 ad
2218 4269 2494 4337 sanguinis
2543 4267 2857 4322 effusionem
2911 4269 3336 4337 pervenerimus,
3389 4284 3456 4323 ne
3507 4271 3714 4340 glorie-

443 4361 639 4432 pudeat
680 4361 938 4428 quidquid
959 4367 1043 4413 est
1067 4357 1360 4412 secundum
1395 4354 1724 4410 voluntatem
1753 4354 1869 4418 Dei,
1917 4370 2018 4410 nec
2050 4377 2092 4433 D
2124 4376 2275 4427 mur;
2335 4361 2510 4414 nullus
2553 4362 2694 4414 enim
2745 4361 2937 4415 artifex
2975 4360 3042 4414 de
3081 4377 3246 4430 opere
3268 4376 3366 4416 suo
3415 4373 3709 4431 antequam

441 4452 496 4508 in
529 4466 692 4519 opere
751 4448 998 4503 veritatis
1059 4447 1200 4502 celes
1235 4457 1308 4510 te,
1350 4461 1451 4501 nec
1482 4447 1690 4501 Domini
1741 4447 2018 4502 doctrinas

439 4543 683 4598 ediscere
735 4552 826 4596 aut
881 4542 1042 4594 verba
1082 4539 1361 4609 sapientiae
1403 4537 1662 4601 verearis,
1693 4548 1786 4592 aut
1817 4549 1905 4592 tua
1933 4553 2020 4592 sa-

436 4635 643 4690 cerdoti
675 4643 765 4688 tuo
789 4643 1006 4703 peccata
1058 4633 1272 4702 aperire
1331 4641 1382 4686 te
1415 4631 1632 4700 pudeat.
1685 4629 2012 4702 Principem,

436 4736 530 4780 aut
561 4727 782 4781 divitem
830 4725 1311 4780 inmisericordem
1363 4738 1428 4777 ne
1462 4724 1675 4790 timeas,
1715 4734 1807 4777 aut
1837 4739 2017 4779 verea-

435 4818 512 4872 ris
537 4826 831 4886 potentem,
875 4815 957 4871 vel
986 4826 1299 4885 tyrannum,
1329 4821 1670 4883 peccatorem
1700 4823 1794 4868 aut
1831 4829 2013 4884 perpe-

435 4917 691 4964 tratorem
749 4907 1114 4977 iniquitatum.
1171 4904 1505 4960 Verecundia
1540 4905 1605 4960 ad
1639 4905 1851 4976 aliquod
1889 4921 2012 4975 pec-

429 5009 609 5054 catum
632 5000 1049 5070 perpetrandum
1097 5012 1164 5052 ne
1195 4998 1473 5052 seducaris
1507 5007 1599 5050 aut
1629 4997 1921 5058 inducaris,
1946 5011 2011 5050 ne

430 5089 518 5144 illa
549 5101 598 5145 te
632 5092 886 5158 perducat
922 5091 988 5142 ad
1040 5089 1332 5156 pessimum
1364 5086 1682 5156 supplicium
1719 5104 1734 5140 :
1786 5097 2006 5154 propter

427 5194 706 5255 peccatmn
769 5183 914 5238 enim
951 5180 1135 5252 gloria:
1169 5179 1494 5233 vestimento
1540 5177 1875 5245 exspoliatus
1921 5187 2005 5231 est

2121 4451 2452 4515 absolvatur,
2483 4449 2769 4519 gloriatur,
2818 4449 2911 4502 sed
2952 4449 3182 4504 artificio
3203 4449 3316 4519 jam
3354 4451 3614 4520 perfecto.
3650 4450 3709 4502 Si

2118 4543 2264 4596 enim
2311 4541 2768 4596 ambulaverimus
2799 4541 3090 4596 secundum
3131 4541 3434 4602 veritatem,
3483 4549 3538 4593 et
3569 4539 3712 4594 dile-

2119 4633 2363 4688 xerimus
2397 4633 2522 4688 odio
2546 4647 2643 4687 nos
2674 4633 2957 4694 habentes,
2994 4641 3046 4685 et
3089 4637 3235 4700 quod
3265 4632 3416 4686 nobis
3449 4630 3564 4685 ﬁeri
3602 4648 3710 4686 no.

2119 4725 2320 4790 lumus,
2348 4725 2500 4779 alteri
2533 4739 2639 4779 non
2671 4725 2978 4788 fecerimus,
3001 4718 3055 4777 et
3079 4724 3443 4778 amaverimus
3469 4737 3665 4792 pacem
3692 4766 3706 4788 ,

2120 4817 2475 4872 humilitatem
2523 4816 2634 4884 jam
2684 4829 2869 4870 sumus
2926 4815 3224 4870 consecuti.
3277 4814 3334 4868 Si
3388 4815 3703 4881 superbiam

2115 4904 2297 4958 cordis
2324 4903 2450 4956 odio
2481 4903 2852 4966 habuerimus,
2879 4903 2990 4972 jam
3015 4905 3264 4959 inimicos
3285 4904 3574 4974 amplcxati
3606 4920 3702 4958 su-

2117 5009 2238 5048 mus
2262 5003 2496 5047 nostro-.
2533 4992 2588 5048 Si
2653 4994 3092 5048 benedixerimus
3128 4995 3576 5050 maledicentibus
3603 5011 3695 5049 no-

2113 5086 2218 5150 bis,
2237 5085 2350 5154 jam
2381 5085 2592 5140 frenum
2626 5086 2984 5156 imposuimus
3011 5087 3202 5142 oribus
3223 5087 3444 5142 nostris.
3477 5085 3533 5141 Si
3563 5087 3700 5141 dile-

2118 5177 2363 5232 xerimus
2391 5175 2872 5245 charitatem,jam
2912 5178 3175 5244 Optimum
3199 5178 3553 5246 praestitimus
3581 5177 3695 5231 cul-

2109 5275 2244 5336 tum,
2275 5267 2505 5323 vicimus
2535 5268 2773 5334 taedium,
2823 5267 3223 5338 multiloquium
3253 5277 3307 5324 et
3354 5270 3542 5323 odium
3567 5284 3696 5338 erga

2102 5359 2431 5427 proximum.
2455 5358 2587 5414 Cum
2626 5361 2741 5415 haec
2771 5357 2952 5413 omnia
2982 5360 3332 5430 compleverit
3356 5362 3541 5424 homo.
3584 5373 3694 5418 tum

423 5469 542 5509 inus
597 5472 695 5510 nos
751 5471 966 5527 quoque
1009 5455 1246 5510 dicentes
1303 5470 1315 5506 :
1366 5445 1592 5518 Propter
1647 5447 1996 5502 innocentiam
2101 5449 2386 5520 glorietur,
2421 5457 2480 5503 ut
2530 5449 2622 5505 ille
2656 5451 2747 5520 qui
2807 5459 2920 5506 tota
2974 5452 3063 5507 die
3093 5461 3176 5507 est
3201 5465 3484 5524 operatus,
3537 5455 3690 5523 justa

481 5587 528 5620 ”
557 5588 733 5648 Eccle.
809 5607 863 5654 x.
896 5593 948 5648 ‘3.
1063 5590 1108 5623 ⁸⁸
1140 5588 1280 5646 Psal.
1321 5601 1590 5654 exxxvttt,
1626 5583 1712 5642 10.
1828 5584 2025 5655 "Eccl

2132 5601 2179 5652 v,
2210 5585 2302 5641 25.
2380 5585 2424 5618 ³⁷
2465 5585 2608 5640 Psal.
2637 5601 2723 5649 χι..
2763 5587 2854 5642 15.
2926 5587 2974 5620 ⁸⁸
3002 5588 3136 5641 Dan.
3177 5605 3229 5655 χ,
3266 5589 3320 5644 3.

412 5674 550 5718 xvtt.
581 5659 666 5715 16.
777 5662 822 5694 ⁸⁸
845 5653 1000 5718 Joau.
1035 5680 1090 5722 v.
1133 5662 1220 5721 M.
1298 5661 1339 5691 “
1371 5653 1653 5720 Mattlnv,
1679 5655 1732 5710 3.
1809 5656 1854 5690 "
1892 5653 2020 5713 Luc.

2132 5673 2166 5724 ι,
2204 5656 2288 5711 19.
2369 5656 2413 5688 ⁸³
2439 5657 2629 5712 Matth.
2664 5672 2718 5716 x.
2750 5657 2855 5724 22;
2883 5673 3028 5722 xxiv,
3063 5659 3148 5713 15.

428 5281 608 5332 homo.
641 5278 779 5331 Deus
819 5289 951 5344 ergo
1003 5271 1287 5327 scientiam
1321 5269 1472 5322 vobis
1505 5267 1792 5328 concedat,
1842 5277 1895 5320 et
1929 5268 2004 5321 iu-

421 5365 547 5420 dnat
576 5369 841 5437 sapientia
888 5365 1072 5436 gloria:
1121 5373 1175 5418 et
1209 5359 1596 5429 intelligentiae,
1631 5367 1688 5411 ut
1732 5359 2001 5413 exclame-

3397 5590 3444 5622 ”
3485 5588 3690 5644 Jeretn.
