3990 6210
414 298 519 367 975

1506 297 1778 356 PATRES
1817 294 2118 353 IEGYPTU
2161 292 2432 349 SIECULI
2476 291 2563 349 IV.

3576 280 3693 338 978

415 427 631 484 saeculis
676 436 733 482 et
774 421 1208 494 generationibus
1247 426 1457 476 reserat
1491 434 1713 474 arcana.
1753 416 1987 471 Maxima
2019 421 2059 475 Α
2091 414 2334 476 domum,
2384 429 2482 466 ure
2528 408 2747 465 habebit
2791 403 3164 461 ba~rcditatem
3225 403 3275 457 in
3318 412 3460 457 terra
3491 403 3691 458 viven—

417 536 548 576 sane
580 518 869 574 barreditas
897 525 981 571 est
1012 524 1066 570 et
1098 515 1394 586 possessio,
1429 513 1729 583 virginitas.
1758 510 1857 577 Qui
1882 511 1993 562 vir-

418 614 694 685 ginitatem
758 617 1105 675 aspernatur,
1163 607 1327 659 Deum
1365 606 1453 659 ille
1496 615 1552 659 et
1585 604 1803 673 angelos
1832 600 1996 656 afﬁcit

420 706 635 774 injuria.
673 701 839 755 Nemo
868 699 1111 770 profecto
1139 715 1205 753 ex
1235 699 1531 753 adversarii
1571 698 1811 752 exercitu
1845 711 1998 750 accc-

420 800 546 849 dere
579 796 761 860 audet,
797 803 886 847 aut
923 793 1064 853 valet
1099 792 1150 845 in
1179 807 1320 846 eam.
1351 790 1600 843 Attamen
1637 804 1796 843 nemo
1829 786 1995 841 virui-

422 904 547 942 num
581 888 844 957 glorietur
885 887 950 940 de
984 885 1292 955 virginitate
1324 902 1337 939 :
1367 883 1541 954 gratia
1587 884 1786 950 quippe
1830 881 1998 948 ipsius

425 983 513 1035 Dei
539 991 643 1036 est.
672 980 832 1049 Virgo
862 978 1154 1032 muliebres
1177 994 1389 1040 sensus,
1421 976 1774 1044 cogitationes
1796 974 1997 1038 carnis,

420 1075 597 1127 cordis
638 1071 946 1141 superbiam
990 1080 1043 1122 et
1093 1084 1332 1123 amorem
1386 1083 1572 1122 eorum
1615 1066 1855 1119 omnium
1882 1081 2001 1134 quae

422 1163 620 1218 diaboli
659 1171 821 1223 sunt,
856 1175 884 1213 a
926 1174 984 1213 se
1016 1158 1327 1211 amoliatur.
1372 1154 1854 1209 Murmnratiouem
1885 1166 2003 1221 pro-

423 1257 508 1308 cul
548 1263 797 1308 amoveat
824 1265 1074 1320 quoque;
1111 1250 1237 1302 item
1267 1263 1395 1317 erga
1443 1248 1688 1301 homines
1718 1246 1922 1307 odium,
1951 1251 2006 1297 et

423 1346 647 1416 gloriam
683 1344 887 1397 mundi.
926 1342 1189 1411 Religioni
1240 1340 1557 1402 incumbat,
1589 1339 1863 1392 contineat
1904 1336 2005 1390 litt-

422 1453 608 1507 guam,
644 1446 993 1503 ventremque
1019 1434 1246 1501 castiget
1271 1431 1515 1502 jejuniis.
1542 1430 1675 1483 Nam
1708 1430 1752 1483 si
1780 1430 1861 1483 bis
1885 1443 2003 1481 om-

429 1529 587 1581 nibus
614 1537 874 1580 exornata
914 1525 1094 1589 fuerit,
1134 1525 1235 1579 erit
1275 1523 1606 1578 sacrificium
1649 1522 1766 1575 sine
1797 1520 2004 1574 macula

428 1627 519 1672 aut
552 1618 863 1686 pollutione.
909 1615 1205 1684 Virginitas
1237 1630 1387 1668 urnae
1419 1629 1551 1667 auro
1592 1614 1762 1681 pleute
1789 1627 2009 1679 compa—

432 1718 605 1773 ratur,
629 1724 792 1777 quam
831 1709 917 1761 ditt
951 1718 1218 1773 noctuque
1255 1705 1565 1759 custodiunt
1588 1704 1850 1760 excubiae.
1890 1702 2011 1757 Vir-

431 1802 631 1870 ginitas
677 1802 809 1855 odor
865 1811 948 1854 est
991 1798 1347 1854 suavissimus
1388 1798 1608 1853 Christo
1659 1799 1918 1861 Domino,
1959 1809 2013 1852 et

433 1895 737 1947 diademata
769 1894 887 1946 vitze
923 1893 1214 1947 connectit.
1251 1891 1329 1955 Si,
1373 1892 1553 1960 virgo,
1579 1891 1808 1945 sollicita
1850 1890 2013 1944 fueris

433 1987 499 2040 de
534 1986 717 2039 multis
771 1985 933 2048 cibis,
972 1993 1024 2037 et
1076 1998 1198 2037 cum
1252 1984 1325 2037 tui
1363 1982 1727 2037 ambulaveris
1777 1982 2015 2037 admira-

437 2077 602 2141 tione,
631 2077 682 2128 in
707 2075 959 2129 omnibus
984 2075 1237 2143 operibus
1266 2073 1764 2128 tuisconlusionem
1790 2072 2012 2126 referes.

438 2170 493 2222 Si
539 2169 772 2237 linguam
823 2177 965 2219 tttam
1011 2182 1114 2221 non
1166 2167 1517 2231 custodieris,
1552 2180 1718 2220 vacua
1759 2166 1865 2220 eris
1907 2173 2017 2219 toto

441 2264 562 2315 vitm
598 2273 699 2315 tuae
745 2277 903 2315 cursu
927 2300 941 2324 ,
975 2271 1029 2314 et
1060 2260 1443 2330 adimplebitnr
1469 2262 1534 2315 de
1576 2269 1627 2314 te
1656 2260 1893 2329 scriptus
1931 2258 2017 2312 ille

439 2368 620 2409 sermo
654 2371 667 2404 :
720 2350 1017 2422 Suscepisti
1064 2367 1287 2421 magnos
1322 2352 1534 2406 labores
1575 2351 1797 2407 frustra.
1836 2349 2017 2405 Nolite

418 2458 590 2512 ergo,
622 2430 844 2508 fratres,
874 2446 1038 2498 nolite
1064 2443 1397 2511 permittere,
1430 2451 1487 2496 ut
1521 2442 1572 2496 id
1599 2443 1752 2497 vobis
1775 2441 2015 2507 accidat;

441 2537 535 2590 sed
571 2537 790 2607 optima:
828 2552 890 2591 ac
924 2536 1335 2606 perfectissima:
1369 2536 1641 2605 patientia:
1669 2550 1886 2604 operam
1924 2535 2018 2589 de-

444 2644 567 2685 mus
588 2670 605 2695 ,
637 2641 693 2683 ltl
733 2646 830 2684 nos
862 2644 1079 2701 quoque
1113 2630 1297 2683 dicere
1333 2629 1603 2683 valeamus
1631 2644 1646 2682 :
1682 2627 1796 2682 Non
1828 2628 2019 2689 timeo,

442 2725 569 2794 quia
604 2725 865 2779 Dominus
911 2723 1124 2792 adjutor
1172 2735 1323 2776 meus
1366 2731 1469 2774 est.
1511 2720 1574 2774 Et
1625 2720 1783 2773 sicuti
1818 2720 2019 2772 dictum

445 2826 524 2870 est
555 2834 568 2869 :
602 2816 875 2867 Timentes
904 2827 964 2868 se
1008 2812 1267 2867 Dominus
1297 2811 1470 2881 diligit
1495 2812 1545 2864 itt
1573 2813 1784 2865 cunctis
1811 2794 1981 2863 bonis.

899 2918 1088 2959 SECTIO
1127 2918 1320 2959 DECIMA
1362 2918 1590 2958 OCTAVA.

434 2994 513 3047 .ln
541 3012 643 3064 qua
668 2994 929 3065 pra'cipit,
958 3003 1015 3048 ut
1046 2994 1348 3048 recedamus
1379 3011 1410 3046 a
1446 2994 1605 3058 malo,
1638 3005 1685 3047 et
1716 2995 2024 3050 accedamus

785 3068 853 3118 ad
877 3065 1103 3128 bonum,
1145 3065 1505 3134 [aciamusque
1531 3065 1682 3118 illud.

521 3155 703 3211 Sacrae
731 3164 986 3211 asserunt
1011 3154 1305 3224 Scriptura:
1331 3174 1345 3209 :
1376 3155 1513 3210 Ecce
1561 3158 1811 3226 proposui
1845 3174 2020 3211 coram

449 3260 498 3303 te
526 3250 659 3303 duas
690 3250 821 3315 vias,
856 3249 1051 3302 scilicet
1084 3248 1274 3302 bonum
1314 3258 1361 3302 et
1397 3250 1594 3303 malum
1632 3250 1699 3303 ⁷³.
1746 3249 1895 3304 Viam
1928 3267 2027 3305 au-

450 3349 559 3395 tem
621 3340 746 3393 tuali
807 3340 1156 3394 novissimum
1214 3341 1279 3392 ad
1348 3339 1671 3409 profundum
1729 3342 2026 3397 inferorum

450 3432 774 3496 catulucere,
807 3430 1007 3485 eadem
1056 3446 1153 3484 nos
1182 3431 1446 3485 certiores
1485 3432 1750 3488 fecerunt.
1785 3432 2028 3489 lleeeda-

452 3537 573 3577 mus
600 3535 728 3591 ergo
755 3521 821 3576 ab
843 3536 930 3588 ea,
964 3535 1015 3576 et
1050 3522 1388 3579 ambulemus
1422 3539 1544 3578 cunt
1579 3524 1905 3580 rectitudine
1931 3541 2030 3596 per

451 3630 572 3669 eam
625 3630 784 3684 quam
844 3614 1257 3669 ambulaverunt
1311 3616 1522 3679 sancti,
1576 3616 2026 3686 qnemadmodmn

456 3709 657 3763 dictum
686 3717 768 3762 est
803 3724 815 3761 :
850 3705 997 3761 Beati
1039 3706 1365 3762 immaculati
1397 3709 1452 3763 in
1484 3711 1585 3776 ria,
1624 3711 1716 3781 qui
1759 3711 2029 3766 ambulant

456 3802 508 3854 in
541 3799 649 3869 lege
684 3798 894 3879 Domini
924 3799 990 3852 “.
1034 3798 1129 3854 Via
1161 3808 1474 3855 sanctorum
1506 3817 1636 3857 vero
1674 3813 1795 3868 est,
1830 3813 1887 3857 ut
1912 3820 2030 3858 am-

458 3891 708 3946 bulemus
737 3890 788 3943 in
823 3889 938 3960 lege
970 3888 1205 3956 Domini,
1245 3890 1451 3946 scilicet
1485 3890 1533 3945 iu
1579 3893 1814 3961 puritate
1840 3908 2033 3963 corpo-

460 3986 557 4050 ris,
621 3984 853 4055 puritate
895 3984 1112 4055 lingua‘,
1144 3983 1381 4053 puritate
1432 3982 1734 4048 oculorum,
1797 3984 2032 4052 puritate

459 4090 738 4142 manuum,
766 4074 999 4145 puritate
1026 4075 1260 4138 aurium,
1297 4075 1530 4145 puritate
1559 4077 1777 4145 pedum,
1807 4085 1862 4130 et
1886 4084 2055 4130 recta’

457 4167 525 4219 ad
556 4165 727 4219 Deum
754 4167 1077 4237 cogitatione
1102 4167 1408 4234 mundoque
1433 4168 1594 4221 corde
1618 4181 1745 4236 erga
1778 4166 2029 4232 invicem,

461 4267 518 4310 ut
549 4257 731 4311 dicere
758 4258 1030 4313 valeamus
1060 4279 1071 4313 ι
1105 4256 1210 4311 Cor
1238 4258 1487 4311 mundum
1510 4274 1629 4310 creo
1652 4258 1704 4310 in
1738 4274 1838 4322 me,
1872 4257 2028 4325 Deus,

458 4362 504 4404 et
545 4350 783 4417 spiritum
817 4363 1010 4405 rectum
1042 4350 1229 4403 innona
1262 4350 1316 4402 in
1349 4348 1627 4403 visceribus
1654 4351 1779 4403 meis
1809 4351 1874 4404 ⁷³.

941 4457 1128 4497 δεοτιο
1168 4457 1362 4496 ΒΕΟΙΙᾹ
1400 4457 1557 4496 NONA.

694 4535 761 4588 In
798 4551 903 4603 qua
937 4536 1111 4603 agitur
1139 4534 1203 4585 de
1241 4535 1554 4587 continentia
1589 4534 1804 4604 linguw.

533 4624 851 4682 Charissimi
914 4622 1149 4687 fratres,
1231 4634 1461 4676 vestram
1521 4638 1649 4692 rogo
1710 4625 2029 4688 cltaritatem

464 4734 589 4788 erga
624 4715 898 4771 Christum
934 4712 1137 4778 Deum,
1175 4722 1232 4769 ut
1274 4714 1494 4784 fugiatis
1520 4725 1571 4769 et
1602 4709 1817 4773 evitetis
1848 4733 2031 4773 semen

466 4825 728 4880 nequam,
755 4808 968 4878 plenum
1012 4806 1255 4862 fraudum
1298 4817 1352 4860 et
1392 4808 1630 4861 unutinnt
1676 4811 2032 4878 pessimorum

468 4902 737 4955 dolorum.
790 4898 959 4953 Sacra
999 4897 1262 4966 siquidem
1306 4896 1494 4951 asserit
1534 4896 1812 4967 Scriptura
1849 4918 1861 4954 :
1910 4899 2039 4955 Lin-

463 5010 565 5062 gua
590 4990 797 5061 quidem
821 4989 1078 5042 modicum
1118 4985 1402 5041 membrum
1419 4997 1517 5052 est,
1549 4992 1636 5041 sed
1664 4990 1895 5045 maculat
1920 5008 2039 5046 cor-

464 5102 559 5154 pus
585 5093 749 5137 totum
776 5081 845 5134 7‘.
875 5080 1011 5135 Dicit
1045 5080 1208 5133 item:
1238 5076 1305 5132 In
1327 5077 1440 5145 ipsa
1466 5076 1815 5136 benedicimus
1841 5080 2037 5147 Deum;

464 5186 511 5229 et
542 5175 595 5228 in
629 5175 739 5242 ipsa
788 5156 1150 5226 maledicimus
1193 5169 1454 5235 homines,
1497 5186 1624 5240 quos
1661 5175 1853 5228 creavit
1896 5174 2037 5230 Deus

468 5268 535 5318 ad
568 5280 720 5319 ruam
763 5261 1161 5318 similitudinem
1193 5260 1263 5314 ".
1303 5258 1448 5316 Mors
1482 5274 1612 5333 ergo
1651 5264 1851 5322 residet
1884 5265 1937 5320 in
1977 5281 2041 5322 eo

468 5358 561 5425 qui
591 5356 826 5425 bicipitis
850 5364 932 5409 est
961 5353 1172 5423 linguae,
1209 5354 1331 5423 quia
1358 5370 1481 5408 cum
1516 5366 1688 5409 morte
1716 5354 1894 5411 fredus
1915 5372 2041 5426 per-

473 5446 671 5513 cussit,
726 5445 937 5516 sibique
980 5445 1299 5516 perditionis
1350 5445 1402 5499 itt
1456 5444 1669 5499 inferno
1718 5451 2041 5517 praeparavit

565 5577 613 5611 τ’
650 5577 800 5633 Deut.
843 5596 947 5634 xxx
971 5621 986 5645 ,
1017 5579 1101 5635 l5.

480 5645 524 5678 "
559 5645 745 5703 Matth.
784 5663 911 5709 xxv,
956 5651 1017 5703 2|
1044 5691 1058 5716 ,
1095 5650 1184 5703 23.

456 5732 545 5783 'x,
579 5716 664 5771 l9.

1193 5578 1241 5612 τι
1275 5578 1415 5635 Psal.
1443 5593 1630 5644 cxvut,
1656 5578 1706 5632 Ι.

1262 5649 1307 5680 ⁸ο
1351 5648 1493 5704 l‘sal.
1537 5664 1669 5716 seu,
1722 5651 1770 5703 l.

1777 5582 1823 5614 "
1849 5582 1985 5637 Psal.
2019 5600 2067 5651 ι,
2110 5584 2191 5639 l2.

1847 5652 1891 5684 “
1915 5646 2066 5710 Psal.?
2091 5671 2187 5719 vlt,
2225 5646 2305 5702 l7.

2098 507 2253 569 lium,
2307 505 2397 574 qui
2438 503 2643 556 faciunt
2695 499 2786 553 Dei
2818 499 3171 553 voluntatem.
3203 496 3362 551 Certe
3403 496 3691 551 hominem

2098 597 2386 666 bilinguent
2421 598 2631 649 animas
2661 594 2957 663 deperdere
3003 591 3330 659 comperies,
3380 590 3691 646 famrliares

2096 698 2149 742 et
2182 690 2381 742 amicos
2414 689 2751 754 perturbare,
2785 686 3051 754 dissipare
3090 697 3263 738 coetus
3294 695 3346 736 et
3374 698 3682 754 congrege-

2104 780 2295 842 tioncs,
2331 780 2583 833 omnibus
2634 778 2789 831 malis
2842 777 3120 845 patrandis
3161 776 3292 829 dare
3324 790 3590 842 Operam,
3622 791 3690 829 ac

2101 885 2222 926 sese
2276 873 2622 936 immiscere,
2668 884 2992 939 semperque
3035 869 3085 920 in
3137 869 3443 935 proximum
3485 867 3692 921 machi-

2104 966 2223 1017 nari
2258 963 2458 1016 dolum.
2507 962 2823 1023 Orationes,
2861 961 3234 1029 eleemnsynas
3264 967 3319 1013 et
3360 957 3565 1027 jejnnia
3602 959 3691 1011 hi-

2104 1051 2304 1120 liuguis
2364 1051 2604 1104 tenebris
2659 1050 2911 1103 obvoluta
2958 1052 3260 1114 comperies
3319 1063 3504 1101 eorum
3557 1042 3692 1103 Ded.

2112 1142 2478 1207 Quamobrem
2512 1139 2771 1207 se'riptnm
2809 1148 2891 1190 est
2914 1179 2927 1197 ,
2954 1140 3094 1207 quod
3122 1124 3296 1191 oratio
3325 1138 3560 1191 hominis
3592 1139 3698 1190 hu-

2099 1233 2332 1301 jusmndi
2366 1231 2457 1285 fiat
2489 1232 2540 1284 in
2566 1238 2841 1300 peceatum
2860 1230 2926 1284 ⁷⁸.
2960 1230 3049 1283 Eia
3085 1246 3227 1282 nunc
3259 1229 3450 1298 igitur,
3489 1228 3698 1284 fratres

2107 1326 2489 1387 dilectissimi,
2528 1326 2683 1392 longe
2742 1322 2908 1393 fugite
2967 1340 2995 1375 ει
3062 1322 3319 1390 bilingui,
3387 1322 3693 1375 amicitiam

2109 1436 2229 1473 eum
2259 1434 2323 1472 eo
2355 1433 2695 1486 nequaquam
2728 1416 2938 1479 iueatis,
2965 1415 3086 1479 quia
3116 1416 3205 1481 qui
3235 1414 3438 1467 amiciti
3462 1430 3533 1466 im
3559 1429 3689 1466 cum

2110 1509 2201 1564 illo
2234 1510 2475 1570 iniverit,
2516 1522 2637 1561 eam
2675 1522 2799 1561 cum
2854 1514 3025 1558 morte
3064 1504 3239 1558 inivit.
3293 1503 3405 1556 lmo
3445 1505 3696 1557 adnitere

2114 1603 2242 1656 totis
2274 1602 2503 1663 viribus,
2543 1614 2612 1652 ne
2645 1615 2764 1651 cum
2800 1596 2889 1649 illo
2926 1595 3183 1662 loquaris,
3218 1610 3283 1648 ne
3313 1596 3433 1662 ejus
3457 1596 3694 1660 pessima

2111 1693 2325 1747 ediscas
2355 1706 2515 1758 opera
2538 1732 2553 1756 ,
2586 1700 2745 1757 teqnc
2774 1686 2997 1741 inliciat.
3030 1684 3227 1740 Beatus
3262 1695 3344 1740 est
3378 1687 3540 1739 hmuo
3570 1687 3664 1738 ille
3684 1728 3700 1746 ,

2043 1760 2084 1814 Β
2116 1783 2209 1854 qui
2241 1783 2344 1838 sibi
2377 1782 2662 1852 diligenter
2697 1788 2871 1844 cavet,
2909 1788 2965 1832 et
2995 1777 3369 1845 experimento
3413 1776 3610 1830 ediscit
3643 1780 3702 1828 ti-

2116 1874 2288 1929 delem
2317 1873 2368 1926 in
2400 1873 2651 1925 omnibus
2680 1887 2836 1936 esse;
2882 1870 3005 1939 quia
3038 1868 3084 1921 is
3112 1883 3297 1922 vocem
3328 1869 3471 1921 illam
3519 1869 3699 1920 betam

2115 1966 2298 2020 audiet
2334 1983 2347 2019 :
2383 1963 2526 2030 Quia
2557 1979 2711 2029 super
2744 1977 2911 2023 pauca
2941 1959 3092 2027 [nisti
3117 1959 3311 2027 ﬁdelis,
3348 1977 3511 2027 supra
3536 1960 3706 2013 multa

2115 2067 2166 2112 te
2194 2057 2525 2111 constituam
2562 2057 2700 2108 intra
2728 2053 2782 2105 in
2820 2053 3071 2123 gaudium
3106 2049 3315 2104 Domini
3353 2052 3428 2104 tui
3459 2052 3528 2104 τ’.

2663 2181 2854 2221 εεετιο
2896 2180 3143 2220 νιεεειιη
3156 2203 3172 2219 .

2784 2259 2857 2312 De
2894 2258 3038 2311 dolo.

2194 2354 2524 2409 ExtoHamus
2549 2366 2747 2406 manus
2775 2362 2986 2405 nostras
3012 2360 3067 2403 et
3099 2350 3263 2403 corda
3296 2362 3479 2404 nostra
3511 2351 3578 2403 ad
3606 2348 3713 2404 Al-

2126 2447 2397 2501 tissimum
2430 2445 2518 2514 qni
2552 2445 2603 2496 in
2635 2444 2788 2498 emlis
2827 2452 2932 2506 est,
2962 2450 3016 2497 et
3042 2441 3229 2511 fugere
3260 2442 3574 2495 adnitantur
3594 2442 3719 2511 pri--

2122 2554 2268 2593 ηιιιιιι
2321 2534 2450 2591 illud
2504 2544 2826 2605 peccatum,
2876 2546 3072 2603 nempe
3119 2532 3301 2586 dolum
3352 2533 3595 2601 quierat
3652 2536 3712 2587 iu

2123 2630 2290 2692 Cain,
2327 2629 2624 2683 secundum
2651 2627 2871 2682 verbum
2922 2625 3049 2679 illud
3084 2625 3379 2693 scriptum:
3418 2626 3554 2678 Deus
3577 2666 3593 2689 ,
3638 2626 3717 2678 li—

2125 2722 2246 2774 bera
2280 2736 2360 2773 me
2412 2718 2474 2771 ab
2511 2718 2718 2769 homine
2770 2717 2949 2785 iniquo
2997 2728 3047 2767 et
3089 2714 3270 2769 doloso
3302 2716 3369 2768 ⁸⁸.
3409 2716 3578 2770 llotno
3609 2720 3721 2767 do-

2127 2815 2270 2867 losus
2293 2812 2525 2865 animam
2554 2825 2705 2864 suam
2747 2809 2944 2878 decipit
2968 2817 3178 2862 tantum
3204 2849 3219 2872 ,
3245 2809 3367 2877 quia
3405 2810 3556 2862 dolus
3584 2809 3723 2878 ejus

2128 2905 2414 2959 revertitur
2436 2906 2489 2956 in
2510 2911 2668 2972 caput
2696 2902 2883 2967 ipsius,
2908 2912 2964 2953 ιιι
2984 2901 3245 2969 scriptum
3268 2912 3347 2955 est
3373 2901 3423 2954 in
3450 2900 3680 2954 Psalmo
3706 2920 3722 2956 :

2132 2996 2303 3049 Labor
2349 2995 2466 3065 ejus
2511 3003 2836 3047 convertetur
2876 2994 2931 3045 in
2966 3002 3121 3061 caput
3163 2992 3315 3061 ejus,
3372 3000 3422 3045 et
3454 2993 3727 3058 iniquitas

2048 3109 2093 3165 ο
2128 3090 2285 3143 veniet
2330 3103 2488 3156 usque
2537 3085 2593 3138 in
2648 3086 2878 3138 medium
2926 3086 3113 3140 domus
3166 3088 3283 3153 ejus
3331 3084 3399 3139 ⁸¹.
3462 3083 3729 3140 Hominis

2131 3178 2253 3233 tnali
2282 3193 2347 3233 ne
2372 3176 2745 3231 familiaritate
2782 3176 2982 3239 utaris,
3023 3192 3124 3231 nec
3175 3178 3417 3246 iniquum
3458 3176 3731 3245 sequaris

2132 3270 2428 3330 hominem,
2472 3282 2574 3322 nec
2610 3268 2824 3336 penitus
2861 3279 3051 3336 tangas
3090 3268 3272 3334 illum;
3299 3268 3390 3321 sed
3420 3282 3734 3324 exsecrare

2130 3371 2183 3412 ut
2241 3358 2521 3412 sindonem
2575 3367 2913 3411 murtuorum
2961 3357 3228 3413 fetoribus
3288 3359 3730 3427 coinquinatam.

2129 3448 2337 3518 Lingua
2374 3448 2572 3517 quippe
2609 3447 2845 3501 hominis
2886 3446 3059 3501 dolosi
3087 3449 3288 3501 excitat
3336 3450 3733 3505 contentiones

2131 3540 2273 3595 inter
2303 3540 2521 3603 turbas,
2558 3536 2987 3608 ell'usionemque
3041 3540 3338 3608 sanguinis.
3377 3538 3477 3604 Qui
3513 3538 3733 3593 amici-

2134 3631 2261 3685 tiam
2292 3629 2567 3685 contrahit
2594 3644 2716 3684 cum
2756 3629 2938 3683 doloSa
2965 3667 2982 3695 ,
3028 3632 3272 3685 eamdem
3318 3647 3438 3685 cum
3471 3632 3730 3699 pessimo

2131 3721 2346 3777 diabolo
2378 3720 2674 3776 contrahit.
2704 3719 2804 3785 Qui
2852 3721 3168 3775 societatem
3201 3722 3300 3774 init
3333 3736 3452 3776 cum
3481 3721 3683 3776 doloso
3703 3760 3726 3787 ,

2131 3827 2254 3867 eam
2305 3812 2405 3866 init
2464 3826 2588 3865 cum
2644 3808 2969 3866 eﬂ‘usorihus
3021 3810 3322 3881 sanguinis,
3375 3820 3431 3865 et
3481 3812 3730 3880 prepria:

2134 3902 2323 3956 mortis
2368 3900 2428 3955 fit
2456 3900 2571 3970 ipse
2603 3915 2747 3955 reus.
2782 3900 2949 3956 Multo
2982 3903 3363 3971 expedientius
3424 3912 3505 3957 est
3557 3903 3728 3959 habi-

2135 4000 2249 4046 tare
2289 3992 2341 4046 in
2381 3990 2673 4046 solitudine
2700 4031 2716 4058 ,
2760 4006 3067 4061 quamcum
3097 3992 3313 4048 homine
3340 3993 3544 4049 doloso.
3582 3995 3725 4052 Cum

2133 4082 2319 4139 doloso
2357 4083 2650 4138 amicitiam
2695 4098 2763 4139 ne
2832 4087 3163 4139 contrahas:
3203 4085 3255 4138 in
3290 4087 3506 4139 dnmunt
3553 4086 3723 4140 ullam

2133 4191 2257 4231 cum
2305 4191 2374 4231 eo
2421 4189 2491 4229 ne
2529 4174 2885 4245 ingrediaris,
2939 4175 3065 4243 quia
3122 4175 3166 4229 si
3197 4174 3366 4231 fueris
3406 4177 3724 4246 ingressus,

2133 4265 2414 4337 pertrahet
2444 4273 2494 4318 te
2527 4263 2593 4317 ad
2640 4276 2798 4317 suum
2827 4261 3073 4316 fetorem.
3119 4260 3302 4316 Satius
3348 4262 3440 4316 tibi
3481 4274 3567 4317 εει
3592 4277 3725 4318 esse

2135 4371 2259 4410 cum
2314 4355 2467 4420 feris,
2499 4369 2660 4423 quam
2716 4371 2837 4410 cum
2899 4353 3121 4408 homine
3167 4354 3403 4408 doloso:
3450 4348 3722 4424 siquidem

2063 4462 2111 4520 ο
2140 4448 2381 4504 suaviter
2414 4448 2480 4502 ad
2510 4457 2562 4502 te
2605 4449 2815 4502 accedit
2844 4448 2945 4503 iste
2971 4487 2988 4512 ,
3020 4457 3076 4502 et
3109 4447 3334 4517 par-ilice
3362 4446 3604 4515 loquitur
3642 4460 3726 4501 te-

2138 4557 2259 4594 cum
2289 4556 2303 4604 ;
2341 4550 2397 4593 at
2431 4540 2475 4593 si
2508 4554 2602 4593 cor
2624 4538 2797 4609 ,illius
2840 4539 3011 4594 semel
3060 4538 3489 4599 contristaveris,
3532 4538 3725 4591 statim

2138 4630 2518 4687 absconditum
2563 4639 2773 4685 eructat
2806 4629 2985 4684 dolum
3011 4669 3025 4693 ,
3066 4638 3226 4698 teque
3268 4630 3587 4697 imparatum
3627 4626 3729 4693 ju-

2138 4724 2304 4793 gulat.
2326 4722 2687 4789 Quamobrem
2725 4721 2863 4776 Deus
2892 4722 2980 4788 qui
3019 4730 3139 4775 erat
3166 4735 3288 4775 cum
3340 4719 3586 4790 patribus
3627 4735 3730 4774 no-

2138 4813 2269 4868 stris
2296 4812 2592 4875 Abraham,
2631 4811 2783 4865 lsaac
2807 4820 2862 4865 et
2889 4808 3077 4873 Jacob,
3105 4811 3175 4865 sit
3208 4811 3508 4876 vobiscum,
3540 4820 3601 4865 ut
3628 4825 3727 4865 vos

2140 4906 2380 4957 eruatab
2405 4901 2492 4955 illo
2522 4900 2677 4971 cujus
2703 4900 2957 4955 fortitudo
2981 4911 3064 4955 est
3100 4902 3151 4954 in
3196 4900 3396 4955 lmnhis
3422 4901 3493 4964 “,
3530 4916 3726 4969 nempe

2141 4992 2388 5057 diabolo;
2415 4991 2505 5061 qui
2541 4992 2688 5046 omni
2744 5002 2987 5061 tempore
3024 4991 3292 5061 religiosis
3321 4992 3528 5046 invidet
3558 4992 3721 5058 viris,

2142 5092 2194 5138 et
2225 5097 2327 5138 suo
2355 5082 2517 5137 hamo
2546 5095 2646 5137 eos
2682 5096 2899 5151 capere,
2944 5091 3002 5136 ut
3028 5081 3312 5153 deglutiat,
3352 5083 3586 5137 nititur:
3634 5097 3727 5138 ve.

2147 5187 2289 5235 rum,
2322 5172 2412 5239 qui
2442 5182 2567 5227 orat
2592 5188 2689 5243 pro
2719 5173 2874 5229 nobis
2898 5173 2972 5238 ⁸³,
3012 5174 3278 5229 habemus
3309 5175 3594 5228 Dominum
3627 5190 3727 5231 no-

2140 5273 2310 5318 strum
2329 5262 2520 5317 Jesum
2551 5261 2826 5317 Christum
2848 5304 2869 5329 ,
2898 5265 2988 5334 qui
3023 5265 3180 5324 nobis
3207 5264 3353 5320 dedit
3396 5275 3725 5334 potestatem

2138 5352 2376 5407 calcandi
2439 5352 2695 5407 virtutem
2754 5353 2872 5422 ejus
2915 5354 2982 5407 ⁸⁸.
3032 5354 3232 5410 Oculus
3258 5344 3364 5423 'qui
3412 5371 3445 5408 a
3496 5355 3730 5410 videndo

2140 5459 2243 5497 non
2271 5440 2621 5512 defatigatur,
2652 5420 2874 5497 etauﬁris
2903 5459 3028 5513 quae
3062 5445 3130 5498 ab
3167 5420 3352 5498 auditu
3380 5458 3487 5498 non
3519 5444 3725 5508 deficit,
3800 5494 3803 5497 η
3844 5420 3845 5423 Ἴ

2285 5577 2330 5608 ⁷⁸
2359 5575 2474 5632 Jac.
2502 5591 2582 5642 ut,
2626 5577 2690 5643 5,
2723 5577 2774 5632 6.

2847 5578 2899 5642 ,⁷⁷
2929 5578 3057 5631 ibid.
3092 5578 3143 5633 9.
3222 5580 3269 5610 ⁷⁸
3313 5579 3457 5634 Psal.
3495 5578 3728 5645 cvttt,7.

2416 5647 2461 5678 ⁶¹
2496 5646 2597 5702 Job
2631 5662 2727 5709 Μ..
2760 5649 2845 5701 ll.

2949 5650 2994 5680 ⁸⁸
3024 5650 3183 5703 liebr.
3213 5666 3284 5704 vtt
3306 5690 3318 5714 ,
3350 5651 3440 5704 25'.
3520 5650 3567 5682 ”
3592 5648 3724 5705 Lua.
