3990 6210
256 346 375 402 977‘

1290 331 1346 384 S.
1388 329 1685 387 ΑΝῙῸΝΙῙ.
1708 331 1778 389 Μ.
1822 326 2131 389 ΑΒΒΛἸἹΒ.
2154 321 2527 381 ΕΡΙόΤΟΙΑᾸῖ.

3415 317 3521 374 978

249 449 365 518 ipsa
397 457 697 512 assevera',
726 446 1349 519 quodcorrtpletnetttttm
1388 451 1525 523 legis
1556 453 1629 508 sit
1656 453 1838 508 cbari-
1868 488 1879 514 ι

1966 458 2086 505 itum
2135 450 2187 505 in
2214 464 2404 504 omnes
2450 445 2824 518 generationes
2848 443 2965 498 sine
2997 440 3343 510 corruptione
3364 480 3383 503 ,η
3406 436 3522 493 fra-
3568 492 3573 497 ,

251 551 335 595 tas
355 541 423 594 ⁸⁸.
457 539 597 593 Dicit
642 541 806 592 etiam
842 558 855 594 :
900 538 1101 594 [lorum
1144 543 1600 613 complementum
1632 556 1709 600 est
1732 587 1746 610 ,
1778 553 1836 598 ut

252 633 366 687 sitis
387 647 579 685 omnes
605 648 703 685 cor
726 648 890 685 unum
947 634 998 686 iu
1026 633 1154 688 Jesu
1199 635 1413 689 Christo
1442 655 1457 691 :
1495 651 1649 707 Opem
1691 638 1836 691 invi-

253 738 369 776 rem
402 722 637 775 ferentes
660 763 674 786 ,
707 733 761 777 et
792 723 1089 778 fraternam
1117 726 1435 782 exhibentes
1468 723 1790 782 cliaritatettt
1820 767 1835 792 ,

252 815 636 869 misericordes
660 816 1015 881 exsistentes,
1065 827 1121 869 ut
1156 817 1414 872 Dominus
1452 820 1615 873 etiam
1653 831 1837 875 nostra

253 914 523 974 praeparet
550 907 709 959 corda
742 907 810 961 ad
840 923 936 960 sua
988 910 1237 963 mandata
1272 910 1517 966 facienda
1565 928 1741 983 usque
1771 913 1839 967 ad

254 998 399 1054 diem
422 999 877 1056 manifestationis
897 999 1081 1070 plnum
1110 1001 1292 1072 gloria:
1327 1019 1422 1074 per
1450 1002 1633 1061 Jesum
1681 1004 1841 1061 Cbri-

324 1125 372 1157 ⁸³
403 1124 559 1182 Rom.
587 1144 707 1191 xm,
740 1130 823 1183 l0.

1947 552 2063 596 trrs
2089 557 2225 612 quos
2263 542 2450 612 diligo,
2500 555 2596 609 per
2633 536 2814 592 Jesum
2858 536 3132 590 Christum
3162 552 3174 587 :
3208 533 3291 587 cui
3315 532 3522 602 gloria,

1946 640 2001 685 et
2040 636 2212 688 honor
2255 649 2319 686 rx
2373 646 2535 697 nunc,
2569 639 2623 685 et
2654 629 2799 683 omni
2845 639 3108 697 tempore,
3148 635 3204 680 et
3236 626 3287 678 in
3328 622 3523 680 saecula

1943 727 2285 780 saeculorum.
2317 727 2511 779 Amen.

1939 816 2193 883 Compleri
2238 827 2357 870 sunt
2396 816 2577 883 viginti
2607 813 2886 868 Sermones
2921 810 3297 877 sapientissimi
3342 809 3521 883 Patris

2012 890 2177 941 nostri
2227 886 2287 942 S.
2328 882 2544 939 Antonii
2594 886 2819 950 abbatis,
2865 882 3239 937 monachorum
3291 882 3523 935 omnium

2009 960 2288 1081 parentish
2307 958 2561 1010 Dominus
2593 956 2761 1009 nostri
2804 971 2896 1022 per
2924 952 3037 1023 ejus
3071 953 3333 1006 orationes
3362 951 3524 1005 mise-

2017 1038 2216 1081 reatur.
2298 1043 2432 1080 men.

2017 1038 2216 1083 realur.
2247 1038 2432 1081 Amen.

1156 1440 1276 1547 Β.
1369 1436 1888 1550 PATRIS
1977 1440 2635 1585 ANTONII,

937 1652 1283 1713 MERITO
1338 1657 1665 1723 MAGNI,
1726 1656 2132 1713 ABBATIS
2191 1658 2837 1728 SANCTISSI‘MI,

1503 1830 2031 1911 EPISTOLZE
2109 1834 2290 1923 νη,

865 2012 954 2070 Et
989 2010 1207 2073 Graeco
1242 2011 1465 2074 Latine
1515 2012 1798 2084 rodvlitm,
1844 2012 2192 2091 interprete
2244 2014 2498 2075 Valerio
2547 2013 2932 2074 deSarasio.

841 2305 1177 2361 EPISTOLA
1218 2311 1259 2361 f.

784 2412 851 2451 AD
891 2414 1133 2453 FRATRES
1174 2416 1322 2456 $008.

340 2489 378 2541 l".
422 2487 658 2542 Primum
709 2489 887 2545 saluto
932 2508 1025 2545 vos
1073 2493 1125 2545 in
1160 2493 1404 2547 Domitio.
1456 2493 1722 2546 Existimo
1757 2509 1846 2544 att-

262 2595 375 2640 tcm
421 2584 632 2640 animas
678 2602 1032 2658 quascunque
1084 2591 1497 2659 apprehenderit
1550 2594 1721 2662 gralizt
1758 2593 1847 2649 Dei

266 2677 510 2731 vocantis
546 2679 612 2730 ad
661 2679 1097 2747 praedicationem
1151 2698 1303 2735 suam
1336 2697 1433 2751 per
1472 2685 1692 2736 vet-hum
1730 2699 1851 2753 pto-

266 2770 462 2838 prium,
500 2770 702 2825 habere
732 2779 839 2826 tres
883 2772 1089 2836 modos,
1130 2788 1220 2825 seu
1259 2774 1526 2828 masculos
1554 2791 1648 2828 seu
1680 2776 1834 2828 fumi-

266 2876 384 2916 nas.
427 2861 654 2927 Quidam
720 2864 861 2914 enim
904 2875 1000 2931 per
1058 2866 1522 2917 testamentarium
1576 2863 1744 2932 legem
1801 2873 1855 2918 et

267 2955 493 3008 inditum
534 2954 587 3007 in
619 2954 699 3008 eis
733 2954 898 3008 semel
933 2957 1157 3019 bonum,
1191 2973 1219 3009 a
1260 2956 1432 3026 prima
1465 2958 1546 3011 sui
1584 2958 1852 3011 conditio-

268 3063 336 3098 ne
382 3045 690 3115 pcrtingere
738 3048 902 3100 verbo
950 3047 1044 3120 Dei
1082 3048 1146 3106 ad
1179 3028 1513 3101 eosunorati
1563 3063 1668 3102 non
1702 3056 1851 3109 sunt,

269 3138 368 3193 sed
422 3146 785 3212 perrexerunt
831 3137 1013 3211 parati
1054 3152 1174 3190 cum
1213 3154 1300 3200 eo,
1352 3138 1509 3192 sicuti
1564 3150 1619 3192 et
1673 3148 1858 3193 noster

272 3235 589 3299 progenitor
618 3232 921 3300 Abraham;
952 3232 1037 3286 cui
1083 3235 1276 3301 primo,
1315 3234 1439 3301 quia
1480 3234 1721 3302 porrexit
1769 3233 1856 3286 in-

268 3324 522 3394 daginem
558 3321 698 3376 Deus
748 3340 842 3391 per
887 3326 1351 3378 tcstamentariam
1393 3324 1584 3393 legem,
1614 3324 1860 3394 apparuit

272 3416 460 3469 dicens
487 3434 501 3470 :
525 3414 625 3469 Exi
656 3415 720 3468 de
741 3425 883 3470 terra
929 3428 1021 3468 tua
1050 3428 1096 3470 et
1125 3417 1188 3470 de
1216 3419 1527 3487 cognatione
1559 3429 1670 3480 tua,
1713 3426 1761 3469 et
1796 3417 1859 3468 de

270 3508 433 3559 domo
474 3506 635 3573 patris
673 3506 771 3574 tui,
807 3517 856 3560 et
904 3509 1017 3560 t-eni
1053 3508 1123 3561 ad
1158 3490 1353 3561 terram
1395 3525 1552 3579 quam
1586 3509 1869 3562 ostendero

273 3596 454 3648 tibi“.
500 3603 568 3651 At
599 3598 685 3651 ille
718 3599 771 3651 in
804 3598 953 3651 nullo
996 3600 1273 3663 haesitans,
1307 3610 1523 3668 paratus
1556 3598 1651 3652 fuit
1683 3604 1730 3651 in
1763 3615 1859 3650 vo-

271 3685 508 3739 cationc.
548 3685 643 3757 llic
677 3702 855 3743 autem
909 3690 1077 3758 ﬁgura
1126 3701 1245 3744 erat
1293 3693 1482 3758 prima:
1525 3691 1649 3742 vitm
1699 3667 1934 3755 hujusc

276 3776 657 3846 institutionis,
711 3796 830 3851 qua:
882 3798 1026 3835 nunc
1078 3797 1249 3851 usque
1291 3783 1529 3852 persistit
1566 3782 1616 3833 in
1662 3784 1740 3835 eis
1769 3783 1863 3849 qui

275 3866 395 3935 cjus
427 3883 729 3940 sequuntur
751 3874 996 3942 vestigia.
1034 3872 1185 3929 Unde
1204 3884 1255 3927 et
1280 3875 1474 3928 itermn
1499 3873 1542 3926 si
1567 3874 1761 3926 animm
1784 3877 1863 3926 sic

276 3960 585 4014 sustineant
619 3972 673 4015 et
705 3962 775 4015 ita
819 3964 1047 4033 egerint,
1079 3962 1235 4018 facile
1263 3965 1479 4018 easdem
1517 3965 1742 4019 virtutes
1773 3980 1861 4018 as-

278 4064 516 4113 sutueut,
558 4071 622 4107 eo
655 4055 794 4123 quod
833 4067 1017 4121 parata
1072 4057 1178 4110 sint
1215 4058 1375 4111 corda
1427 4071 1614 4109 earum
1666 4056 1861 4125 repleri

280 4144 484 4215 Spiritu
523 4144 636 4199 Dei.
681 4147 741 4199 Et
790 4149 903 4202 haec
955 4149 1224 4209 institutio
1288 4150 1481 4218 prima.
1541 4148 1676 4213 lluic
1732 4164 1861 4204 vero

280 4236 516 4293 secunda
553 4237 766 4298 exsistit
793 4238 857 4292 de
901 4240 967 4293 iis
999 4239 1089 4309 qui
1122 4240 1349 4293 audiunt
1380 4240 1640 4309 scriptam
1691 4239 1887 4309 legem.

282 4318 661 4383 testiﬁcmtem
692 4332 771 4383 eis
815 4332 1067 4385 universa
1117 4332 1376 4400 supplicia
1411 4347 1528 4407 qua:
1564 4334 1867 4401 peccatori-

280 4419 381 4475 bus
412 4434 807 4489 pra-parantur,
837 4430 891 4477 et.
938 4424 1345 4477 annuntiantem
1390 4426 1454 4478 de
1497 4427 1698 4479 sanctis
1743 4440 1867 4494 pro-

283 4512 637 4569 missiOnibus
673 4514 738 4567 ad
776 4528 867 4569 eos
915 4515 1005 4583 qui
1065 4516 1372 4584 proficiunt,
1424 4516 1620 4584 quibus
1667 4527 1722 4570 et
1770 4531 1868 4586 per

284 4605 593 4658 testimonia
630 4605 902 4675 inscripta:
956 4606 1088 4676 legis
1128 4610 1309 4663 sobria
1342 4607 1595 4663 voluntas
1627 4609 1863 4674 exsistit,

281 4708 333 4751 et
367 4715 464 4775 per
502 4699 640 4773 hanc
665 4701 994 4767 qttasieritnt
1033 4702 1235 4755 intrare
1264 4701 1315 4754 in
1351 4700 1634 4755 vocatione
1669 4717 1868 4755 vocan-

283 4792 373 4844 tis.
420 4792 511 4843 Sic
555 4801 607 4845 el
654 4792 819 4846 David
868 4792 1190 4847 testiﬁcatur
1234 4794 1460 4847 dicens:
1494 4791 1602 4847 Lex
1655 4791 1869 4847 Domini

281 4884 651 4949 immaculata,
694 4899 995 4940 convertens
1027 4886 1233 4940 animos
1260 4885 1323 4939 ⁸⁷.
1361 4886 1422 4940 Et
1454 4888 1505 4939 in
1544 4888 1644 4940 hoc
1678 4887 1866 4941 eodem

285 4975 446 5028 locu:
481 4977 804 5042 Declaratio,
839 4977 1032 5047 inquit,
1072 4995 1367 5033 sermonum
1415 4990 1624 5033 tuorum
1667 4978 1867 5034 illumi-

287 5079 401 5132 nat,
426 5079 483 5137 et
515 5069 836 5124 intellectum
862 5071 950 5123 dat
979 5069 1212 5140 parvulis
1236 5070 1301 5124 ⁸⁸.
1335 5069 1441 5124 Sed
1470 5081 1522 5125 et
1566 5070 1668 5124 alia
1706 5085 1869 5140 quam

288 5162 549 5231 plurima,
581 5164 646 5216 de
690 5165 887 5234 quibus
940 5165 1103 5227 modo
1134 5181 1238 5219 non
1270 5180 1558 5235 possumus
1588 5179 1868 5219 enarrare.

288 5254 461 5309 Porro
500 5257 671 5315 tertia.
708 5257 975 5313 inStitutio
1021 5267 1123 5322 est,
1159 5256 1212 5310 in
1254 5272 1360 5326 qua
1415 5256 1565 5310 duris
1616 5254 1871 5309 cordibus

288 5362 434 5417 saepe
471 5348 612 5401 inter
638 5350 765 5402 vitia
797 5359 852 5404 et
893 5350 945 5402 in
977 5348 1184 5418 peccati
1220 5348 1474 5417 operibus
1505 5347 1873 5416 permanenti-

290 5439 414 5504 bus,
447 5441 737 5510 aliquoties
771 5442 1036 5512 benignus
1073 5439 1216 5497 Deus
1259 5440 1425 5496 infert
1454 5440 1667 5495 labores
1695 5441 1761 5492 ad
1787 5440 1871 5493 iu-

290 5536 643 5603 crepandum,
686 5535 857 5589 donec
906 5533 1146 5589 sentiant
1187 5547 1282 5603 per
1312 5546 1633 5597 arumnam,
1669 5537 1722 5585 et
1753 5544 1875 5600 pat-

290 5621 533 5678 uitentes
562 5638 627 5677 cx
658 5632 789 5690 toto,
825 5623 1157 5696 accipientes
1186 5630 1241 5675 et
1267 5621 1367 5692 ipsi
1398 5621 1649 5685 virtutes,
1683 5634 1875 5689 quem-

363 5757 407 5788 "
436 5760 573 5817 Gen.
607 5776 706 5828 xtl,
741 5764 787 5818 Ι.
865 5764 906 5795 ⁸⁷
934 5761 1076 5820 Psal.
1124 5777 1278 5826 xvrtt,
1309 5762 1360 5817 8-

1885 2315 1929 2372 ιι
1963 2312 2251 2366 adm‘odum
2288 2320 2339 2366 et
2374 2313 2447 2366 illi
2476 2313 2540 2367 de
2584 2312 2778 2379 quibus
2808 2311 3061 2381 prmdixi.
3108 2310 3199 2365 liae
3226 2311 3387 2382 igitur
3412 2322 3539 2366 sunt

1956 2405 2388 2468 introductimies
2432 2414 2542 2458 tres
2585 2405 2636 2457 in
2684 2404 2967 2457 animabus
3000 2419 3117 2473 quae
3150 2404 3215 2456 ad
3247 2402 3539 2472 pwnitndi-

1956 2511 2074 2549 nem
2119 2497 2365 2562 veniunt,
2402 2498 2573 2552 donec
2611 2496 2985 2565 adipiscantur
3013 2495 3243 2566 gratiam
3276 2504 3330 2548 et
3376 2510 3537 2550 voca-

1956 2590 2155 2641 tionem
2188 2587 2310 2642 Filii
2349 2588 2468 2643 Dei.

2025 2681 2087 2735 ll.
2130 2682 2236 2735 Sed
2279 2691 2406 2750 puto
2447 2681 2590 2750 quod
2626 2695 2719 2733 cos
2767 2679 2914 2748 prius
2965 2687 3115 2732 vocet
3163 2678 3416 2747 Spiritus,
3447 2678 3537 2747 qui

1958 2772 2339 2843 ingrediuntur
2391 2786 2456 2825 cx
2507 2781 2616 2825 toto
2677 2772 2841 2826 corde
2875 2780 3173 2834 certamen,
3206 2769 3541 2822 etordinaut

1956 2864 2281 2932 semetipsos
2329 2863 2394 2916 ad
2431 2862 2813 2917 sustinendum
2858 2863 2910 2915 in
2948 2860 3094 2914 omni
3127 2859 3423 2913 luctatione
3447 2859 3548 2912 ad-

1957 2954 2208 3019 versarii,
2238 2955 2408 3008 donec
2443 2954 2737 3008 devincant
2781 2969 2930 3006 cum.
2960 2950 3189 3006 Praesmt
3225 2966 3351 3005 vero
3379 2949 3457 3005 eis
3486 2959 3544 3004 ct

1957 3032 2280 3101 lenitate'in
2331 3047 2583 3100 onmibus
2616 3044 2812 3111 juvans
2841 3058 2933 3098 eos
2980 3042 3243 3110 Spiritus,
3278 3052 3335 3095 ut
3366 3040 3540 3095 incul-

1958 3154 2153 3198 centur
2216 3144 2269 3197 in
2320 3142 2427 3197 illis
2474 3156 2639 3212 opera
2693 3139 3062 3217 poenitentiae;
3102 3138 3251 3208 ponit
3296 3137 3374 3191 eis
3429 3145 3541 3190 ter-

1962 3239 2137 3292 minos
2173 3252 2269 3307 per
2318 3236 2537 3293 modum
2577 3235 2864 3305 quemdam
2913 3231 3265 3303 paenitudinis
3320 3231 3371 3285 in
3421 3245 3544 3285 cor-

1960 3344 2092 3399 pore
2117 3339 2170 3384 et
2196 3331 2377 3383 anima
2418 3343 2628 3393 eorum,
2663 3340 2945 3397 usquequo
3000 3326 3195 3379 doceat
3230 3338 3325 3378 eos
3381 3322 3542 3377 etiam

1960 3424 2332 3479 conversionis
2390 3425 2607 3478 modum
2680 3423 2745 3475 ad
2820 3420 3155 3476 conditorem
3226 3418 3544 3490 proprium,

1967 3517 2130 3571 Deum
2157 3532 2171 3569 :
2200 3531 2415 3572 nccnon
2457 3525 2513 3570 et
2564 3516 2769 3583 praebet
2803 3514 2883 3568 eis
2910 3513 3191 3573 violentim
3221 3510 3547 3581 compulsio-

1966 3623 2085 3661 uem
2122 3610 2173 3662 in
2214 3608 2395 3662 anima
2433 3608 2828 3662 discurrentem
2866 3614 2921 3659 et
2948 3617 3196 3671 corpore,
3227 3611 3285 3655 ut
3320 3612 3555 3669 utraque

1965 3700 2295 3754 sanetiiicari
2337 3709 2675 3769 queantput
2722 3699 2911 3751 eodem
2967 3696 3127 3748 modo
3179 3694 3544 3746 haereditatem

1967 3801 2194 3860 utraque
2223 3799 2439 3844 sumant
2467 3806 2481 3841 :
2514 3804 2710 3859 corpus
2743 3785 2959 3855 quidem
2999 3785 3050 3837 in
3089 3782 3310 3851 jejuniis
3340 3780 3547 3835 crebris

1966 3894 2020 3937 et
2055 3882 2287 3949 vigiliis;
2348 3882 2528 3935 anima
2569 3895 2695 3934 vero
2744 3879 2797 3932 in
2843 3876 3036 3946 spiritu
3092 3884 3255 3942 atque
3301 3872 3546 3937 solertia,

1969 3974 2290 4029 ministeriis
2330 3987 2547 4042 quoque
2597 3985 2715 4040 qua}
2769 3967 2898 4021 facit
2940 3969 2991 4020 in
3036 3972 3288 4034 corpore.
3330 3954 3570 4019 Conan-i

1967 4070 2091 4122 dum
2129 4068 2229 4122 hoc
2260 4069 2312 4121 in
2337 4065 2485 4119 omni
2513 4061 2932 4117 fructiﬁcatione
2963 4056 3192 4112 carnali.

2038 4160 2143 4219 Ill.»
2175 4158 2409 4229 Spiritus
2432 4172 2647 4228 quoque
2678 4153 3011 4225 paenitentia:
3043 4150 3303 4205 deductor
3324 4147 3549 4203 ellicitur

1970 4256 2021 4307 in
2062 4253 2199 4316 istis,
2240 4260 2295 4305 et
2338 4258 2506 4305 tentat
2551 4246 2771 4318 eumin
2803 4246 2908 4309 bis,
2937 4258 3002 4297 ne
3040 4256 3144 4311 qua
3169 4241 3238 4295 sit
3269 4239 3549 4293 inimicitia

1970 4345 2036 4398 ad
2086 4347 2507 4400 court-nendum
2545 4341 2682 4395 forte
2735 4348 3052 4394 retrorsum.
3098 4334 3235 4389 Tum
3271 4348 3402 4386 vero
3460 4331 3549 4385 ille

1970 4432 2232 4491 deductor
2265 4436 2499 4505 Spiritus
2532 4433 2721 4503 incipit
2752 4430 3033 4502 adaperire
3060 4429 3255 4483 animae
3277 4424 3464 4481 oculos
3486 4424 3552 4477 ad

1930 4597 1938 4605 .
1971 4530 2348 4599 pmnitentiam
2383 4528 2768 4591 exhibendam,
2801 4534 2854 4578 et
2890 4535 2947 4577 ut
2979 4523 3360 4578 sanctilicetur
3385 4523 3577 4575 etiam.

1970 4629 2181 4679 sensus,
2234 4616 2629 4679 districtionem
2683 4613 3067 4673 intermediam
3098 4676 3103 4679 η
3134 4614 3359 4680 praebet,
3416 4610 3553 4663 inci~

1968 4711 2124 4780 piens
2156 4709 2335 4764 doceri
2363 4725 2392 4762 a
2422 4709 2631 4780 Spiritu
2681 4706 3032 4767 sanctiﬁcare
3069 4704 3316 4773 corporis
3345 4712 3399 4756 ct
3434 4701 3553 4754 ani-

1974 4813 2074 4853 uite
2107 4798 2479 4868 paenitentiam
2528 4811 2691 4852 sensu
2734 4794 2929 4849 edocto
2964 4808 3060 4861 per
3096 4790 3355 4865 Spiritum
3389 4790 3553 4843 dedu—

1973 4898 2180 4943 centem
2207 4903 2302 4941 nos
2322 4887 2388 4941 ad
2410 4887 2536 4941 illud
2558 4886 2752 4940 anima:
2776 4885 3125 4954 corporisque
3149 4881 3437 4951 agentium,
3461 4879 3553 4947 qui
3598 4898 3613 4906 -

1901 5005 1945 5060 Β
1974 4975 2328 5039 sanctificans
2361 4975 2540 5028 omnia
2601 4989 2664 5029 ac
2693 4973 3094 5027 districtioncm
3138 4970 3383 5037 praebens
3411 4979 3467 5024 ut
3502 4977 3555 5023 et

1979 5066 2162 5121 carnis
2198 5068 2490 5121 misceatur
2541 5066 2749 5121 fructus
2781 5068 2848 5119 ad
2883 5064 3134 5118 universa
3179 5062 3423 5131 corporis
3461 5077 3553 5115 na~

1981 5160 2192 5222 turalia,
2254 5175 2321 5215 ex
2378 5159 2575 5228 quibus
2631 5157 2987 5229 transgressio
3045 5156 3179 5223 fuit;
3232 5164 3288 5210 et
3340 5156 3556 5210 adducit

1981 5251 2396 5321 unumquodque
2439 5265 2726 5320 corporum
2808 5248 3133 5303 naturalium
3191 5247 3257 5300 ad
3316 5247 3554 5317 priorem

1980 5343 2367 5401 conditionem.
2413 5357 2518 5395 non
2572 5341 2776 5396 habens
2831 5339 3035 5410 aliquid
3066 5338 3299 5393 alienum
3342 5348 3435 5393 aut
3464 5337 3551 5393 ho-

1981 5434 2106 5489 stile
2138 5433 2382 5503 spiritus.
2432 5431 2643 5501 Corpus
2672 5430 2936 5501 siquidem
2984 5429 3246 5500 redigitur
3271 5427 3373 5483 sub
3402 5438 3558 5497 pote-

1982 5535 2176 5581 statem
2200 5540 2393 5582 sensus
2422 5525 2639 5579 doctum
2676 5538 2703 5576 a
2731 5522 2923 5592 spiritu
2957 5523 3253 5579 secundum
3280 5523 3554 5593 eloquium

1982 5615 2130 5672 Pauli
2162 5635 2175 5670 :
2208 5614 2436 5671 Obculco
2485 5629 2671 5683 corpus
2716 5627 2907 5678 nterim,
2942 5624 2990 5667 et
3037 5612 3091 5666 in
3143 5614 3444 5668 servitutem
3477 5627 3562 5663 re-

1437 5760 1482 5793 "
1521 5758 1663 5815 Psal.
1691 5774 1879 5827 cum,
1910 5759 2038 5816 l30..
