3990 6210
518 337 620 390 9Το

1635 334 1903 388 PATiiES
1943 327 2235 386 AiGYI‘Tll
2279 323 2542 381 SJ‘LLULI
2582 324 2671 380 IV.

3635 309 3724 365 980

520 451 724 520 digii".
782 448 1042 516 Queniaia
1109 463 1235 502 vero
1283 463 1472 504 sensus
1525 462 1684 504 antea
1744 453 2089 516 semetipsum
2125 457 2164 507 Α
2198 454 2383 506 tatem,
2409 441 2664 512 quoniam
2695 437 3000 508 hujusmodi
3044 434 3262 501 languor
3306 423 3725 520 insederateidns

523 535 827 590 sanctillcat
875 535 929 588 in
981 535 1123 587 escis
1150 545 1202 587 et
1229 537 1593 602 potationibus
1621 554 1650 592 a
1688 554 1900 606 sopore,
1928 537 2094 591 semel

524 642 587 678 ac
632 622 950 690 simpliciter
1008 625 1059 676 in
1112 625 1318 678 cunctis
1371 629 1603 681 motibus
1638 630 1773 693 suis,
1812 631 2011 697 quique
2042 639 2095 680 et

527 715 826 769 naturalem
859 715 1099 784 c0pulain
1128 731 1504 788 segregaverat
1533 721 1951 776 sanctiﬁcationi
1975 735 2097 788 pro-

525 808 673 876 prite.

600 896 687 953 IV.
742 898 880 954 Reor
906 913 1082 953 autem
1129 901 1240 970 (Η)
1295 913 1402 956 tres
1443 906 1686 974 corporis
1736 915 1912 958 motus
1953 905 2097 956 exsi-

529 1000 695 1044 strre.
735 990 788 1044 lu
828 994 942 1062 ipso
981 994 1124 1046 enim
1169 1006 1250 1047 est
1296 996 1542 1050 naturale
1591 999 1836 1065 corporis
1883 1012 2100 1049 concre-

530 1091 640 1130 tum
679 1081 788 1146 illi;
831 1085 970 1150 quod
1007 1095 1180 1136 tamen
1217 1100 1320 1138 non
1357 1097 1614 1154 operatur
1661 1097 1752 1141 aut
1791 1088 1952 1140 cllicit
2001 1090 2098 1140 ali-

527 1167 653 1233 quid
708 1170 824 1223 sine
871 1173 1062 1223 anitum
1119 1172 1415 1238 voluntate,
1454 1176 1553 1228 nisi
1617 1179 1756 1244 quod
1799 1178 2001 1246 judirat
2046 1180 2096 1230 in

529 1273 756 1327 corpore
785 1260 979 1313 solum.
1021 1260 1151 1314 Nam
1185 1272 1238 1316 et
1281 1265 1416 1319 alius
1445 1275 1626 1320 motus
1671 1267 1881 1320 exsistit
1912 1283 1974 1319 ex
2010 1284 2099 1334 pa-

527 1363 611 1400 stu
642 1352 884 1420 corporis
915 1354 1202 1408 multorum
1235 1356 1477 1410 ciborum
1505 1373 1568 1412 ac
1598 1369 1840 1426 potuum,
1881 1377 1944 1413 ex
1978 1360 2094 1426 qui~

531 1445 630 1491 tus
675 1440 951 1496 adinllatio
987 1445 1262 1512 sanguinis
1307 1459 1447 1510 orta,
1480 1462 1578 1516 per
1627 1464 1780 1502 escas
1829 1457 2101 1518 Oppugnat

533 1532 690 1582 totius
737 1533 927 1588 anima)
965 1551 1163 1606 corpus
1197 1538 1476 1606 epularum
1539 1540 1841 1604 sumptione
1890 1556 2100 1608 permo-

532 1633 662 1675 tum.
697 1625 774 1678 0h
803 1626 902 1681 hoc
936 1637 988 1681 et
1019 1630 1306 1697 Apostolus
1337 1632 1410 1685 ait
1441 1647 1453 1682 :
1483 1629 1662 1684 Nolite
1685 1631 1934 1686 inebriari
1958 1632 2099 1695 vino,

530 1715 582 1766 in
608 1731 708 1784 quo
743 1728 818 1770 est
851 1718 1146 1772 ltta'ttriu“.
1182 1720 1381 1776 Deinde
1422 1721 1648 1776 Domino
1699 1725 1980 1778 nuntiante
2020 1725 2101 1777 di-

2203 539 2352 602 dum,
2383 547 2440 589 ut
2471 535 2670 605 quibus
2701 529 3018 602 :rgrotabat,
3051 541 3114 580 es
3165 521 3292 590 ipsis
3321 531 3522 586 semper
3555 515 3725 583 aliquid

2205 628 2538 696 loqueretur,
2581 623 2804 678 tradens
2858 620 3056 682 linguae
3095 610 3384 681 promenda
3427 616 3724 678 organo,ut-

2207 730 2329 788 pote
2377 716 2610 772 exstanti
2659 715 2783 770 sibi.
2826 713 2928 766 llic
2967 724 3095 778 ergo
3132 707 3357 774 languor
3405 700 3725 788 abundantius

2207 787 2577 877 maguiiicMus
2628 814 2712 860 est
2754 803 2827 858 illi
2863 801 2918 855 iu
2957 799 3057 853 boc
3092 795 3331 849 membro
3359 787 3498 859 quod
3534 797 3609 840 est
3646 787 3727 839 liii-

2207 917 2326 970 gua.
2356 899 2510 955 Unde.
2534 909 2587 951 et
2613 896 2846 952 Jacobus
2871 889 3144 961 apostolus
3171 885 3485 940 testiﬁcatur
3514 900 3528 935 :
3557 879 3612 934 Si
3638 881 3730 948 quis

2207 995 2444 1049 rideatur
2496 991 2770 1058 religiosus
2827 1000 2957 1044 esse,
3016 997 3117 1034 non
3169 977 3437 1044 refrenari:
3500 971 3732 1039 prapriam

2208 1087 2463 1154 linguam,
2515 1081 2848 1147 semetipsum
2906 1075 3066 1145 fallit,
3110 1083 3157 1125 et
3213 1071 3369 1137 hujus
3415 1064 3586 1133 religio
3623 1077 3732 1118 rana

2205 1187 2278 1230 est
2309 1176 2375 1228 ’³.
2409 1175 2662 1241 Idemque
2691 1171 2762 1225 ibi
2791 1169 2904 1222 ait:
2944 1166 3010 1219 Et
3044 1165 3220 1232 lingua
3262 1175 3418 1228 parva
3459 1165 3549 1215 est,
3582 1169 3732 1204 macu-

2206 1269 2320 1320 lans
2356 1277 2516 1318 totum
2569 1261 2847 1328 corpus";
2895 1267 2948 1313 et
2994 1257 3097 1310 alia
3147 1252 3312 1308 multa
3347 1263 3461 1318 qnte
3502 1262 3595 1301 non
3635 1259 3734 1314 pos-

2209 1374 2324 1410 sum
2376 1355 2610 1424 adjicere
2654 1361 2871 1406 concta.
2904 1346 3053 1414 Quod
3082 1345 3124 1399 si
3158 1338 3534 1412 prtevaluerint
3575 1347 3734 1386 sensus

2208 1463 2424 1504 sumere
2474 1446 2541 1499 ab
2582 1443 2798 1515 spiritu,
2864 1441 2977 1510 ipse
3027 1438 3176 1508 prius
3225 1427 3736 1488 sanctilicabiturzct

2211 1543 2421 1596 tandem
2462 1548 2808 1608 perscrutans
2851 1545 3150 1591 sermones,
3193 1527 3370 1579 tradet
3407 1522 3608 1590 quidem
3637 1531 3735 1584 pm-

2210 1637 2340 1706 pria:
2368 1635 2580 1704 lingua),
2604 1634 2694 1686 sed
2728 1629 2863 1683 nihil
2893 1627 3151 1680 bibentes
3179 1633 3425 1689 pravum,
3467 1623 3550 1708 aut
3576 1610 3735 1708 ωιίιιιῗε

2211 1701 2594 1790 voluntarium,
2627 1738 2722 1794 per
2753 1736 2872 1790 qua:
2923 1717 3143 1772 verbum
3185 1707 3488 1765 Salomonis
3533 1701 3735 1770 implebi-

529 1805 752 1874 scipnlis
773 1809 885 1862 suis
919 1810 969 1863 iu
1002 1810 1318 1880 Evangelio,
1347 1814 1546 1865 dicitur
1581 1831 1594 1866 :
1638 1813 1820 1868 Videte
1844 1831 1904 1868 ne
1938 1832 2107 1884 quan-
2140 1809 2180 1864 Β
2215 1831 2300 1875 tur
2344 1820 2575 1874 dicentis
2606 1837 2618 1870 :
2652 1815 2758 1869 Mei
2809 1825 3070 1866 sermones
3123 1806 3252 1859 dicti
3295 1815 3412 1856 sunt
3448 1818 3477 1852 a
3509 1796 3622 1857 Deo,
3666 1808 3736 1843 nec

531 1897 598 1947 a'o
647 1910 928 1967 graventur
975 1904 1133 1954 COl‘d'l
1183 1915 1349 1956 vestra
1402 1907 1455 1958 in
1491 1923 1608 1959 esca
1651 1918 1696 1958 et
1738 1917 1866 1974 potu
1891 1908 1960 1970 9‘,
1992 1908 2106 1961 sive

533 1987 758 2042 deliciis.
789 1991 1189 2059 Inquirentibus
1233 1997 1533 2064 praisertim
1565 2013 1869 2051 mensuram
1905 1999 2105 2052 sancti-

535 2080 824 2142 ticationis,
865 2082 1100 2136 debitum
1158 2095 1239 2138 i-st
1295 2086 1434 2138 istud
1469 2085 1660 2140 eﬂerre
1694 2105 1706 2139 :
1737 2086 1948 2158 Castigo
1989 2105 2105 2140 cor-

534 2187 628 2223 nus
679 2188 871 2233 meum,
903 2186 950 2226 et
993 2174 1046 2227 iu
1096 2178 1394 2230 seruitutem
1441 2177 1614 2247 redigo
1633 2179 1699 2230 ".
1725 2179 1938 2235 Tertius
1980 2195 2108 2234 vero

537 2273 712 2315 motus
762 2273 843 2317 est
887 2266 1170 2334 spirituum
1223 2271 1581 2338 malignorum
1641 2273 1960 2325 tentantiuui
2014 2290 2109 2342 per

536 2355 783 2421 livorem,
829 2373 890 2411 ac
937 2359 1228 2414 volentium
1271 2361 1606 2416 ﬂaccidiores
1638 2364 1846 2418 elliccre
1887 2378 1981 2417 eos
2018 2365 2104 2431 qui

536 2457 801 2502 i-ouantur
864 2453 1204 2508 sanctilieare
1249 2457 1594 2525 semetipsos.
1645 2455 2024 2510 Verumtamen
2064 2457 2106 2508 si

539 2542 588 2591 in
621 2539 811 2596 iisdem
843 2543 1014 2597 tribus
1043 2547 1213 2600 modis
1238 2549 1504 2602 sustineat
1551 2549 1728 2601 anima
1765 2550 2107 2616 semetipsum

541 2631 862 2688 trslitl’tOllilS
904 2636 1099 2703 quibus
1148 2638 1375 2706 spiritus
1424 2640 1667 2698 docuerit
1708 2653 1952 2701 sensum,
1985 2654 2110 2691 san-

537 2723 868 2780 catilicabitur
893 2727 942 2779 in
980 2740 1210 2798 utroque
1237 2730 1303 2783 ab
1334 2730 1421 2784 illo
1453 2730 1706 2799 languore
1740 2731 1990 2785 tril‘ormi.
2015 2732 2108 2783 δίη

546 2831 671 2864 ιιϊιι
717 2815 985 2871 dimiserit
1039 2822 1387 2887 semetipsum
1461 2836 1652 2874 sensus
1722 2839 1748 2873 a
1795 2822 2112 2875 testimoniis

541 2907 735 2970 quibus
767 2907 992 2976 spiritus
1022 2911 1341 2964 testilicatur
1367 2915 1448 2976 ei;
1489 2921 1611 2965 tunc
1641 2912 1852 2982 maligni
1890 2913 2110 2979 Spiritus

540 3003 963 3066 supersederunt
997 3005 1405 3074 congregationi
1431 3005 1692 3072 corporis,
1723 3014 1775 3060 et
1801 3015 2110 3076 Oppugnant

544 3091 633 3142 illo
674 3102 823 3146 motu
865 3106 1032 3158 usque
1079 3094 1202 3144 dum
1251 3095 1427 3146 anima
1474 3091 1748 3163 fatigetur,
1790 3101 1842 3143 et
1894 3092 2111 3160 incipiat

547 3184 824 3251 requirere
876 3187 1018 3240 unde
1070 3185 1327 3239 auxilium
1368 3187 1581 3252 veniat;
1631 3199 1996 3251 conversaque
2034 3200 2117 3236 rc-
2145 3163 2188 3221 (ἶ

549 3275 851 3341 prehendat
909 3277 1130 3342 spiritus
1190 3277 1518 3342 testimonia,
1558 3296 1619 3331 ac
1677 3291 1918 3332 sanetur.
1969 3277 2116 3331 Tunc

549 3365 714 3417 etiam
764 3365 812 3418 ei
853 3364 944 3418 dat
977 3367 1118 3434 quod
1166 3368 1322 3421 unica
1361 3371 1431 3424 sit
1476 3370 1688 3432 requies
1734 3369 2051 3440 postulanda
2088 3385 2118 3425 τι

547 3455 676 3516 Deo,
709 3458 763 3505 et
796 3451 917 3519 quia
952 3453 1030 3506 sic
1060 3453 1112 3508 lit
1143 3470 1241 3523 pax
1275 3457 1409 3522 ejus.
1805 3518 1812 3526 ,

625 3540 684 3596 γ.
719 3543 843 3599 lltec
882 3554 1058 3599 autem
1091 3548 1298 3601 asserui
1331 3549 1396 3601 ad
1434 3548 1806 3618 paenitendum
1847 3549 1898 3602 in
1933 3564 2119 3620 corpo-

554 3650 610 3688 re
636 3643 690 3689 et
720 3636 918 3699 anima,
943 3646 996 3693 et
1020 3639 1249 3707 qualiter
1279 3649 1490 3710 oportet
1518 3640 1761 3694 mundari
1789 3655 1905 3694 eam
1932 3657 1946 3706 ;
1974 3655 2120 3693 cuin-

552 3743 655 3795 que
689 3729 978 3796 sumpserit
1023 3729 1124 3792 tale
1159 3741 1458 3796 certamen,
1496 3743 1625 3785 tune
1681 3731 1866 3785 nuntia
1903 3731 2123 3799 spiritus

555 3819 768 3876 adsunt.
805 3830 858 3873 et
891 3819 1078 3888 incipit
1109 3822 1418 3877 discernere
1445 3825 1605 3877 etiam
1633 3823 1976 3892 :ngritudines
2003 3821 2120 3874 ani-

558 3911 722 3964 males
784 3928 901 3979 quae
962 3915 1223 3968 accedunt
1281 3923 1335 3968 et
1382 3931 1478 3985 per
1531 3916 1774 3984 proprias
1803 3915 2120 3985 voluptates.

557 4004 708 4057 Tunc
744 4005 1008 4072 siquidem
1036 4009 1141 4062 erit
1162 4009 1506 4078 participatio
1539 4009 1760 4078 spiritus
1793 4023 1912 4061 cum
1937 4021 2120 4069 sensu,

558 4110 652 4162 per
680 4098 979 4150 custodiam
1012 4099 1384 4152 mandatorum
1413 4115 1531 4166 qua:
1563 4100 1610 4152 ei
1649 4099 1903 4162 tradidit;
1945 4107 1996 4151 et
2027 4097 2123 4151 do-

558 4199 642 4241 cet
677 4204 797 4242 eum
830 4205 1023 4244 curare
1052 4204 1267 4245 omnem
1308 4190 1618 4260 languorem
1655 4189 1882 4258 propria:
1909 4189 2122 4252 animm,

559 4281 978 4350 unumquodque
1031 4297 1217 4335 eorum
1275 4283 1609 4345 discernens,
1665 4292 1719 4332 et
1775 4281 2125 4349 permistioue

559 4379 776 4437 accepta
810 4370 860 4422 in
903 4384 1151 4438 corpore,
1188 4369 1518 4424 naturalium
1547 4386 1609 4424 ac
1645 4369 1976 4438 reliquorum
2007 4383 2125 4436 qum

560 4470 683 4513 sunt
715 4461 1062 4529 peculiariter
1089 4463 1135 4516 ci
1166 4471 1316 4516 extra
1349 4478 1544 4530 corpus
1573 4477 1600 4516 a
1649 4463 1822 4531 capite
1859 4476 2028 4530 usque
2058 4464 2124 4515 ad

562 4553 744 4617 pedes,
792 4553 1064 4621 propriam
1115 4553 1442 4608 voluntatem
1496 4555 1809 4624 permistam
1839 4554 2042 4609 habens
2072 4554 2122 4607 in

564 4645 688 4710 illis,
723 4653 777 4698 et
808 4643 981 4699 oculis
1014 4645 1230 4714 quidem
1267 4647 1556 4701 terminum
1593 4657 1650 4699 ut
1696 4657 1842 4701 recte
1883 4656 1934 4699 et
1959 4645 2127 4700 conli-

563 4735 755 4788 denter
787 4736 1171 4805 conspiciatur,
1223 4737 1354 4791 nihil
1395 4737 1529 4791 ultra
1566 4737 1904 4808 peregrinum
1937 4751 2127 4806 geren-

565 4837 664 4880 tes.
693 4825 893 4882 Deinde
937 4839 991 4882 ut
1029 4843 1184 4882 aures
1207 4829 1425 4882 audiant
1456 4829 1507 4882 in
1535 4842 1687 4897 pace,
1724 4843 1822 4882 nec
1847 4827 2124 4881 oblecten-

564 4930 652 4970 ttll'
683 4919 914 4986 amplius
970 4920 1417 4975 obtrectationem
1461 4934 1523 4974 ac
1563 4919 1922 4973 contumelias
1969 4918 2127 4986 spiri-

565 5009 738 5063 tuales
757 5011 972 5075 audire;
1001 5014 1095 5064 sed
1127 5009 1326 5077 potius,
1359 5019 1417 5062 ut
1459 5012 1696 5062 omnium
1733 5009 2122 5063 correctionem

562 5112 616 5154 et
649 5102 1050 5158 miserationem
1098 5104 1428 5158 incessuram
1479 5119 1588 5174 prae
1631 5103 1774 5156 omni
1821 5099 2127 5156 desiderent

564 5195 943 5260 possessione,
990 5195 1242 5263 quoniam
1308 5196 1360 5248 in
1427 5195 1533 5250 illis
1589 5197 1882 5265 aegrotabat
1951 5195 2120 5262 prius.

566 5285 767 5341 Deinde
817 5301 1000 5341 rursus
1029 5296 1080 5342 ut
1119 5287 1354 5356 linguam
1390 5287 1660 5356 propriam
1702 5287 1892 5339 doceat
1925 5286 2124 5336 sancti—

650 5426 732 5479 ⁸οι
761 5428 886 5482 (lor.
924 5443 995 5486 ις,
1028 5427 1117 5482 e7.
1209 5430 1256 5490 οφ
1281 5429 1473 5498 ιμιιοε.
1509 5444 1562 5489 τι,
1585 5426 1670 5481 ts.

571 5494 610 5522 ⁵⁵
639 5495 792 5577 Prov.
824 5513 938 5560 viti,
967 5499 1020 5554 8.
1085 5501 1129 5529 "
1153 5494 1434 5562 l’rovfxtt,
1468 5500 1553 5552 i8.

568 5579 646 5625 tu,
678 5585 729 5616 ο.

1773 5428 1816 5459 ⁹¹
1853 5425 1980 5480 Luc.
2016 5442 2125 5487 xxi,

639 5681 748 5749 (Η)
788 5681 920 5733 Ileor
953 5695 1148 5748 nutent,
1173 5693 1274 5736 etc.
1309 5685 1518 5736 Citatur
1551 5682 1800 5735 biclot‘us
1826 5683 1891 5733 ab
1916 5691 2132 5732 auctori-

573 5762 803 5824 lerpt‘ete
857 5750 1070 5820 Pelagio
1139 5752 1195 5807 S.
1250 5753 1310 5809 ll.
1368 5755 1425 5808 Ε.

2155 5427 2239 5477 Si.

1645 5499 1686 5528 9’
1718 5497 1856 5551 l’sal.
1895 5513 2010 5550 exc.
2041 5497 2092 5548 2.
2155 5496 2373 5548 "l’rov.
2404 5511 2452 5553 ι,
2485 5494 2536 5547 «ὶ.

2213 1923 2288 1968 est
2323 1914 2373 1966 iu
2401 1912 2507 1964 illis
2535 1907 2734 1978 aliquid
2782 1919 2999 1973 pravum
3037 1911 3190 1968 atque
3227 1891 3596 1965 perplexum".
3623 1885 3733 1978 Idem

2216 2017 2402 2057 rursus
2442 2001 2496 2054 in
2527 1974 2633 2052 alio
2670 1998 2786 2052 loco
2817 1995 2887 2046 ait
2917 2011 2930 2046 ε
2957 1991 3160 2059 Lingua
3191 1985 3500 2055 sapientium
3527 1974 3734 2036 sanat";

2214 2106 2267 2149 et
2299 2094 2399 2148 alia
2429 2107 2590 2162 quam
2627 2089 2885 2159 plurima.
3722 2155 3732 2166 .

2291 2183 2373 2236 Vl.
2420 2181 2620 2236 Deinde
2661 2180 2855 2234 iterum
2899 2188 3156 2229 manuum
3199 2179 3375 2225 motus
3427 2167 3556 2220 intra
3595 2174 3665 2212 me
3700 2171 3733 2208 St

2215 2285 2373 2329 erant
2420 2272 2710 2340 aliquando
2761 2278 2943 2330 mota,
3006 2267 3058 2320 in
3105 2265 3307 2334 quibus
3357 2275 3456 2314 non
3501 2251 3736 2322 oportebat

2219 2367 2412 2420 anima:
2441 2361 2838 2432 voluptatibus;
2873 2359 2966 2413 sed
3000 2370 3142 2410 nime
3175 2354 3228 2407 ei
3267 2351 3482 2420 spirizus
3517 2357 3632 2398 unus
3651 2351 3736 2392 ter-

2218 2457 2386 2514 tninat
2435 2469 2675 2515 sensum,
2718 2459 2775 2504 ut
2814 2450 2866 2504 in
2908 2448 3226 2510 sanctitate,
3277 2444 3329 2496 in
3379 2434 3676 2493 orationibus
3697 2435 3739 2482 et

2220 2547 2608 2603 misericordiis
2643 2552 2981 2604 moveantur,
3018 2535 3441 2604 huiusmodith
3476 2543 3622 2598 Ol'eri'
3644 2537 3738 2592 De"

2221 2642 2420 2696 ticiant.
2459 2639 2595 2705 Quin
2628 2637 2788 2689 etiam
2833 2635 2883 2685 in
2917 2632 3000 2686 his
3048 2629 3177 2682 illud
3221 2625 3485 2700 eloquium
3517 2614 3740 2685 complea-

2221 2743 2306 2786 tur
2345 2731 2651 2786 orationum
2715 2741 2874 2780 causa
2910 2722 3181 2793 prolatum
3223 2717 3494 2772 :Eleralio
3533 2719 3737 2763 mammm

2219 2837 2473 2883 mearum,
2504 2819 2824 2888 sacrificium
2874 2814 3226 2883 vespertinum
3247 2811 3317 2863 ".
3351 2810 3486 2863 Idem
3521 2801 3628 2856 alibi
3655 2796 3736 2850 Sa-

2221 2916 2396 2968 lomon
2428 2931 2440 2968 :
2470 2912 2534 2965 Et
2575 2912 2698 2981 quia
2735 2925 2920 2962 manus
2977 2908 3196 2976 fortium
3235 2897 3547 2956 ditantur".
3579 2894 3738 2956 Sicque

2220 3009 2557 3076 postmodum
2589 3011 2645 3056 ut
2676 3002 2846 3070 ipsam
2879 3013 3056 3053 escam
3081 2997 3296 3050 ventris
3315 3003 3365 3048 et
3391 2999 3558 3062 potum
3584 2995 3736 3080 einun-

2219 3071 2328 3160 det,
2378 3095 2590 3149 etiamsi
2638 3094 2702 3148 ad
2744 3092 3052 3147 satietatem
3090 3087 3171 3142 eis
3214 3095 3425 3149 utatur;
3457 3089 3542 3134 aut
3583 3077 3619 3130 si
3663 3071 3738 3124 ali-

2219 3189 2432 3260 quando
2477 3187 2583 3241 illis
2637 3187 2831 3239 anima:
2865 3183 3114 3251 voluptas
3149 3179 3428 3250 paululum
3486 3174 3533 3226 in
3578 3161 3737 3220 desitis

2223 3283 2316 3337 riis
2362 3281 2546 3345 fuerit,
2579 3281 2933 3333 considerans
2963 3273 3103 3344 quod
3145 3269 3392 3326 nonnulli
3437 3269 3487 3318 in
3535 3260 3738 3356 satietate

2221 3389 2357 3429 esca:
2400 3371 2481 3427 vel
2517 3381 2674 3442 potus
2713 3369 3044 3424 dtemonibus
3083 3360 3529 3434 obtemperarint,
3562 3353 3618 3405 de
3643 3353 3737 3416 qui-

2223 3468 2320 3521 bus
2355 3465 2588 3536 Spiritus
2625 3480 2721 3534 per
2764 3463 2929 3516 David
2970 3461 3084 3514 ait:
3120 3457 3362 3526 Superbo
3397 3449 3537 3539 oculo
3563 3456 3603 3498 et
3625 3443 3740 3539 iusti:

2223 3535 2407 3608 tiabili
2439 3554 2612 3610 corde.
2650 3569 2766 3606 cum
2811 3552 2908 3604 hoc
2960 3565 3060 3602 non
3120 3547 3343 3601 edebant
3363 3543 3428 3594 ”.
3459 3538 3575 3618 Nam
3605 3541 3647 3584 et
3673 3535 3737 3581 isti

2224 3647 2268 3700 si
2325 3646 2517 3700 iterum
2575 3645 2786 3699 Domini
2829 3641 3178 3713 iuquisieriut
3237 3637 3586 3694 sanctitatem,
3612 3624 3740 3721 etiam

2225 3737 2448 3808 spiritus
2494 3753 2704 3792 rursum
2755 3735 3010 3789 terminat
3039 3734 3119 3788 eis
3171 3731 3364 3785 eadem
3414 3720 3738 3779 sanctimonia.

2225 3840 2283 3884 ut
2322 3829 2597 3885 moderate
2627 3838 2682 3881 et
2716 3825 3042 3880 snll‘tcienter
3082 3823 3146 3878 ad
3204 3818 3562 3877 sustinendum
3589 3816 3741 3872 corp"!

2227 3931 2472 3985 utantur,
2515 3929 2566 3974 et
2607 3919 2744 3972 ultra
2788 3934 2892 3972 nou
2941 3918 3176 3972 habeant
3220 3917 3274 3968 in
3310 3928 3374 3966 eo
3419 3900 3744 3968 concupi‘cw'

2228 4015 2355 4068 tiam
2393 4019 2484 4068 aut
2523 4012 2870 4082 voluptatem.
2911 4009 3111 4079 Sicque
3150 4007 3429 4077 eloquium
3464 3994 3599 4052 Pauli
3625 4003 3740 4083 cmit-

2226 4101 2455 4170 plebitur
2489 4100 2752 4153 dicentis:
2783 4100 2902 4153 Sive
2943 4097 3251 4158 comeditis,
3311 4095 3412 4147 sire
3462 4085 3631 4144 bibitis,
3663 4086 3744 4170 ut?

2224 4164 2350 4262 quid
2400 4190 2545 4246 aliud
2592 4191 2785 4260 facitis,
2847 4191 3023 4244 omnia
3085 4189 3136 4242 in
3194 4188 3414 4258 gloriam
3447 4180 3532 4234 Dei
3563 4164 3739 4262 facite‘.

2228 4281 2428 4335 Deinde
2457 4293 2510 4335 et
2547 4283 2628 4336 his
2667 4298 2784 4349 quae
2819 4296 2913 4350 per
2943 4279 3332 4350 cogitationem
3365 4273 3525 4327 coitus
3547 4256 3740 4358 suliab'o

2233 4375 2478 4439 metitur,
2516 4389 2699 4429 rursus
2731 4388 2924 4428 sensus
2957 4374 3021 4426 ab
3057 4371 3254 4441 spiritu
3287 4371 3489 4428 doctus,
3520 4359 3739 4452 discrello-

2230 4482 2350 4520 nem
2405 4466 2595 4521 tribuit
2643 4465 2876 4519 motibus
2919 4479 3105 4517 eorum
3157 4463 3214 4516 in
3267 4453 3572 4528 supradictis
3607 4441 3742 4542 tribus

2231 4559 2420 4622 modis,
2449 4570 2505 4613 et
2544 4557 2792 4612 innititur
2839 4557 2902 4608 ad
2955 4553 3465 4608 sanctiﬁcationcm,
3509 4535 3738 4595 auxiliato-

2229 4665 2340 4704 rem
2394 4649 2640 4720 spiritum
2693 4641 2918 4702 habens.
2972 4646 3351 4716 Exstinguitur
3404 4640 3547 4694 etiam
3595 4631 3740 4678 mollIs

2228 4743 2318 4797 ille
2357 4757 2451 4813 per
2497 4742 2750 4796 virtutem
2804 4740 3026 4809 spiritus
3078 4735 3417 4807 paciﬁcantis
3463 4737 3606 4783 totum
3651 4725 3738 4767 c0f°

2229 4846 2350 4902 pus,
2381 4841 2432 4886 et
2459 4830 2771 4900 perimentis
2806 4837 2974 4883 totum
3011 4828 3155 4882 illum
3189 4836 3412 4881 motum.
3455 4817 3553 4902 lloc
3578 4818 3739 4902 est”

2229 4898 2344 4977 rum
2394 4898 2665 4993 eloquium
2706 4922 2847 4990 quod
2876 4936 2904 4972 a
2956 4919 3120 4972 Paulo
3157 4898 3467 4987 praedictum
3497 4917 3599 4962 est:
3625 4898 3737 4953 Mor-

2232 5017 2485 5087 tiﬁcautes
2537 5014 2766 5067 membra
2819 5023 2986 5065 vestra
3030 5028 3147 5081 qua:
3207 5020 3328 5064 sunt
3384 5017 3525 5071 super
3555 4997 3736 5048 terram:

2232 5105 2655 5173 fornicationem,
2707 5101 3113 5164 immunditiam,
3177 5089 3735 5173 concupiscentiant‘timf

2231 5197 2406 5258 lant”;
2453 5202 2506 5248 et
2543 5211 2659 5263 qum
2700 5194 2969 5259 deinceps.
3018 5191 3106 5246 Sic
3142 5191 3316 5244 denuo
3343 5186 3513 5256 pedes.
3542 5172 3618 5242 ειυῑ
3642 5169 3734 5219 licet

2235 5285 2523 5352 aliquando
2553 5300 2656 5335 non
2699 5293 2852 5334 erant
2883 5280 3144 5334 habentes
3173 5277 3482 5331 incolumem
3514 5271 3733 5335 gressum,

2157 4511 2198 4564 D

3323 5415 3366 5445 ⁸⁵
3386 5411 3492 5466 Jac.
3523 5419 3592 5460 ιιι.
3627 5395 3668 5466 δ’
3691 5393 3730 5440 θ’

2350 5425 2574 5478 "Hlor.
2612 5438 2663 5476 lx
2709 5422 2801 5475 27.
2877 5422 3050 5479 "Jac,
3079 5438 3117 5482 ι,
3143 5422 3229 5473 26,
3323 5422 3492 5466 "Jac.
3523 5422 3598 5482 tu,
3627 5422 3668 5453 υ,
3691 5422 3730 5480 γι

2404 5511 2430 5523 .-
2495 5494 2511 5523 s
2623 5466 2810 5523 ὀὐρηι
2858 5508 2884 5523 ρ
2941 5492 2968 5523 κ
3060 5490 3251 5523 ttt‘m-
3298 5502 3323 5523 τ
3361 5483 3439 5523 I3-
3522 5465 3730 5523 'Lolos.»

2623 5495 2666 5524 "
2695 5493 2831 5546 l’sal.
2857 5508 2905 5553 c,
2938 5492 2990 5544 ὅ.

2877 5422 2920 5453 νδ
2937 5421 3050 5479 Jac.
3079 5438 3117 5482 I,
3143 5419 3229 5473 26.

3060 5490 3269 5545 ‘lCor.
3298 5483 3439 5548 x,l5.

2171 5681 2355 5732 (Laco
2385 5681 2588 5731 intorto
2637 5679 2706 5730 De
2771 5678 2931 5730 rerbis
2965 5678 3244 5732 seniorum,
3292 5666 3442 5724 libell.
3467 5677 3512 5723 τ’
3547 5655 3572 5726 §
3603 5651 3646 5714 it
3670 5657 3732 5698 ω’

1489 5753 1734 5807 diacono.
1776 5753 1958 5807 Exstat
1999 5769 2119 5802 tero
2162 5753 2252 5808 lib.
2286 5768 2310 5801 ι’
2341 5749 2412 5804 De
2467 5749 2592 5804 l'itis
2629 5749 2868 5812 Patrum,
2898 5765 2946 5817 p,
2985 5765 3058 5802 tn.
3093 5742 3218 5802 456.
