3990 6210
270 323 368 378 981

1298 331 1356 387 S.
1399 333 1686 390 ANTONII
1725 336 1796 390 Μ.
1838 336 2129 394 ABBATIS
2165 338 2548 402 ειδιδτοωε.

3412 345 3514 401 982

269 451 372 492 nec
401 441 704 495 secundum
733 442 902 496 Deum
939 444 1284 502 ambulabant
1312 463 1324 497 :
1363 447 1464 505 bos
1494 453 1688 506 lterum
1727 465 1852 506 sen-
1882 456 1922 511 Α
1949 455 2192 510 eamdem
2225 456 2433 527 plagatn
2469 461 2738 529 aspiciens
2764 462 3210 516 irretnediabileni
3244 458 3511 524 eﬂectani,

267 540 360 581 sus
392 529 485 597 qui
509 529 614 584 sub
637 531 865 600 spiritus
891 531 1056 589 fuerit
1081 537 1380 606 voluntate,
1413 539 1478 594 ad
1516 540 1844 610 pergendum

266 617 584 675 ministrare
627 624 884 690 operibus
928 623 1148 696 optimis
1191 631 1356 702 cogit,
1401 642 1459 686 ut
1502 633 1845 689 immutatum-

264 721 466 778 corpus
498 709 591 765 ﬁat
613 713 712 767 sub
737 714 962 783 spiritus
984 726 1273 787 potestate.
1301 722 1407 778 Sed
1452 725 1662 780 aestimo
1701 727 1842 795 quod

263 798 394 854 talis
432 799 693 859 habitatio
727 803 840 873 jam
885 812 1158 880 acceperit
1200 814 1364 868 etiam
1413 816 1463 870 in
1506 816 1605 872 hoc
1637 829 1840 886 partem

265 895 562 961 quamdam
597 897 896 964 spiritualis
925 905 1192 972 corporis,
1221 920 1383 976 quain
1415 919 1698 977 acceptura
1727 921 1844 965 erat

265 981 322 1037 ln
357 989 759 1043 resurrectione
781 989 1074 1056 iustorum.

344 1072 453 1129 Vll.
491 1075 618 1132 Haec
667 1093 795 1135 vero
839 1083 948 1136 dixi
985 1096 1208 1154 propter
1248 1088 1444 1144 animae
1497 1091 1842 1157 aegritudines

264 1179 389 1252 qua:
430 1181 694 1238 usurpant
727 1174 1132 1241 permistionem
1165 1179 1306 1234 inter
1352 1183 1619 1236 naturalia
1651 1197 1843 1252 corpo-

268 1251 368 1316 ris,
392 1266 515 1306 cum
534 1255 656 1312 inde
685 1261 867 1316 anima
903 1271 1148 1318 movetur
1178 1267 1229 1320 in
1260 1267 1386 1337 illis,
1419 1271 1678 1327 sectatrix
1709 1251 1836 1328 eﬁeo

265 1351 354 1397 cta
399 1345 758 1414 malignorum
801 1353 1110 1422 spirituum,
1147 1367 1204 1410 ut
1247 1369 1542 1428 operentur
1573 1361 1626 1416 in
1672 1378 1841 1418 mem-

266 1436 401 1492 bris.
433 1438 539 1493 Sed
570 1442 731 1495 etiam
766 1445 1010 1513 praedixi,
1041 1450 1183 1518 quod
1209 1449 1405 1507 habeat
1435 1455 1650 1522 pr0prie
1674 1456 1836 1511 etiam

265 1528 378 1597 ipsa
417 1530 812 1589 discretionem
861 1537 1075 1594 horum.
1117 1539 1252 1596 Nam
1307 1547 1582 1614 superbia,
1613 1547 1838 1618 languor

263 1629 344 1702 est
371 1619 613 1690 ejusdem
644 1625 896 1694 corporis
927 1645 942 1681 :
965 1626 1227 1696 Iactantia
1274 1647 1425 1699 vero,
1462 1635 1725 1704 aegritudo
1751 1646 1836 1693 est

261 1710 309 1766 ei
347 1721 504 1767 extra
555 1730 748 1783 corpus
778 1730 792 1768 :
822 1717 948 1772 item
1001 1719 1224 1786 ioﬁatio,
1255 1724 1460 1789 odium,
1501 1725 1723 1791 invidia,
1756 1727 1831 1780 ira

261 1810 428 1870 atque
464 1805 899 1875 pusillanimitas,
951 1809 1287 1880 impatientia
1333 1830 1550 1886 quoque
1599 1831 1663 1872 ac
1710 1817 1835 1872 reli-

261 1903 382 1966 quin
412 1900 656 1955 minutiae
687 1902 894 1958 horum.
922 1905 1074 1973 Quod
1096 1910 1143 1962 si
1170 1924 1297 1965 vero
1321 1913 1611 1967 crediderit
1641 1927 1700 1969 se
1728 1914 1834 1969 Deo

260 2004 327 2045 ex
367 1999 478 2046 toto
506 1993 695 2061 corde;
730 2004 856 2052 tunc
888 1998 1152 2068 benignus
1194 2001 1332 2057 Deus
1388 2005 1574 2058 tribuit
1599 2005 1648 2059 ei
1677 2006 1835 2075 spiri-

263 2089 372 2134 tum
402 2083 756 2150 ptenitentiar,
783 2097 838 2140 et
873 2089 1191 2145 testiﬁcatur
1216 2091 1288 2146 illi
1321 2093 1482 2162 llhde
1511 2108 1833 2163 unoquoque

261 2171 520 2243 languore
563 2175 842 2243 pmniteat.
888 2177 1114 2249 Pr0pter
1152 2197 1272 2250 quae
1319 2186 1616 2240 adversarii
1647 2187 1833 2255 prohi-

262 2265 412 2328 bent,
453 2280 574 2321 eam
607 2275 880 2325 tentantes
923 2287 1184 2342 usurpare
1216 2277 1339 2339 sibi,
1377 2291 1474 2331 nec
1499 2278 1686 2332 sinunt
1716 2295 1830 2347 pie-

262 2356 459 2412 nitere.
513 2357 609 2426 Qui
656 2361 700 2414 si
731 2363 1082 2430 sustinuerit,
1115 2367 1398 2434 obediens,
1431 2369 1737 2425 hortantem
1771 2388 1831 2428 se

262 2447 512 2514 spiritum
562 2448 631 2505 ad
688 2454 1090 2522 paenitendum;
1134 2457 1362 2513 Creator
1410 2476 1624 2530 quoque
1668 2463 1830 2530 illius,

263 2539 634 2598 miserationis
684 2545 982 2602 visceribus
1023 2558 1204 2603 motus
1260 2566 1420 2620 supra
1475 2553 1686 2609 labores
1716 2554 1832 2625 ejus

260 2633 456 2699 quibus
514 2633 568 2688 in
644 2639 976 2706 egestatibus
1019 2641 1322 2709 corporeis,
1374 2643 1428 2696 id
1483 2652 1568 2698 est
1611 2643 1833 2714 jejuniis

256 2720 526 2790 plurimis,
579 2726 631 2778 in
685 2727 903 2798 vigiliis,
959 2732 1010 2784 in
1069 2733 1510 2788 meditationibus
1541 2736 1749 2799 multis,
1777 2737 1828 2790 in

257 2815 421 2870 verbo
451 2815 569 2880 Dei,
597 2833 664 2872 ac
699 2820 950 2887 pre-cibus
983 2820 1170 2892 largis,
1200 2825 1282 2880 vel
1317 2825 1370 2879 in
1398 2825 1832 2882 abdicationibus

258 2904 569 2972 mundanis,
603 2909 654 2962 in
687 2909 1012 2978 humilitate,
1057 2913 1107 2967 in
1144 2923 1458 2983 paupertate
1492 2917 1742 2986 spiritus;
1776 2919 1829 2973 in
1863 2926 1866 2930 ’

259 2997 461 3065 quibus
516 3002 728 3055 cunctis
781 3004 1134 3060 sustinentem
1188 3007 1329 3062 Deus
1373 3008 1637 3076 benignus
1689 3012 1831 3079 ³5νί-

1949 557 2001 602 et
2030 549 2150 616 quia
2190 551 2528 619 magniﬁcata
2557 566 2700 608 esset
2727 556 3092 616 vehementer,
3127 568 3222 621 per
3253 561 3402 608 suam
3428 552 3511 605 ln-

1948 638 2294 706 dulgentiam,
2354 643 2712 697 visitationem
2772 661 2957 700 eorum
3021 646 3225 700 faciens
3291 633 3544 712 propter,

1945 732 2214 800 propriam
2259 734 2571 798 bonitatem,
2626 746 2744 803 post
2774 737 3106 805 aliquantum
3151 736 3404 805 temporis
3433 733 3511 789 le-

1943 838 2062 893 gem
2104 826 2284 893 posuit
2327 827 2426 888 eis,
2483 829 2624 881 unde
2662 838 2717 882 et
2754 837 3009 896 operatus
3047 837 3126 882 est
3176 843 3272 896 per
3308 827 3507 880 Mosem

1944 917 2230 984 prmbendo
2282 918 2473 989 legem.
2533 920 2595 974 Et
2643 919 2816 974 Moses
2862 921 3077 989 quidem
3125 918 3374 972 fundavit
3429 916 3509 969 eis

1945 1009 2189 1064 veritatis
2228 1011 2464 1075 domum,
2522 1028 2711 1067 curare
2746 1014 2930 1067 volens
2982 1012 3228 1067 eamdem
3272 1009 3504 1063 validam

1943 1101 2182 1171 plagam;
2228 1104 2319 1157 sed
2370 1106 2626 1174 perlicere
2683 1105 2922 1174 nequivit
2955 1103 3240 1159 aedificium
3294 1102 3504 1156 domus.

1944 1193 2170 1262 Insuper
2192 1206 2369 1249 autem
2401 1206 2453 1250 et
2481 1197 2656 1251 omnis
2684 1208 2995 1251 sanctorum
3029 1197 3226 1250 chorus
3251 1193 3506 1248 collectus

1944 1283 1995 1337 in
2027 1298 2211 1350 unum,
2257 1289 2410 1355 petiit
2458 1288 2635 1342 Patris
2690 1289 2984 1343 bonitatem
3021 1288 3086 1342 de
3138 1279 3359 1340 salutari
3394 1283 3504 1353 (l5)

1943 1384 2147 1442 nostro,
2185 1388 2240 1430 ut
2277 1378 2507 1434 calcaret
2540 1380 2592 1434 in
2628 1381 2785 1434 terris
2827 1396 2925 1449 pro
2956 1391 3136 1435 nostra
3188 1387 3504 1431 cunctorum

1939 1467 2133 1532 salute,
2185 1469 2301 1538 ipso
2339 1480 2524 1540 utpote
2567 1481 2814 1526 exstante
2847 1480 3029 1526 nostro
3064 1484 3258 1540 magno
3282 1478 3335 1522 et
3365 1463 3506 1519 ﬁdeli

1940 1556 2191 1624 pontifice
2227 1573 2290 1613 ac
2336 1561 2540 1615 medico
2591 1576 2740 1621 vero.
2777 1562 2866 1630 qui
2911 1562 3057 1615 solus
3094 1575 3291 1615 sanare
3326 1564 3507 1626 posse!

1939 1647 2078 1702 hanc
2112 1665 2387 1705 enormem
2437 1653 2665 1723 plagam.
2717 1655 2866 1709 [lude
2912 1666 2965 1708 et
3017 1653 3292 1707 voluntate
3330 1647 3506 1702 Patris

1943 1741 2228 1794 exinanivit
2285 1745 2618 1810 semetipsum
2673 1746 2885 1814 propria
2927 1746 3116 1816 gloria,
3145 1745 3389 1810 Deusque
3409 1758 3505 1796 ex-

1938 1833 2153 1899 sistens,
2192 1835 2413 1902 formam
2446 1833 2578 1890 servi
2619 1838 3173 1906 assumpsit',tradeus
3202 1852 3259 1890 se
3291 1844 3507 1905 propter

1943 1935 2127 1979 nostra
2156 1938 2394 1994 peccata.
2420 1927 2486 1981 Et
2513 1929 2702 1982 delicta
2725 1931 2939 1999 quidem
2973 1940 3155 1982 nostra
3189 1927 3504 1981 httniiliave-

1938 2025 2064 2070 runt
2089 2031 2234 2084 eum,
2266 2017 2358 2073 sed
2393 2020 2554 2073 livore
2587 2020 2699 2087 ejus
2733 2037 2826 2073 nos
2859 2037 3031 2073 omnes
3060 2021 3232 2072 sanati
3264 2034 3443 2071 sumus
3460 2015 3503 2068 ⁸.

2012 2105 2095 2162 ΙΙΙ.
2133 2107 2516 2174 Quamobrem,
2570 2111 2900 2164 dilectissimi
2955 2110 3100 2165 ﬁlioli
3153 2111 3206 2162 iit
3258 2107 3501 2164 Domino.

1935 2199 2076 2253 scire
2103 2215 2200 2254 vos
2224 2201 2343 2253 volo
2367 2203 2508 2271 quod
2535 2219 2629 2271 pro
2657 2212 2836 2258 nostra
2862 2203 3085 2257 stultitia
3113 2201 3271 2270 elegit
3295 2197 3504 2261 Stulta',

1935 2300 1987 2346 et
2013 2307 2107 2360 pro
2131 2301 2310 2346 nostra
2340 2294 2656 2348 inﬁrmitate
2682 2296 2905 2348 formam
2937 2293 3264 2347 inﬁrmitatis
3291 2307 3504 2345 assum-

1936 2384 2152 2452 psit:ob
2185 2400 2344 2452 quam
2379 2398 2618 2440 nostram
2660 2386 2965 2454 pauperiem
3000 2384 3223 2437 effectus
3253 2393 3337 2436 est
3365 2396 3500 2450 pau-

1935 2489 2052 2543 per,
2086 2485 2139 2529 et
2173 2477 2240 2528 ob
2275 2488 2513 2530 nostram
2548 2487 2776 2530 mortem
2821 2476 3044 2546 ﬁguram
3089 2473 3259 2527 induit
3290 2471 3500 2527 mortis.

1936 2565 2076 2631 Ergo
2103 2567 2226 2633 quia
2254 2567 2304 2618 in
2334 2567 2417 2622 liis
2438 2568 2686 2622 omnibus
2712 2567 2966 2621 sustinuit
2992 2574 3206 2634 propter
3231 2579 3350 2626 nos,
3378 2577 3504 2617 vere

1939 2657 2080 2718 dico,
2106 2656 2438 2710 dilectissimi
2463 2658 2514 2711 in
2541 2657 2785 2722 Domino,
2812 2657 2935 2727 quia
2959 2673 3062 2711 non
3093 2655 3349 2710 debemus
3373 2642 3502 2708 dare

1934 2763 2182 2801 somnum
2232 2749 2402 2803 oculis
2464 2751 2684 2812 nostris.
2745 2765 2918 2820 neque
2979 2749 3248 2819 palpebris
3301 2741 3514 2801 nostris

1933 2839 2372 2894 dormitationem
2406 2841 2447 2904 ⁸,
2510 2840 2845 2918 postulantes
2896 2855 2959 2893 ac
3001 2846 3356 2910 perurgenles
3409 2835 3504 2890 Dei

1936 2928 2113 2983 Patris
2165 2930 2595 2984 inteStimabilem
2648 2931 2966 2995 bonitatem,
3022 2944 3300 3000 usquequo
3347 2943 3505 2998 egre-

1931 3018 2110 3072 diatur
2135 3021 2433 3083 nobiscum,
2465 3031 2518 3074 et
2561 3021 2612 3074 in
2650 3019 2752 3075 hoc
2808 3020 3042 3088 requiem
3085 3021 3378 3073 habeamus
3402 3019 3501 3074 ad-

255 3090 410 3145 ciens
458 3100 512 3144 et
554 3093 929 3159 considerans,
958 3105 1012 3150 et
1060 3098 1378 3164 patientiam
1412 3099 1534 3168 ejus
1568 3101 1620 3154 in
1655 3111 1827 3156 tenta-
1854 3121 1901 3179 ο
1936 3121 2123 3164 ventus
2151 3109 2279 3166 Jesu
2330 3120 2489 3181 atque
2522 3113 2757 3176 virtutis,
2809 3122 2866 3166 ut
2914 3112 3272 3180 obsequamur
3301 3112 3502 3164 sanctis

259 3179 494 3236 tionibus
519 3183 899 3250 perdurantem
937 3187 1220 3250 miserans,
1257 3189 1531 3258 atljuvabit
1557 3206 1700 3245 eum.

817 3275 1148 3332 EPISTOLA
1189 3278 1250 3334 ll.

819 3386 886 3424 Αο
924 3387 1254 3428 ARSINOITAS.
1800 3433 1802 3436 .

293 3460 366 3513 Ἰ.
410 3461 674 3516 Antonius
715 3464 965 3517 omnibus
1017 3466 1384 3522 dilectissimis
1441 3472 1532 3540 qui
1582 3481 1720 3526 sunt.
1774 3474 1827 3526 in

253 3553 534 3608 Arsinoite
579 3564 633 3608 et
671 3556 724 3610 in
759 3556 1015 3625 parocbia
1046 3560 1183 3626 ejus,
1211 3561 1292 3614 vel
1344 3562 1432 3630 qui
1461 3577 1582 3615 cum
1614 3562 1739 3629 illis,
1774 3565 1826 3617 in

252 3645 486 3702 Domino
522 3647 771 3706 salutem.

335 3735 629 3792 Universos
667 3753 762 3794 vos
794 3751 1013 3810 paratos
1046 3744 1196 3800 abire
1237 3746 1301 3796 ad
1339 3746 1522 3809 Deum,
1571 3747 1745 3802 saluto
1775 3749 1828 3803 in

255 3828 505 3895 Domino,
533 3830 864 3896 charissimi,
897 3849 928 3888 a
969 3835 1178 3891 minore
1213 3853 1380 3906 usque
1409 3840 1475 3892 ad
1510 3839 1826 3904 maximum,

251 3931 308 3976 et
339 3938 368 3974 a
414 3925 671 3981 masculis
714 3941 886 3995 usque
929 3931 994 3982 ad
1042 3929 1297 3990 feminas.
1327 3931 1370 3986 0
1401 3930 1494 3986 filii
1540 3921 1823 3998 lsraelitze,

221 4019 548 4071 .secundum
615 4021 921 4075 sensualem
990 4031 1232 4076 vestram
1295 4024 1644 4078 exstantiam.
1688 4021 1829 4078 Vere

251 4108 481 4172 etenim,
520 4109 692 4176 ﬁlioli,
726 4113 946 4180 grandis
994 4113 1148 4168 vobis
1179 4113 1234 4166 in
1267 4117 1614 4183 generatione
1647 4124 1826 4169 vestra

252 4201 565 4270 promissio.
623 4203 856 4257 Decebat
910 4205 1108 4273 quippe
1165 4219 1260 4259 vos
1309 4214 1528 4274 propter
1570 4221 1692 4261 eum
1736 4207 1826 4274 qui

252 4291 618 4347 visitationem
652 4294 817 4348 vestri
863 4293 1013 4359 fecit,
1064 4310 1404 4364 nequaquam
1460 4295 1673 4365 fatigari
1718 4311 1829 4352 cer-

255 4394 454 4448 tantes,
527 4387 702 4439 douee
777 4387 1136 4454 vosmetipsos
1184 4385 1450 4441 oﬂerretis
1501 4388 1824 4442 sacriﬁcium

1934 3202 2022 3270 qui
2069 3217 2164 3256 nos
2209 3203 2457 3256 excolere
2515 3204 2809 3266 festinant,
2875 3215 3115 3273 tempore
3163 3204 3500 3272 negligentia:

1935 3298 2130 3344 nostrae
2160 3290 2498 3346 alacritatem
2542 3293 2843 3346 animorum
2886 3292 3074 3346 dantes
3108 3295 3180 3355 ei,
3209 3295 3273 3347 ad
3305 3293 3499 3362 juvan-

1932 3383 2054 3435 diim
2082 3397 2180 3438 nos
2206 3384 2256 3436 in
2287 3392 2529 3452 tempore
2553 3384 2912 3439 tribulationis
2936 3395 3135 3441 nostra:
3160 3403 3172 3438 :
3201 3395 3327 3439 tunc
3356 3384 3499 3439 enim

1930 3473 2201 3528 seininans
2231 3475 2432 3542 pariter
2462 3491 2583 3529 cum
2617 3483 2848 3529 metente
2877 3474 3147 3546 gaudebit.

2002 3563 2090 3618 IV.
2126 3564 2291 3622 Nosse
2316 3569 2477 3620 etiam
2511 3583 2606 3621 vos
2629 3569 2804 3636 cupio,
2833 3565 2998 3630 ﬁlioli,
3025 3581 3186 3636 quam
3212 3566 3501 3635 plurimum

1931 3654 2170 3708 dolorem
2224 3673 2401 3711 meum
2445 3672 2604 3726 quem
2663 3658 2833 3711 habeo
2882 3673 2980 3726 pro
3021 3657 3192 3719 vobis,
3233 3657 3501 3724 aspiciens

1931 3747 2186 3813 grandem
2238 3748 2382 3800 illam
2427 3747 2795 3802 confusionem
2841 3764 2959 3816 qua:
3013 3763 3175 3815 super
3223 3747 3501 3800 universos

1930 3837 2167 3903 advenit,
2199 3848 2252 3892 et
2281 3840 2630 3893 considerans
2659 3839 2884 3892 multum
2922 3839 3070 3892 illum
3107 3839 3340 3890 laborem
3373 3854 3502 3891 san-

1930 3942 2138 3989 ctorum
2168 3931 2408 3985 omnium
2450 3939 2613 3998 atque
2643 3932 2898 3999 gemitum
2933 3945 3092 3998 quem
3125 3929 3377 3982 emittunt
3405 3945 3500 3997 pro

1930 4023 2082 4079 vobis
2111 4038 2324 4090 semper
2368 4021 2434 4074 ad
2489 4019 2678 4085 Deum,
2714 4029 2996 4074 cernentes
3025 4018 3263 4072 laborem
3298 4019 3497 4087 prOprii

1929 4113 2260 4174 Conditoris,
2289 4125 2581 4179 omnesque
2622 4109 2854 4164 malitias
2896 4107 3368 4178 parvipendentes.
3403 4123 3500 4163 nec

1931 4220 2035 4258 non
2069 4213 2120 4256 et
2150 4201 2423 4271 decipitlas
2450 4200 2644 4254 diaboli
2674 4211 2726 4255 et
2749 4200 3059 4271 angelorum
3091 4199 3209 4269 ejus
3237 4199 3497 4254 insidian-

1933 4295 2086 4354 tium,
2112 4291 2270 4362 jiiges
2324 4290 2390 4343 ad
2442 4292 2798 4362 perditionem
2833 4301 3089 4347 nostram.
3122 4289 3384 4356 Quoniam
3417 4303 3500 4344 ot-

1931 4387 2073 4439 enim
2109 4384 2281 4452 portio
2309 4397 2496 4438 eorum
2531 4384 2584 4439 in
2615 4383 2878 4438 infernum
2914 4383 3073 4436 habet
3095 4385 3196 4446 ire,
3221 4382 3422 4435 idcirco
3449 4390 3503 4435 et

255 4474 363 4527 Deo
404 4474 456 4527 in
504 4475 652 4529 omni
702 4476 1090 4538 sanctimonia,
1128 4476 1250 4529 sine
1290 4489 1396 4543 qua
1431 4489 1591 4527 nemo
1627 4476 1826 4541 poterit
1857 4459 1901 4534 Ῑ)
1931 4476 2002 4531 illi
2037 4476 2226 4530 volunt
2257 4485 2500 4528 nostrum
2537 4489 2751 4543 quoque
2797 4473 3031 4527 studium
3072 4490 3173 4528 ima
3208 4488 3389 4526 secum
3418 4483 3502 4526 at-

253 4567 577 4619 lizereditare
623 4566 810 4620 Deum.
852 4565 984 4620 Nam
1022 4582 1118 4634 pro
1146 4576 1317 4629 certo,
1352 4565 1681 4628 charissimi,
1719 4581 1826 4620 ma-

253 4673 412 4726 gnum
444 4665 530 4712 est
563 4657 714 4712 vobis
769 4658 930 4723 istud,
978 4667 1034 4709 ttt
1085 4656 1473 4725 percontemini
1526 4655 1592 4710 de
1636 4657 1816 4726 cogniv

253 4749 397 4802 tione
431 4748 700 4801 sensualis
744 4749 1046 4810 exstantim,
1079 4749 1130 4802 in
1163 4762 1266 4818 qua
1301 4763 1406 4802 non
1440 4757 1521 4801 est
1553 4748 1824 4803 masculus

251 4854 424 4910 neque
474 4839 696 4898 femina,
736 4844 830 4893 sed
882 4818 1189 4894 substantia
1247 4849 1457 4894 tantum
1497 4841 1821 4894 immortalis

249 4933 484 4996 exsistit,
546 4932 753 4986 habens
810 4933 1024 5002 quidem
1078 4931 1423 5000 principium,
1481 4931 1640 4985 ﬁnem
1694 4945 1824 4986 vero

251 5039 593 5094 nequaquam
629 5042 647 5078 :
669 5025 1016 5093 debitumque
1046 5024 1203 5078 vobis
1230 5033 1351 5077 erat
1395 5038 1722 5092 cognoscere
1753 5021 1821 5077 de

248 5120 652 5185 eo,quoinodo
685 5119 906 5171 omnino
953 5117 1214 5171 deciderit
1260 5115 1313 5170 in
1367 5125 1569 5170 tantam
1602 5115 1826 5170 humili-

253 5222 418 5266 tatem
464 5222 519 5266 et
575 5211 946 5266 confusionem
997 5212 1274 5275 eximiam,
1307 5227 1427 5281 quas
1458 5212 1823 5280 pertransiens

248 5305 302 5357 in
332 5303 586 5357 omnibus
621 5303 775 5357 vobis
810 5302 1049 5355 advenit.

322 5395 384 5450 Il.
423 5395 588 5464 Igitur
623 5394 838 5464 quando
886 5393 1188 5447 substantia
1232 5393 1554 5447 immortalis
1607 5393 1824 5447 exsistit

254 5498 358 5536 non
388 5483 749 5538 consolvenda
790 5483 1128 5552 corporibus.
1168 5481 1309 5536 hanc
1336 5485 1406 5538 ob
1435 5496 1653 5538 causam
1684 5483 1824 5536 Deus

323 5601 344 5632 ⁵
371 5599 601 5670 Philipp.
642 5617 700 5662 ii,
743 5600 797 5667 6,
829 5601 883 5654 7.
962 5601 983 5632 ⁸
1007 5599 1109 5655 lsa.
1143 5616 1258 5665 Ltll,
1291 5601 1345 5656 5.
1425 5598 1487 5653 'l
1517 5599 1641 5655 Cor.
1681 5617 1722 5667 ι,
1745 5603 1834 5657 27.

1933 4567 2168 4620 trahere.
2212 4565 2349 4618 Vere
2399 4565 2583 4636 igitur,
2619 4566 2926 4620 charissimi
2977 4566 3028 4618 in
3070 4565 3314 4626 Domino.
3362 4565 3503 4619 sicut

1931 4654 2283 4726 prudentibus
2317 4655 2563 4725 loquor’,
2589 4665 2646 4708 ut
2672 4656 3012 4724 cognoscatis
3045 4654 3502 4721 cunctasOpiﬁcis

1932 4748 2099 4801 nostri
2146 4747 2573 4816 dispensationes
2605 4763 2701 4817 pro
2735 4747 2887 4800 nobis
2917 4747 3108 4809 factas,
3145 4761 3264 4816 quae
3287 4757 3340 4800 et
3373 4745 3500 4798 visi-

1931 4842 2184 4894 tationem
2242 4840 2412 4892 nostri
2463 4839 2666 4892 raciunt
2717 4851 2810 4906 per
2861 4837 3145 4891 manifesta
3186 4848 3239 4892 et
3289 4837 3500 4894 occulta

1861 4935 1866 4937 ’
1931 4931 2219 5002 praeconia.
2251 4929 2360 4985 Nos
2407 4945 2591 4983 sumus
2643 4929 2994 4985 rationabiles
3044 4930 3365 4998 nuncnpati;
3403 4930 3499 4983 sed

1931 5025 2164 5094 get-imus
2228 5021 2646 5076 irrationabilem
2701 5036 2958 5089 sensum,
3013 5021 3137 5075 dum
3188 5022 3499 5089 ignoramus

1929 5115 2170 5170 occultas
2220 5113 2544 5168 calliditates
2590 5121 2642 5166 et
2679 5110 3064 5171 artesdiaboli
3113 5111 3496 5179 multiformes,

1930 5223 2048 5278 quae
2075 5207 2204 5272 sint,
2240 5207 2532 5276 qualesque
2569 5217 2877 5260 noscantur.
2917 5204 3144 5271 Quando
3175 5207 3318 5262 enim
3345 5221 3496 5262 com-

1929 5301 2170 5371 pererint
2199 5298 2384 5353 conari
2408 5314 2505 5352 nos
2528 5296 2896 5353 confusionem
2929 5309 3170 5354 nostram
3200 5314 3494 5369 cognosce-

1931 5409 2013 5459 re,
2067 5403 2123 5447 et
2170 5391 2311 5461 quod
2347 5406 2651 5461 quaeramus
2685 5391 2902 5446 modum
2956 5389 3210 5447 efﬁcacia:
3259 5391 3493 5460 illorum,

1930 5494 2219 5556 operantes
2273 5485 2326 5537 in
2365 5482 2550 5544 nobis;
2595 5491 2650 5536 et
2676 5496 2782 5537 non
2812 5491 3017 5537 tantum
3047 5493 3102 5538 ut
3135 5499 3238 5539 non
3274 5483 3489 5540 obedia-

1914 5604 1935 5634 ⁸
1967 5601 2110 5656 Psal.
2137 5615 2319 5664 cxxxi,
2356 5600 2407 5653 4.
2492 5600 2509 5628 τ
2543 5598 2560 5652 l
2589 5597 2714 5654 Cor.
2762 5616 2817 5665 x,
2847 5601 2932 5656 l5.

322 5713 435 5798 (Ιξ)
481 5712 556 5798 υς
583 5715 943 5798 salutarium.
973 5715 1239 5798 Toutteus
1269 5714 1602 5798 dissertsdll
1632 5715 1818 5798 erill.
1862 5734 2008 5772 tium.
2044 5717 2133 5782 23,
2171 5732 2288 5785 pag.
2335 5729 2474 5780 cui,
2508 5713 2790 5785 legendum
2827 5722 3008 5771 monet
3041 5715 3104 5769 de
3131 5710 3426 5771 Saluatore.

253 5783 405 5850 Quod
435 5785 684 5854 equidem
719 5786 939 5841 minime
970 5786 1336 5842 necessarium
1369 5783 1747 5844 existimarint.
