3990 6210
417 307 523 363 983

1549 307 1823 367 PATRES
1862 303 2157 362 .tzot'rrtt
2202 308 2473 366 secum
2501 286 2605 367 iv.

3562 307 3667 361 981

418 443 539 481 mus
569 425 794 480 malltiis
825 442 1009 479 eorum
1063 435 1153 482 aut
1201 429 1560 483 liortamentis
1589 444 1707 498 quae
1746 427 1992 482 dissetni-
2020 427 2072 486 Δ
2098 441 2314 487 orantes
2345 431 2732 502 benignitatem
2770 428 2965 494 Patris,
2998 435 3057 481 ut
3081 439 3295 494 semper
3324 423 3542 494 possitis
3573 424 3676 476 ba-

414 526 548 571 nant
593 517 644 571 in
692 517 942 571 cordibus
993 519 1212 584 nostris,
1243 519 1336 574 sed
1372 528 1428 574 et
1465 535 1532 575 ne
1575 535 1737 590 quam
1770 518 1983 590 plurimi

414 618 725 662 nostrorum
760 608 1118 676 proﬁteantur
1150 611 1326 668 studia
1374 625 1561 665 eorum
1599 629 1613 665 :
1648 611 1744 680 ipsi
1776 624 1992 680 quoque

415 707 803 767 cognoscentes
846 699 1228 769 indulgentiam
1277 700 1610 767 Conditoris,
1654 702 1798 773 quod
1842 717 1994 754 mors

416 788 498 841 his
536 788 626 840 liat
656 788 706 841 in
740 791 919 856 terris,
952 791 1055 844 illis
1090 808 1216 847 vero
1260 793 1330 846 sit
1361 804 1720 864 praeparatum
1763 792 1991 848 haeredi-
2043 796 2048 799 ’

417 887 531 930 tare
560 880 857 947 gehennam
892 891 1112 950 propter
1143 883 1521 953 negligentiam
1556 899 1781 941 suam...

489 967 551 1021 ν.
584 968 738 1024 Scire
780 979 959 1023 autem
996 987 1088 1025 vos
1121 972 1262 1038 volo,
1295 973 1465 1036 filioli,
1497 975 1638 1044 quod
1672 989 1774 1027 non
1809 973 1995 1027 desino

414 1060 706 1114 obsecrans
758 1077 855 1131 pro
902 1063 1052 1116 vobis
1103 1065 1268 1118 Deum
1315 1073 1472 1118 nocte
1524 1080 1588 1118 ac
1637 1065 1748 1128 die,
1787 1072 1845 1117 ut
1884 1064 2000 1131 ipse

416 1150 627 1218 aperiat
669 1150 853 1205 oculos
893 1152 1074 1206 cordis
1120 1154 1282 1206 vestri
1339 1154 1404 1205 ad
1446 1153 1834 1222 providendum
1873 1167 1995 1206 cre-

419 1236 566 1290 brius
588 1238 850 1292 occultam
885 1240 1269 1309 malignitatem
1299 1239 1532 1304 illorum,
1561 1257 1719 1310 quam
1759 1257 1852 1311 per
1878 1241 1993 1295 sin-

417 1327 538 1396 gula
591 1343 752 1398 super
809 1345 910 1385 nos
961 1329 1242 1384 effundunt
1291 1331 1343 1385 in
1394 1331 1496 1388 isto
1541 1346 1682 1390 nunc
1734 1344 1992 1401 tempore.

417 1421 610 1484 Quzeso
655 1422 814 1474 etiam
868 1431 925 1493 ut
981 1426 1244 1477 concedat
1291 1425 1445 1479 vobis
1496 1425 1738 1479 scientia:
1771 1441 1886 1488 cor,
1932 1441 1996 1480 ac

416 1511 764 1565 discretionis
813 1513 1062 1580 spiritum
1116 1524 1353 1584 praestet,
1417 1525 1472 1567 ιιι
1534 1517 1752 1584 possitis
1795 1515 1991 1570 oll‘erre

420 1601 692 1668 proprium
739 1617 852 1666 cor,
897 1604 1126 1657 hostiam
1167 1615 1410 1660 sanctam
1458 1606 1510 1658 in
1551 1615 1838 1674 conspectu
1888 1605 1990 1657 Pa-

419 1694 517 1745 tris
555 1694 605 1746 in
649 1695 810 1748 multa
849 1697 1162 1761 sanctitate,
1187 1707 1241 1751 et
1263 1698 1379 1751 sine
1404 1699 1643 1769 querela.
1667 1697 1802 1751 Vere
1825 1698 1989 1762 enim,

420 1786 589 1848 lilioli,
639 1786 875 1840 invident
911 1791 1062 1844 nobis
1095 1807 1187 1856 per
1214 1806 1426 1844 omnem
1459 1791 1644 1844 horam
1677 1790 1728 1843 in
1755 1806 1851 1844 suo
1883 1808 1995 1845 ma-

420 1877 562 1945 ligno
597 1877 826 1932 consilio
854 1888 907 1933 et
940 1883 1316 1953 persecutione
1347 1894 1507 1947 quam
1539 1879 1764 1948 plurimi
1794 1887 1848 1930 et
1877 1894 1991 1930 nta-

418 1968 532 2021 litia
577 1983 694 2034 sua,
729 1985 935 2022 necnon
985 1981 1035 2023 ct
1086 1971 1365 2040 spiritibus
1400 1970 1606 2023 erroris
1645 1971 1754 2023 sive
1790 1971 1996 2040 cogita-

421 2063 659 2116 tionibus
711 2062 1073 2132 blasphemis,
1111 2063 1512 2117 inlidelitatibus
1547 2063 1748 2119 nostris
1781 2079 1997 2133 quoque

420 2170 540 2222 quae.
567 2155 905 2208 seminantur
938 2156 1006 2208 ab
1045 2155 1175 2223 ipsis
1219 2156 1268 2208 in
1307 2155 1576 2220 cordibus,
1621 2171 1684 2210 ac
1720 2156 1998 2210 doloribus

422 2245 626 2309 turritis,
657 2262 776 2314 quae
807 2247 1050 2316 irrogaut
1083 2247 1235 2300 nobis
1267 2262 1361 2317 per
1387 2262 1600 2304 onmem
1640 2249 1856 2312 horam;
1883 2247 2006 2307 ani-

420 2336 491 2388 ini
525 2336 685 2390 etiam
717 2335 1129 2400 defectionibus,
1165 2335 1216 2388 in
1250 2337 1442 2413 quibus
1472 2351 1566 2406 per
1607 2334 1814 2406 singula
1849 2336 1995 2391 labe-

421 2428 601 2483 facere
630 2428 870 2482 animum
903 2445 1008 2481 non
1060 2429 1359 2494 desistunt;
1400 2429 1450 2482 in
1489 2428 1758 2482 universis
1785 2443 1998 2496 quoque

421 2523 714 2577 iracundiis
740 2521 853 2576 suis
880 2531 932 2575 et
957 2519 1463 2582 obtrectationibus,
1506 2533 1640 2588 quas
1670 2519 1868 2571 docent
1902 2532 2001 2571 nos

419 2615 641 2676 habere,
672 2622 726 2666 et
778 2613 1040 2670 adversus
1077 2611 1440 2674 alterutrum;
1468 2620 1518 2663 et
1560 2617 1616 2662 ut
1641 2609 2001 2678 justilicetnus

421 2705 859 2773 nasrnetipsosin
909 2703 974 2757 iis
997 2718 1114 2771 quae
1140 2702 1388 2762 facimus.
1419 2710 1470 2754 et
1496 2700 2008 2762 COItdetIIttaliolteln

420 2812 540 2862 qua:
577 2794 878 2847 seminatur
907 2794 973 2845 ab
1009 2793 1142 2866 ipsis
1173 2790 1224 2844 in
1270 2790 1542 2844 mentibus
1588 2789 1807 2849 nostris,
1837 2789 1999 2842 etiam

421 2905 542 2941 ιιιιΙΙ
600 2887 911 2941 exsistimus
964 2883 1292 2955 singulares;
1352 2897 1584 2951 cumque
1637 2882 1845 2945 faciunt
1903 2899 2002 2937 nos

424 2981 729 3048 proximum
754 2979 1022 3047 judicare,
1057 2991 1154 3030 nec
1190 2984 1369 3029 tamen
1404 2975 1520 3045 ipso
1548 2986 1793 3030 exstante
1820 2975 2003 3032 nobis—

422 3085 545 3122 cum
574 3085 588 3122 :
621 3066 1129 3138 prtesumptiouibus
1157 3065 1419 3134 siquidem
1446 3079 1577 3132 quas
1606 3065 1855 3135 ingerunt
1881 3081 2001 3120 cor-

428 3159 588 3214 dibus
629 3159 851 3224 n0stris,
884 3157 936 3211 in
968 3156 1220 3227 superbia
1257 3155 1380 3209 duri
1410 3154 1589 3213 cordis
1617 3165 1926 3225 exstantes,
1947 3166 2003 3210 et

429 3253 658 3306 invicem
691 3261 1036 3321 spernentes,
1075 3249 1490 3304 :uuaritudinein
1534 3249 1825 3316 habentes;
1856 3248 2000 3303 omni

427 3345 562 3398 liora
585 3343 951 3413 vituperantes
979 3342 1324 3407 alterutrum,
1371 3349 1426 3395 et
1474 3355 1578 3394 non
1610 3341 2008 3409 nosmetipsos;

428 3437 717 3506 opinantes
743 3435 982 3490 laborem
1010 3444 1251 3489 nostrum
1277 3448 1339 3488 ex
1368 3434 1582 3501 propria
1618 3442 1869 3486 constare
1891 3431 2002 3486 vir-

431 3536 566 3593 tute,
590 3527 799 3596 judices
831 3527 1162 3580 exsisteutes
1200 3522 1629 3588 manifestorum,
1661 3532 1827 3578 totum
1864 3525 2003 3576 intra

429 3621 645 3674 domum
684 3626 922 3673 nostram
971 3617 1287 3677 iu’uuutante
1324 3616 1572 3681 latrone;
1615 3625 1668 3669 et
1715 3615 1765 3668 in
1809 3615 2007 3684 jutgiis

431 3722 594 3782 atque
629 3710 992 3766 simultatibus
1030 3709 1399 3776 adversusque
1433 3707 1754 3763 alterutrum
1801 3705 2009 3760 allecti-

433 3806 554 3868 bus,
589 3805 758 3857 donec
785 3817 1090 3856 sermonem
1126 3801 1400 3871 prOprium
1443 3809 1692 3853 constare
1722 3798 2006 3864 faciamus,

433 3908 493 3950 ιιι
519 3911 804 3964 pareamus
835 3897 886 3948 in
916 3902 1207 3962 conspectu
1253 3903 1438 3947 nostro
1461 3891 1770 3964 jjustilicati,
1804 3891 2011 3944 animo-

434 3989 646 4043 sitatem
701 3986 856 4041 uobis
907 3987 1213 4054 praebentes
1247 3998 1308 4038 ac
1364 3984 1619 4039 facientes
1667 3983 1842 4035 studia
1894 3997 2012 4048 qua:
2056 4024 2063 4029 .

437 4091 612 4133 tamen
646 4077 977 4146 impossibile
1011 4087 1095 4131 est
1141 4076 1254 4146 geri
1287 4089 1300 4128 :
1337 4075 1714 4142 intempestive
1747 4075 1897 4131 enim,
1935 4071 2014 4126 fa-

435 4171 638 4225 cientes
664 4186 768 4224 nos
791 4170 1004 4232 resolvi,
1041 4171 1110 4223 ob
1148 4169 1197 4222 id
1233 4169 1372 4236 quod
1403 4183 1590 4223 sumus
1620 4182 1686 4220 ex
1723 4159 1840 4231 illo,
1871 4168 2012 4236 quod

435 4261 781 4316 emolumenti
815 4271 898 4315 est
930 4260 1128 4316 nobis?
1166 4259 1394 4326 Propter
1425 4273 1545 4327 qua:
1591 4257 1768 4312 ridere
1801 4274 1896 4312 nos
1932 4259 2010 4310 fas,

439 4356 587 4408 riunt
635 4363 874 4422 tempore
920 4351 1096 4415 ﬂetus,
1128 4363 1178 4406 et
1216 4352 1344 4404 llere
1380 4352 1431 4402 in
1469 4359 1707 4417 tempore
1744 4348 1884 4408 risus
1919 4367 1931 4402 :
1961 4361 2013 4404 et

2099 523 2224 578 bere
2252 522 2528 578 vobiscum
2563 521 2888 591 adiutorium
2933 519 3076 589 ejus,
3125 520 3426 586 doceatque
3455 530 3550 571 vos
3584 531 3678 571 co-

2097 616 2386 685 gnitionem
2421 614 2528 678 sui,
2559 615 2650 682 qui
2678 629 2737 668 se
2765 613 2900 666 bene
2928 612 3108 665 habet.

2171 709 2252 762 \‘l.
2286 706 2422 762 Vere
2467 706 2663 760 etenim
2721 706 2840 758 diro
2887 703 3060 768 vobis,
3109 701 3219 755 nati
3256 700 3382 765 ntei,
3423 699 3553 767 quia
3586 712 3680 753 vas

2099 799 2240 854 istud
2277 801 2472 867 inquo
2519 813 2705 852 sumus
2755 796 3141 858 inhabitantes,
3205 793 3257 847 in
3320 790 3678 859 perditionem

2099 892 2253 946 nobis
2283 874 2517 954 exsistit,
2547 900 2606 943 et
2640 888 2832 942 domus
2864 898 2947 941 est
2980 886 3135 956 plena
3163 884 3339 939 bellis.
3370 883 3476 937 Pro
3505 891 3678 943 certo,

2101 982 2271 1045 ﬁlioli,
2302 983 2422 1035 dico
2459 981 2611 1034 vobis
2640 978 2787 1050 quod
2835 979 3011 1032 omnis
3063 979 3224 1032 homo
3255 975 3472 1030 illectus
3499 974 3555 1026 in
3588 987 3680 1026 vo-

2100 1072 2398 1142 luptatibus
2423 1073 2556 1137 suis,
2601 1080 2652 1126 et
2685 1079 2986 1141 prostratus
3030 1085 3060 1122 a
3092 1067 3517 1138 cogitationibus
3551 1078 3678 1132 pro-

2100 1161 2254 1230 priis,
2284 1161 2704 1230 complexusque
2733 1175 2760 1213 a
2793 1159 3048 1228 maligno,
3081 1156 3366 1212 seminavit
3395 1156 3448 1208 in
3472 1155 3678 1208 corde:

2099 1251 2188 1321 qui
2221 1252 2521 1319 congaudet
2547 1252 2650 1315 eis,
2669 1260 2733 1313 .et
2763 1251 2955 1318 recipit
2979 1264 3139 1304 sensu
3165 1248 3328 1302 veluti
3361 1261 3557 1315 magna
3586 1260 3684 1299 ex-

2101 1340 2345 1394 sistentia
2380 1349 2740 1405 sacramenta,
2773 1340 2825 1392 in
2858 1353 2924 1392 eo
2951 1339 3093 1407 quod
3127 1338 3239 1405 agit
3261 1333 3572 1402 justiticans
3597 1349 3685 1386 sc-

2102 1432 2405 1499 metipsum.
2467 1430 2782 1500 Hujusmodi
2851 1429 3030 1484 anima
3089 1427 3373 1484 coexsistit
3425 1424 3682 1492 malignis

2102 1523 2399 1598 spiritibus,
2445 1521 2781 1576 consiliatrix
2831 1522 2883 1576 in
2935 1521 3133 1574 malum
3171 1538 3186 1574 :
3219 1533 3415 1587 corpus
3465 1532 3684 1587 quoque

2101 1612 2259 1673 illius,
2292 1612 2532 1666 custodia
2562 1622 2644 1667 est
2671 1612 3066 1666 horrendormn
3092 1626 3212 1680 qua:
3235 1608 3477 1664 occultat
3506 1608 3562 1661 in
3593 1625 3678 1663 se-

2103 1702 2349 1771 metipso.
2397 1699 2767 1755 Praevalehunt
2825 1710 3003 1754 autem
3062 1702 3320 1753 adversus
3351 1697 3694 1766 linjusmodi,

2101 1787 2356 1860 quoniam
2385 1807 2486 1863 non
2521 1791 2764 1846 traduxit
2802 1804 2896 1845 eos
2931 1805 3114 1844 coram
3149 1789 3420 1842 omnibus.
3454 1789 3523 1841 At
3549 1804 3685 1841 nun-

2100 1885 2228 1952 quid
2270 1895 2323 1939 et
2360 1884 2460 1953 ipsi
2494 1885 2716 1940 nescitis
2745 1885 2886 1953 quod
2931 1898 3035 1938 non
3079 1881 3387 1951 liujusmudi
3431 1890 3684 1948 capturas

2101 1979 2353 2040 habeant,
2386 1993 2522 2047 quas
2549 1993 2646 2032 nos
2673 1985 3066 2047 cognoscentes
3099 1975 3282 2045 procul
3315 1974 3478 2029 dubio
3507 1974 3680 2044 fugia-

2101 2069 2254 2123 mus?
2289 2069 2554 2123 Carterum
2586 2079 2640 2123 et
2667 2071 2712 2124 si
2744 2068 3048 2139 qtttesieris,
3076 2081 3180 2121 non
3217 2066 3461 2120 invenies
3486 2081 3684 2135 pecca-

2101 2169 2213 2213 tum
2241 2175 2426 2213 eorum
2455 2173 2552 2213 nec
2577 2160 2916 2228 iniquitatem
2941 2156 3298 2226 corporaliter
3315 2155 3681 2212 manifestam.

2101 2252 2304 2318 Corpus
2336 2252 2479 2302 enim
2525 2260 2609 2306 est
2639 2253 2841 2305 animat
2869 2250 3135 2318 recipiens
3171 2249 3563 2318 malignitatem
3589 2265 3682 2303 eo-

2104 2359 2219 2396 rum
2251 2361 2263 2394 :
2296 2358 2454 2410 quam
2485 2357 2608 2396 eum
2635 2341 2958 2411 susceperit,
2991 2350 3118 2394 tunc
3149 2340 3193 2394 si
3223 2340 3370 2401 velit,
3399 2339 3453 2392 in
3484 2354 3684 2408 propa-

2105 2433 2215 2489 tulo
2246 2433 2398 2502 punit
2435 2447 2530 2502 per
2567 2449 2763 2502 corpus
2809 2433 2950 2488 istud
2991 2433 3042 2486 in
3087 2446 3196 2500 quo
3245 2446 3431 2485 sumus
3466 2430 3685 2484 inhabi-

2106 2535 2297 2580 tantes.
2350 2522 2504 2579 Nunc
2557 2524 2758 2592 itaque,
2816 2522 2986 2585 lilioli,
3043 2537 3146 2575 nou
3197 2523 3388 2576 demus
3415 2520 3463 2574 ei
3505 2520 3683 2573 locum

2105 2619 2288 2678 ullum,
2321 2616 2562 2685 alioquin
2601 2617 2870 2670 nobismet
2905 2615 2997 2670 Dei
3042 2614 3399 2670 excitabimus
3438 2614 3596 2677 iram,
3628 2620 3688 2666 et

2105 2709 2176 2763 illi
2207 2709 2606 2777 permiscentur
2638 2707 2696 2760 in
2719 2707 2966 2762 domibus
2995 2706 3197 2761 nostris
3223 2706 3514 2759 irridentes
3545 2719 3682 2772 uos;

2105 2802 2362 2872 quoniam
2394 2802 2496 2855 hoc
2528 2808 2794 2853 noverunt
2822 2801 2960 2868 quod
3003 2799 3322 2868 perditionis
3351 2808 3436 2853 est
3461 2806 3688 2859 nostra',

2103 2908 2223 2961 qua:
2249 2904 2426 2945 tamen
2458 2901 2509 2944 et
2546 2891 2657 2959 ipsa
2711 2890 2776 2944 de
2827 2890 3072 2958 proximo
3123 2889 3394 2952 consistit,
3441 2888 3599 2942 sicuti
3625 2896 3686 2941 et

2107 2983 2212 3036 vita
2243 2981 2307 3036 de.
2339 2995 2522 3050 prope.
2555 2980 2685 3046 Quis
2711 2979 2854 3034 enim
2889 2994 3125 3049 unquam
3165 2979 3336 3033 Deum
3383 2977 3595 3046 aspexit
3625 2983 3691 3030 ut

2027 3104 2071 3163 ο
2108 3077 2292 3132 videns
2318 3077 2677 3146 cougauderet
2699 3077 2747 3130 ei
2772 3076 2837 3130 de
2861 3085 3099 3131 retauta.
3137 3081 3278 3146 apud
3306 3077 3685 3143 semetipsum,

2105 3183 2173 3222 ne
2210 3168 2351 3222 forte
2388 3167 2669 3235 aufugeret
2709 3181 2855 3230 eum,
2895 3167 2990 3220 sed
3041 3175 3098 3221 ut
3146 3167 3481 3236 adjudicaret
3522 3167 3694 3218 etiam

2105 3261 2248 3313 velut
2284 3261 2549 3315 habitanti
2592 3260 2643 3313 iu
2696 3260 2797 3314 hoc
2829 3260 3066 3328 pondere
3102 3260 3286 3313 tanto?
3314 3270 3404 3312 aut
3437 3259 3559 3328 quis
3588 3259 3691 3311 ali-

2106 3352 2322 3420 quando
2353 3352 2562 3420 aspexit
2601 3349 2874 3405 diabolum
2905 3362 3303 3421 oppugnantem
3332 3365 3455 3414 nos,
3483 3360 3536 3402 et
3563 3364 3690 3416 prn-

2107 3438 2378 3492 bibentem
2423 3439 2682 3494 ben‘eﬁcia
2735 3439 2979 3508 adipisci,
3033 3443 3407 3495 adversantem
3449 3441 3601 3494 nobis
3632 3450 3695 3494 et

2107 3541 2338 3606 stantem
2384 3531 2436 3584 in
2471 3531 2587 3584 loco
2629 3531 2896 3600 corporali
2923 3541 3154 3596 secreto,
3189 3541 3242 3584 ut
3276 3533 3577 3601 praevidens
3605 3531 3694 3583 l’u-

2109 3634 2261 3691 geret
2293 3623 2361 3677 ab
2392 3625 2541 3693 ipso?
2581 3625 2686 3680 Sed
2725 3625 2800 3679 illi
2854 3625 3069 3693 quidem
3104 3624 3350 3677 habitant
3378 3623 3428 3676 in
3455 3622 3698 3686 occulto,

2112 3732 2209 3770 nos
2235 3729 2408 3770 autem
2439 3718 2780 3785 propalamus
2812 3732 2908 3772 eos
2933 3733 3028 3785 per
3058 3716 3233 3771 studia
3266 3715 3510 3768 meliora.

2183 3809 2292 3864 Vll.
2329 3809 2591 3876 Quoniam
2625 3810 2791 3880 igitur
2828 3824 2900 3864 ex
2929 3823 3035 3863 uno
3064 3808 3322 3864 Creatore
3347 3817 3474 3861 sunt
3502 3821 3698 3860 omnes

2111 3903 2405 3958 secundum
2435 3903 2739 3958 sensualem
2765 3903 3088 3958 exstantiam
3116 3917 3326 3963 eorum,
3356 3901 3408 3953 iu
3434 3899 3698 3970 fugiendo

2113 4010 2242 4050 vero
2272 4012 2366 4050 eos
2393 4012 2422 4049 a
2442 3995 2572 4058 Deo,
2591 4004 2646 4049 et
2675 3996 2842 4050 multa
2869 3996 3156 4050 diversitas
3177 4002 3260 4048 est
3285 3993 3337 4046 in
3371 3993 3478 4048 illis
3501 3992 3696 4048 eﬂecta

2113 4090 2180 4144 ob
2199 4089 2439 4143 diversas
2453 4103 2615 4155 opera
2625 4087 2796 4143 tiones
2812 4087 3076 4156 ipsorum,
3094 4086 3295 4140 idcirco
3313 4092 3493 4138 autem
3511 4083 3694 4136 omnia

2116 4181 2230 4235 haec
2254 4182 2465 4233 nomina
2489 4180 2695 4249 adjecta
2718 4188 2844 4234 sunt
2865 4179 3006 4246 istis,
3027 4188 3246 4250 pr0pter
3269 4176 3701 4245 uniuscujusque

2115 4287 2302 4326 eorum
2343 4273 2712 4340 Operatiouem
2744 4290 2758 4326 :
2791 4270 2914 4324 ideo
2940 4281 2996 4325 et
3031 4287 3174 4324 nunc
3202 4271 3424 4338 quidam
3459 4270 3704 4338 ipsorum

2117 4375 2383 4419 vocantur
2413 4364 2746 4431 archangeli,
2781 4363 2870 4416 alii
2902 4363 3080 4426 sedes,
3111 4372 3165 4416 et
3194 4362 3614 4419 dominationes.
3643 4371 3703 4413 et

439 4458 498 4500 ut
551 4445 718 4500 semel
765 4455 927 4511 atque
982 4443 1297 4510 simpliciter
1349 4441 1600 4504 dixerim,
1655 4450 2006 4510 trausponunl

2121 4465 2510 4524 potestates,,et
2531 4455 2831 4509 cherubim.
2861 4454 2985 4509 Haec
3013 4464 3194 4508 autem
3223 4455 3301 4507 eis
3335 4453 3554 4506 nomina
3577 4463 3705 4504 sum

441 4553 654 4606 semper
687 4552 717 4589 e
755 4545 906 4589 tecta
953 4535 1032 4591 \ia
1069 4535 1120 4587 in
1159 4533 1278 4589 aliis
1333 4549 1492 4601 quam
1534 4531 1778 4600 plurimis
1810 4533 2012 4607 errori.-

443 4632 562 4692 bns,
596 4643 688 4697 per
732 4627 919 4680 omnia
949 4641 1045 4679 nos
1081 4626 1222 4694 ipsos
1253 4625 1466 4679 sibimet
1510 4624 1559 4667 in
1598 4624 1828 4683 lfatttulos
1863 4627 2016 4679 rcde~

444 4730 658 4788 terunt,
707 4735 935 4786 quorum
973 4727 1180 4788 tempus
1217 4733 1320 4770 ιιοιι
1367 4725 1448 4769 est
1495 4718 1548 4774 in
1587 4717 1868 4786 prepatulo
1901 4718 2023 4774 iicri,

445 4811 626 4866 modo.
667 4812 798 4864 Cum
836 4825 963 4864 vero
1008 4810 1091 4862 bis
1131 4808 1381 4864 omnibus
1416 4809 1575 4862 corda
1628 4817 1809 4860 nostra
1847 4806 2016 4876 reple-

448 4907 640 4967 \‘Cl'iltl,
703 4914 755 4958 et
795 4903 1045 4958 iuebriati
1099 4901 1359 4956 fuerimus
1415 4901 1563 4962 illis;
1606 4911 1732 4955 tunc
1780 4899 2019 4966 indulget

452 5002 612 5065 Deus,
646 4996 884 5066 quanditt
931 4998 1067 5065 gerit
1113 4996 1313 5050 malitia
1353 5005 1576 5058 nostra;
1619 5010 1682 5049 ac
1711 4995 1778 5048 de
1815 4993 2019 5063 reliquo

449 5092 814 5147 visitationem
867 5088 1033 5142 nostri
1090 5087 1293 5142 faciens
1347 5088 1670 5146 resolutione
1713 5086 2017 5155 gravissimi

449 5182 695 5252 corporis
761 5180 919 5246 hujus
971 5179 1395 5256 relinquentihus
1424 5178 1572 5244 illud,
1617 5190 1740 5232 tunc
1789 5177 2018 5246 maligna

450 5288 615 5342 opera
639 5287 756 5343 qua:
779 5270 1100 5341 gerebamus
1125 5270 1288 5336 male,
1303 5271 1502 5325 revelat
1535 5273 1690 5325 uobis
1719 5273 1770 5324 in
1797 5287 2021 5340 corpore

452 5380 624 5433 prona:
655 5363 900 5435 exposito
942 5364 1083 5433 quod
1118 5363 1285 5418 induti
1317 5362 1578 5418 fuerimus
1623 5377 1718 5432 per
1751 5362 2029 5432 indulgen-

455 5457 584 5513 tiam
617 5459 925 5520 Conditoris
960 5477 971 5512 :
1011 5469 1134 5512 tunc
1161 5458 1324 5514 etiam
1359 5457 1492 5524 [iant
1529 5457 1810 5511 novissima
1843 5466 2027 5512 nostra

455 5549 638 5617 ιιι-ίοιή
672 5550 991 5612 prioribus”.
1022 5549 1246 5620 Propter
1275 5554 1415 5618 quod
1468 5550 1629 5606 nolite
1671 5547 1832 5622 alll'gi
1871 5551 2026 5604 obsc-

531 5727 705 5784 'Luc.
739 5743 812 5794 xi,
849 5730 935 5781 ἐϋ.

2124 4545 2330 4608 addita,
2361 4551 2460 4614 pro
2485 4561 2551 4600 eo
2587 4547 2728 4616 quod
2759 4545 3068 4600 Conditoris
3095 4545 3293 4614 proprii
3324 4546 3714 4597 custodierunt»

2125 4637 2468 4692 voluntatem.
2503 4637 2632 4692 Item
2678 4638 2746 4691 ob
2791 4638 2996 4692 crimen
3044 4637 3274 4690 aliorum
3309 4644 3572 4694 motuum,
3604 4648 3707 4686 ne-

2123 4731 2426 4783 cessarium.
2455 4727 2558 4782 fuit
2597 4729 2864 4790 nominari
2906 4729 3068 4783 etiam
3103 4728 3266 4791 istos,
3300 4738 3517 4796 propter
3545 4727 3708 4778 mali-

2124 4835 2258 4888 gnas
2285 4819 2696 4874 adinventiones
2726 4819 2988 4889 ipsorum,
3031 4819 3305 4873 diabolum
3341 4829 3396 4871 et
3419 4818 3701 4870 Satanam.

2131 4910 2408 4965 l‘orroalii
2438 4913 2727 4980 nuncupati
2769 4921 2896 4964 sunt
2925 4913 3198 4966 daemones
3228 4911 3566 4980 spiritusque
3595 4923 3706 4962 ma-

2128 5002 2275 5071 ligni,
2309 5005 2471 5058 etiam
2502 5005 2707 5071 mundi,
2741 5003 2895 5058 ﬂatus
2921 5005 3141 5066 erroris,
3189 5004 3462 5072 principes
3495 5018 3706 5070 quoth

2128 5094 2306 5148 saeculi
2345 5096 2520 5162 hujus,
2572 5096 2796 5166 alizeque
2828 5095 3131 5165 complures
3160 5095 3210 5148 iu
3239 5097 3319 5149 eis
3345 5095 3706 5148 adversitates

2127 5186 2415 5245 exsistunt.
2449 5186 2682 5243 Rursum
2724 5203 2856 5242 vero
2901 5198 2954 5242 et
2997 5187 3099 5258 qui.
3127 5187 3486 5242 obviavernut
3522 5186 3628 5240 illis
3653 5186 3704 5238 in

2129 5277 2449 5343 gravissimo
2480 5294 2705 5348 corpore
2738 5280 2840 5334 isto
2881 5283 2931 5332 iu
2962 5294 3068 5348 quo
3092 5289 3146 5332 et
3175 5293 3360 5331 sumus
3402 5277 3707 5330 inhabitari»

2130 5377 2230 5432 tes,
2275 5381 2328 5422 et
2354 5360 2474 5438 lipsi
2515 5371 2678 5423 etiam
2717 5372 3005 5439 nuncupati
3057 5381 3182 5424 sunt
3221 5367 3440 5436 quidam
3477 5366 3707 5436 patriar-

2130 5460 2267 5524 chae,
2296 5462 2385 5514 alii
2410 5476 2536 5515 vero
2561 5461 2835 5532 propheta:
2859 5473 2912 5516 et
2945 5476 3097 5530 reges
3121 5475 3182 5514 ac
3205 5459 3538 5519 sacerdotes.
3577 5472 3707 5512 non-

2134 5549 2261 5606 nulli
2296 5553 2508 5623 jndices
2535 5564 2589 5610 et
2619 5554 2872 5624 apostoli,
2903 5565 3064 5624 atque
3090 5553 3178 5606 alii
3211 5551 3362 5606 multi
3392 5551 3549 5605 electi
3585 5548 3711 5602 etle-
