3990 6210
330 316 430 373 98ἱὶ

1371 323 1427 379 S.
1463 325 1743 386 ΑΝΤΟΝΙΙ
1785 331 1852 384 Μ.
1897 331 2192 387 ABBATIS
2235 331 2597 387 EPISTULJS

3502 343 3608 400 986

336 438 408 492 cti
442 442 666 504 propter
699 432 976 504 egregium
1006 441 1213 489 motum
1240 451 1416 494 suum.
1452 439 1713 498 Universa
1741 454 1918 498 autem
1951 448 1996 505 Α
2025 455 2078 500 et
2116 448 2396 501 tenebrosa
2437 448 2617 500 domo.
2642 448 2814 512 Quam
2846 462 2988 500 cntnt
3022 451 3090 504 ob
3118 465 3335 506 causam
3370 455 3602 513 dissere-

332 530 444 582 hzec
473 527 693 580 nomina
736 525 944 578 adscita
986 537 1112 580 sunt
1156 528 1255 592 eis,
1283 531 1397 584 sive
1425 536 1669 598 masculi,
1699 536 1812 590 sive
1841 537 1918 592 fe-

331 622 510 684 minae,
549 619 618 674 ob
663 617 1010 673 diversitates
1054 623 1387 688 Operationis
1419 641 1631 692 eorum,
1675 640 1731 684 et
1764 630 1916 697 juxta

332 715 696 784 principatum
724 713 990 779 ipsorum,
1023 716 1145 782 quia
1178 731 1245 770 ex
1276 733 1384 773 uno
1405 731 1530 773 sunt
1553 737 1765 776 omnes.
1791 723 1920 778 Pro-

333 817 518 875 pterea
563 820 692 874 ergo
744 806 1058 875 quicunque
1122 808 1172 862 in
1230 811 1531 877 proximum
1591 818 1918 883 peccaverit,

332 898 387 952 itt
423 898 772 963 semetipsum
832 898 1128 968 delinquit;
1167 911 1220 954 et
1252 905 1342 971 qui
1387 905 1526 960 male
1565 907 1756 964 fecerit
1788 886 1916 979 pro-

333 995 515 1054 xitno.
568 995 918 1063 semetipsum
971 995 1134 1050 ellicit
1187 1001 1407 1054 tnalum.
1442 1003 1629 1056 Itidem
1663 1006 1752 1075 qui
1785 1007 1920 1059 bene

305 1087 520 1142 'l’ecerit
571 1088 839 1156 proximo,
880 1088 1100 1144 sibimet
1150 1091 1253 1146 hoc
1307 1092 1471 1157 facit;
1507 1097 1590 1149 sin
1636 1111 1766 1151 vero
1800 1101 1921 1165 quis

333 1181 438 1232 crit
484 1181 574 1248 qui
619 1179 908 1249 aliquando
949 1196 1178 1248 peccare
1221 1186 1458 1252 potuerit
1503 1187 1556 1240 itt
1602 1187 1794 1252 Deum,
1839 1194 1918 1243 vel

333 1273 458 1343 quis
483 1284 564 1327 est
595 1273 684 1342 qui
718 1289 840 1327 eum
880 1290 1118 1342 unquam
1154 1277 1378 1332 reticere
1407 1279 1602 1349 queat?
1631 1281 1764 1346 Quis
1795 1297 1921 1336 vero

332 1375 453 1418 crat
481 1365 570 1434 qui
599 1365 648 1418 ei
680 1365 1070 1420 ministraverit
1117 1367 1433 1438 aliquando,
1471 1379 1564 1425 aut
1596 1372 1720 1440 quis
1751 1375 1915 1428 bene-

332 1459 477 1512 dicat
518 1473 642 1509 eunt
693 1473 956 1526 unquam,
1005 1468 1064 1512 ut
1115 1474 1254 1528 opus
1302 1462 1500 1518 habeat
1542 1464 1920 1522 benedictione

330 1547 490 1613 ejus?
521 1548 658 1613 Quis
692 1548 838 1601 enim
874 1548 1048 1617 potuit
1083 1549 1355 1608 honorare
1384 1553 1559 1618 illum,
1591 1565 1648 1609 ttt
1679 1557 1793 1625 ipse
1825 1559 1921 1613 lto-

332 1639 611 1692 norandus
655 1639 908 1692 exsistit?
939 1640 1016 1692 vel
1057 1643 1179 1708 quis
1208 1652 1294 1697 est
1341 1646 1431 1712 qui
1464 1646 1643 1701 valeat
1675 1648 1921 1703 exaltare

331 1745 457 1784 eum
493 1730 638 1783 sicut
673 1730 922 1785 excelsus
972 1732 1240 1787 habetur?
1271 1735 1635 1801 Quamobrem
1666 1741 1793 1793 dunt
1833 1757 1920 1792 stt-

2029 553 2140 592 rem
2189 539 2359 603 vobis,
2415 539 2518 592 nisi
2557 547 2613 591 ιιι
2667 539 2904 608 requiem
2959 542 3321 598 exhiberem?
3367 545 3519 603 Unde
3552 561 3606 604 et

2024 633 2275 694 obsecro,
2299 642 2355 684 ut
2378 632 2501 701 quia
2527 647 2716 685 omnes
2750 633 2918 685 creati
2953 649 3140 688 sumus
3166 637 3323 691 unius
3349 640 3604 695 SttbSlalt-

2028 725 2116 777 tite
2166 724 2454 778 invisibilis
2494 734 2547 778 et
2580 723 2796 777 initium
2841 727 3092 780 habentis
3127 729 3247 786 sine
3289 729 3413 791 line.
3450 735 3608 788 unice

2027 817 2323 884 diligamus
2354 818 2716 883 alterutrum;
2751 827 3018 888 quotquot
3063 821 3208 875 enim
3248 827 3604 893 cognoverint

2023 911 2364 975 semetipsos,
2423 922 2748 980 cognoscent
2784 915 2925 982 quod
2963 915 3123 967 unius
3151 914 3468 970 substantia:
3507 919 3607 972 in:-

2027 1002 2272 1055 nturtalis
2299 1005 2586 1058 exsistant.

2095 1090 2185 1144 tx.
2230 1094 2382 1148 Scire
2413 1110 2632 1162 quoque
2683 1111 2776 1150 vos
2808 1096 2950 1160 volo,
2986 1098 3131 1165 quod
3169 1099 3324 1154 Iesus
3359 1099 3610 1154 Christus

2025 1181 2281 1235 Dominus
2313 1196 2497 1237 noster
2528 1201 2637 1252 ipse
2662 1184 2841 1239 Patris
2871 1201 3030 1242 verus
3065 1199 3150 1242 est
3178 1205 3389 1251 sensus,
3419 1193 3470 1241 itt
3505 1206 3610 1257 quo

2022 1275 2201 1326 omnis
2251 1275 2527 1342 plenitudo
2565 1279 2730 1328 tutius
2777 1287 2984 1332 naturae
3039 1281 3379 1333 rationabilis
3415 1280 3602 1335 cli‘ecta

2023 1375 2128 1429 est,
2165 1382 2351 1419 eoruttt
2408 1369 2643 1422 maxime
2674 1371 2763 1438 qtti
2814 1381 2943 1425 sunt
2993 1372 3213 1442 imagini
3245 1373 3363 1442 ejus
3399 1375 3612 1429 conlur-

2026 1470 2141 1509 mcs
2177 1453 2376 1519 etIecti,
2417 1468 2575 1524 caput
2611 1460 2776 1511 totius
2806 1471 3068 1516 creaturae
3102 1472 3157 1514 et
3191 1479 3390 1532 corpus
3420 1463 3603 1519 Eccle-

2024 1546 2138 1598 sia}.
2183 1543 2315 1596 Nam
2365 1555 2418 1598 et
2472 1547 2676 1600 idcirco
2723 1564 2822 1602 nos
2853 1565 3041 1603 omnes
3069 1552 3301 1605 membra
3348 1570 3528 1607 sumus
3560 1557 3611 1606 in

2023 1635 2334 1689 alterutram
2370 1648 2417 1689 et
2470 1653 2656 1705 corpus
2710 1638 2906 1691 Christi
2923 1640 3016 1692 “z
3065 1641 3176 1694 Nec
3229 1652 3396 1710 potest
3445 1645 3615 1697 dicere

2024 1737 2180 1796 caput
2215 1727 2610 1796 pedibus:Nou
2643 1732 2784 1784 vobis
2816 1733 2979 1787 habeo
3007 1751 3166 1802 opus;
3206 1737 3374 1795 δράβὶ
3413 1739 3616 1804 patitur

334 1837 457 1876 tuus
489 1824 666 1877 vestiti
701 1823 1023 1893 gravissimo
1067 1840 1293 1893 corpore
1335 1830 1460 1893 isto,
1512 1831 1694 1884 alieno
1730 1833 1926 1884 invita-
1960 1819 2000 1873 Β
2029 1836 2191 1872 unum
2239 1821 2550 1885 membrum,
2599 1833 2766 1875 totttm
2813 1841 3003 1892 corpus
3047 1838 3285 1881 movetur
3317 1845 3435 1881 cum
3476 1846 3534 1883 eo
3567 1841 3614 1883 et

335 1924 522 1968 mento
561 1917 880 1970 suscitemus
930 1916 1096 1970 Deum
1144 1918 1195 1971 itt
1243 1920 1425 1984 nobis,
1465 1931 1523 1975 ut
1561 1923 1664 1977 hoc
1704 1933 1925 1992 agentes

332 2007 776 2062 commendemus
821 2007 965 2060 illam
1015 2009 1160 2065 circa
1201 2026 1299 2066 nos
1337 2013 1602 2068 bonorum
1654 2017 1921 2070 viscerum

330 2099 648 2153 essentiam.
677 2098 792 2152 Non
846 2112 1026 2154 autem
1056 2103 1225 2156 simus
1258 2107 1616 2174 nosmetipsos
1649 2119 1920 2173 amantes,
1959 2143 1969 2153 ι

332 2191 414 2245 sin
463 2191 665 2255 minus,
718 2191 933 2246 illorum
983 2194 1343 2251 inconstantis
1393 2200 1659 2266 partionis
1693 2201 1920 2256 erimus.

337 2285 473 2338 Nam
503 2283 592 2352 qui
635 2285 948 2352 cognoverit
1003 2289 1383 2356 semetipsum,
1415 2291 1696 2346 universos
1722 2309 1925 2364 cogno-

339 2374 434 2428 vit.
473 2372 593 2428 Ideo
627 2384 682 2429 et
721 2376 984 2443 scriptum
1034 2387 1116 2430 est
1144 2395 1158 2430 :
1188 2379 1293 2442 Qui
1326 2381 1521 2434 vocavit
1553 2398 1615 2434 ea:
1645 2383 1831 2446 niltt'lo,
1868 2397 1922 2436 ut

335 2476 501 2520 essent
539 2468 786 2521 cumta’.
836 2467 947 2522 Hoc
979 2479 1162 2521 autent
1207 2470 1474 2536 dicentes,
1511 2472 1825 2542 signiﬁcant
1861 2481 1926 2530 tle

333 2558 570 2612 sensuali
604 2568 820 2620 natura,
870 2575 991 2628 quae
1024 2561 1236 2614 occulta
1266 2571 1348 2615 est
1377 2561 1429 2615 itt
1460 2564 1560 2618 hoc
1586 2568 1925 2636 corruptibili

335 2663 583 2719 corpore,
620 2657 869 2704 exstante
920 2650 970 2702 in
1024 2650 1314 2719 principio,
1352 2650 1683 2724 increpanda
1725 2660 1793 2710 ab
1838 2675 1922 2713 eo.

334 2742 440 2795 Aut
463 2743 555 2813 qui
594 2743 834 2811 potuerit
865 2743 1088 2814 diligere
1123 2745 1515 2816 semetipsum,
1565 2747 1922 2805 nihilominus

337 2833 524 2905 diliget
549 2850 757 2890 omnes.

414 2926 550 2981 \‘lll.
581 2927 905 2983 Charissimi
939 2928 1088 2984 ﬁlioli
1117 2931 1246 2998 mei,
1277 2947 1462 3001 quaeso
1493 2949 1589 2988 vos
1619 2944 1679 2988 ttt
1715 2951 1819 2990 non
1854 2937 1930 2989 la-

339 3021 562 3086 boretis,
599 3035 775 3090 neque
816 3020 1118 3090 fatigemini
1165 3022 1394 3078 invicem
1441 3024 1768 3092 diligentes;
1832 3031 1928 3082 sed

339 3113 513 3168 tollite
540 3129 744 3182 corpus
778 3130 884 3183 quo
909 3115 1044 3170 estis
1076 3115 1274 3180 induti,
1305 3125 1360 3170 et
1387 3115 1552 3172 facile
1581 3119 1709 3173 illud
1735 3119 1926 3182 altare,

340 3217 606 3274 ponentes
647 3207 878 3275 desuper
913 3220 1131 3260 omnem
1177 3206 1627 3263 deliberationem
1661 3221 1927 3276 vestram,

341 3315 674 3369 omnemque
708 3299 1002 3368 malignum
1036 3299 1361 3352 instructum
1391 3299 1681 3370 relinquite
1719 3303 1769 3356 in
1801 3319 1931 3358 con-

340 3403 527 3463 specta
579 3391 812 3446 Domini.
860 3391 1117 3446 Extollite
1167 3407 1359 3446 manus
1407 3393 1590 3449 cordis
1644 3396 1810 3449 vestri
1862 3393 1929 3448 ad

339 3501 465 3539 eum
501 3485 577 3549 ‘°;
629 3483 682 3538 id
729 3492 812 3538 est
861 3497 1053 3538 sensus
1101 3485 1434 3554 agendorum
1468 3503 1481 3540 :
1514 3494 1570 3542 et
1624 3489 1926 3555 precatnini

344 3578 513 3632 Deum
537 3589 594 3631 ut
615 3577 777 3632 donet
809 3575 960 3631 vobis
1004 3576 1152 3631 illum
1195 3578 1522 3635 invisibiletn
1572 3589 1628 3634 et
1676 3596 1928 3650 magnum

344 3673 543 3742 ignem,
583 3671 675 3741 qtti
720 3671 1056 3726 descendens
1082 3672 1299 3726 coalitus
1330 3674 1582 3728 comedat
1614 3675 1786 3728 altare
1807 3675 1848 3706 “
1878 3685 1933 3729 et

340 3765 525 3819 omnia
573 3779 694 3834 qua:
740 3763 795 3819 in
840 3779 934 3830 eo;
983 3763 1334 3832 universique
1361 3766 1674 3821 sacerdotes
1700 3765 1930 3830 Baalim,

341 3858 433 3926 qui
458 3858 677 3927 quidem
718 3858 994 3912 exsistunt
1025 3855 1368 3926 operatioues
1408 3858 1672 3924 adversae,
1707 3861 1932 3914 timeant

344 3950 615 4021 fugientes
658 3965 688 4005 a
741 3949 882 4007 facie
925 3962 1130 4016 vestra,
1159 3951 1612 4018 quemadmodum
1649 3952 1780 4007 Elia!
1809 3967 1935 4022 pro-

345 4042 541 4111 phetae.
570 4042 722 4098 Tunc
750 4043 964 4097 demum
995 4040 1247 4094 videbitis
1278 4042 1562 4112 vestigium
1610 4045 1844 4098 hominis
1883 4047 1934 4096 itt

347 4135 482 4190 mari
531 4135 810 4190 adducens
848 4133 1137 4205 specialem
1187 4133 1438 4198 imbrem,
1473 4136 1614 4202 quod
1648 4149 1733 4190 est
1770 4136 1938 4190 Para-

345 4230 467 4284 cleti
517 4228 760 4299 Spiritus
800 4231 1122 4286 consolatio.
1171 4231 1520 4286 Dilectissimi
1565 4231 1667 4284 mei
1724 4231 1836 4283 nati
1883 4231 1935 4284 in

349 4323 596 4387 Domitio,
650 4321 742 4374 lilii
791 4321 1046 4377 Israelitte
1093 4324 1450 4388 sanctissimi,
1500 4338 1606 4377 non
1665 4337 1804 4392 opus
1852 4332 1938 4377 est

349 4413 644 4468 hcatilicari
680 4413 969 4483 corporut’n
1016 4425 1323 4470 nostrorum
1372 4415 1637 4470 vocabula
1675 4414 1939 4468 transitu-

351 4522 441 4570 ra;
487 4521 584 4560 nec
621 4506 763 4561 enim
813 4507 1074 4576 ignoratis
1118 4509 1442 4562 cbaritatem
1480 4522 1640 4576 quam
1683 4507 1856 4561 habeo
1890 4507 1939 4560 in

292 4587 305 4597 ’
351 4600 524 4665 vobis,
551 4599 676 4668 quia
705 4616 809 4652 non
837 4609 915 4653 est
939 4601 1180 4653 cltaritas
1210 4599 1537 4667 corporalis,
1563 4599 1658 4653 sed
1684 4599 1940 4669 spiritua-

349 4695 412 4746 lis
452 4703 500 4747 et
533 4707 722 4745 amans
755 4693 940 4745 Dennt.
980 4691 1188 4756 Dilecti,
1237 4693 1286 4745 in
1321 4693 1421 4746 huc
1462 4701 1515 4746 ct
1541 4690 1755 4760 repleor
1795 4689 1937 4758 quod

349 4783 631 4837 beatitudo
667 4782 820 4836 vobis
870 4781 1010 4836 facta
1063 4783 1132 4836 sit
1179 4783 1231 4836 in
1277 4791 1521 4852 tempore
1570 4781 1694 4834 isto.
1744 4779 1939 4833 Sermo

349 4877 513 4947 igitur
544 4877 699 4932 vobis
731 4877 962 4931 exsistat
991 4878 1179 4948 judex,
1225 4893 1286 4932 ac
1327 4894 1431 4932 non
1490 4876 1775 4932 mstimetis
1809 4891 1936 4945 per.

348 4967 548 5024 fectum
595 4978 834 5022 vestrum
886 4969 1212 5023 institutum.
1259 4969 1412 5035 Quod
1468 4975 1551 5022 est
1605 4983 1736 5038 ergo
1784 4966 1942 5021 obse-

350 5061 536 5129 quium
573 5060 686 5124 Dei,
726 5069 966 5114 nostram
1021 5061 1072 5115 in
1114 5070 1320 5114 tantum
1375 5061 1748 5134 operationem
1797 5059 1927 5113 exsi-

349 5152 532 5206 stere?
562 5152 667 5207 Sed
700 5161 781 5206 est
815 5151 986 5205 virtus
1020 5153 1267 5220 quaedam
1298 5167 1599 5220 cooperans
1635 5149 1942 5205 vobis.Cer-

353 5254 531 5300 tantes
563 5245 742 5313 itaque
777 5259 872 5299 vos
909 5245 1054 5314 ipsos
1095 5246 1283 5314 offerre
1313 5246 1538 5298 hostiam
1573 5243 1680 5298 Deo
1703 5245 1768 5308 ",
1808 5260 1942 5296 con-

355 5339 502 5392 tinne
538 5338 772 5406 prtebete
813 5338 1127 5405 coeperanti
1173 5337 1326 5390 vobis
1378 5336 1566 5390 virtuti
1610 5347 1664 5389 et
1701 5336 1939 5401 requiem

353 5429 553 5483 Christi
581 5429 733 5492 Jesu,
758 5429 1018 5500 quoniam
1052 5428 1202 5483 unita
1237 5439 1323 5482 est
1346 5430 1602 5482 universo
1626 5436 1943 5483 sanctorum

353 5522 548 5586 choro,
583 5524 678 5576 sed
707 5521 923 5599 etmihi
955 5521 1250 5576 deterrimo
1282 5520 1550 5576 habitanti
1586 5520 1637 5573 in
1668 5519 1769 5573 hac
1799 5519 1947 5574 lutea

432 5717 452 5743 ’
484 5719 614 5789 5η).
650 5737 686 5780 t,
739 5721 822 5774 Η.

362 5789 404 5818 ⁸⁸
434 5790 567 5846 ibid.
598 5791 688 5856 21,
721 5792 812 5847 “205.

940 5722 980 5750 ‘°
1019 5718 1158 5772 l’sa!.
1215 5733 1441 5779 cxxxttt,
1478 5719 1530 5770 2.

894 5793 934 5822 ³³
979 5791 1076 5846 lsa.
1131 5804 1262 5853 un,
1318 5789 1371 5844 5.

1653 5717 1690 5746 ¹¹
1744 5715 1801 5768 Ill
1847 5714 2170 5786 Regaxvtn,
2209 5714 2276 5769 38
2311 5728 2466 5784 seqq.

1479 5789 1520 5818 “‘
1561 5785 1702 5843 l‘sal.
1743 5785 1947 5851 CXXII,
1978 5785 2032 5841 ι.

2025 1910 2312 1978 patitur”.
2357 1914 2729 1968 Alienatornm
2773 1932 2900 1969 vero
2950 1921 3315 1973 membrorum
3368 1925 3618 1987 corporis

2026 2017 2146 2071 quas
2179 2005 2395 2072 prOprio
2443 2023 2546 2058 non
2606 2018 2731 2084 sunt
2777 2011 2935 2076 capiti
2975 2014 3204 2076 sociata,
3242 2016 3334 2066 sed
3385 2013 3617 2067 tarditati

2026 2095 2232 2161 dedita,
2267 2108 2488 2164 propter
2516 2101 2764 2167 proprias
2798 2101 3080 2154 libidinttnt
3111 2105 3390 2170 passiones
3417 2120 3432 2168 ;
3473 2104 3614 2159 irre-

2027 2189 2334 2244 mediahilis
2369 2207 2556 2245 eorum
2594 2191 2783 2247 eﬂecta
2816 2205 2899 2248 est
2935 2197 3107 2264 plaga,
3133 2196 3258 2264 quia
3289 2197 3617 2250 oblivionem

2028 2295 2357 2352 acceperunt
2389 2286 2639 2353 principii
2675 2297 2839 2354 atque
2875 2288 3018 2341 ﬁnis.
3062 2287 3115 2341 ln
3153 2305 3261 2357 quo
3302 2299 3359 2343 et
3402 2298 3619 2342 creatu-

2031 2384 2212 2422 rarum
2248 2374 2486 2438 genitor,
2528 2375 2827 2428 visceribus
2872 2387 3049 2429 motus
3090 2392 3188 2444 pro
3232 2377 3387 2446 plaga
3428 2389 3616 2432 nostra
3701 2392 3710 2399 ί

2028 2478 2148 2528 qua:
2182 2463 2366 2517 sanari
2397 2480 2502 2518 non
2551 2476 2766 2530 poterat
2794 2468 2894 2520 nisi
2932 2483 3029 2536 per
3056 2470 3228 2522 solam
3263 2472 3433 2539 ipsius
3469 2471 3622 2526 boni-

2029 2563 2218 2616 tatem,
2275 2557 2421 2610 ntisit
2463 2556 2810 2625 Unigenitunt
2850 2563 3024 2621 nobis.
3060 2571 3116 2614 ut
3154 2577 3250 2629 per
3293 2564 3618 2617 Servitutem

2031 2657 2296 2709 nostram,
2337 2649 2615 2703 servitutis
2646 2663 2950 2704 assumeret
2986 2651 3239 2714 formam,
3277 2657 3625 2722 traderetque

2029 2754 2089 2792 se
2143 2756 2238 2806 pro
2270 2745 2512 2808 peccatis
2547 2745 2766 2798 t-ostris.
2812 2743 2875 2796 Et
2921 2756 3140 2811 peccata
3179 2745 3400 2815 quidem
3436 2756 3621 2799 nostra

2034 2833 2461 2886 humiliaverunt
2491 2851 2637 2897 eunt,
2660 2835 2756 2888 sed
2788 2835 2952 2889 livore
2977 2841 3088 2905 ejus
3118 2855 3210 2892 nos
3243 2855 3420 2894 omnes
3444 2842 3622 2893 sanati

2030 2941 2214 2979 sumus
2239 2927 2302 2977 ¹⁸.
2342 2925 2438 2979 llic
2476 2929 2825 2996 congregavit
2854 2943 2950 2982 nos
2987 2943 3052 2982 ex
3101 2930 3354 2984 omnibus
3397 2932 3628 2999 regioni-

2036 3016 2155 3077 bus,
2197 3031 2480 3082 tlSqtthtttt
2535 3017 2994 3071 resurrectionem
3030 3019 3271 3072 cordium
3309 3031 3622 3074 nostrorum

2035 3111 2101 3160 de
2149 3118 2290 3160 terra
2347 3109 2570 3172 I‘aceret,
2625 3109 2825 3162 dot-ens
2878 3121 3102 3163 cunctos
3149 3125 3252 3164 nos
3296 3112 3461 3164 unius
3506 3125 3628 3166 esse

2038 3189 2355 3252 substantia:
2388 3213 2438 3254 et
2475 3200 2713 3254 uentbra
2751 3202 3095 3254 alterutrum.
3133 3202 3423 3270 Propterea
3456 3203 3620 3257 ἀρδο-

2041 3307 2162 3345 llltts
2198 3293 2425 3362 diligere
2457 3294 2827 3358 vehementer,
2858 3295 2981 3361 quia
3019 3294 3334 3363 quicunque
3381 3291 3630 3350 dilexerit

2041 3385 2370 3455 proximum,
2408 3386 2593 3452 diliget
2623 3387 2858 3438 animant
2889 3390 3188 3454 proin-iatn.

2113 3476 2180 3530 Χ.
2212 3477 2274 3530 Et
2307 3478 2392 3532 hic
2426 3493 2610 3531 sermo
2647 3477 2964 3532 manifestus
2998 3481 3066 3531 sit
3108 3481 3281 3544 vobis,
3319 3479 3630 3535 charissimi

2042 3572 2154 3624 nati
2193 3571 2245 3624 itt
2294 3571 2542 3633 Domino,
2583 3573 2673 3623 lilii
2717 3570 2976 3626 Israelita:
3023 3573 3221 3634 Sancti,
3255 3573 3345 3640 qui
3395 3573 3632 3639 parastis
3693 3613 3698 3616 .

2043 3663 2403 3732 vosmetipsos
2478 3664 2544 3715 atl
2617 3665 2798 3726 Deutn_
2846 3666 2959 3725 ire,
3021 3662 3221 3717 oll'erre
3274 3666 3633 3731 vosmetipsos

2045 3756 2278 3809 hostiam
2311 3755 2418 3807 Deo
2444 3754 2495 3805 in
2527 3755 2676 3806 omni
2704 3756 3019 3816 Sanctitate,
3048 3754 3304 3821 quoniam
3336 3767 3435 3806 nec
3455 3764 3624 3819 potest

2045 3848 2417 3902 ltaereditatetn
2471 3861 2669 3912 capere
2714 3846 2985 3914 quispiam
3024 3845 3142 3898 siue
3177 3845 3489 3898 sanctitate.
3526 3844 3633 3897 Aut

2045 3940 2288 4010 nunquid
2322 3940 2608 4008 ignoratis,
2639 3938 3001 3999 dilectissimi,
3025 3938 3168 4005 quod
3196 3935 3494 3989 adversarii
3521 3936 3627 3988 vir-

2047 4031 2178 4084 tutis
2240 4029 2456 4083 veritati
2505 4043 2722 4096 semper
2755 4026 3120 4080 insidiantur?
3147 4025 3210 4079 Et
3244 4027 3470 4090 idcirco,
3503 4025 3634 4079 cha—

1991 4123 1993 4125 ’
2047 4124 2270 4186 rissimi,
2303 4124 2593 4176 observate
2618 4137 2684 4174 ne
2712 4124 2856 4172 detis
2885 4119 3060 4172 oculis
3089 4135 3361 4185 somnum,
3395 4129 3486 4172 aut
3515 4120 3634 4172 dor-

2047 4216 2388 4270 mitatiouem
2423 4213 2695 4282 palpebris
2730 4211 2797 4274 ",
2834 4209 3234 4280 proclamantes
3261 4211 3326 4264 ad
3353 4211 3630 4278 proprium

2045 4311 2397 4364 Conditorem
2431 4308 2516 4360 die
2540 4321 2603 4360 ac
2634 4315 2816 4366 nocte.
2847 4304 2895 4359 si
2931 4303 3069 4357 forte
3105 4303 3448 4372 regrediatnr
3481 4299 3634 4354 vobis

2055 4402 2384 4472 adiutorium
2418 4402 2486 4453 ab
2524 4399 2775 4462 Excelsa,
2807 4415 2915 4468 quo
2946 4404 3286 4466 protegente,
3321 4395 3429 4447 sint
3464 4393 3628 4446 corda

2053 4504 2234 4549 vestra
2271 4502 2325 4546 et
2372 4491 2734 4562 cogitationes
2785 4490 2836 4542 itt
2874 4487 3116 4543 Christo.
3154 4485 3288 4540 Nam
3319 4500 3466 4548 vere,
3499 4497 3533 4537 ο
3575 4483 3636 4535 li-

2049 4589 2187 4651 lioli,
2226 4589 2279 4641 in
2329 4589 2489 4640 domo
2534 4600 2722 4640 sumus
2761 4583 2987 4637 latronis
3027 4581 3433 4644 inhabitantes,
3479 4586 3534 4630 et
3582 4575 3636 4630 in

2047 4680 2283 4738 vinculis
2333 4678 2527 4733 mortis
2576 4688 2859 4732 exstantns
2906 4675 3092 4730 vincti.
3126 4673 3233 4728 Pro
3281 4684 3430 4727 certo
3472 4671 3634 4724 etiam

2049 4775 2175 4829 dico
2212 4773 2384 4835 vobis,
2416 4773 2562 4842 quod
2605 4779 2791 4824 nostra
2839 4766 3168 4835 negligentia
3208 4776 3263 4820 et
3309 4763 3635 4827 hnmiliatio,

2049 4879 2314 4925 extranea
2348 4865 2669 4924 commotio.
2698 4877 2801 4916 non
2835 4861 2992 4915 nobis
3017 4860 3149 4915 solis
3172 4868 3255 4912 est
3284 4857 3634 4918 detrimento.

2050 4963 2144 5018 sed
2195 4958 2402 5029 angelis
2450 4957 2604 5011 labor
2651 4955 2891 5018 exsistit,
2943 4962 3000 5006 et
3043 4951 3298 5006 omnibus
3331 4948 3535 5003 sanctis
3585 4947 3636 5000 itt

2049 5055 2265 5109 Christo
2313 5050 2477 5114 Jesu,
2530 5049 2655 5118 quia
2721 5047 2960 5101 nondum
3025 5057 3198 5110 usque
3256 5041 3638 5109 requievernnt

2048 5158 2271 5218 propter
2293 5159 2413 5199 nos.
2440 5140 2608 5204 Vere,
2641 5141 2754 5195 nati
2787 5139 2918 5199 mei.
2950 5139 3066 5190 haec
3098 5143 3282 5189 nostra
3306 5129 3636 5194 hnmiliatio,

2054 5240 2163 5295 illis
2189 5239 2448 5291 omnibus
2480 5234 2706 5291 tristitia
2735 5241 2838 5294 est,
2867 5231 3010 5284 sicut
3044 5229 3239 5282 iterum
3266 5224 3415 5278 salus
3443 5233 3497 5278 et
3526 5222 3634 5292 glo-

2058 5331 2222 5386 riatio
2261 5339 2473 5393 nostra,
2515 5324 2938 5380 lattil‘tcationem
2973 5321 3054 5376 eis
3089 5335 3155 5375 ac
3184 5319 3426 5389 requiem
3458 5317 3637 5371 omni-

2055 5424 2156 5479 bus
2207 5422 2435 5494 prtebet,
2469 5429 2530 5474 ut
2563 5427 2743 5473 autem
2778 5415 3124 5486 cognoscatis
3164 5413 3290 5484 quia
3323 5409 3636 5481 benignitas

2057 5514 2236 5570 Patris
2267 5529 2374 5569 non
2409 5518 2607 5576 cessat,
2637 5524 2666 5564 a
2698 5525 2806 5579 quo
2837 5505 3005 5562 motio
3035 5504 3178 5562 facta
3208 5519 3253 5558 e.
3274 5511 3315 5569 t,
3350 5498 3634 5556 beneﬁciis

2568 5712 2610 5742 “
2636 5707 2792 5765 Rom.
2830 5723 2927 5775 ιιι,
2972 5706 3021 5761 ι.
3122 5690 3181 5736 ’⁸⁸
3219 5702 3232 5756 l
3265 5701 3371 5758 Cor
3423 5701 3634 5768 xtt,‘27.
