3990 6210
351 309 457 365 9'37

1472 315 1741 372 PATRES
1777 316 2074 374 AiGYPTll
2111 319 2379 377 samum
2419 297 2517 374 tv.

3488 316 3604 374 988

352 427 581 480 fulciens
623 440 839 497 seraper
872 444 1040 498 usque
1089 430 1142 484 in
1176 431 1516 500 hodiernum,
1557 446 1614 491 ut
1656 437 1924 493 obnoxios
1954 444 2000 500 Α
2030 440 2166 494 ιιιίιιι
2225 438 2550 494 alterutrum
2589 437 2907 506 pervidere;
2944 452 3064 490 eum
3120 434 3393 503 aufugerit
3424 436 3602 499 dolor,

355 517 557 570 fact-ret
579 533 678 571 nos
704 535 936 589 propriae
955 523 1137 588 morti,
1163 525 1417 592 quoniam
1449 526 1501 578 in
1527 537 1710 582 nostra
1735 542 1925 583 sumus

353 618 620 676 putestate
668 612 833 665 creati
872 629 886 665 :
919 613 1060 668 unde
1107 624 1158 669 et
1193 614 1269 669 illi
1316 617 1593 684 postulant
1630 633 1730 687 pro
1771 620 1926 674 nobis

359 715 596 768 semper.
650 703 790 757 sicut
839 705 1101 775 scriptum
1143 717 1224 761 est
1265 725 1277 760 :
1314 707 1568 764 Immittet
1612 727 1666 765 se
1711 712 1925 780 angelus

356 787 566 842 Domini
617 792 672 845 in
732 793 959 846 circuitu
1009 797 1300 850 timentium
1352 812 1508 865 eum,
1568 809 1615 853 et
1683 800 1924 853 liberabit

353 897 438 932 cos
477 881 541 934 ¹⁷.

427 969 514 1023 XI.
570 973 729 1042 Ergo,
784 975 953 1039 ﬁlioli,
1000 976 1140 1031 scire
1183 992 1277 1032 vos
1319 979 1472 1043 volo,
1505 993 1568 1033 ex
1603 995 1710 1049 quo
1756 981 1926 1034 factus

357 1062 584 1116 mundus
609 1078 776 1133 usque
805 1079 968 1134 nunc,
997 1065 1251 1123 universa
1277 1083 1612 1137 quaecunque
1633 1080 1785 1125 extra
1815 1071 1922 1124 vir-

362 1162 531 1205 tutem
567 1153 814 1220 fuerunt,
852 1156 1113 1226 completa
1158 1158 1359 1214 malitia
1397 1161 1672 1227 ipsorum,
1719 1170 1772 1215 et
1825 1161 1922 1230 ipsi

360 1252 694 1310 cognoscunt
741 1260 800 1299 se
840 1248 984 1300 inter
1033 1246 1174 1302 ﬁlios
1214 1262 1337 1302 esse
1369 1247 1566 1302 diaboli
1617 1256 1922 1318 reputatos,

359 1343 645 1402 propterea
675 1336 818 1403 quod
855 1345 1121 1390 conantur
1163 1336 1456 1406 unicuique
1491 1347 1732 1392 nostrum
1770 1338 1921 1408 inge-

358 1439 480 1477 rere
512 1426 783 1494 propriam
811 1428 1163 1481 volunlatetu.
1187 1427 1321 1482 Nam
1355 1444 1453 1498 pro
1481 1439 1630 1484 certo
1653 1439 1755 1495 est,
1785 1430 1924 1497 quod

355 1531 477 1566 cum
515 1530 573 1569 se
610 1519 816 1570 noverit
853 1518 1099 1572 diabolus
1147 1532 1244 1586 per
1278 1518 1586 1586 superbiam
1623 1528 1674 1572 et
1707 1519 1923 1572 inanem

359 1602 586 1668 gloriam
628 1606 848 1660 cmlitus
885 1607 1052 1662 fuisse
1084 1607 1388 1676 dejectum;
1429 1607 1547 1662 ideo
1585 1617 1640 1661 et
1695 1608 1783 1661 ille
1831 1624 1926 1663 eos

359 1695 452 1760 qui
488 1697 830 1763 pervenerint
863 1699 912 1749 in
951 1714 1197 1768 magnam
1224 1715 1556 1763 mensuram,
1593 1701 1922 1770 aggreditur.

2032 529 2252 584 tristitia
2289 544 2353 584 ac
2385 527 2619 598 gemitus
2649 527 2719 591 ‘°,
2755 541 2987 596 cumque
3022 538 3184 593 super
3219 535 3383 594 caput
3416 525 3604 578 exsul-

2030 619 2164 673 tatio
2206 619 2476 673 exstiterit
2526 616 2924 671 universorum.
2975 615 3140 670 Erant
3178 623 3232 670 et
3285 613 3390 667 alia
3437 613 3601 669 umlts

2025 727 2146 781 qua:
2184 711 2341 766 velim
2392 711 2600 776 dicere;
2635 710 2730 763 sed
2782 709 2829 764 si
2867 708 3066 761 dedero
3110 707 3457 762 occasionem
3515 719 3599 758 sa-

2026 803 2190 872 pienti
2219 803 2518 872 sapientior
2549 803 2738 857 erit".
2771 800 2962 854 Saluto
2994 813 3184 852 omnes
3207 796 3608 852 desideratissi-

2027 909 2143 949 tnos
2172 909 2321 950 meos
2349 903 2401 949 et
2433 902 2588 946 natos
2617 891 2670 944 in
2706 890 2956 952 Domino,
2993 904 3089 956 per
3119 903 3338 942 nomen.

2586 979 2918 1036 EPISTOLA
2960 980 3042 1034 Ill.

2097 1075 2139 1128 i.
2175 1075 2335 1129 Scitis
2370 1075 2596 1144 gratiam
2616 1072 2834 1125 Domini
2870 1071 3032 1124 nostri
3061 1070 3187 1124 Iesu
3215 1068 3436 1135 Christi,
3463 1073 3604 1137 quod

2026 1175 2239 1236 propter
2273 1181 2368 1218 nos
2415 1180 2616 1232 pauper
2651 1163 2824 1231 factus
2870 1171 2946 1215 est
2982 1176 3098 1214 cum
3145 1161 3292 1213 diues
3342 1175 3509 1223 esset,
3547 1170 3600 1212 ut

2028 1273 2120 1311 nos
2160 1264 2468 1326 paupertate
2508 1254 2652 1308 illius
2699 1253 2992 1305 ditaremur
3028 1251 3104 1313 ";
3161 1249 3392 1304 servitus
3420 1260 3600 1302 autem

2037 1346 2181 1400 illius
2207 1343 2460 1399 liberavit
2487 1356 2606 1407 nos,
2641 1350 2696 1396 et
2731 1339 3014 1394 inﬁrmitas
3045 1337 3163 1407 ejus
3199 1337 3481 1391 constituit
3509 1351 3601 1389 va-

2029 1436 2193 1491 lidos.
2231 1435 2470 1490 Stultitia
2500 1435 2644 1488 illius
2679 1448 2775 1487 nos
2805 1432 3080 1500 sapientes
3109 1429 3308 1490 ell'ecit,
3337 1429 3381 1482 si
3419 1440 3597 1481 tamen

2033 1533 2252 1590 iterum,
2291 1543 2390 1596 per
2423 1535 2648 1580 mortem
2688 1524 2986 1592 propriam,
3026 1521 3476 1577 resurrectionem
3518 1518 3601 1573 fa-

2029 1620 2138 1672 eiat
2190 1627 2462 1679 nostram,
2494 1625 2551 1668 ut
2591 1615 2642 1668 in
2680 1616 2781 1668 hac
2813 1614 3081 1681 possimus
3117 1626 3298 1666 vocem
3349 1625 3604 1680 magnam

2029 1709 2239 1764 elevare
2278 1711 2520 1764 dicentes
2561 1725 2573 1761 :
2622 1705 2852 1760 Tametsi
2889 1706 3124 1758 novimus
3170 1704 3454 1757 secundum
3482 1717 3602 1755 rar-

329 1785 410 1833 -in
441 1785 630 1850 primis
659 1786 896 1840 artiﬁces
924 1788 1250 1841 exsistcutes
1273 1805 1366 1856 per
1397 1790 1702 1858 superbiam
1727 1800 1777 1844 et
1812 1792 1928 1844 ina-
1960 1777 2004 1830 Β
2033 1818 2168 1864 nam,
2197 1802 2288 1854 ποι
2319 1808 2563 1854 meum,“
2591 1809 2664 1852 εει
2698 1798 2750 1850 δη
2783 1796 2989 1851 anim,
3023 1805 3153 1848 ηοω
3183 1795 3250 1847 η,
3279 1793 3442 1856 vere,
3472 1795 3603 1846 ειη,

356 1889 478 1927 nem
536 1876 786 1944 gloriam,
846 1889 904 1930 ut
956 1880 1066 1932 sint
1120 1880 1406 1934 adversum
1470 1895 1528 1934 se
1585 1882 1926 1948 alterutrum,

355 1965 592 2022 scientes
625 1971 766 2036 quod
795 1984 892 2038 per
924 1971 1023 2023 ista
1051 1980 1338 2047 segregent
1363 1985 1460 2024 uos
1485 1987 1514 2024 a
1548 1973 1676 2027 Deo.
1708 1973 1770 2026 Et
1801 1975 1927 2042 quia

355 2069 620 2112 noverunt
652 2062 791 2126 quod
844 2060 934 2126 qui
983 2061 1274 2115 dilexerint
1313 2063 1645 2131 proximum,
1694 2067 1927 2135 diligant

358 2145 546 2210 Deum,
595 2148 714 2202 ideo
758 2157 812 2204 et
848 2151 920 2204 illi
956 2165 1077 2205 cum
1129 2153 1238 2206 sint
1272 2153 1488 2206 virtutis
1526 2155 1728 2209 inimici
1752 2196 1766 2220 ,
1801 2173 1929 2224 pro-

356 2238 530 2304 prium
557 2243 825 2296 seminant
855 2241 1100 2298 fomitem
1129 2244 1531 2299 simulationum
1561 2246 1613 2298 in
1645 2247 1807 2300 corde
1837 2263 1931 2300 no-

356 2339 491 2391 stro,
525 2340 584 2384 ut
611 2333 983 2399 possideamus
1008 2334 1348 2389 inimicitiam
1383 2351 1633 2405 magnam
1665 2338 1929 2392 adversus

356 2423 703 2492 alterutrum,
736 2443 800 2482 ne
833 2428 912 2481 vel
943 2428 1009 2482 de
1049 2431 1204 2500 longe
1243 2415 1494 2498 pro'ximo
1533 2429 1926 2500 colloquantur.

360 2515 416 2568 In
457 2527 624 2568 totum
663 2533 808 2581 vere,
848 2519 1016 2584 ﬁlioli,
1061 2522 1179 2575 volo
1213 2536 1308 2575 vos
1356 2521 1516 2575 etiam
1555 2523 1694 2575 istud
1730 2536 1930 2591 cogno-

356 2621 532 2672 scere,
561 2623 682 2661 esse
724 2609 1152 2678 quamplurimos
1218 2611 1308 2679 qui
1351 2611 1713 2665 sustinuerint
1762 2612 1932 2664 maxi-

358 2715 500 2752 ιιιιιιιι
533 2713 808 2754 tertamen
859 2703 910 2754 in
955 2706 1367 2756 conversatione
1408 2705 1786 2768 sanctissima;
1837 2705 1930 2758 sed

361 2789 679 2843 indiscretio
706 2789 978 2845 interierit
1015 2808 1129 2848 eos.
1162 2791 1318 2857 Vere,
1345 2794 1516 2858 ﬁlioli,
1550 2796 1672 2863 quia
1709 2810 1813 2847 non
1848 2802 1933 2848 est

357 2885 566 2932 tantum
614 2882 916 2936 mirandum
947 2884 988 2936 si
1021 2883 1299 2953 negligatis
1338 2887 1729 2952 vosmetipsos,
1763 2901 1932 2953 quau—

361 2985 472 3024 tum
510 2973 554 3026 si
589 2989 692 3028 non
724 2974 1096 3028 discernentes
1128 2975 1401 3043 propriunt
1432 2988 1565 3049 opus
1595 2974 1846 3030 incidatis
1877 2977 1929 3028 in

369 3078 680 3120 mensuram
715 3063 937 3128 diaboli,
970 3064 1296 3118 arbitrantes
1327 3065 1468 3131 quod
1500 3065 1610 3131 jam
1641 3066 1800 3119 vicini
1837 3067 1924 3119 Dei
1956 3105 1997 3160 Ο

363 3153 483 3208 sitis
515 3154 722 3221 eil‘ecti;
752 3165 804 3209 et
833 3164 1211 3223 («spectantes
1238 3153 1429 3209 fortem
1461 3155 1654 3220 lucem,
1689 3157 1926 3210 tenebris

359 3247 719 3315 occupemiui.
747 3247 884 3314 Quid
914 3249 1059 3302 enim
1083 3249 1303 3302 omnino
1328 3248 1500 3302 fuerat
1527 3263 1682 3315 opus,
1713 3257 1765 3300 ut
1793 3262 1930 3315 prte-

361 3335 590 3402 cingeus
622 3351 680 3389 se
708 3335 866 3389 Jesus
901 3334 1069 3388 linteo
1100 3351 1163 3389 ac
1208 3351 1412 3402 ponens
1450 3338 1666 3404 pclvim,
1709 3336 1930 3391 inferio-

367 3439 486 3476 rum
520 3438 578 3477 sc
611 3424 815 3477 Iavaret
849 3423 1014 3491 pedes
1044 3423 1121 3476 ¹⁸ἳ
1159 3424 1264 3477 Sed
1299 3425 1600 3490 exemplum
1631 3426 1768 3478 istud
1801 3425 1931 3478 eire-

361 3512 799 3582 cit,signiﬁcaus
849 3515 914 3567 de
958 3514 1305 3566 conversuris
1349 3515 1414 3565 ad
1469 3515 1742 3583 proprium
1800 3515 1928 3568 illud

362 3619 766 3674 supernuntque
831 3605 1152 3675 principium
1195 3624 1210 3658 :
1249 3605 1462 3658 initium
1510 3606 1706 3674 quippe
1757 3614 1932 3661 motus

361 3698 611 3765 superbia
649 3697 880 3758 exsistit,
913 3711 1030 3769 quae
1061 3697 1200 3751 facta
1225 3699 1307 3750 est
1341 3696 1392 3750 in
1443 3698 1649 3764 primis.
1687 3698 1753 3751 Et
1787 3713 1850 3751 ne
1885 3699 1930 3754 si

367 3805 554 3843 rursus
591 3799 711 3857 post
742 3787 908 3842 multa
952 3787 1258 3843 confoderis
1309 3789 1361 3842 in
1399 3788 1562 3841 corde
1610 3797 1722 3851 tuo,
1758 3801 1812 3842 et
1878 3790 1929 3844 in

367 3891 475 3936 tota
502 3883 679 3934 anima
715 3892 827 3947 tua,
865 3882 998 3936 etin
1026 3891 1140 3934 toto
1165 3880 1356 3949 spiritu
1391 3890 1500 3944 tuo,
1536 3879 1588 3932 in
1623 3889 1729 3933 tota
1769 3882 1931 3936 etiam

364 3971 542 4025 anima
590 3981 643 4024 et
689 3986 914 4040 corpore
957 3979 1067 4024 toto
1105 3987 1118 4024 :
1158 3985 1264 4024 non
1306 3969 1509 4038 poteris
1566 3969 1930 4026 [nereditatem

363 4077 559 4132 capere
594 4063 742 4132 regni
780 4062 894 4116 Dei.

435 4149 547 4205 ΧΠ.
604 4153 764 4216 Vere,
813 4151 962 4206 lilioli
997 4151 1099 4205 mei
1132 4151 1185 4204 in
1221 4149 1471 4214 Domino,
1501 4164 1684 4218 quaeso
1711 4150 1935 4208 Creatoo

367 4261 479 4298 rem
518 4261 694 4300 meum
729 4245 814 4299 die
854 4260 918 4299 ac
963 4254 1138 4305 nocte,
1188 4259 1216 4296 a
1248 4257 1353 4310 quo
1389 4252 1440 4296 et
1483 4242 1656 4297 habeo
1683 4244 1931 4309 spiritum

365 4335 797 4390 commendatum
821 4375 835 4398 ,
871 4342 926 4386 ut
959 4333 1165 4405 aperiat
1199 4333 1385 4386 oculos
1431 4335 1611 4387 cordis
1654 4335 1815 4388 vestri
1866 4337 1930 4390 ad

2037 1892 2238 1947 rissimi
2276 1893 2328 1945 in
2372 1891 2619 1953 Domino,
2654 1889 2776 1942 dico
2804 1889 2954 1940 vobis
2984 1887 3125 1955 quod
3154 1887 3307 1956 juxta
3346 1885 3603 1938 minutias

2034 1986 2180 2040 verbi
2218 1985 2486 2040 libertatis
2531 1986 2584 2037 in
2621 1998 2727 2051 qua
2776 1981 2952 2035 cuncti
2990 1979 3140 2033 liberi
3185 1994 3370 2032 sumus
3401 1975 3600 2042 eﬂ'ecti,

2036 2078 2139 2131 alia
2173 2079 2345 2132 habeo
2377 2077 2543 2129 multa
2577 2090 2695 2144 qua!
2724 2075 2896 2127 dicam
2925 2071 3117 2136 vobis;
3145 2071 3237 2125 sed
3265 2086 3370 2124 non
3403 2079 3482 2124 est
3517 2071 3612 2123 ho-A

2035 2183 2153 2220 rum
2194 2177 2405 2234 tempus
2434 2165 2646 2218 (licendi
2682 2163 2858 2218 modo.
2897 2161 3086 2215 Saluto
3117 2161 3332 2216 iuterint
3363 2176 3457 2215 vos
3480 2177 3602 2215 om-

2036 2272 2153 2321 nes,
2199 2256 2500 2310 charissimi
2541 2255 2642 2309 mei
2685 2255 2792 2307 uati
2839 2254 2891 2307 in
2926 2252 3173 2313 Domino,
3214 2253 3306 2306 lilii
3344 2252 3602 2306 Israelita:

2033 2351 2228 2414 sancti,
2273 2349 2564 2404 secundum
2615 2358 2856 2400 vestram
2917 2343 3220 2398 sensualem
3255 2344 3599 2400 exstantiam.

2036 2438 2194 2502 Vere,
2225 2441 2466 2506 inquam,
2500 2434 2725 2489 deeebat
2755 2434 2905 2486 vobis
2932 2431 3085 2500 quasi
3114 2429 3601 2499 propinquantibus

2039 2530 2258 2598 proprio
2288 2526 2592 2591 Conditori,
2629 2525 2694 2578 ad
2730 2523 3104 2592 inquirendam
3133 2520 3365 2574 salutem
3396 2519 3606 2572 anima-

2035 2635 2151 2672 rum
2195 2623 2510 2673 vestrarum
2557 2630 2653 2684 per
2719 2612 3176 2669 testamentarium
3230 2611 3425 2680 legem,
3478 2609 3605 2664 licet

2035 2716 2255 2776 propter
2285 2704 2686 2759 multitudinem
2711 2702 2929 2755 malitia:
2947 2711 3000 2754 et
3035 2699 3385 2770 malignitatis
3411 2700 3614 2753 distim-

2033 2800 2268 2853 ctionem
2297 2811 2360 2850 ac
2383 2796 2664 2850 libidinum
2689 2792 2994 2861 voluptates
3015 2792 3288 2845 refrixerit
3312 2799 3611 2844 testantem

2036 2890 2172 2942 taria
2211 2887 2300 2940 illa
2333 2887 2445 2949 lex,
2471 2886 2774 2950 animaeque
2805 2889 2998 2936 vestrae
3028 2894 3219 2934 sensus
3247 2877 3424 2932 olﬁcio
3450 2878 3604 2930 obie-

2038 2981 2144 3042 rint
2167 2995 2181 3042 ;
2203 2986 2259 3031 et
2282 2977 2484 3031 idcirco
2507 2987 2846 3041 nequaquam
2871 2970 3153 3038 potueritis
3173 2969 3612 3022 animadvertere-

2034 3068 2338 3124 seusualem
2382 3076 2436 3121 et
2477 3065 2768 3135 gloriosam
2797 3064 3086 3117 essentiam
3113 3071 3330 3129 propter
3377 3071 3604 3112 mortem

2033 3177 2137 3230 qua
2179 3167 2528 3214 corruerunt.
2563 3156 2796 3224 Ideoque
2823 3156 3088 3222 scriptum
3119 3162 3203 3206 est
3235 3153 3288 3205 in
3324 3151 3601 3219 Scriptura

2033 3253 2234 3315 divina,
2268 3251 2409 3318 quod
2440 3250 2573 3304 sicut
2604 3251 2660 3302 in
2693 3239 2858 3302 A‘dam
2885 3263 3060 3301 oumes
3085 3247 3405 3306 moriuntur,
3438 3245 3519 3297 ita
3554 3253 3602 3297 at

2033 3344 2085 3395 in
2113 3341 2321 3397 Christo
2350 3357 2526 3396 omnes
2553 3339 2957 3407 viviﬁcabuntur
2985 3337 3051 3391 “.
3080 3337 3218 3406 Ergo
3243 3337 3358 3404 ipse
3385 3344 3470 3389 est
3492 3336 3603 3388 vita

2035 3434 2198 3488 totius
2233 3432 2573 3486 rationabilis
2603 3441 2829 3494 naturze,
2858 3441 3055 3486 creata:
3079 3430 3129 3483 in
3159 3431 3275 3498 ipso
3304 3427 3600 3482 secundum

2035 3522 2266 3592 elligiem
2303 3521 2555 3590 imaginis
2590 3521 2726 3590 ejus.
2773 3519 2890 3588 Ipse
2935 3519 3100 3572 etiam
3150 3516 3365 3571 exsistit
3413 3528 3620 3569 sensus.

2034 3629 2195 3667 verus
2226 3613 2422 3666 Patris.
2461 3611 2566 3666 Sed
2596 3613 2772 3680 imago
2797 3609 3016 3680 quidem
3045 3608 3320 3664 Geuitoris
3358 3607 3604 3660 inversa-

2042 3704 2166 3758 bilis
2195 3715 2298 3766 eat,
2327 3718 2448 3772 qua:
2471 3711 2744 3770 assumpta
2771 3711 2873 3756 est.
2907 3699 3111 3755 Prwter
3139 3699 3281 3752 illam
3307 3707 3486 3751 tamen
3512 3712 3606 3750 vo-

2036 3797 2118 3850 bis
2136 3796 2333 3850 accidit
2355 3794 2581 3857 malitia,
2607 3795 2659 3848 in
2687 3808 2790 3862 qna
2815 3803 2870 3847 et
2897 3791 3133 3846 universi
3165 3791 3360 3844 mortui
3388 3803 3608 3854 sumus;

2041 3897 2198 3941 extra
2234 3897 2479 3940 naturam
2507 3885 2775 3955 siquidem
2807 3894 2888 3939 est
2912 3883 3231 3955 substantiae
3261 3881 3529 3936 sensualis
3556 3881 3634 3945 in,

2039 3976 2167 4031 Deo.
2225 3977 2366 4046 Ergo
2415 3953 2692 4039 omnibus,
2741 3975 2938 4042 inquit,
2979 3953 3131 4042 ext/ra
3183 3981 3432 4025 naturam
3485 3981 3607 4034 est;

2039 4069 2429 4138 acquisivimus
2452 4068 2668 4120 domum
2691 4067 3033 4120 tenebrosam
3057 4078 3121 4117 ac
3144 4063 3342 4132 prmliis
3365 4061 3603 4131 plenam.

2036 4162 2100 4216 Et
2149 4161 2199 4214 in
2236 4160 2336 4214 hoc
2383 4157 2740 4214 testiﬁcanmr
2773 4158 2950 4220 vobis,
3000 4157 3142 4222 quod
3196 4155 3358 4208 totius
3407 4154 3610 4222 vigoris

2035 4254 2263 4307 scientia
2292 4251 2474 4306 deﬁcit
2506 4266 2535 4303 a
2562 4250 2740 4304 nobis.
2771 4247 2852 4304 Ob
2885 4263 3043 4316 quam
3075 4249 3234 4302 etiam
3261 4261 3488 4301 causam
3514 4260 3606 4300 as-

2038 4346 2244 4414 piciens
2285 4346 2498 4412 genitor
2527 4352 2712 4396 noster
2748 4340 2889 4393 Deus
2933 4341 3302 4394 inﬁrmitatem
3337 4350 3609 4403 uestram,

365 4429 797 4498 cognoscendam
845 4427 1188 4480 dilectionem
1215 4433 1459 4478 nostram
1499 4439 1527 4476 a
1568 4425 1737 4489 vobis,
1771 4441 1930 4496 quam
1968 4466 2009 4520 ο
2039 4435 2181 4504 quod
2215 4435 2578 4504 impossibiles
2625 4435 2794 4488 sinms
2828 4433 3002 4488 effecti
3044 4442 3258 4500 gestare
3288 4431 3608 4492 veritatem;

369 4522 540 4576 habeo
572 4533 699 4587 erga
732 4532 850 4580 vos,
887 4527 941 4572 et
973 4527 1029 4568 ut
1074 4517 1331 4584 pateﬁunt
1371 4516 1584 4569 auditus
1618 4516 1811 4570 animm
1846 4534 1935 4573 ve-

367 4624 492 4664 stra:
560 4609 625 4662 ad
691 4607 1126 4677 conspiciendam
1197 4605 1563 4660 confusionem
1637 4610 1932 4678 propriam.

368 4701 628 4772 Quisquis
659 4701 864 4755 etenim
897 4695 1208 4770 cognoverit
1248 4697 1481 4751 dedecus
1512 4713 1688 4760 suum,
1725 4701 1810 4754 hic
1836 4702 1931 4755 dc-

370 4809 516 4846 ιιιιιιιι
547 4792 787 4860 requiret
818 4800 870 4844 et
896 4790 1122 4844 electam
1147 4788 1371 4857 gloriam
1409 4803 1584 4842 suam.
1616 4790 1680 4843 lit
1704 4791 1934 4860 quicun-

369 4898 474 4951 que
503 4880 815 4952 cognoverit
856 4879 1128 4948 propriam
1176 4884 1430 4940 mortem,
1477 4878 1576 4932 iste
1617 4880 1810 4933 iterum
1845 4896 1939 4934 co-

371 4984 592 5043 gnoscet
626 4974 788 5027 etiam
819 4988 966 5024 suam
997 4978 1255 5024 :eternam
1289 4971 1474 5023 vitam.
1511 4969 1676 5034 Quasi
1713 4971 1939 5038 pruden-

377 5068 520 5120 tibus
556 5070 742 5134 loquor
778 5066 844 5130 η,
873 5079 999 5118 vere
1059 5062 1231 5124 ﬁlioli.
1261 5063 1384 5131 quia
1413 5063 1574 5117 timeo
1603 5079 1667 5117 ne
1690 5062 1827 5118 forte
1857 5064 1939 5117 fa-

375 5174 490 5213 mes
523 5173 621 5212 uos
645 5155 1073 5226 comprehendat
1103 5156 1157 5208 in
1185 5155 1294 5221 via,
1333 5164 1386 5207 et
1427 5156 1476 5206 in
1506 5154 1622 5209 loco
1655 5171 1762 5224 quo
1793 5167 1941 5224 pote—

378 5265 558 5304 ranzus
585 5250 782 5304 divites
815 5249 930 5302 ﬁeri
962 5249 1007 5302 si
1039 5247 1280 5302 velimus.
1317 5246 1568 5300 Volebam
1604 5259 1728 5301 ante
1759 5248 1941 5304 videre

377 5355 476 5394 vos
505 5342 570 5394 ad
601 5340 794 5396 faciem
828 5343 880 5394 in
919 5355 1164 5412 corpore,
1194 5338 1285 5393 sed
1313 5337 1422 5407 jam
1452 5348 1707 5406 exspecto
1731 5349 1940 5411 tempus

374 5431 642 5501 quodest
681 5447 865 5504 prope,
902 5433 955 5488 in
991 5446 1098 5504 quo
1127 5429 1398 5502 possimus
1433 5445 1499 5484 ex
1534 5431 1650 5498 ipso
1678 5445 1776 5484 nos
1809 5445 1938 5494 con-

373 5593 400 5607 Ι

452 5634 656 5688 “Psal.
687 5651 875 5692 xxutt.
909 5636 960 5688 8.
1048 5637 1087 5667 ⁸⁸
1126 5635 1282 5690 Joau.
1322 5653 1441 5696 xui.
1490 5638 1541 5698 4,

381 5717 496 5774 vm,
531 5701 582 5757 9.
659 5705 704 5735 ”
746 5705 784 5759 ll
827 5707 949 5761 Cor.
984 5723 1031 5771 v,
1067 5707 1151 5769 16,
1199 5707 1280 5758 l7.
1361 5708 1403 5737 υ
1446 5707 1618 5761 lCor.
1666 5725 1754 5775 xv,
1795 5710 1883 5764 22.

1734 5642 1773 5670 "
1814 5640 1984 5693 lCor.
2007 5657 2059 5702 ι,
2085 5642 2164 5696 15.

2042 4543 2109 4580 ex
2147 4541 2253 4594 quo
2281 4526 2440 4594 hujus
2473 4526 2549 4580 rei
2583 4529 2755 4594 gratia
2793 4526 3030 4577 booitate
3057 4523 3276 4592 propria
3307 4521 3454 4574 venit
3485 4521 3613 4573 visi-

2043 4618 2296 4670 tationem
2340 4616 2522 4669 l'acere
2551 4625 2928 4670 creaturarum
2955 4629 3176 4668 suarum
3215 4628 3312 4682 per
3358 4611 3606 4666 ntiuisteo

2036 4709 2174 4761 rium
2203 4717 2537 4761 sanctorum.

2105 4798 2166 4853 ll.
2209 4785 2446 4852 Obseero
2477 4813 2573 4852 vos
2603 4798 2885 4851 universos
2915 4797 2967 4850 in
2997 4795 3250 4862 Domino,
3275 4794 3626 4859 charissimi,

2040 4898 2098 4943 ιιι
2130 4888 2441 4955 intelligatis
2474 4902 2592 4954 quae
2621 4888 2800 4942 scribo
2835 4887 3008 4940 vobis.
3048 4886 3183 4952 Quia
3222 4902 3326 4940 non
3361 4887 3612 4939 dilectio-

2042 4995 2163 5034 nem
2200 4977 2536 5048 corporalem
2584 4977 2757 5033 habeo
2789 4978 2840 5031 in
2879 4993 2993 5042 vos,
3026 4977 3118 5031 sed
3158 4977 3478 5031 charitatem
3504 4979 3614 5047 spi-

2044 5071 2176 5124 ritus
2201 5069 2426 5123 cnlturte
2459 5069 2574 5123 Dei.
2617 5068 2924 5136 Praeparate
2966 5068 3327 5135 vosmetipsos
3371 5067 3439 5120 ad
3471 5066 3615 5120 Cor:-

2041 5163 2275 5214 dilorem
2309 5171 2551 5217 vestrum
2583 5160 2682 5214 ire.
2723 5158 2956 5215 Scindite
2996 5160 3158 5212 corda
3203 5170 3393 5221 uestra,
3426 5167 3478 5211 et
3510 5175 3614 5210 non

2042 5257 2341 5308 vestimenta
2375 5264 2541 5308 uestra
2571 5255 2640 5307 ".
2682 5253 2748 5307 Et
2781 5254 2974 5307 scitote
3003 5251 3131 5322 quid
3155 5250 3423 5320 possimus
3457 5251 3612 5304 resti-

2045 5353 2194 5398 tuere
2234 5343 2463 5398 Domino
2513 5359 2612 5413 pro
2639 5345 2854 5399 cunctis
2893 5345 3279 5398 donationibus
3311 5358 3429 5411 qua
3469 5343 3613 5398 dedit

2045 5434 2217 5502 nobis,
2261 5435 2462 5506 quique
2507 5445 2562 5490 et
2590 5450 2763 5507 usque
2797 5445 2854 5490 et
2899 5436 2988 5492 hic
3035 5435 3088 5490 in
3125 5429 3235 5490 ista
3274 5435 3612 5491 habitatione

2243 5642 2287 5672 ¹⁰
2327 5641 2493 5705 Apoc.
2526 5655 2636 5704 xxt,
2670 5638 2723 5692 4.
2829 5637 2871 5670 ’⁸
2905 5637 3060 5692 Prov.
3095 5651 3171 5700 ιιι,
3212 5638 3264 5692 9.
3340 5636 3386 5668 ²¹
3413 5635 3452 5690 ll
3487 5633 3611 5692 Cor.

1961 5712 2005 5743 "'
2081 5709 2192 5767 Joel
2227 5726 2289 5775 ιι,
2329 5709 2412 5763 15.
