3976 6204
282 310 384 365 πθ

1306 314 1363 372 s.
1407 314 1686 371 auroxn
1725 316 1793 371 δι.
1838 280 2129 372 seems
2170 316 2547 409 erusteus.

3438 321 3542 380 990

277 427 597 483 memoriam
647 429 815 485 nostri
865 428 1015 509 facil,
1044 444 1265 500 pt0pter
1296 432 1614 487 immensam
1643 434 1858 489 bonita-
1890 444 1934 500 Α
1970 433 2113 490 bitus
2142 435 2405 503 stultitiae,
2440 443 2497 489 ut
2526 450 2624 490 nos
2647 433 2851 488 iaceret
2886 435 3184 504 sapientes.
3204 432 3396 507 Inopes
3416 453 3542 493 era-

272 535 379 577 tcui
409 535 565 576 suam
603 531 657 577 et
694 521 960 575 infinitam
1007 522 1357 579 dilectionem
1392 542 1496 578 tton
1527 523 1733 581 faciens
1763 541 1861 580 uo-

277 611 360 665 bis
396 611 695 666 secundum
723 624 944 680 peccata
992 621 1178 668 nostra
1214 633 1227 669 :
1262 616 1353 685 qui
1390 628 1445 670 et
1483 617 1650 671 solent
1690 633 1860 688 usque

278 702 404 758 fecit
452 703 763 758 ministrare
812 706 975 760 nobis
1020 706 1074 760 in
1119 707 1404 763 tenebrosa
1446 710 1628 776 domo,
1677 708 1856 764 lunam

278 810 500 865 quoque
543 811 605 851 ac
637 796 817 859 sidera
856 808 1050 852 cuncta
1081 799 1284 867 jubeus
1322 801 1603 856 deservire
1630 802 1856 857 vanitati

276 890 557 958 peritum,
581 898 800 958 propter
826 904 1116 959 corporum
1145 893 1673 959 constabilitiouem,
1698 894 1860 949 alias-

274 992 379 1046 que
409 977 640 1032 virtutes
668 980 867 1034 multas
890 981 1046 1036 nobis
1078 981 1393 1037 ministrare
1424 983 1692 1053 prmiecit,
1722 998 1855 1052 quas

277 1082 459 1137 neque
498 1069 734 1124 vidimus
770 1072 1016 1139 corporis
1045 1073 1224 1126 oculo.
1264 1072 1403 1141 Quid
1435 1089 1566 1143 ergo
1613 1074 1854 1128 dicemus

273 1161 427 1228 quasi
462 1163 515 1214 in
558 1162 741 1232 aliquo
771 1163 896 1217 boni
919 1162 1233 1219 fraudentur
1257 1167 1325 1219 ab
1344 1182 1408 1220 eo
1437 1167 1580 1236 quod
1610 1167 1721 1235 ipse
1751 1181 1855 1219 non

274 1254 465 1306 iecerit
524 1254 723 1309 uobis?
756 1252 1007 1325 Nunquid
1041 1258 1368 1326 patriarchae
1412 1274 1516 1312 non
1561 1259 1703 1329 passi
1733 1269 1859 1312 sunt

277 1362 378 1412 pro
412 1343 593 1408 nobis,
623 1356 716 1398 aut
750 1338 1063 1400 sacerdotes
1088 1362 1192 1401 non
1218 1348 1514 1401 dor-nerunt
1549 1349 1682 1403 nos?
1710 1349 1856 1402 Nun-

272 1435 400 1502 quid
436 1435 719 1505 propheta:
750 1451 847 1507 pro
879 1438 1038 1493 nobis
1071 1439 1267 1493 mortui
1302 1455 1405 1493 non
1429 1452 1579 1503 sunt.
1608 1451 1701 1495 aut
1731 1456 1859 1511 apo-

272 1526 398 1583 stoli
449 1528 889 1595 persecutionem
944 1544 1061 1597 non,
1097 1529 1473 1585 sustinuerunt
1521 1547 1617 1600 pro
1668 1531 1856 1587 nobis?

272 1617 529 1689 Nunquid
556 1618 730 1676 Filius
762 1619 857 1675 Dei
893 1622 1124 1677 dilectus
1156 1638 1260 1677 non
1291 1638 1390 1693 pro
1420 1623 1574 1678 nobis
1598 1626 1851 1680 omnibus

273 1724 527 1766 mortuus
550 1712 676 1768 est?
698 1712 779 1768 0b
809 1728 929 1788 quae
958 1715 1209 1769 universa
1237 1717 1495 1772 debemus
1517 1728 1573 1771 et
1599 1717 1699 1785 ipsi
1730 1732 1857 1786 pro-

1965 541 2107 593 mus,
2134 536 2190 581 et
2221 526 2272 580 in
2305 515 2625 596 paupertate
2654 535 2835 581 nostra
2866 527 3046 580 omnis
3080 525 3354 583 defecerat
3394 529 3545 599 vigor

1963 631 1991 667 a
2026 616 2201 670 nobis.
2236 615 2366 671 Item
2395 616 2482 671 ille
2504 616 2573 671 ob
2596 618 2711 671 haec
2736 617 3033 686 assumpsit
3057 615 3255 685 inopiae
3288 616 3541 681 formam.

1966 716 2025 761 ut
2044 716 2363 776 paupertate
2384 723 2483 763 sua
2515 723 2612 763 nos
2641 708 2692 762 iu
2715 708 2862 761 omni
2892 708 3163 778 sapientia
3184 718 3237 763 et
3265 708 3540 763 intellectu

1964 799 2182 852 ditaret.
2217 795 2332 852 Non
2368 798 2543 853 solum
2576 810 2755 853 autem
2788 799 2921 865 hare,
2956 796 3049 853 sed
3078 798 3298 868 insuper
3323 798 3541 853 etinlir.

1964 892 2171 947 mitalis
2202 904 2403 948 nostra:
2438 893 2665 964 figuram
2695 893 3011 961 assumpsit,
3051 903 3106 945 ut
3137 892 3356 962 propria
3388 893 3541 947 iutir-

1963 985 2151 1037 mitate
2189 999 2286 1038 nos
2320 984 2570 1037 robustos
2603 981 2859 1047 ediceret,
2892 981 3136 1036 obediens
3179 984 3349 1052 [actus
3393 982 3541 1037 Patri

1961 1077 2013 1129 iu
2048 1077 2305 1132 omnibus
2343 1092 2505 1145 usque
2543 1076 2613 1128 ad
2659 1084 2898 1137 mortem,
2950 1086 3167 1128 mortem
3200 1084 3377 1128 autent
3417 1091 3539 1129 cru-

1960 1171 2037 1224 cis
2076 1169 2163 1223 ³⁸ε
2198 1169 2333 1223 utin
2365 1182 2460 1222 sua
2498 1176 2672 1221 morte
2703 1175 2757 1221 et
2790 1165 3093 1221 humilitate
3129 1167 3271 1219 illam
3314 1177 3539 1222 cuncto.

1963 1278 2080 1314 rum
2113 1263 2564 1315 resurrectionem
2581 1257 2841 1326 eﬂiceret,
2869 1276 3100 1327 eumque
3121 1262 3425 1314 destrueret
3447 1260 3538 1329 qui

1962 1353 2150 1405 mortis
2179 1352 2406 1407 habebat
2451 1353 2759 1422 imperium.
2788 1352 2888 1407 hoc
2930 1359 3015 1405 est
3049 1350 3344 1407 diabolum.
3376 1351 3540 1422 Igitur

1958 1445 2003 1499 si
2041 1460 2137 1509 pro
2178 1454 2329 1498 certo
2374 1444 2727 1499 liberabimus
2782 1444 3147 1511 nosmetipsos
3190 1444 3242 1496 in
3292 1441 3408 1511 ejus
3443 1444 3540 1495 ad-

1960 1545 2201 1597 ventum,
2229 1533 2470 1603 profecto
2504 1535 2846 1589 inveniemur
2893 1533 3141 1603 discipuli
3174 1531 3324 1592 Jesu.
3373 1543 3427 1586 et
3462 1533 3539 1587 di-

1958 1625 2099 1680 vina:
2129 1626 2460 1681 lnercditatis
2489 1626 2835 1681 instituemur
2872 1626 3136 1682 h:eredes.

2029 1714 2118 1771 IV.
2176 1716 2498 1773 Charissimi
2547 1719 2600 1772 in
2650 1717 2912 1784 Domino,
2960 1717 3149 1773 turhor
3194 1719 3539 1774 vehementer

217 1840 222 1842 ν
271 1821 468 1872 perare
511 1804 574 1859 ad
624 1807 957 1874 pergendum
1000 1808 1052 1859 in
1094 1807 1240 1861 omni
1284 1809 1575 1863 sanctitate
1619 1808 1685 1865 ad
1728 1824 1856 1878 pro-
1890 1803 1930 1858 Β
1963 1820 2017 1862 et
2060 1824 2280 1866 moveor
2311 1809 2363 1864 in
2401 1811 2593 1881 spiritu
2632 1826 2787 1874 meo,
2829 1811 2969 1880 quod
3013 1811 3321 1865 nominibus
3356 1809 3538 1869 amicti

273 1900 455 1967 prium
501 1898 846 1954 Conditorem
892 1918 906 1953 :
956 1900 1046 1970 qui
1099 1916 1329 1955 cernens
1383 1912 1690 1955 creaturam
1749 1918 1854 1957 non

279 2006 447 2059 posse
477 2006 673 2046 curare
713 1991 923 2061 plagam
957 2007 1077 2061 qua:
1102 1992 1246 2047 facta
1278 1995 1439 2047 luerit
1466 1992 1689 2058 Judxis,
1726 2009 1855 2063 pro-

278 2083 417 2151 priis
465 2082 719 2137 videlicet
771 2083 1053 2148 membris,
1104 2083 1268 2139 Pater
1305 2085 1419 2154 ipse
1452 2098 1853 2151 creaturarum,

270 2176 461 2229 sciens
508 2174 879 2230 inﬁrmitatem
920 2190 1114 2230 sensus
1156 2191 1366 2242 eorum,
1413 2186 1496 2231 est
1532 2188 1708 2233 motus
1743 2179 1856 2234 vis-

274 2267 498 2321 ceribus
527 2268 673 2321 circa
700 2280 814 2330 eos,
843 2275 897 2320 et
928 2268 1223 2321 secundum
1252 2269 1471 2322 multam
1501 2270 1852 2324 dilectionem

268 2376 423 2414 suam
458 2375 562 2413 non
604 2362 846 2429 pepercit
884 2361 1160 2430 unigenito
1194 2360 1330 2415 Filio
1376 2376 1499 2424 suo,
1537 2362 1629 2415 sed
1663 2364 1732 2415 ob
1766 2375 1858 2416 uo-

279 2462 451 2505 stram
478 2452 721 2505 ontuiuin
749 2452 979 2506 salutem
1017 2454 1237 2506 tradidit
1260 2470 1382 2506 eum
1421 2464 1638 2522 propter
1666 2464 1850 2509 nostra

267 2555 490 2615 peccata
516 2542 584 2597 ".
621 2543 684 2595 iit
715 2544 1029 2621 iniquitates
1061 2545 1275 2612 quidem
1307 2559 1503 2600 nostra:
1536 2544 1853 2600 hutniliave-

271 2645 397 2688 runt
428 2651 575 2697 eum,
616 2635 787 2693 livore
822 2646 1001 2688 autem
1036 2636 1154 2704 ejus
1189 2654 1286 2692 nos
1321 2653 1510 2691 omnes
1553 2638 1731 2692 sanati
1763 2654 1853 2693 su-

278 2743 400 2781 mus
435 2727 504 2779 ³⁷.
539 2726 638 2781 Hic
670 2730 1019 2797 congregavit
1050 2745 1147 2783 nos
1169 2745 1235 2784 ex
1263 2732 1514 2784 unmilms
1546 2730 1854 2802 regionibus

268 2819 438 2874 verbo
473 2820 688 2873 virtutis
714 2835 845 2883 suae,
878 2824 1048 2875 donec
1078 2821 1223 2876 illam
1249 2837 1443 2877 sensus
1468 2825 1637 2878 nostri
1673 2837 1847 2879 resur-

270 2912 569 2966 rectionem
602 2909 864 2977 effecerit,
891 2912 1091 2971 docens
1112 2929 1211 2967 nos
1242 2914 1567 2977 alterutrum
1590 2915 1855 2970 exsistere

268 3005 543 3056 tuetnbra.

347 3093 430 3147 Ill.
470 3092 639 3148 Docet
683 3094 888 3148 idcirco
920 3095 1186 3150 universis
1233 3097 1388 3152 nobis
1432 3098 1853 3169 properantibus

267 3189 338 3241 ad
369 3189 649 3258 proprium
682 3188 1060 3254 Cutulitorem,
1085 3205 1343 3246 exercere
1380 3194 1723 3251 habitudines
1749 3210 1848 3249 no-

266 3288 417 3333 stras
449 3293 515 3332 ac
546 3292 740 3332 sensus
765 3277 940 3333 oﬂicia
973 3281 1039 3333 ad
1072 3282 1476 3350 agnoscendant
1505 3283 1845 3354 dignitatem,

263 3370 394 3425 boni
437 3370 672 3439 malique
696 3370 1018 3433 discrimen.
1047 3383 1102 3426 ut
1131 3373 1318 3429 sciatis
1344 3389 1538 3430 omnes
1571 3376 1687 3431 illas
1718 3375 1846 3432 Jesu

264 3464 702 3533 dispeuSatiuues
736 3479 873 3534 quas
906 3464 991 3519 ille
1019 3468 1237 3535 proprio
1269 3468 1417 3524 dedit
1446 3467 1665 3531 aﬂ‘ectu.
1693 3471 1846 3525 sitni-

268 3557 339 3609 ιω
370 3556 520 3610 nobis
563 3556 740 3611 fartus
773 3574 867 3626 per
897 3560 1081 3617 omnia
1110 3570 1338 3628 excepto
1368 3572 1594 3629 peccato
1615 3563 1679 3616 ³⁸.
1721 3563 1848 3617 Pro-

264 3659 392 3717 pter
422 3649 643 3701 tnnltam
693 3664 820 3702 vero
854 3649 1114 3704 malitiam
1152 3661 1394 3708 nostram
1425 3653 1849 3710 districtiouent-

263 3755 373 3810 que
418 3741 635 3794 malitim
672 3734 727 3794 et
782 3742 1129 3805 gravedinem
1190 3742 1569 3797 inconstantiae
1625 3754 1846 3809 nostrae,

263 3833 444 3888 factus
480 3823 561 3886 est
594 3834 861 3887 adventus
887 3833 1026 3903 ejus.
1064 3834 1394 3902 quibusdam
1426 3836 1640 3902 quidem
1672 3837 1839 3891 stulti~

265 3926 364 3988 tia,
401 3925 524 3979 aliis
552 3939 685 3980 vero
711 3925 1025 3979 scandalum
1051 3925 1130 3991 ης
1160 3926 1315 3980 alteri
1344 3928 1483 3996 parti
1514 3928 1848 3983 emolumen-

264 4028 419 4082 tum;
458 4016 695 4084 itemque
726 4015 844 4069 aliis
889 4016 1155 4085 sapientia
1198 4028 1254 4072 et
1299 4018 1502 4085 virtus;
1532 4034 1696 4088 porro
1727 4019 1848 4074 aliis

267 4109 598 4163 resurrectio
628 4117 682 4161 et
715 4108 845 4161 vita.
886 4106 1000 4164 lloc
1030 4124 1245 4178 quoque
1277 4111 1624 4171 manifeswm
1655 4112 1727 4169 sit
1752 4126 1847 4164 vo-

264 4200 367 4262 bis,
401 4202 543 4267 quod
574 4199 839 4253 adventus
867 4199 1011 4261 illius
1045 4199 1222 4253 factus
1253 4201 1322 4255 sit
1350 4204 1496 4254 omni
1529 4202 1729 4259 mundo
1755 4201 1846 4272 ju-

264 4292 492 4345 dicium.
524 4287 659 4342 Ecce
688 4290 848 4354 enim,
883 4290 978 4352 ait,
1005 4290 1212 4343 veniunt
1233 4291 1367 4356 dies,
1395 4292 1520 4345 dicit
1552 4290 1844 4357 Dominus;

261 4393 309 4435 et
342 4397 520 4435 omnes
549 4381 708 4433 scient
744 4396 823 4433 nte
854 4398 884 4432 a
917 4381 1130 4435 minimo
1161 4398 1324 4452 usque
1350 4385 1419 4434 ad
1446 4384 1735 4437 maximum
1758 4401 1847 4438 eo-

1958 1916 2167 1964 sumus,
2201 1912 2253 1956 et
2283 1913 2601 1957 sanctorum
2653 1904 2931 1956 schemata
2980 1902 3283 1969 hajulamus
3319 1903 3372 1956 in
3406 1916 3539 1955 cou-

1958 2001 2145 2059 spectu
2198 1992 2496 2045 infidelium
2549 1992 2868 2063 gloriantes.
2924 1992 3034 2048 Sed
3070 2005 3250 2047 metuo
3293 2007 3360 2047 ne
3409 1991 3539 2045 illud

1962 2079 2115 2137 Pauli
2161 2082 2440 2137 oraculum
2490 2083 2778 2151 impleatur
2810 2084 2863 2138 in
2897 2084 3074 2146 nobis,
3108 2099 3215 2153 quo
3259 2083 3335 2136 ait
3370 2099 3381 2135 :
3422 2080 3541 2135 Ha-

1958 2176 2132 2229 bentes
2162 2177 2390 2243 formum
2433 2176 2665 2245 pietatis,
2706 2176 2941 2232 virtutem
2988 2186 3166 2229 autem
3201 2173 3314 2244 ejus
3344 2192 3541 2245 negau-

1957 2278 2030 2320 tes
2068 2267 2137 2323 ³⁵.
2191 2268 2263 2321 De
2301 2269 2570 2322 charitate
2618 2283 2747 2323 vero
2781 2284 2942 2337 quam
2981 2268 3154 2322 habeo
3200 2270 3251 2321 in
3286 2282 3403 2334 vus,
3445 2282 3542 2321 oro

1958 2376 2055 2428 pro
2081 2360 2235 2412 vobis
2262 2359 2327 2411 ad
2368 2358 2554 2420 Deum,
2592 2368 2649 2411 ut
2683 2359 3042 2415 consideretis
3074 2358 3238 2410 vitam
3278 2366 3539 2423 vestram,

1956 2460 2011 2503 ct
2045 2450 2365 2503 luereditate
2408 2448 2638 2518 capiatis
2681 2463 2744 2500 ea
2790 2462 2912 2516 qua:
2958 2462 3067 2499 non
3101 2445 3381 2510 videntur;
3416 2459 3539 2498 nam

1957 2555 2142 2593 verum
2178 2548 2283 2606 est,
2315 2539 2488 2603 ﬁlioli,
2519 2538 2661 2607 quod
2687 2538 2850 2592 etiam
2881 2540 2925 2592 si
2954 2539 3142 2594 demus
3173 2554 3270 2597 nos
3301 2539 3445 2607 ipsos
3470 2552 3538 2592 ex

1961 2641 2068 2686 tota
2106 2633 2307 2684 virtute
2343 2630 2621 2699 inquirere
2651 2630 2839 2693 Deum,
2869 2646 2965 2684 nec
2995 2634 3075 2685 sic
3098 2631 3312 2699 quidem
3346 2630 3537 2684 condi-

1956 2740 2061 2799 gna
2094 2723 2268 2795 gratia
2300 2725 2425 2778 erit.
2458 2723 2512 2777 ιδ
2546 2722 2691 2776 enim
2739 2722 3068 2789 inquirimus
3114 2721 3255 2790 quod
3290 2732 3537 2776 nostrum

1956 2816 2203 2881 exsistit,
2250 2824 2305 2871 et
2339 2816 2483 2886 quod
2530 2814 2777 2868 naturale
2830 2823 2913 2868 est
2952 2815 3269 2867 substantiae
3320 2824 3540 2866 νοείτω.

1958 2908 2097 2965 Vere
2121 2908 2309 2972 etiam,
2347 2908 2652 2963 charissimi
2687 2907 2736 2961 in
2763 2905 3013 2968 Domino,
3048 2906 3138 2976 qui
3164 2906 3213 2958 iu
3241 2900 3391 2959 omni
3417 2919 3540 2957 sano

1957 3000 2147 3054 ctitate
2204 2998 2441 3068 parastis
2500 3001 2860 3067 vosmetipsos
2892 2996 3090 3051 oll'erre
3132 2998 3360 3050 hostiam
3402 2996 3538 3062 Deo;

1958 3090 2085 3160 quia
2114 3090 2247 3147 nihil
2281 3091 2348 3143 de
2381 3089 2464 3143 his
2490 3104 2610 3158 quae
2638 3088 3001 3159 expediebant
3030 3072 3327 3141 celabimus
3360 3087 3537 3146 vobis.

1956 3183 2049 3236 sed
2088 3182 2371 3253 perspicua
2417 3180 2682 3237 facientes
2732 3179 3148 3235 testiﬁcabimur
3184 3198 3245 3235 ea
3281 3196 3400 3250 quae
3445 3182 3540 3235 ad-

1955 3275 2175 3328 versarii
2237 3275 2448 3328 virtutis
2494 3273 2800 3342 subripiunt
2883 3275 3116 3328 veritati.
3170 3274 3281 3328 l‘loc
3326 3290 3540 3343 quoque
3594 3283 3631 3333 \

1953 3367 2264 3437 cognoscite
2287 3407 2302 3431 ,
2331 3367 2569 3421 scientes
2593 3369 2733 3435 quod
2755 3365 2865 3429 hic,
2898 3368 2989 3436 qui
3018 3368 3301 3420 secundum
3329 3381 3539 3420 carnem

1953 3469 2049 3521 est,
2082 3474 2289 3535 semper
2320 3459 2612 3512 insectatur
2635 3474 2750 3513 eum
2766 3459 3162 3530 quisecundum
3185 3458 3430 3527 spiritum
3456 3456 3536 3520 ³⁹;

1954 3564 2033 3615 et,
2068 3550 2210 3620 quod
2247 3550 2416 3603 omnis
2442 3550 2561 3620 quis
2617 3550 2836 3603 voluerit
2879 3550 2961 3619 pie
3003 3550 3165 3604 vivere
3213 3553 3267 3601 in
3308 3546 3538 3609 Christo,

1955 3644 2370 3712 persecutionem
2395 3643 2601 3711 patitur
2634 3642 2701 3696 ³⁷.
2736 3642 2964 3710 Pr0pter
2990 3643 3134 3709 quod
3161 3639 3320 3695 Jesus
3340 3654 3536 3708 cogno-

1955 3749 2112 3789 scens
2173 3734 2552 3787 tribulation‘cs
2592 3748 2784 3788 omnes
2815 3749 2881 3789 ac
2921 3740 3279 3795 tentamenta,
3316 3732 3537 3786 veniens

1960 3826 2012 3879 in
2053 3824 2253 3878 mundo
2287 3825 2353 3876 ad
2388 3823 2687 3894 apostolos,
2721 3835 2776 3879 et
2803 3823 3161 3897 sciensquod
3196 3840 3292 3892 per
3327 3826 3536 3893 patien-

1958 3918 2087 3970 tiam
2130 3931 2284 3970 suam
2332 3915 2617 3969 resolveret
2657 3915 2971 3969 universam
3017 3914 3221 3968 inimici
3259 3914 3536 3977 virtutem,

1956 4009 2006 4062 id
2037 4017 2118 4061 est
2159 4007 2543 4070 idololatriatn,
2580 4006 2964 4062 consolabatur
3007 4006 3196 4061 dicens
3243 4026 3256 4061 :
3311 4005 3415 4061 Vos
3450 4009 3536 4060 tri-

1955 4098 2277 4153 bulationem
2312 4099 2509 4152 habetis
2544 4101 2604 4153 in
2643 4101 2879 4163 mundo;
2909 4098 2999 4151 sed
3033 4109 3329 4153 constantes
3351 4110 3535 4164 estote,

1951 4192 2078 4261 quia
2116 4207 2209 4259 ego
2242 4192 2342 4244 uici
2373 4174 2624 4245 mundum
2667 4191 2731 4246 ³⁸.
2784 4189 3131 4260 Docebatque
3165 4206 3262 4246 eos
3294 4192 3482 4247 dicens
3519 4210 3531 4247 :

1953 4282 2129 4338 Nolite
2149 4285 2339 4338 timere
2359 4285 2639 4350 mundum,
2662 4284 2788 4355 quia
2811 4298 3000 4339 omnes
3016 4283 3334 4339 aﬂlictioues
3350 4285 3533 4338 mundi

1953 4378 2235 4446 eundigua:
2284 4392 2389 4430 nou
2433 4386 2560 4430 sunt
2602 4377 2668 4430 ad
2707 4391 2992 4446 eam'qute
3037 4386 3387 4444 exspectatur
3415 4376 3532 4445 εξο-

264 4489 404 4535 rum,
426 4482 472 4524 et
501 4472 738 4525 auditum
764 4472 957 4540 faciam
978 4489 1138 4542 usque
1168 4474 1235 4525 ad
1259 4487 1549 4527 extremum
1578 4488 1732 4529 terra:
1757 4477 1836 4543 "’;
1880 4507 1922 4562 ο
1957 4469 2087 4522 riam
2119 4467 2185 4523 ³⁸.
2215 4467 2346 4522 Nam
2380 4468 2427 4522 si
2462 4484 2548 4521 eos
2590 4469 2681 4539 qui
2712 4478 2833 4521 ante
2863 4484 2949 4522 vos
2981 4467 3221 4537 fuerunt,
3256 4464 3532 4535 prop/tetas

264 4574 318 4615 ut
368 4580 519 4616 onme
563 4579 619 4615 os
655 4563 982 4630 obstruetur,
1009 4576 1055 4616 ct
1090 4564 1334 4619 subditus
1361 4565 1454 4633 fiat
1483 4567 1652 4620 omnis
1687 4584 1845 4620 mun-

262 4653 366 4707 dus
412 4652 519 4708 Deo
547 4652 590 4683 ³¹
632 4671 645 4707 :
687 4652 824 4719 Quia
871 4672 986 4707 cum
1022 4657 1380 4725 cognovissent
1418 4656 1608 4725 Deum,
1644 4675 1746 4712 non
1790 4669 1844 4712 ut

261 4756 555 4798 creatorem
586 4746 853 4812 proprium
880 4747 1306 4818 gloriﬁcaverunt
1333 4748 1376 4780 ³³
1408 4764 1422 4800 :
1455 4760 1507 4802 et
1538 4749 1590 4803 id
1626 4760 1846 4820 propter

266 4832 575 4891 vecordiam
610 4854 795 4901 suam,
839 4822 932 4908 per
965 4855 1125 4908 quam
1163 4856 1260 4892 nec
1303 4850 1594 4905 potuerunt
1644 4856 1841 4911 capere

263 4929 594 4997 sapientiam
625 4931 758 4997 ejus.
795 4930 900 4984 Sed
929 4932 1300 5001 unusquisque
1330 4941 1574 4989 uestrum
1606 4935 1844 4987 vendidit

264 5020 616 5088 semetipsum
650 5022 883 5090 prOpriis
922 5022 1287 5091 voluptatibus
1332 5024 1384 5076 in
1423 5025 1583 5081 mala.
1608 5034 1663 5083 et
1709 5024 1844 5096 ipsis

264 5125 458 5164 servus
488 5112 667 5167 dictus
699 5122 802 5166 est.
843 5115 921 5167 0h
953 5130 1070 5181 qua:
1112 5116 1225 5181 ipse
1254 5112 1412 5170 Jesns
1446 5116 1733 5170 exinanivit
1763 5133 1845 5171 se-

266 5204 542 5273 metipsum
589 5220 617 5257 a
672 5204 865 5274 gloria,
906 5206 1130 5274 farinam
1182 5207 1315 5260 serri
1358 5209 1616 5274 accipiens
1650 5208 1728 5273 ³³,
1787 5221 1845 5264 ut

266 5296 413 5349 illius
455 5296 690 5349 servitus
736 5312 834 5350 nos
875 5296 1147 5353 liberaret.
1198 5295 1360 5352 Stulti
1407 5298 1629 5361 fuimus,
1679 5311 1732 5354 et
1790 5302 1840 5354 in

264 5384 495 5439 stultitia
532 5396 714 5438 nostra
742 5385 954 5437 lacinus
980 5387 1268 5455 gessimus.
1292 5388 1598 5455 Assuntpsit
1626 5389 1715 5444 ille
1746 5390 1842 5445 Ita-

340 5627 384 5658 "
425 5626 581 5680 Rom.
626 5640 738 5687 vnt.
769 5625 857 5680 52.
891 5625 933 5656 ’⁷
1007 5623 1109 5680 lsa.
1145 5641 1262 5687 LIII.
1299 5627 1353 5681 5.

264 5696 312 5730 ⁸⁸
354 5697 507 5764 lium.
556 5712 589 5759 ι,
623 5696 710 5755 ξι.
788 5696 832 5726 ³³
868 5695 1098 5764 Philipp.
1146 5713 1205 5759 tt,
1232 5696 1284 5751 7.
1341 5697 1387 5729 “
1426 5697 1554 5757 ibid.
1576 5698 1629 5754 8.

269 5766 358 5825 12.
444 5762 488 5793 ⁸⁸
519 5766 674 5821 .luan.
711 5781 818 5834 xvt,
855 5766 943 5820 32.
1014 5762 1093 5797 1’
1125 5765 1280 5822 Rom.
1313 5784 1432 5835 vttt,
1467 5767 1553 5823 18.

1396 5627 1441 5659 ’⁸
1471 5624 1635 5683 Hebr.
1669 5642 1744 5691 tv,
1772 5627 1860 5682 15.
1904 5628 1946 5658 ’⁸
1988 5627 2156 5682 lCor.
2195 5644 2233 5690 ι.
2267 5628 2359 5684 ‘25.
2406 5629 2452 5662 '°
2474 5627 2678 5685 Jerem.
2722 5647 2872 5699 xxxi,
2906 5631 2993 5687 54.

1426 5697 1534 5732 tum
1577 5698 1609 5732 Ω
1707 5698 1752 5731 Il
1795 5698 1926 5732 llnns
1984 5715 2017 5732 η
2070 5698 2281 5732 οιὶ.’1·;.
2342 5716 2354 5732 ι
2416 5700 2483 5732 λιιι
2547 5700 2592 5732 ιο
2622 5700 2777 5732 {Inan
2839 5718 2889 5732 ι..
2942 5701 2993 5732 0t

1707 5698 1752 5731 ³⁸
1793 5698 1948 5753 ltont.
1984 5715 2045 5764 ιι.
2070 5698 2172 5765 20;
2197 5699 2303 5755 Tit.
2342 5716 2377 5761 ι.
2416 5700 2503 5755 16.
2547 5700 2592 5732 ³⁵
2621 5700 2796 5757 Galat.
2839 5718 2913 5769 tv,
2942 5701 3033 5758 29.

1632 5770 1677 5802 ⁸⁸
1716 5767 1871 5824 Joau.
1912 5785 2003 5836 xv,
2039 5769 2126 5825 20.
2208 5770 2252 5802 “
2294 5768 2452 5826 Prov.
2485 5786 2557 5836 ix,
2601 5771 2655 5827 9.

1951 4560 2169 4616 insecuti
2196 4569 2341 4625 sunt,
2370 4568 2420 4614 et
2450 4577 2536 4615 vos
2574 4570 2983 4630 persequentur;
3015 4569 3061 4612 et
3090 4560 3135 4612 si
3173 4575 3253 4612 me
3287 4559 3530 4621 oderunt,

1954 4665 2002 4707 et
2028 4671 2116 4708 ros
2150 4655 2357 4708 oderint
2392 4655 2461 4708 ⁸ο.
2493 4653 2600 4709 Sed
2619 4655 2956 4709 conﬁdentes
2982 4664 3177 4717 estote,
3197 4653 3323 4721 quia
3352 4661 3532 4705 vestra

1954 4744 2219 4812 sapientia
2260 4744 2483 4799 solvetis
2513 4760 2726 4799 omnem
2768 4741 2976 4796 inimici
3006 4742 3285 4795 virtutem.
3325 4738 3401 4793 De
3430 4737 3533 4793 mi-

1955 4835 2106 4889 nutia
2154 4850 2283 4890 vero
2322 4835 2468 4889 verbi
2508 4834 2779 4889 libertatis
2832 4833 2882 4886 in
2920 4848 3024 4903 qua
3067 4830 3280 4886 liberati
3320 4845 3529 4895 sumus,

1952 4926 2128 4980 habeo
2160 4926 2264 4978 alia
2298 4925 2463 4978 multa
2498 4927 2681 4980 dicere
2710 4922 2865 4978 vobis
2894 4940 2910 4979 :
2949 4923 3043 4979 sed
3074 4925 3123 4977 si
3146 4924 3336 4978 dedero
3374 4940 3529 4977 occa-

1948 5019 2147 5072 sionem
2174 5018 2420 5087 supienti,
2451 5018 2739 5084 sapientior
2763 5019 2864 5072 erit
2889 5017 2958 5073 “.
2986 5015 3136 5088 Opus
3161 5026 3339 5071 tamen
3366 5016 3533 5072 habe-

1952 5124 2071 5164 mus
2106 5109 2375 5165 consolari
2417 5110 2646 5165 invicem
2680 5111 2891 5183 exiguis
2921 5111 3226 5182 quibusque
3265 5108 3533 5166 sermoni-

1949 5203 2094 5258 bus:
2137 5204 2277 5271 quod
2314 5204 2357 5259 si
2396 5220 2521 5260 vere
2560 5205 2901 5275 perspexerit
2942 5220 3115 5270 mens,
3162 5203 3273 5270 jam
3321 5216 3526 5272 nequa-

1946 5313 2108 5366 quam
2141 5298 2318 5367 egebit
2345 5297 2568 5367 loqueltn
2593 5298 2895 5369 corporalis
2926 5296 3226 5353 mendacio.

2023 5387 2083 5442 ν.
2133 5390 2355 5445 Gaudeo
2387 5384 2580 5447 autem
2632 5390 2683 5444 in
2735 5391 2984 5445 omnibus
3026 5390 3198 5453 vobis,
3247 5389 3426 5445 dilecti
3475 5388 3527 5445 in

3072 5631 3114 5664 ³⁸
3138 5631 3289 5687 Rom.
3324 5648 3405 5696 nt,
3440 5630 3527 5688 19.

3111 5704 3153 5735 87
3194 5701 3229 5735 Il
3273 5701 3392 5735 "Pun
3439 5715 3500 5735 nl

2208 5701 2303 5755 I‘it.
2342 5716 2377 5761 ι.
2416 5701 2503 5755 16.
2547 5701 2592 5732 ³⁸
2621 5701 2796 5757 Galat.
2839 5718 2913 5769 tv,
2942 5701 3033 5758 29.
3111 5704 3153 5735 ³⁷
3194 5701 3231 5757 ιι
3273 5701 3526 5766 Ttnt.ttt,

2208 5770 2252 5802 “
2294 5768 2452 5826 Prov.
2485 5786 2557 5838 ix,
2601 5771 2655 5827 9.
