3990 6210
406 310 505 368 ρι’(

1537 302 1809 358 ι’λΐιιΕδ
1847 299 2145 357 Αςωιρτιι
2188 299 2461 355 ΞίΕΟυΙᾸ
2502 301 2589 356 IV.

3565 301 3689 356 {332’

409 432 656 494 Domino,
693 430 790 484 viri
841 428 1099 484 Israelita:
1130 427 1328 491 sancti,
1369 427 1665 482 secundum
1706 426 1978 495 propriam
2012 433 2055 485 Α
2085 424 2349 477 adventus
2418 424 2562 477 illius
2626 421 2878 477 omnibus
2924 421 3079 475 nobis
3119 418 3379 489 julicium
3430 418 3667 472 exsistit.

407 523 714 579 sensualem
744 523 1092 576 exstantium.
1127 521 1261 588 Quia
1302 522 1534 590 primum
1573 520 1791 589 quidem
1819 519 1982 573 dece-

406 619 495 668 bat
564 613 877 667 rationalem
942 615 1117 665 virum
1185 628 1513 683 cognosi'cre
1561 613 1913 681 semetipsum
1966 633 1979 666 :

404 705 598 757 deinde
632 714 687 757 ut
719 711 1013 772 cognoscat
1044 721 1105 756 ea
1139 719 1259 773 quic-
1291 715 1416 758 sunt
1444 703 1559 767 Dei,
1590 713 1646 757 et
1692 705 1980 758 universas

407 796 575 863 ipsius
604 797 809 865 gratias
843 811 1199 866 quascunque
1226 812 1440 866 semper
1471 813 1590 849 cuiu
1622 811 1687 850 eo
1719 795 1878 861 facit;
1918 811 1981 853 ac

401 888 658 956 deinceps
712 892 923 943 noverit
973 890 1115 958 quod
1161 905 1322 943 mune
1370 898 1649 959 peceatum
1698 901 1753 943 et
1809 900 1979 944 totum

400 981 659 1049 quidquid
702 982 1050 1050 querulosum
1096 982 1340 1045 exsistit,
1391 989 1545 1034 extra
1593 994 1843 1035 naturain
1897 992 1979 1037 est

399 1072 662 1126 sensualis
685 1074 1003 1140 exstantite;
1031 1075 1263 1145 denique
1295 1073 1483 1128 videns
1506 1073 1769 1128 Conditor
1794 1087 1979 1128 noster

402 1178 499 1216 nos
530 1165 644 1216 lucc
673 1174 827 1218 extra
875 1175 1124 1218 naturam
1158 1166 1437 1235 possidere
1467 1167 1698 1221 arbitrio
1741 1166 1975 1233 liberali,

398 1268 449 1306 tn
489 1270 596 1323 quo
648 1257 733 1310 hic
771 1257 1150 1311 moriebantur
1186 1278 1199 1313 :
1237 1260 1430 1314 horum
1472 1275 1634 1313 causa
1678 1261 1978 1315 visceribus

398 1360 496 1410 pro
530 1348 689 1401 nobis
719 1359 916 1412 motus,
946 1349 1163 1418 propria
1197 1350 1435 1406 bonitate
1469 1352 1635 1406 voluit
1661 1362 1978 1407 convertere

400 1452 499 1491 nos
526 1439 589 1491 ad
621 1438 752 1493 illud
784 1434 904 1495 sine
930 1441 1038 1496 line
1059 1444 1426 1513 principium;
1458 1445 1819 1501 visitationem
1853 1446 1979 1501 fecit

397 1540 771 1585 creaturarmn
814 1549 919 1586 non
974 1551 1207 1603 parcens
1240 1536 1560 1605 sibimetipsi
1619 1538 1688 1592 oh
1729 1549 1972 1593 nostram

398 1622 777 1677 universorum
819 1625 1071 1682 Salutem.
1120 1626 1367 1682 Tradidit
1398 1629 1598 1697 quippe
1628 1647 1687 1684 se
1728 1645 1824 1699 pro
1853 1644 1979 1699 pec-

395 1714 535 1769 catis
561 1716 794 1782 nostris;
821 1728 874 1772 et
907 1718 1222 1786 iniquitates
1244 1720 1461 1788 quidem
1496 1730 1695 1775 nostra:
1728 1721 1977 1774 humilia-

396 1815 593 1858 verunt
638 1809 785 1870 eum,
833 1808 925 1861 sed
973 1809 1133 1862 livore
1176 1810 1288 1874 ejus
1342 1827 1435 1863 nos
1476 1827 1654 1864 omnes
1686 1813 1862 1863 sanati
1894 1828 1978 1864 su-

396 1912 509 1948 mus
544 1897 609 1949 δ’.
654 1897 827 1952 Verbo
874 1900 1033 1953 etiam
1067 1902 1285 1956 virtutis
1331 1918 1443 1956 sine
1492 1904 1844 1973 congregavit
1882 1920 1979 1959 nos

395 2002 461 2039 ex
494 1988 744 2043 omnibus
779 1989 1108 2059 regionibus,
1136 1993 1204 2045 ab
1237 2002 1481 2065 extremo
1512 2004 1672 2049 terra:
1707 2010 1877 2065 usque
1909 1997 1977 2052 ad

397 2077 646 2130 ultimum
700 2080 881 2145 orbis,
930 2082 1132 2138 docens
1173 2063 1316 2154 quo'd
1364 2100 1609 2141 essemus
1654 2063 1975 2144 alterutrum

397 2171 655 2223 membra.
700 2171 1060 2237 Quamobrem
1089 2174 1132 2227 si
1172 2192 1267 2245 pro
1308 2186 1460 2231 certo
1500 2180 1812 2246 paravimus
1854 2195 1977 2235 nos-

397 2261 650 2327 metipsos
690 2262 890 2317 liberos
956 2263 1136 2320 facere
1172 2266 1223 2319 iu
1257 2268 1376 2336 ejus
1421 2269 1677 2337 adventu,
1704 2282 1980 2327 scrutetur

396 2354 747 2422 semetipsum
802 2356 1140 2412 rationabilis
1174 2357 1356 2423 hoino,
1407 2360 1665 2428 quidnam
1693 2365 1862 2431 possit
1891 2380 1979 2419 re-

397 2441 639 2496 tribuere
674 2443 781 2497 Deo
825 2459 924 2515 pro
954 2447 1172 2501 cunctis
1207 2449 1364 2503 donis
1390 2465 1511 2519 qua:
1541 2450 1671 2505 fecit
1707 2451 1762 2506 in
1795 2454 1972 2507 nobis.

405 2531 553 2588 L'nde
579 2549 631 2590 et
662 2553 760 2607 ego
792 2553 1009 2608 quoque
1052 2540 1384 2595 deterrimus
1420 2544 1511 2613 qui
1547 2544 1685 2597 hanc
1716 2545 1975 2614 descripsi

400 2626 704 2693 epistulam,
739 2627 1152 2698 expergefactus
1184 2648 1213 2683 a
1248 2632 1576 2688 dormitiOne
1605 2636 1816 2700 mortis,
1859 2636 1980 2701 plu-

398 2713 593 2766 rlinutn
626 2716 752 2767 illud
803 2723 1067 2784 temporis
1108 2722 1247 2786 quod
1295 2721 1426 2774 mihi
1458 2722 1557 2776 fuit
1588 2740 1748 2794 super
1780 2738 1978 2781 terram

397 2804 624 2868 factum,
656 2809 910 2861 existimo
943 2810 1146 2864 luctum
1176 2822 1227 2865 et
1261 2809 1473 2879 ﬂetum,
1501 2814 1690 2883 lugens
1718 2818 1977 2887 quidnam

398 2912 614 2965 possunt
668 2898 904 2954 tr.buere
958 2900 1183 2954 Domino
1232 2917 1330 2971 pro
1384 2906 1639 2960 omnibus
1686 2922 1805 2977 qua:
1855 2909 1981 2964 fecit

398 2985 548 3037 mihi.
605 2985 658 3037 Ιιι
692 2987 836 3040 nullo
889 2991 1030 3042 enim
1087 2990 1334 3045 frustrati
1385 3009 1574 3049 sumus
1614 3010 1801 3052 eorum
1862 3015 1980 3069 qua:

398 3091 503 3128 non
546 3077 839 3145 perfecerit
880 3081 1033 3135 nobis
1069 3083 1118 3135 in
1152 3083 1459 3141 humilitate
1498 3097 1703 3145 nostra.
1748 3090 1981 3163 Angelos

396 3171 598 3222 ctenim
644 3186 770 3225 suos
814 3174 971 3230 nobis
1016 3175 1326 3232 ministrare
1369 3178 1532 3249 fecit,
1578 3184 1978 3255 prophetasque

400 3263 653 3327 proprios
699 3265 982 3318 vaticinari
1025 3270 1305 3337 praicepit,
1355 3271 1629 3340 apostolos
1660 3275 1825 3327 etiam
1857 3291 1982 3331 suos

400 3352 553 3403 nobis
573 3355 950 3424 evangelizare
967 3357 1151 3425 jussit.
1188 3360 1410 3429 Insuper
1438 3378 1565 3416 vero
1591 3364 1718 3419 illud
1736 3367 1978 3419 onmium

400 3443 610 3513 insigne
651 3459 735 3498 est
780 3460 1194 3518 praeceptorum,
1240 3436 1772 3528 quodﬂnigenitum
1823 3473 1980 3512 suum

400 3536 629 3588 formam
658 3540 800 3592 servi
834 3540 964 3594 fecit
994 3558 1275 3598 assumere
1299 3560 1399 3613 pro
1427 3548 1598 3603 nobis.

476 3626 559 3681 Vl.
602 3630 844 3684 Obsecro
890 3632 1094 3701 itaque,
1140 3634 1446 3690 charissimi
1500 3637 1552 3691 in
1601 3637 1856 3706 Domino,
1889 3657 1984 3698 vos

401 3720 493 3787 qui
521 3738 637 3772 sam
658 3731 833 3775 torum
865 3724 1131 3779 exsisdtis
1158 3728 1489 3792 cohaeredes,
1528 3740 1585 3784 ut
1620 3733 1865 3789 excitare
1896 3750 1987 3789 ve-

399 3811 510 3865 litis
549 3817 795 3883 proprias
841 3828 1047 3873 mentes
1096 3819 1148 3872 in
1194 3820 1389 3876 timore
1441 3823 1558 3878 Dei.
1597 3825 1791 3881 Sermo
1838 3830 1982 3882 enim

399 3906 555 3959 vobis
583 3908 684 3961 iste
713 3908 782 3961 sit
809 3911 1145 3976 manifestus,
1174 3914 1313 3981 quod
1342 3913 1580 3971 Joannes
1604 3920 1819 3987 quidem
1850 3937 1988 3990 pra:-

400 4012 592 4051 curstir
616 3998 741 4059 Jesu
776 4002 1133 4069 haptizaverit
1160 4004 1211 4058 in
1244 4007 1613 4062 remissionem
1643 4026 1982 4077 peccatorum

403 4101 625 4158 propter
673 4106 805 4156 nos;
841 4095 1036 4162 spiritu
1069 4108 1253 4151 autem
1282 4099 1606 4154 sanctificati
1641 4102 1904 4158 fuerimus
1931 4105 1984 4158 in

405 4183 645 4237 Christo.
674 4182 1049 4254 Pi-teparemus
1080 4204 1179 4242 nos
1210 4190 1355 4258 ipsos
1389 4209 1529 4246 nunc
1563 4193 1614 4247 in
1662 4200 1808 4249 omni
1852 4215 1985 4251 san-

401 4276 594 4330 ctitatc
629 4278 695 4330 ad
737 4283 1073 4349 purgandam
1107 4283 1415 4336 sensualem
1450 4296 1685 4340 mentem
1719 4300 1983 4359 nostrain,

402 4379 458 4420 ut
505 4370 676 4422 simus
709 4372 893 4425 mundi
930 4373 982 4424 in
1031 4374 1356 4442 baptismate
1385 4374 1510 4431 Jesn
1545 4379 1611 4432 ad
1647 4379 1982 4439 oI'I'erendtnn

2087 513 2295 567 Si-itote
2331 514 2492 567 etiam
2520 514 2663 582 quod
2696 526 2884 565 omnes
2917 511 2968 564 in
3004 526 3061 564 se
3093 519 3371 579 gestantes
3400 508 3668 577 spiritum,

2088 607 2448 675 respicientur
2478 614 2533 659 et
2580 606 2882 660 vestientur
2924 605 3248 658 vestimento
3294 602 3403 665 illo,
3448 618 3557 671 quo
3586 620 3674 654 stt-

2085 713 2203 751 mus
2236 697 2384 751 exuli
2446 697 2601 767 juxta
2651 696 2961 749 sensualem
3022 705 3262 751 nutriant
3316 695 3670 752 exstantiatn.

2081 786 2215 842 Nam
2248 799 2301 844 et
2338 804 2477 859 sa‘pe
2530 791 2588 842 lit
2625 805 2727 842 vox
2770 789 2991 843 veniens
3037 802 3254 855 semper
3286 801 3314 839 a
3356 786 3467 840 Deo
3515 785 3669 842 Patre

2082 882 2147 936 ad
2187 897 2380 938 omnes
2413 883 2533 937 illos
2565 882 2655 951 qui
2689 883 2741 935 itt
2779 896 2837 936 se
2864 880 3040 950 ipsum
3074 889 3289 950 gerunt,
3324 880 3514 937 dicens
3547 880 3667 934 eis:

2082 970 2466 1041 Consolantini,
2505 973 2854 1027 consolamini
2882 972 3131 1040 papulum
3172 989 3361 1035 meum,
3397 973 3527 1025 dicit
3576 972 3670 1025 Do.

2082 1067 2294 1131 minus;
2339 1075 2387 1120 et
2435 1068 2756 1130 sacerdotes,
2812 1064 3088 1134 loquimini
3135 1065 3189 1117 in
3215 1065 3371 1117 corde
3415 1063 3672 1117 Hierusa-

2080 1157 2266 1211 lein".
2335 1156 2477 1211 Deus
2540 1157 2741 1227 quippe
2800 1157 3170 1211 visitationem
3222 1155 3483 1211 continuo
3544 1154 3671 1208 fecit

2079 1258 2454 1305 creaturarum
2504 1249 3150 1315 suarttin,.nianil'estans
3197 1249 3471 1318 propriam
3518 1248 3672 1302 boni-

2082 1349 2268 1394 tatem.
2306 1340 2370 1394 Et
2400 1355 2546 1414 vepre,
2575 1340 2905 1405 charissimi,
2940 1342 3233 1395 secundum
3260 1340 3519 1394 minutias
3554 1355 3673 1394 ver-

2080 1429 2133 1484 bi
2185 1428 2455 1485 Iibertatis
2510 1430 2561 1483 in
2610 1444 2716 1499 qua
2767 1427 2981 1483 liberati
3041 1445 3247 1492 sumus,
3285 1439 3412 1483 sunt
3461 1438 3516 1483 et
3566 1428 3670 1482 alia

2089 1522 2488 1590 quamplurima
2542 1537 2664 1591 qua:
2726 1520 2976 1575 dicantur
3018 1521 3167 1575 vobis
3217 1539 3229 1575 :
3271 1522 3365 1575 sed
3404 1521 3452 1573 si
3480 1519 3672 1573 dedero

2081 1614 2407 1667 occasionem
2451 1614 2698 1681 sapienti,
2744 1613 3037 1681 sapientior
3087 1615 3185 1667 erit
3210 1612 3272 1666 “.
3318 1612 3460 1666 Deus
3490 1622 3671 1666 autem

2080 1708 2229 1777 pacis
2267 1709 2355 1762 det
2383 1707 2538 1762 vobis
2565 1707 2797 1775 gratiam
2834 1705 3209 1770 discretionis,
3240 1713 3294 1759 ut
3326 1706 3675 1774 cognoscatis

2087 1814 2423 1869 quiecunque
2470 1799 2649 1853 scribo
2686 1798 2859 1863 vobis,
2894 1799 3036 1867 q'uod
3091 1799 3403 1850 mandatum
3447 1797 3519 1849 sit
3568 1796 3675 1849 Do-

2089 1890 2242 1944 mini.
2286 1890 2564 1945 Cnstodiat
2610 1904 2704 1943 vos
2749 1889 2887 1943 idem
2935 1889 3098 1942 totius
3135 1888 3323 1956 gratim
3361 1887 3505 1941 Deus
3547 1903 3677 1941 san»

2087 1988 2205 2032 ctos
2242 1979 2293 2032 in
2329 1979 2553 2033 Domino
2583 1992 2752 2046 usque
2782 1980 2848 2031 ad
2891 1978 3241 2030 novissimum
3306 1974 3524 2030 ﬂamen.
3566 1976 3676 2031 Oro

2088 2070 2267 2123 autem
2311 2070 2477 2123 Deum
2524 2083 2737 2139 semper
2776 2083 2877 2139 pro
2908 2070 3153 2122 Omnium
3191 2078 3427 2123 vestrum
3477 2069 3675 2135 salute,

2088 2162 2140 2216 in
2179 2162 2404 2217 Domino
2445 2161 2805 2217 dileCtissimi.
2846 2160 3035 2216 Gratia
3077 2160 3286 2215 Domini
3331 2154 3502 2215 nostri
3545 2159 3674 2216 Jesu

2088 2256 2292 2311 Christi
2328 2272 2449 2311 cum
2483 2257 2735 2311 omnibus
2770 2258 2941 2312 vobis.
2979 2257 3169 2311 Anien.

2642 2350 2979 2408 EPIS'I'OLA
3015 2350 3106 2406 IV.

2160 2443 2199 2497 l.
2244 2442 2592 2497 Cltarissimis
2637 2455 2691 2498 et
2739 2444 3167 2509 honorabilibus,
3207 2460 3257 2496 tn
3289 2442 3515 2497 Domino
3540 2442 3679 2496 salu-

2090 2545 2216 2588 tem.
2255 2535 2395 2590 Vere
2432 2536 2768 2591 dilectissimi
2798 2538 2849 2591 in
2884 2536 3132 2599 Domino,
3168 2537 3294 2608 quia
3331 2552 3437 2590 non
3473 2536 3526 2589 in
3571 2551 3678 2590 uno

2092 2639 2335 2697 tempore
2382 2637 2592 2682 tanttun
2635 2628 3000 2684 visitationem
3051 2630 3179 2683 facit
3219 2628 3358 2683 Deus
3389 2642 3677 2683 creatura-

2091 2735 2206 2772 rum
2243 2735 2490 2785 suarum,
2533 2721 2625 2775 sed
2665 2737 2694 2775 a
2737 2722 3130 2777 constitutione
3174 2722 3355 2776 mundi
3410 2730 3675 2791 qumquot

2091 2820 2351 2865 venerant
2399 2812 2465 2865 ad
2505 2812 2756 2882 opificem
2830 2812 2995 2866 Dettm
3054 2827 3150 2880 per
3209 2814 3673 2866 testamentariatn

2092 2904 2284 2974 legem,
2324 2905 2390 2959 iis
2420 2906 2644 2960 coadest
2676 2904 2819 2960 Deus
2867 2904 3094 2976 singulis
3126 2906 3176 2958 in
3202 2904 3553 2971 simplicitate
3586 2917 3677 2957 se-

2090 2998 2323 3050 cundum
2351 2997 2581 3067 gratiam
2614 3013 2712 3067 per
2748 2997 3014 3068 Spiritum
3059 3015 3236 3052 suum.
3274 2997 3346 3050 De
3390 2997 3675 3055 rationali-

2092 3088 2191 3143 hus
2225 3098 2407 3144 autem
2440 3091 2649 3144 naturis
2683 3091 2734 3144 in
2771 3091 2969 3160 quibus
2999 3090 3129 3145 illud
3169 3100 3552 3147 testamentum
3585 3105 3683 3145 re-

2086 3182 2123 3235 fi
2141 3183 2295 3251 igtiit,
2313 3193 2369 3237 et
2393 3181 2569 3237 olﬁcia
2595 3182 2901 3237 animorum
2933 3183 3140 3240 illorum
3166 3184 3496 3237 mortificata
3523 3191 3675 3249 sunt,

2087 3275 2161 3329 ita
2202 3285 2259 3329 nt
2311 3276 2449 3329 ultra
2526 3291 2633 3329 non
2683 3275 2961 3344 inquirant
2994 3280 3323 3346 cognoscere
3354 3276 3675 3344 semetipsas

2087 3366 2384 3420 secundum
2416 3380 2568 3419 suam
2597 3367 2834 3436 priorem
2871 3367 3264 3431 conditionem,
3300 3366 3418 3420 aliae
3456 3367 3676 3420 irratio—

2088 3458 2297 3513 nabiles
2340 3459 2561 3513 omnino
2589 3457 2817 3523 effectae,
2848 3458 3153 3512 servierunt
3184 3468 3449 3512 creaturae
3497 3458 3691 3526 potius-

2087 3570 2248 3624 quam
2284 3554 2553 3609 Creatori.
2589 3551 2735 3608 Idem
2776 3567 2903 3606 vero
2937 3552 3217 3616 Conditor,
3248 3553 3464 3622 propria
3517 3550 3678 3605 boui-

2091 3657 2200 3701 tate
2237 3645 2408 3701 nostri
2450 3645 2820 3700 visitationem
2860 3642 3041 3699 eﬂ'eeit
3082 3660 3177 3713 per
3208 3643 3676 3697 testamentariam

2091 3739 2301 3810 legem,
2365 3738 2622 3807 quoniam
2692 3737 2995 3792 substantia
3061 3735 3384 3790 immortalis
3439 3734 3674 3791 exsistit.

2090 3832 2366 3901 Quotquot
2401 3830 2566 3901 igitur
2595 3828 2743 3898 digni
2779 3829 2946 3883 habiti
2972 3838 3099 3883 sunt
3132 3828 3326 3898 gratia,
3364 3838 3419 3880 et
3448 3842 3677 3881 concrco

2090 3932 2287 3976 verunt
2319 3938 2416 3992 per
2443 3937 2597 3975 suam
2641 3920 2972 3975 cardinalem
3008 3918 3203 3991 legem,
3237 3929 3292 3975 et
3333 3920 3509 3973 edocti
3551 3929 3676 3972 sunt

2094 4031 2190 4086 per
2213 4013 2478 4082 Spiritum
2511 4022 2760 4067 sanctmn
2799 4014 3075 4083 capientes
3103 4014 3333 4066 filiorum
3372 4011 3675 4081 adoptionis

2087 4109 2359 4179 spiritum,
2393 4107 2445 4161 hi
2487 4108 2651 4162 etiam
2703 4106 3101 4175 prmvalueruut
3145 4106 3373 4158 adorare
3414 4104 3674 4159 Condito-

2091 4216 2202 4255 rem
2242 4200 2520 4270 proprium
2568 4200 2708 4254 sicut
2740 4204 2973 4267 oportet.
3011 4196 3085 4251 De
3114 4198 3304 4267 quibus
3340 4196 3541 4249 Paulus
3576 4196 3671 4261 ait,

2089 4294 2214 4362 quia
2249 4309 2353 4345 non
2386 4298 2744 4361 perceperunt
2775 4290 3220 4359 repromissiones
3244 4300 3465 4358 propter
3493 4288 3672 4343 nos".

2160 4386 2221 4439 ll.
2264 4384 2317 4437 In
2355 4399 2450 4438 sua
2499 4398 2625 4437 vero
2669 4381 2980 4451 impartihili
3013 4382 3299 4436 dilectione
3333 4383 3523 4435 volens
3554 4383 3672 4450 ipse

403 4465 761 4533 nosmetipsos
791 4467 1019 4520 hostiam
1070 4467 1198 4521 Deo.
1231 4468 1328 4523 Hic
1369 4486 1495 4525 vero
1524 4470 1839 4529 Paracletus
1867 4476 1987 4545 Spi-
2022 4492 2064 4546 υ
2094 4484 2413 4529 cunctorum
2457 4473 2596 4526 Deus
2627 4470 2997 4524 visitationem
3032 4470 3212 4523 facere
3250 4469 3676 4541 refrigidationis

400 4556 537 4611 ritus
573 4558 660 4637 qui
703 4558 1016 4613 consolantur
1047 4575 1164 4635 nos,
1193 4565 1463 4616 convertit
1499 4582 1689 4620 rursus
1725 4568 1792 4622 ad
1836 4570 1985 4638 prin-

398 4646 601 4713 cipium
638 4656 879 4701 nostrum
913 4649 978 4702 ad
1027 4655 1427 4721 recuperandas
1477 4656 1825 4713 [nereditates
1860 4675 1981 4729 pro-

405 4740 577 4807 prias,
607 4750 660 4794 et
706 4742 1011 4810 magisteria
1058 4744 1301 4814 ejusdem
1340 4748 1577 4818 Spiritus
1627 4751 1988 4823 consolantis,

402 4828 563 4899 hujus
604 4831 676 4884 rei
710 4832 884 4902 gratia
920 4846 1187 4904 quotquot
1219 4838 1271 4891 in
1303 4838 1520 4895 Christo
1548 4839 1806 4911 baptizati
1832 4854 1979 4908 sunt,

400 4922 619 4978 Christo
656 4924 823 4979 induti
858 4937 1020 4993 sunt;
1056 4943 1155 4983 nec
1197 4941 1274 4984 est
1312 4934 1584 4990 masculus
1613 4945 1704 4989 aut
1735 4937 1975 5004 femina;

404 5029 507 5070 non
535 5026 618 5070 est
644 5033 834 5071 servus
869 5031 959 5072 aut
989 5019 1125 5074 liber
1146 5020 1210 5075 ⁸³.
1241 5021 1432 5079 Omnis
1455 5027 1619 5081 etiam
1653 5028 1831 5097 lingua
1861 5042 1983 5082 cor-

401 5117 592 5169 porum
635 5107 933 5160 destruitur
963 5109 1105 5178 apud
1161 5111 1300 5178 illos,
1336 5116 1726 5185 acCipientibus
1757 5117 1836 5171 eis
1886 5118 1984 5172 d0-

402 5197 633 5251 etrinam
660 5199 831 5252 sancti
864 5199 1100 5270 Spiritus
1133 5203 1184 5257 in
1221 5214 1463 5275 tempore
1496 5222 1603 5275 quo
1628 5216 1845 5262 sument
1874 5210 1982 5264 hat-

404 5288 686 5342 reditatem
740 5301 1010 5359 sanctam,
1065 5304 1120 5349 et
1174 5297 1479 5352 adorabunt
1536 5299 1776 5365 Patrem,
1836 5301 1981 5355 sicut

400 5389 635 5445 Oportet,
691 5381 744 5434 in
794 5384 989 5451 Spiritu
1026 5395 1080 5441 et
1114 5388 1419 5444 veritate“.
1458 5389 1775 5447 Manifestus
1818 5393 1986 5462 siqui-

402 5468 525 5522 dem
564 5471 634 5524 sit
663 5472 814 5527 vobis
847 5489 1028 5532 sermo
1060 5477 1190 5544 iste,
1222 5495 1321 5536 nec
1346 5493 1666 5551 exspectare
1699 5485 1877 5541 Velitis
1894 5487 1983 5555 ju-

405 5561 603 5616 dicium
632 5560 876 5619 futurum
911 5566 960 5620 in
1000 5569 1087 5624 illa
1117 5575 1401 5642 praesentia
1436 5575 1594 5642 Jesu;
1629 5578 1743 5647 jam
1776 5581 1978 5634 etenim

473 5679 521 5755 ξι
547 5676 649 5731 Isa.
684 5677 879 5755 Llll,-5_.
955 5682 1001 5713 “
1024 5684 1198 5741 Galat.
1233 5704 1312 5755 ιιι,
1345 5691 1435 5748 9.7.

410 5741 451 5775 η
473 5692 879 5775 '{ffa-‘ljflllqi.
955 5692 1001 5713 "
1024 5692 1198 5741 Galat.
1233 5704 1312 5755 ιιι,
1345 5692 1435 5748 9.7.
1514 5692 1557 5725 ⁸³
1587 5693 1738 5752 Joan.
1771 5709 1845 5761 tv,
1885 5694 1977 5752 25.

479 5748 612 5806 Luc.
654 5765 762 5816 svi,
803 5749 885 5804 Ib‘.

2088 4576 2286 4620 nostra:
2325 4579 2387 4619 ac
2413 4563 2855 4632 dispensationis,
2884 4562 3147 4616 excitavit
3178 4561 3361 4616 Mosen
3395 4564 3673 4615 doctorem

2089 4660 2248 4728 legis,
2279 4656 2371 4726 qui
2410 4657 2561 4709 daret
2592 4655 2748 4708 nobis
2785 4654 2960 4723 legem
3004 4655 3055 4707 in
3094 4655 3294 4709 littera.
3329 4652 3391 4706 Et
3429 4653 3675 4707 fundavit

2085 4750 2200 4818 ipse
2222 4731 2376 4805 nobis
2402 4748 2650 4803 veritatis
2693 4747 2935 4810 domum,
2961 4761 3082 4815 qua:
3101 4756 3183 4799 est
3217 4746 3452 4801 Erclesia
3480 4747 3676 4801 catho-

2087 4844 2191 4898 lica
2233 4857 2396 4913 quam
2446 4840 2675 4902 creavit,
2707 4838 2896 4892 volens
2939 4846 3257 4892 convertere
3290 4839 3430 4892 Dens
3458 4839 3527 4891 ad
3561 4838 3676 4907 pri-

2089 4950 2235 4989 mtttn
2274 4931 2511 4985 initium.
2549 4929 2615 4983 Et
2653 4929 2779 4999 quia
2822 4927 2996 4982 Moses
3041 4929 3259 4996 quidem
3301 4929 3592 4984 aediﬁcavit
3620 4940 3674 4983 ut

2090 5026 2439 5098 praecedens,
2474 5024 2676 5077 idcirco
2726 5037 2833 5076 non
2867 5020 3180 5075 timebimus
3223 5037 3471 5077 asserere
3524 5038 3673 5076 eum-

2092 5123 2213 5176 dem
2256 5119 2484 5173 latorem
2529 5117 2664 5185 legis
2704 5129 2869 5167 unum
2928 5127 3052 5167 esse
3096 5130 3163 5167 ex
3209 5116 3673 5181 praecursoribus:

2089 5224 2144 5267 et
2166 5212 2290 5282 quia
2325 5210 2561 5280 Spiritus
2583 5209 2675 5277 qui
2703 5208 2873 5261 fuerit
2910 5222 3033 5261 cum
3067 5205 3237 5270 Mose,
3279 5207 3421 5261 idem
3445 5208 3520 5261 sit
3548 5223 3673 5276 ope-

2088 5316 2241 5360 ratus
2277 5312 2331 5357 et
2368 5303 2420 5356 in
2472 5302 2640 5354 choro
2678 5309 3013 5361 sanctorum,
3050 5313 3350 5368 omnesque
3403 5301 3685 5367 petierunt

2088 5398 2154 5450 de
2187 5393 2482 5463 Unigenito
2513 5391 2626 5446 Dei.
2666 5390 2797 5444 Item
2837 5388 3080 5445 Joannes
3111 5404 3249 5444 unus
3280 5392 3344 5444 de
3374 5407 3670 5461 praecurso-

2090 5487 2237 5541 rihns
2281 5492 2496 5549 exstat;
2537 5491 2589 5537 et
2628 5483 2748 5537 ideo
2796 5482 2881 5536 lex
2905 5492 3062 5551 atque
3117 5482 3384 5552 propheta:
3414 5499 3578 5552 usque
3610 5482 3678 5535 ad

2087 5579 2345 5634 Joannem
2366 5578 2432 5643 it",
2465 5592 2678 5646 regnum
2710 5574 2961 5639 calorum
3003 5576 3105 5630 vim
3128 5576 3353 5644 patitur,
3382 5583 3434 5628 et
3466 5574 3675 5629 uiolenti

2078 5696 2121 5728 "
2145 5694 2247 5752 lsa.
2290 5710 2357 5751 st.
2381 5733 2395 5761 ,
2432 5696 2483 5762 l,
2528 5693 2582 5746 2.
2660 5688 2704 5723 “
2735 5690 2893 5746 Prov.
2928 5705 3013 5756 Iv,
3051 5691 3104 5746 9.
3188 5691 3228 5722 "
3262 5688 3427 5746 Ilebr.
3455 5705 3536 5756 si,
3591 5692 3673 5746 I5.
