3990 6210
382 146 407 173 Ι

337 237 472 303 ’(995

1410 243 1467 299 S.
1514 240 1794 297 ANTONII
1832 241 1901 295 M.
1948 239 2241 297 ABBATIS
2285 239 2667 296 [LPISTQLA‘L

3528 240 3647 297 1991

359 361 618 431 diripiunt
659 360 795 415 illud
814 360 880 418 “.
911 358 1280 415 Prtevidentes
1313 368 1493 414 autem
1544 362 1579 414 ii
1613 361 1703 430 qtti
1750 359 1948 431 spiritu
1980 363 2022 418 A
2064 358 2222 412 redes
2246 358 2491 413 erimus:
2530 355 2781 411 lla'redes
2809 357 3021 426 quidem
3058 354 3172 422 Dei,
3215 358 3509 415 contendes
3545 380 3646 418 au-

366 455 708 520 ferebantur,
745 452 890 523 quod
923 446 1354 507 nulla'creatura
1393 453 1561 522 possit
1592 467 1785 506 curare
1813 451 1957 504 illam

325 526 778 617 'grandissimam
832 545 1069 614 plagam,
1102 543 1205 598 nisi
1258 544 1693 600 sola‘beatitndo
1738 544 1830 599 Dei
1865 544 1954 615 qui

358 649 441 692 est
474 637 804 709 Unigenitns
835 637 977 706 ejus,
1003 652 1277 708 quemque
1308 645 1361 691 et
1386 638 1680 692 destinavit
1707 638 1772 691 ad
1801 638 1952 692 salu-

369 742 478 785 tem
512 731 680 784 totius
707 729 881 794 orbis,
908 729 998 798 qui
1028 738 1082 783 et
1106 738 1189 783 est
1235 729 1476 783 medicus
1503 743 1736 796 magnus
1765 736 1959 799 patens

363 839 563 878 curare
600 824 869 891 ingentem
928 824 1139 891 plagam
1171 837 1267 875 sua
1301 822 1584 876 bonitate:
1622 823 1785 876 Pater
1811 838 1955 877 crea-

334 921 612 972 ‘turarum
659 932 763 971 non
818 916 1063 985 pepercit
1109 916 1396 986 Unigenito
1425 926 1647 986 propter
1679 931 1801 981 nos,
1834 932 1956 972 emn

363 1025 463 1077 pro
488 1019 671 1064 nostra
707 1008 1087 1062 universorum
1131 1008 1306 1063 salute
1340 1010 1558 1064 tradens
1588 1025 1685 1080 pro
1719 1012 1958 1079 peccatis

366 1084 567 1155 nostris
606 1108 659 1153 et
698 1115 797 1168 pro
830 1098 1205 1169 iniquitatibus
1231 1099 1299 1155 ⁵ο.
1351 1101 1416 1154 Et
1461 1101 1574 1170 ipse
1621 1101 1838 1171 quidem
1872 1115 1958 1156 se-

366 1191 654 1259 metipsum
700 1189 1025 1252 ltumiliavit,
1060 1190 1156 1245 sed
1230 1191 1375 1244 illius
1421 1191 1585 1246 livore
1635 1208 1732 1246 nos
1771 1208 1960 1250 omnes

365 1283 545 1338 sanati
573 1282 848 1345 sanius“;
880 1270 1153 1350 verboque
1184 1282 1404 1335 virtutis
1455 1297 1566 1336 suae
1606 1286 1959 1353 congregavit

361 1391 464 1432 nos
492 1390 558 1429 ex
590 1372 841 1427 omnibus
880 1373 1195 1444 regionibus
1217 1372 1285 1427 ab
1315 1382 1566 1429 extremo
1601 1384 1760 1429 terrae
1790 1391 1960 1446 usque

360 1467 426 1520 ad
464 1465 714 1519 ultimum
753 1462 927 1528 orbis,
961 1463 1165 1518 faciens
1216 1465 1671 1520 resurrectionem
1708 1468 1956 1521 cordium

359 1568 679 1613 nostrorum
713 1573 742 1611 a
776 1566 952 1621 terra,
984 1555 1278 1625 docuitque
1322 1571 1422 1611 nos
1446 1556 1774 1612 alterutrum
1804 1559 1956 1613 exsi-

359 1660 505 1704 stere
535 1646 778 1703 membra
797 1687 810 1700 .

2061 460 2162 503 tem
2194 447 2392 504 Christi
2410 449 2477 504 ⁵⁷.
2511 448 2832 503 Manifestus
2866 450 3032 519 igitur
3066 451 3153 506 -sit
3202 451 3355 506 vobis
3395 453 3496 508 iste
3534 470 3648 511 ser-

2062 555 2172 605 mo,
2207 540 2350 609 quod
2413 540 2514 595 nisi
2574 541 2696 611 quis
2747 542 3137 610 prteparaverit
3201 544 3645 601 emendationem

2061 632 2363 702 propriam,
2398 647 2496 687 nec
2536 643 2765 687 conatus
2796 631 2963 687 fuerit
3004 649 3069 688 ex
3104 627 3476 701 tota'virtute,
3507 638 3648 708 quod

2061 724 2188 779 huic
2238 724 2505 780 adventus
2538 723 2838 779 Salvatoris
2874 724 2926 778 in
2956 722 3219 793 judicium
3265 726 3376 780 lict.
3410 727 3647 794 Quibns-
3688 710 3693 715 δ

2060 816 2183 869 dam
2233 816 2375 870 enim
2435 827 2520 872 est
2585 817 2716 870 odor
2754 817 2937 873 mortis
2958 817 3016 871 in
3047 829 3287 883 mortem,
3335 822 3649 889 quibusdam

2063 916 2240 961 autem
2269 906 2401 961 odor
2429 911 2543 963 vita'
2570 909 2621 962 in
2653 910 2818 963 vitam
2842 909 2924 973 ⁸⁸;
2958 921 3240 980 propterea
3273 912 3417 981 quod
3456 914 3511 967 in
3538 914 3650 967 rui-

2067 1016 2188 1053 nam
2237 1011 2285 1056 et
2337 1002 2392 1054 in
2452 1004 2881 1057 resurrectionem
2914 1003 3195 1057 multorum
3226 1006 3426 1073 positus
3479 1008 3550 1060 sit
3594 1009 3649 1061 in

2063 1089 2256 1154 Israel,
2302 1101 2347 1144 et
2381 1092 2434 1144 in
2469 1092 2680 1161 signum
2737 1095 3171 1148 contradictionis
3199 1096 3268 1149 ".
3307 1095 3651 1166 Quapropter

2065 1182 2294 1237 obsecro
2336 1197 2452 1249 vos,
2488 1199 2554 1239 uc
2603 1172 2890 1256 negligatis
2929 1185 3159 1240 salutem
3207 1192 3516 1256 propriam;
3553 1188 3647 1242 sed

2064 1274 2436 1344 unusquisque
2455 1286 2694 1330 vestrum
2717 1277 2927 1331 scindat
2952 1292 3070 1338 cor.
3094 1289 3149 1333 et
3174 1295 3276 1333 non
3301 1280 3644 1344 vestimenta,

2070 1381 2136 1421 ne
2172 1366 2311 1420 forte
2346 1369 2530 1421 amicti
2558 1368 2742 1422 habitu
2781 1369 3286 1440 injuSlo,.paretmts
3328 1373 3482 1426 nobis
3503 1372 3650 1439 judi-

2063 1459 2230 1512 cium.
2285 1458 2421 1513 Ecce
2459 1460 2604 1513 enim
2653 1460 2763 1530 jam
2812 1464 3268 1534 apprOpinquabit
3327 1474 3560 1533 tempus,
3595 1467 3646 1518 in

2062 1562 2168 1618 quo
2226 1550 2521 1620 probentur
2573 1553 2995 1621 tminscujusqne
3041 1565 3281 1609 vestrum
3326 1571 3510 1624 opera.
3572 1556 3646 1610 De

2066 1642 2287 1696 minutia
2345 1658 2471 1696 vero
2514 1644 2687 1709 verbi,
2735 1654 2892 1700 erant
2940 1648 3044 1701 alia
3105 1665 3223 1716 qua:
3274 1625 3649 1703 scriberentur

433 1740 521 1797 111,
560 1738 798 1796 Obsecro
829 1753 961 1809 ergo
997 1753 1119 1802 vos,
1153 1739 1461 1795 charissimi
1511 1740 1565 1795 in
1614 1740 1864 1807 Domino,
1901 1750 1959 1796 υι
1994 1713 2032 1767 Β
2066 1732 2235 1796 vobis,
2265 1735 2357 1788 sed
2381 1734 2644 1803 Scriptum
2683 1746 2766 1790 est
2796 1759 2808 1792 :
2842 1737 2920 1791 Da
2966 1741 3192 1807 sapienti
3229 1744 3573 1803 occasionem,
3599 1753 3647 1796 et

364 1832 682 1903 intelligetis
713 1832 934 1902 scripta,
966 1832 1091 1901 quia
1123 1831 1214 1886 Dei
1245 1832 1494 1886 mandata
1523 1842 1668 1888 sunt.
1701 1832 1955 1901 Magnum

364 1923 569 1994 quippe
614 1922 769 1977 nobis
816 1931 897 1977 est
952 1913 1073 1988 hoc,
1112 1930 1168 1974 ut
1208 1921 1559 1978 advertamns
1612 1932 1848 1978 mentem
1890 1925 1957 1977 ad

367 2018 596 2070 turmam
617 2030 776 2084 quam
802 2015 1093 2085 assumpsit
1117 2014 1274 2071 lesus
1306 2026 1529 2086 propter
1556 2032 1676 2082 nos,
1710 2034 1773 2072 eo
1811 2019 1955 2088 quod

366 2121 462 2177 per
496 2107 675 2162 omnia
720 2107 877 2161 nobis
929 2106 1124 2161 similis
1180 2108 1342 2161 luerit
1383 2119 1611 2176 excepto
1644 2108 1956 2175 peccato".

379 2198 548 2253 Decet
580 2199 744 2252 etiam
790 2208 847 2251 ut
893 2208 945 2252 et
990 2214 1087 2252 nos
1138 2198 1238 2269 ipsi
1277 2198 1568 2253 liberemus
1602 2199 1744 2268 ipsos
1772 2216 1869 2254 nos
1905 2201 1956 2252 in

367 2292 487 2360 ejus
517 2293 826 2357 adventum,
857 2301 910 2346 et
943 2292 1088 2346 illius
1120 2291 1347 2346 stultitia
1398 2308 1495 2347 nos
1522 2294 1802 2362 sapientes
1842 2292 1956 2345 elli-

372 2386 503 2449 ciat,
540 2395 827 2454 paupertas
875 2386 1043 2454 ipsius
1080 2386 1236 2448 ditet,
1283 2394 1338 2438 et
1376 2385 1664 2439 intirmitas
1708 2386 1957 2438 robustos

368 2476 638 2539 ostendat,
678 2486 731 2530 et
777 2486 834 2530 ut
885 2477 999 2546 ipse
1039 2476 1281 2531 omnium
1344 2477 1672 2531 resurrectio
1705 2476 1831 2540 .liat,
1868 2479 1961 2530 de-

368 2581 583 2624 struens
610 2584 730 2623 enm
759 2569 849 2637 qui
882 2570 1072 2623 mortis
1101 2567 1262 2623 habet
1289 2568 1598 2637 imperium.
1630 2568 1781 2622 Tune
1814 2570 1957 2622 enim

371 2661 709 2717 cessabimus
739 2646 876 2729 opus
910 2659 1109 2715 habere
1142 2660 1441 2715 secundum
1484 2675 1700 2714 carnem
1752 2660 1805 2713 in
1825 2659 1958 2714 .Jesu

370 2754 626 2806 adventu.
673 2750 916 2823 Namque
949 2750 1108 2806 Jesus
1160 2762 1488 2821 cooperator
1529 2751 1683 2807 nobis
1729 2753 1780 2806 in
1822 2755 1961 2807 bono

372 2841 625 2906 servitio,
671 2856 953 2910 nsqueqno
1001 2841 1343 2894 tleslrttamns
1406 2838 1666 2892 malitiam
1718 2855 1956 2892 omnem.

378 2933 541 2988 Tunc
591 2945 806 3002 quoque
859 2932 1001 2985 dicet
1053 2931 1206 2984 nobis
1256 2927 1415 2984 Jesns
1445 2948 1457 2983 :
1484 2928 1607 2983 Jam
1640 2946 1741 2983 non
1772 2930 1961 2984 vocabo

2060 1826 2347 1894 sapientior
2396 1827 2491 1881 erit
2512 1828 2579 1881 ⁸ο.
2631 1828 2820 1883 Saluto
2873 1844 2969 1884 vos
3011 1846 3202 1886 omnes
3249 1833 3298 1885 in
3362 1834 3589 1887 Dotnino
3619 1850 3650 1888 a

2062 1918 2288 1972 minimo
2340 1933 2510 1987 usque
2542 1919 2610 1973 ad
2644 1936 2916 1990 magnum.
2957 1923 3097 1978 Deus
3143 1938 3325 1979 autem
3380 1927 3528 1995 pacis
3557 1944 3652 1980 eu-

2062 2013 2264 2067 stodiat
2305 2029 2399 2067 vos
2438 2014 2746 2081 universos,
2780 2017 3109 2070 cbarissimi.

2657 2108 2997 2164 EPISTULA
3041 2108 3103 2164 V.

2131 2197 2172 2251 1.
2215 2198 2488 2252 Antonius
2521 2199 2888 2275 dilectissitnis
2915 2202 3075 2265 natis,
3115 2202 3238 2257 liliis
3264 2202 3526 2258 lsraelitis
3564 2220 3653 2261 se-

2062 2290 2299 2345 cundum
2340 2292 2646 2346 sensualem
2682 2293 2923 2362 ipsorum
2957 2297 3284 2348 exstantiatn
3322 2319 3334 2351 :
3369 2313 3472 2351 non
3504 2300 3648 2351 enim

2063 2396 2284 2435 necesse
2326 2392 2410 2435 est
2440 2385 2711 2451 tumtiunri
2747 2385 3010 2438 voeabula
3039 2400 3159 2454 quae
3194 2398 3494 2449 transeunt,
3522 2392 3648 2457 quia

2065 2473 2157 2525 lilii
2180 2471 2314 2528 estis
2342 2472 2525 2529 Israel.
2556 2474 2749 2529 Adhuc
2784 2492 2910 2529 vme
2939 2477 3049 2530 nati
3083 2478 3207 2544 mei,
3239 2478 3456 2531 dilectio
3488 2493 3648 2548 quam

2069 2563 2241 2619 habeo
2290 2566 2342 2618 in
2380 2581 2492 2629 vos,
2529 2583 2635 2619 non
2671 2577 2748 2621 est
2794 2567 3013 2622 dilectio
3064 2570 3400 2639 corporalis,
3441 2574 3533 2625 sed
3565 2584 3652 2626 est

2063 2658 2305 2711 t-ltaritas
2333 2658 2560 2725 Spiritus
2591 2657 2817 2713 cultura:
2852 2660 2970 2713 Dei.
3003 2659 3291 2729 Propterea
3328 2675 3512 2717 autem
3549 2679 3650 2717 nec

2064 2748 2347 2819 defatiger,
2378 2750 2875 2805 obsecransDemn
2911 2751 2996 2807 die
3027 2768 3091 2807 ac
3147 2764 3309 2807 nocte
3342 2770 3439 2822 pro
3472 2756 3646 2820 vobis,

2066 2850 2123 2893 ut
2171 2842 2389 2909 possitis
2442 2857 2770 2912 cognoscere
2815 2845 3047 2912 gratiam
3091 2860 3213 2914 qum
3257 2860 3514 2901 concessa
3569 2858 3651 2902 est

2068 2933 2236 2988 vobis.
2269 2934 2403 3001 Quia
2450 2950 2556 2988 non
2609 2935 2661 2987 in
2699 2951 2806 2990 uno
2843 2946 3084 3008 tempore
3117 2938 3481 2994 visitationem
3523 2940 3654 2994 facit

373 3042 463 3080 vos
503 3041 700 3088 servos,
731 3035 782 3077 at
812 3024 1006 3092 fratres
1027 3022 1093 3075 ".
1123 3021 1352 3088 Quando
1378 3022 1540 3087 igitur
1564 3021 1644 3075 sic
1668 3036 1762 3074 eos
1799 3036 1956 3074 voca-
1989 3051 2030 3108 ο
2063 3036 2438 3081 creaturarum
2483 3043 2706 3082 suarum
2728 3067 2745 3094 ,
2799 3032 2894 3084 sed
2932 3046 2962 3083 a
3010 3032 3402 3088 constitutione
3469 3035 3651 3090 nmadi

373 3118 451 3171 vit
478 3116 620 3171 Deus
645 3124 703 3168 ut
731 3102 1040 3185 acciperent
1072 3115 1323 3183 spiritum
1352 3113 1584 3168 ﬁliorum
1622 3108 1956 3183 adoptionis,

379 3219 510 3263 tunc
546 3216 599 3261 et
629 3206 864 3276 Spiritus
894 3215 1118 3261 sanctus
1146 3206 1329 3260 docuit
1359 3219 1452 3259 eos
1480 3205 1708 3260 adorare
1740 3204 1956 3260 Patrem

373 3302 514 3356 sicut
555 3299 857 3367 oportebat.
901 3298 1050 3353 Unde
1092 3308 1147 3352 et
1203 3298 1332 3352 inibi
1387 3312 1602 3367 quoque
1640 3298 1957 3362 deterrimo,

368 3394 560 3462 jnncm
585 3389 734 3454 Jesu,
766 3391 1136 3459 tempusistnd
1166 3388 1219 3443 iu
1244 3404 1352 3460 quo
1382 3388 1725 3452 advenimus,
1756 3388 1958 3442 factum

373 3493 459 3537 est
486 3483 776 3537 lartilicatio
803 3491 858 3535 et
883 3483 1081 3544 luctus,
1114 3490 1170 3535 et
1200 3480 1382 3539 ﬂetus.
1414 3479 1682 3546 Quoniam
1716 3488 1770 3534 et
1805 3478 1957 3532 multi

378 3579 445 3629 de
466 3590 665 3644 genere
698 3584 882 3629 nostro
905 3573 1195 3627 induerunt
1228 3573 1541 3626 indumenta
1570 3572 1805 3639 pietatis,
1848 3571 1956 3624 vir-

379 3675 547 3721 tatem
572 3682 700 3722 vero
732 3675 1093 3737 negaverunt.
1127 3666 1488 3731 Quamobrem
1537 3674 1592 3718 et
1630 3678 1731 3730 ego
1779 3664 1830 3715 in
1879 3663 1963 3717 his

375 3760 598 3831 quidem
653 3761 899 3814 lzetitiror
971 3758 1061 3827 qui
1134 3762 1580 3826 prarparaverunt
1645 3754 1965 3823 semetipsos

380 3854 617 3908 liberare
672 3853 723 3907 in
767 3855 999 3905 adventu
1051 3847 1081 3903 J
1106 3864 1221 3914 -sn;
1259 3848 1309 3902 in
1358 3846 1464 3901 illis
1505 3861 1633 3914 vero
1666 3846 1839 3915 lugeo,
1872 3843 1961 3914 qui

381 3945 730 4013 interpellant
760 3957 959 3997 nomen
997 3939 1149 4003 Jesu,
1180 3950 1229 3993 et
1267 3938 1472 3993 faciunt
1508 3937 1813 3992 voluntates
1843 3950 1967 3990 cor-

381 4038 466 4091 dis
507 4047 558 4089 et
609 4035 809 4088 carnis.
857 4031 1076 4087 Necnon
1121 4043 1174 4086 et
1204 4045 1298 4085 eos
1340 4029 1533 4093 deﬂeo,
1561 4029 1654 4098 qui
1691 4029 1967 4082 intuentes

381 4126 775 4196 longitudinem
828 4124 1114 4195 tmnporis,
1156 4122 1529 4192 pusillanimes
1589 4120 1766 4175 etlecti
1820 4128 1965 4185 sunt,

385 4230 439 4274 et
457 4218 828 4287 spoliaverunt
849 4232 906 4271 se
924 4216 1144 4286 pietatis
1183 4215 1406 4278 amictu,
1430 4212 1557 4268 facti
1588 4213 1730 4268 sicut
1763 4212 1965 4266 bestite.

457 4311 545 4365 IV.
585 4314 896 4380 Agnoscant
946 4325 1074 4364 vero
1125 4306 1433 4377 lmjusmodi
1489 4305 1735 4359 dicentes
1780 4302 1967 4369 :Quia

2066 3119 2375 3172 moderatur
2409 3118 2548 3172 Deus
2582 3121 2828 3187 proprias
2857 3134 3161 3186 creaturas,
3192 3139 3294 3192 per
3334 3126 3651 3192 generatio-

2066 3224 2161 3262 nes
2190 3208 2434 3280 singulas
2463 3212 2910 3281 expergefaciens
2958 3230 3231 3286 quemque
3265 3219 3653 3273 occasionibus

2066 3302 2387 3363 quibusdam
2438 3314 2491 3358 ct
2549 3307 2751 3374 gratia.
2791 3304 2944 3359 Nunc
2992 3307 3197 3374 itaque,
3248 3309 3428 3373 lilioli,
3484 3309 3654 3363 nolite

2065 3393 2339 3463 negligere
2384 3394 2785 3463 proclamantes
2822 3397 2889 3450 ad
2937 3396 3221 3452 Dominum
3256 3401 3348 3454 die
3381 3416 3443 3454 ac
3474 3411 3651 3464 nocte,

2074 3482 2464 3553 compellantes
2506 3486 2892 3554 benignitatem
2923 3485 3128 3554 Patris,
3162 3500 3218 3542 ut
3242 3492 3344 3545 hoc
3367 3492 3527 3545 donet
3560 3506 3655 3547 vo-
3722 3548 3723 3555 η

2068 3573 2156 3629 bis
2206 3574 2535 3642 adjutorintn
2568 3578 2634 3630 de
2677 3577 2853 3641 .cwlo,
2889 3579 3091 3633 docens
3124 3596 3218 3634 vos
3247 3598 3532 3651 usqneqno
3554 3572 3652 3637 co-

2067 3669 2341 3734 gnoscatis
2383 3669 2512 3736 quid
2574 3669 2626 3720 in
2688 3683 2747 3722 se
2814 3671 3024 3723 habeat.
3091 3669 3224 3723 Nam
3269 3688 3412 3732 vere.
3465 3673 3653 3739 tilioli,
3716 3676 3719 3679 ⁷

2075 3759 2165 3823 qui
2212 3758 2264 3809 in
2324 3757 2541 3825 propria
2596 3773 2727 3811 nece
2776 3761 3166 3823 consistimus,
3222 3761 3531 3817 habitantes
3595 3776 3653 3821 et

2071 3847 2122 3900 in
2154 3846 2379 3901 latronis
2409 3849 2569 3901 domo
2601 3857 2653 3902 et
2687 3864 2969 3903 manen.es
2994 3891 3009 3915 ,
3054 3865 3157 3903 non
3202 3863 3257 3904 et
3310 3856 3499 3907 mortis
3534 3856 3650 3907 vin-

2069 3936 2205 3991 culis
2269 3936 2575 4005 obligantur
2646 3953 2808 3993 nunc.
2877 3939 3219 4010 Quapropter
3266 3960 3331 3997 ne
3392 3945 3652 4000 dederitis

2072 4042 2321 4082 somnum
2376 4029 2550 4081 oculis
2585 4029 2800 4095 vestri-',
2831 4045 2929 4084 nec
2980 4032 3255 4100 palpebris
3310 4035 3653 4090 dormitatio-

2072 4132 2192 4172 netu
2217 4118 2286 4183 ³⁸,
2318 4116 2606 4174 olle-rentes
2666 4122 3024 4190 vosmetipsos
3091 4126 3415 4193 sat-rilicinm
3462 4128 3569 4183 Deo
3605 4129 3657 4183 in

2070 4213 2214 4263 omni
2244 4212 2553 4276 sanctitate,
2576 4228 2736 4281 quant
2777 4230 2939 4268 nemo
2970 4215 3295 4272 Inc-reditare
3331 4230 3507 4287 potest
3536 4220 3659 4274 sine

2072 4302 2455 4357 sanctimonia.
2504 4304 2663 4371 Vere,
2710 4306 3019 4361 cltarissitui
3060 4309 3117 4363 in
3175 4309 3422 4364 Domino.
3481 4314 3659 4365 niani-

377 4404 496 4474 jam
534 4420 637 4456 non
689 4402 879 4455 vocabo
910 4418 997 4455 vos
1023 4417 1217 4459 servos.
1246 4398 1336 4453 scd
1370 4408 1415 4451 et
1452 4398 1646 4450 anticus
1676 4406 1723 4450 et
1754 4396 1969 4464 fratres;
2005 4390 2045 4442 Ι)
2076 4391 2244 4448 festus
2287 4395 2360 4448 sit
2406 4396 2556 4450 vobis
2599 4398 2700 4452 iste
2745 4413 2946 4464 sermo,
2976 4412 3026 4455 et
3062 4401 3119 4456 id
3161 4402 3303 4471 quod
3351 4404 3549 4455 bonum
3577 4412 3661 4457 est

358 4498 511 4566 squia
549 4512 870 4565 quacunque
908 4503 1026 4547 nota
1083 4493 1205 4560 fecit
1259 4490 1388 4543 mihi
1421 4487 1604 4554 Pater,
1638 4486 1969 4555 manifestavi

365 4588 532 4643 ο-ιωὺίι
557 4586 997 4641 “.Conlitentes
1043 4584 1206 4654 igitur
1249 4591 1427 4636 mente
1457 4580 1600 4650 Quod
1634 4588 1973 4647 agnoverunt.

387 4679 711 4747 semetipsos
735 4677 1032 4731 secundum
1079 4674 1386 4730 sensualem
1413 4688 1565 4727 suam
1590 4673 1969 4738 substantiam,

386 4773 657 4826 dederunt
691 4783 876 4822 vocem
913 4767 1157 4822 dicentes
1188 4781 1203 4818 :
1233 4765 1371 4830 Quia
1419 4766 1512 4817 etsi
1552 4765 1888 4832 cognovimus
1923 4775 1970 4818 te

389 4858 679 4928 aliquando
711 4858 995 4912 secundum
1044 4872 1280 4921 carnem,
1316 4855 1407 4909 sed
1439 4871 1575 4908 nunc
1598 4854 1717 4924 jam
1746 4871 1847 4908 non
1878 4871 1972 4909 no-

379 4953 562 5005 rimus
588 4950 657 5005 ⁸⁸.
706 4952 918 5017 Quique
988 4948 1322 5017 accipientes
1378 4946 1609 5001 liliorutn
1669 4947 1974 5014 adoptionis

389 5046 671 5115 Spiritum,
711 5044 1155 5098 exclamaverunt
1194 5024 1473 5096 dicentes:
1504 5038 1627 5093 Non
1669 5039 1975 5093 euimacce-

388 5135 564 5199 pimus
594 5133 837 5202 spiritum
886 5132 1146 5186 servitutis
1184 5132 1368 5185 iterant
1394 5131 1680 5205 intimare,
1710 5129 1800 5184 sed
1829 5145 1976 5183 acce-

390 5228 564 5293 pimus
599 5226 841 5293 spiritum
882 5225 1180 5288 adoptionis
1214 5224 1268 5277 in
1296 5240 1398 5295 quo
1432 5224 1725 5277 clamamus
1766 5222 1972 5301 :dbba,

398 5312 561 5369 Pater
582 5315 649 5371 ".
678 5314 835 5370 Nunc
884 5330 1039 5385 ergo,
1075 5314 1239 5382 Deus,
1270 5316 1620 5385 cognovimus
1643 5329 1977 5383 quacunque

302 5437 314 5446 ο
394 5405 608 5459 donasti
640 5406 813 5473 nobis,
840 5414 896 5460 et
918 5405 1122 5461 scimus
1142 5406 1396 5473 quoniam
1422 5403 1515 5458 lilii
1543 5419 1751 5471 sumus,
1780 5415 1833 5459 et
1865 5404 1979 5459 bte-

481 5601 525 5635 ⁸⁸
543 5609 731 5663 Matth.
770 5610 956 5675 X512.

1035 5611 1080 5643 ’⁸
1108 5610 1261 5666 Rom.
1291 5625 1408 5679 vnt,
1426 5609 1513 5664 32.

388 5688 452 5747 ν,
486 5679 570 5734 to.

647 5681 693 5712 "
724 5678 881 5734 Rotn.
912 5697 1031 5749 vni,
1063 5680 1147 5736 15.
1178 5681 1238 5741 ,¹⁷
1271 5682 1399 5737 ibid.
1434 5680 1515 5733 l7.

1594 5609 1636 5640 "
1669 5609 1774 5663 lsa.
1807 5627 1922 5674 uti,
1954 5610 2004 5664 5.
2049 5613 2093 5644 ⁸¹
2127 5610 2287 5667 llebr.
2321 5629 2391 5675 tv,
2421 5613 2505 5668 lii.

1588 5680 1634 5712 "
1659 5679 1703 5735 Il
1729 5683 1855 5737 Cor.
1888 5683 2067 5747 ",10.

2080 4484 2312 4551 faciatis,
2350 4487 2400 4538 in
2432 4503 2541 4557 quo
2570 4498 2625 4542 et
2666 4490 2949 4545 universos
2993 4492 3251 4547 reﬁcietis
3280 4506 3520 4556 sanctos,
3548 4494 3662 4547 ala-

2077 4579 2323 4633 critatem
2360 4580 2665 4635 animorum
2716 4584 3040 4653 praebentes,
3072 4588 3389 4654 obsequium
3441 4586 3661 4656 angelo-

2079 4684 2220 4736 rum,
2255 4681 2309 4725 et
2342 4670 2764 4728 laetiﬁcationetn
2799 4672 2950 4739 Jcsu,
2984 4678 3239 4745 quoniam
3285 4680 3516 4733 necdum
3573 4689 3660 4731 re-

2079 4763 2257 4829 quiem
2283 4762 2596 4818 habuernnt
2624 4776 2844 4833 propter
2865 4782 2965 4821 nos
2994 4782 3161 4835 uSque
3187 4768 3254 4821 ad
3279 4768 3414 4820 hanc
3447 4768 3657 4831 horam,

2078 4855 2172 4907 sed
2203 4863 2257 4908 et
2286 4854 2415 4908 tnihi
2442 4855 3047 4920 deterrimo,habitanti
3084 4860 3135 4912 in
3164 4859 3264 4913 hac
3294 4858 3435 4913 lutea
3477 4861 3658 4925 domo,

2079 4949 2324 5003 eamdem
2377 4948 2620 5005 laetitiam
2673 4951 2725 5005 in
2768 4952 2959 5021 spiritu
2998 4968 3139 5008 meo.
3172 4953 3310 5008 Vere
3341 4952 3562 5021 etenim,
3594 4952 3660 5008 ll-

2080 5040 2214 5105 lioli,
2263 5040 2388 5107 quia
2427 5049 2613 5095 nostra
2655 5042 3069 5100 incommoditas
3117 5052 3171 5099 ct
3215 5042 3477 5101 inutilitas
3511 5044 3661 5102 dolo-

2083 5147 2197 5186 rem
2236 5131 2315 5185 eis
2353 5132 2611 5187 omnibus
2658 5135 2884 5202 prtebet,
2939 5126 3164 5191 utuntur
3205 5136 3462 5207 lacrymis
3502 5145 3662 5207 atque

2084 5223 2380 5294 gemitibus
2414 5239 2513 5293 pro
2546 5214 2703 5280 nobis
2739 5225 2792 5280 in
2822 5239 3117 5299 conspectu
3146 5228 3484 5296 Conditoris;
3513 5239 3567 5286 et
3594 5230 3662 5286 ob

2086 5316 2190 5371 hoc
2241 5326 2562 5371 cunctorum
2608 5318 2773 5373 etiam
2824 5320 2966 5375 Deus
3010 5321 3258 5377 irascitur
3292 5337 3455 5393 super
3497 5338 3663 5395 Opera

2086 5415 2270 5462 nostra
2314 5405 2546 5477 maligna
2583 5419 2805 5477 propter
2827 5410 3084 5480 gemitum
3116 5420 3425 5469 sanctorum
3460 5415 3663 5472 :sieuti

2585 5615 2631 5645 ⁸³
2658 5611 2815 5669 Joan.
2846 5629 2938 5676 xv,
2973 5614 3055 5670 l5.
3115 5615 3161 5648 “
3186 5616 3311 5670 ibid.

2654 5686 2696 5717 ‘°
2728 5684 2888 5742 l’rov.
2918 5703 2995 5752 tv,
3024 5688 3077 5743 9.

3394 5617 3439 5649 "
3467 5618 3503 5673 ΙΙ
3534 5616 3664 5671 Cor.

2147 5683 2190 5713 ⁸⁹
2223 5682 2353 5739 Luc.
2384 5701 2456 5751 λι,
2487 5686 2575 5740 5i.
2654 5686 2696 5717 ‘°
2728 5684 2888 5742 l’rov.
2918 5703 2995 5752 tv,
3024 5688 3077 5743 9.
3155 5686 3196 5719 ⁶¹
3224 5685 3365 5743 Psal.
3393 5703 3578 5757 cum,
3606 5683 3662 5740 ι.
