3990 6210
336 243 439 306 993

1421 248 1691 305 P.'\T“ES
1737 247 2036 302 IEGYPTH
2077 246 2347 304 S.Et‘.l'Ll
2389 245 2474 302 IV.

3492 249 3600 304 995

344 368 538 420 iterum
593 365 867 432 profectus
913 371 966 415 et
1013 363 1317 415 cmemlatio
1368 372 1676 416 nostrormn
1710 362 1917 414 animo.
1955 372 1994 425 Α
2029 363 2203 416 bitare
2243 364 2382 431 apud
2430 359 2644 414 Patrem
2685 358 2826 413 sicut
2873 368 3126 427 oportet;
3179 375 3302 412 nam
3362 365 3601 428 quandiu

344 475 484 524 rum,
517 456 847 510 aluei-inueni
885 455 1085 524 przebet
1116 454 1283 507 choro
1309 465 1638 507 sanctorum.
1673 453 1733 507 Et
1759 464 1919 506 utun-

344 561 432 602 tur
465 563 626 618 prece
656 551 821 600 n'iuLta
860 556 1021 612 atque
1056 543 1239 598 laetitia
1270 545 1322 597 in
1356 544 1714 598 exsultatione
1740 558 1919 595 coram

341 640 601 693 Creatore
635 648 840 691 nostro.
882 635 1001 704 Ipse
1035 651 1247 705 quoque
1274 647 1588 690 cunctorum
1616 633 1792 703 opifex
1829 634 1919 686 la:-

344 740 486 784 talur
521 730 572 782 in
623 729 874 797 cperibus
916 729 1130 787 nostris,
1162 736 1215 779 et
1265 738 1482 794 propter
1533 725 1912 780 testimonium

342 832 650 889 sanctorum
680 821 844 873 donat
877 819 1031 872 nobis
1066 819 1392 872 charismata
1421 819 1706 871 immensa.
1781 866 1792 874 ,

415 912 477 965 ll.
522 911 689 983 Igitur
724 922 778 964 ut
813 912 1156 979 cognoscatis
1185 911 1326 980 quod
1375 907 1515 962 Deus
1548 909 1733 978 diligat
1781 923 1921 962 sem-

341 1015 436 1070 per
489 1003 760 1071 propriam
815 1012 1144 1065 creaturam,
1176 1017 1240 1055 eo
1295 1003 1434 1070 quod
1483 1001 1553 1055 sit
1607 1000 1924 1054 immortalis

341 1097 652 1158 exstatitim,
687 1109 790 1146 non
826 1102 908 1147 est
945 1093 1255 1146 resolvenda
1288 1093 1626 1160 corporibus,
1662 1093 1924 1162 aspiciens

343 1184 651 1239 sensualem
703 1192 951 1235 naturam
983 1187 1096 1250 ipse
1133 1185 1272 1249 quod
1308 1192 1515 1236 mortua
1551 1183 1771 1235 omnino
1802 1198 1922 1249 per-

344 1278 573 1332 rexisset
599 1279 648 1328 in
683 1276 958 1344 abyssum,
991 1285 1044 1328 et
1097 1274 1224 1328 illud
1257 1276 1724 1328 testamentarium
1762 1272 1922 1327 refri-

343 1371 575 1437 guisset,
634 1377 745 1419 tum
794 1366 931 1420 idem
971 1366 1110 1418 Deus
1159 1365 1372 1433 propria
1405 1365 1646 1418 bonitate
1678 1365 1920 1418 eamdem

345 1461 532 1513 visitat
583 1472 647 1512 ex
702 1467 893 1522 morte,
928 1471 1024 1524 per
1079 1455 1256 1510 Mosen
1306 1455 1571 1508 aniificare
1625 1454 1828 1517 volens,
1872 1465 1926 1506 et

349 1564 598 1618 magnam
642 1561 834 1600 curare
898 1546 1130 1616 plagam,
1168 1547 1405 1612 gestiens
1447 1555 1762 1599 convortere
1805 1559 1924 1597 eam

350 1643 415 1694 ad
453 1642 733 1710 pristinam
779 1641 1153 1704 concordiam,
1197 1641 1287 1692 sed
1335 1647 1526 1708 potens
1571 1638 1812 1690 discessit
1859 1637 1928 1689 ab

353 1735 450 1787 eis.
485 1733 675 1786 Adhuc
723 1733 946 1799 insuper
997 1741 1050 1784 ct
1094 1733 1271 1785 omnis
1303 1733 1684 1799 prophetarum
1729 1731 1926 1783 chorus

352 1822 757 1876 ardificavcrunt
807 1819 970 1889 supra
1031 1821 1437 1873 fundamentum
1494 1820 1677 1882 Mosis,
1708 1820 1800 1873 sed
1830 1834 1928 1872 nec

346 1915 435 1969 isti
467 1915 750 1967 valuerunt
782 1913 984 1965 mederi
1022 1913 1291 1980 ingentem
1326 1912 1534 1982 plagam
1565 1911 1927 1964 membrorum

349 2022 601 2069 suorum;
628 2016 1018 2072 cernentesque
1052 2005 1192 2071 quod
1225 2013 1493 2058 cessasset
1519 2004 1688 2056 virtus
1720 2018 1927 2063 eorum,

351 2100 547 2154 iterato
574 2097 750 2150 adhuc
783 2097 1067 2148 universus
1093 2105 1400 2148 sanctorum
1443 2094 1638 2146 chorus
1673 2093 1931 2147 collectus

351 2209 404 2245 tn
435 2207 621 2254 unum,
652 2188 925 2241 orationes
959 2186 1120 2240 refert
1154 2187 1206 2240 in
1233 2198 1527 2255 conspectu
1558 2187 1760 2255 pr0prii
1791 2187 1932 2240 (Jon-

352 2281 563 2338 diloris.
593 2279 780 2333 dicens
809 2295 820 2328 :
852 2275 1110 2344 Nunquid
1149 2279 1320 2330 resina
1361 2294 1461 2329 non
1493 2287 1568 2329 est
1600 2277 1653 2329 in
1703 2275 1932 2337 Galaad,

353 2384 443 2426 aut
483 2372 715 2424 medicus
745 2369 872 2421 inibi
902 2369 924 2419 ?
958 2367 1137 2432 Quare
1168 2384 1290 2437 ergo
1331 2384 1432 2420 non
1474 2369 1701 2420 ascendit
1738 2369 1935 2421 sanitas

353 2465 480 2532 [ilia'
503 2463 680 2530 populi
709 2460 904 2514 mei"?
935 2460 1174 2522 Domine,
1204 2462 1500 2514 curavimus
1532 2459 1937 2529 Babylonem,“

357 2571 459 2608 non
491 2562 568 2608 cst
603 2563 793 2605 sanata
826 2567 1004 2605 :uunc
1031 2551 1292 2620 fugiamus
1331 2554 1393 2604 ab
1435 2568 1496 2604 ea
1519 2552 1564 2583 ⁸³
1594 2571 1606 2606 :
1635 2553 1937 2620 petentibus

355 2645 568 2699 cunctis
600 2642 986 2710 benignitatem
1017 2639 1194 2693 Patris
1227 2643 1289 2694 de
1327 2641 1637 2710 Linigenito,
1665 2640 1808 2708 quod
1835 2640 1934 2692 risi

359 2739 472 2808 ipse
505 2737 557 2789 in
598 2735 756 2786 lcrris
789 2743 1024 2795 curaret,
1058 2732 1200 2785 nulla
1243 2743 1491 2787 creatura
1554 2746 1745 2785 curare
1774 2731 1940 2799 possit

361 2831 632 2898 ingentem
682 2827 914 2895 plagam.
968 2825 1140 2891 Hujus
1190 2823 1263 2877 rei
1322 2839 1507 2888 causa,
1547 2825 1785 2878 bonitate
1819 2839 1940 2890 pro-

363 2925 477 2993 pria
518 2935 702 2972 vocem
749 2916 1121 2988 deditdicens
1157 2935 1168 2970 ι
1203 2915 1312 2969 Fili
1367 2917 1614 2978 hominis,
1657 2916 1795 2984 facio
1849 2916 1940 2966 tibi

360 3029 485 3068 casa
516 3011 832 3078 captivitatis
847 3008 912 3062 “.
957 3008 1216 3062 Voluntas
1245 3009 1424 3075 itaque
1459 3006 1632 3060 Patris
1658 3005 1942 3075 Unigenito

369 3120 475 3158 non
507 3103 746 3174 pepercit
777 3117 873 3170 pro
905 3110 1086 3154 nostra
1115 3101 1356 3153 omnium
1404 3100 1598 3162 salute,
1648 3099 1742 3152 sed
1791 3100 1925 3151 tradi

365 3195 444 3248 dit
499 3210 617 3247 cum
691 3208 792 3261 pro
854 3190 1088 3261 peccatis
1155 3192 1352 3244 nostris
1395 3190 1461 3245 ⁸⁸.
1525 3190 1589 3243 Ει
1639 3188 1948 3258 iniquitates

364 3287 579 3354 quidem
613 3295 808 3337 nostra:
857 3282 1276 3336 humiliaverunl
1307 3296 1426 3334 eum
1454 3319 1466 3340 ,
1500 3282 1591 3334 sed
1643 3281 1806 3332 littore
1833 3281 1948 3347 ejus

369 3393 467 3429 nos
505 3390 680 3427 omnes
711 3374 886 3425 sanati
918 3387 1100 3424 suum:
1125 3371 1170 3400 ⁸⁸
1198 3387 1211 3422 :
1242 3385 1579 3439 congregans
1610 3370 1723 3436 ipse
1759 3384 1856 3422 nos
1885 3386 1946 3421 cx

368 3467 616 3521 omnibus
646 3465 958 3532 regionibus
985 3478 1013 3514 a
1043 3477 1256 3514 summo
1299 3470 1456 3513 terrm
1487 3475 1653 3528 usque
1679 3459 1744 3511 ad
1769 3469 1950 3511 extre-

372 3574 516 3612 mum
563 3557 736 3621 orbis,
789 3555 992 3608 faciens
1039 3555 1489 3608 resurrectionem
1551 3564 1805 3604 sensuum
1860 3567 1954 3600 no-

370 3661 603 3706 strorum
641 3650 706 3702 de
755 3657 916 3710 terra,
953 3656 1010 3700 et
1037 3647 1240 3699 ἀοι-ρης
1270 3645 1408 3703 ιιιιοΙ
1440 3645 1755 3697 alterutrum
1787 3657 1956 3695 inem-

373 3743 468 3797 bra
495 3758 702 3796 sumus.

450 3833 537 3888 111.
581 3834 855 3886 Attendite
884 3847 1037 3901 ergo,
1074 3831 1242 3894 filioli,
1279 3846 1342 3884 ne
1373 3828 1658 3882 forteiliud
1681 3826 1956 3881 oraculum

380 3925 530 3980 l’auli
564 3927 853 3993 impleatur
889 3925 940 3976 in
982 3923 1130 3977 vobis
1163 3941 1175 3977 :
1215 3922 1474 3976 [labentes
1499 3924 1705 3984 quidem
1735 3922 1956 3988 formam

376 4021 608 4086 pictatis,
637 4020 874 4070 virtutem
904 4026 1078 4068 autem
1105 4015 1217 4084 ejus
1249 4025 1490 4084 negantes
1511 4013 1573 4065 ".
1601 3995 1958 4079 Quamobrem

378 4111 753 4178 unusquisque
784 4121 1029 4173 nostrum
1060 4110 1270 4162 scindat
1297 4108 1571 4176 proprium
1602 4121 1718 4166 eor,
1746 4103 1945 4156 deflens

384 4204 436 4256 in
470 4215 760 4271 c0u5pectu
816 4203 954 4271 eius,
991 4214 1045 4256 et
1101 4201 1288 4254 dicens
1315 4218 1327 4252 :
1353 4198 1492 4264 Quid
1541 4199 1821 4250 retribuam
1860 4194 1962 4246 Do-

383 4296 528 4349 mino
566 4311 659 4364 pro
687 4296 928 4347 omnibus
960 4295 1107 4346 bonis
1137 4308 1252 4360 quw
1294 4290 1532 4344 retribuit
1574 4286 1796 4340 mihi“?
1831 4285 1961 4339 For-

385 4387 532 4440 lllitlo
575 4386 793 4447 iturum,
834 4385 1002 4448 filioli,
1037 4398 1102 4436 ne
1155 4384 1292 4435 fot'le
1353 4381 1480 4434 illud
1536 4379 1806 4446 eloquium
1860 4377 1961 4430 itu-

2029 453 2330 506 fatisvimus
2382 449 2613 505 naturali
2650 449 2908 516 materiae,
2942 450 3090 504 velut
3134 451 3336 505 inimici
3385 455 3604 508 exsisti-

2025 561 2143 596 mus
2185 543 2496 611 angelorum
2534 541 2623 595 Dei
2653 550 2815 608 atque
2839 552 3148 594 sanctorum
3192 541 3326 610 ejus.

2098 632 2184 686 IV.
2228 633 2377 687 Nunc
2407 649 2533 700 ergo
2590 635 2818 688 obsecro
2851 646 2962 693 vos,
3011 633 3368 696 dilectissimi,
3404 633 3458 687 in
3495 650 3594 688 no-

2028 725 2173 779 mine
2211 725 2421 780 Domini
2459 725 2629 778 nostri
2665 723 2790 778 Jesu
2820 724 3045 786 Christi,
3079 725 3152 776 uti
3189 739 3253 777 ne
3300 723 3480 778 velitis
3514 739 3609 777 tte-

2027 819 2232 888 gligere
2291 818 2559 886 propriam
2619 817 2808 881 vitam,
2862 831 2959 869 nec
3015 817 3306 870 Confundat
3333 817 3607 886 exiguitas

2027 908 2284 976 temporis
2318 908 2442 960 illud
2498 909 2614 960 sine
2647 906 2752 960 fine
2786 917 3016 974 tempus,
3054 921 3119 958 ne
3151 906 3394 974 pellicula
3426 907 3609 960 carnis

2027 1000 2394 1066 corruptibilis
2423 999 2669 1053 obfuscet
2704 1013 2930 1067 regnum
2975 996 3256 1051 ineffabilis
3305 998 3460 1056 lueis.
3506 1015 3606 1051 ne-

2028 1109 2134 1164 que
2167 1093 2633 1146 condenmationis
2667 1093 2817 1146 locus
2840 1089 3074 1146 exitialis
3109 1092 3394 1160 in'angelis
3419 1103 3606 1146 exter-

2030 1186 2196 1238 ntinet
2226 1188 2399 1238 sedes.
2443 1182 2601 1246 Vere,
2639 1183 2810 1248 filioli,
2845 1183 2968 1252 quia
3014 1184 3191 1236 anima
3229 1199 3344 1236 mea
3373 1184 3608 1251 phanta-

2028 1293 2140 1331 sma
2168 1279 2385 1343 patitur,
2420 1285 2473 1327 et
2504 1276 2730 1343 spiritus
2781 1291 2929 1328 meus
2978 1276 3028 1328 in
3092 1290 3288 1342 pavore
3335 1277 3606 1339 coasistit,

2028 1374 2170 1438 quod
2204 1369 2438 1421 universi
2471 1384 2566 1421 nos
2591 1368 2731 1421 velut
2775 1369 2985 1436 gurgite
3027 1367 3262 1420 immersi
3312 1382 3520 1429 smnus,
3556 1376 3610 1418 ct

2031 1463 2173 1514 velut
2215 1461 2349 1514 ebrii
2405 1470 2579 1514 musto
2619 1459 2991 1524 consistimus,
3057 1473 3177 1509 cum
3233 1459 3610 1526 unusquisque

2034 1562 2280 1609 nostrum
2315 1552 2524 1620 propria
2559 1550 2878 1604 distrahitur
2915 1550 3212 1603 voluntate.
3259 1547 3426 1610 liuius
3463 1548 3608 1600 enim

2033 1647 2267 1700 dominio
2297 1645 2666 1712 Subjugamur,
2705 1642 2952 1695 nolentes
3003 1641 3247 1694 attollere
3293 1639 3480 1693 oculos
3508 1654 3607 1692 no-

1963 1712 2001 1764 Β
2025 1748 2171 1793 siros
2205 1739 2269 1790 ad
2295 1736 2415 1789 coeli
2447 1734 2670 1803 gloriam
2711 1733 3106 1800 inquirendam,
3135 1741 3190 1786 el
3210 1731 3352 1786 illam
3395 1740 3614 1784 saneto-

2035 1846 2150 1882 rum
2179 1829 2416 1882 omnium
2467 1825 2835 1892 operationem
2887 1825 3184 1887 illustrem,
3239 1824 3477 1891 ipsorum
3521 1836 3608 1873 ve-

2032 1921 2208 1986 Stigiis
2238 1920 2583 1974 inita-rentes.
2624 1917 2688 1971 Ut
2721 1931 2848 1985 ergo
2874 1917 3062 1971 sciatis
3089 1916 3230 1983 quod
3271 1915 3390 1967 (ἀξιί
3437 1913 3613 1966 sancti

2036 2011 2211 2078 angeli
2239 2011 2352 2062 sive
2375 2009 2550 2072 sedes,
2581 2009 2694 2061 sive
2723 2006 3140 2069 dominationes,
3173 2007 3284 2058 sive
3306 2002 3613 2060 cherubim.

2035 2103 2151 2154 sive
2183 2097 2482 2165 serapbim,
2513 2097 2625 2149 sive
2651 2095 2752 2161 sol,
2801 2097 2912 2148 sive
2945 2095 3091 2158 luna,
3145 2095 3256 2148 sive
3296 2105 3467 2153 astra,
3500 2093 3616 2145 sive

2037 2189 2381 2262 patriarchae,
2419 2189 2532 2242 sive
2563 2189 2858 2257 prophetas,
2890 2187 3004 2240 sive
3051 2185 3301 2256 apostoli,
3357 2187 3472 2237 sive
3501 2183 3616 2235 dia-

2037 2281 2213 2344 bolus,
2243 2279 2356 2332 sive
2386 2276 2636 2343 Satanas,
2669 2279 2779 2331 sive
2809 2277 3032 2346 spiritus
3059 2275 3297 2345 maligni,
3333 2275 3447 2327 sive
3470 2273 3617 2344 prin-

2039 2375 2185 2442 cipes
2222 2371 2364 2426 aeris
2401 2371 2579 2438 hujus,
2606 2380 2658 2424 et
2689 2371 2778 2438 (ne
2811 2369 2962 2438 plura
2992 2369 3240 2435 dixerim)
3261 2368 3376 2420 sive
3405 2379 3620 2418 mascu-

2041 2465 2278 2530 lus,sive
2298 2463 2519 2525 femina,
2546 2461 2838 2516 secundum
2865 2461 3188 2530 principium
3219 2465 3484 2512 creatura:
3507 2469 3620 2510 sua:

2040 2572 2101 2610 ex
2139 2573 2244 2610 uno
2276 2566 2402 2610 sunt
2443 2571 2649 2618 omnes,
2682 2565 2904 2622 excepta
2937 2551 3047 2605 sola
3084 2549 3316 2621 perfecta
3361 2564 3424 2601 ac
3463 2550 3617 2601 beata

2043 2647 2310 2702 Trinitate
2342 2646 2518 2701 Patris
2575 2656 2627 2698 et
2685 2643 2804 2697 Filii
2840 2655 2894 2698 et
2919 2644 3150 2711 Spiritus
3172 2641 3363 2695 sancti.
3396 2638 3618 2708 Propter

2049 2743 2249 2793 bonum
2280 2755 2408 2792 vero
2437 2737 2794 2808 quorumdam
2839 2743 3067 2798 motum,
3098 2750 3230 2804 opus
3262 2733 3454 2795 fuit,ut
3485 2733 3617 2784 licus

2047 2833 2237 2884 borum
2281 2833 2494 2882 nomina
2530 2829 2815 2890 vocitaret,
2848 2839 2900 2880 et
2933 2826 3227 2879 secundum
3269 2823 3448 2876 studia
3479 2823 3618 2890 ipso-

2049 2939 2188 2982 rum,
2220 2921 2304 2973 his
2330 2920 2418 2988 qni
2447 2919 2674 2986 amplius
2725 2916 3088 2987 profecerunt,
3149 2914 3397 2968 attribuit
3442 2928 3625 2982 super-

2049 3009 2407 3063 excelleutem
2435 3008 2662 3076 gloriam
2687 3006 2986 3076 dignitatis.

2601 3163 2929 3219 EI‘ISTOLA
2995 3162 3078 3216 Vl.

2124 3282 2170 3334 l.
2214 3281 2380 3334 Debet
2420 3279 2758 3332 rationabilis
2792 3278 2951 3330 homo
2981 3287 3200 3343 paratus
3227 3291 3369 3338 esse,
3412 3284 3465 3326 ut
3493 3273 3626 3327 libe-

2055 3380 2136 3422 ret
2180 3371 2532 3439 sei’uetipsum
2566 3371 2616 3422 in
2646 3373 2878 3422 adventu
2903 3367 3024 3420 Filii
3061 3368 3177 3427 Dei,
3219 3382 3547 3433 cognoscens
3576 3377 3630 3416 se

2054 3476 2172 3516 esse
2211 3462 2506 3515 secundum
2558 3461 2860 3514 sensualem
2909 3474 3060 3510 suam
3108 3459 3453 3510 exstantium.
3497 3456 3628 3520 Quia

2055 3556 2361 3622 quicunque
2411 3551 2726 3621 cognoverit
2776 3551 3146 3617 semetipsum,
3182 3559 3473 3614 cognoscet
3519 3545 3628 3597 ιξὶςο

2061 3647 2430 3713 pensationem
2505 3643 2702 3712 proprii
2768 3639 3102 3702 Conditoris,
3169 3640 3247 3691 \cl
3305 3653 3635 3706 ιιιιωιιιιιφιρ

2059 3740 2189 3793 facit
2217 3742 2270 3793 in
2302 3737 2532 3808 propriis
2559 3733 2846 3788 creaturis.
2881 3731 3225 3785 Dilectissimi
3262 3731 3414 3781 nobis
3443 3729 3494 3779 in
3536 3729 3638 3780 Do-

2063 3835 2230 3896 mino,
2263 3830 2504 3886 metnbra
2538 3836 2719 3880 nostra
2747 3835 2802 3879 et
2830 3824 3137 3878 colunredes
3168 3832 3504 3881 sanctorum,
3541 3821 3638 3870 ob.

2062 3939 2216 3977 secro
2242 3938 2336 3976 vos
2364 3921 2414 3974 in
2449 3919 2666 3972 nomine
2695 3917 2822 3971 Jesu
2848 3916 3047 3970 Christi
3095 3915 3291 3976 faCCl't‘,
3327 3923 3382 3964 ut
3420 3921 3639 3978 pra‘sti-t

2068 4018 2181 4086 ipse
2210 4016 2364 4068 vobis
2395 4013 2646 4066 omnibus
2676 4008 3020 4063 discretionis
3050 4009 3299 4076 Spiritum
3325 4007 3390 4056 ad
3421 4007 3638 4057 discen-

2067 4108 2191 4161 dunt
2225 4115 2278 4157 et
2307 4103 2583 4158 sciendum
2610 4101 2952 4155 dilectionem
2979 4113 3139 4165 quam
3174 4098 3340 4150 habeo
3369 4096 3421 4147 in
3456 4094 3638 4155 vobis,

2065 4198 2334 4270 quianon
2373 4207 2453 4248 est
2479 4193 2780 4264 corporalis
2831 4191 3067 4250 dilectio,
3118 4189 3207 4242 sed
3237 4196 3313 4240 est
3346 4185 3644 4253 spiritualls

2068 4269 2304 4345 charitas
2337 4287 2534 4341 divinae
2561 4285 2807 4339 culturae.
2854 4283 2927 4337 De
2959 4282 3265 4336 nominibus
3296 4293 3420 4330 vero
3446 4291 3641 4344 corpo-

2072 4395 2193 4436 rum
2223 4389 2530 4432 nostrorum
2559 4392 2660 4429 non
2688 4389 2824 4444 Opus
2851 4383 2931 4427 est
2958 4372 3222 4426 nominari
3243 4386 3335 4436 ca;
3365 4380 3648 4439 pertrans-

397 4480 605 4549 pleatnr
630 4481 681 4530 in
712 4478 860 4528 vobis
894 4494 907 4529 :
940 4476 1070 4540 Qua:
1106 4474 1304 4527 utilitas
1323 4474 1376 4526 in
1407 4472 1658 4541 sanguine
1680 4487 1812 4531 meo,
1837 4469 1961 4520 dum
1999 4443 2040 4496 θ
2071 4478 2199 4524 eunt
2227 4469 2393 4522 enim.
2433 4443 2736 4534 (Zognoscat
2791 4472 2968 4516 autem
3002 4463 3162 4515 homo
3207 4460 3256 4512 ld
3289 4459 3428 4527 quod
3461 4473 3648 4509 verum

389 4573 641 4626 descendo
673 4572 724 4622 in
767 4570 1150 4636 corruptionem
1170 4565 1249 4619 "‘i
1287 4565 1440 4629 Vere,
1477 4563 1645 4628 filioli,
1677 4563 1798 4630 quia
1831 4563 1961 4612 sicut

392 4661 738 4730 prudentibus
769 4661 1030 4732 loquor",
1051 4671 1107 4712 ut
1132 4657 1442 4727 intelligatis
1473 4671 1592 4724 quae
1619 4656 1739 4708 dico
1765 4655 1916 4706 vobis
1947 4673 1958 4705 :

393 4758 535 4825 quod
578 4755 679 4809 nisi
738 4755 1111 4822 unusquisque
1163 4760 1398 4805 vestrum
1467 4751 1676 4803 exuerit
1747 4760 1962 4799 onmem

396 4849 669 4920 pulverem
723 4857 930 4901 natura:
988 4844 1351 4912 hujuscemodi
1413 4843 1670 4907 materiae,
1702 4851 1755 4893 et
1809 4841 1966 4893 abre-

399 4940 729 4997 nuntiaverit
765 4939 814 4994 ei
848 4949 902 4992 et
935 4937 1080 4992 omni
1124 4936 1424 5005 operationi
1457 4933 1573 5002 ejus
1613 4948 1676 4988 ex
1709 4941 1822 4985 toto
1852 4944 1972 4984 cor-

399 5033 490 5099 de,
519 5032 947 5102 expanderitque
981 5045 1172 5085 manus
1203 5027 1381 5083 cordis
1410 5037 1625 5080 sursum
1654 5024 1718 5078 ad
1760 5023 1974 5077 univer-

402 5140 583 5182 sorum
637 5124 880 5190 Patrem,
919 5134 972 5177 et
1007 5122 1122 5192 ipse
1173 5120 1474 5175 visceribus
1521 5128 1798 5170 inoveatur
1830 5114 1970 5167 circa

403 5217 644 5275 laborem
702 5216 840 5286 ejus,
888 5227 943 5269 et
982 5215 1146 5270 donet
1187 5213 1233 5267 ci
1291 5211 1615 5265 invisibilctn
1666 5208 1843 5277 ignem
1885 5207 1974 5274 qui

407 5311 694 5365 comburat
725 5324 938 5363 omnem
971 5307 1370 5361 immunditiam
1405 5304 1473 5356 ab
1503 5317 1591 5368 eo,
1624 5317 1685 5354 ac
1715 5298 1978 5369 principa-

407 5403 509 5458 lem
551 5404 723 5472 ipsum
773 5417 1112 5472 expurgans;
1158 5409 1284 5453 tunc
1331 5396 1590 5468 Spiritum
1647 5409 1802 5448 suum
1853 5406 1979 5446 sau-

415 5504 562 5549 ctunt
595 5494 756 5546 faciat
781 5494 1029 5547 habitare
1065 5492 1366 5553 nobiscum,
1397 5499 1449 5542 et
1472 5488 1548 5540 sic
1581 5485 1848 5554 possimus
1885 5483 1981 5537 ba-

1651 5593 1695 5624 ⁸³
1726 5592 1921 5646 Ezech.
1952 5604 2050 5650 xit,
2081 5589 2130 5641 3.
2185 5588 2230 5619 ⁸⁸
2261 5587 2417 5642 “om.
2453 5601 2570 5648 vm,
2595 5585 2684 5639 5‘2.

1664 5679 1814 5712 xxix.
1869 5661 1954 5712 10.
2032 5660 2078 5691 ’θ
2119 5656 2379 5712 1(Ζοι’.ικ.
2416 5657 2507 5711 15.
2579 5656 2622 5686 ⁷¹
2654 5654 2684 5710 Ε

2191 5673 2379 5725 ,οι-νει,
2416 5673 2507 5711 ιε).

1108 5602 1151 5631 ⁸³
1183 5599 1382 5652 Jerctn.
1423 5611 1493 5650 ιι.
1522 5595 1574 5648 9.

787 5672 828 5700 ⁶⁸
870 5670 1165 5735 Psal.cxv,
1200 5670 1264 5724 l2
1361 5669 1403 5700 (θ
1463 5666 1604 5719 Psl.
1663 5679 1814 5724 xxix,
1869 5661 1954 5715 10.

481 5605 526 5635 η
553 5601 752 5655 Jercm.
787 5617 903 5660 vttt.
938 5601 1030 5653 2%.

408 5673 518 5731 Tit.
554 5689 590 5744 t,
627 5672 708 5724 i0.

2071 4573 2152 4613 e~t
2189 4575 2406 4614 nomen.
2440 4557 2668 4626 Propter
2697 4555 2838 4625 quod
2875 4566 2930 4608 et
2970 4550 3141 4606 ιλιι-οι)
3182 4553 3416 4605 luctante
3444 4563 3537 4616 per
3565 4557 3646 4600 to-

2072 4665 2181 4708 tam
2212 4663 2422 4707 noctem
2449 4667 2569 4705 cum
2591 4648 2799 4716 angelo,
2829 4659 3023 4700 nomen
3053 4644 3126 4696 illi
3151 4652 3260 4696 erat
3283 4639 3464 4695 Jacob.
3489 4637 3651 4692 Mane

2074 4758 2252 4801 autem
2282 4745 2425 4799 facto
2455 4742 2667 4796 vocavit
2716 4753 2913 4792 nomen
2964 4735 3132 4804 ipsius
3185 4730 3345 4786 Israel
3379 4729 3423 4763 ‘“
3455 4747 3468 4782 :
3506 4729 3652 4798 quod

2075 4849 2178 4902 est,
2211 4852 2352 4890 mens
2384 4834 2561 4888 videns
2587 4831 2772 4885 Deum.
2805 4831 2942 4884 Puto
2985 4827 3185 4882 etenim
3240 4837 3346 4877 non
3370 4865 3376 4874 .
3404 4823 3655 4892 ignorare

2081 4945 2196 4994 vos,
2238 4927 2378 4997 quod
2402 4923 2702 4979 adversarii
2748 4923 2962 4976 virtutis
3011 4920 3291 4972 obsideant
3340 4916 3651 4968 veritatem.

2020 5029 2026 5036 '
2083 5019 2234 5076 Unde
2258 5033 2357 5072 nec
2393 5031 2500 5070 uno
2523 5023 2729 5069 tantum
2765 5025 3005 5081 tempore
3036 5006 3380 5062 Deusvisitat
3410 5003 3657 5074 proprias

2081 5117 2383 5171 creaturas,
2416 5105 2508 5160 sed
2535 5104 2602 5158 ab
2633 5102 2860 5158 exordio
2907 5098 3116 5154 mundi.
3176 5094 3426 5149 Nonnulli
3457 5091 3657 5146 etenim

2082 5208 2414 5271 paraverunt
2443 5211 2502 5252 se
2549 5197 2734 5250 venire
2778 5195 2844 5247 ad
2885 5192 3162 5262 proprium
3188 5187 3536 5243 Conditorem
3571 5199 3663 5252 per

2086 5292 2548 5347 testamentariam
2582 5289 2751 5360 ipsius
2780 5289 2975 5358 legem,
3015 5285 3188 5340 edocti
3230 5280 3415 5335 abillo
3437 5279 3665 5331 adorare

2085 5385 2336 5455 Opificem
2363 5399 2517 5438 suum
2551 5383 2692 5437 sicut
2718 5390 2956 5451 oportet.
2999 5376 3264 5444 Quoniam
3300 5387 3430 5426 vero
3449 5372 3520 5423 ob
3544 5384 3666 5438 pas-

2088 5480 2293 5534 sionem
2327 5474 2677 5536 lnllrmitatis,
2705 5482 2760 5527 et
2785 5471 3128 5543 gravedinem
3153 5465 3421 5534 corporis.
3460 5479 3524 5518 ac
3551 5462 3658 5515 dis-

2762 5583 2807 5614 “
2830 5582 2928 5637 lsa.
2957 5596 3073 5646 LIII,
3106 5579 3157 5631 5.
3201 5578 3246 5608 ⁸⁷
3274 5577 3427 5630 Rom.
3476 5590 3537 5640 tt,
3567 5569 3664 5628 20;

2579 5656 2622 5686 ⁷⁸
2654 5654 2790 5710 Gen.
2835 5668 3003 5714 x-xsn,
3059 5647 3256 5704 ιιι-28.
