3990 6210
316 247 438 307 997

1331 244 1388 299 5.
1430 241 1709 300 ANTONll
1746 243 1815 300 Μ.
1857 243 2152 302 ABBATIS
2189 248 2569 308 EPISTOLAJ.

3492 259 3597 313 993

333 365 658 421 tinctioneto
690 364 980 435 malignam
1033 362 1284 434 refriguit
1333 366 1800 421 testamentarium
1855 365 1914 420 il-
1946 375 1990 432 Α
2024 385 2122 425 nos
2154 386 2218 427 ex
2248 374 2503 431 omnibus
2538 376 2849 448 regionibus
2876 379 2944 432 ab
2969 387 3215 433 extremo
3245 388 3403 433 terrae
3430 396 3599 447 ttsqttu

328 457 442 521 iud,
482 464 538 511 et
565 454 743 511 ofﬁcia
801 470 994 510 sensus
1048 456 1242 511 anima:
1283 457 1650 521 lassaverunt,
1715 459 1916 513 idcirco

329 560 439 602 non
472 554 770 615 potuerunt
817 543 1109 614 exquirere
1147 547 1367 616 pr0prie
1420 549 1723 602 secundum
1767 563 1916 602 suam

330 638 690 700 creationem,
718 637 864 706 quod
909 646 1055 691 esset
1088 636 1391 692 substantia
1434 638 1782 703 immortalis,
1812 655 1916 692 non

333 727 654 785 resolvenda
685 725 1047 796 corporibus:
1099 726 1240 782 unde
1270 742 1370 783 nec
1412 720 1696 797 praevaluit
1728 738 1921 783 semet-

335 822 511 892 ipsum
542 821 774 875 liberare
810 818 1097 889 iniustitia.
1140 818 1309 888 Hujus
1356 820 1434 875 rei
1468 821 1641 891 gratia
1699 835 1920 890 aggres-

334 929 433 969 sus
457 923 540 968 est
566 926 661 967 eos
688 912 833 967 Deus
857 927 955 983 per
980 911 1241 981 scriptam
1276 912 1477 983 legem,
1503 922 1563 967 ut
1583 913 1808 968 doceret
1826 929 1921 968 eos

337 1004 572 1059 adorare
596 1004 817 1060 Patrem
869 1005 1013 1060 sicut
1058 1015 1295 1074 oportet.
1345 1005 1454 1060 Sed
1488 1006 1745 1075 quoniam
1777 1005 1920 1060 Deus

339 1112 483 1153 unus
514 1082 748 1164 exsistit,
773 1104 829 1150 et
856 1095 1156 1150 secundum
1188 1098 1493 1151 sensualem
1539 1098 1831 1152 essentiam
1864 1098 1919 1153 in

338 1188 578 1258 idipsutn
628 1196 715 1240 est
754 1185 937 1239 unitas
968 1223 984 1248 ,
1045 1183 1115 1238 sit
1138 1184 1239 1247 iste
1287 1184 1440 1239 vobis
1473 1198 1652 1237 sermo
1687 1182 1919 1238 manife-

339 1288 480 1344 stus,
505 1279 647 1348 quod
678 1277 856 1333 omnis
904 1277 1055 1332 locus
1110 1279 1164 1332 in
1223 1292 1550 1347 quocunque
1605 1292 1712 1331 non
1758 1275 1921 1331 fuerit

341 1369 723 1434 consonantia,
783 1368 888 1423 illic
944 1368 1083 1422 bella
1143 1381 1451 1438 congerunt
1480 1369 1606 1434 sibi,
1636 1381 1693 1425 et
1717 1368 1919 1439 judicia

338 1461 545 1518 faciunt
583 1458 717 1515 oriri
750 1462 891 1528 apud
915 1460 1258 1529 semetipsos.

408 1556 472 1610 ll.
518 1553 719 1609 Videas
748 1562 930 1609 autem
946 1544 1220 1610 'Conditor
1247 1556 1390 1626 quod
1415 1555 1569 1628 plaga
1596 1572 1785 1613 eorum
1810 1571 1921 1612 ma-

325 1648 595 1719 .gnilicata
626 1645 790 1700 fuerit
827 1646 1201 1711 vehementer,
1241 1657 1295 1702 et
1318 1662 1455 1716 opus
1498 1648 1722 1703 haberet
1753 1663 1921 1703 reme-

338 1739 491 1794 dium
522 1736 647 1792 Jesu
680 1737 876 1792 medici
911 1737 1026 1792 veri
1059 1736 1199 1811 (ipse
1230 1737 1374 1793 enim
1396 1737 1742 1809 Unigenitus,
1765 1755 1918 1793 crea-
1951 1727 1993 1780 Β

343 1840 435 1885 tor
467 1830 677 1883 illorum
704 1829 941 1895 exsistit,
971 1840 1025 1884 et
1050 1830 1164 1901 ipse
1201 1840 1357 1887 curat
1378 1831 1515 1902 eos),
1537 1833 1683 1886 misit
1714 1841 1840 1886 ante
1861 1847 1920 1887 se

343 1920 733 1975 instructorem
766 1920 991 1986 domus;
1029 1934 1093 1974 ac
1134 1920 1222 1975 ille
1249 1936 1595 1990 nequaquam
1626 1921 1920 1990 proﬁciens

256 2032 262 2037 ·
338 2010 472 2065 abiit
496 2009 624 2064 sibi.
692 2006 935 2077 itemque
994 2010 1134 2063 Deus
1210 2012 1472 2065 excitavit
1525 2012 1916 2081 prophetarum

326 2099 540 2156 choros
576 2111 672 2166 per
706 2096 970 2167 Spiritum
1009 2113 1188 2162 suum,
1240 2099 1331 2167 qui
1362 2098 1770 2154 aedificaverunt
1809 2099 1924 2166 qui-

328 2188 464 2241 dem
512 2199 671 2256 supra
723 2183 1136 2238 fundamentum
1182 2184 1353 2252 Mosi;
1411 2195 1785 2241 verumtamen
1825 2200 1922 2240 nec

343 2279 435 2334 isti
461 2280 673 2348 quidem
735 2286 1052 2346 potuerunt,
1109 2278 1205 2333 sed
1253 2279 1440 2333 eodem
1493 2279 1656 2334 modo
1683 2278 1917 2333 derelin-

333 2376 575 2439 quentes
602 2366 848 2422 abierunt
879 2367 1003 2421 sibi.
1028 2366 1096 2421 Et
1132 2367 1228 2436 ipsi
1275 2367 1453 2439 cuncti
1486 2366 1748 2436 Spiritum
1782 2366 1834 2419 in
1863 2381 1923 2420 se

343 2469 597 2531 gerentes
621 2459 973 2527 perviderunt
996 2458 1209 2531 plagam
1244 2461 1387 2530 quod
1408 2458 1726 2513 insanabilis
1751 2467 1919 2521 esset,

338 2564 397 2609 et
416 2552 545 2622 quia
580 2564 677 2621 per
740 2549 943 2603 nullam
1008 2559 1318 2603 creaturam
1364 2548 1544 2603 curari
1587 2547 1780 2617 possit,
1816 2546 1918 2601 nisi

336 2659 436 2717 per
469 2642 820 2714 Unigenitum
868 2640 960 2710 qui
1016 2655 1210 2696 sensus
1263 2651 1347 2696 est
1400 2640 1603 2706 Patris,
1660 2650 1714 2694 et
1747 2640 1919 2709 imago

339 2736 460 2807 ejus
491 2734 710 2790 exsistit
745 2733 842 2798 ";.
871 2731 1025 2801 cujus
1085 2732 1250 2786 etiam
1312 2732 1569 2802 imaginis
1596 2729 1773 2801 elIigie
1814 2740 1922 2784 tota

339 2828 486 2881 tacta
546 2835 632 2881 est
693 2833 966 2879 creatura.
1000 2822 1378 2893 Agnoscenles
1410 2821 1614 2890 liquido
1642 2820 1784 2891 quod
1837 2819 1925 2874 ltic

326 2919 591 2975 ﬁalvator
616 2925 671 2971 et
690 2916 933 2971 medicus
962 2915 1251 2969 exsisteret
1278 2929 1528 2985 ntagnus,
1550 2914 1759 2967 collecti
1796 2923 1925 2966 sunt

327 3011 395 3067 in
464 3010 699 3080 idipsum
752 3021 964 3071 omnes,
1027 3016 1084 3060 et
1137 3006 1438 3061 retulerunt
1507 3006 1784 3059 orationes
1825 3018 1922 3072 pro

336 3099 729 3159 commembris
764 3100 914 3165 suis,
950 3097 1042 3166 qui
1077 3111 1265 3151 sumus
1333 3111 1455 3157 nos.
1520 3096 1925 3165 proclamantes
1951 3072 1993 3129 (ἶ

326 3207 404 3248 ac
433 3192 681 3247 dicentes
706 3206 721 3243 :
754 3188 1008 3260 Nunquid
1043 3191 1215 3243 resina
1246 3205 1347 3243 non
1388 3199 1463 3243 est
1491 3191 1546 3242 in
1576 3189 1808 3252 Galaad,
1832 3198 1923 3240 aut

341 3287 578 3342 medicus
606 3300 707 3337 non
737 3292 813 3337 est
868 3282 940 3335 ibi
967 3284 993 3338 ?
1023 3282 1199 3346 Quare
1227 3296 1348 3351 ergo
1375 3297 1479 3335 non
1518 3281 1749 3335 ascendit
1779 3280 1923 3333 sani-

328 3391 424 3436 tas
445 3379 574 3448 ﬁlia:
601 3376 779 3447 populi
814 3376 914 3428 mei
943 3375 1029 3428 7‘?
1063 3373 1201 3439 Quia
1231 3374 1531 3427 curavimus
1563 3389 1699 3438 eam,
1747 3383 1791 3425 et
1820 3388 1921 3425 non

323 3485 414 3530 est
467 3479 655 3526 sanata
683 3485 701 3522 :
760 3484 898 3523 nunc
956 3483 1077 3537 ergo
1128 3467 1317 3520 ibimus
1351 3465 1416 3518 ab
1444 3465 1573 3535 ipsis
1604 3463 1674 3518 ⁷⁵.
1714 3464 1779 3516 At
1808 3462 1923 3533 ipse

340 3567 487 3622 Deus
521 3561 946 3632 snpereminenti
996 3570 1049 3613 et
1085 3574 1191 3612 non
1229 3555 1479 3612 sitnulata
1516 3556 1803 3610 dilectione
1836 3555 1924 3607 ad-

336 3657 440 3712 fuit
469 3654 624 3711 nobis
651 3669 746 3723 per
766 3664 987 3706 sanctos
1011 3665 1162 3713 suos,
1185 3648 1403 3702 dicens:
1432 3644 1538 3699 Fili
1568 3646 1813 3709 hominis,
1839 3644 1924 3711 fa-

333 3750 445 3803 eito
481 3747 573 3801 tibi
603 3744 925 3815 captivitatis
955 3758 1081 3795 vasa
1127 3741 1197 3806 ν.
1245 3740 1360 3808 Ipse
1398 3751 1614 3807 quoque
1672 3737 1724 3788 in
1747 3735 1920 3799 [arma

332 3841 436 3897 Dei
463 3839 847 3899 exsisteusmon
874 3835 1114 3902 rapinam
1145 3830 1432 3885 arbitratus
1454 3842 1563 3882 esse
1589 3844 1644 3882 se
1668 3827 1921 3896 a'qualem

334 3932 472 3997 Deo,
494 3937 825 3995 semetipsum
883 3923 1171 3981 exiuaniuit
1199 3923 1423 3992 formam
1470 3920 1603 3972 servi
1627 3918 1921 3985 accipiens;

332 4035 385 4079 et
426 4021 670 4077 obediens
700 4018 873 4088 [actus
899 4027 974 4071 est
1007 4030 1169 4085 usque
1191 4014 1259 4066 ad
1301 4022 1543 4076 mortem,
1573 4020 1789 4062 mortem
1824 4024 1923 4060 au-

333 4126 440 4170 tem
469 4114 642 4166 erue.'s
667 4127 687 4167 :
710 4117 919 4178 propter
946 4106 1087 4177 quod
1117 4116 1165 4159 et
1212 4104 1354 4158 Deus
1394 4102 1546 4155 illum
1570 4100 1845 4164 exultavit,
1873 4107 1921 4153 et

331 4205 550 4262 donarit
578 4203 660 4256 illi
688 4217 874 4256 nautea
921 4199 1061 4269 quod
1091 4206 1165 4253 est
1216 4211 1373 4265 super
1405 4209 1557 4248 omne
1605 4206 1833 4247 nomen:
1867 4201 1919 4243 ut

335 4300 390 4354 in
437 4298 647 4352 nomine
686 4294 818 4348 Iesu
864 4293 1064 4349 Christi
1121 4305 1271 4346 omne
1308 4304 1442 4359 genu
1479 4295 1723 4340 curvetur
1770 4284 1922 4371 crete-

2021 464 2088 518 ad
2127 463 2376 519 ultimum
2408 466 2579 530 orbis,
2615 466 2822 522 faciens
2849 469 3300 523 resurrectionem
3340 484 3629 537 sensuum]

2023 566 2332 617 nostrorum
2357 568 2408 612 et
2436 558 2814 613 remissionem
2856 571 3227 629 peccatorum,
3259 562 3462 615 docens
3499 576 3600 615 nos

2021 648 2345 704 alterutrum
2376 650 2641 705 exsistere
2681 651 2943 706 membra.
2972 651 3337 722 Quapropter,
3380 653 3597 718 fratres,

2019 740 2248 797 obsecro
2310 742 2360 795 in
2413 740 2632 795 nomine
2692 740 2817 796 Jesn
2879 742 3109 808 Christi,
3143 755 3201 798 ut
3252 745 3594 814 cognoscatis

2028 829 2166 884 banc
2205 840 2312 884 tam
2376 847 2627 902 magnam
2683 831 3172 901 dispensatioiem,
3225 833 3364 901 quod
3406 834 3601 886 similis

2023 921 2177 977 nobis
2212 938 2307 992 per
2337 924 2517 977 omnia
2554 923 2735 985 fuerit,
2794 934 3023 990 excepto
3063 935 3288 991 peccato
3318 926 3386 976 '9.
3434 925 3601 979 Delmt

2022 1022 2203 1066 autem
2235 1013 2490 1066 universa
2552 1014 2889 1069 rationabilis
2944 1026 3138 1070 natura
3190 1028 3598 1086 propterquam

2024 1103 2258 1156 maxime
2290 1100 2540 1157 Salvator
2573 1103 2812 1169 advenit,
2845 1115 2903 1157 ut
2933 1105 3191 1172 dijudicet
3225 1106 3599 1160 babitmlinen‘t

2022 1205 2175 1245 suam
2204 1200 2259 1246 ct
2290 1193 2650 1263 ignorantiam
2695 1197 2895 1264 proprii
2928 1212 3140 1262 sensus,
3166 1198 3602 1252 distinctionem-

2021 1296 2127 1351 que
2153 1283 2281 1337 dare
2315 1285 2455 1339 inter
2482 1286 2716 1340 medium
2753 1287 2877 1341 mali
2915 1304 2978 1343 ac
3016 1289 3164 1350 boni.
3207 1288 3423 1344 liberari
3460 1304 3602 1359 qum.-

2023 1390 2149 1429 rens
2179 1391 2275 1445 per
2311 1377 2428 1447 ejus
2479 1379 2791 1434 adventum.
2840 1380 3052 1435 Etenim
3106 1384 3375 1451 quotquot
3431 1381 3586 1434 liberi

2023 1464 2150 1521 facti
2184 1477 2311 1522 sunt
2344 1484 2441 1537 per
2492 1470 2636 1526 illius
2660 1471 3141 1542 dispensationem,
3188 1475 3221 1528 ii
3260 1476 3436 1528 vocati
3469 1483 3600 1529 sunt

2022 1561 2163 1614 servi
2200 1561 2312 1614 Dei.
2348 1561 2497 1628 Quod
2531 1572 2708 1618 tamen
2740 1565 2973 1618 necdum
3033 1567 3330 1633 perfectum
3367 1574 3472 1631 est,
3497 1564 3601 1620 nisi

2023 1654 2164 1720 quod
2198 1660 2406 1705 tantum
2435 1654 2489 1707 in
2523 1664 2764 1724 tempore
2793 1671 2892 1709 suo
2928 1658 3133 1722 justum
3167 1657 3404 1721 exsistit,
3432 1666 3487 1711 et
3515 1659 3606 1709 de-

2022 1742 2265 1809 tlttcetad
2299 1744 2528 1797 filiorum
2555 1745 2930 1813 adoptionem;
2978 1762 3100 1798 nam
3135 1747 3180 1801 is
3228 1746 3481 1801 Salvator
3504 1761 3604 1799 ιιοο

2022 1842 2134 1885 ster
2166 1834 2347 1887 sciens
2371 1834 2514 1903 quod
2545 1834 3008 1903 appropinrptarct
3065 1837 3315 1905 accipere
3345 1836 3600 1905 Spiritum

2023 1919 2255 1975 liliornm
2314 1922 2646 1991 adoptionis,
2676 1923 2850 1985 ,dedit
2892 1934 2950 1977 ut
3000 1924 3163 1978 etiam
3213 1936 3605 1995 cognoscerent

2023 2026 2144 2066 eum
2179 2013 2323 2067 docti
2358 2028 2386 2066 a
2419 2011 2623 2082 Spiritu
2655 2024 2872 2081 sancto,
2899 2017 3041 2083 quod
3080 2017 3346 2071 adventus
3379 2017 3505 2071 Jesu
3533 2021 3604 2071 la-

2023 2112 2141 2157 ctus
2175 2105 2247 2158 sit
2275 2105 2587 2160 hominibus
2616 2104 2903 2175 judicium.
2941 2104 3097 2161 Unde
3145 2118 3199 2161 et
3246 2123 3361 2171 vos,
3395 2110 3606 2162 charis-

2021 2194 2144 2248 simi
2181 2195 2232 2247 in
2273 2195 2518 2260 Domino,
2556 2198 2864 2266 cognoscite
2896 2199 3275 2268 vosmetipsos,
3318 2213 3374 2253 ut
3409 2200 3607 2267 axllnec

2021 2297 2076 2341 et
2111 2299 2321 2355 tempus
2361 2290 2579 2358 possitis
2596 2304 2947 2358 cognoscere,
2978 2300 3029 2344 et
3062 2293 3233 2359 parati
3257 2293 3376 2346 sitis
3404 2292 3606 2345 olferre

2023 2376 2382 2444 vosmetipsos
2417 2376 2747 2432 sacrificium
2790 2378 2917 2432 Deo.

2094 2465 2185 2520 IV.
2232 2466 2392 2531 Vere,
2430 2469 2738 2523 citatissimi
2790 2468 2844 2522 in
2887 2469 3135 2536 Domino,
3166 2471 3307 2539 quod
3347 2481 3605 2539 tauquam

2025 2556 2442 2613 rationabilibns
2502 2558 2655 2612 vobis
2695 2559 2896 2624 scribo,
2938 2568 2993 2613 et
3038 2560 3128 2628 qui
3198 2561 3454 2629 ροιιιίςιίε
3512 2576 3608 2616 co-

2023 2665 2287 2719 guosccre
2338 2650 2715 2720 vosmetipsos.
2755 2650 2879 2704 Scio
2929 2652 3074 2705 enim
3106 2652 3250 2721 quod
3291 2650 3607 2722 tpiiconaue

2023 2742 2336 2811 cognoverit
2407 2743 2782 2812 semetipsum,
2828 2752 3082 2811 agnoscet
3133 2753 3187 2796 et
3240 2744 3424 2797 Deum.
3502 2743 3606 2812 Qui

2025 2847 2155 2887 vero
2178 2834 2498 2901 cognoverit
2534 2833 2725 2899 Deum,
2766 2842 3023 2904 agnoscet
3073 2844 3128 2888 et
3176 2835 3608 2905 dispensationes

2032 2922 2201 2989 illius,
2241 2938 2375 2992 quas
2400 2923 2564 2978 efﬁcit
2597 2923 2648 2977 itt
2689 2924 2927 2994 propriis
2958 2924 3243 2978 creaturis.
3284 2924 3608 2979 Manifestus

2024 3029 2242 3084 quoque
2268 3014 2340 3069 sit
2379 3014 2534 3070 vobis
2562 3016 2666 3069 iste
2715 3029 2919 3079 sermo,
2970 3018 3112 3085 quod
3142 3032 3249 3069 non
3280 3032 3598 3085 corpoream

2027 3105 2375 3160 dilectionem
2410 3105 2586 3160 babeo
2608 3105 2662 3159 in
2686 3098 2865 3169 vobis,
2904 3107 2996 3160 sed
3031 3108 3352 3161 eltatitaletn
3388 3108 3609 3175 spiritus

2026 3197 2252 3251 cultura:
2282 3196 2395 3259 Dei,
2419 3194 2540 3266 ejus
2568 3195 2814 3250 videlicet
2850 3195 2966 3263 Dei,
2988 3198 3079 3265 qui
3120 3198 3383 3266 gloriatur
3405 3197 3519 3267 (I6)
3554 3202 3609 3251 in

2025 3288 2247 3343 concilio
2262 3288 2534 3357 furtorum
2560 3286 2627 3339 ‘°.
2648 3285 2841 3340 Parale
2872 3302 3001 3363 ergo
3016 3302 3110 3339 vos
3140 3288 3425 3355 ipsosdom
3447 3289 3612 3342 liabe-

2028 3380 2096 3433 tis
2126 3379 2217 3448 qui
2251 3395 2350 3447 pro
2386 3379 2539 3432 vobis
2566 3392 2816 3443 exorent,
2859 3388 2914 3434 et
2939 3379 3276 3449 postulantes
3310 3396 3406 3450 pro
3430 3394 3610 3435 vestra

2028 3472 2226 3538 salute,
2254 3481 2310 3525 ιιι
2338 3471 2514 3541 ignem
2543 3484 2705 3539 quem
2744 3471 2893 3526 venit
2922 3472 3037 3541 ipse
3068 3471 3287 3527 mittere
3320 3487 3482 3541 super
3502 3483 3612 3526 ter-
3672 3482 3679 3487 ‘

2029 3580 2141 3617 ram
2165 3562 2233 3627 Μ,
2260 3565 2518 3617 immittat
2547 3563 2804 3617 cordibus
2838 3563 3054 3626 vestris,
3093 3573 3147 3616 ιιι
3206 3562 3425 3631 possitis
3456 3576 3611 3617 exer-

2024 3668 2151 3708 cere
2184 3653 2531 3708 habitudines
2556 3663 2774 3708 vestras
2801 3669 2817 3718 ;
2853 3662 2905 3707 et
2930 3654 3020 3707 det
3055 3667 3310 3707 sensuum
3338 3652 3510 3706 cilicia
3542 3655 3609 3707 ad

2025 3744 2464 3813 COgnoscendum
2506 3744 2821 3797 discernere
2851 3742 3147 3812 malignum
3187 3757 3215 3794 a
3260 3742 3433 3806 bono,
3474 3759 3502 3794 a
3542 3744 3612 3797 si-

2026 3837 2200 3888 nistra
2228 3837 2577 3897 dexteram,a
2613 3833 2919 3886 substantia
2946 3832 3387 3887 insubstantiam.
3417 3830 3609 3888 St-iens

2023 3927 2169 3980 enim
2198 3923 2357 3978 Jesus
2378 3925 2521 3993 quod
2548 3923 2836 3992 imperium
2861 3922 3063 3976 diaboli
3095 3924 3322 3977 materia
3350 3925 3499 3987 iacit,
3521 3929 3611 3979 ad-

2026 4032 2227 4072 vocans
2256 4016 2552 4085 discipulos
2570 4015 2704 4069 dixit
2731 4015 2811 4069 eis
2839 4032 2853 4067 :
2879 4000 3057 4069 Nolite
3077 4016 3437 4070 tltesaurizure
3463 4017 3607 4071 vobis

2023 4126 2181 4179 super
2209 4120 2402 4163 terram
2426 4108 2470 4140 ³²
2502 4123 2631 4162 :uee
2653 4106 2875 4160 solliciti
2924 4107 3040 4161 sftis
3080 4108 3145 4160 de
3182 4109 3444 4170 crastino;
3482 4126 3606 4162 cru-

2023 4201 2195 4255 stinus
2222 4200 2358 4253 enim
2386 4199 2497 4253 dies
2528 4198 2789 4252 sollicitus
2815 4198 2911 4252 erit
2940 4199 3005 4251 tle
3034 4198 3165 4251 se”.
3206 4197 3361 4260 Vere,
3385 4196 3605 4264 fratres,

2024 4295 2175 4350 scitis
2206 4290 2348 4361 quod
2380 4303 2623 4359 tempore
2660 4297 2946 4343 ventorum
2999 4288 3397 4357 prosperitatis,
3427 4293 3607 4345 onutis

332 4393 519 4457 οιὶαηι.
545 4391 873 4444 terrestrium
917 4397 964 4440 et
1000 4384 1369 4456 infernarum;
1416 4381 1686 4451 amnisque
1738 4378 1918 4447 lingua
1954 4406 1995 4460 υ
2024 4389 2357 4457 gubernator
2382 4382 2588 4453 plaudit
2625 4381 2751 4447 sibi,
2801 4380 2854 4436 in
2908 4381 3183 4435 contraria
3221 4395 3348 4434 vero
3371 4397 3599 4453 quicque

330 4482 674 4552 conﬁteatur.
702 4481 826 4549 quia
873 4477 1137 4531 Dominus
1169 4473 1329 4529 Jesus
1362 4471 1604 4528 Christus
1650 4471 1705 4523 in
1748 4469 1919 4538 gloria

331 4587 408 4630 est
442 4573 540 4628 Dei
562 4572 741 4627 Patris
757 4571 825 4625 ".

404 4666 496 4725 Ill.
540 4664 695 4720 Nunc
729 4679 862 4735 ergo
895 4704 911 4731 ,
944 4660 1278 4723 clrarissimt,
1326 4672 1506 4713 sermo
1534 4657 1635 4711 iste
1665 4655 1739 4711 sit
1773 4653 1923 4709 vobis

335 4758 678 4820 manifestus,
701 4757 844 4825 quod
869 4754 1177 4823 benignitas
1201 4749 1384 4805 Patris
1408 4766 1511 4803 non
1540 4751 1765 4817 pepercit
1794 4743 1921 4800 Uni-

334 4849 511 4922 gettt'to
536 4858 749 4917 propter
769 4860 901 4910 nos;
929 4846 1019 4899 sed
1051 4842 1274 4896 tradidit
1299 4858 1417 4895 eum
1448 4852 1659 4909 prapter
1685 4847 1919 4893 ucstram

334 4940 573 4995 omnium
607 4936 856 5003 salutem,
895 4937 1117 4992 tradens
1177 4936 1288 5005 ipse
1330 4934 1664 4998 semetipsum
1712 4942 1922 5000 propter

333 5045 548 5099 percara
569 5040 751 5085 nostra
777 5029 843 5085 ".
879 5030 945 5083 Et
985 5027 1303 5098 iniquitates
1332 5026 1549 5095 quidem
1588 5032 1788 5079 nostrae
1819 5023 1920 5077 lm-

335 5122 684 5178 miliaveruttt
740 5137 905 5187 eum;
961 5124 1058 5176 sed
1115 5122 1276 5175 liuore
1312 5117 1428 5188 ejus
1472 5134 1570 5172 nos
1613 5116 1788 5171 sanati
1834 5132 1923 5169 su-

336 5230 452 5269 mus
478 5214 550 5268 ".
572 5214 692 5285 ipse
721 5228 941 5285 quoque
977 5213 1144 5268 verbo
1170 5211 1394 5268 virtutis
1424 5226 1535 5268 sua:
1568 5209 1917 5281 congregavit

411 5397 458 5430 τ’
476 5397 639 5454 Hebr.
664 5412 705 5460 ι,
734 5397 789 5452 '5.

335 5467 382 5500 ⁷⁸
425 5466 527 5524 lsa.
557 5484 674 5531 ιιιι,
710 5468 763 5522 5.

333 5536 385 5572 ⁸⁵
411 5535 570 5594 Prov.
613 5555 690 5605 ιιι,
722 5537 777 5593 9.

407 5674 519 5749 (l6)
559 5674 852 5731 Gloriatur.
879 5673 1041 5729 Forte
1062 5670 1416 5743 gloriﬁcatur.

857 5467 903 5501 "
944 5471 1108 5526 llebr.
1135 5485 1207 5536 tv,
1239 5469 1327 5524 l5.

2025 4488 2339 4544 ventorum,
2371 4477 2551 4533 onmis
2589 4477 2924 4548 gubernator
2965 4474 3363 4529 manifestatur.
3412 4475 3606 4528 lttlelli-

2022 4573 2133 4643 gite
2172 4585 2302 4642 ergo
2331 4580 2540 4641 tempus
2574 4570 2626 4624 in
2659 4567 2801 4639 quod
2838 4569 3188 4631 advenimus,
3220 4571 3379 4637 quale
3400 4571 3489 4622 sit.
3532 4568 3607 4622 De

2028 4664 2257 4719 tninutia
2284 4673 2465 4718 autem
2494 4663 2642 4718 verbi
2671 4661 2961 4728 libertatis,
3011 4670 3165 4716 erant
3222 4660 3452 4729 plurima
3484 4674 3606 4729 qua:

2025 4753 2569 4821 dicerentur~vobis;
2615 4753 2708 4807 sed
2790 4752 2835 4810 si
2884 4752 3081 4805 dedero
3142 4753 3463 4803 orcasionem
3517 4767 3605 4802 sa-

2022 4845 2208 4913 pietui,
2242 4843 2536 4912 sapientior
2551 4843 2648 4896 erit
2669 4842 2735 4896 ⁸⁵.
2789 4840 2975 4896 Saluto
3007 4855 3097 4893 vos
3131 4856 3159 4893 ιι
3188 4840 3409 4893 minimo
3435 4854 3605 4910 usque

2022 4934 2429 4990 adtuaxnnunu

2567 5024 2900 5082 El'lSTOLA
2946 5025 3051 5083 Vll.

2091 5118 2382 5184 Antonius,
2412 5118 2666 5174 omnibus
2698 5118 3075 5174 dilectissimis
3101 5117 3365 5172 fratribus
3418 5115 3468 5170 in
3501 5114 3601 5170 Do-

2019 5213 2191 5281 mino,
2221 5213 2475 5268 salutem.
2529 5210 2643 5264 Non
2699 5212 2895 5267 delicio
2941 5225 3250 5266 memorans
3285 5210 3470 5272 vestri,
3509 5210 3601 5278 qui

866 5398 912 5431 "
934 5399 1136 5455 Jerem.
1161 5413 1277 5461 vtrt.
1306 5397 1378 5452 22
1428 5397 1475 5430 ⁷⁸
1510 5396 1713 5453 Jerem.
1759 5400 1907 5459 tt.9.
1947 5398 1994 5431 "
2032 5397 2230 5455 Esech.
2272 5414 2373 5457 ιιι.
2402 5396 2458 5452 3.
2489 5396 2535 5427 "
2573 5394 2799 5464 Philipp.
2833 5409 2896 5458 tt,
2919 5392 3074 5450 6-H.
3112 5393 3156 5464 ’Ϊ
3198 5388 3600 5464 Βριιιλιιιρῖζ.

1429 5410 1475 5430 τ’
1510 5410 1713 5453 aerem.
1759 5410 1907 5459 ιι.υ.
1948 5410 1994 5431 τ’
2032 5410 2230 5455 necti.
2272 5414 2373 5457 ιιι.
2402 5410 2458 5452 o.
2494 5410 2535 5427 ι·
2573 5410 2795 5520 l'lttttpK‘.

1426 5469 1472 5501 ⁸ο
1512 5466 1655 5524 Psal.
1702 5484 1965 5531 cxxxvnt.
1988 5469 2041 5527 8.
2138 5469 2180 5501 ⁸¹
2206 5469 2337 5526 Lur.
2368 5483 2464 5531 sn,
2499 5466 2587 5523 ιθ.
2663 5464 2709 5496 ⁸⁸

2138 5456 2587 5534 "Lur.srt,t9.
2663 5456 2726 5496 ιι·
2750 5456 2939 5520 Matth.
2972 5460 3180 5532 ".19.
3254 5460 3302 5495 υ
3344 5456 3603 5517 ιιιιιι.ω.
