3990 6210
318 278 447 334 teut
749 341 754 345 _
1313 270 1368 325 s.

1413 268 1692 326 ANTONII
1733 267 1804 324 Μ.
1848 266 2141 323 ABBATIS
2183 269 2567 329 EPISTOLIE.

3443 282 3582 340 1002

326 397 494 454 Verba
523 405 616 450 tua
655 389 830 448 lucrm
872 390 1025 460 mihi,
1056 403 1104 444 et
1131 391 1216 446 lea:
1247 402 1336 444 tua
1372 392 1516 445 docet
1545 389 1792 459 parvulos
1829 391 1896 442 θ’.
1930 390 1981 450 Α
2004 390 2106 446 bus
2140 393 2294 448 malis
2332 395 2398 449 ad
2429 393 2797 450 .diverteudos
2826 408 2942 462 eos,
2986 395 3078 466 qui
3115 394 3326 468 ingredi
3358 400 3584 470 cupiunt

317 495 376 546 lit
409 489 675 556 ejusmodi
707 485 1105 556 quamplurima
1159 485 1361 555 scripta
1389 493 1627 540 exstant.

388 628 610 682 Tertius
640 640 786 681 vero,
811 624 946 678 ordo
975 633 1057 677 est
1091 639 1276 677 eorum
1302 638 1529 692 quorum
1560 621 1724 677 corda
1765 620 1896 676 dura

314 729 468 784 sunt,
496 729 550 774 et
575 716 924 788 perpetrandi
959 715 1165 783 peccati
1192 715 1592 769 assuetudinetn
1619 723 1902 769 contraxe-

316 825 448 872 runt
479 832 493 869 :
521 813 870 882 quamobrem
907 809 1071 865 infert
1110 811 1253 865 Deus
1281 810 1596 864 misericors
1621 825 1783 879 super
1807 825 1900 863 eos

319 922 594 963 aerumnas
623 914 679 960 et
715 903 1114 966 tribulationes,
1163 910 1222 955 ut
1263 903 1569 956 excitentur
1603 917 1801 956 arcana
1849 911 1902 955 et

321 996 670 1052 conscientia:
713 1008 899 1050 eorum
959 1007 1070 1061 pra:
1125 991 1471 1045 multitudine
1518 989 1732 1045 illorum
1784 1007 1903 1055 qua:

323 1089 404 1142 cis
443 1088 732 1153 accidunt;
773 1099 975 1154 eosque
1016 1083 1300 1153 paeniteat.
1341 1092 1395 1137 et
1437 1091 1806 1145 revertantur,
1848 1093 1904 1137 et

323 1189 720 1248 pra'parentur,
765 1183 818 1229 et
851 1174 1231 1246 ingrediantur
1271 1174 1410 1228 haue
1455 1173 1817 1238 vocationem,
1851 1181 1904 1226 et

320 1270 706 1339 pmnitentiam
733 1277 899 1337 agant
920 1281 985 1320 ex
1017 1275 1128 1320 toto
1155 1265 1356 1331 corde;
1382 1275 1435 1319 et
1457 1266 1756 1334 suscipiant
1777 1280 1905 1334 pro-

322 1363 639 1426 missioues,
670 1361 808 1415 sicut
839 1358 929 1413 alii
968 1358 1072 1412 duo
1108 1356 1344 1420 ordines,
1382 1356 1588 1426 primus
1623 1365 1678 1411 et
1707 1371 1903 1412 secun-

321 1456 444 1510 dus.
483 1452 546 1508 Hi
577 1453 792 1524 quidem
837 1461 964 1508 sunt
995 1460 1105 1505 tres
1146 1449 1368 1504 ordines
1407 1449 1603 1518 quibus
1641 1461 1904 1504 vocantur

319 1542 515 1600 animae
544 1554 888 1600 revertentes
928 1544 996 1597 ad
1025 1543 1336 1610 Dominum,
1365 1541 1432 1597 ad
1463 1543 1901 1611 consequendam

318 1638 556 1703 gratiam
589 1637 684 1693 Dei
706 1635 827 1692 Filii
860 1633 978 1691 Dei.

397 1771 529 1826 Dico
574 1778 785 1834 autem,
837 1785 1026 1826 omnes
1079 1770 1170 1841 qui
1227 1769 1458 1840 ingressi
1510 1777 1636 1824 sunt
1683 1783 1748 1822 ex
1796 1776 1907 1820 toto

316 1863 492 1920 corde
518 1877 637 1926 suo,
670 1862 742 1916 ita
784 1861 1030 1915 ediscant
1077 1861 1418 1931 patientiam,
1452 1871 1508 1915 ut
1539 1859 1681 1915 hosti
1714 1859 1907 1913 adver-

319 1957 438 2012 sari
472 1937 703 2008 Valeant.
737 1954 904 2007 Porro
933 1962 1060 2007 ante
1092 1954 1274 2007 omnia
1303 1953 1538 2022 Spiritus
1562 1962 1785 2007 sanctus
1810 1967 1905 2006 eos

324 2053 507 2106 vocat,
543 2055 597 2098 et
627 2043 810 2098 omnia
850 2042 956 2096 illis
988 2043 1165 2097 facilia
1199 2045 1395 2116 reddit,
1428 2051 1488 2098 ut
1519 2043 1586 2098 iis
1621 2042 1905 2098 dulcescat

324 2137 603 2206 ingressus
627 2135 692 2188 ad
724 2133 1127 2203 ptenitentiam,
1159 2143 1213 2189 et
1242 2135 1481 2190 ostendit
1510 2133 1616 2189 iilis
1646 2135 1764 2188 vias
1791 2134 1907 2203 ejus

323 2227 624 2283 secundum
656 2227 964 2292 veritatem,
989 2236 1047 2281 ut
1071 2243 1166 2282 eos
1195 2227 1459 2297 paeniteat
1489 2228 1684 2298 spiritu
1713 2235 1766 2282 et
1795 2242 1908 2281 eor-

326 2335 496 2387 pore;
534 2327 588 2373 et
614 2329 952 2375 revertantur
982 2321 1048 2374 ad
1084 2320 1251 2375 Deum
1289 2330 1617 2387 creatorem,
1659 2313 1750 2390 qui
1783 2335 1908 2374 cor-

329 2409 609 2487 roborabit
633 2425 726 2466 eos
761 2411 825 2464 ad
857 2414 1214 2465 coercendum
1252 2424 1446 2480 corpus
1469 2418 1524 2464 et
1550 2408 1821 2478 Spiritum,
1850 2417 1910 2461 ut

327 2501 590 2556 mundent
637 2503 802 2558 verba
851 2519 980 2569 sua,
1035 2512 1089 2558 et
1132 2502 1381 2558 hzeredes
1431 2501 1734 2557 eﬂiciantur
1784 2501 1908 2555 vitae

317 2604 562 2648 mteruaa.
602 2591 815 2663 Corpus
860 2603 1039 2648 autem
1075 2604 1358 2650 coercetur
1405 2591 1572 2645 multo
1599 2590 1808 2660 jejunio
1853 2600 1909 2645 et

325 2682 530 2751 vigiliis
567 2692 621 2737 et
651 2683 1064 2749 certaminibus,
1108 2699 1170 2738 ac
1207 2683 1430 2752 reliquis
1469 2681 1808 2748 ministeriis,
1855 2689 1909 2735 et

322 2777 516 2831 labore
557 2775 828 2831 fructuum
863 2775 1254 2845 corporalium.
1290 2775 1479 2840 Quare
1519 2773 1748 2843 Spiritus
1793 2788 1907 2841 poe-

325 2866 570 2922 nitentia:
612 2869 720 2921 erit
771 2867 897 2922 huic
941 2868 996 2922 in
1039 2867 1502 2933 consolationem,
1556 2865 1912 2934 edocebitque

326 2973 452 3014 eum
498 2976 564 3013 ne
613 2968 920 3014 revertatur
960 2970 1146 3022 retro,
1190 2967 1244 3013 et
1295 2973 1358 3014 ne
1401 2958 1605 3012 haereat
1660 2957 1910 3025 cuiquam

329 3068 510 3106 rerum
539 3051 726 3106 saeculi
767 3053 948 3122 hujus.
978 3052 1173 3120 Aperit
1214 3059 1476 3120 praeterea
1501 3049 1692 3105 oculos
1718 3051 1913 3104 animm
1941 3089 1987 3150 C

328 3141 395 3194 ad
436 3141 816 3210 pmniteutiam
845 3156 1059 3211 puram,
1098 3148 1158 3194 ut
1199 3140 1449 3207 expietur
1477 3155 1580 3192 una
1625 3153 1748 3194 cum
1788 3153 1912 3192 eor-

332 3248 485 3303 pore,
531 3244 586 3288 et
612 3235 722 3288 sint
753 3233 914 3288 ambo
946 3248 1111 3286 unum
1145 3232 1197 3285 in
1225 3232 1480 3301 puritate.
1515 3231 1637 3286 llaec
1661 3241 1744 3286 est
1766 3232 1910 3285 enim

331 3326 580 3380 doctrina
613 3325 850 3394 Spiritus
881 3325 1078 3388 sancti,
1108 3324 1200 3392 qui
1229 3339 1324 3378 eos
1349 3324 1604 3392 pracedit
1625 3332 1682 3379 et
1717 3338 1912 3377 emun-

339 3420 456 3485 dat,
509 3420 758 3488 deletqne
793 3419 863 3473 ab
906 3417 1036 3487 ipsis
1082 3431 1306 3471 naturas
1359 3416 1558 3472 invidia
1598 3417 1911 3485 permistas,

345 3527 553 3582 eosque
595 3511 854 3566 transfert
905 3511 971 3564 ad
1018 3512 1333 3579 primaevam
1390 3509 1752 3564 conditionem
1795 3523 1915 3577 quae

338 3604 441 3658 fuit
500 3613 627 3658 ante
671 3603 1118 3667 inobedientiatn,
1163 3606 1335 3656 donec
1373 3600 1508 3654 nihil
1546 3609 1821 3655 remaneat
1861 3600 1912 3652 in

337 3695 560 3750 homine
589 3710 782 3750 eorttm
823 3710 945 3764 qua:
993 3694 1164 3748 hostis
1219 3699 1366 3746 sunt.
1411 3690 1548 3744 Tum
1592 3705 1788 3759 corpus
1833 3706 1918 3743 se-

337 3799 537 3858 quetur
591 3790 927 3841 voluntatem
975 3785 1323 3846 intellectus;
1370 3781 1569 3852 quippe
1614 3780 1917 3836 intellectus

337 3880 566 3936 mundat
601 3879 730 3934 illud
773 3879 826 3933 in
858 3877 980 3933 cibo
1013 3886 1070 3931 et
1117 3885 1245 3946 potu
1289 3883 1340 3929 et
1379 3888 1570 3929 somno
1603 3887 1667 3927 ac
1699 3871 1920 3940 reliquis

338 3973 456 4042 eius
487 3972 808 4034 actionibus.
853 3981 908 4024 et
949 3978 1208 4039 perpetuo
1251 3982 1316 4022 ex
1358 3965 1566 4035 Spiritu
1591 3972 1780 4019 sancto
1805 3963 1920 4017 edi-

339 4067 463 4129 scit,
507 4063 967 4134 quemadmodum
1003 4061 1140 4116 dixit
1170 4058 1459 4127 Apostolus
1487 4074 1502 4112 :
1535 4056 1772 4125 Subjicia
1801 4071 1918 4108 cor-

339 4174 436 4225 pus
468 4171 661 4218 meum,
701 4165 750 4209 et
789 4154 965 4223 redigo
994 4153 1124 4205 illud
1167 4153 1222 4205 in
1263 4151 1566 4204 servitutem
1605 4149 1672 4201 ’³.
1711 4148 1923 4203 Etenim

345 4247 488 4301 haud
531 4261 618 4301 me
642 4245 799 4308 latet,
851 4254 960 4298 tres
1005 4243 1184 4298 inesse
1221 4241 1434 4311 corpori
1467 4249 1668 4294 motus.
1710 4239 1924 4294 Primus

342 4340 561 4410 quidem
607 4352 822 4406 semper
853 4337 901 4390 ei
931 4337 1093 4401 inest,
1126 4349 1224 4389 nec
1268 4334 1430 4388 ullam
1465 4333 1723 4400 operandi
1763 4332 1925 4386 habet

2001 485 2221 554 januam
2259 489 2532 558 puritatis.

2083 576 2278 632 Verum
2318 579 2366 634 si
2406 581 2589 633 anima
2641 580 2944 635 instruatur
2989 591 3249 653 perpetua
3296 584 3584 654 patientia,

2008 676 2171 736 atque
2204 667 2530 722 testimoniis
2566 683 2684 737 quae
2729 671 2796 724 ab
2827 670 3056 738 ipsomet
3087 672 3192 726 Deo
3221 684 3368 737 sunt,
3410 673 3587 742 Spiri-

2012 769 2097 813 tus
2119 768 2342 814 sanctus
2367 761 2619 814 edocebit
2650 761 3015 826 intellectum,
3043 773 3100 817 ut
3133 766 3368 818 animam
3399 781 3588 820 emun-

2010 853 2096 905 det
2125 861 2179 905 et
2215 865 2412 920 corpus
2443 865 2509 905 ex
2553 850 2637 906 his
2678 851 2847 906 tribus
2890 854 3144 910 motibus.
3181 854 3237 908 Si
3267 869 3396 910 vero
3426 855 3589 911 homo

2011 943 2400 1012 contempserit
2425 943 2538 998 [nec
2572 943 2876 998 testimonia
2911 953 2964 1000 et
2987 946 3307 1002 documenta
3331 962 3449 1019 quae
3473 948 3587 1019 jam

2012 1035 2238 1102 audivit,
2291 1045 2416 1090 tunc
2464 1036 2831 1106 praevalebunt
2880 1040 3138 1094 adversus
3186 1057 3308 1096 eum
3364 1043 3590 1112 Spiritus

2012 1125 2160 1191 mali,
2190 1135 2244 1181 et
2270 1127 2628 1196 inquinabunt
2653 1144 2849 1198 corpus
2877 1129 3012 1198 ejus,
3038 1132 3384 1202 ambigetque
3408 1134 3589 1188 anima

2013 1216 2157 1271 illius
2200 1219 2340 1272 unde
2373 1219 2549 1286 veniat
2579 1221 2679 1274 sibi
2713 1220 2992 1276 auxilium.
3028 1225 3098 1276 At
3139 1224 3182 1278 si
3218 1241 3432 1280 reversa
3477 1226 3590 1282 fue-

2015 1307 2105 1374 rit,
2142 1317 2194 1362 et
2229 1310 2519 1364 adlneserit
2539 1309 2759 1379 Spiritui
2789 1311 2998 1377 salutis,
3031 1321 3139 1367 tum
3176 1324 3464 1386 cognoscet
3493 1331 3588 1386 pa-

2015 1396 2258 1452 tientiam
2295 1414 2415 1467 qua:
2449 1409 2531 1454 est
2573 1402 2626 1456 in
2663 1401 2910 1468 Domino,
2942 1421 3062 1460 esse
3098 1406 3180 1460 sui
3225 1407 3464 1476 requiem
3506 1418 3591 1461 at-

2013 1505 2116 1558 que
2170 1506 2379 1560 pacem.
2416 1491 2543 1548 Haec
2594 1506 2771 1550 autem
2825 1498 2964 1551 dicta
3019 1513 3137 1566 quae
3177 1499 3307 1561 dixi,
3346 1509 3472 1554 sunt
3523 1501 3590 1555 ad

2014 1583 2358 1638 concordiam
2396 1587 2640 1655 corporis
2665 1597 2736 1648 et_
2765 1589 2957 1643 animae
2989 1589 3040 1644 in
3081 1591 3417 1660 pteuitentia.
3454 1593 3590 1648 Cum

2013 1689 2143 1729 vero
2195 1687 2520 1732 consecutus
2573 1679 2738 1733 fuerit
2788 1680 3092 1737 intellectus
3139 1684 3369 1750 gratiam
3426 1684 3589 1748 hanc,

1939 1755 1982 1810 Β
2015 1777 2124 1822 tum
2161 1780 2364 1838 qua-ret
2404 1772 2664 1841 Spiritum
2706 1783 2973 1840 sanctum,
3009 1784 3066 1830 et
3101 1776 3320 1846 incipiet
3355 1777 3592 1846 abjiecre

2010 1860 2078 1912 ab
2109 1861 2286 1913 anima
2315 1861 2494 1914 omnia
2520 1861 2688 1914 ardua
2721 1877 2841 1930 quae
2868 1862 3122 1917 eveniunt
3147 1877 3175 1916 a
3202 1865 3592 1934 concupiscen-

2013 1949 2100 2005 tiis
2131 1951 2330 2020 cordis.
2365 1951 2461 2006 ilic
2503 1960 2684 2008 autem
2725 1951 2982 2022 Spiritus,
3024 1953 3067 2006 si
3121 1955 3589 2023 participationem

2013 2043 2265 2097 habuerit
2306 2059 2430 2098 cum
2462 2044 2737 2099 intellectu
2769 2047 2837 2100 ob
2873 2057 3260 2117 praeceptorum
3300 2063 3419 2118 qua:
3450 2049 3591 2103 didi-

2011 2137 2088 2190 cit
2124 2137 2550 2202 observantiam,
2587 2136 2737 2191 illum
2779 2138 2978 2209 diriget
3007 2139 3075 2194 ad
3107 2141 3442 2195 amovendas
3478 2140 3595 2195 sin-

2013 2227 2166 2298 gulas
2221 2230 2289 2283 ab
2341 2230 2522 2284 anima
2562 2231 2858 2300 passiones,
2909 2246 3029 2300 quae
3058 2231 3172 2302 jam
3232 2233 3466 2302 corpori!
3498 2234 3595 2287 ad-

2013 2320 2189 2375 mistae
2229 2331 2350 2374 sunt
2381 2338 2395 2387 ;
2445 2337 2546 2376 nec
2583 2337 2689 2376 non
2724 2322 3008 2390 passiones
3053 2323 3102 2378 ei
3143 2323 3441 2391 peculiares
3472 2339 3592 2392 qua:

2016 2411 2090 2465 illi
2137 2412 2342 2475 insunt,
2395 2412 2608 2480 penitus
2647 2411 2829 2466 evellit
2863 2427 2893 2465 a
2934 2412 3139 2466 vertice
3183 2413 3377 2480 capitis
3423 2429 3592 2482 usque

2013 2504 2081 2558 ad
2115 2503 2280 2557 imttm
2309 2503 2542 2572 pedum;
2577 2511 2632 2558 et
2659 2503 2848 2558 oculos
2889 2503 3093 2574 dirigit,
3137 2516 3190 2559 ut
3221 2505 3434 2560 luceant
3469 2521 3589 2561 cum

2029 2595 2353 2650 rectitudine
2378 2605 2432 2649 et
2456 2595 2676 2650 videant
2707 2611 2828 2650 cum
2848 2596 3109 2666 puritate,
3141 2605 3196 2652 et
3221 2611 3288 2652 ne
3315 2609 3594 2654 remaneat

2021 2686 2075 2741 in
2109 2685 2216 2740 illis
2244 2685 2540 2754 quidquam
2567 2685 2838 2751 alienum;
2871 2695 2923 2742 et
2957 2702 3140 2753 aures,
3174 2695 3233 2741 ut
3271 2687 3497 2742 audiant
3538 2689 3590 2742 in

2024 2791 2156 2848 pace
2177 2816 2192 2843 ,
2231 2791 2338 2840 non
2381 2784 2558 2832 autem
2601 2777 2654 2832 in
2688 2778 3066 2833 susurratione
3101 2793 3274 2849 neque
3301 2782 3593 2851 opprobrio

2019 2884 2280 2939 unquam,
2310 2869 2404 2925 sed
2434 2869 2486 2924 in
2511 2868 2853 2936 rectitudine,
2884 2879 2939 2925 et
2965 2870 3245 2926 intendant
3270 2871 3322 2927 in
3357 2873 3598 2942 puritate

2016 2971 2070 3016 et
2100 2961 2452 3016 miseratione
2476 2960 2528 3016 in
2560 2961 2866 3016 universam
2899 2969 3240 3029 creaturam;
3265 2973 3320 3017 et
3356 2962 3590 3034 litlgttaztl

2023 3051 2227 3122 dirigit,
2264 3061 2322 3106 ut
2364 3051 2622 3123 loquatur
2655 3067 2776 3107 cum
2823 3053 3078 3122 puritate,
3124 3063 3287 3124 atque
3318 3063 3377 3108 ut
3413 3056 3592 3109 anima

2020 3145 2256 3213 linguam
2285 3143 2520 3198 instruat
2545 3143 2724 3213 eloqui
2750 3153 3008 3213 perpetuo
3034 3145 3176 3200 bona
3203 3162 3221 3201 ς
3246 3146 3443 3201 etenim
3473 3160 3596 3215 pas-

2021 3237 2206 3292 siones
2225 3235 2306 3290 hae
2334 3236 2622 3291 dominata:
2653 3247 2782 3292 sunt
2818 3238 2872 3292 in
2908 3253 3049 3306 eam,
3083 3238 3263 3310 lingua
3298 3238 3590 3299 mediante.

2018 3328 2162 3383 sicut
2194 3327 2272 3382 ait
2303 3328 2583 3397 apostolus
2614 3325 2852 3383 Jacobus
2882 3346 2894 3382 :
2941 3327 3000 3384 Si
3028 3330 3145 3399 quis
3178 3337 3353 3384 autem
3383 3330 3512 3385 dicit
3543 3346 3597 3384 se

2018 3419 2220 3474 servire
2249 3417 2382 3482 Deo,
2419 3425 2469 3472 et
2516 3435 2620 3473 non
2654 3418 2881 3487 refrenat
2927 3419 3162 3488 linguam
3188 3437 3366 3488 suam,
3396 3420 3596 3475 seducit

2020 3527 2109 3565 car
2156 3525 2331 3572 suum,
2376 3517 2425 3562 et
2472 3525 2667 3563 vanum
2713 3519 2789 3563 est
2844 3510 3188 3563 ministerium
3233 3510 3344 3580 ejus
3390 3509 3458 3566 ⁸⁷.
3508 3513 3598 3565 Ait

2020 3602 2184 3656 etiam
2218 3600 2323 3654 ali-0
2358 3600 2416 3656 in
2454 3600 2575 3656 loco
2605 3621 2616 3656 :
2647 3600 2876 3670 Lingua,
2910 3601 3172 3654 modicum
3201 3605 3410 3670 quidem
3440 3620 3595 3657 ment-

1969 3763 1975 3776 ‘
2021 3690 2171 3743 brum
2206 3699 2304 3753 est,
2341 3701 2388 3744 et
2420 3692 2656 3759 inquinat
2697 3707 2883 3758 corpus
2918 3691 2994 3755 οθς
3033 3698 3086 3744 et
3111 3691 3374 3759 ejusmodi
3406 3707 3600 3761 quatu-

2025 3778 2260 3847 plurima
2301 3778 2354 3832 in
2399 3778 2570 3833 sacris
2605 3787 2819 3832 exstant
2869 3780 3184 3849 Scriptnris.
3231 3781 3366 3835 Cum
3419 3791 3596 3837 autem

2021 3870 2410 3925 corroboratus
2435 3869 2601 3924 fuerit
2627 3869 2957 3934 intellectus,
2994 3883 3046 3925 et
3075 3873 3348 3940 acceperit
3374 3887 3440 3928 ex
3469 3873 3596 3944 Spi—

2023 3963 2164 4028 ritu,
2215 3961 2626 4027 emundabitur;
2685 3971 2795 4016 tum
2853 3962 3201 4031 investigabit
3255 3966 3319 4019 de
3373 3965 3600 4037 singulis

2022 4055 2206 4111 verbis
2249 4068 2368 4124 qua!
2418 4053 2667 4122 loquetur
2707 4053 2923 4124 lingua,
2971 4064 3028 4108 ut
3063 4055 3206 4109 nulla
3258 4056 3384 4112 insit
3430 4059 3482 4114 in
3535 4075 3600 4114 ea

2025 4147 2262 4204 carnalis
2301 4146 2588 4209 voluntas;
2621 4155 2785 4215 atque
2826 4147 2889 4201 de
2931 4147 3020 4201 illa
3059 4147 3368 4217 implebitur
3397 4152 3600 4208 dictum

2029 4240 2334 4295 Salomonis
2365 4239 2595 4294 dicentis
2627 4257 2640 4293 :
2683 4237 2751 4292 In
2783 4239 2944 4294 verbis
2978 4257 3095 4311 qua:
3142 4243 3267 4296 data
3313 4257 3434 4298 sunt
3479 4247 3604 4300 mihi

2029 4351 2060 4387 a
2097 4333 2223 4398 Deo,
2270 4331 2418 4387 nulla
2462 4341 2540 4386 est
2579 4331 2858 4386 declinatio
2903 4344 2993 4387 aut
3028 4335 3311 4401 obliquitas
3358 4339 3426 4390 ".v
3467 4337 3603 4392 Dicit

345 4440 667 4500 potestatem
711 4429 831 4483 sine
872 4428 1150 4482 voluntate
1196 4427 1404 4481 animae.
1453 4423 1606 4480 Alter
1643 4439 1770 4478 vero
1803 4439 1922 4478 mo-
1955 4439 2002 4496 ι)
2031 4426 2192 4480 etiam
2229 4443 2241 4478 :
2274 4425 2476 4495 Lingua
2508 4425 2642 4496 justi
2676 4437 2827 4479 sanat
2856 4426 2922 4480 ab
2952 4427 3346 4496 inﬁrmitatibus
3380 4431 3422 4484 ⁸.
3453 4430 3606 4484 lusu-

348 4533 434 4577 tus
460 4537 656 4592 corpus
697 4530 877 4576 movet
906 4520 974 4574 ad
1015 4521 1194 4575 cibum
1225 4528 1280 4576 et
1322 4528 1530 4588 potum,
1579 4517 1922 4587 appetibiles,

346 4613 783 4685 quandoquidem
819 4613 970 4668 ea-lor
999 4612 1279 4683 sanguinis
1308 4612 1396 4680 qui
1427 4625 1491 4665 ex
1521 4611 1674 4678 cepis
1699 4611 1926 4664 alimen-

351 4719 528 4761 torum
562 4707 756 4769 oritur,
796 4705 993 4758 bellum
1026 4705 1168 4774 gerit
1193 4703 1458 4756 adversus
1503 4717 1722 4770 corpus,
1759 4701 1919 4754 illud-

345 4811 456 4870 que
485 4795 719 4850 deﬂectit
757 4798 822 4848 ad
851 4795 1020 4848 malas
1047 4792 1535 4862 eoucupis-ceutias.
1559 4791 1742 4858 Quare
1762 4791 1925 4844 Chri-

350 4903 466 4948 stus
518 4889 780 4945 Dominus
824 4897 1008 4943 noster
1054 4877 1181 4958 (cui
1224 4885 1440 4955 gloria)
1483 4899 1613 4939 suos
1652 4885 1929 4937 admonuit

351 4981 668 5050 discipulos,
706 4980 893 5033 dicens
931 4979 1013 5030 eis
1057 4995 1070 5030 :
1107 4974 1190 5029 Ne
1231 4985 1514 5044 graventur
1556 4974 1720 5026 corda
1761 4982 1931 5026 vestra

353 5074 600 5127 satietate
642 5079 690 5124 et
740 5069 986 5123 ebrietate
1024 5068 1094 5120 ⁸⁵.
1142 5066 1207 5121 Et
1239 5065 1440 5119 Paulus
1475 5064 1754 5132 apostolus
1807 5065 1928 5118 ait:

352 5163 479 5218 Non
507 5161 775 5215 ebriemim‘
804 5161 942 5223 riuo,
966 5175 1142 5228 exque
1163 5157 1374 5210 luxuria
1392 5156 1537 5209 ’5'".
1563 5155 1934 5224 Oportetcrgo

353 5264 413 5310 ut
443 5268 634 5308 omnes
673 5252 762 5321 qui
796 5251 1040 5304 habitum
1071 5249 1298 5301 induunt
1328 5248 1710 5311 monasticam,
1746 5247 1932 5299 dicant

353 5361 479 5404 cum
519 5345 686 5400 Paulo
720 5363 733 5399 :
771 5343 1008 5411 Subjirio
1040 5357 1226 5407 corpus
1271 5355 1464 5405 meum,
1501 5348 1548 5392 et
1583 5339 1761 5408 redigo
1793 5337 1926 5390 illud

351 5446 407 5497 in
453 5441 777 5496 servitutem.
837 5437 1016 5491 Mutus
1068 5443 1247 5488 autem
1295 5433 1488 5487 tertius
1513 5443 1597 5486 est
1623 5448 1684 5486 ex
1717 5432 1928 5501 spititi-

2032 4534 2150 4589 per,
2183 4529 2236 4574 et
2257 4519 2508 4573 manibus
2533 4517 2624 4572 alii
2655 4527 2780 4573 sunt
2806 4529 2981 4576 motus
3003 4533 3294 4590 operantes
3321 4524 3606 4593 aliquando

2035 4611 2329 4667 secundum
2380 4610 2574 4664 anima:
2615 4613 3026 4681 propensionem
3062 4631 3074 4668 :
3117 4615 3257 4681 quod
3303 4632 3433 4670 sane
3465 4616 3606 4669 haud

2036 4711 2460 4757 consentaneum
2511 4711 2617 4765 est,
2663 4717 2786 4756 cum
2833 4703 3056 4772 spiritus
3110 4719 3204 4757 eas
3260 4705 3608 4760 destinaverit

2035 4793 2257 4862 puritati
2293 4800 2348 4846 et
2393 4793 2678 4846 elevationi
2731 4793 2781 4846 in
2818 4793 3090 4861 precibus,
3134 4803 3188 4848 et
3219 4796 3610 4852 misericordias

2037 4893 2090 4937 et
2122 4883 2462 4952 clargitioui;
2500 4892 2552 4936 et
2584 4881 2909 4949 implendum
2945 4885 3015 4937 sit
3057 4886 3121 4938 de
3153 4886 3258 4939 illis
3291 4887 3432 4954 quod
3474 4890 3609 4942 scri-

2040 4984 2191 5042 ptum
2223 4982 2310 5027 est
2337 4973 2403 5026 de
2438 4974 2643 5026 sanctis
2671 4972 3047 5027 orationibus:
3087 4973 3324 5027 Eleuutia
3357 4993 3609 5032 manuum

2032 5078 2268 5116 mearum
2317 5063 2449 5114 sicut
2497 5061 2821 5130 sacri/icium
2876 5065 3292 5134 vespertinum’.
3333 5063 3406 5119 De
3453 5069 3613 5120 misc-

2034 5155 2265 5208 ricordia
2320 5163 2532 5219 autem,
2579 5164 2631 5208 et
2685 5154 3032 5223 elargitione,
3065 5155 3142 5210 ait
3183 5174 3197 5210 :
3243 5156 3435 5212 Munus
3483 5177 3611 5214 metu

2027 5234 2201 5316 '[ortes
2235 5247 2564 5314 elargiuntur
2598 5262 2737 5299 cum-
2765 5247 3027 5300 celeritate
3069 5247 3110 5300 ³.
3159 5247 3359 5303 Venter
3398 5265 3613 5321 quoqt-e

2037 5347 2229 5394 caveat
2255 5355 2283 5392 a
2323 5339 2444 5394 cibo
2471 5350 2523 5392 et
2552 5348 2700 5407 potu,
2731 5339 3187 5408 quemadmodum
3215 5342 3346 5396 dicit
3376 5342 3612 5413 Spiritus

2040 5447 2134 5501 per
2169 5432 2406 5502 linguam
2452 5431 2618 5486 David
2661 5449 2674 5484 :
2707 5429 2828 5486 Non
2870 5432 3019 5486 edam
3050 5449 3167 5487 cum
3197 5433 3420 5502 pra'dito
3455 5437 3614 5492 arido

428 5655 475 5685 "
514 5650 653 5705 l’sal.
682 5662 868 5710 cxvttt,
899 5646 1020 5701 150.
1097 5645 1143 5677 ’³
1183 5644 1348 5698 lCor.
1380 5659 1456 5698 ιχ.
1488 5642 1578 5695 27.
1654 5641 1700 5672 ’⁸
1740 5639 1871 5699 hic.

2021 5681 2036 5704 ,
2069 5637 2168 5710 54.,
2219 5635 2355 5710 3”"
2396 5635 2589 5710 Eplrrs.
2614 5650 2666 5702 v,
2700 5634 2785 5693 l8.
2861 5636 2904 5668 ’7
2943 5633 3062 5694 Jac.
3093 5653 3132 5702 ι,
3159 5636 3250 5696 26.
3313 5638 3496 5696 "Jac.
3524 5657 3610 5710 tu,

358 5726 412 5792 5,
440 5724 494 5779 ti.
568 5723 612 5752 ⁹⁹
643 5720 798 5772 Ρισην.
828 5733 945 5779 vttt,
974 5719 1023 5770 8.
1105 5716 1118 5745 '
1151 5714 1304 5769 Prov.
1335 5730 1428 5780 xu,
1459 5713 1538 5766 l3.

607 5816 877 5875 PATROL.
925 5812 1044 5873 (in.
1096 5811 1228 5872 XL.

1619 5714 1638 5742 ¹
1671 5712 1810 5767 Psal.
1845 5729 1968 5779 csa,
2000 5709 2056 5766 ‘2.

2153 5707 2174 5740 ³
2215 5705 2374 5764 Prov.
2411 5722 2462 5774 x,
2497 5705 2544 5760 4.

3256 5807 3336 5868 32
