3990 6210
423 284 560 342 (005

422 491 525 546 cibi
555 498 609 544 et
641 498 800 559 potus
823 496 878 542 et
908 484 1358 550 insatiabilitatis,
1384 495 1438 542 et
1465 485 1712 542 allcxerit
1739 487 1886 542 illum
1921 491 1986 542 ad

423 584 536 638 haec
576 582 756 636 anima
799 577 1268 648 concupiscibilis,
1303 578 1689 635 admiscebitur
1735 593 1867 634 sane
1919 579 1992 634 illi

423 673 661 744 potentia
691 669 884 726 hostis.

491 781 682 847 Porro,
736 780 826 852 qui
863 780 1000 834 hanc
1033 794 1344 835 mensuram
1391 790 1445 835 et
1479 781 1769 849 puritatem
1804 795 1993 851 exqui-

426 884 568 940 runt,
617 871 812 942 diriget
847 884 940 927 eos
981 871 1214 941 Spiritus
1262 870 1354 926 Dei
1391 874 1458 925 ad
1509 872 1620 926 vias
1664 881 1882 937 rectas;
1941 881 1995 927 et

424 965 631 1034 puritas
660 971 711 1018 et
738 962 920 1016 carnis
956 963 1224 1016 rectitude
1249 961 1327 1016 eis
1351 962 1726 1031 opitulabitur,
1753 962 1995 1033 implebi-

424 1068 616 1125 turque
650 1057 715 1110 de
749 1055 852 1108 illis
885 1054 1087 1108 dictum
1113 1053 1264 1108 l‘auli
1301 1054 1530 1124 apostoli
1566 1055 1836 1109 dicentis:
1872 1055 1994 1108 Sire

419 1165 539 1216 ergo
568 1147 900 1200 manducetis
930 1147 1033 1199 sive
1059 1145 1236 1199 bibitis
1267 1156 1313 1199 et
1344 1145 1599 1216 quidquid
1628 1145 1824 1214 facitis,
1851 1145 1905 1197 id
1930 1145 1994 1198 sit

419 1243 473 1296 in
502 1242 724 1312 gloriam
761 1239 852 1292 Dei
881 1239 923 1292 ⁵.
953 1237 1084 1291 Nam
1118 1237 1162 1290 si
1197 1237 1410 1306 corpori
1446 1237 1831 1305 prtevaIuerint
1856 1251 1994 1306 prte-

424 1334 703 1388 memorati
742 1343 850 1386 tres
883 1339 1079 1395 motus,
1113 1328 1350 1398 illudque
1387 1343 1416 1382 a
1453 1329 1777 1384 rectitudine
1821 1329 1994 1381 abdu-

423 1429 623 1491 xeriut,
661 1427 882 1496 cupiens
923 1424 1149 1479 salutem
1206 1421 1502 1478 secundum
1551 1421 1866 1486 veritatem,
1903 1435 1997 1475 eos

422 1533 542 1571 eum
581 1516 766 1585 requie
789 1529 820 1568 a
851 1529 910 1568 se
937 1513 1232 1576 amovcbil,
1269 1512 1632 1581 persislelque
1659 1510 1711 1564 in
1737 1510 1990 1580 puritate.

423 1607 868 1676 Quandoquidem
899 1605 1134 1676 Spiritus
1156 1604 1271 1672 jam
1293 1605 1469 1658 iactus
1494 1612 1575 1658 est
1603 1603 1728 1657 huic
1754 1602 1986 1673 asylum,

423 1712 584 1770 atque
633 1699 947 1754 fortitudine
991 1697 1138 1752 illum
1185 1697 1423 1765 augebit,
1475 1703 1531 1750 et
1573 1695 1876 1764 exstinguat
1926 1696 1994 1749 ab

423 1792 511 1847 illo
541 1792 720 1846 omnia
769 1801 912 1844 mota
945 1791 996 1842 in
1049 1802 1173 1842 eum
1207 1787 1369 1850 mala,
1402 1787 1853 1856 quemadmodum
1895 1801 1991 1841 nos

423 1888 577 1939 docet
606 1880 804 1936 Paulus
839 1879 1115 1950 apostolus
1156 1879 1340 1934 dicens
1367 1895 1378 1931 :
1410 1875 1734 1944 Mortiﬁcate
1762 1877 1995 1929 membra

421 1989 591 2033 uestra
621 1987 738 2047 qum
778 1990 943 2042 super
975 1983 1195 2036 terram,
1241 1985 1440 2036 nempe,
1477 1968 1902 2038 fornicationem,
1948 1976 1995 2020 et

421 2069 841 2131 immunditiam,
884 2075 930 2118 et
970 2065 1272 2132 passiones,
1316 2071 1365 2115 et
1413 2059 1583 2114 malas
1625 2059 1998 2128 concupiscen-

423 2164 523 2216 tias
555 2162 611 2227 ⁶;
642 2174 706 2213 ac
733 2159 934 2226 reliqua
967 2155 1252 2226 ejusmodi.
1292 2153 1461 2208 Pedes
1494 2168 1734 2222 quoque,
1771 2152 1815 2206 si
1853 2153 1993 2207 haud

425 2251 552 2307 recti
589 2249 807 2315 fuerint,
841 2262 942 2302 nec
985 2244 1378 2301 ambulaverint
1420 2243 1714 2299 secundum
1767 2243 1858 2298 Dei
1899 2258 1998 2296 vo-

423 2344 681 2399 luntatem
713 2343 766 2397 in
791 2342 1041 2396 libertate
1061 2357 1076 2406 ;
1100 2354 1194 2394 cor
1219 2339 1362 2406 quod
1389 2337 1666 2404 impletum
1697 2346 1778 2391 est
1799 2337 1995 2407 gratia,

420 2435 684 2499 custodit,
715 2443 770 2490 et
811 2433 993 2503 dirigit
1029 2433 1326 2487 secundum
1385 2429 1718 2484 voluntatem
1758 2427 1997 2497 Spiritus

420 2532 618 2597 sancti,
645 2535 712 2584 ad
737 2527 1137 2583 inserviendum
1165 2525 1388 2594 cptimis
1418 2524 1469 2577 in
1503 2525 1686 2585 rebus,
1719 2532 1775 2576 ut
1800 2537 1998 2588 corpus

424 2621 676 2677 omnibus
697 2620 853 2674 bonis
879 2617 1211 2688 perﬁciatur,
1243 2624 1297 2670 et
1319 2616 1608 2669 reducatur
1635 2615 1734 2669 sub
1761 2613 1996 2684 Spiritus

421 2715 591 2770 sancti
623 2720 971 2782 potestatem.
1014 2709 1158 2764 Sane
1191 2709 1333 2772 dico,
1367 2722 1565 2778 corpus
1601 2706 1994 2775 hujuscemodi,

416 2809 524 2874 jam
560 2805 829 2875 particeps
861 2801 1110 2856 ell‘ectum
1143 2815 1262 2855 esse
1294 2801 1512 2870 corpori
1545 2810 1919 2855 resurrecturo
1942 2801 1994 2854 in

420 2895 817 2952 resurrectione
849 2894 1144 2964 justorum.
1194 2889 1309 2946 Hoc
1346 2899 1524 2945 autem
1567 2891 1897 2945 asseruimus
1928 2891 1996 2946 ob

418 2991 612 3043 anima:
650 2987 947 3057 passiones,
981 2998 1101 3054 qua:
1147 2999 1272 3038 cum
1305 2984 1518 3053 corpori
1561 2983 1834 3052 permistae
1864 2984 1992 3046 sint,

419 3081 548 3134 illud
576 3089 791 3134 movent
819 3087 873 3131 et
909 3075 1174 3131 inclinant
1204 3074 1270 3129 ad
1304 3075 1526 3144 spiritus
1560 3073 1755 3139 malos,
1791 3073 1876 3128 his
1909 3073 1994 3127 in-
2023 3076 2066 3136 C

416 3171 722 3225 servientes
769 3167 1022 3221 omnibus
1083 3167 1134 3219 in
1189 3165 1470 3221 membris.
1526 3164 1655 3219 Dico
1704 3174 1989 3234 prmterca,

415 3263 553 3318 alios
582 3261 818 3315 animam
843 3259 1044 3312 habere
1075 3265 1272 3321 motus,
1305 3265 1362 3310 ut
1386 3257 1590 3311 dictum
1613 3266 1719 3317 est,
1745 3271 1881 3326 quos
1907 3271 1994 3310 vo-

418 3354 501 3410 bis
533 3353 772 3408 indicare
799 3351 1068 3405 volmnus.
1111 3350 1178 3403 Et
1207 3359 1332 3402 sunt
1364 3349 1635 3418 superbia,
1681 3349 1844 3403 varia:
1870 3364 1994 3418 pas-

415 3450 596 3504 siones
627 3463 654 3499 a
683 3443 1024 3514 passionilms
1046 3443 1310 3510 corporis,
1340 3438 1538 3508 injuria
1568 3440 1876 3495 hominibus
1908 3439 1993 3494 in-

419 3540 662 3605 ferenda,
693 3539 793 3600 ira,
827 3534 1263 3604 pusillanimitas,
1293 3532 1494 3586 oblivio
1520 3547 1582 3586 ac
1614 3532 1835 3601 reliqua:
1866 3547 1990 3602 pas-

415 3632 614 3685 siones.
660 3627 810 3693 Quod
855 3625 898 3677 si
947 3623 1122 3676 auima
1165 3623 1272 3676 Deo
1314 3635 1436 3676 sese
1464 3621 1748 3675 tradiderit
1781 3637 1848 3677 ex
1880 3632 1990 3678 t0ta

415 3735 510 3774 sua
541 3719 758 3782 virtute,
796 3714 1089 3784 elargictur
1117 3712 1164 3766 ei
1201 3712 1338 3766 Deus
1375 3713 1613 3782 optimus
1653 3727 1835 3767 veram
1869 3729 1989 3783 pte-

417 3813 716 3877 nitentiam,
745 3819 802 3866 et
832 3805 1144 3862 emundabit
1175 3805 1414 3875 singulas
1446 3806 1562 3875 ejus
1591 3807 1891 3874 passiones,
1926 3818 1986 3862 ut

413 3903 662 3961 deﬂectat
692 3902 760 3956 ab
792 3901 892 3966 eis,
922 3914 991 3954 ne
1014 3897 1338 3968 praevaleant
1359 3897 1619 3952 adversus
1651 3913 1769 3952 eam
1802 3911 1980 3954 mutus

414 3999 782 4062 inimicorum,
819 3992 1182 4048 mediantibus
1215 3989 1602 4067 tentationibus
1638 4007 1649 4043 :
1690 3992 1887 4045 etenim
1923 4007 1987 4045 ea

413 4101 498 4148 est
525 4105 710 4146 eorum
744 4087 992 4152 intentio,
1031 4096 1090 4140 ut
1120 4085 1187 4140 ab
1220 4085 1299 4139 eis
1341 4084 1560 4138 minime.
1600 4085 1882 4154 eripiatur.
1922 4085 1978 4140 Si

413 4193 594 4239 autem
628 4180 1059 4252 perseveraverit
1090 4179 1140 4233 iu
1171 4176 1428 4246 patientia
1459 4187 1513 4230 et
1550 4177 1690 4231 bona
1726 4177 1986 4232 obedien-

413 4279 485 4333 tia
512 4277 748 4348 Spiritus
770 4273 965 4337 sancti,
989 4272 1078 4342 qui
1105 4286 1222 4325 eam
1249 4269 1312 4323 ad
1339 4269 1713 4338 pteuitentiam
1741 4270 1982 4335 attrahi',

410 4371 640 4425 Creator
683 4367 994 4422 misericors
1027 4363 1143 4434 ejus
1191 4361 1536 4416 miserebitur
1570 4361 1872 4426 laboribus,
1915 4364 1987 4417 la-

410 4461 742 4528 boribusque
788 4454 1066 4524 corporis,
1116 4453 1207 4521 qui
1259 4460 1385 4505 sunt
1436 4453 1660 4505 nimium
1694 4451 1981 4522 jejunium,

410 4553 615 4609 crebrm
649 4548 864 4618 vigiliae,
896 4545 1176 4600 meditatio
1207 4541 1512 4598 divinarum
1549 4541 1980 4610 Scripturarum,

407 4647 587 4701 oratio
629 4643 746 4696 sine
776 4636 1204 4700 intermissione,
1237 4634 1446 4688 servire
1466 4634 1718 4690 omnibus
1750 4635 1985 4689 homini-

409 4738 506 4794 bus
539 4736 590 4790 in
623 4732 857 4804 puritate
889 4727 1089 4794 cordis,
1121 4735 1407 4796 paupertas
1433 4727 1682 4795 Spiritus.
1716 4728 1772 4783 Si
1802 4741 1980 4784 autem

408 4833 460 4886 in
495 4830 579 4884 his
627 4823 1078 4896 perseveraverit,
1111 4821 1249 4875 Deus
1278 4821 1515 4891 Optimus
1553 4823 1618 4875 ad
1652 4840 1771 4877 eam
1816 4827 1984 4893 respi-

403 4929 534 4992 ciet,
579 4934 810 4990 eamque
846 4916 1138 4971 vindicabit
1171 4915 1239 4969 ab
1282 4916 1534 4970 omnibus
1567 4919 1976 4984 tcntationibus,

404 5035 466 5073 ac
486 5032 579 5072 sua
607 5013 800 5083 eripiet
831 5007 1176 5064 miseratione
1202 5025 1214 5059 :
1246 5017 1455 5062 ainator
1478 5008 1676 5078 quippe
1703 5011 1974 5064 hominum

403 5119 505 5165 est.
536 5109 704 5175 Quem
746 5105 901 5160 decet
934 5102 1069 5167 laus,
1105 5099 1408 5168 Filiumque
1452 5100 1568 5170 ejus
1615 5103 1970 5174 unigenitum,

404 5219 466 5256 ac
526 5199 785 5271 Spiritum
833 5197 950 5266 ejus
1002 5204 1249 5249 sanctum
1292 5193 1341 5246 in
1387 5193 1582 5248 saecula
1629 5198 1972 5253 szeculorum.

406 5296 596 5349 Amen.

483 5649 497 5676 ι
542 5647 678 5699 paill.
713 5665 757 5704 Ε.

414 5719 454 5748 ¹⁰
491 5722 686 5774 Each.
723 5735 815 5788 xu,
847 5721 899 5774 5.
982 5723 1017 5753 "
1065 5722 1228 5778 Hebr.
1275 5739 1343 5795 Iv,
1391 5723 1472 5777 l3.

1511 281 1782 338 PATRES
1820 284 2113 340 zEGYPTll
2149 286 2417 343 SzECULI
2456 288 2540 344 ιν.

421 399 594 459 oculo.
621 395 906 452 insatiabili
935 394 1088 448 corde
1123 394 1164 447 δ.
1195 393 1252 449 Si
1287 409 1414 448 vero
1449 395 1791 464 praevaluerit
1825 397 1873 451 ei
1903 398 1985 451 vis
2018 401 2065 456 Α

3539 295 3688 351 1804

2654 400 2986 459 EPISTOLA
3031 402 3091 458 ll.

2100 491 2200 572 Ad.
2222 492 2358 572 [iiios
2403 510 2525 572 suos
2561 497 2851 572 mon‘aeho‘s.
2875 498 3400 572 de‘promulgatione
3435 502 3587 572 legis,
3629 517 3678 557 et

2168 564 2231 639 de
2265 564 2624 639 incarnatione
2661 563 2755 639 Dei
2815 563 3002 639 Verbi;
3031 563 3218 639 eosque
3251 572 3432 624 incitat
3463 563 3532 626 a'd
3573 563 3679 627 im-

2164 631 2354 696 plenda
2384 645 2658 698 prteccpta.
2705 634 2853 690 Dixit
2873 653 2892 690 :

2168 724 2432 778 Antonius
2462 725 2583 778 [iliis
2630 726 2743 782 suis
2775 727 3138 784 dilectissimis
3169 730 3222 784 in
3261 731 3492 786 Domino
3536 733 3676 788 scri-

2099 813 2248 880 bens,
2297 813 2522 870 salutem
2564 817 2710 871 dicit.
2748 818 2909 885 Ecce,
2937 818 3270 876 dilectissimi
3305 839 3320 875 :
3357 838 3464 878 non
3511 839 3677 880 unum

2100 913 2308 960 tantum
2348 917 2434 963 est
2466 917 2696 978 tempus,
2728 925 2835 980 quo
2865 925 3020 966 suam
3057 912 3195 968 Dcus
3223 914 3410 970 invisit
3451 927 3670 972 creatu—

2099 1010 2212 1049 ram
2235 1013 2250 1064 ;
2269 1011 2455 1053 verum
2475 1001 2619 1054 omni
2649 1010 2888 1071 tempore
2905 1017 2934 1056 a
2954 1004 3262 1060 conditione
3293 1006 3481 1062 mundi
3508 1023 3681 1078 usque

2099 1089 2166 1142 ad
2208 1090 2366 1144 [intem
2413 1091 2548 1162 ejus.
2584 1092 2904 1164 Quicunque
2952 1095 3119 1166 igitur
3146 1097 3340 1168 quarit
3388 1100 3678 1157 Dominum

2099 1195 2221 1234 cum
2271 1181 2638 1238 sollicitudine
2665 1193 2719 1238 et
2748 1185 3058 1254 dilectione,
3093 1197 3249 1256 prout
3281 1190 3348 1245 ab
3383 1191 3526 1248 illius
3550 1208 3678 1263 per-

2097 1272 2228 1339 cipit
2271 1272 2634 1340 documentis,
2687 1277 2801 1346 ipse
2833 1278 2937 1332 erit
2967 1294 3088 1334 cum
3133 1296 3201 1336 eo
3240 1292 3295 1337 et
3339 1285 3568 1354 gratiam
3620 1289 3672 1339 ei

2099 1355 2357 1436 largietur
2387 1366 2625 1438 Spiritus
2655 1373 2857 1427 sancti.
2885 1371 3019 1428 Cum
3052 1385 3232 1430 autem
3263 1387 3474 1435 natura:
3514 1380 3683 1434 ratio-

2099 1449 2250 1513 nales
2283 1473 2568 1528 corporum
2592 1463 2904 1534 participes,
2934 1465 3221 1523 inﬁrmata:
3239 1477 3400 1541 atque
3431 1471 3682 1528 alterata:

2098 1549 2205 1603 sint
2233 1550 2302 1606 ob
2325 1551 2520 1608 animm
2543 1565 2740 1620 motus,
2767 1569 2831 1611 ac
2856 1558 3214 1628 mortiﬁcata,
3243 1569 3302 1614 ut
3330 1577 3436 1618 non
3464 1563 3683 1620 valeant

2097 1643 2338 1713 cogitare
2370 1645 2437 1700 de
2477 1647 2734 1716 primaria
2767 1649 2850 1704 sui
2879 1651 3213 1718 conditione,
3245 1655 3341 1710 sed
3373 1655 3530 1712 iactae
3561 1658 3678 1713 sint

2026 1743 2067 1798 Β
2099 1744 2352 1804 tanquam
2399 1737 2730 1807 jumentum,
2764 1750 2819 1796 et
2856 1743 3148 1800 servierint
3198 1750 3487 1814 creaturis,
3557 1751 3681 1821 plus

2099 1840 2261 1895 quam
2289 1827 2557 1899 Creatori,
2585 1832 2765 1888 invisit
2791 1833 3018 1890 Creator
3053 1838 3298 1892 omnium
3330 1841 3532 1898 virtute
3564 1859 3681 1899 sua:

2099 1919 2358 1976 bonitatis
2384 1937 2537 1978 suam
2561 1935 2868 1981 creaturam
2893 1927 3004 1984 suis
3027 1929 3428 1987 viviﬁcantibus
3449 1933 3680 2005 legibus.

2100 2008 2200 2078 Qui
2225 2025 2354 2068 vero
2391 2013 2532 2070 hanc
2557 2029 2867 2074 meruerunt
2895 2021 3149 2090 gratiam,
3183 2030 3237 2079 et
3259 2024 3684 2084 ambulaverunt

2101 2101 2155 2156 in
2179 2101 2386 2172 legibus
2416 2119 2484 2160 ex
2511 2113 2619 2162 tota
2651 2123 2747 2164 sua
2778 2109 2979 2168 virtute
3001 2120 3056 2167 et
3087 2112 3386 2181 voluntate,
3411 2127 3462 2172 et
3495 2132 3687 2175 susce-

2101 2205 2301 2262 perunt
2333 2196 2585 2268 spiritum
2622 2200 2917 2270 ﬁliationis,
2949 2213 3005 2260 et
3031 2205 3206 2262 cdocti
3238 2218 3365 2264 sunt
3400 2225 3431 2264 a
3471 2210 3682 2281 Spiritu

2103 2297 2312 2352 sancto,
2352 2288 2662 2346 maluerunt
2708 2293 2940 2351 adorare
2973 2296 3311 2366 Creatorem,
3348 2313 3409 2356 ut
3437 2316 3681 2374 oportet,

2093 2376 2250 2446 juxta
2281 2381 2482 2437 dictum
2512 2384 2660 2438 Pauli
2693 2389 2918 2456 apostoli
2949 2408 2964 2445 :
2995 2390 3148 2457 Quod
3178 2395 3233 2448 hi
3252 2396 3344 2465 qui
3375 2399 3684 2454 testimonio

2099 2467 2222 2534 ﬁdei
2278 2486 2389 2524 sua:
2441 2472 2669 2540 probati,
2713 2491 2816 2532 non
2859 2482 3150 2545 acceperint
3196 2487 3680 2553 repromissionem,

2102 2571 2333 2616 nostram
2391 2563 2498 2618 Deo
2545 2568 2848 2635 providente
2893 2573 3208 2642 utilitatem,
3251 2592 3316 2631 ne
3360 2579 3475 2634 sine
3527 2582 3682 2636 nobis

2100 2667 2592 2711 consummarentur
2632 2661 2672 2712 ".
2727 2659 2808 2716 0b
2857 2665 3283 2733 magnitudinem
3331 2679 3514 2726 autem
3563 2688 3684 2728 sua:

2102 2742 2358 2800 bonitatis
2398 2746 2541 2816 (cum
2587 2749 2658 2804 sit
2689 2749 2832 2806 Deus
2863 2755 3128 2825 omnium)
3165 2767 3406 2813 nostram
3440 2761 3679 2818 invisere

2099 2834 2270 2888 voluit
2320 2835 2714 2908 inﬁrmitatem,
2760 2845 3097 2902 constituens
3146 2849 3302 2905 nobis
3329 2850 3550 2924 Moysen
3597 2856 3678 2912 lc-

2098 2925 2452 2995 gislatorem,
2505 2931 2661 3001 cujus
2695 2937 2944 2992 manibus
2989 2941 3214 2996 tradidit
3267 2946 3426 3001 nobis
3481 2947 3676 3018 legem,

2103 3019 2386 3090 posuitque
2421 3021 2826 3081 fundamentum
2874 3044 3017 3085 verae
3051 3033 3263 3102 domus,
3302 3053 3424 3108 quae
3455 3051 3537 3095 est
3574 3041 3676 3095 Ec-

2102 3110 2261 3166 clesia
2297 3113 2630 3189 rationabilis
2650 3118 2847 3186 unica;
2873 3120 3103 3179 intendit
3129 3141 3361 3199 namque
3385 3132 3678 3189 restituere

2108 3215 2416 3260 creaturam
2451 3206 2518 3262 ad
2544 3209 2858 3278 primariam
2888 3214 2971 3269 sui
2998 3219 3383 3275 conditionem.
3411 3222 3676 3281 Edilica-

2097 3296 2172 3349 vit
2210 3298 2394 3367 itaque
2427 3297 2640 3369 Moyses
2674 3303 2917 3370 domum,
2952 3323 3114 3377 quam
3144 3326 3248 3367 non
3278 3315 3542 3372 absolvit:
3580 3320 3674 3374 sed

2095 3404 2157 3440 ea
2200 3389 2482 3458 derelicta,
2520 3394 2789 3452 discessit.
2838 3399 2978 3454 Deus
3011 3410 3192 3456 autem
3235 3405 3516 3462 substituit
3557 3423 3674 3479 post

2094 3494 2218 3534 euut
2253 3482 2480 3539 chorum
2517 3489 2904 3557 prophetarum
2937 3493 3037 3548 hoc
3065 3497 3252 3551 eodem
3289 3498 3495 3569 Spiritu
3532 3521 3546 3556 :
3580 3504 3671 3573 qui

2094 3573 2434 3631 tedillcarunt
2481 3589 2534 3634 et
2571 3579 2674 3645 ipsi
2719 3597 2879 3652 super
2930 3585 3032 3640 hoc
3077 3588 3267 3644 eodem
3317 3590 3675 3650 fuitdamento

2095 3665 2236 3734 quod
2277 3676 2532 3734 posuerat
2568 3669 2805 3742 Moyses,
2848 3689 2946 3729 nec
2986 3676 3332 3748 absolverat;
3376 3694 3434 3737 at
3470 3686 3673 3742 disces-

2095 3765 2284 3810 serunt
2326 3766 2380 3812 et
2411 3758 2536 3828 ipsi,
2569 3777 2632 3816 ea
2680 3765 2963 3821 derelicta.
3003 3768 3137 3825 llinc
3173 3782 3359 3841 patres
3408 3777 3460 3832 hi
3501 3780 3670 3834 nostri

2095 3846 2436 3917 spirituales,
2490 3867 2612 3907 cum
2652 3857 2898 3912 morbum
2959 3861 3101 3917 hunc
3142 3863 3500 3924 insanabilem
3556 3889 3676 3928 esse

2093 3941 2374 4009 vidissent,
2392 3957 2658 4002 noverunt
2678 3950 2876 4005 nullam
2904 3965 3278 4013 creaturarum
3303 3961 3454 4018 illum
3479 3981 3675 4026 sanare

2093 4050 2272 4102 posse,
2305 4049 2533 4109 excepto
2557 4041 2671 4096 solo
2704 4041 2884 4099 Patris
2923 4046 3230 4118 Unigenito,
3261 4058 3352 4125 qui
3385 4069 3468 4115 est
3499 4063 3671 4120 forma

2107 4131 2222 4198 ejus
2253 4129 2597 4197 :nternitatis,
2629 4147 2724 4201 per
2759 4151 2917 4204 quem
2950 4149 3058 4193 tota
3100 4141 3237 4196 facta
3269 4158 3352 4202 est
3395 4163 3673 4220 creatura,

2101 4235 2222 4288 quae
2268 4230 2352 4276 est
2408 4223 2525 4291 ejus
2579 4224 2906 4294 similitudo;
2946 4245 3010 4285 ac
3062 4236 3322 4292 certiores
3364 4241 3494 4298 facti
3549 4259 3676 4302 sunt

2097 4311 2270 4380 ipsum
2293 4313 2558 4368 duntaxat
2583 4317 3068 4376 esseliberatorem
3091 4334 3145 4378 et
3176 4329 3463 4387 medicum.
3493 4339 3674 4401 Quare

2020 4434 2062 4488 Β
2092 4403 2248 4456 enixe
2278 4416 2538 4474 rogarunt
2570 4421 2667 4476 pro
2691 4410 2846 4464 nobis
2871 4412 3090 4482 (quippe
3114 4430 3300 4472 eorum
3331 4421 3382 4474 in
3410 4428 3677 4484 membris

2091 4509 2276 4548 sumus
2305 4497 2618 4567 participes)
2652 4499 2895 4556 dicentes
2932 4521 2946 4558 :
2997 4504 3256 4578 Nunquid
3286 4528 3389 4566 non
3431 4528 3507 4569 est
3553 4519 3674 4573 tlte-

2091 4586 2234 4638 riaca
2269 4585 2322 4638 in
2351 4587 2583 4655 Galaad,
2609 4601 2699 4642 aut
2731 4595 3004 4652 medicus?
3037 4598 3215 4663 Quare
3245 4605 3407 4673 igitur
3444 4625 3546 4663 non
3579 4629 3672 4667 re-

2091 4680 2164 4730 nit
2208 4681 2409 4734 sanitas
2437 4681 2566 4749 ﬁt’iw
2597 4685 2780 4753 populi
2813 4688 2914 4741 mei
2947 4689 3010 4744 ’ἓ
3039 4689 3291 4751 Dedimus
3339 4711 3512 4754 nostra
3551 4721 3671 4760 me-

2090 4771 2391 4836 dicamina,
2437 4781 2486 4826 et
2531 4789 2636 4826 non
2676 4786 2751 4829 est
2799 4788 3026 4847 sanata;
3071 4783 3501 4859 derelinquamus
3546 4813 3671 4867 ergo

2090 4876 2205 4912 eam
2228 4859 2269 4912 °.
2317 4861 2457 4916 Deus
2490 4864 2946 4922 autemNerhum
2989 4885 3083 4924 sua
3128 4859 3673 4948 incomprehensibili

2091 4951 2357 5006 cllaritate
2389 4954 2536 5009 venit
2577 4956 2644 5010 ad
2679 4971 2781 5012 nos
2819 4959 2976 5028 juxta
3021 4968 3242 5022 oracula
3277 4987 3499 5029 suorum
3539 4995 3668 5034 san-

2090 5053 2299 5096 ctorum
2325 5045 2710 5114 prophetarum
2737 5067 2750 5104 :
2775 5050 2882 5104 Fili
2908 5053 3155 5123 hominis,
3177 5076 3324 5116 sume
3342 5066 3440 5120 tibi
3468 5069 3668 5123 instru-

2089 5143 2318 5187 mentum
2364 5138 2681 5205 captiritatis
2727 5140 2811 5195 ‘°:
2858 5145 3000 5212 quod
3045 5158 3131 5200 est
3165 5149 3252 5203 ille
3295 5155 3567 5220 perfectus
3614 5160 3668 5212 in

2091 5223 2259 5290 ligura
2297 5224 2413 5292 Dei,
2449 5227 2540 5296 qui
2581 5244 2688 5285 non
2725 5231 2981 5300 rapiendo
3009 5238 3184 5304 rapuit
3223 5238 3276 5291 id
3302 5241 3448 5310 qunti
3477 5253 3580 5308 est,
3613 5261 3670 5300 se

2090 5333 2208 5372 esse
2244 5319 2504 5388 :cqualem
2545 5321 2688 5388 Deo;
2721 5325 2815 5378 sed
2861 5326 3177 5384 humiliatus
3208 5342 3312 5399 est,
3362 5345 3418 5388 et
3461 5339 3667 5407 accepit

2087 5410 2312 5464 formam
2357 5413 2500 5468 servi
2539 5413 2616 5484 (et
2660 5417 2992 5474 assimilatas
3041 5432 3124 5477 est
3159 5424 3314 5480 nobis
3354 5426 3668 5484 hominibus

2087 5511 2312 5570 excepto
2347 5514 2565 5573 peccato
2608 5506 2674 5577 “)
2725 5523 2894 5576 usque
2920 5513 2985 5566 ad
3017 5525 3246 5569 mortem
3279 5519 3461 5574 crucis
3499 5539 3512 5575 :
3544 5536 3666 5590 pro-

942 5652 1016 5744 “.l
1045 5651 1168 5744 (ἔργ’.
1200 5653 1358 5716 x,5l.
1391 5653 1680 5744 “fColoss.
1719 5673 1799 5724 ιιι,
1824 5657 1877 5712 ες.
1945 5656 1973 5734 ,⁷

2097 5660 2170 5715 br.
2208 5679 2282 5728 x1,
2312 5665 2398 5730 59,
2428 5665 2513 5718 ιίΟ.
2592 5667 2611 5695 ’⁸
2646 5665 2843 5723 Jcrem.
2869 5683 2982 5737 mi,
3027 5669 3116 5728 9.2.
3198 5674 3216 5707 9
3253 5671 3451 5731 ﬁerem.
3502 5696 3566 5744 ιι,
3597 5680 3650 5734 9.
