3976 6204
344 207 486 263 i005

1335 213 1392 268 S.
1435 215 1712 272 ANTONll
1751 220 1820 275 li.
1860 221 2154 281 ABBA'HS
2193 225 2579 288 EPISTOLE.

3461 250 3595 304 1006

336 335 458 392 pter
486 321 630 391 quod
676 323 932 377 exaltavit
965 323 1114 378 illum
1163 325 1304 382 Deus
1334 330 1526 400 magis,
1569 341 1623 386 ct
1656 331 1806 389 dedit
1835 335 1907 389 illi
1945 348 1987 402 Α
2033 340 2331 406 vobiscum,
2367 343 2515 398 lilioli
2548 344 2905 413 dilectissimi,
2940 349 2988 404 in
3025 354 3216 408 smcula
3247 358 3587 418 smeuloruut.

335 429 534 468 nomen
589 413 761 483 majus
803 415 1055 472 omnibus
1102 419 1443 486 nominibus,
1492 431 1550 477 ut
1595 427 1644 478 in
1693 429 1906 482 nomine

327 503 460 559 Jesu
511 519 670 559 omne
702 520 840 573 genu
887 503 1154 573 flectatur,
1201 510 1521 576 caelestium,
1568 518 1902 572 terrestrium

330 607 386 647 et
437 594 802 663 infernarum;
845 606 903 652 ut
949 599 1127 655 omnis
1173 600 1352 672 lingua
1395 605 1737 673 conﬁteatur,
1782 610 1905 678 quia

317 687 496 742 .Jesns
522 697 604 742 est
638 688 912 754 Dominus,
943 699 997 745 et
1029 692 1199 761 gloria
1228 693 1322 749 Dei
1355 695 1530 753 Patris
1557 699 1619 750 η.

401 777 461 832 lu
494 787 762 847 posterum
805 781 1010 850 itaque,
1043 783 1397 851 dilectissimi,
1427 789 1498 843 sit
1530 791 1684 846 vobis
1726 806 1904 848 sermo

329 869 419 922 hic
455 868 804 934 manifestus,
843 872 985 942 quod
1014 873 1154 928 Deus
1187 873 1350 932 Pater
1379 893 1474 932 sua
1515 879 1756 935 bonitate
1789 864 1900 938 non

321 961 626 1030 pepercerit
663 960 800 1016 Filio
828 979 924 1018 suo
971 965 1264 1036 unigenito,
1299 969 1394 1023 sed
1437 973 1719 1027 tradiderit
1752 973 1899 1028 illum

323 1065 423 1119 pro
472 1061 654 1106 nostra
705 1053 1024 1111 liberatione
1063 1057 1132 1112 ab
1181 1059 1558 1129 iniquitatibus
1600 1065 1800 1121 nostris
1847 1075 1902 1122 et

315 1147 560 1214 peccatis
604 1149 808 1203 nostris
834 1148 916 1216 ‘3;
950 1159 1004 1204 et
1037 1150 1349 1208 humiliatus
1378 1164 1464 1210 est
1505 1169 1602 1224 pro
1639 1158 1815 1222 nobis,
1845 1167 1901 1213 et

317 1236 532 1290 sanavit
572 1253 675 1294 nos
721 1238 837 1294 suis
877 1239 1182 1307 doloribus,
1231 1253 1286 1299 et
1327 1245 1491 1302 verbo
1533 1249 1746 1304 virtutis
1788 1264 1898 1304 suae

315 1329 577 1382 adunavit
621 1346 718 1384 nos
763 1345 828 1385 ex
871 1343 1102 1400 quatuor
1142 1344 1300 1390 terra:
1339 1338 1649 1394 cardinibus
1677 1349 1897 1411 totoque

315 1419 600 1476 liabitabi-li
629 1423 800 1486 orbe;
830 1425 1218 1497 constituitque
1249 1430 1404 1484 nobis
1440 1433 1892 1487 resurrectionem

308 1521 372 1566 et
401 1513 632 1568 salutem
672 1529 702 1567 a
737 1516 935 1571 nostris
977 1518 1249 1588 peccatis,
1286 1535 1348 1576 ac
1384 1521 1614 1578 invicem
1647 1537 1745 1578 nos
1775 1535 1908 1579 esse-

315 1603 584 1669 membra,
637 1605 894 1662 certiores
932 1606 1080 1662 fecit.
1122 1607 1274 1678 Rogo
1315 1611 1498 1680 itaque
1544 1627 1662 1679 vos,
1697 1613 1894 1670 fratres

2020 431 2212 486 Amen.
2829 508 2832 509 ν

2579 526 2906 586 ΕΡΙΞΤΟΙΑ
2942 533 3026 588 Ill.

2015 612 2096 664 Ad
2125 614 2420 699 filios-suos
2454 621 2734 699 mortue/tos
2760 637 2776 674 :
2804 639 2932 699 quos
2957 625 3142 680 incitat
3169 631 3238 682 ad
3268 636 3589 699 operandam

2089 688 2489 741 auctoritatibus
2518 705 2582 742 ea:
2619 688 2920 761 Evangelia,
2949 705 2998 748 et
3019 688 3467 764 Apostolofbixit
3497 723 3517 760 :

2083 800 2257 856 Filioli
2307 803 2432 866 mei,
2483 804 2644 877 homo
2683 807 2962 865 rationalis
2995 812 3038 866 si
3085 826 3419 883 praeparetur
3471 820 3590 873 vin-

2012 892 2192 947 dieare
2233 909 2352 948 sese
2391 895 2442 949 in
2490 896 2798 953 libertatem
2846 901 2897 955 in
2945 902 3031 958 die
3064 907 3327 962 adventus
3373 909 3582 966 Domini

2009 984 2178 1038 nostri
2245 982 2369 1038 Jesu
2419 985 2644 1050 Christi,
2700 1000 2957 1058 agnoscat
3019 997 3364 1065 semetipsum
3427 1001 3585 1055 intel-

2008 1074 2219 1129 lectuali
2252 1077 2590 1144 substantia;
2647 1095 2768 1133 nam
2801 1083 2890 1148 qui
2920 1086 3167 1152 agnoscit
3201 1091 3578 1160 semetipsum,

2006 1167 2252 1235 agnoscit
2289 1177 2343 1221 et
2371 1167 2803 1238 dispensationes
2834 1173 3111 1232 Creatoris
3140 1177 3193 1232 in
3228 1177 3343 1248 ejus
3369 1192 3582 1239 creatu-

2006 1272 2096 1311 ras
2123 1257 2500 1314 dilectissimus
2534 1259 2586 1314 in
2618 1261 2866 1329 Domino,
2901 1276 2955 1320 et
2991 1281 3177 1323 earum
3208 1272 3579 1344 participatio-

2004 1362 2126 1402 nem
2164 1347 2214 1401 in
2251 1357 2449 1402 acterna
2491 1351 2808 1406 bzereditate
2842 1355 3273 1426 participationis
3308 1363 3576 1418 membro-

2004 1452 2121 1490 rum
2153 1450 2485 1492 sanctorum.
2519 1439 2699 1505 Quare
2734 1459 2863 1514 rogo
2894 1462 2987 1500 vos
3024 1448 3075 1502 in
3114 1451 3333 1506 nomine
3363 1451 3573 1509 Domini

2002 1527 2172 1582 nostri
2218 1525 2343 1583 Jesu
2385 1528 2609 1595 Christi,
2649 1542 2704 1584 ut
2752 1533 2976 1605 impigre
3009 1547 3185 1594 vestra
3221 1541 3442 1599 solvatis
3478 1545 3573 1600 de-

2000 1616 2107 1671 bita
2154 1617 2402 1686 Domino,
2448 1631 2506 1675 ut
2545 1623 2839 1694 elargiatur
2866 1627 3018 1682 vobis
3044 1633 3292 1687 omnibus
3321 1635 3569 1704 spiritum

315 1693 676 1762 dilectissimi,
707 1696 760 1750 in
805 1698 1021 1753 nomine
1051 1700 1261 1756 Domini
1293 1702 1463 1758 nostri
1491 1702 1620 1760 Jesu
1665 1705 1887 1772 Christi,
1920 1712 1962 1766 Β
1993 1711 2335 1767 discretionis
2390 1713 2456 1767 ad
2523 1693 2935 1772 discernendum
2995 1729 3051 1775 et
3104 1693 3563 1793 cognoscendum,

309 1796 374 1839 nt
409 1788 715 1856 agnoscatis
749 1789 887 1846 hanc
932 1807 1182 1862 magnam
1217 1793 1709 1864 dispensationem,
1744 1798 1891 1853 scili-

315 1888 408 1932 cet
437 1879 598 1932 Deum
634 1877 866 1936 Verbum
902 1883 1056 1938 nobis
1085 1899 1206 1939 esse
1244 1887 1602 1942 assimilatum
1635 1888 1690 1942 iu
1721 1889 1891 1946 omni-

316 1970 419 2024 bus
442 1981 635 2039 prarter
657 1984 960 2041 peccatum.
987 1974 1120 2029 Nam
1151 1988 1574 2034 consentaneum
1606 1990 1693 2036 est
1720 1981 1891 2036 omni-

305 2061 415 2115 bus
461 2061 671 2117 ratione
721 2065 979 2134 praeditis,
1036 2068 1136 2122 hoc
1165 2070 1306 2124 scire
1339 2071 1637 2126 secundum
1674 2073 1888 2128 intelle-

305 2152 548 2208 ctualetn
583 2155 870 2221 rationem,
897 2170 961 2211 ac
991 2165 1049 2210 ut
1079 2157 1413 2226 distinguant
1433 2159 1575 2214 inter
1604 2162 1803 2216 bonum
1833 2169 1888 2214 et

314 2243 536 2308 malum,
585 2255 644 2300 ut
685 2245 840 2302 liberi
882 2263 1002 2302 esse
1052 2260 1252 2318 queant
1284 2250 1334 2303 in
1368 2250 1484 2318 ejus
1530 2252 1761 2305 adventu
1817 2251 1886 2304 ad

312 2336 572 2402 nos..Qui
606 2346 784 2392 autem
815 2337 967 2392 liberi
1001 2348 1126 2392 sunt
1160 2337 1334 2393 eﬂecti
1356 2379 1371 2406 ,
1407 2338 1634 2410 ejusque
1667 2339 1886 2408 dispen-

308 2432 519 2485 satione
555 2432 636 2486 usi
666 2440 813 2495 sunt,
849 2432 902 2486 bi
937 2442 1061 2488 sunt
1087 2432 1134 2486 ei
1170 2433 1333 2488 servi.
1367 2433 1476 2488 Nec
1508 2447 1640 2489 sane
1672 2432 1884 2489 vocatio

302 2523 424 2577 haec
478 2533 562 2577 est
593 2523 893 2592 perfectio;
928 2538 1110 2578 verum
1140 2523 1348 2593 justitia
1392 2538 1488 2578 suo
1529 2534 1771 2594 tempore
1798 2533 1884 2580 est

301 2614 590 2684 perfectio,
617 2630 734 2683 quce
757 2615 942 2684 dirigit
968 2616 1033 2668 ad
1059 2615 1390 2670 tiliationem.
1420 2615 1598 2682 Quare
1623 2631 1744 2671 cum
1776 2615 1881 2672 D0-

301 2704 488 2760 minus
518 2716 704 2760 noster
734 2705 892 2761 Jesus
929 2706 1180 2762 Christus
1220 2707 1461 2762 novisset
1493 2723 1619 2763 suos
1648 2708 1881 2776 discipu«

303 2795 387 2850 los
421 2797 488 2852 ad
519 2797 836 2852 filiationem
872 2798 984 2863 jam
1011 2798 1325 2862 accessisse,
1359 2798 1645 2869 ipsumque
1672 2813 1880 2868 cogno-

302 2891 473 2953 visse,
519 2899 573 2944 et
614 2905 642 2942 a
684 2889 888 2957 Spiritu
924 2899 1112 2944 saneto
1143 2903 1262 2943 esse
1291 2889 1534 2955 edoctos,
1575 2891 1711 2944 dixit
1744 2890 1824 2944 eis
1861 2909 1877 2945 :

297 2980 428 3035 Jam
470 2998 573 3035 non
603 2998 724 3036 coco
758 2999 844 3036 vos
875 2997 1068 3047 servos,
1104 2983 1192 3036 sed
1227 2983 1423 3036 amicos
1447 2992 1492 3036 et
1517 2982 1729 3050 fratres,
1752 2982 1878 3048 quia

301 3075 479 3126 omnia
510 3089 829 3142 quiscunque
857 3073 1034 3125 audivi
1064 3090 1096 3126 (ι
1139 3070 1320 3136 Patre,
1349 3085 1472 3126 nota
1514 3073 1614 3140 feci
1641 3073 1779 3127 vobis
1813 3073 1873 3125 ³⁸.

303 3167 491 3234 Itaque
524 3167 614 3236 qui
646 3174 982 3236 agnoverunt
1009 3180 1188 3219 veram
1228 3166 1493 3220 rationem
1527 3181 1637 3221 suae
1664 3167 1874 3222 intelle-

302 3259 498 3313 ctualis
523 3258 865 3324 substantiae,
898 3273 1023 3314 suas
1045 3257 1384 3327 protulerunt
1414 3273 1571 3314 voces
1595 3259 1834 3313 dicentes
1860 3277 1873 3312 :

297 3350 731 3421 Haudquaquam
759 3351 1053 3419 accepimus
1078 3351 1327 3419 spiritum
1355 3350 1618 3404 servitutis
1647 3359 1703 3404 ut
1737 3353 1877 3404 time-

299 3459 510 3506 remus,
547 3443 638 3496 sed
686 3443 933 3510 spiritum
974 3442 1252 3510 ﬁliationis
1302 3458 1396 3511 per
1443 3458 1592 3513 quem
1633 3459 1876 3496 vocamus

297 3533 518 3588 .l’utrem
555 3535 770 3588 Abbana
805 3534 1000 3604 (Pater
1033 3534 1242 3602 noster)
1272 3533 1343 3589 η.
1381 3533 1597 3602 Utique,
1625 3535 1878 3598 Domine,

299 3627 549 3682 novimus
575 3626 756 3682 omnia
786 3641 904 3694 qua:
935 3626 1088 3680 nobis
1121 3625 1386 3694 elargitus
1413 3638 1509 3688 es;
1545 3639 1671 3678 nam
1702 3626 1746 3679 si
1779 3625 1872 3678 ﬁlii

295 3734 506 3785 sumus,
539 3719 779 3773 ltaeredes
805 3733 1018 3787 quoque
1049 3732 1259 3781 sumus,
1291 3727 1346 3770 et
1377 3717 1535 3770 amici
1563 3731 1628 3770 ac
1657 3716 1875 3785 partici-

287 3827 392 3882 pes
439 3811 770 3865 haereditatis
813 3809 938 3865 Jesu
987 3808 1208 3864 Christi.
1256 3806 1426 3864 Notus
1459 3824 1589 3875 ergo
1618 3809 1767 3864 vobis
1803 3810 1874 3863 sit

295 3918 477 3961 sermo
519 3903 642 3970 hic;
691 3904 832 3973 quod
879 3902 1185 3972 quicunque
1228 3901 1358 3955 totis
1404 3901 1608 3956 viribus
1650 3916 1872 3970 surgere

289 4008 515 4066 paratus
569 4011 672 4049 non
725 3995 918 4060 fuerit,
984 3995 1029 4049 is
1087 3993 1224 4048 sciat
1279 3992 1492 4048 Domini
1559 3993 1870 4050 liberatoris

294 4091 583 4143 adventum
616 4089 689 4142 illi
722 4088 839 4143 fore
868 4089 932 4141 ad
972 4086 1234 4156 judicium
1263 4105 1276 4141 :
1309 4086 1506 4142 Sumus
1528 4089 1714 4158 quippe
1747 4089 1868 4156 quin

291 4185 512 4234 busdam
539 4183 668 4234 otior
709 4181 886 4233 mortis
932 4182 982 4233 in
1016 4189 1250 4241 mortem,
1284 4180 1407 4232 aliis
1439 4195 1554 4232 vero
1591 4181 1723 4233 odor
1753 4182 1870 4233 vitae

292 4274 346 4326 in
373 4275 533 4326 vitam
567 4273 626 4321 ιδ.
666 4273 764 4324 llic
795 4275 928 4324 enim
953 4284 1024 4325 est
1055 4274 1123 4324 ad
1155 4289 1334 4325 casum
1359 4283 1404 4326 et
1438 4275 1866 4327 resurrectionem

291 4367 578 4420 multorum
610 4384 672 4419 ea:
701 4366 823 4433 [iliis
859 4364 1045 4430 Israel,
1074 4379 1119 4418 et
1151 4366 1202 4418 in
1237 4366 1442 4435 signum
1467 4367 1535 4419 ad
1561 4370 1698 4436 quod
1729 4368 1867 4436 uspi—

290 4458 428 4510 citur
459 4458 524 4509 ¹⁷.
575 4457 722 4526 Rogo
774 4457 953 4524 itaque
988 4472 1118 4520 vos,
1168 4457 1364 4510 fratres
1399 4456 1775 4521 dilectissimi,
1816 4460 1864 4512 in

286 4549 513 4602 nomine
559 4548 771 4601 Domini
804 4547 972 4600 nostri
1005 4545 1130 4600 Jesu
1164 4547 1401 4610 Christi,
1445 4563 1510 4600 ne
1555 4563 1649 4602 vos
1691 4549 1869 4617 pigeat

288 4649 486 4694 vestra:
509 4639 718 4703 salutis,
747 4639 840 4692 sed
874 4639 1243 4706 unusquisque
1268 4653 1506 4692 vesnum
1537 4640 1747 4694 scindat
1774 4656 1868 4694 cor

289 4747 470 4798 suum,
506 4746 612 4784 non
644 4740 824 4786 autem
860 4731 1236 4784 vestimentum
1269 4730 1310 4762 ⁸⁸
1337 4748 1350 4784 :
1380 4746 1446 4785 ne
1477 4731 1646 4784 indttti
1681 4732 1865 4784 habitu

290 4822 681 4887 tnoaachatus,
737 4838 1100 4892 prteparentus
1159 4823 1313 4876 nobis
1361 4823 1656 4891 judicium;
1700 4838 1865 4892 prope

289 4927 524 4980 namque
564 4923 772 4982 tempus
807 4923 891 4965 est
927 4912 1199 4980 jutlicandi
1239 4929 1672 4982 unumquemque
1705 4913 1856 4979 juxta

282 5019 450 5072 opera
485 5020 601 5058 sua.
645 5003 725 5060 Ob
758 5005 1022 5062 sermonis
1048 5014 1226 5058 autem
1269 5006 1424 5072 hujus
1451 5005 1860 5070 obscuritatem,

283 5097 440 5166 plura
505 5098 654 5151 vobis
720 5099 960 5152 scribere
1021 5098 1410 5163 decreveram;
1479 5098 1660 5152 destiti
1733 5114 1863 5153 vero

281 5199 506 5257 propter
537 5189 804 5244 dicentem
840 5204 852 5240 :
907 5189 983 5242 Da
1016 5188 1240 5253 sapienti
1276 5190 1599 5242 occasionem
1625 5227 1639 5252 ,
1675 5204 1720 5241 et
1765 5208 1866 5242 au-

275 5289 433 5346 getur
457 5281 714 5348 sapientia
761 5281 874 5348 ejus
922 5281 984 5333 ¹⁹.
1025 5279 1156 5334 Dico
1195 5279 1345 5332 vobis
1387 5281 1615 5333 salutent
1665 5279 1716 5332 in
1755 5281 1858 5332 Do-

279 5370 455 5434 mino,
495 5373 745 5425 maximis
788 5372 1169 5439 minimisque;
1211 5382 1262 5425 et
1301 5371 1475 5438 gratia
1526 5369 1739 5424 Domini
1791 5373 1861 5426 sit

353 5563 396 5632 is
437 5562 668 5631 phitipp.
713 5579 770 5632 ιι,
827 5562 992 5632 6-H.
1088 5555 1131 5591 ¹⁸
1165 5559 1323 5616 Rom.
1366 5576 1480 5632 vni.
1522 5563 1612 5618 52.

276 5633 321 5664 ¹⁷
365 5631 494 5689 Luc.
540 5648 602 5696 tt,
640 5631 759 5688 3i.
806 5635 848 5664 ’⁸
884 5631 998 5688 Joel
1027 5646 1086 5699 tt,
1130 5633 1212 5687 15.
1295 5633 1336 5664 ¹⁹
1369 5631 1528 5690 Prov.
1569 5652 1643 5720 tv,
1685 5641 1740 5692 9.

1711 5567 1754 5597 ¹²
1793 5567 1947 5624 Jean.
1990 5585 2076 5633 xv,
2127 5568 2210 5622 15.

1837 5639 1879 5670 ²⁰
1921 5640 2054 5694 Gen.
2100 5655 2272 5706 xxxii,
2312 5639 2501 5695 “li-28.

1991 1801 2310 1856 cliaritatem
2357 1819 2478 1874 quae
2515 1816 2599 1860 est
2633 1807 2685 1862 in
2723 1810 2904 1877 vobis,
2955 1827 3060 1866 non
3109 1829 3232 1871 esse
3271 1819 3564 1886 carnalern,

1992 1895 2084 1948 sed
2111 1895 2450 1964 spiritualem
2478 1897 2817 1953 charitatem.
2848 1899 3056 1958 idcirco
3086 1906 3307 1962 minime
3338 1924 3431 1966 vos
3472 1927 3568 1980 ap-

1988 1987 2254 2056 pellamus
2283 1989 2480 2044 vestris
2514 1991 2823 2047 carnalibus
2851 1994 3180 2064 nominibus,
3220 2001 3416 2071 quippe
3451 2003 3566 2059 i-ta'c

1992 2080 2282 2135 transitura
2314 2091 2460 2148 sunt,
2491 2084 2582 2137 sed
2609 2086 3078 2154 permanentibus.
3113 2090 3558 2162 Quandoquidem

1959 2173 2366 2244 .unusquisque
2400 2175 2549 2229 novit
2582 2190 2776 2230 nomen
2815 2191 2998 2232 verum
3035 2194 3132 2248 per
3163 2195 3463 2252 respectum
3494 2189 3562 2242 ad

1988 2277 2186 2318 nomen
2212 2265 2489 2332 veritatis;
2520 2267 2974 2335 quemadmodum
3009 2281 3126 2326 erat
3173 2289 3364 2331 nomen
3396 2277 3561 2334 Iacob

1988 2354 2174 2424 prius,
2217 2357 2435 2424 quando
2465 2370 2588 2410 cum
2625 2357 2814 2427 angelo
2864 2369 3022 2414 noctu
3068 2372 3213 2429 erat;
3257 2366 3432 2436 cujus,
3479 2368 3562 2422 lu-

1986 2457 2236 2502 cescente
2267 2463 2444 2514 mane,
2485 2450 2696 2502 vocavit
2738 2465 2932 2505 nomen
2981 2451 3154 2509 Israel
3179 2456 3247 2512 ⁸ο,
3289 2461 3561 2530 Interpre-

1988 2540 2122 2594 tatio
2147 2550 2325 2594 autem
2348 2539 2514 2596 lsrael
2540 2551 2643 2607 est,
2670 2543 2958 2598 intellectus
2992 2547 3248 2615 aspiciens
3274 2551 3342 2604 ad
3368 2551 3556 2609 Deum.

1985 2631 2246 2700 Equidem
2278 2632 2412 2700 scio,
2450 2647 2548 2688 vos
2589 2633 2810 2688 minime
2845 2634 3033 2704 latere,
3065 2640 3280 2696 virtutis
3303 2643 3559 2698 adversa-

1985 2722 2094 2776 rios
2159 2731 2419 2792 perpetuo
2469 2724 2747 2779 intendere
2807 2725 3228 2785 destructionem
3289 2735 3555 2789 veritatis.

1984 2813 2126 2869 Deus
2163 2829 2292 2868 vero
2327 2815 2474 2868 omni
2531 2825 2770 2883 tempore
2820 2833 2973 2874 suam
3026 2820 3210 2877 invisit
3251 2834 3555 2881 creaturam

1983 2921 2012 2957 a
2056 2905 2365 2960 conditione
2395 2908 2576 2962 mundi
2611 2925 2783 2978 usque
2817 2910 2868 2964 in
2901 2920 3184 2966 internum.
3228 2914 3425 2980 Quare,
3465 2919 3556 2987 qui

1983 2998 2245 3051 accedere
2276 2996 2460 3051 volunt
2485 2999 2548 3052 ad
2581 2999 2891 3054 Creatorem
2925 3015 2990 3055 ex
3024 3011 3130 3056 tota
3167 3003 3280 3072 lege
3311 3007 3555 3060 cordium

1981 3100 2237 3150 suorum,
2275 3088 2390 3156 ipse
2425 3090 2638 3144 docebit
2673 3081 2941 3160 cos,°qua
2980 3094 3186 3149 ratione
3228 3110 3347 3149 eum
3381 3098 3556 3153 colere

1981 3179 2230 3233 debeant.
2269 3179 2400 3233 Cum
2432 3190 2609 3235 autem
2653 3198 2762 3252 pra:
2793 3185 2956 3238 nimia
2992 3185 3303 3240 infirmitate
3335 3205 3397 3242 ac
3433 3207 3556 3259 gra-

1981 3270 2144 3324 vitate
2173 3272 2474 3337 cadaveris,
2500 3283 2553 3326 et
2579 3274 2878 3329 certamine
2909 3277 3266 3342 malignorum
3293 3280 3549 3348 hostium,

1979 3361 2220 3431 corporis
2262 3362 2420 3430 hujus
2464 3366 2777 3434 apparentis
2826 3369 3072 3422 aruerint
3111 3383 3327 3437 sensus,
3352 3386 3407 3428 et
3439 3375 3552 3428 vir-

1976 3462 2091 3509 tute
2122 3455 2360 3510 destituti
2390 3456 2502 3511 sint
2533 3468 2724 3513 sensus
2780 3460 2972 3515 animus
3019 3461 3256 3533 (quippe
3285 3480 3402 3533 quae
3428 3481 3550 3520 cum

1975 3560 2202 3614 corpore
2245 3547 2572 3604 dissolubilis
2616 3567 2719 3604 non
2755 3560 2872 3616 est,
2909 3563 2963 3607 et
2997 3556 3297 3610 substantia
3329 3569 3410 3612 est
3451 3560 3552 3612 im-

1979 3638 2242 3712 mortalis,
2278 3653 2379 3693 nec
2420 3641 2566 3695 valet
2591 3657 2650 3695 se
2675 3657 2772 3696 sua
2811 3645 3019 3710 justitia
3065 3648 3545 3719 vindicare);pro-

1977 3739 2160 3798 pterea
2213 3741 2488 3799 nequeunt
2520 3733 2773 3801 assequi,
2800 3737 2942 3802 quod
2999 3736 3098 3790 sibi
3136 3739 3404 3806 peculiare
3444 3753 3546 3809 εει,

1976 3827 2036 3874 ιιι
2083 3835 2203 3875 sese
2251 3821 2510 3875 reducere
2551 3822 2759 3890 possint
2792 3827 2858 3877 ad
2890 3826 3201 3892 primariam
3235 3828 3316 3882 sui
3357 3832 3547 3885 condi-

1977 3912 2199 3966 tionem.
2247 3911 2587 3978 Qnapmpter
2621 3923 2874 3980 operatus
2900 3923 2982 3968 est
3013 3915 3152 3970 Deus
3175 3932 3300 3972 cum
3334 3920 3412 3973 eis
3449 3927 3560 3974 sua'

1974 4001 2234 4066 bonitate,
2267 4012 2321 4056 et
2351 4003 2535 4056 docuit
2562 4017 2654 4056 eos
2688 4004 2918 4059 adorare
2944 4004 3182 4072 Patrem,
3215 4018 3270 4062 ut
3295 4020 3541 4080 oportet;

1973 4093 2118 4148 Deus
2141 4093 2286 4147 enim
2316 4108 2454 4148 unus
2478 4103 2560 4148 est
2584 4113 2596 4160 ;
2630 4096 2928 4151 substantia
2956 4098 3330 4157 intellectualis
3352 4104 3402 4158 iu
3427 4105 3547 4160 uni-

1973 4195 2082 4241 tate
2121 4196 2206 4241 est
2233 4187 2357 4240 item
2391 4186 2584 4255 posita.
2623 4185 2706 4241 Sit
2732 4202 2863 4259 ergo
2902 4205 3081 4245 sermo
3123 4193 3209 4247 hic
3247 4197 3398 4251 vobis
3433 4214 3544 4251 ma-

1972 4278 2222 4342 nifestus,
2248 4278 2389 4347 quod
2415 4292 2604 4333 omnes
2629 4282 2964 4350 congregati,
2995 4282 3096 4336 nisi
3122 4300 3284 4337 unum
3315 4287 3547 4342 habeant

1902 4387 1942 4440 ι)
1969 4386 2090 4435 cor,
2118 4371 2403 4426 animabus
2446 4372 2559 4425 suis
2599 4375 2894 4426 certamina
2927 4374 3211 4441 inducent,
3245 4377 3548 4449 faciemque

1973 4461 2073 4515 sibi
2100 4459 2384 4528 judicium.
2418 4460 2550 4515 Cum
2585 4463 2782 4516 viderit
2825 4463 3005 4534 itaque
3034 4467 3257 4523 Creator
3283 4482 3546 4526 creaturae

1969 4553 2078 4620 jam
2111 4552 2395 4606 dilatatam
2428 4568 2554 4608 esse
2590 4553 2806 4620 vulnus,
2831 4566 2885 4611 et
2914 4559 3137 4614 medicis
3161 4561 3225 4613 ad
3258 4563 3543 4617 sanitatem

1973 4646 2388 4715 comparandam
2435 4644 2713 4714 indigere,
2755 4650 3018 4715 prazmisit
3058 4650 3316 4708 Dominus
3364 4667 3549 4708 noster

1969 4731 2128 4788 Jesus
2155 4734 2425 4797 Christus,
2448 4734 2540 4803 qui
2565 4744 2647 4789 est
2675 4735 2791 4803 ejus
2815 4735 3043 4792 Creator
3064 4751 3118 4792 et
3141 4739 3397 4807 Medicus,
3422 4755 3547 4798 ante

1972 4839 2030 4878 se
2069 4826 2486 4892 przedicatores;
2525 4841 2626 4880 nec
2668 4842 2915 4883 asserere
2957 4831 3263 4887 dubitamus
3305 4833 3543 4905 Moysen,

1975 4915 2266 4968 maximum
2300 4917 2680 4986 prophetarum
2715 4929 2771 4973 et
2808 4920 3192 4990 legislaturem,
3225 4940 3348 4979 esse
3379 4942 3542 4982 unum

1972 5007 2409 5075 praedicatorum.
2457 5009 2696 5076 Spiritus
2738 5022 2917 5067 autem
2948 5015 3039 5082 qui
3083 5027 3339 5082 operatus
3375 5031 3456 5072 est
3491 5021 3543 5074 ln

1975 5097 2178 5167 Moyse,
2212 5099 2350 5152 idem
2376 5111 2632 5169 operatur
2661 5102 2712 5156 in
2746 5103 2966 5174 reliquis
2996 5107 3198 5161 sanctis
3222 5118 3343 5177 post
3369 5109 3542 5170 illum,

1973 5187 2065 5255 qui
2097 5203 2285 5241 onmes
2318 5187 2480 5242 locuti
2516 5201 2641 5245 sunt
2669 5192 2735 5246 de
2775 5192 2910 5248 Filio
2957 5195 3046 5250 Dei
3091 5197 3388 5267 unigenito.
3419 5197 3543 5256 Pari

1970 5278 2184 5344 quidem
2225 5278 2435 5332 ratione
2469 5279 2705 5336 Joannes
2761 5297 2894 5338 unus
2929 5295 3012 5340 est
3059 5287 3471 5353 pra:dicatorum
3530 5308 3544 5344 :

1969 5369 2164 5438 quippe
2193 5370 2279 5422 lea:
2301 5386 2463 5439 usque
2489 5375 2556 5424 ad
2589 5373 2870 5440 Joamrem,
2896 5389 2941 5428 et
2982 5378 3170 5432 exinde
3207 5382 3306 5434 vim
3344 5383 3549 5449 patitur

2317 5572 2374 5650 ‘1
2405 5570 2560 5650 ιξριιι.
2601 5585 2717 5640 vni,
2783 5571 2867 5629 l5.
3001 5577 3044 5612 “
3086 5575 3126 5633 ll
3167 5578 3292 5635 Cor.
3353 5595 3418 5650 tt,
3463 5581 3544 5640 ιϐ.
3625 5593 3630 5602 ‘
