3990 6210
378 195 514 271 ioci

1467 210 1739 286 PATIlES
1778 207 2073 266 EGYPTII
2116 207 2386 265 SIECULI
2428 205 2513 264 Ν.

3486 211 3508 265 1
3521 212 3636 267 003

374 349 587 400 regnum
614 332 728 395 Dei,
753 341 800 386 et
826 332 924 386 vim
948 330 1226 398 inferentes
1255 329 1391 386 illud
1419 330 1631 398 rapiunt
1662 331 1730 382 ".
1755 327 1816 382 lli
1849 345 1937 381 au-
1979 337 2018 387 Α
2047 343 2222 382 sermo
2263 328 2358 383 hic
2406 328 2557 381 vobis
2602 333 2777 390 notus,
2820 325 2978 381 sicuti
3022 325 3269 397 superius
3308 326 3449 394 dixi,
3480 330 3634 396 quod

378 430 481 477 t'em
515 440 702 478 omnes
733 424 843 477 Deo
874 422 1064 487 induti,
1097 430 1358 474 noverunt
1408 421 1606 474 nullam
1665 433 1942 475 creatura-

379 531 497 569 rum
545 515 649 568 tale
681 524 995 580 tantumque
1028 526 1224 566 sanare
1269 526 1425 581 posse
1472 513 1686 577 vulnus,
1722 525 1945 578 excepta

351 605 492 678 .Filii
525 606 616 660 Dei
656 604 916 674 nnigeniti
951 603 1221 667 bonitate,
1250 618 1410 673 quem
1455 603 1602 658 misit
1636 604 1689 657 in
1719 603 1947 657 salutem

350 681 612 750 'universi
644 695 956 749 habitabilis
993 695 1161 748 orbis.
1195 694 1313 762 lpse
1347 709 1579 763 namque
1613 704 1694 748 est
1725 710 1949 764 magnus

378 786 462 838 ille
492 783 752 847 Medicus,
786 783 876 852 qui
909 799 1101 839 sanare
1149 793 1326 855 potest
1365 784 1557 838 vulnus
1603 784 1703 838 hoc
1735 785 1944 853 ingens.

380 875 539 928 Pater
563 891 692 930 vero
722 891 817 930 sua
858 877 1131 942 bonitate,
1182 877 1322 930 haud
1364 892 1459 930 suo
1497 877 1718 946 pepercit
1753 875 1949 946 Uuige-

379 969 506 1030 uito,
533 971 620 1020 sed
654 968 870 1020 tradidit
904 967 1052 1020 illum
1090 983 1184 1030 pro
1215 969 1438 1036 peccatis
1467 971 1658 1022 nostris
1681 969 1748 1033 ",
1775 979 1828 1023 et
1854 985 1950 1038 pro

378 1071 559 1114 nostra
591 1061 829 1114 omnium
868 1059 1183 1114 liberatione
1219 1060 1286 1112 ab
1315 1060 1692 1128 iniquitatibus
1727 1061 1948 1122 nostris,

375 1163 430 1206 et
475 1167 597 1206 sese
647 1165 744 1221 pro
790 1151 945 1205 nobis
997 1150 1191 1204 obtulit
1239 1149 1579 1219 Unigeuitus,
1628 1152 1819 1219 hisque
1856 1167 1952 1205 nos

378 1260 565 1299 Omnes
612 1243 856 1306 sanavit,
902 1252 955 1297 et
1007 1244 1204 1296 virtute
1257 1243 1404 1296 verbi
1459 1244 1540 1298 sui
1591 1244 1658 1298 ab
1701 1245 1952 1298 universo

378 1335 595 1401 mundo,
633 1351 661 1387 a
694 1334 1002 1388 cardinibus
1032 1341 1190 1387 terrae
1220 1347 1391 1401 usque
1431 1333 1496 1386 ad
1531 1334 1779 1386 cardines
1819 1347 1949 1386 con-

378 1427 653 1496 gregavil;
704 1435 758 1478 et
807 1424 1087 1479 constituit
1139 1423 1399 1478 cordibus
1451 1427 1654 1479 nosuis
1706 1439 1950 1478 resurre-

376 1520 612 1570 ctionem
647 1532 676 1570 e
709 1526 874 1582 terra,
905 1523 1197 1583 notumque
1232 1515 1388 1569 nobis
1422 1513 1570 1579 fecit,
1599 1515 1826 1569 invicem
1855 1530 1951 1568 nos

377 1623 494 1662 esse
525 1608 785 1661 membra.

2049 421 2274 484 scilicet,
2301 435 2404 474 non
2432 419 2642 472 carnali
2669 419 2960 473 dilectione
2997 419 3191 488 scripsi
3225 417 3397 482 vobis,
3437 433 3634 472 Votum

2054 511 2146 564 Dei
2171 510 2437 580 spirituali
2465 511 2775 576 dilectione,
2813 511 2902 580 qui
2933 521 3016 565 est
3043 510 3378 580 glorilicatus
3413 509 3465 563 in
3495 525 3635 561 cun-

2050 603 2174 656 eilio
2223 612 2531 656 sanctorum
2572 603 2639 655 ³⁸.
2690 601 2982 670 Agnoscite
3032 602 3193 656 etiam
3249 602 3376 654 toﬁs
3421 601 3632 653 vitibus

2055 695 2254 750 vestris
2288 709 2408 748 eum
2441 695 2528 761 qui
2565 694 2731 748 Deum
2769 709 2932 748 causa
2977 702 3159 748 vestra
3191 694 3536 760 deprecatur,
3573 702 3632 745 ut

2052 785 2226 854 ignem
2259 799 2418 852 quem
2457 783 2639 849 injecit
2683 783 2940 839 Dominus
2964 781 3124 838 Jesus
3167 783 3415 837 Christus
3464 793 3633 852 super

2052 885 2252 930 terram
2279 877 2345 942 “,
2378 874 2585 943 injiciat
2621 876 2672 928 in
2703 875 2867 930 corda
2897 884 3113 940 vestra;
3142 885 3200 928 ut
3226 874 3476 945 dirigatis
3503 890 3634 942 pro-

2054 970 2226 1037 posita
2267 979 2442 1022 vestra
2473 983 2536 1023 ac
2578 983 2771 1023 sensus
2804 979 3036 1034 vestros,
3085 977 3246 1036 atque
3290 967 3635 1037 distinguere

2053 1059 2268 1128 queatis
2311 1059 2455 1112 inter
2504 1057 2701 1111 bonum
2743 1067 2798 1113 et
2846 1058 3074 1122 malum,
3126 1066 3176 1112 et
3221 1073 3312 1112 eos
3353 1059 3441 1126 qui
3501 1068 3633 1112 sunt

2053 1153 2286 1206 dextera:
2333 1162 2386 1205 et
2417 1153 2508 1219 qui
2543 1161 2668 1205 sunt
2703 1150 2964 1215 sinistrae,
3003 1161 3057 1204 et
3098 1151 3315 1205 stabiles
3349 1152 3416 1205 ab
3455 1153 3634 1205 insta-

2053 1244 2267 1300 bilibus.
2297 1245 2558 1298 Dominus
2596 1245 2762 1308 enim,
2813 1244 3081 1298 diabolum
3135 1246 3473 1299 seductorem
3509 1258 3635 1299 esse

2052 1337 2251 1403 sciens,
2301 1335 2529 1404 ideoque
2580 1337 2692 1390 suis
2752 1336 3032 1403 discipulis
3081 1336 3332 1404 praecepit
3385 1337 3628 1391 dicens:

2054 1424 2234 1481 Nolite
2300 1428 2658 1481 thesaurizare
2723 1427 2863 1480 vobis
2922 1429 3191 1480 thesauros
3241 1428 3292 1478 iu
3349 1435 3491 1480 terra
3544 1428 3629 1490 v";

2035 1518 2197 1572 -dixit
2225 1527 2481 1587 praeterea
2513 1535 2528 1574 :
2563 1517 2744 1571 Nolite
2783 1534 2902 1587 ergo
2939 1521 3049 1570 esse
3087 1516 3303 1570 solliciti
3334 1519 3389 1570 in
3431 1519 3633 1570 crasti-

2054 1627 2212 1674 num;
2261 1612 2520 1665 crastinus
2565 1612 2702 1665 enim
2739 1611 3001 1664 sollicitus
3042 1611 3136 1663 erit
3185 1611 3387 1664 sibimet
3432 1610 3532 1679 ipsi
3557 1611 3630 1666 ".

455 1704 599 1773 llogo
632 1704 814 1772 itaque
844 1715 966 1766 vos,
994 1698 1328 1754 dilectissimi
1363 1697 1415 1752 in
1444 1695 1698 1762 Domino,
1724 1706 1781 1750 ut
1807 1694 1949 1750 Scri-
1982 1682 2024 1736 Β
2060 1701 2316 1770 Equidem
2374 1702 2527 1766 dico,
2571 1702 2764 1755 fratres
2814 1705 2956 1766 mei,
3017 1710 3258 1770 tempore
3306 1701 3634 1769 atquationis

379 1806 592 1864 pturam
625 1791 964 1861 expendatis,
995 1806 1154 1861 quam
1182 1789 1276 1844 Dei
1303 1798 1571 1860 praecepta
1598 1802 1719 1843 esse
1744 1787 1949 1842 sciatis.

382 1887 630 1956 Magnum
660 1887 762 1939 hoc
795 1884 989 1953 quippe
1022 1882 1174 1937 nobis
1203 1889 1308 1945 est,
1341 1881 1481 1950 quod
1511 1888 1597 1934 est
1629 1892 1952 1948 cognoscere

383 1978 611 2031 l'ormam
641 1975 853 2031 Domini
891 1974 1098 2037 nostri,
1131 1987 1291 2041 quam
1323 1986 1419 2040 pro
1447 1971 1602 2026 nobis
1629 1971 1950 2039 assumpsit,

381 2080 432 2122 et
457 2067 633 2123 factus
663 2077 746 2120 est
778 2066 930 2119 nobis
967 2064 1160 2119 similis
1201 2063 1254 2116 in
1299 2061 1548 2117 omnibus
1588 2073 1783 2130 praeter
1831 2076 1954 2130 pec-

382 2169 557 2216 catum
589 2158 672 2219 ’3;
705 2159 931 2227 ideoque
960 2171 1058 2212 nos
1081 2157 1281 2211 liberos
1307 2155 1422 2209 lieri
1448 2163 1683 2223 Oportet,
1717 2163 1774 2206 ut
1804 2153 1954 2207 linte-

385 2267 504 2306 mur
537 2251 590 2304 in
624 2251 739 2319 ejus
770 2250 1024 2303 adventu.
1073 2245 1518 2314 Quandoquidem
1548 2245 1664 2313 ejus
1696 2245 1954 2299 stultiori-

385 2342 483 2396 bus
516 2339 641 2394 lacti
685 2353 872 2392 sumus
912 2337 1205 2406 sapientes,
1240 2345 1294 2389 et
1323 2334 1442 2402 ejus
1483 2343 1798 2402 paupertate
1830 2334 1951 2388 lacti

384 2447 567 2487 sumus
591 2429 887 2492 divitesret
910 2429 1029 2496 ejus
1053 2427 1367 2481 iulirmitate
1391 2427 1518 2480 l‘aeti
1544 2439 1730 2480 sumus
1753 2425 1952 2491 fortes;

386 2534 440 2577 et
472 2524 584 2588 ipse
619 2521 791 2575 factus
825 2529 908 2573 est
941 2518 1097 2573 nobis
1137 2518 1387 2572 omnibus
1429 2517 1770 2582 resurrectio,
1804 2531 1956 2572 amo-

383 2631 517 2671 vens
558 2630 586 2667 a
638 2613 793 2668 nobis
827 2621 1148 2681 potestatem
1186 2610 1392 2665 mortis.
1447 2609 1585 2664 llinc
1632 2610 1950 2678 quievimus,

387 2721 486 2760 nec
516 2705 622 2758 alio
655 2704 958 2773 indigemus
986 2703 1110 2757 Jesn
1147 2703 1200 2756 in
1229 2716 1389 2756 carne
1424 2719 1438 2755 :
1470 2697 1669 2756 etenim
1695 2701 1955 2755 adventus

384 2795 594 2850 Domini
656 2792 826 2847 nostri
873 2791 998 2847 Jesu
1051 2793 1252 2847 Christi
1303 2792 1615 2848 servitutem
1652 2793 1803 2847 nobis
1836 2808 1955 2846 esse
2037 2853 2057 2866 ν,

384 2887 640 2957 optimam
669 2883 870 2950 etTecit,
899 2894 953 2941 et
979 2885 1180 2941 amovit
1206 2888 1388 2941 omnia
1422 2888 1598 2953 mala;
1636 2897 1742 2941 tum
1773 2888 1904 2942 dixit
1937 2906 1952 2945 :

382 2980 506 3033 Jam
537 2995 637 3032 non
666 2994 785 3032 voco
808 2994 893 3032 vos
918 2979 1144 3048 amplius
1173 2994 1367 3042 servos,
1396 2979 1485 3032 sed
1507 2978 1697 3048 fratres
1726 2997 1864 3035 meos
1887 2981 1952 3036 “.

385 3071 627 3142 Cumque
658 3085 822 3142 pr0pe
859 3071 1104 3140 spiritum
1137 3070 1415 3125 ﬁliationis
1449 3082 1627 3126 essent
1661 3074 1954 3142 accepturi,

385 3164 570 3218 docuit
621 3178 713 3218 eos
765 3163 998 3232 Spiritus
1057 3174 1279 3218 sanetus
1332 3165 1560 3219 adorare
1604 3165 1857 3233 Patrem,
1902 3175 1960 3220 ut

389 3265 621 3324 oportet.
651 3254 762 3326 Ego
795 3266 971 3309 autem
1003 3254 1186 3309 infelix
1224 3257 1435 3311 vinctus
1470 3257 1523 3311 itt
1555 3256 1682 3312 Jesu
1719 3259 1957 3326 Christo,

391 3349 529 3413 dico,
578 3362 642 3401 ex
687 3349 789 3401 hoc
831 3356 1071 3415 tempore
1119 3347 1170 3400 in
1206 3361 1314 3415 quo
1364 3363 1568 3412 sumus,
1623 3365 1718 3404 nos
1753 3352 1960 3419 cepisse

398 3438 665 3503 laetitiam,
702 3447 755 3492 et
785 3436 1248 3503 lamentationem,
1284 3451 1349 3490 ac
1377 3436 1581 3495 (letum.
1612 3440 1958 3512 Qllalldtllllll-

396 3533 517 3585 dem
563 3530 776 3600 generis
825 3529 997 3584 nostri
1034 3529 1215 3599 plures
1250 3529 1422 3583 induti
1458 3540 1583 3585 sunt
1614 3534 1798 3587 habitu
1836 3537 1960 3589 reli-

387 3623 563 3693 giunis
594 3639 608 3676 :
642 3637 671 3676 e
697 3621 892 3692 quibus
919 3621 1134 3690 quidam
1162 3622 1366 3689 operati
1403 3632 1528 3676 sunt
1558 3638 1622 3678 ex
1659 3635 1770 3678 toto
1799 3627 1960 3681 corde

387 3723 510 3783 post
537 3722 880 3768 consecutam
913 3728 1007 3781 per
1033 3713 1327 3767 adventum
1363 3713 1576 3770 Domini
1607 3715 1807 3771 Christi
1845 3734 1961 3772 ma-

387 3807 813 3870 numissionem;
868 3815 920 3859 et
964 3803 1016 3859 hi
1060 3805 1276 3874 quidem
1315 3815 1475 3872 sunt,
1519 3823 1746 3878 quorum
1795 3825 1958 3865 causa

314 3903 318 3906 ‘
391 3900 564 3953 laetor.
591 3897 694 3952 Alii
727 3911 854 3951 vero
901 3896 1062 3966 hujus
1107 3907 1298 3967 negata
1327 3896 1525 3952 virtute
1546 3938 1560 3963 ,
1592 3901 1801 3968 operati
1837 3911 1962 3955 stmt

391 4003 553 4059 penes
590 3988 771 4043 cordis
807 3986 887 4041 sui
924 3987 1210 4056 carnisque
1251 3987 1583 4044 voluntatem
1628 4005 1690 4045 ac
1727 4005 1958 4060 pr0pen-

387 4080 632 4143 sionem;
673 4079 954 4146 lactusque
983 4087 1064 4133 est
1103 4088 1383 4148 propterea
1419 4079 1486 4134 iis
1518 4081 1728 4135 Domini
1759 4084 1961 4138 adven-

389 4182 474 4224 tus
509 4170 562 4223 in
596 4169 938 4240 supplicium,
968 4181 1023 4223 et
1070 4169 1124 4224 hi
1156 4170 1398 4239 profecto
1439 4181 1586 4236 sunt,
1630 4188 1728 4242 pro
1766 4176 1961 4242 quibus

389 4277 712 4331 conqueror.
765 4261 935 4317 Porro
982 4261 1073 4316 alii
1131 4263 1392 4332 temporis
1439 4263 1850 4318 diuturnitatem
1897 4281 1960 4318 ac

1984 3034 2027 3091 C

2060 1803 2339 1850 ventorum
2393 1808 2580 1848 omnes
2631 1805 2823 1848 nautas
2873 1807 2991 1849 sese
3036 1793 3274 1864 jactare;
3325 1803 3380 1847 at
3413 1794 3633 1848 contin-

2059 1893 2218 1956 gcnte
2264 1894 2552 1938 ventorum
2603 1883 2934 1947 mutatione,
2993 1881 3285 1952 peritorum
3341 1891 3634 1934 nautarum

2060 1975 2283 2030 scientia
2332 1976 2652 2029 iunotescet.
2690 1972 2803 2039 Qua
2835 1973 2901 2029 de
2941 1986 3103 2028 causa
3143 1970 3456 2041 perpendite
3495 1978 3637 2024 tem-

2061 2079 2160 2134 pus
2206 2066 2307 2118 ltoc
2348 2064 2401 2117 in
2443 2078 2549 2134 quo
2590 2078 2798 2127 sumus,
2844 2062 3002 2132 quale
3050 2061 3141 2117 sit.
3185 2062 3260 2114 De
3312 2061 3398 2115 his
3448 2073 3635 2115 autem

2066 2156 2245 2212 verbis
2277 2170 2574 2225 eorumque
2603 2155 2934 2210 obscuritate
2967 2153 3117 2224 plura
3150 2153 3279 2208 mihi
3313 2163 3518 2207 restant
3553 2153 3641 2205 di-

2061 2249 2256 2314 cenda,
2312 2247 2406 2302 sed
2443 2249 2566 2317 quia
2618 2249 2806 2302 dicens
2854 2248 2981 2302 dicit
3029 2266 3042 2302 :
3093 2247 3167 2300 Da
3204 2248 3428 2316 sapienti
3478 2262 3639 2300 oeca-

2061 2339 2299 2404 sionem,
2361 2349 2406 2392 et
2456 2351 2679 2408 augetur
2725 2340 2979 2408 sapientia
3036 2339 3148 2408 ejus
3179 2340 3259 2405 ";
3315 2339 3436 2394 dico
3485 2340 3641 2393 vobis

2062 2431 2316 2486 omnibus
2344 2432 2592 2498 salutem,
2623 2433 2871 2488 maximis
2895 2433 3257 2503 minimisque,
3284 2433 3336 2488 in
3360 2431 3591 2489 Domino
3621 2447 3637 2486 :

2063 2523 2150 2578 cui
2180 2523 2294 2579 laus
2326 2540 2538 2595 semper
2569 2526 2620 2580 in
2647 2525 2863 2580 saacula.

2621 2617 2952 2674 EPISTOLA
2996 2614 3082 2676 IV.

2066 2704 2183 2771 Qua
2225 2706 2373 2761 docet
2415 2709 2707 2762 seruitutem
2749 2707 2802 2760 in
2850 2708 2958 2777 lege
2996 2707 3224 2770 uirtutis,
3272 2708 3483 2759 minime
3522 2719 3636 2759 esse

2205 2781 2524 2843 servitutem,
2551 2781 2640 2832 sed
2669 2778 2978 2846 [tliatiouem
3005 2777 3278 2831 libertatis.
3307 2777 3452 2830 Dixit
3472 2794 3490 2830 .'

2132 2892 2396 2946 Antonius
2427 2891 2551 2945 ﬁliis
2579 2891 2691 2946 suis
2732 2891 2783 2945 in
2819 2890 3045 2945 Domino
3087 2890 3450 2946 dilectissimis
3485 2890 3639 2945 salu-

2068 2989 2173 3034 tem
2208 2980 2419 3034 scribit.
2448 2979 2729 3048 Nunquam
2764 2995 2915 3035 cesso
2941 2996 2970 3034 a
3013 2991 3189 3036 vestra
3223 2982 3598 3037 recordatione
3619 3024 3636 3042 .

2061 3079 2341 3128 consortes
2418 3071 2672 3126 Ecclesia:
2751 3073 3085 3127 orthodoxae.
3155 3071 3281 3128 Volo
3339 3083 3515 3127 autem
3580 3084 3639 3126 ut

2060 3165 2269 3228 sciatis,
2323 3179 2498 3219 meam
2547 3179 2674 3232 erga
2714 3179 2804 3218 vos
2847 3165 3165 3219 charitatem
3217 3166 3638 3234 haudquaquam

2060 3256 2331 3311 carnalem
2371 3269 2523 3317 esse,
2561 3255 2655 3309 sed
2689 3254 3054 3324 spiritualem;
3091 3269 3212 3307 nam
3245 3255 3481 3308 carnalis
3512 3270 3638 3323 par-

2065 3347 2304 3415 ticipatio
2331 3347 2595 3401 instabilis
2619 3356 2671 3402 et
2703 3347 3013 3401 inconstans
3047 3355 3131 3401 est
3161 3363 3176 3400 :
3209 3355 3456 3400 movetur
3484 3362 3638 3400 nam—

2060 3453 2165 3508 que
2196 3454 2318 3492 cum
2346 3439 2518 3492 ventis
2549 3439 2804 3493 externis.
2836 3438 3153 3507 Quicunque
3177 3453 3304 3507 ergo
3340 3437 3496 3492 timet
3538 3440 3638 3492 Do-

2063 3533 2296 3595 minum,
2347 3531 2572 3602 ejusque
2613 3541 2791 3587 servat
2823 3540 3122 3601 praerepta,
3160 3531 3248 3585 hic
3284 3532 3391 3585 Deo
3444 3545 3638 3585 servus

2060 3624 2185 3677 erit.
2233 3623 2360 3678 Ilaec
2407 3638 2536 3678 vero
2587 3624 2818 3678 servitus
2867 3623 2918 3676 in
2954 3638 3056 3693 qua
3101 3638 3398 3686 versamur,
3432 3638 3642 3690 nequa-

2062 3727 2222 3781 quam
2253 3713 2484 3767 servitus
2514 3721 2620 3776 est,
2646 3713 2737 3767 sed
2766 3713 2973 3782 jnstitia
3004 3714 3205 3767 ducens
3235 3713 3300 3767 ad
3334 3715 3472 3766 viam
3503 3715 3641 3768 lilia-

2066 3805 2247 3860 tionis.
2279 3805 2637 3871 Quamobrem
2667 3805 2827 3874 elegit
2853 3804 3110 3858 Dominus
3138 3814 3324 3858 noster
3347 3805 3644 3874 prophetas

2063 3905 2116 3950 et
2150 3895 2454 3966 apostolos,
2491 3895 2825 3964 creditlitqne
2864 3895 2945 3950 eis
2980 3894 3328 3964 apostolicam
3364 3894 3645 3963 evangeli-

2066 3987 2354 4052 zationem,
2401 3995 2455 4041 et
2498 3986 2662 4040 vincti
2717 3996 2841 4041 sunt
2893 3986 2945 4040 in
2992 3984 3116 4040 Jesu
3165 3985 3402 4040 Christo.
3444 3984 3643 4039 Paulus

2062 4080 2205 4134 enim
2236 4079 2508 4149 apostolus
2537 4078 2667 4133 dicit
2702 4097 2715 4132 :
2754 4078 2864 4148 Ego
2898 4080 3099 4132 vinctus
3131 4077 3258 4132 Jesu
3292 4076 3518 4142 Christi,
3554 4095 3642 4131 eo-

2065 4181 2212 4223 catus
2245 4169 2521 4239 Apostolus
2549 4171 2615 4224 ³ο.
2650 4168 2813 4224 Liber
2842 4184 3056 4240 quoque
3083 4169 3214 4239 legis
3241 4170 3520 4224 constituit
3547 4185 3641 4222 no-

2066 4263 2148 4316 bis
2203 4264 2514 4318 servitutem
2573 4265 2851 4334 optimam,
2922 4274 2979 4318 ut
3045 4263 3308 4318 dominari
3367 4262 3642 4315 valeamus

388 4354 694 4408 distantiam
761 4353 1112 4422 pensitantes,
1166 4357 1330 4408 corde
1387 4355 1728 4420 ceciderunt;
1791 4371 1959 4424 quare
1990 4370 2038 4427 ι)
2065 4356 2275 4409 cunctis
2309 4355 2650 4424 passionibus
2671 4393 2686 4420 ,
2718 4365 2773 4409 et
2807 4356 3069 4424 optimum
3102 4355 3362 4424 perlicere
3393 4353 3642 4406 ministe-

387 4444 596 4511 abjccto
626 4444 898 4509 religiOnis
929 4442 1139 4507 habitu,
1165 4442 1290 4497 lacti
1322 4453 1447 4496 sunt
1474 4452 1727 4512 tanquam
1761 4445 1952 4512 bruta;

387 4535 522 4590 ιιιιί
573 4549 786 4604 quoque
835 4542 958 4587 sunt
1009 4547 1169 4603 super
1211 4549 1348 4603 quos
1386 4533 1510 4598 lleo,
1543 4552 1662 4590 cum
1696 4539 1958 4591 adventus

390 4627 604 4684 Domini
637 4625 808 4680 nostri
857 4624 982 4679 Jesu
1018 4624 1220 4678 Christi
1257 4624 1430 4682 factus
1464 4627 1535 4681 sit
1571 4628 1674 4681 illis
1721 4629 1770 4681 in
1809 4629 1956 4700 judi-

387 4722 550 4774 cium.
593 4719 996 4784 Quantobrcm,
1041 4717 1378 4774 dilectissimi
1420 4720 1471 4774 in
1504 4719 1754 4785 Domino,
1789 4740 1958 4792 agno-

385 4813 517 4868 scite
553 4820 759 4882 tempus
787 4851 800 4876 ,
833 4821 887 4864 et
927 4819 1099 4864 estote
1145 4825 1208 4864 ex
1249 4821 1360 4866 toto
1407 4813 1573 4868 corde
1610 4815 1783 4868 hostia
1831 4817 1956 4871 Deo.

384 4903 543 4958 Certe
575 4916 805 4971 namque
828 4943 844 4966 ,
875 4901 1208 4957 dilectissimi
1243 4901 1295 4956 in
1339 4902 1598 4969 Domino,
1633 4907 1821 4975 scripsi
1865 4923 1958 4962 vo-

387 4995 488 5060 bis,
549 4993 712 5048 sicuti
771 4992 1028 5048 scribitur
1087 4993 1397 5048 hominibus
1450 4995 1805 5052 rationalibus
1867 5001 1958 5068 qui

388 5087 726 5156 Scripturam
775 5085 1054 5154 percipere
1097 5083 1312 5151 valent;
1365 5101 1486 5140 nam
1524 5103 1609 5142 me
1653 5105 1757 5143 non
1802 5091 1957 5159 fugit,

386 5177 768 5246 percipientcm
808 5173 1143 5242 Scripturam
1187 5173 1345 5228 facile
1380 5175 1545 5229 Deum
1577 5192 1904 5246 cognoscere
1940 5196 1954 5232 :

384 5269 474 5334 qui
503 5279 682 5322 autem
714 5268 880 5321 Deum
931 5267 1245 5335 cognoscit,
1279 5266 1395 5335 ejus
1427 5271 1703 5334 cognoscit
1744 5271 1960 5338 dispen-

383 5357 620 5413 sationes
653 5373 786 5427 quas
813 5365 1070 5428 operatur
1095 5357 1168 5426 _in
1214 5358 1327 5412 suis
1365 5358 1652 5412 creaturis.
1706 5359 1788 5413 Sit
1826 5376 1957 5432 ergo

453 5523 495 5554 "
543 5520 675 5574 an.
721 5539 831 5588 xvi,
877 5523 978 5588 16;
1020 5521 1209 5574 Matth.
1250 5536 1326 5584 st,
1371 5521 1456 5574 12.

380 5605 640 5655 Lssvvnt,
683 5593 735 5645 8.
842 5594 885 5624 ’⁵
927 5593 1052 5645 Luc.
1092 5607 1189 5650 χιι.
1232 5592 1314 5643 49.

1422 5593 1465 5623 ²⁷
1509 5593 1695 5648 Matth.
1731 5611 1801 5665 vt,
1852 5599 1927 5652 19.

382 5659 537 5718 Rom.
584 5676 624 5731 t,
663 5661 715 5716 1.
807 5662 848 5695 "
885 5661 1039 5718 Joan.
1079 5675 1170 5730 xv,
1211 5660 1295 5715 15.

1552 5524 1597 5554 δ’
1641 5524 1795 5578 Boni.
1841 5543 1970 5591 vitt,
2013 5527 2102 5583 5'2.

2068 4447 2205 4499 rium
2249 4447 2500 4512 virtutis,
2532 4447 2597 4501 de
2626 4461 2731 4515 qua
2768 4446 2976 4501 locutus
3010 4455 3094 4501 est
3122 4444 3434 4514 Apostolus.
3467 4444 3640 4497 Acre-

2067 4541 2314 4594 dentibus
2343 4549 2522 4594 autem
2557 4540 2708 4594 nobis
2737 4539 2954 4608 propius
2993 4541 3058 4593 ad
3093 4539 3342 4607 gratiam,
3373 4538 3504 4590 dicet
3537 4534 3638 4587 υυο

2067 4633 2244 4685 minus
2273 4643 2456 4686 noster
2479 4631 2634 4686 Jcsns
2655 4633 2922 4696 Christus,
2946 4641 3002 4685 ut
3033 4631 3168 4685 dixit
3189 4628 3462 4698 discipulis
3482 4627 3634 4679 suis:

2068 4723 2193 4776 Jam
2228 4740 2332 4778 non
2360 4740 2485 4777 voco
2520 4741 2604 4777 eos
2639 4740 2834 4786 servos,
2857 4724 2946 4777 sed
2981 4724 3177 4777 amicos
3209 4739 3348 4775 meos
3373 4730 3419 4774 et
3451 4721 3642 4789 fratres

2065 4817 2365 4884 ineas;quia
2383 4815 2556 4867 omnia
2585 4831 2902 4884 quaecunque
2929 4814 3104 4867 audivi
3124 4831 3154 4866 a
3179 4811 3341 4866 Patre
3366 4826 3500 4873 meo,
3520 4820 3642 4863 nota

2072 4903 2172 4973 feci
2217 4906 2357 4959 vobis
2396 4905 2462 4956 ".
2519 4906 2619 4972 Qui
2662 4915 2840 4959 autem
2893 4905 2957 4959 ad
2995 4905 3218 4974 gratiam
3266 4912 3640 4958 accesserunt.

2073 4995 2330 5064 Spiritum
2374 5009 2622 5050 sanctum
2665 5005 3069 5074 cognoveruntf,
3102 5005 3155 5050 et
3191 5010 3339 5069 suam
3382 5001 3643 5046 noverunt

2072 5089 2482 5143 intellectualem
2523 5089 2913 5154 substantiam;
2965 5105 3066 5156 qua
3101 5090 3279 5156 agnita
3310 5099 3364 5139 et
3398 5083 3641 5153 cognita.

2069 5183 2507 5236 exclamaverunt
2556 5183 2849 5236 dicentes:
2904 5181 3015 5234 Nos
3055 5182 3268 5234 minime
3320 5175 3646 5241 suscepimus

2065 5275 2308 5340 spiritum
2349 5273 2611 5325 servitutis
2644 5282 2698 5324 ut
2740 5273 3064 5334 timeremus,
3103 5271 3192 5324 sed
3222 5273 3466 5335 spiritum
3503 5271 3644 5339 titia-

2064 5365 2221 5418 tionis
2281 5380 2384 5434 quo
2431 5379 2675 5417 uocamus
2730 5360 2944 5416 Patrem
2999 5361 3211 5416 Abbaua
3248 5361 3501 5432 (Patrem
3551 5378 3644 5415 nn.

2200 5525 2245 5553 ’³
2287 5523 2449 5576 Ηειιν.
2494 5537 2568 5582 tv,
2615 5521 2698 5574 15.
2787 5523 2832 5553 ’⁵
2870 5521 3024 5576 Joan.
3070 5535 3167 5579 xv,
3212 5521 3298 5572 15.
3413 5521 3460 5550 ³⁵
3501 5517 3644 5570 Psal.

2030 5599 2072 5628 ⁸³
2117 5594 2244 5650 ibid.
2292 5595 2380 5648 54.
2475 5595 2516 5625 ’³
2558 5593 2717 5648 Prov.
2761 5608 2836 5660 lx,
2896 5595 2949 5648 9.
3081 5590 3124 5620 ³⁰
3195 5593 3391 5660 Epltes.
3437 5604 3523 5654 ιιι,
3586 5589 3644 5655 t;
