3990 6210
292 318 430 376 1009

1252 300 1311 370 s.
1356 312 1634 374 ANTONII
1672 319 1743 374 tt.
1782 320 2073 377 ABBATIS
2115 309 2495 381 Eptsrom.‘

3410 328 3548 383 ιυιο

280 426 479 497 strunt)
504 425 548 460 ³⁸
580 468 596 483 .
626 426 1004 497 Agnoscamus
1033 426 1197 499 igitur
1223 433 1453 500 gratiam
1478 450 1640 506 quam
1676 436 1870 509 clargi-
1900 444 1946 500 Α
1976 439 2110 494 bona
2142 440 2391 509 egeritis,
2418 440 2699 511 quiescere
2739 438 2950 497 facietis
2982 454 3172 496 omnes
3202 439 3547 507 sanctos_im-

281 524 368 571 tus
391 524 475 570 est
509 513 652 571 Deus
681 515 857 579 nobis,
890 517 1234 575 constituens
1263 536 1363 578 nos
1396 522 1556 590 ﬁlios,
1586 537 1640 581 et
1677 542 1870 584 conse-

277 618 510 678 quenter
528 609 776 665 hmredes
800 617 967 680 atque
992 622 1278 669 consortes
1302 615 1633 675 ltmreditatis
1660 631 1871 677 sancto-

278 716 426 756 rum.
452 699 628 768 Nunc,
665 702 865 757 l'ratres
897 702 1259 775 dilectissimi,
1285 717 1596 764 sanctorum
1627 712 1870 768 cohaere-

278 792 397 859 des,
434 807 541 847 non
583 793 740 862 longe
786 809 815 847 a
859 793 1017 849 vobis
1053 806 1261 853 cunctae
1308 808 1435 854 sunt
1480 802 1738 871 virtutes,
1774 804 1867 859 sed

280 895 482 940 vestra:
524 894 653 942 sunt
696 895 859 956 atque
901 887 954 941 in
1001 889 1186 957 vobis;
1221 904 1321 946 nec
1365 892 1615 949 celatnini
1666 895 1718 949 in
1767 895 1870 950 hoc

283 986 667 1033 momentaneo
690 978 911 1043 mundo,
946 978 1041 1033 sed
1083 978 1192 1035 Deo
1241 983 1520 1041 manifesti
1548 984 1703 1042 estis.
1746 984 1870 1056 Spi-

283 1068 421 1121 ritus
451 1077 631 1122 autem
678 1067 774 1123 Dei
808 1068 1032 1125 minime
1063 1070 1330 1128 inhabitat
1360 1074 1412 1129 in
1449 1077 1629 1133 anima
1657 1085 1711 1133 et
1739 1094 1863 1134 cor.

283 1173 416 1229 pore
461 1159 679 1229 pollutis
722 1170 947 1231 peccato
979 1162 1025 1193 ³³
1057 1181 1070 1217 :
1101 1164 1301 1234 quippe
1328 1177 1550 1224 sanctus
1579 1178 1684 1236 est,
1714 1180 1768 1226 et
1802 1172 1870 1226 ab

281 1248 430 1302 omni
463 1248 587 1305 dolo
614 1248 842 1306 alienus.
873 1250 987 1322 Ego
1017 1264 1200 1309 autem
1227 1257 1408 1312 scribo
1431 1258 1605 1323 vobis,
1633 1261 1869 1317 dilectis-

281 1338 431 1405 simi,
456 1348 708 1411 tanquam
735 1341 1042 1403 hominibus
1067 1342 1496 1414 rationabilibus,
1525 1360 1697 1406 semet
1724 1351 1869 1422 ipsos

282 1431 501 1487 not-isse
539 1432 882 1502 valentibus;
909 1436 1110 1491 etenim
1143 1437 1235 1508 qui
1271 1448 1445 1496 semet
1483 1440 1657 1511 ipsum
1698 1443 1889 1509 novit,,

274 1523 386 1592 jam
441 1525 610 1581 Deum
641 1527 823 1587 novit.
847 1527 961 1596 Qua
999 1527 1068 1584 de
1100 1544 1261 1587 causa
1300 1543 1730 1595 consentaneum
1770 1551 1867 1591 no-

280 1613 364 1669 bis
392 1623 507 1681 est,
529 1615 680 1671 illum
708 1624 768 1672 ut
792 1627 1007 1689 oportet
1036 1619 1286 1679 adorare.
1318 1620 1470 1692 Jam,
1505 1623 1893 1692 dilectissimi,.

280 1706 562 1775 agnoscite
584 1719 789 1763 vosmet
818 1709 998 1781 ipsos:
1023 1711 1113 1781 qui
1150 1712 1294 1768 enim
1323 1724 1498 1773 semet
1529 1716 1675 1787 ipsos
1699 1731 1867 1789 agno-

1974 529 2313 597 maculatos,
2345 546 2466 585 cum
2519 530 2700 588 adhuc
2746 545 2928 585 verum
2981 531 3214 601 quietem
3270 546 3376 586 non
3434 533 3542 589 sint

1971 623 2184 692 adepti;
2228 638 2350 693 quae
2405 622 2549 689 erit,
2595 638 2717 679 cum
2775 624 3122 693 perlicientur
3156 639 3293 688 nos;
3340 639 3550 680 necnon

1946 715 2212 787 ‘all’eretis
2238 731 2491 784 magnum
2517 716 2774 787 gaudium
2809 715 3107 771 ministerio
3128 715 3463 786 angelorum,
3496 725 3552 772 et

1971 806 2219 860 adventui
2267 805 2477 860 Dontini
2521 806 2764 872 Christi,
2801 806 2886 861 cui
2941 806 3153 876 gloria;
3189 806 3320 862 ntilti
3369 818 3550 862 autem

1973 895 2314 962 miserrimo,
2363 894 2561 950 luteam
2607 898 2747 952 hanc
2792 896 3048 952 incolenti
3094 898 3311 952 domum
3355 898 3552 953 dabitis

1970 983 2233 1049 laetitiam,
2257 994 2311 1041 et
2340 985 2551 1053 spiritui
2595 1000 2746 1044 meo.
2766 984 3031 1055 Equidem.
3073 984 3398 1041 scioomnes
3424 1000 3547 1039 san-

1974 1083 2106 1137 ctos.
2126 1075 2501 1131 itntnaculatos
2530 1076 2841 1131 contrismri
2861 1117 2878 1143 ,
2909 1089 3030 1130 cum
3070 1090 3167 1131 nos
3198 1077 3380 1146 pigros
3410 1075 3554 1131 iner-

1975 1175 2168 1236 tesque
2217 1167 2477 1233 videant,
2527 1177 2582 1222 et
2614 1167 2881 1238 lacrymas
2930 1167 3269 1237 gemitusque
3306 1166 3550 1225 Creatori

1968 1254 2186 1315 θηται-πθ.
2259 1257 2518 1317 Dominus
2574 1265 2756 1312 autem
2817 1256 2887 1312 ob
2942 1266 3257 1311 sanctorum
3320 1257 3555 1324 gemitus

1969 1347 2248 1418 spiritibus
2311 1348 2634 1404 adirascitur
2702 1347 2878 1413 malis,
2946 1346 3248 1420 refringens
3310 1362 3341 1402 a
3399 1347 3555 1404 nobis

1969 1438 2138 1494 malas
2197 1454 2385 1495 eorum
2449 1441 2804 1509 operationes.
2867 1440 3001 1496 Cum
3058 1457 3185 1497 vero
3231 1449 3406 1495 rectos
3458 1456 3555 1496 nos

1965 1542 2085 1583 esse
2115 1527 2335 1585 effectos
2370 1531 2603 1586 viderint
2641 1540 2803 1603 atque
2843 1532 3119 1595 crevisse,
3174 1534 3416 1603 impense
3461 1532 3556 1586 la:-

1968 1629 2170 1684 tantur,
2212 1635 2276 1675 ac
2298 1620 2502 1693 jugiter
2532 1636 2653 1676 cum
2689 1623 2884 1694 gaudio
2908 1630 2964 1679 et
2998 1622 3184 1679 laetitia
3224 1621 3551 1692 multiplices

1967 1725 2064 1780 pro
2093 1711 2250 1766 nobis
2286 1711 2534 1767 Creatori
2575 1710 2858 1768 eliundunt
2900 1728 3110 1784 preces.
3143 1714 3325 1781 Quare
3363 1713 3555 1768 Domi-

280 1806 467 1862 SCUIU.
496 1811 794 1870 agnoscunt
816 1810 869 1857 et
902 1811 1151 1874 tempus;
1184 1806 1275 1875 qui
1308 1821 1437 1863 vero
1462 1815 1674 1878 tempus
1700 1823 1866 1878 agno-
1898 1799 1941 1857 Β
1970 1819 2069 1859 nus
2103 1811 2285 1859 noster
2314 1804 2515 1860 nostris
2554 1804 2714 1862 bonis
2742 1806 2995 1875 operibus
3035 1805 3271 1873 laetetur,
3309 1820 3409 1861 nec
3443 1820 3548 1859 non

282 1896 465 1955 scunt,
503 1892 817 1962 resurgendi
858 1892 1055 1950 habent
1088 1904 1411 1965 potestatem
1449 1900 1567 1956 sine
1596 1899 1702 1954 ulla
1744 1915 1868 1969 per-

283 1978 595 2051 turbatione
633 1980 992 2041 inn0vationis
1043 1987 1386 2049 idiomatum.
1434 1990 1715 2063 Siquidem
1745 2006 1868 2048 sur--

283 2073 426 2128 rexit
457 2071 804 2130 Alexandria:
840 2076 1002 2132 Arius
1025 2116 1042 2143 ,
1075 2087 1128 2133 et
1159 2087 1416 2141 externas
1446 2096 1607 2139 voces
1637 2083 1703 2138 de
1732 2082 1867 2140 Uni—

280 2164 464 2235 genito
488 2165 755 2235 protulit,
792 2168 1134 2225 constituens
1162 2170 1488 2241 principium
1516 2187 1622 2227 non
1648 2173 1868 2229 habenti

283 2254 645 2325 principium,
695 2265 749 2312 et
784 2256 1204 2327 imperturbata
1232 2259 1719 2329 perturbationem.
1761 2260 1869 2318 Nos

286 2357 470 2411 autem
510 2349 730 2410 scimus.
758 2351 901 2426 quod
955 2350 999 2405 si
1053 2352 1216 2411 homo
1270 2352 1477 2409 homini
1526 2356 1868 2424 peccaverit,

290 2437 456 2491 Deum
485 2452 581 2510 pro
624 2438 715 2494 illo
751 2438 1043 2510 supplicari
1087 2454 1284 2509 posse;
1322 2450 1377 2497 at
1402 2443 1494 2512 qui
1528 2443 1638 2499 Deo
1676 2459 1871 2514 pecca-

286 2528 457 2595 verit,
504 2529 624 2599 quis
656 2545 755 2604 pro
788 2531 903 2591 illo.
928 2531 1296 2603 supplicabit?
1337 2532 1512 2591 Homo
1551 2545 1733 2593 autem
1778 2538 1870 2594 ille

282 2620 378 2694 qui
414 2630 497 2676 est
520 2620 719 2689 Arius,,
743 2624 948 2696 grande
991 2636 1074 2681 est
1113 2641 1402 2697 aggressus
1434 2642 1591 2698 opus,
1624 2638 1679 2685 et
1726 2630 1870 2684 insa-

283 2709 448 2767 nabili
480 2727 768 2784 percussus
793 2724 877 2770 est
898 2715 1052 2789 plaga
1077 2735 1092 2785 ;
1119 2719 1210 2788 qui
1241 2733 1393 2783 sane,
1425 2719 1470 2774 si
1495 2729 1670 2775 semet
1689 2721 1866 2792 ipsum

282 2816 412 2858 vere
451 2804 719 2869 novisset,
752 2805 932 2877 lingua
976 2809 1093 2878 ejus
1129 2825 1233 2865 non
1274 2811 1585 2881 protulisset
1631 2812 1773 2881 quod
1809 2813 1871 2867 il-

285 2893 394 2947 lum
439 2892 660 2951 latebat.
694 2894 874 2963 Quare
907 2898 1126 2969 planum
1162 2908 1277 2968 est,
1311 2915 1433 2954 eum
1486 2911 1661 2957 semet
1691 2902 1867 2973 ipsum

286 3000 395 3041 non
421 2988 733 3057 agnovisse,
777 2989 1005 3060 ideoque
1040 3000 1244 3047 temere
1274 3007 1439 3048 ausus
1467 3001 1551 3049 est
1580 2995 1634 3048 in
1665 3003 1866 3068 myste-

287 3077 428 3133 rium
463 3078 589 3135 Filii
623 3080 1041 3151 unigeniti..Cui
1070 3097 1193 3138 cum
1228 3082 1384 3140 Patre
1416 3099 1544 3150 suo,
1578 3094 1633 3142 et
1664 3084 1866 3154 Spiritu

286 3184 386 3224 suo
406 3179 597 3225 sancto
619 3171 818 3245 gloria,
842 3179 896 3226 et
925 3171 1203 3241 maiestas,
1231 3182 1285 3228 et
1312 3176 1486 3230 honor
1509 3190 1573 3231 ac
1600 3152 1867 3241 adoratio,
1898 3152 1953 3211 C-

287 3275 353 3315 cs
382 3275 528 3316 nunc
559 3270 615 3317 et
650 3262 703 3316 in
734 3261 932 3317 saecula
963 3264 1304 3319 saeculorum.
1354 3266 1550 3321 Amen.

851 3372 1183 3429 EPISTOLA
1234 3374 1299 3432 V.

290 3458 450 3518 Filiis
488 3465 596 3519 suis
636 3466 935 3532 monac/tis,
971 3467 1198 3522 inritans
1256 3485 1341 3523 eos
1390 3470 1460 3523 ad
1506 3480 1714 3525 sanctos
1758 3470 1876 3524 imi-

456 3536 659 3600 tandos,
692 3552 972 3606 eorumque
1000 3546 1146 3606 gesta
1174 3539 1496 3593 cumulando.
1542 3540 1727 3595 Dixit:

360 3626 626 3683 Antonius
668 3628 916 3684 scribens
957 3628 1080 3684 [iliis
1114 3630 1229 3684 suis
1263 3630 1630 3687 dilectissimis
1672 3633 1724 3686 in
1771 3632 1877 3686 Do-

291 3718 462 3783 mino,
486 3718 711 3775 salutem
742 3720 822 3775 eis
841 3719 990 3776 dicit.
1024 3719 1198 3775 Filioli
1233 3722 1362 3788 mei,
1397 3706 1568 3777 sancti
1602 3721 1878 3789 lsraelitac,

292 3812 344 3863 in
385 3823 484 3865 sua
524 3811 890 3875 intellectuali
936 3812 1271 3879 substantia,
1319 3813 1460 3870 haud
1496 3814 1626 3870 mihi
1662 3828 1889 3871 necesse-

289 3912 374 3959 est
431 3914 612 3960 vestra
660 3920 970 3977 nuncupare
1023 3907 1262 3962 carnalia
1309 3907 1551 3974 nomina,
1598 3922 1717 3978 qua:
1759 3921 1880 3962 cum

291 4010 524 4067 corpore
569 4005 890 4065 transeunt,
946 4000 1040 4056 sed
1096 4014 1346 4070 nuncupo
1395 4015 1493 4055 vos
1538 4015 1694 4055 veros
1746 4000 1884 4055 filios

293 4088 590 4145 lsraelitas.
625 4090 821 4146 Notum
862 4092 1015 4147 vobis
1064 4091 1156 4157 sit,
1188 4104 1364 4146 meam
1406 4105 1532 4161 erga
1571 4106 1666 4146 vos
1699 4091 1880 4146 chari-

298 4190 466 4238 tatcm
504 4181 648 4236 haud
692 4182 968 4237 carnalem
1002 4196 1155 4249 esse;
1195 4181 1397 4237 idcirco
1430 4196 1537 4235 non
1587 4196 1745 4237 cesso
1793 4182 1886 4237 de-

297 4275 507 4345 precari
538 4273 702 4330 Deum
732 4289 828 4345 pro
854 4274 1007 4330 vobis
1026 4317 1041 4342 ,
1074 4284 1133 4328 ut
1163 4274 1470 4344 agnoscatis
1497 4273 1728 4345 gratiam
1765 4290 1886 4345 qua:

298 4368 456 4424 vobis
488 4381 747 4422 concessa
788 4375 915 4423 est:
966 4366 1109 4420 Deus
1142 4366 1286 4420 enim
1326 4379 1515 4421 omnes
1547 4378 1659 4419 sua:
1700 4365 1888 4435 gratim

1973 1910 2192 1949 suorum
2223 1903 2535 1950 sanctorum
2571 1897 2897 1952 testimoniis
2925 1913 2987 1952 ac
3010 1898 3299 1968 precibus;
3327 1898 3554 1968 ideoque

1973 1986 2124 2055 plura
2147 1986 2304 2042 nobis
2334 1985 2822 2055 elargieturdona.
2854 1988 3065 2043 Etenim
3092 1987 3348 2044 Dominus
3370 1998 3555 2043 noster

1973 2085 2234 2146 perpetuo
2283 2075 2398 2131 suis
2459 2077 2614 2134 adest
2658 2078 2929 2135 creaturis
2975 2078 3092 2148 ejus
3137 2078 3558 2149 adimplentibus

1973 2178 2269 2238 przecepta,
2304 2169 2464 2225 sicuti
2494 2170 2645 2226 vobis
2690 2170 2740 2225 in
2778 2172 2981 2226 nostris
3010 2169 3262 2240 Epistolis
3303 2169 3556 2240 praedixi-

1974 2273 2113 2313 tnus.
2145 2257 2496 2329 Dcploremus
2529 2259 2731 2329 itaque,
2768 2258 2915 2313 lilioli
2947 2258 3075 2323 mei,
3108 2272 3289 2313 coram
3321 2256 3558 2310 bonitate

1971 2349 2122 2420 ejus,
2153 2358 2207 2405 et
2237 2351 2477 2406 dicamus
2518 2360 2576 2403 ut
2610 2351 2745 2405 dixit
2792 2348 3042 2407 Psalmtts
3073 2367 3087 2405 :
3131 2348 3269 2414 Quid
3307 2348 3557 2402 retribue-

1974 2444 2090 2495 m‘us
2126 2456 2220 2510 pro
2262 2441 2409 2494 bonis
2446 2457 2565 2511 qua:
2592 2440 2709 2510 fecit
2755 2441 2901 2496 nobis
2929 2440 3013 2494 "‘i
3059 2438 3311 2493 Dicamus
3342 2451 3555 2508 quoque

1972 2533 2172 2588 dictum
2202 2532 2419 2588 Davidis
2443 2533 2497 2587 in
2529 2532 2742 2589 Psalmo
2770 2548 2783 2584 :
2823 2531 2955 2599 Qum
2989 2529 3190 2584 utilitas
3212 2526 3274 2583 'in
3298 2529 3561 2599 sanguine

1973 2641 2108 2691 meo,
2137 2624 2183 2680 si
2208 2622 2525 2679 descendere
2559 2625 2627 2678 ad
2660 2624 3007 2693 perditionem
3044 2621 3130 2677 '7?

2049 2716 2220 2787 Cupio
2246 2716 2408 2771 etiam
2433 2755 2450 2782 ,
2480 2723 2536 2769 ttt
2570 2714 2881 2786 percipiatis
2903 2754 2917 2779 ,
2952 2713 3081 2783 quid
3100 2719 3231 2767 'tum
3271 2712 3374 2767 sim
3401 2709 3556 2766 vobis

1977 2809 2220 2865 dicturus
2263 2817 2429 2881 atque
2477 2808 2886 2863 lestiﬁcaturus.
2913 2804 3186 2870 Proiecto,
3224 2802 3370 2858 lilioli
3407 2801 3507 2855 mei
3533 2841 3549 2865 ,

1972 2901 2280 2971 quicunque
2306 2900 2431 2955 odio
2475 2916 2581 2959 non
2626 2898 2879 2955 habuerit
2907 2914 2969 2954 ea
2995 2912 3117 2969 qua:
3157 2893 3450 2951 materialis
3484 2907 3548 2947 ac

1973 3003 2201 3050 terrente
2219 3001 2428 3048 naturze
2450 2992 2666 3061 propria
2685 3000 2831 3057 sunt,
2846 3004 3141 3059 omnesque
3157 2984 3559 3077 ejtts.ope'r.a'tio--

1976 3100 2071 3139 nes
2095 3100 2160 3140 ex
2186 3086 2347 3141 corde
2374 3100 2495 3150 suo,
2526 3093 2579 3138 et
2600 3098 2813 3137 sursum
2843 3082 2908 3136 ad
2938 3082 3147 3135 Patrem
3171 3075 3434 3140 omnium,
3467 3075 3555 3130 in-

1981 3178 2255 3233 tellectum
2278 3192 2435 3232 suum
2465 3191 2570 3231 non
2601 3174 2898 3241 sustulerit,
2926 3171 3155 3227 salutem
3184 3167 3440 3237 consequi
3458 3166 3559 3219 mi-

1980 3272 2124 3326 nime
2159 3271 2378 3343 poterit.
2430 3268 2535 3335 Qui
2567 3283 2697 3324 vero
2730 3267 2810 3323 sic
2838 3265 3007 3338 egerit
3028 3303 3044 3329 ,
3084 3262 3343 3319 Dominus
3376 3265 3559 3313 noster

1980 3356 2125 3418 illius
2155 3343 2505 3416 miserebitur
2532 3361 2840 3424 laboribus,
2870 3355 3190 3412 invis'bilem
3223 3348 3557 3407 immateria-

1979 3455 2194 3526 lemque
2220 3454 2400 3525 ignem
2436 3453 2705 3524 elargiens
2735 3451 2785 3507 ei
2813 3449 2879 3504 ad
2914 3445 3309 3503 comburendas
3338 3448 3560 3495 cunctas

1982 3546 2262 3615 passiones
2294 3559 2416 3617 quae
2452 3545 2501 3600 ei
2533 3544 2749 3608 insunt,
2777 3539 3226 3615 purgandntnque
3258 3533 3376 3604 ejus
3407 3530 3561 3586 intel-

1981 3639 2216 3704 lectum;
2266 3647 2376 3690 tum
2419 3650 2550 3690 vero
2594 3632 2917 3689 inhabitabit
2948 3631 3002 3683 in
3040 3628 3130 3683 illo
3180 3624 3415 3695 Spiritus
3455 3620 3559 3674 Do-

1984 3729 2115 3783 mini
2169 3726 2338 3783 nostri
2385 3724 2513 3780 Jesu
2561 3723 2762 3779 Christi
2790 3761 2805 3787 ,
2836 3722 3048 3790 eritque
3081 3731 3202 3771 cum
3234 3714 3324 3768 illo
3357 3712 3425 3766 ad
3456 3708 3562 3764 Pa-

1986 3832 2120 3876 trem
2143 3818 2478 3873 adorandntn
2502 3825 2561 3871 ut
2583 3824 2816 3885 oportet.
2841 3811 2976 3866 Nam
3002 3807 3239 3880 quandiu
3263 3804 3563 3860 concordes

1985 3927 2171 3969 sumus
2198 3925 2321 3967 cum
2350 3911 2453 3965 hac
2477 3905 2741 3963 materiali
2774 3914 2992 3969 natura,
3025 3901 3211 3955 hostes
3237 3911 3424 3953 sumus
3451 3894 3561 3949 Deo

1986 4004 2298 4076 angelisqne
2325 4000 2442 4069 ejus
2477 4015 2539 4054 ac
2562 3997 2768 4052 sanctis
2784 3995 3059 4049 omnibus.
3088 3992 3198 4061 Ego
3218 4001 3397 4044 autem
3431 4001 3564 4057 r0go

1986 4112 2082 4152 vos
2124 4096 2177 4150 in
2211 4092 2429 4148 nomine
2467 4089 2678 4143 Domini
2712 4084 2885 4143 nostri
2922 4083 3048 4139 .lcsu
3108 4081 3334 4148 Christi,
3367 4094 3435 4134 ne
3470 4092 3565 4132 ve-

1996 4201 2165 4245 stram
2198 4189 2364 4242 vitam
2395 4184 2733 4249 salutemque
2764 4177 3067 4251 negligatis,
3100 4190 3202 4231 nec
3243 4171 3568 4244 permittatis

1992 4281 2257 4336 modicum
2284 4277 2384 4333 hoc
2407 4285 2620 4344 tempus
2649 4283 3085 4328 momentaneum
3110 4268 3394 4335 subripere
3418 4263 3569 4318 vobis

1993 4384 2202 4443 tempus
2232 4382 2523 4438 retentum,
2548 4368 2631 4423 cui
2665 4367 2785 4427 linis
2810 4381 2914 4421 non
2942 4370 3059 4429 est,
3092 4375 3194 4416 nec
3231 4371 3428 4428 corpus
3465 4356 3568 4409 hoc

294 4459 588 4515 ell‘ectibtts
620 4458 839 4514 excitat.
873 4456 1074 4526 Quare,
1101 4455 1250 4513 lilioli
1283 4457 1539 4522 mei,non
1579 4456 1759 4527 pigeat
1796 4464 1888 4510 aut
1920 4489 1963 4545 ο
1993 4478 2246 4519 carncum
2290 4462 2725 4521 deturbarevos
2772 4472 2803 4512 a
2855 4470 3025 4528 regno
3075 4452 3375 4545 luminum,
3426 4447 3567 4519 quod

299 4555 497 4609 taedeat
528 4568 623 4607 vos
652 4552 960 4607 exclamare
1012 4550 1079 4603 ad
1131 4549 1296 4603 Deum
1342 4549 1431 4603 ditt
1467 4559 1771 4619 noctuque,
1820 4549 1886 4604 ad

296 4646 599 4718 cogendam
642 4644 736 4699 Dei
773 4643 952 4698 Patris
988 4642 1317 4707 bonitatem,
1363 4649 1421 4696 ut
1470 4641 1627 4696 vobis
1656 4641 1890 4711 desuper

298 4754 457 4809 opem
491 4738 804 4808 elargiatur,
850 4744 909 4792 ut
957 4750 1078 4804 qua:
1125 4741 1489 4789 consentanea
1521 4740 1647 4788 sunt
1681 4731 1885 4787 sciatis.

299 4827 748 4899 Quandoquidem
772 4869 788 4895 ,
828 4827 979 4883 lilioli
1024 4826 1164 4889 mei,
1227 4837 1325 4879 nos
1357 4837 1485 4879 vere
1521 4823 1888 4878 inhabitamus

302 4925 522 4978 domum
565 4921 856 4985 latronum,
886 4929 940 4975 et
962 4918 1192 4973 vinculis
1219 4916 1409 4972 mortis
1438 4931 1536 4973 nos
1556 4929 1747 4971 omnes
1770 4913 1881 4986 (l7)

303 5014 549 5088 cogentis
576 5014 741 5069 vincti
788 5002 995 5071 sumus.
1032 5009 1151 5065 iam
1199 5010 1366 5080 igitur
1407 5023 1475 5064 ne
1518 5006 1884 5069 seducamini,

309 5123 484 5180 neque
511 5107 649 5163 detis
682 5121 931 5163 somnum
963 5105 1137 5160 oculis
1166 5104 1385 5168 vestris,
1421 5116 1596 5171 neque
1631 5114 1885 5171 50porem

307 5200 580 5273 palpebris
599 5201 797 5255 vestris
818 5200 887 5265 “,
913 5208 971 5254 ut
995 5197 1237 5252 oneratis
1261 5203 1471 5251 vosmet
1492 5194 1638 5265 ipsos
1659 5192 1892 5248 Domino

309 5294 515 5349 hostias
550 5294 696 5348 ontui
725 5291 984 5364 puritate,
1006 5305 1239 5359 eumque
1266 5286 1615 5351 intueamini;
1641 5285 1761 5341 sine
1794 5300 1893 5355 pu-

310 5388 471 5443 ritate
501 5388 646 5442 enim
682 5401 841 5442 nemo
871 5385 1039 5440 Deum
1068 5382 1262 5437 intueri
1292 5389 1505 5451 potest,
1538 5386 1597 5433 ut
1631 5377 1706 5432 ait
1737 5380 1886 5447 Apo-

308 5480 482 5536 stolus
507 5480 575 5542 ’5.
631 5481 832 5551 Itaque,
871 5474 1209 5533 dilectissimi
1256 5473 1385 5539 mei,
1415 5472 1630 5536 scitote,
1674 5470 1815 5539 quod
1851 5469 1894 5524 si

380 5594 427 5629 υ
470 5595 626 5650 Rom.
663 5610 785 5662 vm,
831 5594 916 5650 lii.
992 5591 1035 5624 ³³
1079 5590 1206 5661 Sap.
1250 5605 1288 5655 t,
1330 5588 1384 5644 4.

280 5652 468 5730 'xstx,
506 5665 593 5720 10.

1461 5587 1507 5618 ³⁵
1548 5584 1691 5648 Psal.
1738 5601 1939 5653 exul,
1985 5584 2041 5639 4.

1992 4558 2312 4611 immensum
2367 4563 2531 4627 atque
2582 4549 2854 4607 inen‘abile
2910 4559 3030 4615 est;
3080 4561 3256 4625 neque
3314 4544 3568 4598 thronum

1986 4647 2132 4702 hunc
2157 4647 2418 4702 caducum
2445 4643 2677 4713 dejicere
2706 4657 2801 4698 vos
2826 4658 2855 4696 a
2883 4642 3098 4705 throno,
3130 4639 3223 4707 qui
3252 4633 3565 4705 angelorum

1987 4747 2072 4792 est
2099 4736 2453 4796 domicilium.
2512 4735 2804 4796 Profecto,
2850 4731 2998 4785 lilioli
3047 4728 3192 4793 mei,
3237 4725 3414 4781 anima
3450 4737 3570 4777 mea

1988 4828 2212 4884 confusa
2243 4837 2297 4884 et
2328 4827 2557 4900 spiritus
2589 4840 2741 4881 meus
2770 4822 3017 4892 stupidus
3044 4829 3160 4885 est,
3193 4832 3258 4872 eo
3289 4815 3433 4887 quod
3472 4829 3572 4868 no-

1995 4922 2087 4977 bis.
2121 4922 2372 4978 omnibus
2413 4917 2914 4995 eligendi‘libertas
2946 4916 3072 4969 data
3107 4913 3198 4976 sit,
3244 4909 3310 4964 ad
3340 4922 3575 4978 operan-

1996 5017 2119 5068 dum
2163 5027 2329 5084 opera
2381 5022 2725 5074 sanctorum;
2771 5023 2885 5063 nos.
2919 5019 3046 5061 vero
3082 5001 3423 5073 passionibus
3458 4999 3573 5069 jam

1993 5107 2128 5163 ebrii
2166 5106 2295 5162 facti
2328 5120 2547 5171 sumus,
2588 5114 2845 5173 tanquam
2885 5101 2921 5156 ii
2951 5101 3042 5171 qui
3076 5098 3184 5153 vini
3215 5094 3575 5151 delectatione

1995 5197 2241 5253 inebriati
2282 5206 2439 5264 sunt;
2471 5196 2681 5265 erigere
2730 5191 2980 5249 nolumus
3012 5186 3318 5244 intellectus
3356 5192 3575 5239 nostros

1991 5298 2047 5345 et
2093 5303 2385 5357 supernam
2438 5268 2725 5356 exquirere
2778 5281 3042 5353 gloriam,
3104 5293 3203 5333 nec
3261 5287 3576 5333 sanctorum

1993 5381 2236 5435 omnium
2268 5376 2472 5433 imitari
2502 5384 2656 5446 gesta
2691 5380 2785 5427 aut
2815 5386 3001 5426 eorum
3031 5370 3283 5424 insistere
3312 5366 3575 5435 vestigiis,

1998 5470 2063 5523 ad
2097 5485 2284 5523 eorum
2320 5467 2688 5523 ltmreditanda
2719 5477 2880 5534 opera
2908 5504 2921 5528 ,
2956 5472 3014 5516 ttt
3043 5477 3165 5515 cum
3202 5458 3284 5515 eis
3312 5457 3573 5513 mleftlattt

2117 5585 2163 5617 ³³
2204 5585 2368 5643 llebr.
2408 5600 2519 5650 XII,
2581 5582 2663 5639 ll.
2740 5582 2785 5615 ⁸³
2827 5578 2969 5636 Psal.
3019 5593 3144 5641 cxv,
3188 5575 3249 5631 η
3346 5574 3388 5606 ³⁷
3431 5571 3570 5628 Psal.

386 5784 502 5861 (l7)
545 5786 758 5845 Vidcsis
792 5784 849 5841 in
876 5784 1024 5841 hunc
1066 5784 1276 5847 locum,
1323 5792 1440 5850 qua:
1466 5774 1847 5835 adnotavimus
1883 5773 1949 5830 ad
1986 5768 2143 5842 epist.
2178 5783 2288 5823 χιχ.
