3990 6210
379 322 511 377 10.1

1479 305 1758 362 PATRES
1795 303 2096 361 ᾸΞΟΥΡΤΙΙ
2135 302 2410 360 SECULI
2451 301 2541 358 IV.

3515 293 3666 349 10ῒὲ

379 449 787 508 consequamur
820 429 1212 486 haereditatem.
1251 425 1459 480 Scitote
1501 423 1968 488 autem,dilectis-
1999 429 2044 485 Α
2075 421 2394 488 Creatoris,
2453 418 2677 490 ejusque
2733 416 3075 473 visitationes
3134 413 3305 470 uestri
3360 415 3670 469 secundum

381 529 503 584 simi
528 567 544 592 ,
588 525 817 578 virtutes
852 527 1106 582 sanctas,
1139 530 1439 588 supernas,
1475 514 1869 570 intellectuales
1901 528 1966 568 ac

379 617 690 691 splendidas
718 653 735 680 ,
783 621 837 667 et
873 621 1099 664 naturas
1131 608 1392 674 illustres,
1425 608 1492 662 ad
1525 622 1690 662 unum
1720 607 1966 662 conditas

379 726 500 767 esse
533 726 566 796 ἦ
589 707 672 763 sui
702 705 990 776 principio,
1025 703 1170 774 quod
1201 711 1286 758 est
1316 702 1410 756 Dei
1441 700 1716 765 laudatio;
1756 711 1812 756 et
1842 711 1970 756 sunt

379 794 564 871 angeli
588 812 642 858 et
675 799 988 868 archangeli
1017 805 1073 853 et
1107 797 1287 852 throni
1311 804 1366 853 et
1392 794 1812 859 dominationes,
1840 808 1970 864 pro-

380 901 558 968 phetae
587 906 642 952 et
672 893 936 964 apostoli,
977 901 1030 947 et
1063 891 1264 946 Satana
1299 899 1354 945 et
1397 888 1596 944 diaboli
1619 929 1632 953 ,
1662 895 1717 940 et
1748 887 1968 956 spiritus

383 990 530 1054 mali,
573 997 630 1044 et
679 988 954 1058 principes
996 984 1156 1038 aeris.
1211 981 1275 1036 lli
1329 982 1547 1052 quidem
1599 995 1790 1036 omnes
1838 989 1969 1034 sunt

380 1099 516 1154 opus
545 1083 829 1138 Trinitatis
870 1077 1231 1135 sanctissimae
1263 1075 1464 1142 Patris,
1495 1085 1549 1131 et
1579 1074 1725 1140 Filii,
1757 1083 1811 1128 et
1840 1073 1969 1145 Spi-

382 1177 522 1232 ritus
553 1173 750 1230 sancti.
794 1172 1036 1240 Quorum
1075 1170 1336 1242 quosdam
1371 1170 1440 1224 ob
1483 1182 1674 1223 eorum
1731 1167 1967 1237 Optimos

381 1277 561 1322 :notus
611 1265 941 1334 nuncupavit
990 1264 1132 1318 Deus
1187 1262 1484 1318 secundum
1525 1275 1691 1330 Opera
1736 1274 1964 1324 eorum;

381 1360 474 1430 qui
507 1373 635 1414 vero
664 1357 782 1428 plus
809 1365 1118 1420 creverunt,
1161 1355 1281 1424 plus
1309 1354 1594 1426 glorificati
1621 1361 1742 1408 sunt
1777 1368 1804 1408 a
1835 1352 1964 1417 Deo,

383 1449 470 1504 cui
500 1450 755 1518 majestas
780 1457 832 1501 et
857 1448 1030 1502 honor
1066 1447 1119 1500 in
1158 1445 1354 1502 saecula
1395 1446 1742 1502 saeculorum.
1770 1445 1964 1500 Amen.

942 1563 1282 1621 EPISTOLA
1326 1559 1410 1618 Vl.

385 1680 540 1737 Filii:
567 1683 677 1737 suis
707 1682 980 1736 monachis
1002 1723 1016 1742 ,
1046 1689 1170 1734 nota
1205 1679 1278 1732 eis
1301 1677 1502 1748 faciens
1532 1675 1822 1748 certamina
1853 1678 1966 1748 dw-

452 1769 664 1807 monttm
688 1795 702 1819 ,
739 1764 786 1806 et
837 1752 1043 1806 auxilia
1086 1760 1394 1804 sanctarum
1430 1750 1678 1819 virtutum

453 1841 542 1878 eos
574 1816 830 1892 pra’terea
863 1825 930 1875 ad
957 1822 1292 1892 patientiam,
1325 1817 1788 1892 et_absolt_ttt'o‘ttent
1820 1816 1968 1869 illius

451 1894 520 1947 ad
554 1886 691 1964 ouod
719 1893 912 1963 egressi
935 1886 1077 1946 sunt.
1112 1889 1182 1944 In
1217 1905 1343 1960 pace
1371 1887 1598 1942 Domini.
1639 1886 1782 1939 Dixit
1805 1900 1824 1939 :

449 2006 718 2062 Antonius
761 2005 885 2061 tiliis
924 2003 1037 2060 suis
1085 2001 1454 2058 dilectissimis
1501 2001 1554 2055 in
1607 1999 1877 2068 Domino,
1911 2009 1968 2056 et

381 2101 633 2155 omnibus
668 2099 760 2168 qui
798 2099 865 2152 ad
904 2097 1072 2151 Deum
1111 2095 1376 2150 accedunt
1405 2095 1472 2149 de
1505 2103 1617 2150 toto
1643 2094 1805 2149 corde
1843 2107 1964 2161 suo,

382 2192 608 2246 salutem
645 2190 777 2246 dicit
806 2189 1060 2244 omnibus
1091 2188 1269 2252 vobis,
1303 2187 1555 2242 maximis
1587 2185 1960 2255 minimisque,

382 2284 471 2354 qui
509 2299 634 2339 vere
673 2281 929 2337 Israelita:
959 2281 1114 2336 estis.
1145 2279 1440 2336 Consecuti
1483 2277 1630 2334 enim
1672 2279 1807 2333 estis
1843 2277 1966 2333 feli-

381 2393 498 2432 cem
529 2377 844 2434 beatitatem
878 2374 1052 2445 gratia
1079 2382 1342 2444 operante
1363 2415 1378 2439 ,
1418 2387 1538 2443 qua:
1567 2382 1653 2427 est
1694 2372 1748 2426 in
1787 2371 1962 2427 vobis.

385 2467 770 2524 Verumtamen
823 2475 1075 2538 oportet,
1123 2473 1180 2520 ut
1228 2465 1441 2536 impigri
1485 2463 1708 2520 certetis
1747 2472 1969 2534 propter

382 2575 504 2613 eum
529 2559 619 2628 qni
643 2557 871 2613 uisitauit
891 2573 978 2612 vos
1006 2557 1181 2611 oriens
1209 2571 1273 2610 ea:
1303 2555 1412 2611 alto
1430 2554 1497 2624 ³⁸,
1522 2567 1582 2609 ut
1601 2553 1900 2609 ciliciamur
1917 2555 1968 2607 ei

383 2651 557 2707 hostia
596 2659 782 2706 sancta
805 2689 822 2715 ,
853 2647 1224 2703 immaculata.
1273 2645 1487 2701 Scimus
1517 2647 1665 2700 enim
1691 2643 1968 2714 quomodo

383 2742 582 2798 cecidit
630 2751 820 2794 natura
867 2741 982 2795 hazc
1014 2739 1394 2795 substantialis
1429 2754 1497 2792 ex
1532 2754 1629 2793 sua
1679 2737 1968 2792 altitudine

387 2838 438 2888 in
484 2832 816 2904 profundum
861 2831 1175 2902 ignominia:
1218 2841 1274 2885 et
1315 2831 1584 2894 miseriae,
1611 2840 1666 2884 et
1692 2830 1968 2900 quomodo

385 2925 624 2980 visitavit
662 2941 783 2980 eam
817 2923 958 2982 Deus
988 2923 1302 2980 misericors
1338 2921 1452 2977 suis
1483 2922 1691 2994 legibus
1721 2938 1820 2992 per
1851 2939 1967 2976 tua-

385 3035 489 3076 nus
539 3019 771 3092 Moysis,
829 3017 1270 3088 reliquorumque
1316 3014 1724 3086 prapbetarum.
1777 3014 1970 3070 Novis-

1723 1762 1742 1800 -'
1784 1746 1966 1833 “39.5.3?!
1999 1778 2046 1833 Β

2075 517 2346 572 hominem
2375 523 2660 570 externum
2688 521 2742 566 et
2791 511 3066 564 internum
3089 551 3103 574 ,
3145 522 3212 563 eo
3241 507 3384 578 quod
3415 522 3540 560 cum
3577 521 3665 560 ra-

2075 607 2302 662 tionales
2334 605 2530 669 simus,
2561 603 2685 658 lacti
2711 617 2899 657 smnus
2931 599 3280 656 irrationales
3311 599 3380 652 ob
3423 607 3667 652 nostram

2074 699 2480 755 inclinationem
2519 711 2641 751 cum
2671 693 2949 749 voluntate
2977 693 3148 747 hostis
3190 689 3330 744 mala
3361 690 3667 760 operantis,

2071 794 2243 864 patris
2269 789 2555 846 mendacii.
2589 788 2760 860 Cupio
2789 796 2970 842 autem
2999 801 3093 841 vos
3134 786 3300 849 scire,
3329 793 3462 854 quot
3485 798 3668 854 quan-

2075 896 2250 956 taeque
2285 885 2591 940 daemonum
2626 882 2825 937 artium
2861 879 3156 951 myriades,
3190 887 3244 933 et
3271 893 3437 948 quam
3470 890 3665 930 earum

2072 981 2284 1050 species
2336 978 2634 1033 innumerae
2687 973 2795 1030 sint
2841 991 2855 1028 :
2911 974 3002 1042 qui
3051 986 3173 1027 cum
3221 971 3528 1035 vidissent,
3569 983 3672 1022 nos

2065 1069 2178 1142 jam
2220 1067 2470 1140 proprias
2499 1065 2783 1138 passiones
2809 1063 3272 1133 ignominiamque
3296 1059 3622 1130 cognovisse
3645 1096 3665 1121 ,

2071 1176 2135 1216 ac
2179 1170 2440 1230 praeterea
2489 1171 2678 1212 eorum
2727 1155 2899 1209 tnalas
2945 1153 3290 1223 Operationes
3324 1165 3463 1220 quas
3509 1149 3670 1203 nobis

2072 1262 2404 1325 suggerunt,
2455 1249 2640 1322 fugere
2683 1259 2913 1304 conatos
2958 1261 3117 1311 esse;
3155 1257 3332 1313 neque
3372 1243 3488 1296 hzec
3521 1242 3666 1295 dun-

2074 1357 2242 1414 taxat,
2271 1360 2458 1400 verum
2485 1345 2652 1398 etiam
2681 1341 2838 1396 malis
2864 1355 3051 1395 eorum
3081 1336 3326 1393 consiliis
3350 1349 3471 1406 qua:
3505 1332 3668 1390 nobis

2073 1440 2324 1512 injiciunt
2378 1453 2541 1493 aures
2587 1451 2692 1491 non
2734 1437 2864 1489 dare
2910 1451 2924 1489 :
2970 1447 3106 1502 Opus
3153 1444 3310 1484 suum
3363 1443 3488 1483 cum
3537 1425 3671 1495 joco

2072 1531 2312 1603 aggressi
2363 1539 2510 1586 sunt.
2561 1528 2774 1584 Norunt
2812 1527 2960 1582 enim
3010 1525 3092 1579 sui
3145 1521 3427 1577 Creatoris
3461 1519 3666 1574 donum

2072 1627 2276 1681 factum
2305 1639 2426 1680 esse
2457 1622 2561 1678 sibi
2591 1622 2679 1678 hic
2714 1622 2766 1676 in
2798 1628 3053 1682 mortem,
3083 1624 3138 1671 et
3165 1616 3272 1684 jam
3305 1614 3370 1667 dc
3399 1627 3457 1667 se
3485 1622 3665 1664 actum

2071 1733 2192 1774 esse
2221 1716 2538 1789 pratparari,
2572 1724 2627 1770 et
2657 1729 2779 1769 esse
2806 1712 3047 1766 literezles
3083 1707 3380 1764 inferorum
3412 1705 3482 1760 ob
3510 1719 3665 1758 suam

2071 1811 2412 1866 eversionem
2443 1824 2505 1864 ac
2540 1808 2766 1862 nimiam
2791 1805 3080 1859 malitiam.
3113 1801 3478 1871 Quapropter,
3515 1795 3666 1852 filioli

2072 1900 2180 1957 mei
2212 1897 2589 1966 dilectissimi,
2619 1909 2901 1966 nunquam
2947 1907 3104 1948 cesso
3137 1901 3297 1947 noctu
3328 1889 3531 1958 diuque
3570 1901 3673 1958 pro

2071 1994 2224 2050 vobis
2249 1992 2565 2061 deprecari,
2598 1999 2658 2045 ut
2685 1989 2931 2044 cordiutn
2958 1993 3268 2040 vestrorum
3306 1981 3522 2050 aperiat
3560 1977 3670 2031 Do-

2071 2088 2250 2142 minus
2271 2086 2480 2151 oculos,
2505 2093 2562 2138 ut
2593 2084 2777 2138 videre
2804 2079 3017 2152 queatis
3039 2077 3460 2148 magnitudinem
3486 2072 3675 2127 multi-

2073 2179 2272 2235 tudinis
2291 2178 2539 2234 fraudum
2558 2177 2860 2233 daemonum
2883 2187 3182 2241 eorumque
3205 2169 3465 2226 malitiam
3500 2180 3667 2238 quam

2075 2273 2229 2330 nobis
2256 2271 2512 2342 ingerunt
2542 2268 2807 2339 quotidie,
2840 2280 2903 2320 ac
2935 2273 2993 2320 ut
3027 2263 3180 2319 vobis
3226 2261 3520 2330 elargiatur
3573 2271 3671 2310 cor

2075 2365 2302 2437 vigilans
2363 2372 2418 2418 et
2464 2362 2715 2432 spiritum
2747 2357 3126 2422 discretionis,
3177 2362 3236 2409 ut
3283 2353 3674 2422 vosmetipsos

2071 2459 2267 2515 oli‘erre
2291 2456 2509 2528 possitis
2534 2455 2642 2510 Deo
2667 2453 2896 2508 hostiam
2929 2451 3131 2515 vivam,
3163 2445 3588 2509 immaculatam,
3614 2454 3673 2499 et

2071 2567 2266 2606 cavere
2299 2549 2557 2604 invidiam
2593 2547 2900 2601 daemomtm
2938 2543 3086 2600 omni
3115 2551 3358 2611 tempore
3390 2551 3445 2594 et
3474 2553 3668 2594 eorum

2073 2642 2213 2697 mala
2243 2640 2497 2703 consilia,
2526 2637 2851 2706 illorumque
2877 2636 3108 2690 latentes
3136 2632 3568 2688 machinationes
3598 2644 3667 2684 ac

2072 2736 2408 2793 subvelatam
2449 2735 2735 2801 malitiam,
2769 2742 2824 2787 et
2854 2733 3081 2801 spiritus
3121 2746 3312 2788 eorum
3353 2729 3662 2786 subducen-

2073 2840 2193 2898 tes,
2233 2841 2289 2887 et
2335 2831 2699 2902 cogitationes
2741 2829 3091 2898 blasphemas
3116 2869 3131 2895 ,
3173 2836 3229 2882 et
3283 2825 3666 2880 infidelitatem

2074 2939 2236 2995 quam
2277 2923 2480 2994 jugiter
2529 2931 2864 2992 suggerunt,
2913 2930 2968 2976 et
3016 2919 3198 2975 cordis
3247 2918 3618 2989 stupiditatem
3647 2953 3666 2980 ,

2074 3017 2408 3086 subtilesque
2467 3031 2656 3071 eorum
2711 3015 3158 3084 perturbationes
3209 3026 3346 3084 quas
3420 3010 3672 3082 quotidie

386 3117 582 3168 simum
616 3121 796 3166 autem
830 3111 881 3166 id
921 3110 1122 3165 factum
1155 3119 1238 3164 est
1268 3124 1366 3180 per
1409 3108 1601 3163 Filium
1631 3106 1750 3177 ejus
1779 3107 1966 3176 unige-
1995 3140 2038 3197 α
2075 3110 2316 3165 inferunt
2354 3127 2477 3166 cum
2526 3110 2787 3164 maestitia
2831 3108 3050 3176 cordis,
3095 3116 3153 3164 et
3201 3121 3393 3162 eorum
3439 3106 3574 3159 iram
3609 3114 3668 3159 et

385 3204 578 3269 nitum,
603 3204 694 3274 qui
727 3213 1036 3258 nostrorum
1060 3202 1375 3272 pontificum
1401 3199 1662 3269 Princeps
1689 3209 1771 3254 est
1795 3199 1969 3252 maxi-

385 3310 537 3360 mus,
565 3303 620 3350 et
666 3293 907 3348 Medicus
950 3302 1137 3348 noster
1163 3307 1356 3357 verus,
1394 3292 1486 3361 qui
1521 3301 1738 3346 nostros
1769 3306 1970 3346 sanare

386 3387 531 3441 valet
569 3386 816 3451 dolores;
873 3392 968 3456 qui
1019 3385 1318 3455 assumpsit
1364 3399 1562 3452 corpus
1590 3393 1871 3448 nostrum,
1915 3391 1972 3438 et

390 3479 612 3534 ttzadidit
666 3489 838 3535 semet
883 3480 1057 3548 ipsum
1111 3493 1209 3549 pro
1263 3478 1421 3532 nobis
1472 3491 1536 3532 ac
1587 3491 1682 3547 pro
1729 3475 1970 3546 peccatis

387 3571 592 3629 nostris
617 3613 633 3638 ,
662 3571 944 3642 accipiens
968 3579 1193 3641 propter
1224 3579 1465 3624 nostram
1510 3569 1795 3624 stultitiam
1830 3569 1965 3640 ﬁgu-

387 3681 499 3720 ram
526 3665 790 3731 stultitiae,
815 3673 868 3718 ct
899 3673 1120 3732 propter
1144 3672 1386 3716 nostram
1419 3660 1790 3715 infirmitatem
1826 3660 1973 3716 simi-

387 3758 668 3815 litudinem
702 3755 1041 3815 infirmitatis
1063 3795 1078 3820 ,
1113 3763 1168 3810 et
1200 3763 1421 3823 pr0pter
1462 3763 1705 3812 nostram
1743 3768 1969 3823 pauper-

388 3859 549 3906 tatem
573 3849 801 3920 iiguram
833 3848 1200 3919 paupertatis,
1225 3857 1283 3901 ct.
1305 3856 1529 3916 propter
1555 3858 1795 3902 nostram
1827 3861 1973 3900 mor-

388 3942 654 3998 talitatem
697 3941 935 4012 gustavit
977 3949 1229 3996 mortem.
1278 3939 1409 4007 Quas
1451 3939 1634 3994 omnia
1663 3953 1855 4010 passus
1890 3949 1972 3993 est

387 4049 484 4106 pro
508 4034 692 4098 nobis,
710 4048 773 4089 ac
795 4048 891 4104 per
914 4031 1033 4104 ejus
1061 4042 1289 4087 mortem
1316 4032 1527 4086 liberati
1551 4047 1762 4088 sumus.
1793 4031 1972 4100 Quare

389 4143 489 4182 nos
517 4135 731 4198 oportet
767 4127 891 4182 totis
920 4125 1206 4182 decertare
1236 4124 1441 4181 viribus
1481 4135 1646 4194 atque
1684 4125 1886 4188 nervis,
1916 4131 1975 4178 ut

386 4221 633 4275 laetentur
666 4235 766 4290 pro
797 4219 952 4275 nobis
978 4222 1150 4275 sancti
1178 4231 1391 4285 omnes,
1428 4217 1517 4286 qui
1561 4231 1658 4286 pro
1687 4216 1845 4271 nobis
1879 4217 1972 4272 de-

385 4321 681 4381 precantur
732 4319 978 4382 tempore
1029 4318 1232 4364 nostra:
1275 4306 1546 4378 pigritiae,
1592 4305 1972 4373 hetabiturque

383 4418 576 4460 serens
607 4414 770 4473 atque
797 4412 1009 4458 metens
1033 4399 1191 4456 simul
1224 4400 1292 4454 ”.
1325 4398 1556 4467 Oportet
1580 4407 1848 4470 praeterea
1875 4414 1972 4454 vos

2073 3203 2503 3260 susurrationem
2538 3218 2703 3272 quam
2743 3200 2994 3272 injiciunt
3025 3199 3206 3264 nobis,
3237 3205 3295 3252 ut
3331 3198 3399 3252 de
3430 3197 3661 3253 invicem

2073 3311 2458 3364 susurremns,
2493 3303 2706 3352 nosmet
2748 3295 2897 3365 ipsos
2961 3295 3225 3350 duntaxat
3262 3292 3661 3362 justificantes,

2067 3390 2382 3458 judicantes
2411 3389 2590 3455 alios,
2645 3390 2878 3444 invicem
2914 3387 3335 3453 maledicentes,
3382 3387 3536 3440 suavi
3582 3385 3663 3439 lo-

2074 3492 2304 3553 quentes
2357 3482 2574 3554 lingua,
2632 3482 2832 3538 nostris
2883 3481 2935 3536 in
2989 3481 3246 3536 cordibus
3300 3477 3666 3533 amaritudine

2078 3577 2397 3644 recondita;
2431 3576 2667 3648 proximi
2720 3576 3091 3632 extrinsecum
3131 3573 3472 3644 judicantes,
3524 3572 3664 3626 intra

2077 3683 2176 3724 nos
2212 3669 2476 3724 habentes
2508 3667 2822 3734 latronem;
2850 3668 3197 3721 decertantes
3226 3672 3282 3719 et
3307 3665 3668 3719 adversantes

2077 3763 2240 3818 nobis
2273 3761 2504 3816 invicem
2529 3800 2546 3826 ,
2595 3761 2664 3816 ad
2718 3769 2904 3814 nostra
2950 3757 3274 3814 stabilienda
3309 3757 3476 3810 verba
3513 3764 3571 3812 et
3613 3764 3670 3808 ut

2075 3851 2510 3908 bonorabilinres
2538 3851 2842 3904 videamur.
2875 3847 3147 3904 Praeterea
3175 3861 3276 3901 nos
3305 3845 3370 3899 ad
3404 3845 3510 3899 alia
3538 3859 3669 3900 con-

2075 3948 2243 4003 citant
2272 3959 2440 4014 opera
2483 3959 2602 4014 quae
2640 3955 2962 4014 perpetrare
3003 3941 3146 3996 haud
3177 3939 3456 4004 valemus,
3490 3938 3670 3993 inver-

2076 4047 2253 4093 tentes
2275 4053 2395 4108 qua:
2415 4045 2614 4091 nostra:
2639 4044 2763 4089 sunt
2792 4034 3065 4090 utilitatis.
3093 4030 3273 4097 Quare
3301 4043 3399 4084 nos
3425 4037 3670 4098 tempore

2074 4127 2295 4198 lugendi
2328 4127 2395 4182 ad
2416 4126 2582 4183 risum
2603 4127 2856 4190 incitant,
2887 4133 2941 4180 et
2962 4123 3146 4194 lugere
3175 4135 3274 4176 nos
3301 4128 3502 4176 curant
3533 4129 3672 4174 tem-

2075 4232 2206 4289 pore
2239 4217 2546 4286 gaudendi,
2595 4225 2858 4286 perpetuo
2903 4214 3252 4269 intendentes
3287 4221 3535 4267 nostram
3579 4211 3674 4266 de-

2073 4311 2422 4366 clinationem
2457 4326 2486 4364 a
2532 4311 2616 4364 via
2664 4316 2814 4365 recta
2857 4318 2920 4363 ut
2959 4324 3058 4364 nos
3086 4308 3190 4363 sibi
3236 4306 3350 4362 suis
3384 4305 3675 4360 fraudibus

2075 4402 2387 4474 subjiciant.
2437 4402 2592 4458 llaud
2619 4401 2956 4458 enucleanda
3001 4402 3054 4456 in
3089 4413 3330 4469 prtesens
3364 4398 3498 4454 mihi
3541 4409 3672 4453 sunt

385 4497 558 4559 scire,
589 4494 736 4550 ﬁlioli
774 4494 918 4558 mei,
943 4509 1106 4562 quam
1140 4493 1192 4546 ill
1243 4490 1583 4562 gravissimis
1615 4505 1804 4545 versor
1847 4506 1970 4561 pase
2005 4486 2049 4542 ι)
2079 4496 2288 4567 singula
2319 4511 2509 4552 eorum
2542 4495 2684 4550 mala
2723 4504 2952 4566 excepto
2986 4494 3128 4564 quod
3175 4493 3222 4547 si
3267 4491 3434 4547 corda
3479 4501 3677 4546 nos”;

385 4583 630 4638 sionibns
659 4597 820 4637 causa
853 4591 1054 4636 vestra.
1096 4580 1230 4634 Nam
1263 4581 1466 4649 aspicio
1492 4581 1710 4636 labores
1745 4591 1972 4636 sancto-

387 4691 504 4730 rum
536 4691 634 4746 pro
673 4675 826 4730 vobis
849 4714 864 4742 ,
900 4687 1201 4744 eorumque
1231 4673 1466 4744 gemitus
1505 4688 1568 4728 ac
1609 4688 1801 4744 preces
1831 4689 1972 4744 quas

385 4767 532 4820 omni
591 4777 836 4836 tempore
885 4780 1072 4820 coram
1133 4763 1241 4818 Deo
1301 4779 1408 4835 pro.
1453 4764 1615 4820 vobis.
1665 4765 1971 4821 cll'undunt.

386 4861 565 4927 Quare
606 4858 806 4913 imitari
843 4872 942 4912 eos
977 4857 1212 4928 satagite
1243 4875 1256 4911 :
1307 4857 1508 4926 quippe
1541 4857 1632 4927 qui
1675 4873 1974 4930 prospexe-

389 4962 512 5007 runt
539 4952 621 5007 sui
655 4952 936 5007 Creatoris
960 4950 1012 5005 in
1044 4967 1142 5006 sua
1176 4951 1412 5006 mirabili
1443 4950 1827 5008 incarnatione
1863 4955 1975 5008 dis-

388 5046 755 5113 pensationes,
815 5043 1042 5115 ejusque
1090 5044 1304 5100 labores
1363 5059 1464 5114 pro
1518 5055 1702 5100 nostra
1759 5047 1973 5113 salute,

389 5137 666 5210 hostisque
713 5137 868 5193 dolos
903 5139 1203 5208 quaerentis
1243 5152 1460 5207 semper
1502 5150 1746 5194 nostram
1792 5141 1974 5210 perdi~

389 5232 589 5289 tionem
627 5232 683 5288 in
714 5232 928 5288 inferno
959 5231 1138 5305 (quod
1182 5241 1267 5287 est
1305 5231 1424 5302 ejus
1461 5247 1793 5302 suorumque
1820 5249 1975 5290 com-

391 5322 688 5379 militonum
736 5325 989 5398 portio);
1041 5339 1258 5395 semper
1310 5338 1544 5394 namque
1601 5325 1827 5394 perdere
1877 5339 1976 5380 nos

392 5417 622 5471 intendit
653 5419 754 5473 hac
783 5433 978 5488 magna
1011 5419 1337 5491 perditione.

463 5505 614 5576 Rogo
646 5508 828 5578 itaque
856 5523 981 5575 vos,
1014 5510 1168 5564 filioli
1201 5508 1306 5564 mei
1361 5508 1702 5564 dilectissimi
1731 5547 1746 5573 ,
1784 5518 1848 5562 ut.
1875 5508 1978 5563 hoc

393 5598 743 5669 percipiatis,
795 5611 851 5656 ct
903 5603 1251 5674 perpendatis
1307 5601 1746 5672 dispensationcs
1805 5601 1975 5656 nostri

465 5780 507 5809 ”
545 5779 677 5839 Luc.
709 5792 749 5848 ι,
783 5779 872 5838 78.
953 5781 996 5812 ³³
1036 5778 1192 5837 Joan.
1225 5796 1297 5850 tv,
1333 5779 1421 5836 36.

2080 4586 2413 4656 ejusccmodi
2448 4586 2612 4641 rebus
2647 4586 2998 4654 impleantur,
3041 4594 3295 4654 tauquam
3331 4597 3455 4638 esca
3491 4581 3672 4647 fient;

2083 4689 2195 4736 tum
2235 4695 2367 4752 vero
2407 4678 2856 4750 multiplicabitur
2891 4680 2943 4734 in
2979 4678 3138 4734 nobis
3173 4677 3372 4733 malum
3396 4715 3412 4740 ,
3449 4673 3678 4730 radices

2077 4773 2363 4840 emittens,
2394 4772 2608 4843 eritque
2650 4771 2806 4828 nobis
2838 4772 3174 4827 horrendum
3211 4768 3562 4840 supplicium.

2148 4864 2492 4933 Quapropter
2526 4878 2626 4918 nos
2654 4872 2874 4934 Oportet
2906 4861 3157 4916 assiduas
3193 4861 3261 4914 ad
3301 4857 3486 4913 Patris
3519 4857 3678 4911 boni-

2081 4965 2244 5011 tatem
2283 4953 2561 5010 ctl‘undere
2589 4970 2801 5026 preces,
2833 4963 2893 5008 ut
2917 4955 3102 5010 veniat
3133 4953 3254 5020 ejus
3285 4951 3579 5014 auxilium,
3619 4959 3675 5003 ct

2079 5049 2133 5104 in
2155 5049 2366 5106 cunctis
2386 5047 2696 5108 actionibus
2715 5046 2916 5104 nostris
2938 5045 3240 5116 epituletur
3264 5045 3444 5099 nobis.
3469 5042 3676 5110 Quippe

2086 5151 2380 5212 apparatus
2417 5142 2506 5199 hic
2535 5142 2602 5196 ad
2643 5150 2886 5198 nostram
2932 5141 3294 5211 perditionem
3329 5149 3414 5194 est
3441 5178 3456 5201 ,
3487 5149 3543 5192 et
3577 5137 3675 5191 do-

2087 5250 2206 5290 mus
2229 5233 2550 5290 confusione
2586 5233 2762 5303 plena.
2799 5233 2929 5289 Dico
2946 5241 3124 5288 autem
3160 5232 3336 5297 vobis,
3364 5230 3516 5286 ﬁlioli
3548 5229 3675 5293 mei,

2076 5327 2220 5396 quod
2247 5326 2425 5382 omnis
2453 5327 2614 5381 homo
2638 5325 2730 5400 qui
2755 5326 2870 5380 suis
2893 5325 3196 5380 delectatur
3224 5323 3675 5394 cogitationibus,

2078 5429 2271 5488 sponte
2299 5417 2485 5485 cadit,
2526 5433 2651 5473 cum
2685 5417 2753 5473 iis
2787 5432 2909 5488 quae
2944 5414 3406 5483 sibi.,infertttttur
3442 5413 3675 5479 laetetur,

2076 5523 2250 5580 eaque
2279 5525 2574 5582 permagna
2604 5525 2726 5567 esse
2760 5511 3018 5582 mysteria
3044 5510 3343 5574 existimet,
3387 5523 3453 5564 ac
3503 5517 3675 5564 semet

2079 5604 2254 5676 ipsum
2282 5603 2635 5676 jastiticet.-in
2669 5605 2736 5663 iis
2769 5604 3031 5663 duntaxat
3058 5619 3181 5674 qua:
3214 5612 3512 5676 cperatur;
3551 5614 3672 5656 ευηι
