3990 6210
310 229 450 287 1015

1286 235 1344 291 s.
1387 234 1671 295 ANTONII
1709 241 1781 295 it.
1823 198 2115 299 sanans
2155 242 2540 303 EPISTOLAS.

3443 238 3586 306 tou'

306 347 376 402 sit
411 344 779 400 habitaculum
824 344 949 401 mali
989 346 1214 417 spiritus
1251 350 1340 420 qui
1371 352 1510 409 mala
1545 355 1597 411 ei
1630 356 1885 424 consulit,
1926 360 1972 416 Α
2000 374 2137 430 quas
2166 362 2398 418 Creator
2424 362 2491 417 de
2518 358 2823 431 privatione
2843 359 2911 417 ad
2939 373 3059 417 esse
3096 360 3380 431 produxit;
3411 375 3583 433 agno-

304 446 469 509 atque
502 450 707 506 corpus
752 436 897 492 illius
928 437 1242 508 implebitur
1272 442 1393 514 ejus
1442 447 1720 518 mysteriis
1762 450 1894 505 abo-

307 528 658 585 minabilibus
707 528 1061 587 absconditis.
1121 533 1223 601 Qui
1271 537 1416 593 enim
1447 540 1708 607 ejusmodi
1771 553 1891 610 est,

305 623 727 691 apprehendunt
766 621 919 678 illum
955 626 1240 694 passiones
1267 628 1597 696 daemonum,
1626 648 1748 690 cum
1791 637 1894 691 mi-

306 716 458 770 nime
488 730 519 769 a
558 729 619 770 se
646 730 740 770 eos
770 716 1040 786 abegerit.
1074 715 1186 774 Nos
1218 720 1401 791 itaque
1428 738 1659 779 noscere
1681 734 1895 797 oportet

307 804 513 862 diaboli
547 807 766 877 laqueos
791 806 1022 878 ejusque
1040 809 1385 880 calliditates,
1414 822 1469 869 et
1491 831 1585 872 eas
1618 818 1895 875 declinare

308 907 480 968 atque
511 898 728 971 fugere;
759 901 1200 971 quandoquidem
1234 915 1456 975 peccata
1489 917 1544 964 et
1581 908 1896 982 iniquitates

308 1006 434 1064 qua
478 1000 603 1046 sunt
645 1006 677 1046 a
719 993 1092 1059 daetnonibus,
1139 998 1363 1055 minime
1405 1005 1724 1072 apparentia
1771 1012 1897 1059 sunt

309 1090 409 1136 aut
434 1096 718 1152 corporea.
750 1082 866 1139 Non
903 1086 1048 1141 enim
1089 1098 1215 1143 sunt
1244 1090 1330 1147 isti
1364 1094 1597 1150 visibilis
1632 1111 1891 1168 corpora;

308 1185 500 1226 verum
536 1187 633 1228 nos
671 1173 774 1229 illis
810 1189 1042 1246 corpora
1078 1193 1267 1237 sumus
1290 1220 1307 1247 ,
1355 1184 1658 1256 animaeque
1699 1198 1898 1244 nostra:

308 1262 381 1317 ab
416 1262 522 1319 illis
550 1266 902 1322 tenebrarum
936 1271 1218 1341 excipiunt
1250 1275 1609 1346 cogitationes
1648 1298 1661 1334 :
1696 1280 1897 1350 quibus

306 1358 569 1425 exceptis,
606 1357 868 1416 edicimus
893 1376 987 1417 eos
1020 1364 1339 1422 manifestos
1369 1367 1423 1422 in
1450 1383 1701 1440 corpore.
1767 1372 1895 1428 Sat-

305 1448 452 1518 agite
478 1448 683 1520 itaque,
718 1452 869 1509 ﬁlioli
892 1455 1016 1521 mei,
1050 1472 1122 1512 ne
1153 1456 1329 1515 locum
1358 1460 1464 1516 illis
1500 1462 1552 1516 in
1582 1463 1736 1521 vobis
1767 1481 1900 1522 cou-

307 1536 547 1606 cedatis,
588 1554 656 1596 ne
681 1542 863 1598 veniat
893 1543 972 1599 ira
1010 1544 1223 1602 Domini
1252 1562 1417 1619 super
1447 1564 1576 1620 nos,
1609 1554 1894 1622 gaudenti-

306 1629 413 1685 bus
441 1629 552 1686 illis
574 1639 629 1687 et
651 1632 1022 1703 irridentibus,
1050 1637 1205 1694 nobis
1230 1639 1529 1698 destitutis.
1561 1643 1737 1702 Verba
1777 1663 1893 1703 mea

1996 461 2113 508 seet
2150 453 2315 508 etiam
2346 454 2490 509 hanc
2520 460 2775 508 naturam
2820 451 3263 520 intellectualem,
3297 452 3583 509 immorta-

1997 543 2125 609 lem,
2160 543 2215 599 in
2249 546 2351 599 hoc
2384 545 2690 602 dissolubili
2721 561 2950 618 corpore
2988 549 3326 604 reconditam
3362 562 3488 605 esse
3514 551 3582 606 ad

1997 650 2126 691 suas
2173 636 2529 706 propalandas
2562 639 2908 708 operationes
2957 640 3010 696 in
3059 640 3151 696 illo
3190 655 3254 696 ac
3296 655 3393 711 per
3426 640 3579 696 illud.

1996 726 2097 795 Qui
2128 737 2307 785 autem
2342 729 2443 785 hoc
2484 731 2716 797 noverit,
2748 730 2917 787 Deum
2969 732 3143 789 solum
3179 733 3403 805 diligere
3429 742 3584 804 pote-

1999 819 2101 887 rit;
2130 821 2219 891 qui
2246 834 2376 877 vero
2394 821 2679 877 Dominum
2705 823 2898 894 diligit,
2920 838 3110 880 omnes
3138 825 3332 896 diligit.
3362 824 3574 895 Itaque,

1999 911 2151 966 ﬁlioli
2189 913 2293 968 mei
2323 912 2691 981 dilectissimi,
2729 915 2961 986 impigre
2995 924 3159 987 atque
3200 916 3576 973 indesinenter

1997 1004 2230 1060 invicem
2260 1005 2487 1075 diligite,
2516 1019 2716 1077 corpus
2744 1007 2848 1062 hoc
2876 1021 2984 1076 quo
3014 1006 3185 1063 induti
3218 1006 3371 1074 estis,
3404 1006 3570 1062 thuri-

1999 1095 2181 1150 bnlnm
2210 1099 2623 1167 constituentes,
2655 1099 2708 1153 in
2738 1114 2846 1170 quo
2875 1098 3118 1157 otferetis
3148 1114 3338 1156 omnes
3371 1099 3579 1169 cogita-

2002 1186 2176 1244 tiones
2221 1198 2431 1246 vestras
2475 1206 2540 1246 ac
2586 1199 2767 1247 vestra
2813 1191 2952 1247 mala
2997 1191 3242 1256 consilia,
3284 1206 3349 1249 ea
3393 1205 3577 1247 coram

2000 1279 2226 1335 Domino
2252 1290 2574 1349 statuentes,
2608 1281 2924 1339 extollendo
2964 1284 3129 1340 corda
3160 1295 3343 1341 vestra
3383 1291 3579 1355 poten-

2000 1371 2241 1442 tiamque
2275 1373 2695 1431 intellectualem
2743 1376 2810 1432 ad
2844 1375 3018 1443 illum,
3048 1375 3369 1449 ﬂagitantes
3391 1378 3459 1435 ab
3491 1390 3578 1445 eo,

2000 1472 2061 1518 ut
2107 1465 2259 1519 vobis
2316 1466 2612 1535 elargiatur
2663 1467 2733 1523 ab
2780 1468 2888 1524 alto
2956 1485 3113 1525 suum
3164 1472 3578 1528 immaterialem

2000 1553 2177 1623 ignem
2210 1556 2277 1608 ad
2310 1557 2738 1613 comburendnm
2765 1560 3029 1631 quidquid
3064 1568 3148 1617 est
3181 1562 3235 1616 in
3272 1561 3365 1617 illo
3402 1562 3578 1617 thuri-

2001 1645 2149 1713 hnlo,
2176 1648 2406 1718 expians
2433 1649 2587 1705 illud.
2623 1649 2689 1706 Et
2721 1652 2991 1708 timebunt
3017 1653 3372 1710 adversantes
3397 1668 3581 1711 sacer-

309 1721 482 1779 nolite
505 1725 1035 1795 negligere;etenim
1059 1730 1195 1785 bene
1221 1733 1420 1801 sciunt,
1462 1746 1702 1794 nostram
1729 1742 1893 1796 vitam
1928 1720 1970 1775 Β
1999 1741 2155 1797 dotes
2201 1740 2354 1808 Baal,
2402 1740 2722 1815 fugientque
2760 1759 2793 1801 e
2838 1755 3134 1813 conspectu
3177 1756 3379 1817 vestro,
3419 1748 3579 1806 sicuti

309 1815 384 1869 ab
407 1815 639 1871 invicem
659 1817 941 1888 impertiri.
967 1818 1100 1876 Nam
1125 1824 1249 1894 quis
1275 1825 1444 1882 Deum
1469 1829 1606 1885 vidit
1630 1847 1894 1903 unquam,

310 1917 371 1961 et
402 1909 764 1978 apprehendit
793 1910 942 1967 illum
974 1928 1042 1967 ue
1083 1929 1113 1969 a
1164 1928 1223 1972 se
1255 1917 1620 1992 elongaretur,
1660 1934 1714 1980 et
1745 1934 1802 1980 ιιι
1831 1942 1896 1983 co

308 2000 614 2068 gauderet,
663 2010 719 2056 et
769 2002 1076 2061 salvaretur
1118 2020 1149 2063 a
1195 2013 1444 2081 corporis
1502 2014 1662 2085 hujus
1713 2020 1898 2088 gravis

309 2190 503 2236 contra
540 2197 600 2263 se
637 2195 871 2240 stantem
902 2189 1071 2258 vidit,
1101 2201 1160 2246 ut
1192 2207 1314 2250 emn
1343 2195 1639 2270 effugeret?
1668 2213 1897 2272 excepto

312 2274 492 2342 quod,
539 2290 660 2331 cum
712 2277 911 2335 diaboli
964 2283 1073 2337 sint
1120 2285 1173 2338 in
1224 2287 1585 2358 abscondito,
1623 2308 1723 2350 nos
1778 2295 1898 2353 illos

318 2368 524 2421 nostris
577 2367 986 2429 manifestamus
1040 2378 1478 2449 operationibus:
1533 2399 1655 2440 nam
1707 2402 1899 2446 omnes

315 2454 561 2521 ejusdem
608 2468 731 2514 sunt
778 2462 1097 2520 substantiae
1143 2467 1557 2540 intellectualis;
1595 2474 1691 2530 sed
1747 2491 1900 2533 rece-

314 2545 514 2604 dentes
537 2566 566 2603 a
588 2542 711 2606 'Deo
733 2591 748 2618 ,
777 2553 894 2609 haec
933 2555 1081 2611 varia
1111 2562 1288 2615 sortiti
1322 2571 1450 2617 sunt
1480 2567 1696 2622 nomina
1715 2611 1729 2635 ,
1760 2586 1898 2641 quo-

312 2650 436 2694 rum
473 2641 624 2710 plura
656 2644 724 2698 de
753 2645 818 2700 iis
844 2650 1193 2719 comprobata
1235 2663 1364 2709 sunt
1391 2654 1462 2711 ob
1493 2660 1675 2726 plures
1704 2675 1893 2718 eorum

313 2728 656 2802 iniquitates.
689 2734 759 2790 Et
801 2747 926 2794 sunt
958 2739 1126 2797 Satan
1148 2776 1167 2809 ι
1193 2743 1429 2813 diaboli,
1460 2750 1641 2819 genii,
1672 2752 1901 2822 spiritus

317 2823 467 2890 mali,
522 2834 747 2897 turpes,
808 2830 1033 2900 perﬁdi,
1076 2834 1350 2906 principes
1402 2839 1568 2912 hujus
1621 2845 1895 2903 tenebrosi

318 2916 504 2970 mundi
533 2926 590 2972 et
625 2918 776 2989 plura
832 2922 1162 2989 huiusmodi.
1193 2927 1263 2983 At
1293 2930 1599 2990 ctelestium
1632 2936 1893 2993 virtutum

316 3006 545 3062 nomina
590 3019 753 3076 sunt,
793 3014 1143 3086 archangeli,
1196 3018 1376 3076 throni
1400 3062 1432 3088 ,_
1464 3024 1894 3099 dominationes,

315 3107 638 3165 potestates,
661 3100 963 3170 cherubim»,
983 3109 1251 3178 serapbim
1276 3128 1290 3178 ;
1316 3122 1370 3168 et
1391 3119 1745 3188 comprobata
1772 3135 1898 3180 sunt

313 3190 383 3243 de
413 3189 481 3243 iis
523 3191 639 3248 haec
663 3197 914 3263 nomina,
954 3201 1209 3269 quoniam
1241 3218 1529 3263 servarunt
1560 3210 1894 3269 voluntatem

316 3278 405 3375 sui
445 3279 744 3343 Creatoris.
791 3286 892 3354 Qui
944 3304 1074 3347 vero
1117 3292 1253 3350 odio.
1290 3295 1603 3355 habuerunt
1650 3307 1899 3375 corporis

318 3370 480 3471 hujus
509 3389 618 3445 quo
654 3391 843 3437 sumus
886 3380 1058 3439 induti
1087 3387 1361 3444 sarcinam
1382 3430 1396 3454 .
1431 3391 1581 3449 illam
1610 3410 1641 3450 a
1669 3411 1729 3453 se
1750 3370 1898 3471 abji-

318 3465 573 3534 cientes;
601 3483 791 3525 eorum
822 3472 1042 3558 quidam
1071 3480 1364 3549 nuncupati
1393 3489 1528 3538 sunt
1546 3465 1898 3558 patriarchae,

317 3558 540 3630 quidam
564 3565 839 3635 propheta:
860 3556 915 3622 et
939 3581 1118 3638 reges,
1145 3581 1201 3626 et
1224 3576 1557 3644 sacerdotes,
1588 3588 1643 3634 et
1663 3556 1908 3650 indices,

316 3660 375 3706 et
412 3654 661 3721 apostoli.
704 3654 835 3723 Quae
881 3660 1097 3730 quidem
1140 3666 1360 3721 nomina
1390 3668 1569 3723 s‘ortiti
1597 3681 1755 3740 sunt,
1786 3676 1901 3733 sive

318 3741 421 3797 viri
465 3744 595 3809 sint,
621 3745 735 3801 sive
775 3747 1065 3817 mulieres,
1100 3753 1172 3808 ob
1210 3752 1359 3809 varia
1403 3770 1593 3811 eorum
1643 3772 1793 3828 gesta
1838 3779 1902 3819 ac

319 3838 738 3907 propensionem
777 3840 831 3895 in
860 3841 1059 3897 bonum
1079 3883 1095 3909 ,
1125 3852 1181 3901 et
1211 3845 1364 3916 plura
1393 3849 1657 3919 ejusmodi
1683 3870 1697 3918 ;
1732 3870 1910 3925 quan--

319 3938 485 3995 quam
517 3942 712 3986 omnes
749 3946 817 3987 es
847 3947 957 3989 uno
986 3935 1284 4007 eodemque
1309 3940 1419 3995 sint
1451 3941 1723 4014 principio
1750 3957 1806 4002 et
1837 3962 1902 4003 es

318 4020 509 4076 eadem
558 4021 883 4083 substantia.
948 4024 1181 4099 Ideoque
1222 4031 1315 4102 qui
1361 4032 1414 4087 in
1464 4032 1689 4092 fratrem
1744 4054 1901 4095 suum

320 4122 544 4181 peccat,
594 4125 685 4171 aut
732 4117 783 4171 in
834 4118 1139 4188 proximum
1188 4137 1385 4192 suum,
1429 4127 1484 4182 in
1519 4136 1695 4184 semet
1727 4128 1903 4202 ipsum

320 4219 551 4277 peccat;
580 4218 637 4265 et
678 4210 989 4282 quicunque
1036 4214 1090 4269 in
1138 4217 1443 4286 proximum
1491 4235 1651 4277 suum
1684 4224 1908 4281 molitur

322 4300 523 4356 malum
545 4340 562 4367 ,
598 4302 684 4357 vel
713 4303 765 4358 in
793 4305 1054 4375 aequalem
1080 4307 1183 4363 sibi
1218 4310 1272 4365 in
1307 4325 1528 4382 genere,
1568 4316 1621 4371 id
1660 4317 1906 4388 profecto

1998 1847 2029 1887 e
2052 1844 2346 1904 conspectu
2382 1833 2513 1890 Elim
2551 1836 2829 1907 pr0pbetze
2847 1837 2913 1892 ιο.
2939 1836 3075 1893 Tum
3114 1837 3370 1896 videbitis
3408 1841 3579 1897 homi-

2001 1938 2123 1978 nem
2165 1935 2538 1994 emcrgentem
2564 1942 2632 1982 ex
2667 1928 2824 1999 aquis
2850 1929 3016 1986 divini
3056 1930 3244 1998 fontis,
3273 1932 3363 2003 qui
3392 1933 3583 2005 pluere

2000 2016 2167 2072 faciet
2196 2019 2350 2075 vobis
2371 2018 2673 2090 spiritalem
2698 2020 2962 2092 pluviam,
2989 2025 3080 2095 qui
3109 2035 3194 2080 est
3216 2024 3451 2096 Spiritus
3476 2024 3584 2080 Pa-

2002 2109 2213 2166 racleti.
2256 2111 2396 2167 Cum
2433 2123 2617 2169 autem
2647 2116 2925 2171 consecuti
2972 2116 3207 2183 fueritis,
3250 2117 3400 2174 ﬁlioli
3446 2119 3578 2183 mei,

2000 2202 2115 2258 haec
2147 2207 2463 2274 praestantia
2496 2208 2657 2271 dona,
2690 2209 2860 2264 nolite
2894 2218 3088 2279 putare
3110 2225 3172 2265 ea
3203 2224 3323 2267 esse
3355 2223 3421 2266 ex
3456 2225 3585 2283 ope-

2001 2294 2150 2349 ribus
2180 2298 2397 2364 vestris,
2425 2313 2550 2354 cum
2586 2300 2771 2355 adsint
2811 2309 2865 2356 et
2897 2302 3051 2356 vobis
3083 2302 3310 2358 virtutes
3354 2311 3578 2366 sanctae,

1999 2385 2167 2440 vestri
2200 2386 2499 2458 participes
2528 2388 2583 2442 in
2614 2389 2828 2443 cunctis
2858 2378 3054 2444 vestris
3104 2391 3431 2447 actionibus.
3468 2391 3580 2462 Ego

2000 2484 2183 2532 autem
2215 2492 2312 2534 vos
2339 2478 2590 2547 obsecro,
2621 2489 2679 2535 ut
2701 2481 3032 2537 incumbatis
3053 2491 3109 2538 et
3133 2484 3499 2553 perseveretis
3526 2483 3580 2538 in

2000 2570 2200 2626 vestris
2237 2570 2459 2643 Optimis
2489 2573 2765 2644 operibus,
2800 2584 2860 2632 ut
2884 2574 3133 2631 laetentur
3160 2575 3215 2630 in
3258 2576 3414 2631 vobis
3454 2591 3582 2632 san-

2001 2658 2074 2715 cti
2107 2674 2298 2715 omnes
2340 2675 2405 2716 ac
2428 2662 2656 2733 spiritus
2694 2663 2798 2717 mei
2844 2660 3100 2727 infelicis,
3134 2676 3257 2718 cum
3291 2676 3483 2717 omnes
3512 2674 3581 2717 ex

2001 2766 2110 2808 uno
2141 2752 2410 2823 principio
2439 2762 2494 2809 et
2527 2768 2593 2810 es
2622 2769 2728 2808 una
2770 2753 3069 2825 eademque
3095 2752 3396 2809 substantia
3426 2753 3586 2809 intel-

2001 2843 2219 2899 lectuali
2256 2844 2513 2901 invisibili
2552 2844 2757 2902 conditi
2817 2846 3007 2902 simus.
3047 2846 3150 2915 Qui
3188 2848 3372 2917 itaque
3410 2854 3587 2902 semet

2006 2936 2180 3007 ipsum
2220 2936 2521 3010 cognoscit,
2565 2952 2626 2995 se
2670 2937 3033 2994 immortalem
3068 2936 3433 2995 substantiam
3461 2952 3585 2994 esse

2004 3028 2184 3094 novit;
2232 3036 2288 3083 et
2319 3027 2464 3099 quod
2513 3028 2776 3086 Dominus
2816 3039 3005 3087 noster
3037 3029 3194 3087 Jesus
3224 3031 3477 3088 Christus
3507 3033 3582 3087 sit

2006 3134 2167 3176 verus
2196 3119 2374 3175 Patris
2404 3120 2735 3187 intellectus,
2767 3135 2799 3176 a
2830 3136 2937 3193 quo
2964 3130 3049 3179 est
3078 3137 3206 3179 vera
3237 3123 3386 3180 ratio
3413 3123 3587 3179 totius

2004 3211 2287 3269 rationalis
2317 3221 2547 3279 naturte,
2586 3227 2706 3283 quae
2733 3213 2801 3268 ad
2832 3212 3242 3269 similitudinem
3284 3212 3404 3285 ejus
3447 3214 3586 3269 ima-

2001 3302 2142 3375 ginis
2175 3304 2387 3360 condita
2421 3302 2541 3359 fuit.
2572 3303 2707 3360 Cum
2742 3319 2872 3361 vero
2902 3304 2974 3361 sit
3003 3313 3159 3376 caput
3208 3306 3466 3375 corporis,
3492 3320 3591 3361 ca-

2001 3405 2100 3470 put
2135 3396 2406 3462 Ecclesia,
2448 3404 2509 3453 ut
2551 3396 2752 3454 asserit
2782 3395 2985 3453 Paulus
3023 3397 3301 3468 apostolus
3316 3398 3396 3466 “;
3429 3406 3486 3454 et
3509 3398 3589 3453 id-

2003 3491 2151 3547 circo
2182 3504 2374 3547 omnes
2405 3488 2640 3547 invicem
2675 3505 2863 3548 sumus
2896 3490 3164 3557 membra,
3197 3499 3253 3546 et
3272 3505 3438 3547 unum
3461 3504 3587 3545 cor-

2004 3594 2106 3651 pus
2129 3580 2375 3637 Christo.
2416 3578 2531 3635 Nec
2570 3590 2736 3651 potest
2775 3590 2930 3646 caput
2973 3579 3146 3635 dicere
3169 3580 3389 3649 pedibus
3410 3596 3430 3636 :
3461 3578 3591 3635 Non

2008 3673 2131 3726 estis
2166 3672 2296 3726 mihi
2336 3672 2651 3737 necessarii;
2678 3673 2769 3725 sed
2811 3688 2929 3725 cum
2967 3686 3130 3725 unum
3174 3672 3379 3740 patitur
3432 3686 3595 3726 ment-

2006 3764 2180 3829 brum,
2219 3764 2396 3817 omnia
2448 3763 2681 3816 membra
2739 3763 3155 3832 compatiuntur,
3204 3769 3266 3816 ut
3320 3761 3464 3817 idem
3513 3763 3593 3818 ait

2006 3853 2391 3924 Apostolus“.
2414 3851 2567 3908 Unde
2596 3851 2940 3922 potissimum
2975 3866 3075 3907 nos
3101 3859 3322 3918 oportet
3343 3865 3473 3923 erga
3507 3853 3595 3908 in-

2006 3946 2183 4001 vicem
2212 3958 2435 4002 servare
2460 3944 2825 4000 dilectionem.
2853 3942 3089 4008 Etenim,
3111 3945 3201 4015 qui
3224 3944 3443 4015 fratrem
3469 3946 3596 4000 dili-

2009 4037 2084 4108 git
2119 4052 2298 4103 suum,
2326 4036 2372 4091 is
2405 4034 2575 4090 Deum
2618 4034 2828 4105 diligit;
2872 4034 2963 4106 qui
3000 4050 3129 4092 vero
3177 4035 3354 4108 diligit
3402 4035 3593 4105 Deum,

2015 4138 2187 4186 semet
2229 4129 2403 4200 ipsum
2444 4127 2640 4199 diligit,
2688 4126 3147 4198 quemadmodum
3193 4128 3324 4185 dicit
3357 4127 3600 4187 Joannes

2011 4218 2291 4293 apostolus
2307 4218 2374 4274 “.
2405 4218 2556 4289 Rogo
2580 4234 2673 4275 vos
2704 4226 2988 4289 praeterea,
3027 4219 3181 4275 ﬁlioli
3216 4221 3325 4276 mei
3350 4221 3597 4279 dilectis-

2009 4310 2157 4377 simi,
2198 4317 2257 4367 ut
2288 4308 2628 4381 percipiatis.
2666 4309 2810 4378 quod
2848 4317 3177 4380 potestatem
3231 4309 3285 4364 in
3346 4319 3592 4367 nostram

322 4393 375 4447 in
411 4394 650 4450 animam
690 4411 845 4453 suam
895 4399 1134 4456 molitur.
1169 4400 1306 4458 Nam
1352 4406 1474 4475 quis
1503 4421 1741 4478 unquam
1791 4411 1899 4466 Deo

2007 4403 2338 4459 voluntatem
2394 4401 2658 4457 habentes
2694 4400 2895 4456 conditi
2939 4414 3160 4470 sumus,
3189 4415 3255 4458 ac
3305 4410 3595 4473 propterea

321 4483 526 4541 inferre
559 4486 725 4542 valuit
758 4488 1000 4545 laborem
1039 4501 1130 4548 aut
1157 4495 1434 4565 requiem,
1470 4507 1564 4552 aut
1598 4498 1671 4554 illi
1726 4501 1903 4557 inscr.

321 4576 437 4633 vire
458 4585 519 4632 ut
545 4590 669 4634 eum
692 4579 866 4647 decet,
895 4593 990 4637 aut
1011 4582 1232 4642 laudare
1257 4599 1523 4657 quantum
1551 4590 1599 4645 ei
1626 4594 1904 4660 convenit,

320 4680 417 4725 aut
444 4672 716 4729 honorare
737 4686 1000 4745 quantum
1029 4688 1287 4746 meretur,
1319 4690 1413 4734 aut
1441 4681 1684 4737 exaltare
1722 4700 1895 4755 quan-

324 4774 436 4820 tum
466 4775 553 4822 est
599 4767 837 4839 dignus?
882 4769 1039 4837 Quod
1089 4771 1308 4841 quidem
1344 4772 1414 4828 ob
1461 4776 1713 4846 corporis
1744 4777 1905 4848 hujus

322 4860 645 4927 gravitatem
692 4875 798 4931 qua
844 4863 1227 4933 opprimimur,
1271 4866 1488 4926 accidit.
1537 4868 1903 4936 Quamobrem

323 4960 751 5007 consentaneum
780 4953 940 5009 nobis
960 4964 1067 5021 est,
1087 4955 1173 5011 his
1189 4957 1440 5028 cognitis,
1465 4959 1708 5015 excitare
1737 4959 1904 5015 Deum

326 5042 723 5099 inhabitantem
748 5046 801 5102 in
833 5045 1010 5113 nobis,
1043 5051 1246 5106 nostris
1269 5051 1524 5121 operibus
1546 5060 1602 5107 et
1626 5052 1823 5120 gaudio
1854 5061 1912 5109 et

323 5135 763 5196 miserationibus
792 5154 920 5208 erga
946 5140 1181 5198 invicem
1207 5160 1222 5210 ;
1257 5152 1311 5198 et
1337 5158 1403 5199 ne
1426 5145 1601 5201 nostri
1637 5154 1910 5203 amatores

322 5229 675 5301 cssistamus,
716 5246 784 5288 ne
818 5231 945 5289 mali
980 5236 1158 5306 portio
1190 5234 1512 5293 elliciamur.

395 5321 503 5380 Sed
536 5335 751 5383 nosmet
777 5327 923 5397 ipsos
953 5344 1352 5401 agnoscamus:
1377 5331 1576 5402 quippe
1610 5333 1705 5402 qui
1736 5341 1911 5388 semet

325 5416 502 5488 ipsum
552 5420 820 5491 agnoscit,
858 5420 1099 5492 agnoscit
1131 5437 1349 5494 quoque
1386 5438 1579 5479 omnes
1623 5432 1906 5480 creaturas

401 5631 447 5663 “
479 5630 540 5686 ΙΙΙ
566 5631 699 5705 Reg.
739 5649 890 5701 xvtu,
925 5632 995 5688 23
1022 5648 1141 5704 sqq.

328 5719 520 5769 sum,
551 5708 603 5760 8.

1270 5632 1306 5664 “
1339 5633 1545 5689 Coloss.
1584 5647 1623 5701 ι,
1662 5634 1740 5690 18.

1872 5632 1955 5688 ⁸⁸1
1991 5633 2116 5690 Cor.
2152 5648 2251 5701 xu,
2291 5632 2381 5699 εει,
2418 5631 2511 5698 ‘26,
2560 5630 2651 5685 '27.

2013 4512 2115 4553 nos
2154 4502 2475 4567 oppugnant
2512 4494 2742 4565 spiritus
2802 4494 3048 4566 maligni,
3107 4509 3210 4552 nos
3258 4493 3597 4553 obsidentes.

2014 4590 2398 4646 Verumtamen
2430 4587 2690 4657 percipite
2707 4588 2850 4657 quod
2881 4588 3146 4659 scriptum
3168 4589 3320 4645 estin
3338 4587 3596 4644 Psalmo:

2014 4682 2247 4754 Angelus
2279 4680 2497 4737 Domini
2525 4692 2701 4736 castra
2728 4690 2959 4736 metatur
2987 4682 3045 4736 in
3071 4681 3297 4736 circuitu
3318 4682 3600 4739 electorum

2013 4774 2154 4844 ejus,
2182 4781 2233 4828 et
2262 4771 2333 4827 ab
2360 4771 2603 4827 omnibus
2636 4770 2948 4825 meroribus
2987 4771 3174 4841 eripiet
3209 4786 3297 4826 eos
3318 4770 3386 4827 “.
3427 4770 3601 4837 Cupio

2014 4866 2181 4924 etiam
2214 4873 2275 4921 ut
2294 4863 2502 4932 sciatis,
2537 4865 2682 4933 quod
2704 4862 2772 4919 de
2799 4863 3057 4919 omnibus
3085 4863 3177 4933 qui
3206 4863 3443 4936 elongati
3476 4874 3605 4921 sunt

2015 4973 2046 5013 a
2081 4958 2304 5022 virtute,
2326 4957 2438 5027 jam
2481 4964 2860 5011 consummata
2894 4964 2983 5010 est
3041 4955 3351 5011 daemonum
3422 4956 3601 5025 fraus,

2013 5061 2071 5109 et
2132 5050 2414 5122 Scriptura
2475 5049 2767 5120 adimpleta
2811 5057 2899 5104 est
2932 5047 3001 5104 de
3036 5047 3165 5115 illis,
3202 5050 3349 5119 quod
3391 5050 3606 5107 scilicet

2014 5146 2125 5202 sint
2184 5142 2277 5198 ﬁlii
2310 5141 2507 5198 diaboli
2525 5158 2551 5209 ;_
2571 5140 2819 5197 diabolus
2863 5140 3010 5198 enim
3043 5154 3167 5195 cum
3212 5155 3281 5196 ex
3315 5157 3415 5198 suo
3440 5142 3608 5199 coale-

2012 5238 2082 5294 sti
2108 5237 2298 5292 ordine
2342 5234 2414 5290 ob
2446 5233 2754 5304 superbiam
2776 5233 3084 5297 cecidisset,
3118 5243 3384 5304 perpetuo
3422 5234 3605 5291 inten-

2013 5328 2096 5383 dit
2148 5342 2335 5384 casum
2396 5327 2637 5383 omnimn
2710 5325 2802 5397 qui
2861 5325 2930 5381 ad
2993 5323 3281 5381 Dominum
3341 5316 3607 5384 accedere

2016 5422 2243 5493 cupiunt
2307 5421 2433 5477 totis
2497 5420 2720 5487 viribus,
2791 5419 2896 5477 ltac
2925 5418 3114 5475 eadem
3177 5429 3296 5478 arte
3333 5436 3440 5493 qua
3489 5422 3607 5492 ipse

2758 5627 2845 5684 "l
2882 5627 3037 5688 .loan.
3074 5645 3146 5688 tv.
3173 5629 3264 5689 2|.
3404 5628 3605 5686 *Psal.
