3990 6210
383 238 522 291 1015

1483 239 1756 297 PATRES
1789 241 2086 300 ᾹΞΟΥΡΤΙΙ
2126 245 2398 303 SECULI
2441 246 2525 303 Ν.

3495 250 3644 304 miti

307 340 315 349 ’
380 348 603 415 cecidit,
629 348 878 418 superbia
915 349 1171 404 videlicet
1206 359 1258 405 et
1288 349 1464 407 inanis
1504 353 1688 422 gloria:
1746 369 1951 410 amore.
1986 359 2032 415 Α
2057 358 2147 424 qui
2175 374 2366 427 egenus
2413 359 2584 427 fartus
2621 365 2698 412 est
2743 367 2958 426 propter
2999 373 3101 412 nos
3142 374 3258 412 cum
3293 357 3359 411 sit
3386 359 3549 423 dices,
3580 370 3639 414 ut

453 441 546 496 llis
579 444 762 512 itaque
799 459 897 498 nos
944 452 1254 514 oppugnant
1298 444 1582 512 dmmoues,
1626 462 1724 501 nos
1763 461 1793 500 a
1843 448 1954 502 Deo

382 535 467 590 his
501 535 730 605 aliisque
765 550 1023 604 separare
1073 545 1342 606 putantes.
1383 538 1573 592 Sciunt
1605 539 1773 602 enim,
1812 539 1954 606 quod

380 625 691 694 quicunque
736 625 911 694 diligit
969 625 1192 681 fratrem
1243 642 1421 690 suum,
1467 626 1644 694 diligit
1673 636 1728 681 et
1761 627 1950 681 Deum.

376 707 559 780 'Quare
604 714 848 784 injiciunt
895 717 948 770 in
989 717 1153 772 corda
1208 727 1388 772 nostra
1413 718 1504 786 (ob
1541 732 1736 772 eorum
1767 718 1951 772 stulti-

383 807 511 858 tiam
553 815 607 860 et
653 807 1018 873 inimicitiam,
1057 824 1162 877 qua
1206 810 1459 864 virtutem
1501 809 1951 880 prosequuntur,)

383 898 566 952 odium
597 912 725 967 erga
760 899 987 955 invicem
1014 918 1032 954 εν
1057 900 1130 954 ita
1164 901 1405 970 quidem,
1443 911 1500 954 ut
1532 916 1704 970 neque
1733 901 1953 954 fratrem

381 992 567 1046 videre
605 995 890 1064 quisquam
937 1003 1181 1048 nostrum
1227 993 1490 1048 sustineat
1537 1008 1714 1054 suum,
1740 1001 1834 1048 aut
1874 993 1955 1048 di-

381 1098 503 1139 cere
529 1084 579 1140 ei
609 1085 853 1140 verbum.
897 1084 1281 1151 Quamobrem,
1316 1083 1465 1139 ﬁlioli
1495 1085 1621 1149 mei,
1651 1092 1834 1138 notum
1862 1097 1954 1138 vo-

383 1175 464 1232 bis
512 1175 675 1242 facio,
710 1177 850 1246 quod
898 1176 1050 1231 multi
1096 1192 1221 1233 vere
1269 1191 1542 1232 summum
1579 1175 1956 1245 impenderunt

383 1269 621 1322 laborem
653 1270 708 1322 in
749 1270 989 1334 virtute;
1033 1268 1102 1324 ob
1148 1283 1302 1324 suam
1350 1282 1481 1323 vero
1536 1267 1952 1336 imprudentiam

383 1368 553 1413 semet
583 1361 725 1428 ipsos
757 1360 1165 1414 interemerunt.
1207 1358 1270 1413 Et
1296 1372 1424 1414 sane
1457 1357 1592 1420 scio,
1627 1357 1728 1410 hoc
1760 1355 1953 1409 mirum

384 1466 490 1505 non
521 1465 662 1514 esse,
690 1467 812 1504 cum
839 1465 940 1518 _v.os
977 1451 1227 1506 tzeduerit
1261 1449 1592 1519 operationis
1639 1447 1957 1502 existiman-

386 1553 466 1595 tes
496 1542 774 1612 possidere
810 1543 861 1598 in
886 1542 1158 1599 vobismet
1195 1542 1326 1613 ipsis
1359 1543 1624 1596 virtutes:
1655 1538 1781 1593 hinc
1812 1537 1956 1592 ccci--

383 1633 539 1688 distis
565 1633 617 1688 in
651 1635 792 1689 hunc
817 1634 1140 1690 diabolicum
1169 1634 1436 1701 morbum,
1476 1633 1567 1703 qui
1597 1640 1679 1687 est
1719 1630 1954 1701 pruden-

386 1727 471 1780 tiae
499 1726 750 1796 privatio,
785 1735 1036 1796 putantes
1058 1726 1390 1797 propinquos
1416 1740 1512 1781 vos
1542 1740 1661 1780 esse
1689 1724 1797 1780 Deo
1819 1733 1872 1778 et
1899 1723 1950 1777 in
1983 1706 2025 1762 Β

385 1817 586 1872 lumine
615 1831 738 1872 esse
770 1819 1116 1884 constitutos,
1151 1833 1274 1873 cum
1305 1833 1362 1873 re
1388 1831 1512 1872 vera
1539 1817 1591 1870 in
1619 1815 1856 1871 tenebris
1879 1817 1953 1869 si-

385 1901 686 1964 tis.'Filioli
739 1909 866 1976 mei,
895 1909 1056 1980 quid,
1093 1909 1343 1974 obsecro,
1388 1908 1673 1964 Dominum
1708 1915 1951 1962 nostrum

381 1997 566 2053 .lesum
599 2000 876 2059 Christum
923 2001 990 2055 ad
1047 1999 1407 2068 accingendos
1437 1999 1652 2054 lumbos
1686 2012 1814 2052 suos
1840 1997 1953 2052 siu-

383 2089 544 2156 tloue,
571 2101 626 2146 et
652 2093 964 2162 deponenda
991 2092 1334 2158 vestimenta,
1366 2101 1421 2146 et
1455 2104 1650 2160 aquam
1683 2091 1734 2145 in
1758 2089 1952 2159 pelvim

385 2182 731 2250 fundendam,
759 2193 812 2240 et
841 2184 1003 2254 pedes
1023 2199 1080 2240 se
1113 2183 1430 2240 inferiorum
1450 2183 1708 2238 lavandos
1735 2183 1782 2214 δ’
1805 2197 1956 2237 com-

385 2277 557 2345 pulit,
589 2277 693 2334 nisi
727 2287 784 2332 ut
815 2276 1176 2332 humilitatem
1225 2291 1327 2333 nos
1387 2277 1638 2332 doceret?
1666 2275 1836 2341 Quam
1863 2290 1958 2330 no-

387 2368 470 2425 bis
493 2369 595 2424 hoc
623 2368 870 2440 exemplo
891 2369 1034 2439 quod
1058 2376 1314 2438 operatus
1341 2377 1448 2434 est,
1490 2367 1674 2422 retulit
1701 2385 1715 2423 :
1747 2377 1800 2421 et
1827 2382 1957 2421 sane

387 2475 580 2516 omnes
614 2460 707 2531 qui
737 2460 805 2515 ad
835 2460 1123 2530 pristinum
1153 2460 1396 2516 ordinem
1428 2460 1761 2530 postliminio
1789 2458 1958 2529 recipi

389 2554 632 2624 cupiunt,
667 2554 721 2610 id
751 2553 962 2624 assequi
998 2552 1219 2609 minime
1249 2553 1447 2618 valent,
1473 2553 1574 2608 nisi
1610 2550 1911 2607 humilitate
1939 2568 1954 2604 :

385 2645 585 2701 etenim
616 2644 773 2700 initio
801 2654 980 2701 motus
1006 2644 1272 2714 superbiae
1303 2643 1426 2708 fuit,
1459 2658 1578 2712 qua:
1612 2642 1722 2713 (l8)
1761 2657 1792 2697 e
1818 2641 1956 2698 coalo

386 2738 711 2794 deturbavit.
755 2737 870 2792 Nisi
914 2750 1043 2806 ergo
1094 2736 1284 2806 ingens
1331 2736 1384 2789 in
1424 2736 1644 2792 homine
1688 2734 1960 2788 exstiterit

389 2829 673 2885 humilitas
696 2828 761 2884 de
790 2837 903 2884 toto
934 2828 1094 2882 corde
1125 2837 1180 2882 et
1206 2826 1272 2881 de
1301 2834 1409 2881 tota
1448 2835 1628 2882 mente
1663 2834 1719 2881 et
1751 2825 1817 2880 de
1847 2835 1958 2880 toto

389 2921 582 2992 Spiritu
625 2929 680 2978 et
725 2923 790 2977 de
833 2927 942 2975 tota
979 2918 1157 2974 anima
1208 2927 1265 2973 et
1310 2918 1376 2973 de
1429 2926 1541 2973 toto
1575 2931 1823 2985 corpore,
1850 2931 1956 2970 non

389 3012 730 3069 hmreditabit
761 3027 982 3083 regnum
1021 3012 1144 3076 Dei,
1175 3011 1472 3066 secundum
1505 3010 1649 3080 quod
1694 3009 1954 3079 scriptum

390 3115 496 3160 est.
529 3103 816 3175 Equidem,
843 3103 990 3158 ﬁlioli
1027 3101 1370 3158 dilectissimi
1399 3101 1452 3156 in
1489 3101 1734 3167 Domino,
1766 3100 1958 3168 depre-

390 3211 486 3255 cor
517 3196 830 3253 Creatorem
871 3211 1050 3250 meum
1080 3197 1131 3249 in
1165 3195 1317 3265 cujus
1346 3193 1596 3248 manibus
1633 3201 1712 3248 est
1739 3193 1962 3263 spiritus

391 3307 563 3357 meus,
597 3300 758 3346 noctu
798 3289 1019 3359 diuque,
1047 3297 1104 3341 ut
1139 3287 1406 3342 illuminet
1433 3289 1621 3342 oculos
1661 3287 1839 3341 cordis
1869 3301 1963 3340 ve-

394 3383 517 3446 stri,
554 3389 613 3436 ut
636 3380 946 3451 agnoscatis
975 3378 1206 3446 primum
1245 3392 1417 3432 meam
1444 3391 1569 3447 erga
1604 3391 1698 3430 vos
1724 3375 1960 3429 charita-

395 3486 540 3538 tem;
569 3481 679 3527 tum
719 3469 1062 3542 prospiciatis
1099 3479 1262 3538 atque
1307 3467 1653 3538 cognoscatis
1681 3466 1960 3521 confusio-

393 3579 515 3621 nem
556 3572 826 3627 veStram;
874 3575 996 3614 nam
1045 3561 1135 3630 qui
1177 3574 1329 3616 suam
1371 3559 1648 3628 cognoscit
1687 3557 1963 3614 conlusio-

395 3672 545 3721 nem,
574 3657 622 3711 is
644 3656 875 3727 gloriam
901 3655 1130 3709 electam
1159 3668 1342 3708 veram
1380 3653 1575 3722 quaerit
1607 3671 1619 3706 :
1647 3652 1844 3722 quippe
1871 3650 1964 3722 qui

392 3765 542 3807 suam
562 3749 708 3804 novit
726 3746 1123 3813 mortalitatem,
1146 3747 1191 3800 is
1206 3745 1316 3814 jam
1339 3746 1481 3800 novit
1506 3744 1665 3797 vitam
1683 3753 1962 3798 aeternam.

392 3840 584 3904 Timeo
614 3855 767 3906 sane,
797 3839 946 3895 ﬁlioli
978 3839 1104 3902 mei,
1134 3853 1200 3892 ne
1223 3836 1642 3906 comprehendat
1676 3849 1770 3888 vos
1791 3833 1966 3888 chari-

396 3945 478 3990 tas
522 3942 572 3988 et
621 3940 910 4002 paupertas
945 3930 996 3983 in
1042 3929 1124 3982 via
1159 3928 1489 3999 perducente
1524 3927 1589 3980 ad
1638 3925 1833 3990 locum,
1857 3939 1965 3995 quo

395 4028 609 4095 assequi
642 4024 830 4079 valetis
858 4023 1094 4077 divitias.
1127 4021 1298 4092 Cupio
1326 4030 1508 4075 autem
1535 4019 1718 4074 videre
1753 4033 1848 4073 vos
1880 4018 1966 4072 hic

395 4118 448 4174 in
489 4131 716 4186 corpore
743 4133 758 4182 ;
788 4125 1024 4172 attamen
1057 4124 1312 4184 exspecto
1337 4111 1589 4168 saeculum
1619 4111 1746 4167 illud
1775 4111 1829 4166 iu
1859 4125 1965 4181 quo

395 4210 538 4266 nulla
587 4210 729 4265 inest
768 4209 1022 4265 mmstitia
1051 4222 1226 4278 neque
1262 4220 1466 4263 mmror
1503 4220 1675 4275 neque
1709 4205 1961 4274 gemitus.

394 4305 486 4360 sed
518 4302 712 4362 laetitia.
739 4311 794 4356 et
817 4301 1070 4372 gaudium
1104 4299 1355 4354 omnibus
1381 4311 1507 4352 vere
1543 4297 1670 4351 illud
1705 4297 1963 4350 merenti-

2056 447 2169 516 ejus
2202 457 2428 517 egestate
2467 448 2797 514 ditemur“;
2839 449 3067 519 ejusque
3117 449 3422 503 muniantur
3459 450 3630 504 humi.

2058 539 2233 604 litate,
2265 550 2319 595 et
2350 541 2620 608 sapientes
2649 539 2947 594 efficiamur
2971 541 3022 594 in
3051 539 3392 597 stultioribus
3417 541 3556 608 ejus,
3587 551 3637 595 et

2057 629 2202 684 illius
2232 640 2405 684 morte
2432 645 2808 700 resurgamus,
2838 638 2892 684 et
2922 630 3219 685 clamemus
3251 646 3373 684 cum
3408 632 3639 699 Aposm-

2057 719 2107 774 lo
2134 721 2374 777 dicentes
2411 738 2425 775 :
2458 721 2524 774 Et
2555 723 2598 775 si
2631 722 2994 789 cognoscimus
3022 721 3171 775 illum
3200 722 3252 776 in
3305 738 3488 788 carne,
3526 738 3641 774 mo-

2055 813 2122 865 do
2161 828 2264 865 non
2299 813 2654 881 cognoscimus
2685 813 2832 865 illum
2862 813 2938 866 sic
2961 812 3025 866 ".
3061 812 3265 867 Revera
3311 824 3521 878 autem,
3552 814 3642 866 di-

2056 902 2360 968 lectissimi,
2405 904 2526 958 dico
2577 903 2748 969 vobis,
2775 905 2940 959 verba
2998 906 3110 960 haec
3147 907 3366 961 subtilia
3419 924 3545 963 esse
3581 909 3634 962 in

2059 1009 2158 1050 suo
2189 1010 2373 1066 sensu,
2407 995 2680 1064 multaque
2716 997 2890 1051 habeo
2917 999 2982 1052 de
3007 998 3111 1052 illis
3147 999 3369 1053 dicenda
3400 1017 3414 1054 :
3448 1016 3638 1054 verum

2061 1087 2163 1140 hoc
2201 1095 2412 1155 tempus
2436 1101 2542 1140 non
2583 1096 2670 1141 est
2693 1089 2998 1157 exponendi
3037 1103 3135 1152 ea;
3175 1091 3268 1144 sed
3297 1099 3356 1144 ut
3381 1091 3639 1160 incipiam

2056 1179 2237 1233 dicere
2287 1177 2441 1233 vobis
2482 1178 2709 1234 salutem
2759 1179 2809 1233 iu
2869 1181 3117 1248 Domino,
3149 1182 3296 1237 ﬁlioli
3332 1185 3435 1238 mei
3471 1184 3640 1240 bene-

2057 1270 2206 1332 dicti,
2239 1280 2536 1340 notumque
2562 1270 2720 1326 vobis
2765 1271 2969 1336 facere,
2994 1274 3136 1343 quod
3170 1274 3324 1329 nobis
3346 1276 3437 1344 qui
3483 1292 3641 1331 acce-

2057 1358 2190 1413 dere
2234 1360 2480 1416 volumus
2520 1364 2584 1416 ad
2615 1362 2931 1420 Creatorem
2969 1375 3240 1430 nostrum,
3275 1382 3503 1422 necesse
3534 1369 3630 1430 sit,

2058 1459 2119 1503 ut
2149 1460 2424 1507 certemus
2453 1468 2550 1523 pro
2581 1452 2901 1509 liberatione
2923 1454 3224 1509 animarum
3257 1465 3567 1510 nostrarum
3606 1473 3637 1510 a

2057 1543 2401 1611 passionibus
2429 1544 2727 1600 secundum
2757 1546 3176 1601 intellectualem
3211 1547 3404 1618 legem.
3430 1549 3643 1616 Quippe

2058 1649 2125 1688 cx
2161 1633 2546 1704 adimpletione
2569 1636 2819 1691 fraudum
2854 1649 2909 1691 et
2935 1637 3293 1693 delectatione
3326 1640 3639 1708 passionum

2057 1733 2114 1779 et
2169 1725 2562 1782 diabolicarum
2613 1726 2971 1782 tentationum
3017 1726 3358 1782 multitudine
3399 1728 3644 1783 inﬁrma-

2057 1827 2168 1872 tum
2203 1827 2288 1874 est
2315 1818 2572 1875 sensibile
2603 1829 2871 1883 nostrum,
2901 1827 2955 1874 et
2980 1819 3246 1874 demortui
3302 1829 3430 1874 sunt
3461 1832 3642 1874 motas

2055 1910 2358 1965 animarum
2392 1919 2699 1966 nostrarum
2728 1928 2741 1964 :
2774 1911 3001 1980 ideoque
3034 1926 3137 1965 non
3168 1911 3413 1966 valemus
3441 1923 3645 1966 nostra:

2058 2001 2437 2057 intellectualis
2469 2001 2791 2056 substantiae
2836 2014 3168 2070 cognoscere
3212 2001 3640 2068 magnitudinem

2057 2103 2275 2166 propter
2305 2094 2582 2165 passiones
2613 2093 2668 2148 in
2706 2107 2843 2163 quas
2886 2093 3215 2158 incidimus;
3264 2106 3437 2160 neque
3484 2094 3644 2147 nobis

2056 2188 2200 2243 salus
2229 2196 2333 2255 est,
2376 2187 2479 2242 nisi
2520 2202 2615 2258 per
2652 2186 2937 2241 Dominum
2984 2194 3225 2239 nostrum
3269 2182 3454 2238 Jesum
3488 2185 3643 2240 Chri-

2058 2291 2222 2337 stum.
2261 2280 2531 2350 Scriptum
2566 2279 2708 2334 enim
2739 2288 2821 2334 est
2856 2279 2908 2332 in
2940 2276 3184 2348 apostolo
3209 2277 3374 2330 Paulo
3399 2278 3467 2340 “,
3497 2276 3646 2347 quod

2058 2388 2154 2442 per
2181 2372 2413 2442 primum
2452 2370 2622 2424 Adam
2666 2369 2766 2424 fuit
2810 2385 2976 2437 mors,
3006 2377 3061 2424 et
3093 2385 3190 2439 per
3215 2369 3496 2424 Christum
3539 2367 3644 2421 fuit

2057 2467 2188 2519 vita.
2235 2463 2493 2518 Dominus
2521 2462 2687 2531 igitur
2719 2461 2859 2516 Deus
2899 2470 3082 2516 noster
3113 2460 3371 2514 Christus
3402 2467 3486 2513 est
3523 2457 3642 2512 vita

2059 2555 2297 2608 omnium
2335 2553 2679 2608 rationaliqu
2711 2553 2778 2606 ad
2819 2552 3234 2607 similitudinem
3285 2550 3402 2616 ejus
3443 2551 3640 2618 imagi-

2060 2646 2144 2700 nis
2161 2644 2498 2699 conditorum
2533 2659 2549 2708 ;
2587 2658 2709 2713 qua:
2733 2652 2816 2697 est
2843 2657 3003 2697 verus
3028 2641 3203 2696 Patris
3237 2641 3556 2699 intellectus.
3585 2648 3644 2692 rt

2062 2737 2239 2805 imago
2287 2734 2464 2790 Patris
2516 2735 2945 2790 inconvertibilis
2984 2743 3038 2788 et
3083 2733 3450 2788 immutabilis.
3497 2729 3622 2784 Hice

2061 2843 2188 2882 vero
2214 2827 2388 2898 imago
2420 2841 2688 2896 apparens
2713 2827 2982 2881 exsistens
3022 2827 3072 2880 in
3101 2825 3364 2880 creaturis
3403 2837 3632 2877 convero

2063 2919 2226 2974 tibilis
2250 2927 2332 2974 est
2363 2937 2376 2973 :
2406 2919 2609 2973 idcirco
2640 2918 2694 2972 in
2722 2933 2784 2972 ea
2817 2916 2956 2972 facta
2981 2926 3071 2972 est
3097 2930 3242 2971 mors
3273 2926 3457 2969 nostra
3485 2916 3633 2984 (eon-

2063 3020 2145 3064 tra
2181 3024 2307 3064 vero
2335 3018 2418 3064 est
2449 3016 2642 3063 natura
2678 3007 3106 3077 intellecutalis),
3133 3016 3189 3061 et
3211 3021 3276 3060 ex
3301 3020 3363 3061 ea
3393 3005 3446 3058 iu
3470 3019 3638 3059 carne

2005 3081 2031 3104 ³
2064 3105 2173 3158 nati
2209 3118 2413 3169 sumus,
2464 3111 2518 3158 et
2561 3103 2690 3158 facti
2733 3117 2923 3158 sumus
2963 3102 3340 3172 domus-plena
3383 3099 3640 3156 certami-

2063 3197 2167 3251 nis.
2200 3195 2311 3266 Ego
2359 3206 2540 3250 autem
2596 3194 2861 3250 teStiﬁcor
2892 3195 3043 3249 vobis
3082 3205 3138 3248 et
3165 3194 3305 3259 dico,
3337 3191 3480 3262 quod
3518 3206 3638 3245 cum

2056 3285 2168 3354 jam
2207 3286 2586 3341 amisissemus
2623 3300 2812 3340 omnes
2855 3285 3109 3350 virtutes,
3143 3285 3471 3351 vrdissetque
3500 3280 3642 3334 Deus

2063 3379 2226 3434 Pater
2269 3385 2510 3433 nostram
2555 3377 2949 3442 inﬁrmitatem,
2976 3385 3030 3431 et
3061 3377 3202 3446 quod
3243 3375 3514 3430 sustinere
3545 3373 3644 3427 mi-

2067 3471 2209 3526 nime
2233 3471 2476 3525 valemus
2507 3468 2624 3538 ejus
2659 3469 2711 3524 in
2734 3468 2889 3523 nobis
2917 3467 3408 3530 manifestationcm
3448 3480 3643 3518 secun-

2065 3564 2190 3618 dum
2226 3561 2495 3632 propriam
2525 3560 2752 3615 lormam
2793 3573 2960 3628 penes
2987 3573 3170 3613 veram
3201 3557 3318 3626 ejus
3348 3557 3642 3617 rationem,

2065 3653 2213 3708 misit
2244 3653 2433 3708 Filium
2468 3667 2626 3707 suum
2670 3651 3029 3721 unigenitum,
3065 3651 3155 3719 qui
3200 3647 3496 3716 assumpsit
3526 3661 3647 3701 car-

2067 3762 2187 3801 nem
2242 3755 2504 3810 nostram,
2545 3754 2598 3798 et
2635 3758 2787 3798 suam
2836 3742 3020 3796 invisit
3064 3750 3369 3796 creaturam
3408 3752 3648 3806 suosque

2066 3838 2342 3892 ministros
2388 3846 2442 3892 et
2483 3845 2700 3892 sanctos
2728 3835 2842 3889 suis
2881 3833 3055 3888 donis.
3096 3832 3302 3900 Itaque,
3341 3830 3494 3884 ﬁlioli
3541 3830 3646 3883 mei

2068 3931 2201 3985 mihi
2240 3928 2604 3992 dilectissimi,
2647 3929 2878 3982 obsecro
2930 3940 3023 3980 vos
3059 3940 3152 3994 per
3179 3939 3352 3978 meam
3389 3937 3519 3992 erga
3555 3936 3651 3978 vos

2066 4021 2428 4086 dilectionem,
2467 4027 2524 4076 ut
2564 4017 2836 4074 accedatis
2861 4017 2927 4071 ad
2961 4015 3242 4070 Dominum
3275 4015 3341 4069 de
3372 4025 3487 4069 toto
3517 4029 3646 4068 cor-

2066 4115 2131 4171 de
2163 4123 2360 4180 vestro,
2387 4114 2724 4183 exploratum
2765 4111 3045 4170 trahentes,
3085 4109 3226 4179 quod
3264 4110 3448 4162 omnia
3482 4121 3651 4177 Opera

2069 4217 2254 4263 nostra
2283 4220 2404 4275 qua:
2443 4204 2669 4259 Domino
2717 4201 3017 4266 oﬂ‘erimus,
3064 4200 3234 4270 gratia
3279 4215 3444 4268 quam
3492 4200 3650 4253 nobis

2069 4299 2326 4367 elargitus
2354 4306 2438 4353 est
2475 4297 2765 4364 mediante,
2796 4294 2910 4362 ejus
2950 4308 3050 4363 pro
3098 4292 3253 4346 nobis
3280 4291 3649 4344 humiliationi

393 4395 528 4462 bus;
567 4409 632 4449 ac
679 4403 740 4448 ut
775 4392 1159 4447 eonveniamus
1200 4389 1271 4445 ibi
1316 4403 1476 4458 quam
1506 4388 1614 4442 cito
1651 4396 1708 4442 et
1751 4388 1961 4443 videam
1998 4389 2040 4446 Ι)
2069 4391 2480 4459 haudquaquam
2531 4389 2640 4443 sint
2693 4385 3080 4456 comparanda.
3138 4382 3302 4437 Nobis
3345 4381 3490 4435 enim
3543 4395 3654 4435 non

394 4503 508 4541 vos.
555 4487 776 4541 Demum
823 4483 994 4538 multa
1029 4481 1204 4536 adhuc
1242 4488 1450 4534 restant
1496 4479 1625 4534 mihi
1667 4481 1830 4533 verba
1881 4495 1968 4535 vo-

394 4584 476 4639 his
501 4583 760 4636 dicenda:
799 4593 982 4632 verum
1019 4587 1228 4647 tempus
1257 4575 1398 4630 haud
1434 4583 1794 4645 Opportunum
1822 4589 1966 4630 nunc

392 4685 507 4742 est;
540 4674 634 4729 sed
672 4681 883 4741 tempus
921 4679 1037 4734 cst,
1067 4678 1128 4723 ut
1173 4667 1328 4724 vobis
1378 4667 1696 4721 nominatim
1736 4665 1962 4720 salutem

393 4771 592 4830 dicam,
633 4765 782 4824 ﬁlioli
832 4763 937 4818 mei
977 4759 1333 4818 dilectissimi.
1371 4758 1450 4813 Ac
1505 4758 1734 4814 Domino
1783 4766 1965 4818 nostro

393 4858 519 4915 Iesu
544 4857 762 4913 Christo
794 4856 868 4912 sit
891 4853 1056 4924 gloria
1086 4852 1136 4904 iu
1157 4851 1350 4905 saecula
1383 4849 1727 4907 saeculorum.
1763 4851 1960 4904 Amen.

940 4987 1274 5045 EPISTOLA
1317 4983 1428 5040 V’ll.

401 5110 551 5166 Filiis
587 5111 694 5169 suis
719 5106 1006 5170 monachis,
1032 5104 1200 5175 inqua
1227 5101 1330 5175 illis
1350 5103 1694 5166 demonstrat,
1719 5110 1966 5175 nostram

463 5182 686 5235 salutem
748 5194 910 5248 neque
949 5192 1039 5241 per
1093 5173 1551 5248 angelum-neque
1583 5188 1676 5248 per
1709 5173 1967 5224 hominem

468 5251 662 5317 factam
699 5241 834 5313 esse,
866 5247 961 5302 sed
988 5261 1080 5313 per
1107 5244 1298 5317 ADeum
1334 5241 1557 5317 Verbum
1610 5241 1964 5294 incarnatum.

469 5314 692 5387 insuper
717 5337 802 5373 eos
834 5319 1016 5371 incitat
1049 5315 1114 5372 ad
1150 5314 1522 5387 decertandum
1555 5327 1764 5387 summa
1793 5324 1966 5364 certa-

466 5381 621 5452 mine,
656 5400 708 5442 ut
745 5389 964 5442 salutem
995 5394 1400 5454 consequantur.
1436 5381 1581 5436 Dixit
1618 5397 1636 5434 :

472 5500 728 5574 liquidem
763 5501 878 5554 novi
903 5500 1129 5570 gratiam
1167 5495 1376 5554 Domini
1408 5495 1571 5548 nostri
1590 5492 1716 5548 Iesu
1743 5493 1964 5556 Christi,

471 5614 515 5646 "
545 5611 695 5668 Joan.
730 5630 848 5671 xm.
878 5615 909 5668 li
937 5629 1055 5684 sqq.
1149 5613 1190 5644 δε
1225 5610 1261 5665 ll
1289 5610 1410 5664 Cor.
1448 5622 1564 5674 \‘lll,
1600 5606 1650 5661 9.

469 5707 579 5779 (l8)
611 5705 759 5773 Qum.
800 5706 891 5762 Vel
921 5710 1025 5780 qui.

1732 5609 1772 5637 ³⁷
1804 5605 1838 5660 ΙΙ
1876 5606 1997 5663 Cur.
2035 5622 2084 5673 ν,
2119 5608 2195 5662 lG.

2068 4482 2291 4551 indiget,
2327 4496 2502 4550 neque
2527 4482 2592 4533 ad
2625 4495 2723 4534 nos
2751 4480 2897 4533 venit
2931 4486 3150 4547 propter
3181 4483 3420 4528 nostram
3467 4472 3656 4526 humi-

2067 4575 2292 4637 litatem,
2325 4587 2509 4626 verum
2533 4572 2601 4626 ob
2628 4572 2898 4641 ingentem
2931 4567 3047 4636 ejus
3071 4567 3370 4622 bonitatem
3393 4575 3447 4618 et
3471 4561 3650 4615 humi-

2069 4664 2270 4721 litatem
2302 4663 2738 4730 charitatemque
2777 4657 3401 4727 incomprehensibilem.
3446 4651 3646 4720 Neque

2067 4763 2176 4829 egit
2229 4759 2508 4818 uobiscum
2543 4756 2696 4824 juxta
2745 4764 2964 4827 peccata
3024 4765 3236 4815 nostra,
3285 4752 3376 4806 sed
3411 4747 3657 4818 injunxit

2073 4852 2210 4905 luna:
2253 4859 2310 4906 et
2359 4850 2528 4905 stellis
2586 4850 2851 4903 inservire
2889 4847 3073 4900 domui
3127 4845 3252 4901 huic
3304 4843 3653 4897 tenebrarum

2070 4959 2193 5015 qum
2222 4953 2303 4998 εει
2337 4941 2682 5006 mundus,_ad
2717 4941 2958 5010 corporis
2987 4935 3424 4992 subsistentiam.

2145 5035 2438 5089 Constituit
2471 5044 2734 5104 prmterea
2784 5033 2884 5083 alia
2923 5028 3192 5102 permulta
3247 5026 3459 5083 occulta
3496 5022 3652 5078 nobis

2076 5127 2446 5190 iuservientia,
2488 5141 2604 5195 qua:
2639 5123 2912 5192 corporeis
2966 5121 3170 5176 nostris
3211 5120 3383 5174 oculis
3429 5116 3654 5171 minime

2071 5219 2370 5274 cernimus.
2402 5217 2512 5272 Nos
2536 5232 2664 5271 vero
2693 5216 2762 5270 ob
2795 5223 3103 5269 nostrorum
3137 5219 3488 5282 peccatorum
3514 5205 3654 5260 mul-

2074 5309 2382 5376 titudinem,
2414 5323 2603 5362 eorum
2643 5321 2768 5376 erga
2822 5319 2920 5359 nos
2962 5303 3281 5357 servitutem
3320 5298 3533 5352 irritam
3574 5293 3654 5348 fe-

2072 5403 2268 5457 cimus.
2295 5402 2364 5455 At
2406 5400 2556 5470 quid,
2595 5400 2780 5463 sodes,
2823 5396 3061 5455 Domino,
3095 5402 3282 5448 nostro
3320 5390 3409 5444 die
3454 5385 3650 5459 judicii

2073 5496 2354 5552 dicemus?
2388 5493 2519 5550 Nam
2567 5493 2692 5564 quid
2751 5493 3022 5548 honorum.
3071 5487 3357 5542 nobiscum
3419 5484 3651 5554 ipsemet

2336 5611 2374 5644 ³⁸
2403 5608 2417 5662 l
2451 5607 2569 5664 Cor.
2616 5623 2702 5672 xv,
2731 5605 2817 5657 2:2.
