3990 6210
266 277 406 340 10ὶῖ

1277 282 1332 336 S.
1378 281 1657 338 ANTONII
1704 283 1773 338 Μ.
1817 282 2110 340 ΛΒΒᾹἸῚΞ
2150 284 2534 343 EPISTOLE.

3413 291 3552 348 1018

261 405 522 462 operatus
545 406 658 448 non
688 393 810 449 est?
839 391 1055 455 Etenim
1084 407 1184 449 nec
1219 398 1546 465 patriarcha:
1571 416 1668 470 pro
1707 400 1864 456 nobis
1895 404 1940 459 Α
1970 401 2191 459 dantim.
2220 402 2354 458 Nam
2385 406 2696 473 quicunque
2721 404 2827 460 Deo
2854 403 3185 468 iuservicrit,
3215 404 3470 474 illumque
3493 408 3558 459 de

261 485 544 557 defatigati
571 497 723 552 sunt,
769 502 868 541 nec
902 489 1217 544 sacerdotes
1251 507 1350 546 nos
1397 493 1722 559 docuerunt,
1761 513 1859 551 nec

262 582 472 655 judices
505 589 560 634 et
587 594 746 648 reges
768 594 866 648 pro
894 579 1048 634 nobis
1084 581 1436 638 deccrtarunt
1491 603 1588 641 nec
1626 589 1857 657 apostoli

263 689 364 743 pro
400 672 560 727 nobis
598 671 1040 742 persecutionem
1073 674 1218 741 passi
1249 686 1398 742 sunt,
1441 677 1536 731 sed
1563 676 1738 730 Filius
1770 677 1861 731 di-

269 766 462 832 lectus,
498 762 758 828 Verbum,
793 779 892 834 pro
941 764 1098 820 nobis
1157 768 1410 822 erunibus
1472 778 1716 824 mortuus
1755 753 1858 824 est.

269 857 646 922 Quamobrem
680 856 827 910 omni
872 856 1108 926 puritate
1148 872 1246 912 nos
1284 861 1465 928 parari
1495 869 1733 930 oportet,
1766 875 1861 916 ea-

271 950 506 1020 demque
539 949 856 1004 ordinantes
893 952 1167 1020 proposita
1205 962 1258 1004 ct
1289 967 1481 1008 sensus
1531 962 1748 1010 nostros
1777 953 1862 1006 in-

271 1051 359 1096 ter
390 1043 585 1099 bonum
616 1051 671 1097 et
700 1040 897 1094 malum
937 1042 1256 1107 variabites;
1298 1060 1422 1098 cum
1456 1061 1680 1100 necesse
1731 1060 1864 1114 quo-

275 1150 383 1204 que
411 1135 501 1198 sit,
532 1151 635 1190 nos
677 1134 952 1190 immutari
1000 1145 1053 1190 et
1083 1151 1378 1192 occurrere
1419 1137 1644 1194 Domino
1680 1148 1867 1192 nostro

274 1225 404 1282 Jesu
437 1227 676 1288 Christo,
709 1228 799 1298 qui
836 1227 1058 1282 veniens
1084 1230 1148 1283 ad
1191 1245 1288 1284 nos
1317 1231 1432 1285 suis
1461 1230 1716 1284 on'mibus
1746 1229 1864 1282 dis-

275 1321 714 1390 pensationibus,
764 1335 866 1376 nos
913 1320 1202 1391 liberavit,
1242 1332 1296 1375 et
1333 1323 1382 1375 in
1417 1323 1669 1377 onmibus
1711 1321 1868 1375 nobis

277 1411 619 1467 assimilatus
657 1420 744 1466 est
789 1421 984 1480 praeter
1037 1424 1318 1483 peccatum
1351 1415 1416 1467 δ’.
1451 1414 1602 1481 Quod
1647 1413 1866 1484 quidem

283 1503 556 1572 aliquibus
582 1502 681 1557 luit
712 1503 765 1557 in
798 1503 1130 1569 scandalum,
1167 1506 1290 1560 aliis
1318 1521 1447 1562 vero
1479 1507 1532 1560 in
1558 1507 1865 1572 utilitatem,

276 1594 401 1650 aliis
444 1595 499 1648 in
547 1594 870 1664 sapientiam
900 1602 956 1650 et
1005 1596 1398 1664 fortitudinem,
1437 1598 1560 1653 aliis
1596 1599 1648 1652 in
1686 1615 1871 1654 resur-

279 1685 581 1740 rectionem
633 1694 687 1740 et
723 1687 911 1741 vitam.
946 1685 1152 1758 Itaque,
1202 1689 1346 1744 ﬁlioli
1387 1691 1514 1755 mei,
1547 1701 1732 1745 notum
1769 1693 1870 1746 hoc

1972 499 2088 547 toto
2119 494 2281 547 corde
2305 493 2602 561 qmcsierit,
2633 496 2683 547 id
2725 508 2858 548 sane
2883 493 3014 547 facit
3038 509 3133 548 sua
3170 495 3403 548 naturali
3431 495 3556 548 sub.

1970 587 2192 639 stantia.
2240 585 2296 640 Si
2337 599 2516 639 autem
2551 587 2949 656 perpetraverit
2996 597 3278 655 peccatum
3315 585 3554 655 aliquod,

1972 679 2402 747 reprehensione
2437 695 2666 750 pcenave
2688 680 2884 749 dignus
2915 681 3040 744 erit,
3076 697 3198 735 cum
3235 681 3288 735 id
3317 681 3555 734 alienum

1971 771 2044 824 sit
2077 786 2105 824 a
2136 771 2363 825 naturali
2408 774 2731 827 substantia.
2769 770 2957 842 Itaque
3002 775 3104 828 hoc
3149 774 3482 840 cognoscite,
3506 781 3558 827 et

1972 863 2168 918 scitote
2196 878 2280 917 me
2322 863 2452 917 nihil
2498 863 2674 918 celare
2707 879 2827 926 vos,
2861 875 2953 918 aut
2988 867 3282 936 quidquam
3329 867 3560 925 abscon-

1973 955 2102 1009 dere
2129 971 2158 1008 a
2187 956 2341 1009 vobis
2378 956 2519 1024 quod
2547 955 2612 1009 ad
2648 966 2882 1010 vestram
2918 967 3125 1026 spectet
3154 957 3410 1012 salutem.
3443 956 3556 1011 No-

1975 1056 2087 1101 tum
2133 1059 2390 1117 prmterca
2442 1048 2593 1102 vobis
2637 1049 2795 1113 facio,
2828 1064 3025 1117 corpus
3054 1059 3316 1119 perpetuo
3347 1051 3561 1119 Spiritui

1976 1141 2271 1203 adversari,
2311 1149 2367 1193 ιιι
2415 1141 2491 1194 ait
2537 1139 2740 1196 Paulus
2795 1142 3074 1210 apostolus
3099 1141 3167 1196 ⁸³.
3200 1141 3563 1207 Quamobrem

1975 1230 2063 1298 qui
2107 1225 2474 1297 religiositatis
2507 1229 2673 1283 vitam
2706 1232 2755 1283 in
2789 1230 2915 1286 Jcsu
2962 1231 3179 1286 Christo
3228 1231 3379 1300 sequi
3415 1233 3567 1301 culti-

1977 1319 2066 1381 tis,
2101 1333 2196 1370 vos
2235 1329 2451 1388 oportet
2486 1318 2648 1388 longe
2697 1319 2970 1388 expellere
3011 1321 3324 1390 corporales
3366 1336 3569 1375 concu-

1977 1411 2273 1480 piscentias
2317 1413 2569 1479 precibus
2608 1413 2672 1466 ad
2731 1414 3018 1467 Dominum
3076 1422 3322 1467 nostrum
3380 1412 3567 1468 Jesum

1977 1500 2251 1556 Christum
2293 1502 2446 1568 tusis,
2477 1503 2568 1572 qui
2613 1519 2708 1557 sita
2753 1503 3125 1558 misericordia
3155 1514 3208 1558 et
3235 1503 3570 1574 benignitate

1978 1595 2251 1648 amovebit
2287 1609 2316 1648 a
2353 1595 2504 1649 vobis
2545 1606 2766 1650 cunctas
2823 1611 3098 1650 arrumnas
3132 1611 3195 1650 ac
3240 1595 3570 1650 tentationes

1980 1700 2100 1754 quae
2146 1701 2173 1739 a
2221 1701 2455 1756 corpore
2494 1696 2815 1756 emergunt;
2847 1689 3036 1756 quales
3061 1688 3203 1757 passi
3233 1698 3359 1743 sunt
3387 1698 3576 1758 patres

279 1778 440 1832 vobis
475 1777 572 1839 sit,
613 1777 760 1846 quod
807 1792 1002 1848 nempe
1033 1779 1244 1835 Domini
1291 1781 1460 1834 nostri
1499 1783 1763 1836 adventus
1792 1781 1871 1836 fa-
1904 1765 1948 1822 Β
1985 1778 2157 1833 nostri
2195 1779 2448 1849 apostoli,
2501 1779 2590 1846 qui
2644 1794 2740 1834 sua
2789 1781 3062 1833 mediante
3107 1781 3373 1849 patientia
3400 1781 3572 1836 hostis

285 1878 410 1923 ctus
434 1869 507 1923 sit
540 1866 648 1923 illis
675 1869 728 1922 in
752 1868 1034 1938 judicium,
1065 1878 1119 1924 et
1144 1872 1196 1924 in
1228 1873 1396 1926 vitam
1431 1872 1571 1926 istis.
1599 1873 1668 1926 At
1699 1875 1764 1927 de
1789 1873 1870 1928 his

283 1960 416 2015 dicit
444 1959 713 2016 Jcremias
746 1961 1044 2030 propheta:
1084 1959 1298 2016 Venient
1350 1963 1486 2027 dies,
1520 1963 1649 2017 dicit
1685 1963 1867 2017 Domi-

282 2067 402 2118 nus,
436 2059 485 2105 et
515 2052 832 2105 constituam
855 2051 1015 2121 legem
1053 2069 1221 2106 meam
1239 2054 1292 2105 in
1323 2054 1620 2120 pectoribus
1646 2069 1847 2119 eorum,

279 2151 330 2197 et
357 2140 580 2196 scribam
601 2140 751 2193 illaut
775 2141 828 2194 in
854 2141 1100 2194 cordibus
1129 2158 1345 2207 eorum;
1369 2154 1415 2196 et
1449 2157 1536 2197 ero
1568 2143 1673 2197 illis
1696 2142 1854 2206 Deus,

281 2244 329 2287 et
363 2243 514 2286 erunt
547 2232 675 2284 mihi
719 2231 980 2301 populus;
1032 2240 1081 2286 et
1117 2242 1228 2286 tum
1270 2250 1420 2286 nemo
1455 2234 1657 2288 docebit
1705 2236 1870 2288 civem

286 2340 464 2388 suum,
497 2340 654 2393 neque
684 2322 904 2393 fratrem
934 2340 1110 2383 suum,
1141 2325 1318 2378 dicens
1347 2341 1366 2378 :
1396 2323 1661 2395 Cognosce
1690 2323 1871 2378 Domi-

291 2432 455 2481 num;
483 2416 664 2470 etenim
700 2432 877 2470 omnes
925 2433 1005 2470 me
1031 2425 1340 2487 cognoscent
1369 2434 1398 2469 a
1431 2417 1622 2469 ntinori
1657 2417 1722 2468 ad
1755 2433 1869 2469 mu-

280 2508 480 2579 jorem,
522 2516 570 2561 et
612 2524 780 2562 emam
825 2523 916 2561 eos
949 2524 982 2560 a
1015 2509 1238 2577 peccatis
1290 2524 1492 2574 eorum,
1524 2524 1614 2560 nec
1645 2508 1871 2576 amplius

290 2610 521 2653 revertar
567 2599 838 2654 recordari
902 2599 1113 2652 illorum
1170 2610 1501 2668 peccatorum
1526 2601 1592 2653 ⁸ο.
1637 2600 1711 2653 De
1765 2600 1872 2654 illis

287 2706 418 2745 vero
461 2692 751 2759 Apostolus
807 2692 933 2746 dicit
965 2707 977 2744 :
1007 2691 1077 2746 Ut
1141 2710 1291 2746 omne
1344 2710 1401 2746 os
1452 2693 1783 2757 obstruetur,
1821 2703 1872 2747 et

287 2784 545 2837 subdatur
579 2785 748 2837 omnis
791 2785 1016 2839 taurulus
1068 2785 1172 2838 Deo
1194 2785 1262 2840 “.
1300 2785 1507 2854 Quippe
1555 2786 1647 2854 qui
1701 2785 1868 2840 Deum

290 2885 698 2946 cognoverunt,
747 2889 847 2930 nec
893 2874 1040 2928 illttm
1089 2883 1147 2928 ut
1191 2874 1355 2930 Deum
1405 2874 1770 2930 laudaverunt
1803 2877 1872 2930 ob

288 2983 446 3025 suam
488 2967 854 3037 insipientiam
883 2982 1003 3038 quae
1028 2967 1353 3036 sapientiam
1383 2967 1474 3022 Dei
1502 2968 1754 3038 excipere
1788 2983 1877 3022 ne-

291 3060 432 3130 quit,
461 3059 541 3113 ira
577 3074 742 3128 super
772 3059 892 3114 illos
923 3059 1236 3114 descendet.
1270 3057 1415 3126 Jam,
1447 3060 1598 3114 ﬁlioli
1629 3061 1756 3128 mci,
1801 3060 1880 3114 vi-

292 3153 392 3210 deo
429 3152 573 3220 quod
620 3153 995 3222 unusquisque
1033 3162 1280 3207 nostrum
1329 3168 1451 3207 sese
1486 3153 1644 3207 malis
1685 3163 1880 3223 sponte

291 3246 576 3300 tradiderit
605 3261 620 3298 :
649 3261 766 3314 quae
796 3246 1014 3315 quidem
1041 3247 1091 3299 in
1122 3245 1276 3301 nobis
1308 3257 1679 3300 consummata
1712 3255 1877 3312 sunt;

291 3337 363 3393 ob
391 3346 632 3393 nostram
676 3337 1039 3408 insipientiam
1071 3338 1224 3393 nobis
1252 3337 1526 3393 dominata
1553 3347 1700 3392 sunt.

367 3432 729 3500 Quamobrem
775 3431 1003 3487 formam
1056 3433 1200 3488 servi
1237 3442 1422 3488 noster
1455 3431 1742 3502 assumpsit
1781 3429 1884 3484 Do.

297 3523 500 3588 minus,
536 3531 596 3576 ut
629 3537 727 3592 per
764 3537 883 3577 eam
947 3538 1045 3578 nos
1104 3523 1363 3586 salvaret,
1418 3537 1609 3576 omnes
1657 3519 1884 3590 implens

301 3630 432 3670 suas
462 3615 898 3684 dispensationes-
921 3629 1088 3684 usque
1112 3614 1176 3668 ad
1205 3623 1431 3668 mortem
1463 3613 1661 3678 crucis,
1687 3621 1742 3664 ut
1768 3611 1887 3682 ejus

302 3717 478 3763 morte
514 3717 678 3777 atque
705 3706 1106 3761 resurrectione
1139 3707 1210 3760 sit
1235 3705 1391 3759 nobis
1437 3704 1885 3774 praestantissima

303 3803 651 3866 resurrectio,
681 3808 968 3869 ccssetque
1007 3814 1036 3852 a
1080 3799 1238 3853 nobis
1276 3797 1470 3852 mortis
1497 3807 1741 3866 potestas
1767 3810 1888 3864 quae

298 3906 386 3950 est
426 3905 666 3965 potestas
709 3893 936 3959 diaboli,
966 3901 1023 3947 ut
1057 3900 1268 3946 nosmet
1305 3891 1451 3959 ipsos
1486 3888 1888 3952 abstrahentcs,

300 3989 528 4059 ejusque
559 3987 836 4042 imitantes
871 3984 1254 4050 humilitatem,
1291 3998 1420 4038 vere
1450 3983 1620 4037 simus
1650 3983 1698 4036 ei
1728 3981 1890 4036 disci-

304 4082 437 4152 puli.
467 4079 641 4135 Filioli
691 4079 797 4134 mei
833 4077 1172 4134 dilectissimi
1210 4077 1262 4131 in
1301 4077 1552 4143 Domino,
1580 4077 1702 4131 dico
1728 4077 1882 4130 vobis

306 4188 390 4230 me
417 4187 648 4243 corpore
688 4181 852 4242 atque
893 4171 1088 4241 spiritu
1128 4168 1284 4224 valde
1325 4184 1444 4224 esse
1485 4171 1890 4239 perturbatum,

304 4283 370 4324 eo
411 4265 557 4338 quod
605 4275 920 4324 sanctorum
971 4261 1267 4332 nuneupati
1334 4263 1505 4317 simus
1559 4261 1890 4325 nominibus,

305 4375 607 4430 eorumque
645 4357 820 4413 induti
857 4355 1042 4412 habitu
1076 4370 1181 4425 quo
1209 4369 1392 4410 coram
1440 4353 1748 4407 inﬁdelibus
1777 4353 1894 4424 glo-

1973 1877 2317 1940 pmestatem,
2340 1869 2975 1938 idololatriamyidelicct
2997 1871 3370 1925 delicllaruut:
3401 1884 3572 1941 quare

1976 1959 2238 2028 elargitus
2269 1967 2353 2015 est
2379 1960 2459 2014 eis
2494 1958 2753 2015 Dominus
2780 1960 3205 2015 consolationem
3231 1973 3284 2015 et
3315 1963 3572 2016 virtutem

1976 2053 2164 2107 dicens
2189 2050 2295 2106 illis
2328 2069 2342 2105 :
2376 2050 2496 2105 Erit
2516 2051 2658 2105 vobis
2693 2067 2942 2120 pressura
2967 2053 3021 2106 in
3056 2054 3290 2117 mundo;
3318 2054 3408 2108 sed
3445 2070 3572 2107 cou-

1977 2143 2124 2210 ﬁdite
2162 2159 2180 2196 :
2207 2159 2298 2213 ego
2324 2144 2461 2197 enim
2494 2144 2590 2197 vici
2618 2144 2870 2196 mundum
2893 2142 2958 2198 “.
2991 2142 3139 2197 Dixit
3165 2143 3270 2198 illis
3319 2158 3574 2214 quoque:

1976 2231 2037 2287 Si
2067 2232 2344 2301 proli/tetas
2385 2235 2643 2301 persecuti
2672 2243 2815 2300 sunt,
2858 2243 2905 2286 et
2941 2249 3022 2287 me
3046 2242 3166 2287 sunt
3216 2235 3497 2304 persecuti,
3525 2247 3575 2290 et

1978 2339 2065 2378 vos
2108 2334 2484 2394 persequentur
2507 2338 2526 2374 .'
2554 2335 2598 2376 et
2628 2325 2675 2377 si
2711 2326 2831 2377 odio
2863 2341 2943 2377 me
2975 2324 3292 2391 habuerunt,
3329 2341 3416 2379 vos
3446 2341 3576 2396 quo-

1974 2431 2072 2485 que
2099 2415 2220 2468 odio
2255 2414 2547 2474 habebunt;
2579 2414 2670 2466 sed
2704 2414 2967 2481 conﬁdite,
2999 2425 3045 2468 et
3079 2415 3258 2468 scitote
3287 2412 3429 2483 quod
3481 2429 3572 2466 ve-

1975 2518 2088 2560 stra
2113 2506 2364 2573 patientia
2397 2505 2602 2558 solvetis
2634 2507 2872 2560 virtutem
2907 2505 3069 2560 [tostis
3091 2505 3158 2558 ⁵⁸.
3194 2505 3303 2575 Ego
3337 2520 3574 2575 quoque,

1977 2599 2125 2654 ﬁlioli
2161 2598 2261 2651 mei
2280 2597 2571 2660 benedicti,
2603 2599 2758 2665 cupio
2785 2606 2842 2651 ut
2870 2598 3056 2652 sciatis
3078 2599 3218 2652 hunc
3239 2612 3576 2664 sermonem,

1981 2707 2082 2744 nec
2129 2706 2235 2743 non
2271 2704 2391 2758 qua:
2440 2689 2576 2742 dixit
2622 2688 2820 2744 Paulus
2854 2689 3152 2758 apostolus,
3180 2691 3320 2760 quod
3369 2690 3578 2744 scilicet

1979 2783 2255 2852 passiones
2290 2781 2450 2851 hujus
2485 2781 2664 2835 saeculi
2713 2797 2816 2835 non
2853 2782 2960 2835 sint
2992 2783 3368 2853 comparandm
3396 2782 3579 2852 gloria:

1981 2876 2032 2929 in
2070 2875 2224 2930 nobis
2273 2875 2766 2929 manifestandte".
2801 2875 2864 2929 Et
2907 2885 3091 2930 notqu
3131 2875 3284 2930 vobis
3313 2875 3402 2940 sit,
3437 2876 3578 2944 quod

1981 2980 2200 3041 propter
2229 2985 2403 3024 meam
2437 2984 2564 3039 erga
2601 2984 2694 3023 vos
2716 2968 3039 3023 cltaritatem
3065 2968 3276 3022 modica
3315 2967 3428 3021 haec
3464 2982 3579 3022 vcr-

1984 3066 2049 3118 ba
2079 3063 2380 3133 spiritualia
2411 3078 2507 3118 vos
2535 3078 2653 3117 sum
2683 3062 2969 3126 allocutus,
2996 3070 3055 3116 ut
3076 3076 3231 3130 aequo
3253 3061 3373 3116 sitis
3397 3060 3584 3115 corde.

1985 3158 2112 3213 Mihi
2167 3157 2364 3226 quippe
2401 3164 2618 3210 constat
2666 3154 3009 3226 evigilantem
3063 3151 3396 3207 intellectum
3455 3167 3578 3204 cor-

1983 3249 2151 3320 porali
2217 3251 2501 3302 verborum
2571 3246 2966 3316 multiplicitate
3032 3244 3275 3314 indigere
3337 3242 3580 3298 minime.

1983 3341 2243 3411 Equidem
2270 3340 2478 3412 gaudeo
2515 3340 2566 3394 in
2606 3339 2835 3393 Domino
2872 3346 3092 3408 propter
3116 3352 3234 3401 vos,
3264 3336 3414 3390 lilioli
3449 3335 3583 3390 dile-

1985 3433 2234 3497 ctissimi,
2296 3433 2470 3487 sancti
2522 3433 2573 3487 in
2623 3443 2800 3487 vestra
2855 3429 3198 3485 intellectuali
3243 3429 3584 3495 substantia;

1985 3535 2038 3581 et
2065 3528 2244 3596 cupio,
2281 3536 2342 3581 ut
2387 3527 2571 3582 sciatis
2625 3541 2934 3581 mensuram
2976 3527 3242 3580 donorum
3273 3541 3393 3596 qua:
3431 3523 3587 3578 nobis

1987 3621 2122 3673 littut
2163 3636 2192 3673 a
2225 3619 2452 3672 Domino
2503 3618 2568 3671 ad
2621 3630 2862 3673 nostram
2915 3617 3389 3672 conservationem
3424 3615 3586 3670 etin-

1990 3721 2348 3772 cretnentum,
2397 3716 2449 3762 et
2491 3717 2550 3760 ut
2615 3706 3018 3775 amplectamini
3084 3721 3248 3770 opera
3317 3704 3586 3758 naturalia

1991 3800 2388 3862 substantialia,
2417 3814 2524 3852 non
2552 3809 2728 3850 autem
2751 3813 2869 3867 qua:
2891 3796 3266 3851 substantialia
3298 3811 3404 3851 non
3440 3804 3588 3851 sunt.

2062 3894 2174 3950 Nec
2211 3910 2316 3949 non
2357 3908 2458 3964 ego
2490 3891 2676 3946 infelix
2711 3891 2930 3962 planum
2962 3905 3179 3962 quoque
3224 3891 3378 3946 vobis
3412 3890 3587 3955 facio,

1991 3989 2452 4060 quemadmodum
2513 3984 2774 4038 Dominus
2815 3999 2967 4038 meus
2990 3999 3088 4038 sua
3116 3983 3291 4055 gratia
3323 3983 3590 4037 excitavit.

1993 4084 2328 4142 intellectum
2360 4095 2541 4135 meum
2567 4093 2596 4132 a
2633 4079 3016 4133 dormitatione
3064 4077 3277 4142 mortis,
3312 4087 3366 4132 et
3393 4076 3589 4145 ingens

1987 4176 2098 4246 jam
2131 4173 2360 4242 contigit
2389 4170 2520 4225 mihi
2575 4168 2819 4239 ploratus
2852 4179 3018 4236 atque
3054 4165 3288 4235 gemitus
3337 4173 3450 4218 toto
3502 4163 3588 4217 in-

1997 4267 2221 4322 tervallo
2254 4263 2451 4319 modici
2488 4262 2750 4333 temporis
2780 4259 2962 4329 hujus,
2996 4259 3140 4330 quod
3182 4258 3314 4311 mihi
3355 4259 3405 4310 in
3448 4269 3589 4309 terra

2001 4369 2274 4430 superest.
2307 4357 2522 4412 Etenim
2551 4369 2763 4410 mecum
2797 4353 2996 4424 cogito,
3035 4350 3165 4421 quid
3202 4348 3451 4404 dabimus
3487 4345 3592 4400 Do-

305 4455 534 4519 riamur,
567 4450 828 4523 operandi
875 4464 1004 4504 vero
1048 4449 1303 4503 virtutem
1353 4448 1574 4501 minime
1605 4447 1890 4500 habemus.
1928 4473 1970 4527 D
2002 4453 2148 4506 mino
2200 4467 2296 4522 pro
2338 4451 2406 4505 iis
2456 4465 2576 4520 quae.
2617 4447 2774 4504 nobis
2827 4445 2986 4502 fecit?
3021 4446 3154 4500 Cum
3195 4440 3417 4514 angi-los
3464 4453 3592 4492 suos

308 4546 517 4602 Vereor
548 4545 789 4613 quidem,
821 4540 1206 4610 ne-‘impleatur
1236 4540 1303 4594 de
1335 4539 1494 4594 nobis
1533 4538 1774 4608 Apostoli
1809 4538 1894 4591 di-

311 4649 458 4693 ctum
487 4653 503 4689 :
534 4635 798 4698 Habentes
838 4634 1064 4704 [armant
1095 4631 1472 4699 religiositatis,
1501 4631 1655 4699 cujus
1685 4628 1894 4694 inlicia-

309 4747 430 4785 mur
463 4732 706 4791 virtutem
728 4729 794 4782 ".
830 4728 940 4796 Ego
963 4735 1144 4781 autem
1175 4725 1244 4778 ob
1275 4738 1447 4776 meam
1473 4737 1601 4791 erga
1636 4736 1733 4774 vos
1766 4721 1897 4774 cha-

311 4825 552 4887 ritatem,
581 4836 853 4890 nunquam
892 4820 1056 4872 Deum
1092 4831 1189 4885 pro
1218 4815 1366 4869 vobis
1394 4814 1675 4883 deprecari
1704 4827 1892 4876 cesso,

311 4927 372 4970 ut
417 4914 733 4985 percipiatis
776 4920 1011 4967 vestram
1048 4909 1102 4963 in
1148 4908 1302 4962 vobis
1338 4907 1578 4961 abditam
1609 4906 1807 4969 vitam,
1840 4913 1898 4960 et

313 5025 410 5081 per
445 5024 566 5064 eam
588 5005 888 5076 uperemini
921 5005 970 5058 id
997 5018 1105 5074 quo
1135 5002 1280 5071 digni
1317 4999 1626 5055 cl'ﬁciamini
1657 4999 1899 5053 invisibi-

313 5104 419 5157 lem
457 5099 717 5168 consequi
749 5097 1142 5152 haereditatem.
1180 5093 1508 5162 Sciatisque,
1534 5091 1898 5154 dilectissimi,

312 5195 458 5264 quod
508 5201 690 5247 nostra
745 5189 1025 5245 absolvere
1069 5202 1236 5256 opera
1287 5185 1488 5240 nostris
1542 5199 1639 5254 pro
1694 5183 1902 5238 viribus

314 5284 616 5342 secundum
659 5282 777 5351 ejus
825 5281 1184 5344 voluntatem,
1218 5279 1268 5332 id
1301 5292 1421 5332 esse
1448 5277 1588 5345 quod
1617 5274 1898 5341 debemus,

315 5395 438 5433 cum
473 5386 673 5432 nostra:
703 5373 1022 5432 substantia:
1047 5371 1097 5425 id
1123 5370 1370 5424 naturale
1398 5369 1504 5433 sit;
1541 5383 1604 5421 ac
1635 5377 1897 5435 praeterea

318 5472 540 5527 virtutis
591 5477 790 5526 nostra:
833 5467 976 5523 haud
1034 5464 1380 5518 tribuendum
1429 5473 1514 5517 est
1567 5461 1906 5530 superabun-

393 5681 436 5712 δ’
461 5679 626 5736 Hebr.
661 5694 738 5740 tv,
772 5677 856 5732 15.
954 5674 1000 5706 ⁵ο
1030 5671 1229 5728 Jcrcm.
1263 5689 1413 5732 tum.
1442 5672 1562 5726 51--5
1580 5671 1621 5724 ι.
1699 5672 1738 5702 ⁸³
1778 5668 1909 5724 Rom

323 5751 372 5787 "
399 5750 555 5815 lead.
588 5767 642 5818 κ,
674 5749 765 5804 3‘2.
841 5747 884 5778 "
911 5745 1067 5801 Joan.
1111 5760 1197 5812 xv,
1225 5743 1314 5797 20.
1393 5743 1435 5774 "
1463 5743 1621 5798 ltom.
1661 5757 1771 5812 vnt,
1812 5744 1892 5798 l8.

1921 5715 1932 5727 .
1966 5687 2045 5735 ιιι,
2079 5667 2160 5724 lt).

2001 4545 2158 4598 nobis
2197 4543 2405 4598 servire
2443 4542 2656 4606 iecerit,
2687 4548 2744 4595 et
2775 4539 3074 4608 prophetas
3105 4551 3235 4592 suos
3283 4532 3438 4588 nobis
3469 4545 3593 4601 pro-

2002 4636 2247 4704 phetare,
2274 4645 2327 4690 et
2352 4633 2630 4704 apostolos
2663 4648 2792 4688 suos
2826 4633 2979 4687 nobis
3018 4622 3593 4700 evangelizarezquod

2002 4744 2132 4783 vero
2177 4728 2260 4782 his
2307 4727 2560 4782 omnibus
2607 4725 2781 4794 majus
2817 4734 2935 4787 est,
2985 4723 3128 4777 misit
3188 4720 3382 4774 Filium
3435 4730 3594 4770 suum

2004 4821 2340 4889 unigenitum
2371 4819 2437 4874 ad
2465 4829 2708 4874 nostram
2733 4817 2986 4871 salutem.
3015 4813 3196 4881 Quare
3224 4825 3320 4865 vos
3343 4808 3593 4872 obsecro,

2003 4924 2060 4967 ut
2086 4914 2251 4969 corda
2288 4921 2470 4967 vestra
2496 4911 2748 4968 excitetis
2786 4910 2838 4964 in
2877 4909 3071 4963 timore
3100 4904 3336 4966 Domini,
3367 4910 3422 4957 et
3455 4900 3596 4954 scia-

2003 5007 2091 5070 tis,
2133 5006 2275 5075 quod
2319 5003 2558 5059 Joannes
2599 5017 2907 5074 pratcursor
2945 5015 3084 5068 aqua
3136 4995 3498 5067 baptizaverit
3526 4993 3594 5047 ad

2003 5096 2376 5166 pmnitentiam
2408 5096 2460 5150 in
2493 5093 2944 5164 praparationetn
2977 5091 3044 5145 ad
3075 5089 3342 5158 baptisma
3381 5084 3595 5139 Domini

2008 5188 2180 5243 nostri
2218 5185 2347 5243 Iesu
2379 5186 2606 5252 Christi,
2639 5185 2731 5254 qui
2756 5182 3054 5254 baptizavit
3085 5179 3290 5249 Spiritu
3325 5188 3511 5231 sancto
3541 5185 3598 5230 et
3625 5240 3630 5244 ἡ

2011 5280 2140 5351 igni,
2179 5281 2270 5352 qui
2321 5287 2405 5334 est
2441 5279 2580 5350 ignis
2624 5279 2886 5332 bonorum
2930 5289 3180 5344 cperunt.
3224 5271 3599 5339 Pra-paremur

2014 5374 2176 5444 igitur
2230 5374 2295 5427 ad
2348 5371 2750 5428 emundandum
2809 5367 3198 5435 nosmetipsos
3257 5380 3488 5434 corpore
3543 5373 3599 5417 et

2014 5464 2208 5534 spiritu
2261 5467 2326 5520 ad
2383 5463 2792 5533 suscipiendum
2833 5460 3101 5532 baptisma
3155 5457 3367 5512 Domini
3426 5453 3596 5510 nostri

2241 5666 2283 5698 "
2317 5665 2473 5721 Rom.
2509 5679 2569 5731 ιι,
2603 5660 2706 5727 '20;
2735 5659 2843 5716 Tit.
2877 5675 2914 5728 ι,
2959 5657 3036 5712 l6.
3144 5657 3189 5689 ⁸³
3214 5657 3388 5714 Galat.
3419 5669 3472 5722 ν,
3512 5652 3591 5703 l7.
