3976 6204
498 296 639 352 ίΟΙτὶ

1609 279 1884 335 PATRES
1921 276 2222 335 ᾹΞΟΥΡΤΙΙ
2261 273 2536 332 StECl'Ll
2579 274 2665 330 iV.

3588 285 3605 338 Ι
3614 285 3698 340 (HO

500 413 627 467 vau
660 411 900 478 Christi,
937 418 989 466 et
1033 407 1097 462 ad
1131 401 1486 476 operandam,
1532 411 1696 471 atque
1741 397 2080 455 offerendum
2111 397 2160 454 Α
2189 409 2324 464 quos
2351 393 2514 465 diligo
2542 409 2607 449 ex
2638 400 2748 448 toto
2772 393 2936 449 corde
2975 407 3114 460 meo,
3144 395 3304 467 cupio
3332 411 3442 453 esse
3473 405 3591 470 apud
3625 423 3698 464 vos

503 511 716 557 nosmet
764 503 910 571 ipsos
973 499 1048 554 illi
1089 497 1322 552 hostiam
1375 491 1787 564 acceptabilem.
1844 489 2083 560 Spiritus

501 609 735 666 namque
753 593 1059 649 consolator
1092 590 1182 662 qui
1211 588 1505 658 suscipitur
1533 587 1584 641 in
1614 583 1904 654 baptismo,
1928 583 2084 636 nobis

501 685 760 753 elargitur
799 683 1012 754 operari
1051 683 1102 736 in
1147 679 1493 750 ptenitentia,
1537 687 1595 731 ut
1639 677 1833 731 iterant
1868 690 1964 730 nos
1995 689 2084 728 re-

503 777 662 832 ducat
714 777 780 830 ad
856 777 1142 847 pristinum
1199 763 1560 844 principatum
1622 780 1864 824 nostrum
1910 778 1963 824 et
2016 770 2083 824 ad

503 866 877 921 ltmrcditatcm
959 876 1366 937 permanentem
1425 862 1796 918 obtinendam.
1877 860 2083 916 Scitote

506 958 707 1026 itaque,
769 961 910 1029 quod
965 973 1152 1013 omnes
1199 958 1290 1027 qui
1347 956 1400 1010 in
1455 955 1672 1009 Christo
1705 954 2082 1024 baptizantnr,

501 1049 777 1104 Christum
824 1050 1082 1115 induunt,
1117 1060 1174 1104 ut
1223 1049 1397 1117 inquit
1439 1046 1636 1102 Paulus
1684 1046 1962 1115 apostolus
2001 1045 2082 1110 ⁸⁷,

504 1142 865 1212 adipiscentes
903 1143 1130 1214 gratiam
1175 1141 1410 1210 Spiritus
1452 1139 1648 1196 sancti.
1716 1138 1927 1192 Etenim
1975 1147 2082 1190 tam

507 1248 701 1288 servus
740 1250 900 1304 quam
944 1235 1105 1299 liber,
1144 1244 1250 1286 tam
1288 1247 1404 1286 mas
1433 1247 1594 1300 quam
1627 1230 1851 1294 femina,
1901 1229 2082 1284 statim

504 1331 667 1392 atque
698 1325 837 1379 hanc
858 1325 1210 1393 consequitur
1234 1322 1488 1392 gratiam,
1527 1331 1744 1375 cessant
1765 1321 1832 1375 ab
1863 1335 1928 1374 eo
1963 1335 2086 1374 cor-

505 1414 710 1482 poralia
765 1417 880 1472 haec
923 1418 1209 1481 idimnata;
1255 1426 1310 1469 et
1383 1412 1617 1484 Spiritus
1665 1412 1839 1467 sancti
1891 1411 2087 1479 accipit

505 1507 805 1562 doctrinam
827 1524 891 1563 eo
910 1517 1152 1578 tempore
1179 1523 1285 1578 quo
1313 1508 1692 1578 adipiscuntur
1716 1505 2084 1560 litereditatem

505 1600 654 1666 regni
686 1601 944 1654 emtorum
979 1602 1368 1671 sempiternam
1405 1602 1699 1654 adorantes
1735 1596 1974 1660 Patrem,
2007 1597 2085 1650 uti

503 1694 678 1758 decet,
709 1693 758 1746 in
791 1694 982 1763 spiritu
1008 1705 1060 1750 et
1093 1695 1321 1747 veritate
1337 1693 1403 1746 ⁸⁸.
1427 1690 1536 1748 Nec
1555 1691 1824 1762 quispiam
1849 1701 2085 1774 vesu‘pm

505 1783 683 1846 dicat,
726 1784 874 1838 ﬁlioli
913 1787 1043 1848 mei,
1082 1785 1223 1854 quod
1257 1783 1410 1838 nobis
1442 1797 1546 1837 non
1591 1783 1695 1837 erit
1733 1780 1995 1850 judicium
2032 1780 2085 1835 in

505 1873 592 1927 die
634 1874 897 1929 adventus
946 1875 1160 1928 Domini
1216 1873 1541 1930 novissimi:
1582 1887 1768 1927 verum
1825 1874 2084 1940 sciamus,

504 1965 648 2030 quod
685 1967 948 2019 adventus
984 1964 1194 2018 Domini
1235 1965 1405 2020 nostri
1449 1963 1651 2019 Christi
1698 1963 1906 2033 primus
1972 1962 2085 2032 jam

506 2055 663 2110 nobis
705 2057 1066 2111 comminatus
1107 2057 1268 2110 fuerit
1312 2055 1574 2124 judicium
1623 2055 1676 2109 itt
1711 2055 1798 2110 die
1835 2055 1945 2117 illa,
1982 2057 2086 2111 nisi

506 2146 651 2200 illius
689 2147 1165 2217 adimpleverimus
1205 2157 1495 2218 praecepta.
1547 2147 1616 2201 Et
1660 2147 1896 2212 scitote,
1944 2148 2087 2217 quod

505 2251 695 2293 omnes
729 2239 919 2308 Spiritu
952 2240 1124 2294 induti
1161 2242 1404 2308 impense
1455 2253 1554 2308 pro
1590 2238 1747 2294 nobis
1791 2238 2091 2309 deprecan-

507 2341 626 2395 tur,
672 2342 728 2386 nt
766 2331 992 2387 Domino
1041 2344 1227 2389 nostro
1276 2333 1570 2398 uniamnr,
1623 2344 1678 2388 et
1713 2335 2090 2391 ltmreditentus

506 2423 649 2492 quod
681 2423 835 2478 nobis
874 2426 940 2478 ab
969 2423 1124 2480 initio
1149 2424 1326 2478 fuerat
1353 2424 1734 2491 constitutum,
1769 2423 1964 2482 iterum
2007 2425 2092 2480 in-

507 2515 734 2572 duentes
785 2527 1027 2573 nostram
1065 2518 1348 2589 pristinam
1393 2517 1802 2574 substantialem
1856 2517 2086 2574 formam

506 2622 610 2676 qua
650 2623 745 2678 per
785 2609 1203 2665 inobedientiam
1227 2610 1374 2665 exuti
1407 2625 1614 2665 sumus.
1657 2609 1866 2680 Quippe
1913 2609 2091 2666 Patris

509 2715 612 2754 vox
657 2699 742 2754 bis
768 2701 959 2770 spiritu
992 2703 1193 2757 indutis
1234 2717 1450 2772 semper
1495 2717 1649 2758 suam
1695 2701 1910 2772 planam
1961 2703 2091 2758 facit

511 2793 827 2859 bonitatem,
858 2793 910 2848 in
959 2809 1144 2848 eorum
1181 2795 1443 2849 reducens
1474 2796 1795 2848 memoriam
1847 2793 2090 2863 Scriptu-

513 2898 627 2936 ram
655 2882 922 2938 dicentem
960 2901 974 2937 :
1007 2882 1359 2939 Consolemini
1403 2885 1651 2954 populum
1696 2901 1889 2952 meum,
1913 2902 2088 2940 sacer.

508 2974 674 3041 dotes,
709 2983 758 3028 et
797 2975 1072 3046 loquimini
1110 2976 1164 3030 in
1199 2977 1354 3031 corde
1395 2975 1693 3031 Jerusalem
1731 2991 1750 3028 :
1787 2993 1880 3046 ego
1912 2987 2086 3030 autent

2184 485 2329 538 omni
2361 495 2620 554 tempore,
2646 492 2698 540 et.
2739 499 2832 540 vos
2867 485 3052 541 videre
3091 501 3150 542 ac
3193 490 3514 549 benedicere.
3537 496 3697 569 Quippe

2187 576 2360 632 fmdns
2389 588 2628 634 vestrum
2660 579 2784 634 mibi
2814 579 3136 650 praestitum,
3178 581 3609 655 imitationemque
3633 607 3697 647 re.

2187 682 2353 725 stram
2380 669 2506 736 mei,
2533 685 2596 725 ac
2614 681 2850 725 vestram
2879 671 2944 726 ad
2971 672 3135 726 Deum
3171 677 3537 743 reversionem,
3565 695 3699 737 rectas

2185 765 2400 834 quidem
2429 779 2548 819 esse
2571 766 2805 834 aspicio;
2828 767 2991 820 etiam
3021 766 3329 823 inltabitatis
3353 769 3402 822 in
3442 774 3584 828 corde
3613 792 3701 830 meo

2187 859 2438 913 omnibus
2489 859 2684 914 modis.
2742 859 2878 914 llinc
2937 868 3118 915 autem
3172 877 3298 930 rogo
3365 861 3517 918 Dctnn
3563 883 3699 922 meum

2188 966 2350 1004 causa
2387 951 2552 1006 vestri
2584 960 2743 1007 noctu
2786 953 3014 1024 diuque,
3052 966 3104 1008 ut
3145 955 3436 1022 elargiatur
3470 959 3598 1012 vobis
3629 977 3698 1014 sua

2189 1041 2326 1096 dona
2358 1059 2478 1113 qum
2523 1044 2652 1098 mihi
2686 1043 2907 1099 indulsit
2957 1061 3051 1100 sua
3091 1047 3348 1101 duntaxat
3398 1050 3583 1118 gratia,
3619 1070 3696 1108 non

2188 1139 2369 1184 autem
2403 1131 2540 1186 meis
2574 1133 2802 1189 meritis.
2859 1133 3070 1188 Etenim
3103 1137 3216 1189 hzec
3242 1147 3364 1190 sunt
3407 1156 3586 1210 magna:
3622 1145 3698 1200 illa:

2186 1227 2392 1280 divitia
2420 1240 2557 1295 quas
2589 1227 2718 1280 mihi
2757 1229 3024 1282 concessit
3055 1227 3315 1286 Dominus
3346 1242 3532 1296 noster.
3578 1252 3696 1306 quem

2187 1321 2429 1390 supplico
2464 1330 2522 1374 ut
2550 1335 2640 1375 eas
2681 1320 2830 1375 vobis
2860 1337 3073 1392 quoque
3108 1325 3405 1391 concedat;
3435 1337 3482 1381 et
3514 1329 3609 1384 hate
3641 1343 3698 1386 est

2187 1427 2400 1467 summa
2456 1413 2846 1467 desideriorum
2885 1428 3129 1468 meorum
3173 1424 3229 1470 et
3283 1419 3567 1486 deprecatio
3613 1438 3696 1478 mea

2187 1512 2348 1560 noctu
2375 1505 2592 1574 diuque,
2641 1516 2698 1560 ut
2731 1506 2850 1560 sitis
2887 1522 3094 1562 meeum
3147 1509 3199 1562 in
3250 1508 3366 1563 loco
3409 1511 3456 1565 in
3497 1527 3589 1582 quo
3611 1529 3694 1577 ero,

2187 1613 2310 1653 cum
2352 1599 2656 1654 discessero
2688 1615 2754 1654 ex
2801 1601 2903 1655 ltoc
2947 1616 3201 1668 cerpore.
3243 1601 3487 1660 Dominus
3527 1607 3694 1675 quidem

2192 1698 2378 1744 noster
2404 1704 2617 1760 semper
2645 1691 2870 1745 exaudit
2896 1707 2981 1746 me
3012 1708 3040 1746 a
3088 1709 3212 1747 mea
3256 1696 3470 1763 pueritia
3499 1713 3635 1768 usque
3658 1701 3695 1753 in

2194 1781 2513 1835 hodiernum
2546 1782 2709 1848 diem,
2762 1793 2818 1837 et
2856 1785 2970 1837 scio
3011 1799 3230 1854 quoque
3282 1788 3418 1855 quod
3464 1787 3554 1843 hoc
3592 1789 3694 1843 aliud

2191 1891 2287 1930 sua
2321 1875 2694 1930 misericordia
2726 1877 2855 1931 mihi
2891 1878 3199 1946 praestabit.
3252 1877 3372 1934 llaec
3402 1896 3518 1936 sane
3550 1883 3691 1948 scripsi

2191 1964 2380 2032 vobis,
2423 1965 2569 2020 ﬁlioli
2612 1967 2754 2033 mei,
2798 1967 2866 2021 ob
2904 1967 3134 2022 nimiam
3170 1971 3347 2024 cordis
3377 1970 3471 2024 mei
3498 1985 3599 2039 erga
3631 1986 3694 2024 vos

2189 2057 2508 2112 charitatem
2536 2073 2550 2120 ;
2579 2058 3012 2128 quandoquidem
3043 2059 3246 2115 vestris
3269 2059 3608 2114 certaminibus
3624 2076 3695 2128 pro

2191 2149 2419 2204 Domino
2450 2150 2552 2204 mei
2578 2150 2877 2206 imitatores
2910 2151 2965 2205 in
2993 2151 3259 2206 omnibus
3289 2151 3561 2207 exstitistis.
3585 2151 3696 2205 Scia-

2194 2242 2262 2296 tis
2292 2242 2493 2311 itaque,
2531 2244 2671 2311 quod
2702 2240 2960 2298 Dominus
2976 2253 3170 2298 noster
3193 2243 3428 2299 Christus
3452 2243 3597 2315 (cujus
3614 2259 3692 2296 me-

2190 2335 2376 2389 moria:
2410 2334 2676 2404 adoratio)
2712 2334 2782 2389 ob
2831 2334 3051 2388 nimiam
3085 2352 3242 2390 suam
3275 2337 3558 2391 charitatem
3586 2334 3690 2390 sinti-

2191 2427 2313 2482 liter
2342 2437 2597 2498 0peratus
2645 2437 2729 2483 est
2770 2427 2883 2481 suis
2938 2428 3242 2498 discipulis,
3291 2444 3404 2483 cum
3447 2429 3562 2482 dixit
3593 2429 3684 2481 eis:

2193 2517 2385 2590 Utique
2413 2536 2514 2574 non
2548 2537 2674 2574 roco
2700 2538 2783 2576 vos
2814 2537 3010 2585 serros,
3049 2522 3145 2576 sed
3175 2522 3382 2590 fratres,
3403 2532 3446 2574 et
3466 2521 3691 2581 amicos,ct

2190 2611 2327 2678 ﬁlios
2351 2612 2418 2664 ⁸⁸.
2456 2611 2698 2679 Cumque
2733 2611 2857 2665 facti
2887 2620 3074 2667 essent
3097 2613 3146 2666 ei
3181 2615 3232 2666 in
3266 2613 3414 2678 ﬁlios,
3440 2614 3602 2683 rogavit
3619 2627 3687 2680 pro

2191 2704 2272 2757 eis
2310 2703 2521 2757 Patrem
2561 2703 2746 2758 dicens
2779 2720 2792 2756 :
2829 2701 3010 2769 Pater,
3039 2704 3160 2759 volo
3190 2714 3241 2758 ut
3301 2706 3398 2758 sint
3434 2705 3506 2758 isti
3529 2705 3594 2756 uti
3619 2719 3685 2756 ero

2191 2806 2238 2850 et
2269 2812 2363 2865 ego
2387 2812 2405 2849 :
2431 2797 2677 2864 quoniam
2702 2812 2795 2866 ego
2821 2813 2936 2850 sum
2961 2798 3110 2863 inte,
3139 2809 3187 2852 et
3219 2799 3302 2852 isti
3315 2800 3365 2852 in
3389 2815 3476 2862 me,
3508 2795 3682 2848 animus

2193 2901 2372 2939 omnes
2399 2884 2618 2954 perfecti
2644 2886 2698 2938 in
2729 2885 2930 2938 unitate
2961 2885 3026 2938 “.
3076 2885 3366 2940 Considera
3401 2883 3536 2952 igitur
3563 2880 3683 2933 etin-

2199 2975 2396 3046 tellige,
2430 2991 2534 3046 qua
2592 2975 2802 3030 ratione
2859 2975 3068 3046 rogavit
3109 2976 3357 3030 Dominus
3385 2983 3538 3027 ttoster
3570 2969 3686 3025 icsus

2121 1741 2164 1799 Β

509 3065 715 3118 mittam
759 3067 804 3120 ei
833 3083 1011 3136 pacem
1066 3067 1122 3120 in
1152 3066 1515 3122 misericordia
1544 3066 1677 3137 ejus,
1708 3067 1851 3120 omni
1892 3076 2088 3135 tempo-
2121 3091 2162 3148 ο
2193 3067 2442 3124 Christus
2490 3068 2700 3123 Patrem
2733 3085 2890 3123 suum
2919 3084 3016 3138 pro
3050 3067 3328 3140 discipulis
3365 3068 3482 3130 suis,
3511 3081 3560 3120 co
3583 3061 3683 3132 quod

510 3155 650 3209 re".
683 3157 784 3223 Qui
827 3159 1014 3214 invisit
1053 3169 1333 3215 creaturas
1367 3174 1496 3215 suas
1549 3158 1904 3214 manifestans
1933 3159 1984 3213 in
2011 3161 2090 3214 eis

513 3262 664 3301 suam
722 3250 1038 3316 bonitatem,
1091 3253 1392 3321 elargiatur
1452 3253 1602 3308 vobis
1656 3253 1978 3322 sapientiam
2036 3261 2092 3306 et

515 3338 798 3393 scientiam
818 3351 871 3394 et
907 3343 1134 3411 gratiam
1170 3354 1220 3396 et
1243 3344 1492 3411 spiritum
1534 3345 1878 3401 discretionis
1905 3345 1969 3399 ad
2006 3346 2090 3399 in-

512 3431 858 3500 telligendum
890 3449 1008 3504 qua:
1051 3434 1243 3502 scripsi
1279 3433 1429 3488 vobis
1453 3449 1517 3488 ex
1548 3439 1833 3505 praeceptis
1857 3436 2089 3504 Domini,

510 3531 566 3577 ct
593 3537 656 3577 ea
687 3524 948 3591 doceatis,
982 3536 1041 3581 ut
1082 3541 1176 3580 vos
1225 3541 1392 3595 puros
1429 3536 1648 3581 servent
1682 3543 1852 3596 usque.
1882 3529 1947 3582 ad
1993 3545 2080 3583 no-

514 3614 795 3669 vissimum
843 3617 1118 3687 spiritum.
1150 3615 1375 3686 Ipseque
1407 3617 1665 3686 suscipiat
1697 3633 1724 3670 a
1781 3633 1865 3672 me
1905 3633 2094 3688 preces

517 3705 616 3760 has
639 3721 786 3762 meas
811 3723 928 3777 quae
953 3718 1078 3764 sunt
1105 3726 1202 3780 pro
1234 3720 1411 3764 vestra
1442 3709 1684 3764 omnium
1711 3711 1906 3775 salute,
1944 3712 2092 3769 ﬁlioli

513 3801 618 3856 tnei
658 3802 999 3858 dilectissimi
1036 3804 1089 3859 in
1121 3805 1369 3861 Domino.
1411 3805 1508 3861 Cui
1550 3806 1719 3876 gloria
1754 3817 1807 3862 et
1838 3809 2094 3879 majestas

479 3907 482 3912 '
513 3894 566 3946 in
589 3901 867 3948 aeternum.
907 3896 1100 3951 Amen.

1047 4033 1381 4090 EPISTOLA
1428 4033 1561 4090 Vlll.

517 4145 678 4203 Fitiis
710 4150 819 4204 suis
851 4153 1114 4206 monachis
1135 4195 1177 4222 ,ί
1197 4153 1422 4207 incitans
1451 4168 1537 4207 eos
1579 4155 1648 4206 ad
1678 4155 2006 4222 certandum,
2041 4167 2097 4209 ut

589 4233 970 4292 consequantur
1018 4223 1103 4275 hic
1144 4221 1399 4292 Spiritum
1454 4236 1690 4276 sanctum
1742 4226 1948 4292 igneum
1975 4221 1999 4289 ,ί
2040 4237 2090 4280 et

587 4291 743 4344 simul
779 4294 1081 4346 conveniant
1115 4294 1247 4346 illic.
1279 4291 1390 4346 Nec
1423 4309 1526 4346 non
1575 4294 1629 4347 iu
1673 4291 1852 4346 eorum
1883 4306 2087 4350 revocat

585 4362 890 4415 memoriam
929 4379 1025 4415 sua
1056 4365 1368 4434 certamina,
1413 4362 1719 4431 signiﬁcans
1753 4365 1825 4416 eis
1873 4382 1989 4434 qua:
2020 4377 2094 4419 est

586 4442 979 4502 consecuturus,
1010 4441 1065 4484 ut
1097 4435 1177 4484 Itis
1199 4432 1316 4486 illos
1343 4434 1542 4486 incitet.
1575 4434 1790 4502 Oportet
1821 4432 2012 4502 autem,
2042 4447 2095 4488 ut

588 4501 792 4571 legatur
813 4502 896 4553 die
913 4501 1025 4570 ejus
1049 4503 1238 4555 obitus.
1264 4502 1409 4556 Dixit
1434 4515 1454 4553 :

589 4635 928 4692 Dilectissimi
960 4636 1009 4690 in
1066 4636 1312 4699 Domino.
1355 4635 1536 4691 scribo
1590 4637 1773 4702 vobis,
1833 4649 2088 4708 tanquam

518 4731 661 4797 filiis,
703 4729 815 4785 suis
843 4731 1161 4800 parentibus
1207 4730 1566 4785 charissimis.
1596 4730 1808 4786 Etenim
1850 4731 1941 4786 ﬁlii
1974 4751 2094 4790 car-

518 4823 686 4891 nales,
713 4825 758 4879 si
784 4840 1002 4879 suorum
1039 4835 1320 4896 parentum
1348 4825 1648 4879 imitatores
1673 4824 2094 4897 obedientesque

518 4919 860 4985 exstiterint,
909 4933 1003 4972 eos
1051 4918 1277 4988 diligunt
1329 4926 1581 4986 parentes
1629 4933 1692 4973 ex
1729 4929 1841 4978 toto
1885 4921 2090 4986 corde,

517 5023 841 5078 sttuimoque
867 5023 1270 5080 prosequuntur
1309 5010 1540 5075 hmmre,
1568 5010 1684 5080 plus
1711 5028 1870 5081 quam
1905 5013 2092 5067 inobe-

518 5100 727 5156 dieutes
778 5103 878 5156 sibi
940 5101 1096 5157 ﬁlios.
1158 5101 1217 5157 Si
1268 5103 1395 5172 quid
1429 5118 1554 5157 vero
1585 5103 1792 5172 pulchri
1843 5107 2077 5175 bonique

517 5194 696 5264 adepti
739 5194 960 5262 fuerint,
1003 5195 1055 5250 id
1092 5195 1277 5251 liberis
1322 5195 1425 5251 sibi
1473 5195 1849 5252 obedientibus
1895 5200 2090 5270 suique

519 5285 878 5343 imitatoribus
927 5296 1209 5358 repOnunt.
1265 5287 1320 5341 Si
1375 5301 1506 5357 ergo
1538 5287 1786 5342 carnales
1836 5300 2087 5358 parentes

520 5375 572 5432 id
600 5390 877 5447 praestant,
905 5396 971 5435 eo
999 5381 1173 5452 magis
1205 5389 1388 5451 patres
1422 5380 1590 5434 nostri
1621 5379 1934 5448 spirituales
1961 5379 2096 5450 prie-

519 5478 669 5525 stare
697 5473 919 5540 cupiunt
967 5473 1200 5527 honores
1237 5471 1363 5526 ﬁliis
1408 5471 1522 5526 suis
1568 5471 1669 5526 sibi
1722 5471 2095 5527 obedientibus

521 5560 716 5630 suique
749 5563 1129 5619 imitator-ibus.
1166 5561 1365 5630 Quare,
1383 5561 1721 5618 dilectissimi
1758 5562 1810 5617 in
1845 5562 2093 5630 Domino,

597 5740 639 5772 "
667 5741 844 5800 Galat.
875 5759 957 5811 ιιι,
997 5744 1086 5813 '27,
1128 5745 1217 5798 28.
1297 5745 1339 5776 ’⁵⁸
1366 5744 1518 5800 Juan.
1553 5762 1625 5811 tv,
1662 5745 1751 5800 9.5.

1829 5747 1874 5777 ”
1903 5745 2002 5802 lsa.
2039 5761 2122 5812 ιιι,
2162 5745 2210 5812 l,
2239 5741 2293 5796 2.

2196 3163 2320 3218 facti
2355 3173 2480 3216 sunt
2511 3163 2559 3217 ei
2587 3162 2702 3226 lilii,
2730 3172 2788 3216 ut
2814 3162 2920 3218 sint
2949 3161 3203 3217 videlicet
3225 3179 3339 3217 cum
3367 3178 3426 3216 eo
3454 3159 3683 3223 ubicunque

2195 3256 2320 3310 erit.
2353 3255 2529 3309 Simili
2563 3256 2723 3308 modo
2756 3262 2838 3309 est
2861 3254 3177 3323 deprecatio
3207 3254 3315 3308 haec
3357 3268 3479 3313 mea,
3504 3248 3683 3302 dilectis-

2195 3347 2319 3404 simi
2351 3347 2505 3410 mihi,
2537 3357 2595 3398 ut
2629 3346 2800 3400 simus
2823 3359 3010 3400 omnes
3039 3344 3202 3400 simul
3223 3346 3272 3399 in
3300 3343 3405 3399 loco
3434 3341 3526 3405 ilio,
3549 3340 3588 3393 in
3609 3350 3683 3406 quo

2198 3438 2338 3494 nulla
2361 3447 2443 3494 est
2477 3439 2758 3503 maestitia,
2790 3451 2962 3507 neque
2991 3438 3296 3498 inﬁrmitas,
3321 3451 3472 3504 neque
3491 3431 3680 3491 tenebar,

2197 3546 2372 3602 neque
2404 3530 2625 3600 spiritus
2668 3528 2826 3594 mali;
2875 3528 2968 3583 sed
3005 3537 3098 3583 est
3131 3529 3270 3584 omni
3306 3526 3509 3582 refertus
3531 3520 3679 3579 lzetitia,

2196 3631 2251 3678 et
2282 3622 2502 3687 lumine,
2535 3631 2589 3676 et
2619 3622 2726 3675 vita
2763 3630 2988 3684 aeterna,
3031 3630 3094 3674 et
3132 3619 3340 3675 coronis
3382 3609 3680 3681 incorruptibi-

2199 3713 2360 3778 libus,
2401 3713 2627 3783 aliisque
2665 3728 2786 3781 qua:
2819 3711 3016 3766 ibidem
3067 3720 3315 3775 exstant,
3362 3722 3468 3777 quae
3511 3705 3682 3758 humana

2198 3806 2378 3874 lingua
2403 3819 2661 3859 enarrare
2689 3818 2792 3856 non
2835 3812 3046 3871 potest;
3088 3803 3338 3857 duratura
3377 3808 3573 3866 namque
3594 3797 3680 3845 sunt

2199 3897 2252 3951 in
2280 3895 2473 3951 saecula
2505 3894 2847 3950 szcculorum.

2271 3985 2450 4053 Quare
2481 3995 2653 4050 orate,
2691 3984 2836 4039 ﬁlioli
2884 3984 3010 4050 mei,
3036 3984 3338 4048 Dominum,
3385 3989 3436 4034 ut
3461 3975 3587 4033 facile
3611 3970 3683 4025 iter

2200 4094 2376 4133 meum
2427 4077 2494 4132 ad
2549 4091 2646 4132 vos
2681 4077 2875 4131 iterum
2917 4076 3131 4142 reddat,
3167 4083 3223 4129 ut
3257 4081 3556 4144 permaneant
3580 4057 3679 4130 apud

2202 4185 2298 4224 vos
2328 4168 2528 4237 aliquid
2564 4165 2846 4235 temporis.
2877 4164 3028 4219 llaud
3087 4164 3229 4220 enim
3259 4179 3340 4217 me
3363 4161 3492 4220 latet,
3527 4156 3602 4208 hoc
3631 4146 3677 4200 ad

2201 4270 2434 4315 vestram
2460 4259 2874 4314 mdilicationem
2913 4268 2967 4312 et
2992 4256 3247 4327 gaudium
3271 4254 3320 4308 in
3356 4250 3448 4305 ﬁde
3471 4246 3579 4301 fore.
3597 4239 3675 4338 Εξο

2200 4368 2416 4424 quoque
2450 4352 2715 4422 gaudebo,
2750 4364 2871 4405 cum
2912 4363 3112 4404 venero
3139 4348 3204 4403 ad
3238 4361 3346 4410 vos,
3380 4352 3432 4397 ut
3467 4335 3677 4424 gaudeatis

2132 4429 2174 4484 θ
2204 4459 2257 4502 et
2281 4423 2396 4514 vos,
2421 4442 2796 4500 etaﬁluentius
2823 4443 3090 4498 crescatis
3121 4441 3171 4496 in
3201 4440 3300 4494 ﬁde
3321 4456 3332 4492 :
3353 4450 3436 4488 nec
3465 4443 3548 4484 non
3567 4423 3677 4514 vim

2203 4511 2443 4607 aperiam
2483 4533 2636 4588 vobis
2674 4545 2894 4596 arcana,
2919 4545 3042 4600 qua:
3066 4531 3167 4584 hac
3197 4527 3249 4581 in
3273 4518 3469 4595 epistola
3497 4511 3678 4569 scribere

2205 4645 2432 4701 ne(illeo.
2495 4625 2761 4682 Gaudebit
2803 4639 3017 4696 quoque
3068 4623 3120 4678 in
3171 4620 3315 4676 vobis
3360 4621 3500 4670 mater
3536 4607 3674 4701 vestra

2204 4700 2363 4785 Sara,
2401 4734 2520 4790 quae
2544 4727 2627 4774 est
2657 4717 2838 4771 anima
2875 4732 3017 4782 mea,
3055 4715 3170 4770 haec
3195 4726 3308 4782 qua‘.
3334 4702 3528 4796 perfecta
3549 4700 3616 4796 est
3635 4700 3676 4796 ut

2202 4831 2300 4869 suo
2339 4788 2547 4876 amore,
2587 4820 2642 4866 et
2683 4809 2891 4880 peperit
2945 4808 2997 4864 in
3033 4807 3184 4860 vobis
3212 4803 3426 4858 divinum
3456 4788 3672 4887 Sl’i'iwm'

2204 4907 2468 4977 cupitque
2491 4919 2588 4959 vos
2615 4905 2879 4974 perlicere
2901 4942 2916 4968 ,
2961 4897 3389 4972 quemadmodum
3437 4895 3578 4952 rogati
3603 4887 3671 4942 Ρη

2201 5003 2387 5066 vobis,
2435 5011 2492 5054 ιιι
2538 4998 2802 5070 Spiritum
2847 4995 2998 5050 illttm
3040 4995 3250 5066 igneum
3301 4991 3514 5053 ηιπεηυω
3552 4978 3666 5070 Ψξῗω

2202 5095 2440 5162 suscepi,
2463 5091 2773 5163 suscipiatis
2802 5100 2858 5144 et
2887 5104 2982 5143 vos
3003 5107 3014 5142 :
3034 5102 3186 5156 quem
3209 5084 3250 5136 si
3277 5077 3514 5143 suscilmre
3535 5060 3664 5163 "mf"

2202 5187 2275 5241 ita
2313 5161 2373 5239 ut
2399 5161 2698 5239 maneat—in
2742 5183 2916 5246 vobis,
2957 5177 3144 5234 oll’erte
3188 5174 3324 5242 prius
3353 5177 3492 5234 opera
3528 5161 3668 5246 COTP‘l‘

2203 5279 2297 5343 ris,
2328 5285 2382 5332 et
2414 5277 2594 5332 cordis
2629 5274 3013 5338 humilitatem,
3053 5279 3107 5326 et
3137 5274 3330 5321 vestras
3355 5257 3529 5353 elevate

2205 5339 2439 5424 lationes
2480 5370 2532 5423 itt
2578 5369 2772 5422 caelum
2819 5377 2979 5420 noctu
3018 5364 3238 5431 diuque,
3279 5363 3328 5409 et
3360 5341 3548 5418 quaerite
3577 5339 3664 5431 cuni

2203 5463 2385 5519 curd'ts
2411 5462 2736 5518 rectitudine
2766 5459 3028 5529 Spiritum
3079 5429 3215 5509 hunc
3256 5448 3462 5517 ίϐηθωπθ
3501 5429 3663 5529 tum???

2205 5559 2426 5615 dabitur
2458 5557 2631 5612 vobis.
2693 5519 2822 5610 Hac'
2837 5552 2983 5610 enim
3021 5548 3219 5605 ratione
3248 5540 3380 5596 illum
3414 5519 3660 5585 consecutus

2835 5735 2862 5754 ν
2963 5735 3002 5754 tu
3037 5730 3148 5754 In..-
3202 5733 3296 5754 rl'll
3341 5710 3416 5754 9L

2370 5740 2416 5772 "
2455 5737 2608 5794 Joan.
2650 5752 2768 5802 xm,
2801 5735 2883 5789 15.
2963 5735 3002 5766 δ’
3028 5730 3170 5786 Joan.
3202 5733 3316 5782 XVII.
3341 5710 3416 5770 ἳίι
