3990 6210
387 293 528 352 1023

1504 303 1780 361 PATRES
1820 306 2124 364 EGYPTII
2167 307 2440 365 SAECULI
2481 310 2550 365 IV

3539 310 3691 367 {C25

390 396 547 453 decet
592 396 711 455 laus
749 409 806 455 et
849 400 1024 455 honor
1078 402 1146 457 ab
1184 402 1439 457 omnibus
1467 404 1829 461 rationalibus
1856 423 1979 463 cum
2010 416 2053 471 Α
2087 416 2276 479 putant
2329 410 2421 479 qui
2460 423 2580 461 eam
2626 423 2654 461 a
2695 405 2856 475 longe
2903 403 3285 474 conspiciunt;
3335 419 3506 477 prope
3548 425 3689 466 vero

394 486 557 547 Patre
589 505 713 557 suo,
747 500 803 548 et
836 491 1042 562 Spiritu
1075 503 1269 550 sancto
1300 496 1351 548 iu
1380 495 1600 552 strcula.
1625 498 1820 553 Amen.

966 605 1308 663 EPISTULA
1346 610 1414 665 X.

396 669 551 752 Filiis
584 675 699 752 suis
730 676 1043 752 monachis:
1086 680 1151 731 de
1176 696 1312 752 eam:
1344 681 1535 749 gloria,
1569 683 1784 752 ejusque
1814 694 1987 737 certa-

466 745 714 798 minibus.
754 743 1019 818 l’rteterea
1052 765 1138 818 eos
1165 751 1309 803 docet
1332 743 1485 818 ,vqua
1521 743 1725 807 ratione
1753 754 1859 807 illis
1898 756 1990 807 tle-

464 817 774 895 certortdunt
814 816 914 883 sit,
965 828 1021 871 ut
1054 817 1118 871 ab
1155 818 1251 873 illa
1292 816 1589 892 eripiantur
1629 825 1686 878 in
1722 842 1847 895 pace
1878 823 1989 878 Do-

464 884 613 938 mini.
652 885 793 939 Dixit
827 900 846 940 :

465 975 660 1031 Scriho
682 978 856 1043 vobis,
886 978 1038 1034 ﬁlioli
1066 981 1168 1035 mei
1198 981 1490 1048 benedicti,
1512 984 1798 1054 epistolam
1826 986 1988 1050 hanc,

395 1077 455 1122 ιιι
484 1069 794 1139 percipiatis
825 1071 965 1140 quod
1004 1072 1146 1126 Deus
1201 1089 1262 1128 se
1293 1074 1600 1143 diligentes,
1652 1086 1707 1131 et
1746 1091 1992 1145 quaeren-

399 1168 480 1212 tes
529 1158 595 1213 de
640 1167 751 1214 toto
809 1162 972 1217 corde
1021 1179 1143 1232 suo,
1190 1167 1435 1235 exaudit,
1479 1169 1834 1239 conceditque
1890 1171 1994 1226 illis

396 1266 586 1307 omnes
626 1267 814 1307 eorum
857 1255 1166 1323 petitiones.
1210 1256 1595 1315 Verumtamen
1645 1261 1857 1317 illorum
1901 1262 1993 1332 qui

400 1347 465 1398 ad
492 1343 640 1405 illum
677 1345 745 1400 de
778 1355 891 1403 toto
923 1348 1090 1403 corde
1123 1365 1219 1405 suo
1252 1366 1359 1406 non
1390 1355 1672 1418 accedunt,
1711 1355 1803 1409 sed
1840 1356 1993 1410 anci-

400 1437 525 1507 pitis
555 1448 679 1493 sunt
706 1439 907 1505 cordis,
940 1448 995 1494 et
1025 1441 1286 1512 quidquid
1317 1453 1524 1513 agunt,
1554 1445 1605 1498 id
1642 1444 1816 1514 palam
1853 1460 1982 1516 pras-

401 1538 548 1583 stant
575 1530 641 1585 ad
667 1532 1107 1602 consequendam
1137 1534 1364 1605 gloriam
1384 1535 1664 1591 laudemve
1691 1537 1994 1605 hominum,

404 1622 690 1691 petitiones
740 1640 845 1680 non
899 1626 1148 1693 exaudit,
1199 1628 1294 1683 sed
1334 1629 1514 1699 potius
1553 1629 1813 1686 irascitur
1851 1630 1995 1687 illis:

403 1712 467 1766 ad
515 1716 937 1772 ostentationem
972 1718 1171 1787 quippe
1200 1733 1388 1773 eorum
1415 1730 1543 1775 sunt
1602 1736 1786 1787 opera.
1815 1721 1997 1789 Quare

2090 502 2411 557 accedentes
2456 501 2522 555 ad
2556 499 2735 566 illam,
2763 506 2965 568 praeter
3003 506 3295 567 corruptos
3322 496 3532 555 fructus
3559 500 3689 557 dul-
3742 562 3749 569 _

2090 594 2296 650 cedinis
2326 601 2613 663 expertes,
2654 591 2788 647 nihil
2825 590 3236 645 nanciscuntur.
3282 589 3508 646 Similes
3547 607 3688 649 sane

2091 695 2219 743 sunt
2242 687 2332 756 qui
2369 688 2585 741 inanem
2608 683 2916 754 suscipiunt
2954 683 3215 754 gloriam;
3248 699 3373 737 nam
3407 684 3687 738 arbitran-

2094 790 2181 833 tur
2215 779 2487 841 homines,
2539 778 2639 832 hos
2676 775 2934 845 plurimis
2970 791 3095 831 esse
3130 775 3383 844 praeditos
3417 774 3691 832 fructibus

2091 871 2419 942 gratissimis
2456 869 2708 935 Domino,
2742 884 2866 925 cum
2907 878 3083 923 tamen
3116 868 3288 923 nullos
3311 869 3538 923 omnino
3573 869 3688 922 fru-

2093 972 2214 1016 ctus
2249 961 2503 1018 habeant.
2536 960 2791 1029 Quiuimo
2820 961 3118 1017 exsiccavit
3142 977 3236 1017 eos
3264 962 3423 1027 Deus,
3451 977 3519 1016 eo
3542 962 3690 1031 quod

2095 1056 2299 1110 nullum
2329 1055 2383 1110 in
2406 1056 2472 1110 iis
2498 1057 2697 1111 bonum
2728 1055 2964 1111 fructum
2993 1067 3185 1112 naclus
3219 1058 3322 1113 sit:
3352 1073 3417 1111 ac
3436 1067 3691 1128 propter-

2094 1165 2155 1203 ea
2184 1165 2295 1205 sua:
2327 1150 2629 1205 divinitatis
2672 1150 2957 1205 dulcedine
2997 1150 3409 1221 incomparabili
3447 1166 3546 1204 eos
3575 1149 3689 1219 pri-

2095 1242 2257 1296 vavit.
2287 1242 2357 1297 At
2389 1257 2509 1310 vos,
2548 1241 2698 1298 ﬁlioli
2722 1243 2863 1311 meif,
2893 1244 3256 1307 decertantes,
3280 1242 3550 1298 obsistere
3573 1250 3689 1296 sat-

2096 1336 2237 1405 agite
2282 1335 2492 1405 spiritui
2551 1335 2727 1392 inanis
2800 1336 3026 1407 glorim,
3083 1345 3137 1391 et
3195 1336 3267 1391 illi
3325 1335 3693 1390 adversemini

2099 1438 2262 1496 atque
2294 1427 2582 1497 prtevalete
2605 1438 2794 1483 contra
2826 1428 2995 1485 illum.
3043 1427 3252 1484 Etenim
3297 1430 3552 1485 adveniet
3573 1429 3689 1480 vir-

2101 1528 2186 1574 tus
2224 1519 2342 1585 Dei,
2377 1519 2643 1590 vobisque
2671 1535 2829 1590 opem
2866 1518 3003 1575 feret
3031 1535 3095 1576 ac
3122 1521 3361 1575 manebit
3382 1520 3692 1586 vobiscum,

2100 1620 2155 1666 et
2185 1611 2521 1680 diligentiam
2550 1611 2703 1667 vobis
2738 1611 3033 1683 elargietur
3081 1620 3243 1681 atque
3271 1612 3509 1667 calorem
3544 1613 3693 1667 omni

2104 1710 2368 1770 tempore.
2410 1701 2522 1771 Ego
2549 1716 2767 1772 quoque
2797 1717 2932 1772 rogo
2956 1717 3054 1772 pro
3083 1702 3257 1769 vobis,
3290 1713 3349 1756 ut
3376 1715 3693 1772 permaneat

3699 664 3709 703 ἱ

403 1805 728 1875 adimpletur
783 1806 852 1863 de
901 1784 1011 1863 illis
1059 1784 1262 1863 dictum
1306 1809 1506 1865 Psahui
1554 1784 1785 1868 dicentis
1808 1784 1999 1867 :WDeus

2105 1794 2156 1846 in
2196 1793 2349 1848 vobis
2385 1793 2472 1848 hic
2516 1794 2665 1849 calor
2691 1793 2742 1847 in
2782 1803 3078 1861 aeternum;
3124 1808 3246 1847 nam
3284 1808 3452 1849 verax
3489 1803 3610 1858 est,
3643 1803 3694 1847 et

406 1894 665 1965 disperget
699 1912 817 1951 ossa
845 1899 1243 1968 hypocrilarum
1264 1900 1332 1955 “.
1378 1900 1516 1956 Deus
1550 1917 1784 1975 namque
1825 1900 2001 1972 (cujus

407 1987 685 2040 memoriae
708 1988 904 2059 honor)
927 2004 1115 2045 eorum
1146 1989 1471 2045 adiraseitur
1493 1992 1750 2060 Opcrihus
1767 1991 2002 2047 illorum—

405 2090 513 2144 que
543 2079 793 2145 precibus
821 2079 961 2132 haud
988 2081 1219 2145 laetatur,
1253 2090 1306 2136 et
1338 2097 1685 2151 summopere
1711 2082 1776 2138 iis
1807 2083 2004 2139 adver-

406 2174 597 2233 satur;
636 2181 797 2237 opcra
833 2168 975 2223 enim
1006 2183 1105 2224 sua
1138 2169 1259 2226 sine
1291 2171 1395 2226 ﬁde
1426 2180 1631 2241 agunt,
1666 2187 1731 2227 eo
1756 2172 1902 2243 quod
1931 2172 1999 2227 ad

405 2259 826 2314 ostentationem
866 2259 1160 2315 humanam
1198 2278 1259 2317 ea
1310 2273 1638 2333 perpetreut.
1676 2266 1852 2335 Atque
1897 2266 2001 2322 hac

408 2350 475 2403 de
503 2364 666 2405 causa
702 2352 874 2407 virtus
907 2352 994 2406 Dei
1027 2351 1080 2406 in
1109 2353 1214 2408 illis
1250 2368 1355 2409 rion
1381 2365 1660 2425 Operatur,
1687 2372 1807 2412 cum
1838 2358 2002 2423 corde

407 2440 517 2494 siut
545 2440 744 2496 inﬁrmi
777 2443 827 2496 in
857 2443 1111 2499 omnibus
1145 2446 1402 2514 operibus
1425 2462 1544 2515 quae
1587 2448 1998 2519 aggrediuntur.

409 2529 622 2586 Idcirco
649 2533 884 2587 divinam
924 2534 1176 2603 ignorant
1201 2535 1540 2593 dulcedinem
1562 2579 1575 2603 ,
1608 2540 1833 2609 ejusque
1866 2541 2002 2596 leni-

413 2631 576 2676 talem
611 2632 668 2678 et
706 2625 981 2695 gaudium.
1038 2626 1294 2694 Quiuimo
1343 2641 1709 2699 aggravantur
1738 2647 1902 2701 opera
1937 2632 2002 2689 il-

408 2713 584 2768 larum
632 2731 795 2786 super
830 2718 1040 2774 animas
1073 2733 1284 2785 eorum,
1335 2728 1589 2789 tanquam
1629 2738 1768 2777 onus
1802 2739 1991 2793 grave.

412 2804 604 2859 Multos
659 2807 872 2875 quidem
915 2822 983 2862 ex
1034 2823 1232 2879 genere
1292 2820 1515 2874 vestro,
1566 2813 1656 2881 qui
1706 2814 1845 2869 hanc
1885 2816 1999 2870 vir-

413 2907 578 2953 tutem
640 2914 760 2968 quae
814 2901 1007 2955 anima:
1075 2903 1395 2958 suavitatem
1465 2907 1699 2974 praebet,
1771 2922 2001 2979 eamque

414 2989 465 3042 in
499 2989 613 3045 dies
640 2991 838 3060 gaudio
858 3002 913 3047 ct
940 2992 1122 3048 laetitia
1156 3004 1333 3066 auget,
1365 3006 1528 3065 atque
1557 2997 1608 3050 itt
1643 2997 1730 3051 illa
1758 2999 1998 3055 divinum

414 3085 661 3140 accendit
692 3084 929 3141 calorem
958 3128 974 3154 ,
1009 3101 1114 3142 non
1158 3097 1285 3143 sunt
1321 3090 1637 3157 consecuti;
1680 3106 1879 3161 eosque
1908 3093 2000 3148 de-

413 3179 558 3248 cepit
591 3179 815 3248 spiritus
859 3182 960 3237 iste
1005 3181 1209 3248 malus,
1268 3197 1333 3238 eo
1382 3184 1525 3252 quod
1584 3200 1679 3239 sua
1721 3201 1882 3256 Opera
1933 3186 1999 3240 ad

412 3274 831 3329 ostentationem
865 3275 1176 3330 hominibus
1210 3286 1553 3347 peregerunt.
1584 3278 1655 3331 At
1701 3293 1799 3333 vos
1822 3319 1837 3344 ,
1868 3279 2002 3335 dile-

415 3362 645 3418 ctissimi
685 3365 787 3418 mei
819 3376 872 3420 et
896 3366 1046 3420 cordi
1099 3382 1218 3421 meo
1245 3367 1556 3423 charissimi
1578 3411 1591 3434 ,
1626 3370 1718 3438 qui
1756 3369 1999 3425 laborum

418 3463 717 3510 vestrorum
768 3454 978 3512 fructus
1009 3472 1191 3513 coram
1238 3458 1468 3514 Domino
1506 3460 1814 3527 obtulistis,
1850 3478 1996 3517 rece-

414 3548 544 3603 dere
592 3548 823 3620 satagite
853 3564 883 3603 a
919 3551 1199 3618 spiritibus
1231 3551 1418 3621 gloriae
1455 3552 1671 3619 inanis,
1708 3563 1761 3607 ct
1800 3555 2001 3626 jugiter

417 3641 679 3698 adversus
719 3656 839 3696 eam
886 3650 1123 3712 pugnate
1147 3682 1163 3708 ,
1200 3653 1260 3697 ut
1289 3644 1522 3714 accipiat
1547 3645 1757 3701 fructus
1792 3659 2002 3703 veSIros

419 3730 679 3789 Dominus
720 3749 856 3801 quos
903 3748 1087 3789 coram
1136 3734 1254 3805 ipso
1293 3735 1604 3801 obtulistis,
1647 3747 1702 3793 et
1750 3739 2003 3793 virtutem

333 3816 343 3827 '
416 3839 536 3897 quae
562 3825 679 3896 ejus
702 3826 859 3881 datur
881 3826 1090 3893 electis,
1124 3826 1438 3883 obtineatis.
1465 3827 1570 3885 Cor
1594 3837 1776 3885 autem
1802 3846 2003 3897 meum,

414 3916 752 3975 dilectissimi
788 3920 915 3985 mei,
946 3928 1125 3975 vestra
1152 3937 1316 3980 causa
1341 3922 1725 3979 conﬁrmatum
1752 3932 1858 3991 est,
1879 3940 2001 3978 cum

415 4012 609 4077 sciam,
645 4028 741 4067 vos
765 4014 978 4084 spiritui
1020 4016 1204 4086 gloria:
1233 4016 1409 4071 inanis
1458 4015 1680 4070 minime
1710 4018 2001 4085 assentiri,

414 4102 509 4157 sed
553 4116 814 4174 perpetuo
860 4107 931 4161 illi
965 4107 1272 4174 adversari;
1308 4108 1540 4178 ideoque
1582 4109 1789 4164 fructus
1826 4117 2006 4163 vester

415 4202 636 4252 sanctus
680 4209 843 4268 atque
894 4199 1050 4254 vivus
1108 4211 1213 4256 est.
1252 4200 1614 4268 Quamobrem
1664 4201 1879 4272 spiritui
1928 4201 2003 4256 illi

416 4287 558 4343 malo
618 4288 898 4345 adversari
943 4291 1245 4361 persistite;
1286 4306 1409 4344 nam
1469 4290 1621 4346 initis
1669 4292 1738 4347 ab
1786 4291 2006 4346 homine

412 4378 576 4449 justis
607 4382 885 4453 operibus.
921 4384 1234 4453 optimoque
1264 4382 1584 4448 certamine,
1615 4383 1681 4438 ad
1713 4384 2001 4439 iucundam

2105 1884 2235 1939 nihil
2273 1893 2358 1941 est
2403 1900 2470 1940 eo
2522 1885 2890 1956 praestantius.
2947 1884 3002 1939 Si
3042 1884 3167 1953 quis
3227 1893 3408 1940 autem
3449 1893 3697 1940 vestrum

2104 1976 2526 2046 deprehenderit
2551 1992 2612 2033 se
2643 1976 2869 2032 minime
2894 1977 2994 2032 hoc
3027 1975 3310 2044 praeditum
3343 1990 3466 2031 esse
3487 1974 3699 2041 calore,

2105 2068 2254 2123 illum
2291 2084 2542 2141 qumrere
2566 2079 2812 2141 satagat;
2840 2070 2930 2138 qui
2954 2070 3173 2140 quidem
3210 2069 3472 2138 quaerenti
3495 2070 3698 2123 aderit.

2105 2159 2313 2214 Etenim
2365 2160 2475 2230 igni
2507 2161 2702 2216 similis
2721 2172 2800 2215 est
2823 2199 2838 2225 ,
2867 2163 2919 2215 in
2952 2176 3112 2231 quem
3150 2160 3395 2215 volentes
3424 2160 3701 2216 ~homiues

2103 2251 2303 2322 aliquid
2345 2253 2553 2307 olerum
2605 2267 2984 2322 concoquere,
3032 2252 3219 2308 inﬁant
3275 2253 3447 2308 donec
3498 2268 3703 2307 accen-

2104 2344 2304 2399 datur:
2382 2357 2491 2413 quo
2540 2354 2722 2400 autem
2778 2359 3047 2410 accenso,
3104 2343 3249 2399 illius
3309 2344 3546 2415 acquirit
3600 2360 3704 2397 na-

2107 2445 2309 2501 turam,
2352 2435 2656 2506 ehullilque
2711 2435 3010 2491 ascendens
3066 2445 3122 2490 et
3169 2438 3517 2492 comburens.
3571 2436 3702 2491 Pari

2103 2527 2320 2596 quidem
2390 2527 2629 2595 ratione,
2697 2527 2846 2583 ﬁlioli
2903 2529 3040 2596 mei,
3082 2543 3205 2584 cum
3266 2528 3515 2584 videritis
3575 2530 3703 2583 ani-

2106 2632 2221 2671 mas
2283 2626 2489 2671 vestras
2555 2617 2811 2687 irigcﬁeri
2877 2632 2974 2688 per
3035 2616 3299 2673 incuriam
3387 2626 3552 2688 atque
3615 2622 3704 2688 pi-

2103 2706 2350 2777 gritiam,
2402 2723 2503 2762 eas—
2545 2709 2755 2778 erigere
2808 2712 3049 2776 studete,
3100 2723 3265 2779 super
3311 2708 3430 2764 illas
3473 2710 3703 2778 ploran-

2108 2811 2207 2852 tes.
2261 2798 2452 2853 Procul
2484 2799 2647 2854 dubio
2695 2805 2840 2854 enim
2888 2801 3037 2856 calor
3088 2801 3177 2855 ille
3229 2801 3443 2869 veniet,
3494 2813 3547 2855 et
3578 2801 3700 2856 illis

2104 2887 2311 2943 scilicet
2335 2889 2619 2945 animabus
2644 2890 2848 2944 vestris
2873 2890 3119 2945 unietur:
3162 2890 3316 2956 cujus
3347 2890 3702 2961 acquirentes

2106 2990 2379 3045 naturam,
2408 2981 2562 3036 bonis
2590 2983 2848 3051 cperibus
2870 2981 3153 3037 ebullient.
3189 2981 3326 3037 Hinc
3362 2984 3541 3036 David-
3562 2999 3689 3036 cum

2108 3071 2585 3127 animadvertisset
2617 3074 2853 3127 animam
2881 3087 3032 3127 suam
3052 3070 3165 3138 jam
3200 3081 3545 3141 aggravatam
3572 3087 3702 3127 esse

2108 3173 2271 3234 atque
2299 3163 2638 3235 frigel'actam
2662 3204 2675 3229 ,
2718 3167 2796 3219 sic
2840 3164 2916 3218 ait
2948 3181 2963 3217 :
3013 3162 3223 3233 Projeci
3261 3164 3494 3215 animum
3529 3179 3703 3216 meum

2107 3272 2285 3310 coram
2316 3265 2385 3321 te,
2422 3268 2469 3309 et
2488 3254 2813 3310 recordatus
2839 3271 2956 3309 sum
2988 3255 3377 3324 praeteritorum
3401 3254 3629 3319 dierum,
3652 3262 3700 3305 et

2106 3352 2391 3404 meditatus
2419 3367 2533 3404 sum
2561 3367 2719 3421 opera
2752 3366 3004 3404 manuum
3031 3359 3269 3402 tuarum.
3309 3344 3580 3401 Prtrlerea
3603 3360 3701 3399 est-

2103 3444 2267 3509 pandi
2296 3459 2482 3497 manus
2512 3460 2654 3497 meas
2676 3486 2691 3511 ,
2717 3454 2764 3498 et
2796 3445 2939 3511 facta
2980 3453 3055 3497 est
3090 3444 3272 3497 anima
3306 3459 3420 3497 mea
3446 3452 3700 3512 tauquam

2106 3544 2246 3587 terra
2273 3535 2457 3588 sitiens
2481 3551 2659 3589 coram
2700 3544 2749 3588 te
2787 3534 2854 3589 ⁸⁸.
2888 3535 3069 3601 Quare
3117 3535 3415 3604 percipite,
3457 3532 3699 3587 dilectis-

2106 3626 2227 3680 simi
2266 3628 2405 3691 mei,
2446 3641 2565 3696 qua:
2609 3627 2735 3681 fecit
2769 3627 2977 3692 David,
3022 3627 3137 3696 qui,
3168 3642 3290 3681 cum
3349 3635 3700 3697 aggravatum

2108 3729 2258 3774 esset
2303 3734 2400 3773 cor
2439 3719 2592 3788 ejus,
2628 3721 2762 3775 adeo
2792 3719 3011 3790 quidem
3049 3719 3313 3774 sollicitus
3346 3718 3447 3772 iuit
3471 3760 3487 3783 ,
3531 3718 3703 3772 donec

2109 3824 2372 3865 accensus
2402 3818 2483 3864 est
2512 3810 2663 3863 calor
2692 3810 2744 3863 iu
2767 3811 2931 3865 corde
2959 3808 3097 3877 ejus,
3135 3808 3207 3861 ita
3237 3815 3297 3861 ut
3327 3807 3564 3862 dixerit:
3600 3803 3701 3859 Cor

2107 3919 2276 3956 meum
2302 3912 2548 3973 paratum
2588 3912 2684 3965 est,
2711 3901 2874 3966 Deus,
2906 3918 2997 3955 cor
3029 3917 3200 3954 meum
3241 3908 3493 3969 paratum
3524 3910 3599 3953 est
3634 3896 3701 3951 “.

2109 3994 2178 4049 Et
2209 3995 2495 4048 restitutus
2519 4002 2604 4048 est
2637 3992 2962 4056 ministerio,
2995 3991 3269 4046 mediante
3291 3988 3411 4058 ejus
3439 4000 3705 4044 nocturna

2108 4087 2415 4156 diurnaque
2445 4099 2575 4140 cura
2623 4093 2680 4139 ct
2718 4083 3105 4143 sollicitudine.
3145 4082 3413 4139 Similiter
3445 4082 3609 4137 facite
3649 4091 3706 4132 et

2108 4194 2205 4233 vos
2227 4218 2243 4243 ,
2276 4187 2336 4232 ut
2371 4178 2658 4233 unanimes
2686 4178 2807 4233 sitis
2848 4177 2900 4231 in
2940 4175 3333 4247 prmparatiuae
3363 4172 3586 4237 cordis,
3623 4175 3707 4226 di-

2108 4273 2234 4327 vino
2260 4270 2562 4342 epitulante
2590 4272 2794 4327 lumine
2826 4280 2882 4326 et
2911 4269 3093 4324 calore
3113 4308 3145 4334 ,.
3166 4279 3221 4322 et
3267 4275 3325 4321 ut
3354 4280 3550 4337 magna
3577 4281 3706 4335 ape-

2110 4363 2218 4419 riat
2270 4364 2412 4419 Deus
2472 4364 2626 4419 vobis
2673 4378 2874 4419 arcana
2918 4377 3040 4433 qua:
3096 4359 3357 4428 esplicari
3397 4366 3704 4429 nequeunt.

416 4487 538 4527 cum
582 4472 675 4527 illo
702 4473 1171 4545 participationem
1194 4473 1432 4529 accurrit
1456 4473 1564 4539 hic,
1590 4484 1643 4528 et
1673 4473 1741 4529 ab
1773 4474 1855 4529 his
1882 4490 1999 4530 eum

2117 4454 2225 4525 Ego
2260 4464 2443 4509 autem
2496 4470 2627 4525 rogo
2663 4455 2810 4509 illum
2835 4494 2851 4519 ,
2884 4464 2944 4508 ut
2974 4466 3205 4523 corpora
3244 4451 3567 4520 animasque
3614 4462 3712 4501 ve-

416 4577 668 4619 amovere
712 4574 973 4632 conatur;
1029 4565 1102 4621 ita
1148 4567 1407 4636 quidem,
1438 4577 1495 4621 ut
1535 4568 1831 4638 quidquam
1873 4568 2004 4635 justi

416 4656 565 4712 illum
598 4671 758 4728 agere
789 4673 893 4711 non
930 4658 1093 4720 sinat,
1119 4674 1238 4712 cum
1265 4659 1578 4731 sitspiritus
1606 4660 1780 4715 malus
1814 4660 2007 4715 adver-

415 4758 675 4817 seturque
728 4749 981 4804 onmibus
1022 4750 1115 4819 qui
1168 4749 1355 4806 ﬁdeles
1384 4767 1504 4805 esse
1562 4752 1806 4822 cupiunt.
1852 4750 2003 4804 Multi

415 4842 632 4910 quidem
680 4849 809 4898 sunt
849 4842 1047 4913 quibus
1100 4844 1348 4898 homines
1403 4843 1713 4914 gloriantur
1747 4852 2003 4912 tanquam

340 5001 351 5013 _
417 4933 696 5001 ﬁdelibus,
737 4943 792 4989 et
820 4934 909 5003 qui
951 4936 1134 4989 statim
1189 4944 1532 4990 commutant
1574 4934 2003 4990 misericordiam

415 5024 703 5094 egentibus
728 5064 746 5093 ,
788 5025 989 5098 quibus
1030 5040 1243 5096 quoque
1274 5025 1592 5081 adversatur
1621 5026 1847 5095 spiritus
1882 5026 2002 5082 istc.

417 5119 550 5175 Aliis
589 5132 720 5175 vero
751 5120 898 5174 inter
925 5121 1259 5190 operandqu
1291 5134 1415 5176 sese
1449 5120 1751 5184 immiscet,
1785 5136 2003 5175 eorum.

415 5225 522 5282 que
546 5211 795 5281 deperdit
834 5209 1044 5267 fructus
1083 5211 1352 5282 efﬁcitque
1396 5215 1836 5278 retrocedentes,
1866 5225 1920 5267 et
1948 5223 2008 5267 ut

418 5314 546 5358 suas
569 5308 800 5361 virtutes
831 5313 888 5361 ct
921 5305 1352 5361 misericordiam
1396 5305 1545 5360 iuani
1584 5304 1769 5376 gloriae
1803 5306 2004 5373 permi-

418 5405 534 5452 stas
563 5409 879 5465 operentur.

472 5486 603 5542 llos
630 5501 809 5545 autem
836 5492 1106 5548 fructibus
1144 5506 1265 5549 esse
1302 5492 1560 5564 praeditos
1604 5491 1850 5547 homines
1891 5493 2008 5546 exi-

421 5581 679 5645 stimant,
712 5596 836 5637 cum
889 5586 1131 5655 profecto
1176 5584 1440 5642 careant:
1487 5594 1614 5642 sunt
1660 5585 1805 5640 enim
1839 5586 2008 5641 instar

420 5674 728 5749 sycomori,
776 5690 936 5745 quam
987 5679 1234 5737 dulcibus
1279 5680 1548 5736 fructibus
1588 5679 1841 5736 refertam
1889 5695 2009 5734 esse

497 5792 543 5826 εδ
563 5792 706 5850 Psal.
735 5808 829 5858 ιιι,
856 5794 908 5849 6.
998 5796 1040 5829 "
1062 5794 1205 5853 Psal.
1232 5813 1398 5867 exul,
1434 5797 1487 5865 5,
1514 5798 1569 5855 6.

1645 5797 1688 5830 “
1711 5796 1849 5853 l‘sal.
1873 5811 2004 5864 cvtt,
2037 5797 2089 5851 τὶ.

2104 4558 2247 4602 stras
2277 4554 2443 4617 atque
2467 4548 2691 4616 spiritus
2730 4546 3028 4602 incolumes
3060 4552 3284 4611 servet,
3310 4543 3481 4598 donec
3514 4550 3703 4593 trans-

2108 4642 2246 4696 ierat
2297 4654 2394 4694 vos
2433 4641 2501 4694 ad
2541 4654 2654 4695 suae
2684 4639 3074 4694 misericordiae
3113 4638 3487 4698 mansionem,
3518 4633 3702 4686 locum

2114 4748 2274 4801 quem
2301 4732 2477 4787 sancti
2506 4733 2674 4787 nostri
2707 4732 2948 4787 incolunt
2972 4740 3176 4802 patres.
3202 4729 3386 4785 Estote
3406 4727 3708 4798 gaudentes

2109 4827 2160 4880 in
2189 4824 2435 4891 Domino,
2460 4826 2546 4880 cui
2581 4825 2753 4897 gloria
2781 4838 2999 4896 semper
3037 4825 3090 4877 in
3116 4831 3403 4878 aeternum.

2669 4938 3008 4995 EPISTOLA
3049 4937 3139 4993 XI.

2252 5034 2328 5089 De
2356 5035 2694 5096 discretione,
2725 5033 2940 5105 ejusque
2969 5033 3336 5103 ocquisitioue.
3377 5031 3563 5085 Dixit:

2180 5127 2408 5192 Scitote,
2433 5127 2580 5181 ﬁlioli
2615 5127 2721 5180 mci
2754 5125 3061 5190 benedicti,
3097 5126 3242 5193 quod
3271 5124 3588 5193 scripserim
3615 5138 3701 5174 vo-

2111 5220 2193 5274 bis
2229 5229 2486 5289 tanquam
2540 5220 2666 5273 ﬁliis
2697 5217 3063 5273 dilectissimis
3089 5257 3105 5279 ,
3136 5218 3517 5272 benedictione
3548 5225 3701 5283 atque

2114 5313 2263 5384 regni
2288 5312 2603 5367 luercditate
2628 5312 2826 5381 dignis.
2854 5309 3222 5377 Quamobrem
3259 5325 3352 5365 vos
3385 5309 3564 5374 decet,
3586 5325 3701 5363 cum

2110 5404 2244 5459 tales
2288 5401 2466 5457 clfecti
2504 5402 2665 5469 silis,
2711 5414 2770 5457 ut
2820 5417 3090 5457 memores
3131 5402 3256 5457 sitis
3298 5409 3462 5455 noctu
3505 5399 3703 5470 diuque

2108 5497 2358 5561 istorum,
2396 5511 2519 5551 cum
2550 5496 2642 5549 ﬁlii
2675 5496 2824 5564 regni
2871 5496 2984 5551 ﬁeri
3023 5495 3290 5564 cupiatis.
3344 5504 3405 5549 ut
3431 5493 3701 5549 custodiat

2111 5604 2216 5646 vos
2249 5590 2508 5645 Dominus
2534 5590 2601 5645 ab
2641 5590 2898 5645 omnibus
2920 5589 3083 5644 malis
3111 5628 3126 5655 ,
3170 5598 3228 5642 ut
3268 5589 3454 5643 omnia
3499 5587 3700 5641 discer-

2113 5689 2305 5738 nentes
2328 5721 2343 5750 ,
2381 5680 2608 5738 meliora
2643 5679 2859 5750 eligatis
2900 5689 2957 5737 ct
2997 5680 3133 5735 bona
3161 5677 3325 5749 justis
3358 5687 3551 5744 parata
3581 5689 3697 5729 ecu-
