3976 6204
304 237 441 292 ίοέὖ

1295 229 1352 284 S.
1397 227 1675 282 ANTONII
1718 228 1784 283 Μ.
1830 227 2120 282 ABBATIS
2160 225 2541 282 EPISTOLIE.

3409 224 3432 277 λι
3444 225 3510 278 0‘2
3519 223 3551 276 6

289 355 611 425 sequamini.
645 351 776 407 Cum
801 361 1014 415 autem,
1047 351 1194 405 lilioli
1231 354 1372 415 mei,
1412 353 1541 406 mihi
1581 350 1704 405 lacti
1745 351 1864 404 sitis
1896 361 1938 416 Α
1970 348 2356 418 sempiternum
2384 363 2415 401 a
2442 348 2550 418 Deo
2576 356 2780 410 nostro,
2817 353 2869 398 et
2893 353 3151 412 augeatur
3177 340 3346 411 gloria
3376 355 3552 396 vestra

287 443 673 509 dilectissimi,
701 453 756 496 et
785 443 879 495 lilii
913 441 1091 510 regni,
1127 457 1224 510 pro
1269 442 1419 496 vobis
1455 443 1568 495 sine
1598 441 1867 496 intermis-

287 539 442 591 sione
494 538 779 603 deprecor,
826 543 882 587 ut
921 533 1216 603 clargiatur
1262 534 1413 587 vobis
1455 534 1594 586 Deus
1643 533 1865 602 gratiam

289 627 613 698 providendi
659 636 715 680 et
760 627 1101 680 discernendi
1149 625 1328 678 omnia
1359 666 1373 690 ,
1421 635 1478 677 ut
1529 625 1869 694 distinguatis

287 721 433 774 inter
486 719 682 772 bonum
727 726 781 769 et
835 717 1054 770 malum.
1109 715 1319 769 Etenim
1381 714 1641 781 scriptum
1693 725 1774 770 est
1817 717 1866 772 in

288 812 460 865 Paulo
507 808 770 879 apostolo,
820 809 968 879 quod
1009 824 1124 861 esca
1158 808 1311 877 fortis
1339 808 1680 876 perfectorum
1706 819 1776 861 est
1801 809 1864 861 ⁸⁷.

290 906 352 958 ιιι
380 917 563 958 autem
610 912 773 965 sunt,
819 903 907 970 qui
945 916 1070 956 suos
1114 912 1408 955 erexerunt
1439 916 1630 954 sensus
1665 916 1727 954 ac
1773 916 1867 953 sua

285 994 566 1062 proposita
594 993 757 1045 nimia
788 991 1139 1060 inquisitione
1162 991 1304 1044 circa
1333 994 1528 1043 bonum
1553 999 1606 1043 et
1633 992 1828 1043 malum
1853 1005 1866 1052 ;

286 1097 341 1138 ct
372 1094 658 1154 propterea
694 1083 784 1137 ﬁlii
823 1083 974 1151 regni
1004 1083 1130 1136 lacti
1164 1092 1308 1147 sunt,
1337 1093 1391 1136 et
1422 1082 1616 1136 divina:
1646 1081 1868 1149 ascripti

289 1177 579 1230 tiliationi:
631 1176 835 1230 idcirco
883 1176 1022 1228 hanc
1065 1173 1169 1228 illis
1202 1174 1388 1228 tribuit
1431 1172 1774 1242 prudentiam
1817 1181 1871 1225 et

290 1265 674 1320 discretionem
726 1264 779 1318 in
831 1264 1085 1318 onmibus
1119 1279 1308 1318 eorum
1354 1264 1642 1332 Operibus,
1679 1277 1746 1316 ne
1779 1277 1866 1315 se-

290 1358 455 1411 dat-at
484 1372 580 1411 eos
607 1355 721 1410 sive
749 1355 913 1411 homo
932 1356 1053 1409 sive
1082 1355 1344 1410 diabolus.
1374 1355 1664 1408 Sciendum
1689 1354 1870 1423 itaque

293 1448 448 1502 vobis
487 1455 570 1501 est
616 1447 828 1501 hostem
888 1447 1133 1502 ﬁdelibus
1190 1446 1464 1501 adversari
1512 1445 1634 1499 boui
1667 1446 1866 1513 specie,

292 1539 580 1606 pluresque
619 1535 904 1604 decipere,
931 1549 995 1589 eo
1015 1534 1156 1604 quod
1195 1535 1418 1589 minime
1460 1532 1566 1588 illis
1613 1547 1868 1587 concessa

292 1638 376 1684 cst
415 1626 700 1696 prudentia
729 1635 780 1678 et
824 1626 1099 1679 discretio.
1130 1623 1268 1680 llinc
1293 1663 1308 1689 ,
1343 1639 1464 1678 cum
1503 1625 1601 1678 bas
1635 1623 1872 1676 novisset

1977 443 2030 495 in
2067 441 2356 514 omnibus,
2386 448 2441 492 et
2489 438 2578 491 det
2608 437 2760 492 vobis
2794 436 2896 490 alia
2941 435 3205 504 permulta
3254 448 3372 502 quae
3417 450 3556 487 nun-

1974 547 2135 603 quam
2191 531 2539 600 cognovistis.
2593 529 2702 599 Ego
2753 538 2931 582 autem
2987 526 3146 580 Pater
3194 536 3368 580 veSter
3425 540 3560 594 rogo

1975 626 2135 678 etiam
2165 639 2260 692 pro
2295 623 2464 689 vobis,
2494 631 2551 675 ut
2585 623 2650 674 ad
2687 623 2828 674 hanc
2861 634 3174 674 mensuram
3202 634 3322 687 qua:
3353 628 3436 672 est
3463 633 3558 670 no-

1976 717 2078 778 bis,
2111 715 2456 784 perveniatis.
2497 713 2706 766 Etenim
2745 712 2896 765 multi
2939 711 3325 764 monachorum
3359 718 3408 762 et
3448 709 3558 761 vir-

1975 805 2156 874 ginum
2189 805 2277 872 qui
2314 814 2439 858 sunt
2487 804 2536 856 in
2569 802 3114 870 congregationibus,
3164 802 3301 854 hanc
3341 814 3559 851 mensu-

1978 911 2091 949 ram
2136 913 2238 949 non
2270 897 2591 966 attigerunt.
2632 893 2738 949 Vos
2783 902 2964 947 autem
3003 893 3046 946 si
3083 893 3221 945 hanc
3251 903 3556 945 mensuram

1976 989 2238 1057 attingere
2289 987 2518 1056 cupitis,
2553 1002 2672 1056 qua:
2721 997 2806 1040 est
2848 985 3148 1056 perfectio,
3202 983 3438 1038 reccdite
3489 981 3556 1034 ab

1975 1079 2227 1133 omnibus
2271 1079 2334 1132 iis
2364 1079 2452 1148 qui
2502 1078 2808 1145 bujusmodi
2862 1079 3064 1132 habent
3121 1093 3335 1142 nomen,
3367 1089 3558 1131 mona-

1977 1173 2168 1225 cbatus
2197 1171 2447 1226 videlicet
2478 1181 2532 1225 et
2555 1169 2908 1240 virginitatis,
2943 1185 3043 1224 nec
3073 1170 3340 1238 reperitur
3374 1168 3426 1220 in
3457 1166 3562 1221 illis

1979 1263 2091 1316 haec
2120 1263 2454 1332 providentia
2486 1270 2540 1316 et
2565 1263 2855 1327 discretio;
2896 1276 3018 1314 nam
3051 1261 3092 1314 si
3125 1276 3250 1314 cum
3283 1259 3387 1312 illis
3413 1272 3563 1312 com-

1977 1357 2401 1422 municaveritis,
2465 1357 2730 1425 prolicere
2791 1370 2886 1409 vos
2924 1369 3029 1408 non
3073 1354 3419 1424 permittant,
3455 1351 3564 1404 imo

1976 1447 2322 1514 exsdnguent
2360 1447 2594 1500 calorem
2649 1461 2716 1500 ex
2754 1446 2912 1501 vobis
2937 1485 2951 1510 ,
2987 1461 3109 1500 cum
3149 1445 3203 1499 in
3247 1445 3351 1498 illis
3389 1444 3564 1498 nullus

1977 1547 2153 1593 exstet
2181 1539 2348 1602 calor,
2381 1539 2476 1594 sed
2511 1538 2682 1606 algor,
2720 1538 3060 1592 ambulantes
3105 1538 3400 1592 secundum
3435 1550 3564 1590 suas

1979 1630 2304 1684 voluntates.
2338 1629 2394 1684 Si
2425 1645 2554 1698 ergo
2579 1631 2914 1684 veneriutad
2938 1644 3054 1694 vos,
3091 1639 3145 1684 et
3168 1628 3328 1683 locuti
3365 1627 3566 1680 fuerint

291 1724 484 1774 beatus
510 1718 716 1772 Paulus
739 1717 956 1772 divitias
987 1732 1105 1787 quae
1135 1726 1293 1772 erunt
1333 1716 1616 1779 ﬁdelibus,
1646 1731 1870 1782 tptarum
1907 1721 1947 1775 Β
1981 1722 2253 1775 vobiscum
2292 1724 2455 1776 verba
2510 1722 2669 1792 hujus
2705 1722 2887 1776 saeculi
2933 1731 2989 1776 et
3037 1737 3157 1791 qua:
3205 1735 3393 1774 eorum
3432 1735 3563 1772 con-

293 1811 683 1882 magnitudinis
733 1825 839 1864 non
883 1821 968 1864 est
1024 1810 1288 1864 terminus
1313 1847 1332 1875 ,
1369 1809 1585 1877 scripsit
1626 1807 1874 1876 Ephesiis

290 1906 414 1975 (qui
448 1906 599 1960 liberi
627 1905 674 1960 ei
716 1903 848 1958 lacti
889 1913 1041 1958 erant
1072 1945 1083 1967 ,
1115 1911 1172 1956 et
1220 1902 1315 1956 tilii
1356 1900 1525 1972 regni)
1551 1901 1619 1956 ob
1652 1902 1873 1955 nimiam

294 1997 446 2051 illius
473 2011 598 2066 erga
635 2010 727 2050 eos
755 1995 1078 2050 charitatem
1115 1994 1313 2048 licens:
1349 1991 1621 2046 Fidelibus
1661 1993 1872 2055 sanctis,

290 2092 387 2161 qui
431 2098 553 2143 sunt
596 2088 813 2157 Ephesi.
865 2085 950 2140 Ea:
995 2102 1096 2155 quo
1131 2087 1306 2139 audivi
1351 2086 1507 2152 ﬁdem
1558 2095 1777 2138 vestram
1821 2087 1874 2136 in

297 2182 579 2236 Dominum
621 2191 858 2246 nostrum
903 2177 1084 2232 Jesum
1132 2178 1432 2241 Christum,
1465 2187 1511 2248 et
1544 2177 1875 2230 dilectionem

295 2284 520 2328 uestram
548 2289 671 2342 erga
715 2288 890 2325 omnes
924 2283 1132 2324 sanctos
1154 2310 1168 2333 ,
1199 2286 1300 2323 non
1325 2286 1467 2322 cesso
1497 2270 1694 2338 gratias
1725 2285 1876 2337 agere

293 2382 390 2433 pro
427 2366 590 2431 vobis,
617 2375 663 2417 et
695 2363 968 2418 recordari
1002 2362 1161 2416 vestri
1193 2363 1245 2414 in
1279 2361 1603 2414 orationibus
1640 2363 1785 2428 meis,
1821 2371 1875 2414 ut

295 2458 466 2510 Pater
498 2455 712 2509 Domini
760 2456 927 2509 nostri
969 2452 1099 2506 Jesu
1131 2452 1347 2518 Christi,
1375 2451 1536 2506 Pater
1563 2452 1764 2522 gloriae,
1792 2453 1875 2505 det

294 2547 441 2602 vobis
479 2548 721 2614 spiritum
768 2547 1039 2613 sapientiw
1075 2554 1122 2598 et
1162 2545 1516 2614 intelligentia:
1541 2582 1557 2609 ,
1594 2555 1646 2598 ut
1681 2544 1878 2598 illumi-

295 2651 488 2692 nentur
513 2639 653 2692 oculi
685 2638 924 2691 cordium
953 2645 1242 2691 vestrorum
1269 2676 1283 2702 ,
1313 2646 1355 2692 et
1388 2637 1568 2690 sciatis
1609 2636 1878 2708 quidditao

298 2741 400 2783 tem
432 2729 544 2799 (l9)
584 2730 691 2796 spei
723 2739 905 2783 uestra:
939 2730 1226 2782 vocationis
1250 2769 1266 2795 ,
1315 2739 1361 2782 et
1391 2729 1738 2798 quidditatem
1762 2732 1872 2798 glo-

300 2822 393 2875 ria:
429 2822 735 2896 diuitiarum
780 2821 1107 2874 luereditatis
1147 2821 1258 2889 ejus
1293 2821 1346 2874 in
1375 2821 1569 2874 sanctis
1601 2821 1668 2874 ⁸⁸.
1713 2820 1782 2875 Et
1807 2823 1881 2876 ait

297 2916 464 2968 etiam
490 2954 506 2967 .
540 2911 797 2982 Equidem
821 2915 971 2983 ﬂecto
992 2930 1161 2984 genua
1191 2915 1422 2967 adorans
1459 2914 1695 2979 Patrem,
1718 2931 1750 2968 a
1775 2932 1879 2984 quo

297 3007 671 3059 denominatur
691 3007 857 3058 omnis
891 3006 1200 3072 paternitas,
1246 3015 1352 3058 tam
1392 3006 1446 3058 in
1475 3005 1600 3058 caelo
1638 3022 1795 3074 quam
1826 3007 1878 3058 in

297 3109 477 3161 terra,
523 3108 578 3150 ut
627 3097 877 3150 concedat
915 3096 1054 3149 vobis
1112 3097 1396 3149 secundum
1443 3097 1654 3150 divitias
1695 3097 1879 3166 gloria:

296 3209 431 3257 sum,
467 3202 520 3244 ut
555 3191 894 3259 conﬁrmetur
919 3189 1277 3258 ﬁdes’vestra,
1310 3199 1356 3242 et
1390 3190 1684 3242 corroboret
1719 3190 1878 3242 auxi-

299 3286 430 3335 lium
460 3280 691 3349 Spiritus
723 3281 805 3334 sui
857 3283 912 3334 in
949 3281 1121 3343 vobis,
1170 3288 1224 3333 ut
1255 3279 1508 3333 inhabitet
1556 3278 1793 3335 Christus
1827 3281 1881 3333 in

297 3377 510 3428 homine
536 3388 699 3429 vestro
729 3375 935 3427 interno
964 3389 1055 3440 per
1074 3373 1251 3440 ﬁdem,
1282 3383 1328 3426 et
1363 3373 1416 3425 in
1438 3372 1679 3425 cordibus
1703 3373 1882 3426 vestris

301 3484 393 3535 per
418 3467 745 3520 dilectionem
768 3505 783 3531 ,
813 3465 1024 3534 ﬁrmam
1052 3465 1294 3518 habentes
1338 3463 1569 3518 radicem
1600 3475 1646 3518 et
1682 3464 1882 3533 funda-

301 3569 545 3612 mentum
571 3569 811 3622 t-estrum,
843 3569 896 3610 ut
923 3556 1135 3626 possitis
1165 3555 1593 3623 comprehendere
1618 3571 1738 3607 cum
1771 3571 1880 3608 om-

300 3650 462 3704 nibus
513 3651 706 3704 sanctis
749 3649 1000 3720 quidnam
1035 3648 1101 3701 sit
1141 3637 1391 3711 latitudb,
1422 3654 1467 3698 et
1497 3644 1802 3714 longitudo,
1833 3653 1882 3698 et

297 3741 556 3807 altitudo,
585 3749 633 3794 et
662 3739 998 3810 profunditas
1021 3737 1088 3794 ⁶⁹.

371 3833 702 3898 Intueamini
728 3834 932 3903 itaque,
961 3831 1108 3886 ﬁlioli
1133 3831 1263 3896 mei,
1294 3831 1442 3887 hunc
1467 3846 1718 3900 magnum
1745 3831 1886 3900 Apo-

298 3925 506 3981 stoium
528 3964 544 3991 ,
592 3926 681 3995 qui
712 3942 836 3981 cum
867 3921 1210 3995 cognovisset
1238 3924 1660 3994 magnitudinem
1695 3925 1886 3978 harum

307 4019 645 4084 divitiarum,
671 4033 806 4087 quas
827 4018 1147 4085 ignorabant
1172 4016 1246 4070 illi
1272 4017 1362 4084 qui
1394 4017 1445 4069 in
1479 4016 1615 4069 lilios
1638 4017 1684 4070 ei
1711 4032 1767 4071 se
1795 4017 1891 4069 ad—

311 4120 729 4167 numeraveraut
753 4125 850 4180 per
876 4111 1079 4164 aditum
1108 4111 1173 4164 ad
1201 4109 1386 4175 ﬁdem,
1414 4111 1739 4180 rogavitpro
1764 4109 1888 4178 illis,

312 4214 370 4258 ut
409 4204 601 4257 harum
649 4202 956 4258 divitiarum
996 4201 1384 4270 magnitudinis
1429 4211 1892 4270 consequerentur

311 4296 677 4367 cognitionem
715 4310 872 4365 quam
905 4295 1016 4364 ipse
1049 4300 1307 4359 noverat,
1333 4308 1453 4364 quae
1495 4304 1580 4347 est
1612 4307 1736 4347 vera
1764 4308 1892 4361 pro-

1977 1823 2180 1881 grnunt
2215 1814 2603 1879 voluntatibus,
2643 1815 2809 1868 nolite
2841 1814 2947 1868 illis
2980 1813 3257 1868 assentiri.
3287 1811 3562 1881 Scriptum

1975 1908 2120 1960 enim
2156 1917 2240 1961 est
2268 1907 2321 1960 in
2355 1907 2528 1962 Paulo
2585 1908 2870 1978 apostolo;
2903 1905 3024 1960 Non
3065 1906 3409 1975 exstinguatis
3439 1903 3564 1972 Spi-

1977 1999 2158 2062 ritum,
2191 2015 2281 2052 nec
2308 2001 2660 2054 contemnatis
2696 2001 2997 2067 prophetias
3018 1999 3086 2051 ⁷ο.
3121 1997 3328 2050 Scitote
3358 2004 3563 2059 autem,

1975 2089 2126 2144 ﬁlioli
2165 2090 2292 2154 mei,
2325 2091 2470 2159 quod
2500 2091 2736 2160 Spiritus
2767 2106 2872 2144 non
2900 2089 3261 2158 exstinguitur
3291 2101 3359 2140 ex
3392 2085 3564 2146 nobis,

1977 2180 2082 2234 nisi
2123 2181 2301 2235 verbis
2331 2181 2583 2235 inanibus
2637 2179 2866 2248 aliisque
2905 2177 3279 2244 hujuscemodi
3309 2176 3566 2246 eperibus

1977 2273 2278 2341 permultis,
2307 2288 2426 2342 qua:
2449 2273 2660 2343 singula
2693 2275 2934 2328 scribere
2966 2291 3072 2326 non
3103 2273 3274 2326 valeo.
3304 2272 3438 2326 Cum
3469 2286 3565 2322 au-

1980 2373 2085 2420 tem
2130 2365 2248 2420 illos
2281 2367 2560 2437 lugeritis,
2593 2381 2688 2420 eos
2741 2377 3093 2420 c0ntemncre
3144 2366 3344 2431 nolite;
3379 2379 3563 2418 vermn

1981 2457 2084 2511 illis
2120 2457 2462 2524 benefacite,
2501 2472 2606 2511 non
2647 2466 2976 2511 tamencum
3019 2457 3124 2510 illis
3156 2456 3566 2510 cornmunican-

1982 2556 2081 2612 tes,
2125 2561 2192 2600 ne
2222 2561 2318 2601 vos
2351 2547 2696 2601 retrocedere
2729 2547 2955 2600 iaciant.
3003 2545 3060 2598 Et
3097 2561 3198 2614 pax
3227 2545 3437 2598 Domini
3472 2559 3568 2598 ιιοο

1979 2638 2078 2691 stri
2110 2639 2182 2692 sit
2213 2653 2335 2691 cum
2369 2638 2653 2705 spiritibus
2691 2638 2886 2691 vestris
2924 2639 3221 2690 mansuetis
3243 2677 3256 2700 ,
3284 2637 3430 2690 ﬁlioli
3462 2635 3568 2688 mei

1984 2727 2348 2782 dilectissimi.
2376 2727 2476 2781 Cui
2513 2728 2630 2782 laus
2657 2738 2708 2782 et
2741 2729 2913 2782 [tortor
2935 2729 3003 2783 ab
3027 2725 3571 2784 onnnbus’creaturis

1983 2822 2036 2876 in
2062 2830 2350 2876 aeternum.
2375 2819 2575 2874 Amen.-

2531 2929 2869 2985 EPISTOLA
2920 2927 3034 2984 XII.

1988 3022 2058 3076 De
2103 3024 2379 3077 charitate.
2427 3022 2584 3089 Cupit
2619 3033 2874 3090 prwterea
2917 3038 3004 3075 eos
3055 3021 3252 3084 videre,
3297 3033 3352 3074 ut
3407 3021 3565 3074 simul

2206 3109 2382 3146 omnes
2413 3095 2773 3146 consolatione
2797 3094 3136 3161 participem.
3167 3092 3352 3145 Dixit:

2057 3185 2285 3250 Scitote,
2322 3185 2658 3240 dilectissimi
2698 3186 2801 3238 mei
2847 3187 2898 3238 in
2944 3185 3196 3249 Domino,
3223 3185 3366 3255 quod
3393 3183 3573 3238 chari-

1987 3287 2069 3334 tas
2103 3280 2310 3333 Domini
2342 3271 2606 3348 perpetuo
2640 3289 2848 3332 mentes
2875 3287 3093 3332 nostras
3134 3279 3346 3344 invisit,
3393 3278 3572 3332 omni-

1988 3373 2199 3440 busque
2235 3370 2556 3438 Opitulatur,
2590 3372 2682 3439 qui
2716 3369 2897 3424 cordis
2931 3371 3012 3423 sui
3045 3371 3399 3440 cogitationes
3431 3387 3572 3440 prte-

1986 3475 2248 3533 pararunt
2300 3463 2366 3517 ad
2446 3463 2876 3516 recordationem
2937 3462 3194 3518 Ecclesia:
3252 3465 3578 3534 primogeni-

1989 3564 2163 3609 torum
2192 3555 2236 3584 ⁷¹
2264 3564 2428 3608 noctu
2479 3555 2701 3622 diuque,
2732 3569 2832 3608 nec
2870 3554 2937 3607 ad
2983 3555 3085 3607 alia
3127 3569 3221 3609 eas
3264 3557 3573 3611 admovent.

1987 3648 2448 3713 Quemadmodum
2479 3657 2663 3702 autem
2700 3649 2890 3700 horum
2925 3650 3225 3702 recordatio
3252 3662 3464 3716 semper
3491 3662 3576 3704 est

1989 3738 2080 3792 Dei
2118 3737 2372 3807 Spiritus,
2399 3738 2513 3806 ipse
2544 3737 2881 3807 potissimum
2906 3752 3004 3805 pro
3030 3738 3134 3792 illis
3172 3750 3344 3806 rogat,
3378 3740 3578 3809 quippe

1989 3832 2080 3900 qui
2118 3831 2244 3884 lacti
2278 3839 2406 3884 sunt
2457 3832 2504 3884 ei
2560 3828 2679 3893 ﬁlii,
2715 3843 2915 3898 eosque
2963 3832 3015 3883 in
3065 3831 3170 3884 Deo
3210 3833 3412 3899 genuit.
3449 3832 3573 3887 Pari

1990 3927 2202 3995 quidem
2227 3926 2436 3978 ratione
2463 3939 2566 3978 non
2589 3939 2742 3978 cesso
2771 3923 2934 3977 vestri
2967 3925 3239 3977 recordari
3265 3925 3356 3978 diu
3383 3935 3574 3980 noctu.

1991 4033 2096 4088 que
2129 4017 2180 4070 in
2223 4016 2565 4071 orationibus
2599 4015 2756 4082 meis,
2799 4024 2856 4068 ut
2891 4013 3044 4067 ﬁrma
3087 4015 3157 4069 sit
3202 4016 3334 4072 ﬁdes
3373 4032 3574 4084 vestra,

1991 4121 2046 4165 et
2081 4112 2342 4163 virtutum
2395 4108 2650 4176 cperibus
2688 4107 3018 4177 augeamini,
3052 4120 3216 4178 atque
3251 4123 3306 4165 ut
3340 4114 3580 4168 stabiliat

1993 4203 2257 4257 Dominus
2291 4211 2478 4255 noster
2510 4209 2746 4254 vestram
2786 4201 3180 4269 providentiam
3213 4212 3266 4256 et
3295 4205 3579 4258 discretio-

1995 4311 2144 4360 nem,
2192 4303 2247 4348 et
2299 4307 2550 4362 magnam
2603 4293 2807 4346 tribuat
2848 4292 3003 4346 vobis
3052 4293 3424 4349 fortitudinem
3461 4297 3579 4366 plus

319 4388 590 4454 videntia,
629 4403 750 4456 quae
784 4396 867 4441 est
907 4387 1191 4451 discretio,
1233 4400 1337 4454 qua
1380 4385 1555 4454 majus
1589 4394 1670 4440 est
1707 4386 1758 4438 in
1789 4384 1894 4440 ﬁde
1929 4415 1970 4469 ι)
1998 4404 2158 4459 quam
2190 4387 2398 4458 praediti
2431 4387 2582 4441 estis.
2617 4385 2742 4440 "me
2776 4389 2994 4456 quidem
3028 4398 3114 4442 est
3145 4403 3261 4442 mea
3302 4404 3401 4459 pro
3430 4391 3582 4446 vobis

313 4480 622 4536 Christiana
664 4479 816 4533 nihil.
855 4477 968 4533 Hoc
1006 4487 1187 4531 autem
1226 4485 1445 4548 propter
1479 4478 1748 4548 ingentem
1778 4478 1895 4545 ejus

316 4571 640 4625 charitatem
665 4585 790 4639 erga
830 4571 983 4634 illos;
1009 4570 1186 4624 sciens
1215 4570 1358 4624 enim
1380 4570 1526 4639 quod
1562 4570 1605 4623 si
1637 4583 1756 4622 eam
1782 4571 1899 4623 lue-

319 4662 427 4718 rint
467 4661 783 4726 consecuti,
818 4660 992 4714 nullus
1022 4661 1127 4715 erit
1160 4659 1266 4714 illis
1295 4659 1443 4714 labor
1482 4660 1536 4714 in
1583 4674 1895 4729 quoquam,

316 4769 416 4809 nec
467 4753 816 4808 terrebuntur
858 4753 1050 4806 timore
1091 4751 1236 4814 ullo,
1285 4759 1339 4804 et
1374 4751 1626 4819 gaudium
1685 4748 1898 4803 Domini

317 4846 686 4902 consolabitur
718 4845 836 4901 illos
863 4857 1025 4901 noctu
1057 4845 1287 4912 diuque,
1313 4852 1366 4897 et
1403 4857 1564 4912 Opera
1607 4853 1766 4898 erunt
1792 4843 1900 4898 illis

318 4940 494 4993 dulcia
534 4954 751 5008 semper
777 4949 829 4992 et
859 4941 1109 4992 omnibus
1148 4936 1494 5004 temporibus.
1535 4935 1760 5004 Ideoque
1793 4941 1898 4990 im-

318 5034 552 5101 pertitur
576 5033 656 5087 eis
679 5031 822 5087 Deus
853 5032 1210 5087 revelationes
1235 5045 1552 5099 magnorum
1577 5045 1898 5084 arcanorum

322 5126 488 5179 luturi
519 5125 721 5188 srecnli,
766 5141 886 5194 qua:
927 5139 1121 5178 carnea
1149 5123 1327 5189 lingua
1364 5121 1636 5190 explicare
1669 5138 1771 5176 non
1809 5138 1902 5175 va-

321 5219 516 5273 lemus.
550 5217 755 5285 Itaque,
791 5217 1124 5271 dilectissimi
1162 5217 1214 5270 in
1249 5213 1494 5278 Domino,
1531 5215 1618 5284 qui
1649 5215 1742 5268 ﬁlii
1773 5215 1899 5268 lacti

321 5311 476 5374 estis,
506 5321 687 5379 rogate
721 5319 880 5362 noctu
912 5309 1111 5376 diuque
1139 5307 1498 5377 lacrymarum
1531 5308 1774 5360 ubertate
1807 5322 1904 5375 pro

322 5406 428 5458 hac
465 5403 802 5472 providentia
831 5411 887 5455 et
925 5401 1284 5462 discretione,
1324 5409 1381 5452 ut
1406 5400 1476 5454 sit
1518 5401 1668 5453 vobis
1703 5401 1900 5453 bonum

402 5518 451 5549 ⁸⁷
475 5519 633 5570 Hebr.
667 5531 717 5578 ν,
752 5517 838 5568 Η.
952 5516 996 5548 ⁸⁸
1018 5515 1213 5586 Epiros.
1240 5530 1275 5579 I,
1308 5513 1481 5568 15.18.

322 5585 368 5615 "
391 5586 435 5638 Il
464 5587 600 5643 Ίίιιι,
629 5603 667 5649 1,
696 5587 812 5640 5-5.

399 5681 513 5744 (19)
551 5677 941 5734 Substantiam.

1595 5514 1640 5546 “
1662 5513 1856 5584 Epncs.
1921 5531 2002 5580 Ill,
2035 5517 2209 5572 lli-l8.

2001 4482 2214 4536 assidua
2256 4480 2586 4548 deprecatio,
2637 4495 2758 4533 cum
2795 4494 2892 4534 vos
2940 4479 2992 4534 in
3026 4480 3244 4538 Christo
3274 4487 3576 4554 genuerim,

2003 4586 2058 4630 et
2090 4575 2219 4627 mihi
2257 4573 2350 4627 ﬁlii
2380 4572 2504 4627 facti
2550 4572 2689 4626 sitis.
2725 4572 2814 4627 Sic
2851 4570 3156 4637 Timotheo,
3187 4589 3306 4627 cum
3339 4591 3458 4628 eum
3491 4594 3579 4644 ge-

2005 4667 2182 4722 nuerit
2214 4665 2412 4721 Paulus
2463 4667 2736 4735 apostolus
2781 4666 2832 4718 in
2883 4665 3014 4730 Deo,
3049 4673 3103 4718 et
3138 4665 3313 4718 lactus
3340 4665 3414 4719 sit
3440 4667 3488 4719 ei
3522 4667 3584 4719 li-

2005 4760 2129 4823 lius,
2161 4758 2380 4826 scripsit
2415 4757 2485 4810 ita
2523 4758 2748 4811 dicens:
2776 4755 3043 4808 Rccordor
3063 4757 3140 4807 tui
3167 4754 3221 4808 in
3257 4755 3585 4810 orationibus

2008 4857 2133 4908 meis
2179 4863 2330 4907 noctu
2377 4853 2592 4920 diuque,
2647 4860 2696 4905 et
2745 4851 2899 4918 cupio
2933 4861 2981 4902 te
3013 4849 3212 4912 cidere;
3263 4857 3311 4902 et
3342 4851 3586 4903 recordor

2008 4946 2360 5015 laciymarnm
2410 4954 2657 5004 tuarum,
2694 4953 2748 4996 ut
2784 4941 3002 5006 implcar
3034 4941 3262 5010 gaudiis,
3294 4957 3587 4996 memorans

2007 5039 2131 5108 ﬁdei
2181 5044 2286 5090 tua:
2337 5036 2556 5090 verte".
2598 5035 2956 5089 Considerate
3003 5034 3205 5102 itaque,
3260 5033 3406 5088 lilioli
3460 5037 3588 5098 inci,

2011 5132 2152 5183 Imne
2176 5129 2516 5199 Apostolum,
2549 5137 2602 5182 et
2636 5127 2906 5196 quomodo
2938 5142 3035 5196 pro
3068 5125 3352 5179 Timotheo
3385 5128 3474 5196 qui
3514 5126 3590 5180 la-

2011 5231 2130 5274 ctus
2181 5230 2266 5274 est
2306 5221 2354 5272 ei
2403 5218 2544 5272 lilius
2584 5233 2818 5287 eumque
2853 5218 2905 5270 in
2945 5217 3053 5269 Dco
3097 5217 3300 5286 genuit,
3341 5221 3453 5270 han:
3489 5221 3588 5271 tria

2011 5311 2244 5367 faciebat
2270 5331 2284 5366 :
2315 5326 2504 5380 nempe
2538 5311 2680 5365 illius
2718 5320 2879 5364 noctu
2932 5309 3130 5378 diuque
3177 5309 3587 5373 recordabatur,

2013 5419 2108 5473 pro
2137 5404 2228 5459 illo
2256 5404 2468 5467 orabat,
2503 5418 2566 5457 ac
2593 5403 2767 5472 ipsum
2801 5402 2982 5456 videre
3011 5401 3282 5471 cupiebat.
3322 5397 3441 5456 Pari
3475 5403 3588 5472 qui-

2318 5517 2408 5571 ⁷⁸1
2449 5518 2640 5573 Thess.
2670 5532 2724 5582 v,
2756 5513 2841 5573 l9.
2895 5514 2986 5568 20.
3097 5513 3141 5545 ⁷⁸
3172 5512 3336 5568 Hebr.
3371 5530 3469 5580 xu,
3494 5515 3588 5571 25.
