3990 6210
468 264 606 320 I027

1553 261 1823 317 PATRES
1864 259 2160 318 AEGYPTII
2203 262 2472 321 SJECULI
2518 267 2603 322 IV.

3570 269 3706 324 I028

465 385 588 441 dem
622 383 849 448 ratione,
889 380 1222 437 dilectissimi
1253 382 1381 446 mci,
1412 397 1547 451 quos
1570 385 1638 437 ob
1677 382 1921 438 cordium
1954 395 2038 435 ve-
2067 383 2109 437 Α
2143 390 2199 433 ιιι
2231 381 2508 450 aperiatur
2546 379 2699 435 vobis
2752 378 3060 450 magnitudo
3095 393 3417 435 arcanorum
3444 381 3559 447 Dei,
3592 399 3711 452 qua

466 488 702 531 atrorum
733 473 1106 528 rectitudinem
1135 486 1230 526 eor
1259 487 1432 526 meum
1467 474 1663 544 diligit,
1695 473 1833 529 facio
1859 482 1913 529 et
1935 487 2034 543 ego

462 565 912 640 quemadmodum
955 562 1082 618 fecit
1122 564 1315 619 Paulus
1360 565 1664 631 Timotheo,
1701 569 1815 621 haec
1845 567 2031 621 eadem

463 663 594 726 tria;
629 659 792 713 vestri
831 657 1038 712 scilicet
1071 658 1350 722 recordor,
1387 673 1483 713 oro
1533 675 1630 729 pro
1659 659 1809 713 vobis
1857 667 1912 714 et
1953 660 2034 713 vi-

461 754 587 806 dere
614 767 707 805 vos
733 749 911 819 cupio.
942 749 1071 814 Qua:
1121 763 1250 803 sane
1293 761 1509 819 prmsto,
1544 767 1752 807 memor
1783 753 2029 807 laborum

459 843 756 896 vestrorum
785 845 1060 912 vestrique
1088 842 1319 912 gemitus
1352 853 1406 897 et
1437 843 1619 898 cordis
1644 844 1807 898 vestri
1837 858 2032 898 maero-

458 936 552 998 ris,
587 949 649 989 ac
678 949 883 1004 magna}
915 943 1102 989 vestrae
1151 935 1421 1004 patientia:
1457 943 1619 999 atque
1667 934 2032 988 mansuetudi-

458 1029 561 1092 nis,
595 1043 714 1081 cum
747 1028 859 1081 btec
887 1026 1098 1080 faciatis
1123 1025 1286 1080 corde
1325 1024 1504 1078 valido
1537 1033 1699 1092 atque
1739 1023 2027 1094 sapientia.

455 1118 772 1189 Quicunque
797 1119 941 1172 enim
973 1132 1132 1186 opera
1161 1117 1254 1170 Dei
1282 1125 1562 1186 operatur,
1598 1115 1784 1184 spiritu
1813 1115 2028 1183 sapien-

456 1212 542 1266 tia:
559 1219 829 1280 operatur.
861 1209 993 1264 Hinc
1019 1211 1094 1262 ait
1115 1207 1313 1262 Paulus
1357 1205 1824 1276 apostolus:Deus
1854 1205 2026 1258 haud-

453 1319 714 1371 quaquam
737 1301 882 1355 nobis
907 1301 1048 1354 dedit
1071 1301 1313 1367 spiritum
1341 1299 1564 1363 timoris,
1581 1315 1758 1353 verum
1783 1298 2024 1364 spiritum

453 1395 722 1464 sapientia:
773 1401 834 1447 a‘c
880 1393 1120 1446 virtutem
1164 1391 1517 1445 charitotis".
1552 1390 1807 1444 Dominus
1843 1401 2022 1444 autem

455 1493 635 1538 noster
671 1481 931 1537 rationem
957 1483 1024 1535 ab
1046 1495 1364 1550 unoquoque
1393 1491 1633 1534 nostrum
1665 1479 1865 1550 exiget,
1897 1495 2023 1533 num

451 1588 613 1641 opera
644 1572 756 1641 ejus
782 1573 890 1626 sint
919 1573 1214 1627 secundum
1249 1571 1387 1626 hanc
1425 1571 1768 1640 sapientiam.

521 1662 633 1734 Ego
669 1666 845 1729 modo,
882 1664 1028 1719 ﬁlioli
1080 1663 1208 1728 mei,
1243 1677 1372 1732 rogo
1415 1662 1720 1730 Dominum,
1751 1671 1810 1716 ut
1839 1662 2024 1718 faciles

453 1756 640 1808 reddat
665 1755 778 1808 vias
816 1769 966 1808 meas
1019 1754 1085 1807 ad
1134 1769 1247 1820 vos,
1307 1763 1366 1807 ut
1414 1753 1609 1807 iterum
1661 1754 1883 1808 veniens
1929 1769 2022 1808 vos

452 1847 682 1901 videam.
709 1846 915 1915 Quippe
943 1847 1082 1902 haud
1127 1863 1212 1902 me
1242 1847 1390 1911 latet,
1432 1861 1527 1901 vos
1559 1863 1644 1901 me
1679 1848 1892 1904 videndi
1927 1846 2024 1900 lla-

453 1955 608 2006 grare
641 1940 929 2005 desiderio,
953 1940 1400 2008 quemadmodum
1425 1955 1524 2010 ego
1551 1941 1720 2009 magis
1747 1940 2022 2010 magisque

454 2047 545 2084 vos
570 2033 751 2086 videre
770 2033 943 2099 cupio.
985 2031 1095 2086 IIoc
1118 2041 1298 2085 autem
1331 2031 1610 2101 percipite,
1634 2033 1774 2102 quod
1800 2032 1930 2086 nihil
1966 2032 2020 2086 in

453 2134 591 2177 terra
623 2125 714 2186 sit,
745 2124 888 2193 quod
923 2123 1094 2177 amori
1126 2134 1413 2192 parentum
1445 2139 1571 2193 erga
1607 2124 1765 2189 ﬁlios,
1794 2134 1849 2178 et
1881 2123 2020 2178 lilio-

453 2231 571 2269 rum
601 2230 728 2285 erga
761 2224 1011 2285 parentes
1039 2217 1338 2284 comparari
1375 2216 1581 2284 possit;
1615 2216 1667 2270 hi
1700 2217 1842 2270 enim
1871 2216 2017 2271 omni

455 2316 696 2376 tempore
721 2323 780 2362 se
813 2308 1039 2362 invicem
1068 2308 1253 2363 videre
1276 2307 1519 2376 cupiunt.
1556 2307 1610 2361 Si
1644 2317 1899 2376 parentes
1928 2306 2022 2378 igi-

451 2409 538 2452 tur
561 2400 760 2468 tiliique
786 2399 1034 2454 carnales
1061 2399 1164 2453 hac
1202 2409 1328 2453 sunt
1363 2398 1570 2468 praediti
1596 2400 1883 2464 charitate,
1910 2413 2018 2468 quo

452 2491 617 2560 magis
653 2490 958 2560 spirituales
1003 2500 1252 2557 parentes
1293 2504 1588 2557 eorumque
1624 2490 1675 2543 in
1727 2491 1834 2544 Deo
1882 2489 2017 2543 ﬁlii?

449 2578 812 2648 Quamobrem
857 2595 916 2635 se
963 2580 1192 2634 invicem
1239 2595 1360 2635 cum
1414 2581 1606 2635 timore
1645 2580 1743 2635 Dei
1794 2580 2018 2650 ejusque

447 2673 712 2728 ebaritale
742 2673 924 2726 videre
946 2671 1188 2738 cupiunt,
1213 2686 1337 2726 cum
1372 2680 1626 2741 parentes
1668 2673 1720 2726 in
1765 2672 1874 2726 Deo
1899 2687 2015 2725 ma-

443 2765 589 2833 jores
622 2765 729 2817 sint
769 2763 1081 2831 parentibus
1117 2762 1172 2815 in
1221 2777 1406 2816 carne.
1435 2763 1602 2816 Amor
1639 2763 1767 2817 item
1819 2777 2017 2832 paren-

447 2865 556 2907 tum
579 2869 708 2925 erga
741 2854 878 2909 ﬁlios
912 2853 1080 2922 major
1116 2863 1201 2909 est
1246 2870 1432 2909 amore
1478 2856 1710 2910 ﬁliorum
1754 2871 1883 2926 erga
1928 2872 2018 2925 pa-

448 2956 646 3000 rentes.
683 2947 815 3002 llinc
860 2947 937 3000 ait
973 2946 1182 3001 divinus
1210 2946 1407 3001 Paulus
1436 2947 1747 3017 apostolus:
1788 2945 1847 3002 Si
1870 2947 2013 3002 vobis

2139 486 2348 540 nequeo
2406 473 2584 543 lingua
2635 487 2748 526 mea
2795 471 3104 541 explicare;
3165 473 3366 526 ctenim
3419 473 3472 527 in
3501 490 3708 533 summa

2135 572 2258 618 sunt
2286 564 2550 618 collocata
2575 562 2882 618 altitudine.
2909 562 3025 617 Non
3053 564 3268 632 quidem
3287 566 3431 619 sicut
3461 581 3547 628 ea,
3580 582 3708 636 qua-

2135 657 2203 710 lia
2237 658 2539 725 sunthujus
2594 656 2809 720 mundi;
2846 670 3021 725 neque
3074 657 3366 711 immundis
3403 659 3707 716 revelantur

2133 747 2439 810 animabus,
2466 747 2559 802 sed
2596 748 2700 801 illis
2725 747 2816 816 qui
2873 746 3034 800 corda
3061 761 3156 800 sua
3185 748 3474 816 expiarunt
3501 751 3573 803 ab
3596 766 3703 805 om-

2133 839 2296 894 nibus
2318 840 2567 894 sordibus
2597 849 2650 894 et
2677 841 2934 908 cperibus
2987 840 3145 909 hujus
3175 842 3355 895 mundi
3392 844 3704 899 transituri:

2133 928 2258 982 istis
2282 928 2530 983 videlicet
2555 929 2644 999 qui
2675 930 2934 983 mundqu
2953 930 3076 985 odio
3106 930 3412 984 habuerunt
3441 946 3617 1000 usque
3642 936 3703 987 ad

2130 1021 2341 1074 animas
2373 1037 2587 1090 quoque
2643 1037 2803 1087 suas,
2858 1031 2913 1076 et
2957 1037 3172 1077 crucem
3218 1034 3498 1092 portantes
3540 1028 3706 1080 secuti

2129 1121 2256 1166 sunt
2306 1113 2611 1182 Dominum,
2668 1115 2720 1168 in
2789 1113 3041 1169 omnibus
3082 1123 3370 1182 operantes
3401 1118 3702 1172 secundum

2129 1203 2248 1270 ejus
2279 1202 2631 1258 voluntatem.
2667 1205 2848 1271 Quare
2884 1205 3209 1260 iubabitavit
3247 1207 3298 1260 in
3332 1207 3398 1261 iis
3427 1207 3704 1274 divinitas,

2128 1303 2182 1348 et
2206 1296 2286 1348 eis
2318 1295 2543 1366 elargita
2561 1309 2644 1350 ρει
2670 1297 3010 1352 dulcedinem
3033 1307 3196 1368 atque
3227 1297 3474 1352 laetitiam
3499 1300 3553 1353 in
3575 1299 3703 1366 Deo,

2127 1402 2248 1456 quae
2275 1387 2517 1457 profecto
2553 1388 2736 1443 lzetitia
2776 1390 2986 1445 animas
3016 1389 3133 1458 alit,
3177 1406 3379 1460 easque
3412 1393 3591 1448 satius
3612 1409 3703 1447 au-

2127 1487 2238 1550 get.
2295 1479 2361 1533 Et
2409 1482 2861 1548 quemadmodum
2933 1482 3157 1537 arbores
3191 1483 3294 1538 nisi
3360 1483 3596 1540 biberint
3639 1501 3699 1541 ex

2129 1581 2323 1625 natura
2366 1587 2540 1640 aquae,
2603 1587 2850 1627 crescere
2896 1584 3211 1642 nequeunt:
3257 1574 3336 1629 sic
3363 1578 3570 1642 anima,
3602 1577 3698 1630 nisi

2125 1665 2429 1732 susceperit
2453 1663 2675 1719 cteleste
2721 1665 2998 1733 gaudium,
3063 1681 3238 1735 neque
3283 1681 3536 1723 crescere
3564 1668 3699 1722 valet

2125 1768 2300 1822 neque
2324 1769 2543 1809 sursum
2578 1754 2877 1810 extollitur.
2935 1757 3006 1810 At
3060 1758 3255 1811 animae
3301 1773 3421 1826 qua:
3450 1760 3697 1828 spiritum

2123 1855 2500 1916 susceperunt,
2528 1847 2850 1916 caelestique
2893 1848 3110 1904 imbutae
3159 1851 3353 1918 gaudio
3380 1863 3545 1916 sunt;
3586 1868 3699 1920 qua:

2121 1951 2336 1990 sursum
2385 1952 2633 1992 crescere
2685 1939 2886 2003 valent,
2951 1953 3072 1992 cum
3133 1939 3497 1993 eustodieriut
3560 1942 3702 2010 quod

2122 2037 2250 2081 ante
2282 2027 2546 2082 diximus:
2577 2038 2738 2098 atque
2786 2031 2918 2085 adeo
2978 2040 3162 2097 aperta
3205 2041 3332 2085 sunt
3363 2031 3469 2086 illis
3499 2047 3696 2086 arcana

2122 2117 2272 2183 regni
2305 2120 2563 2172 ccelorum
2598 2121 2775 2174 adhuc
2805 2120 2856 2175 iu
2890 2121 2990 2175 hac
3015 2137 3180 2176 carne
3210 2123 3618 2190 exsistentibus,
3647 2135 3698 2178 et

2120 2207 2368 2262 ﬁduciam
2395 2225 2578 2264 coram
2610 2210 2718 2266 Deo
2758 2211 2813 2265 in
2848 2213 3096 2268 omnibus
3148 2213 3219 2268 ita
3257 2225 3386 2270 sunt
3438 2218 3606 2282 nacti,
3643 2227 3697 2269 ut

2121 2301 2494 2370 adiutpleverit
2525 2302 2630 2356 illis
2685 2311 2910 2358 cunctas
2962 2319 3151 2358 eorum
3195 2306 3512 2375 petitiones.
3547 2307 3696 2362 Nunc

2122 2391 2324 2458 itaque,
2353 2391 2690 2446 dilectissimi
2726 2393 2829 2446 mei
2859 2403 2910 2446 et
2947 2394 3270 2458 honorandi,
3315 2395 3431 2450 hac
3470 2405 3557 2452 est
3581 2413 3693 2451 mea

2117 2491 2380 2548 perpetua
2454 2483 2783 2550 deprecatio,
2839 2493 2898 2538 ut
2943 2485 3008 2539 ad
3033 2485 3170 2540 hanc
3215 2487 3471 2541 nimirum
3511 2504 3695 2558 perve-

2120 2572 2282 2625 niatis
2319 2581 2538 2636 metam,
2569 2579 2627 2626 ut
2651 2574 2838 2629 sciatis
2873 2583 3036 2644 atque
3079 2578 3417 2646 cognoscatis
3463 2579 3682 2632 divitias

2120 2663 2268 2731 regni
2302 2663 2419 2729 Dei,
2449 2663 2604 2734 cujus
2628 2681 2731 2721 non
2764 2676 2847 2720 est
2873 2682 3123 2721 mensura
3173 2684 3345 2736 neque
3388 2670 3531 2724 ﬁnis.
3566 2669 3690 2725 Scio

2119 2755 2361 2823 quidem,
2388 2759 2491 2810 hoc
2523 2756 2664 2810 haud
2703 2759 3026 2827 prcutet'eri,
3080 2761 3184 2814 nisi
3231 2761 3438 2830 aliquos
3472 2777 3540 2816 ex
3570 2778 3690 2816 me-

2117 2846 2306 2899 nacltis
2328 2855 2383 2900 et
2419 2848 2716 2915 virginibus
2747 2850 2836 2918 qtti
2873 2861 2999 2904 sunt
3051 2852 3104 2905 in
3150 2855 3686 2923 congregationibus,

2116 2938 2255 3005 quod
2285 2939 2630 3007 pervenerint
2661 2941 2726 2994 ad
2793 2940 3086 2996 terminum
3123 2943 3494 3012 perfectionis,
3529 2962 3688 3016 para-

439 3048 519 3093 est
543 3055 664 3109 erga
696 3055 775 3094 me
805 3041 1009 3092 modica
1041 3039 1270 3104 dilectio,
1295 3039 1508 3093 dilectio
1532 3056 1644 3094 mea
1673 3056 1796 3110 ergo
1831 3057 1917 3095 ros
1942 3046 2012 3095 in-

2121 3041 2292 3100 taique
2316 3042 2440 3086 sunt
2468 3032 2549 3087 eis
2591 3034 2769 3099 sedes,
2815 3045 2872 3089 ut
2905 3036 3128 3090 sedeant
3171 3053 3334 3107 super
3371 3038 3490 3094 illas
3521 3041 3572 3094 in
3605 3040 3691 3094 die

440 3131 645 3197 gentior
674 3130 882 3200 quidem
924 3129 1076 3183 est“.
1112 3129 1234 3184 Pari
1281 3145 1412 3185 sane
1456 3133 1666 3186 ratione
1701 3131 1804 3186 mei
1836 3131 2012 3188 Patris

447 3220 632 3284 vestri,
685 3220 855 3285 ﬁlioli,
903 3235 1058 3275 amor
1101 3235 1227 3290 erga
1263 3237 1358 3276 vos
1394 3223 1662 3291 ingentior
1700 3233 1783 3278 est
1826 3240 2013 3281 amore

442 3319 624 3363 vestro
655 3315 778 3378 erga
823 3325 926 3374 me,
965 3326 1071 3378 qua
1114 3311 1244 3363 mihi
1291 3311 1384 3364 ﬁlii
1427 3311 1554 3366 facti
1594 3313 1748 3366 estis.
1782 3312 2012 3368 Oremus

443 3399 604 3467 igitur
621 3397 778 3450 simul
797 3412 985 3452 omnes
1011 3408 1068 3451 ut
1091 3399 1243 3454 nobis
1264 3400 1524 3454 concedat
1541 3400 1801 3457 Dominus
1824 3417 2012 3458 noster

443 3489 633 3541 iterum
708 3486 937 3542 invicem
1007 3487 1211 3542 videre.
1268 3487 1519 3543 Profecto
1573 3490 1686 3544 scio
1755 3507 2008 3562 maguum

440 3578 691 3647 gaudium
717 3587 878 3647 atque
909 3578 1147 3634 laetitiam
1171 3581 1321 3636 vobis
1348 3581 1636 3636 allaturum
1667 3583 1784 3638 fore
1817 3586 1918 3640 mei
1943 3587 2008 3640 ad

440 3685 536 3726 vos
576 3672 885 3734 adventum,
921 3673 1378 3741 quemadmodum
1416 3675 1491 3728 ait
1539 3675 1866 3744 Apostolus:
1908 3678 2008 3733 Ve-

438 3764 700 3817 hementer
725 3780 811 3818 vos
837 3765 1008 3818 videre
1036 3765 1209 3833 cupio,
1234 3765 1475 3835 vobisque
1493 3767 1768 3821 utilitatem
1792 3771 2008 3837 spiritus

437 3856 648 3924 aﬂ'erre,
690 3867 825 3912 utea
855 3857 1197 3924 conﬁrmetur
1217 3857 1347 3924 ﬁdes
1379 3869 1566 3922 vestra,
1607 3869 1652 3912 et
1682 3861 2009 3915 consolemur

438 3965 614 4002 omnes
638 3948 793 4001 simul
828 3948 931 4016 ﬁde
977 3965 1090 4002 mea
1126 3967 1187 4002 ac
1213 3950 1318 4018 ﬁde
1351 3951 1598 4005 vestra".
1637 3951 1848 4008 Etenim
1878 3969 2009 4008 con-

435 4038 736 4103 venientes,
805 4039 906 4093 alia
953 4042 1347 4111 quamplurima
1395 4053 1520 4097 nota
1573 4043 1725 4100 vobis
1786 4045 2001 4111 iaciant,

435 4144 555 4197 qua:
577 4129 770 4185 litteris
799 4131 865 4184 ad
897 4147 992 4185 vos
1015 4131 1145 4187 dare
1174 4149 1279 4188 non
1317 4134 1488 4197 valeo,
1525 4144 1582 4188 ut
1605 4137 1672 4188 sit
1714 4137 1815 4189 hoc
1856 4138 2007 4192 vobis

434 4220 582 4276 salus
607 4221 660 4273 in
687 4219 914 4276 Domino
939 4221 1064 4277 Jesu
1096 4223 1332 4278 Christo.
1358 4225 1454 4280 Cui
1488 4225 1678 4294 gloria,
1706 4238 1761 4279 et
1809 4227 2000 4294 honor,

431 4325 487 4368 et
513 4315 807 4380 veneratio,
837 4324 894 4369 et
926 4315 1042 4370 laus
1073 4317 1124 4368 iu
1165 4328 1447 4370 aeternum.
1471 4319 1664 4371 Amen.

963 4405 1294 4462 EPISTOLA
1335 4407 1472 4464 XIII.

432 4496 624 4550 Incitat
648 4513 734 4552 eos
763 4499 831 4550 ad
866 4501 1280 4572 consequendum
1320 4502 1592 4572 gaudium,
1633 4503 1773 4572 quod
1815 4521 1999 4560 conse-

835 4580 1067 4638 quuntur
1095 4570 1398 4624 militantes.
1423 4571 1568 4624 Dixit
1608 4589 1627 4625 .'

498 4657 616 4714 Jam
644 4659 818 4726 scitis,
851 4659 1186 4714 dilectissimi
1219 4662 1320 4715 mei
1355 4663 1405 4717 in
1438 4664 1681 4731 Domino,
1720 4667 1861 4734 quod
1887 4669 2000 4722 uni-

427 4767 599 4807 versae
626 4763 889 4807 creatura:
923 4753 1191 4818 rationali,
1225 4755 1340 4809 sive
1391 4771 1504 4810 mas
1534 4758 1648 4812 sive
1678 4758 1874 4813 femina
1909 4761 1998 4816 illa

427 4844 611 4910 fuerit,
641 4845 768 4899 insit
796 4860 1056 4914 organum
1087 4848 1289 4900 amoris
1318 4850 1382 4901 ad
1435 4859 1744 4916 utrumque,
1802 4851 1865 4904 ad
1918 4853 2000 4906 di-

427 4938 550 4990 vina
576 4936 828 4991 videlicet
857 4949 911 4992 et
931 4939 1162 4991 humana
1197 4941 1565 5009 amplectenda
1593 4961 1607 5009 ;
1644 4944 1814 5000 divini
1852 4947 1995 5001 enim

425 5029 607 5082 divina
655 5029 902 5098 diligunt,
962 5031 1211 5086 carnales
1261 5047 1390 5088 vero
1451 5034 1679 5105 diligunt
1727 5038 1991 5094 carnalia.

422 5119 689 5185 Quoniam
731 5135 860 5174 vero
908 5121 1084 5175 divina
1130 5121 1181 5174 in
1235 5124 1383 5177 vobis
1415 5134 1561 5190 sunt,
1598 5126 1758 5197 diligo
1791 5143 1882 5182 vos
1923 5145 1989 5184 ex

422 5221 536 5267 toto
564 5214 754 5282 spiritu
790 5230 929 5279 meo,
962 5229 1026 5269 eo
1070 5217 1210 5286 quod
1245 5215 1408 5271 Deum
1466 5220 1516 5274 iu
1573 5221 1724 5276 vobis
1756 5222 1988 5288 habetis,

418 5305 604 5372 etjam
642 5322 806 5376 penes
838 5323 921 5362 me
971 5311 1272 5377 magnoin
1327 5311 1442 5366 loco
1494 5315 1770 5368 constituti
1825 5318 1978 5382 estis,

420 5408 738 5467 semperque
773 5399 934 5454 Deum
963 5416 1138 5456 meum
1170 5419 1266 5472 pro
1315 5407 1464 5460 vobis
1493 5423 1642 5475 rogo,
1689 5419 1744 5462 ιιι
1772 5409 1823 5463 in
1867 5427 1988 5464 cor-

419 5481 577 5541 dibus
601 5491 792 5544 vestris
829 5493 1024 5547 divinis
1044 5497 1345 5565 augeamiui
1385 5496 1437 5550 in
1483 5498 1572 5552 Dei
1605 5501 1891 5567 cbaritate,
1931 5512 1982 5554 et

486 5661 533 5694 "
566 5662 608 5718 II
635 5662 773 5722 Tim.
810 5685 846 5732 t,
883 5670 934 5722 7.
1013 5671 1058 5700 '“
1090 5673 1124 5723 Il
1160 5673 1280 5725 Cor.
1315 5689 1382 5738 vt,
1423 5674 1504 5726 I2.

1585 5679 1626 5707 ⁷⁵
1673 5675 1821 5730 Rom.
1859 5695 1898 5742 ι,
1940 5679 2020 5743 Il,
2057 5679 2133 5730 I'2.

2109 3119 2300 3190 judicii
2333 3122 2789 3190 adjudicandum.
2841 3123 2998 3182 Certe
3047 3131 3170 3183 novi
3220 3129 3430 3200 aliquos
3457 3132 3557 3186 hac
3586 3147 3687 3186 no-

2113 3223 2227 3267 stra
2260 3221 2442 3279 aetate,
2475 3215 2566 3283 qui
2595 3216 2659 3268 ad
2692 3214 2834 3270 hunc
2875 3218 3152 3274 liliationis
3198 3219 3292 3276 Dei
3328 3235 3688 3290 pervenerunt

2112 3303 2423 3356 terminum.
2457 3304 2564 3358 Nec
2596 3305 2700 3358 ulla
2730 3320 2860 3361 sane
2904 3319 3035 3363 tetas
3081 3323 3144 3362 ex
3198 3312 3447 3366 aetatibus
3494 3327 3686 3382 expers

2112 3395 2212 3447 fuit
2235 3395 2449 3460 horum,
2475 3396 2565 3465 qui
2591 3399 2657 3451 ad
2697 3398 2840 3452 hunc
2863 3413 3222 3467 pervenerunt
3247 3405 3566 3471 terminum;
3587 3421 3685 3459 nec

2114 3484 2308 3540 futurae
2330 3488 2491 3542 etiam
2520 3499 2710 3545 aetates
2747 3489 2939 3544 horum
2971 3502 3129 3548 erunt
3165 3506 3436 3564 expertes,
3472 3513 3576 3552 non
3607 3497 3684 3552 vi-

2120 3593 2303 3632 rorum
2333 3579 2619 3647 duntaxat,
2657 3597 2843 3636 verum
2871 3595 2924 3639 et
2953 3585 3259 3641 mulierum.
3285 3588 3386 3654 Qui
3439 3605 3564 3644 cum
3597 3605 3680 3645 se-

2111 3670 2289 3724 derint
2317 3687 2478 3742 super
2509 3673 2685 3739 sedes,
2715 3684 2771 3728 ut
2797 3678 3288 3746 prmcessitsermo,
3310 3684 3681 3752 unusquisque

2109 3765 2577 3833 eorumjudicabit
2623 3769 2875 3826 homines
2924 3787 3036 3827 suae
3068 3775 3268 3840 aetatis,
3311 3791 3374 3830 eo
3408 3781 3552 3845 quod
3593 3780 3680 3831 dc-

2109 3865 2389 3910 certarunt
2438 3857 2609 3912 donec
2660 3859 2880 3928 perfecti
2926 3872 3088 3929 sunt;
3140 3880 3260 3917 nam
3312 3869 3406 3934 qui
3450 3866 3680 3936 perfecti

2107 3957 2238 4001 sunt
2262 3987 2276 4011 ,
2303 3946 2631 4014 judicabunt
2655 3951 2863 4006 orbem.
2895 3951 3072 4022 Atque
3111 3956 3213 4010 hoc
3232 3966 3314 4010 est
3342 3958 3395 4011 id
3423 3961 3567 4026 quod
3587 3975 3680 4028 pro

2108 4039 2260 4094 vobis
2290 4040 2553 4107 deprecor
2589 4051 2746 4095 noctu
2784 4043 3004 4112 diuque,
3028 4048 3430 4114 utperveniatis
3457 4051 3524 4101 ad
3547 4051 3683 4104 hanc

2111 4144 2422 4185 mensuram
2451 4132 2726 4201 judicandi
2769 4134 3014 4190 homines
3065 4148 3258 4192 vestrae
3299 4141 3497 4194 :etatis.
3527 4142 3682 4207 Quod

2108 4237 2242 4276 sane
2266 4233 2351 4276 est
2399 4223 2467 4277 ob
2513 4224 2734 4278 nimiam
2776 4242 2950 4280 meam
3000 4243 3131 4298 erga
3192 4245 3286 4285 vos
3329 4234 3679 4295 charitatem,

2105 4327 2266 4381 quam
2303 4307 2577 4381 explicare
2601 4315 2783 4372 verbis
2825 4333 2928 4371 non
2965 4334 3202 4388 possum,
3232 4338 3404 4392 neque
3430 4339 3524 4378 vos
3542 4339 3682 4392 quo-

2105 4421 2210 4475 que
2239 4406 2486 4475 potestis.
2511 4406 2646 4460 Nam
2697 4417 2756 4461 ut
2804 4408 3001 4464 Paulus
3061 4413 3332 4480 apostolus
3363 4415 3437 4468 ait
3481 4417 3547 4470 iis
3588 4418 3681 4484 qui

2105 4498 2208 4551 sibi
2249 4498 2303 4551 in
2363 4498 2502 4552 IiIios
2546 4499 2767 4567 ascripti
2815 4511 3017 4557 erant:
3072 4501 3210 4556 Nolo
3248 4507 3489 4560 exhibere
3537 4511 3684 4561 robis

2103 4589 2595 4658 evangelieationem
2620 4600 2844 4656 tantum,
2889 4593 2978 4645 sed
3014 4605 3060 4647 et
3097 4607 3277 4650 mem—et
3303 4598 3488 4663 ipsum,
3541 4616 3688 4666 quo-

2113 4683 2257 4735 niam
2291 4680 2418 4749 facti
2447 4682 2569 4735 estis
2596 4684 2723 4736 milii
2745 4684 3037 4738 ciiari'ssinti
3063 4689 3116 4738 in
3147 4687 3360 4742 l)omiuo
3382 4688 3446 4741 7‘.
3474 4689 3683 4759 Etjum

2106 4773 2227 4826 misi
2259 4771 2409 4826 vobis
2443 4771 2561 4827 Ioco
2590 4774 2690 4827 mei
2729 4774 2918 4829 Filium
2979 4793 3154 4831 meum
3188 4780 3464 4844 dilectum,
3496 4783 3680 4839 donec

2103 4860 2322 4915 facilem
2354 4863 2544 4916 reddat
2576 4862 2718 4919 Deus
2747 4868 3089 4934 praeseutiatn
3126 4885 3296 4923 tineam
3325 4871 3464 4941 apud
3502 4888 3596 4928 vos
3627 4876 3678 4927 in

2101 4965 2345 5021 corpore,
2383 4953 2711 5025 afferamque
2736 4958 2889 5012 vobis
2925 4961 3175 5029 gaudium
3205 4978 3312 5031 pra:
3351 4967 3548 5033 gaudio
3578 4983 3669 5020 ve-

2103 5055 2255 5111 stro;
2287 5061 2410 5100 nam
2442 5048 2632 5103 videns
2658 5049 3068 5108 Dominuslilios
3092 5054 3234 5122 diligi
3267 5071 3296 5108 a
3339 5069 3586 5125 parente,
3615 5059 3678 5114 ﬁt

2109 5136 2214 5190 illis
2244 5138 2494 5192 onmibus
2525 5140 2636 5206 ipse
2661 5141 2936 5210 gaudium,
2983 5146 3226 5202 tribuens
3272 5148 3378 5201 illis
3417 5165 3674 5219 magnam

2107 5230 2357 5284 virtutem
2390 5242 2446 5285 et
2474 5247 2660 5299 pacem
2699 5235 2750 5287 in
2782 5235 2899 5288 loco
2928 5239 3274 5304 solitudinis;
3306 5244 3449 5309 quod
3477 5254 3561 5297 est
3591 5260 3674 5296 re-

2101 5335 2262 5388 gnum
2297 5331 2588 5389 :eternum,
2623 5330 2762 5393 quod
2799 5329 2930 5382 estis
2982 5333 3321 5387 consecuturi
3363 5336 3538 5402 gratia
3569 5335 3676 5388 Do-

2107 5411 2236 5465 mini
2273 5413 2435 5464 nostri
2461 5411 2586 5466 Jesu
2622 5417 2843 5470 Christi.
2869 5417 2967 5472 Cui
2998 5420 3132 5486 laus,
3161 5432 3213 5478 et
3244 5423 3438 5494 gloria,
3483 5435 3539 5482 cl
3563 5442 3679 5482 tn:-

2095 5500 2268 5567 jf‘slas
2303 5503 2353 5555 in
2387 5505 2656 5560 sarculum.
2700 5509 2886 5563 Amen.
3702 5517 3709 5524 ‘

2215 5681 2256 5710 τε
2299 5682 2524 5735 ΙΤΙιρςς
2598 5701 2658 5748 It,
2708 5687 2755 5739 8.
