3990 6210
304 260 436 318 1029

829 379 1160 436 EPISTULA
1209 382 1348 437 ΚΝ.

299 473 372 529 DZ
398 469 666 542 implenda
689 471 1007 536 obedientia,
1037 486 1089 526 ut
1117 474 1370 529 inhabitet
1394 479 1445 531 in
1469 479 1573 533 illis
1599 480 1885 537 benedictio

746 552 956 610 patrum
991 560 1231 600 suorum.
1259 547 1406 600 Dixit
1448 564 1467 602 :

367 655 712 718 Dilectissizni
746 657 880 710 mihi
938 658 992 713 in
1060 658 1288 714 Domino
1313 663 1531 731 quidem
1578 667 1728 731 estis,
1759 667 1884 738 quia

299 758 510 801 vosmet
543 746 688 817 ipsos
712 749 946 818 parastis
977 750 1043 804 ad
1085 767 1309 822 regnum
1344 755 1626 822 ctelornm,
1652 758 1884 813 etDeum

299 839 532 906 rogastis
561 849 616 891 ιιι
646 848 793 893 esset
842 841 1016 906 vobis,
1066 842 1226 898 sicuti
1281 854 1365 899 est
1414 845 1560 901 Patri
1598 859 1800 917 vestro,
1832 861 1888 904 ut

302 933 526 988 abiretis
557 933 624 988 ad
655 933 831 989 locum
867 936 932 989 ad
985 953 1146 1006 quem
1182 938 1430 996 abiturus
1477 953 1559 998 est
1592 943 1754 999 Pater
1793 961 1886 1002 ve-

301 1037 433 1091 ster,
460 1036 517 1082 et
538 1037 597 1082 ut
624 1027 932 1083 benedictio
972 1046 1093 1099 quae
1124 1031 1453 1089 inbabilavit
1482 1035 1536 1091 in
1577 1035 1688 1102 illo,
1724 1039 1885 1094 inha-

302 1117 434 1170 bitet
465 1117 518 1171 in
549 1118 728 1185 vobis,
762 1127 816 1174 et
843 1119 1070 1190 gloriam
1123 1138 1280 1192 quam
1340 1133 1425 1180 est
1468 1140 1884 1196 consecuturus,

302 1211 730 1279 consequatnini,
765 1227 832 1265 eo
865 1214 1009 1284 quod
1051 1215 1181 1270 facti
1216 1218 1348 1272 estis
1373 1220 1421 1274 ei
1463 1221 1556 1275 ﬁlii
1589 1223 1885 1279 secundum

301 1300 620 1355 tilialionem
653 1304 902 1360 veritatis
932 1314 985 1360 et
1009 1305 1404 1367 benedictionis
1423 1321 1588 1382 atque
1625 1314 1885 1372 obedien-

304 1395 408 1447 tia‘.
441 1393 653 1449 Etenim
689 1396 782 1451 ﬁlii
816 1398 1133 1455 obedientes
1164 1415 1377 1471 patrum
1407 1420 1626 1462 suorum
1647 1409 1885 1476 divitias,

299 1484 567 1552 justitiam
601 1495 656 1540 et
686 1487 1124 1545 benedictionem
1175 1502 1231 1548 ut
1284 1495 1526 1554 haerech
1549 1514 1888 1572 consequun-

299 1584 386 1631 tur
415 1577 916 1651 hmeditatisjure.
952 1583 1247 1642 Enimvero
1277 1603 1468 1657 preces
1492 1605 1626 1661 quas
1650 1591 1878 1648 fundunt

1283 261 1338 316 S.
1384 261 1664 321 ANTONII
1704 266 1771 320 Μ.
1814 267 2109 326 ABDATIS
2151 271 2532 330 EPISTOLE.

3438 287 3460 340 Ι
3473 287 3574 344 050

1920 396 1957 447 Λ
1991 401 2096 447 tetu
2128 395 2302 457 vobis,
2334 399 2474 465 quod
2529 413 2802 466 nunquam
2830 413 2990 454 cesso
3021 400 3301 470 deprecari
3347 417 3445 473 pro
3474 419 3574 459 vo-

1993 485 2096 548 bis,
2131 486 2337 540 utsitis
2387 503 2597 542 meeum
2650 490 2738 544 ubi
2773 491 2957 558 fuero;
2998 493 3121 546 facti
3167 510 3400 564 namque
3445 499 3576 556 mihi

1989 575 2121 628 estis
2153 575 2270 642 ﬁlii,
2305 585 2355 632 et
2383 578 2749 633 obedientiam
2782 581 2912 635 mihi
2971 582 3025 636 in
3080 585 3332 640 omnibus
3359 589 3565 658 praesti-

1993 665 2151 721 tistis.
2179 666 2311 720 Nam
2345 683 2466 722 cum
2497 670 2724 725 vidisset
2753 671 3014 728 Dominus
3034 685 3222 730 noster
3240 675 3559 734 Jesustri-

1990 767 2106 811 stus
2142 760 2438 829 discipulos
2463 777 2589 817 suos
2623 763 2723 818 sibi
2758 765 3093 830 obedientes,
3124 771 3336 840 rogavit
3360 771 3576 826 Patrem

1990 864 2145 902 suum
2188 852 2409 908 dicens:
2449 851 2630 922 Pater,
2657 856 2708 908 in
2735 845 2848 909 loco
2873 858 2926 910 iu
2955 876 3054 927 quo
3077 877 3186 926 ero,
3228 863 3341 916 vola
3379 872 3437 916 ut
3473 866 3577 918 sint

1990 939 2044 991 hi
2075 957 2270 994 mecum
2297 961 2316 1007 ;
2343 947 2590 1013 quoniam
2653 947 2934 1001 audierunt
2994 951 3147 1003 verba
3193 969 3328 1018 mea,
3374 964 3422 1007 et
3484 971 3577 1025 ego

1990 1032 2144 1085 trado
2185 1048 2367 1089 memet
2403 1035 2570 1105 ipsum
2613 1055 2707 1106 pro
2732 1039 2860 1094 illis.
2891 1039 3072 1106 Pater,
3125 1060 3178 1096 es
3205 1045 3382 1108 inme,
3409 1057 3456 1100 et
3483 1063 3576 1116 ego

1989 1121 2044 1174 in
2104 1133 2266 1181 te:et
2302 1124 2355 1178 Iti
2404 1126 2457 1179 in
2525 1127 2670 1181 nobis
2731 1131 2834 1181 sint
2898 1130 3068 1198 igitur
3109 1133 3162 1186 in
3216 1135 3416 1189 unitate
3441 1140 3576 1190 sicut

1988 1231 2084 1268 nos
2113 1216 2178 1270 τ’.
2205 1215 2530 1274 lntueamiui
2557 1220 2760 1290 itaque,
2805 1221 2951 1276 ﬁlioli
2985 1224 3111 1288 mei,
3139 1225 3574 1294 deprecationem

1990 1305 2204 1360 Domini
2235 1309 2403 1364 nostri
2448 1325 2544 1378 pro
2583 1311 2865 1381 discipulis
2896 1313 3032 1375 suis,
3086 1325 3143 1368 ut
3173 1317 3280 1372 sint
3314 1317 3401 1371 ubi
3435 1319 3573 1384 erit;

1994 1413 2094 1452 nec
2141 1414 2247 1454 non
2280 1400 2714 1469 deprecationem
2763 1404 2880 1472 ejus
2911 1408 2975 1459 ad
3023 1404 3272 1472 Patrem,
3311 1419 3368 1462 ut
3397 1419 3581 1464 custo-

1989 1488 2100 1542 tliat
2127 1503 2221 1544 eos
2253 1506 2282 1544 a
2312 1493 2472 1559 malo,
2507 1494 2681 1549 donec
2720 1498 3038 1565 perveniant
3080 1499 3146 1552 ad
3187 1500 3303 1555 loca
3344 1502 3575 1572 requiei,

1988 1595 2052 1633 eo
2081 1581 2221 1652 quod
2255 1582 2380 1638 facti
2447 1595 2570 1641 sunt
2599 1587 2670 1642 illi
2722 1590 2904 1645 amici.
2961 1590 3169 1646 Scitote
3216 1605 3393 1649 autem
3433 1596 3578 1664 ejus-

299 1666 391 1722 ﬁlii
417 1684 602 1724 coram
631 1671 761 1737 Deo,
798 1671 1002 1727 similes
1031 1683 1160 1728 sunt
1213 1677 1464 1746 precibus
1515 1690 1732 1749 patrum
1759 1697 1887 1736 suo—
1921 1742 1958 1752 ἢ
1991 1673 2132 1727 modi
2165 1690 2337 1730 meam
2363 1691 2485 1732 esse
2515 1695 2612 1748 pro
2655 1681 2806 1736 vobis
2823 1683 3262 1752 deprecationem
3289 1690 3354 1740 ad
3383 1686 3575 1752 Deum.

305 1775 458 1827 rum;
503 1761 681 1832 iisque
731 1766 1090 1822 mediautibus
1140 1767 1478 1826 haereditatis
1520 1770 1642 1840 jure
1695 1788 1886 1830 conse-

1998 1776 2049 1819 ut
2087 1779 2268 1822 servet
2297 1786 2448 1826 vasa
2512 1772 2676 1839 malo,
2733 1775 2903 1829 donec
2951 1778 3278 1845 perveniatis
3333 1781 3400 1834 ad
3457 1780 3577 1835 loca

297 1863 546 1922 quuntur
598 1864 853 1923 paternas
905 1859 1152 1914 virtutes.
1202 1861 1267 1916 Et
1302 1878 1434 1919 sane
1490 1881 1682 1935 pret-es
1715 1866 1885 1922 Jacob

302 1941 517 1999 similes
539 1955 701 1999 erant
739 1945 988 2016 precibus
1015 1960 1227 2018 patrum
1261 1967 1482 2007 suorum
1513 1955 1564 2008 in
1589 1957 1842 2011 onmibus
1872 1977 1884 2012 :

302 2035 534 2105 ideoque
585 2038 987 2096 descenderunt
1043 2059 1206 2112 super
1237 2043 1386 2100 illum
1423 2061 1616 2104 omnes
1664 2046 1888 2104 benedi-

302 2128 511 2183 ctiones
539 2139 756 2198 patrum
791 2146 1040 2197 suorum,
1092 2134 1399 2204 meruitque
1431 2136 1693 2192 visionem
1731 2138 1890 2194 scalae

305 2220 625 2290 spiritualis,
689 2227 1111 2282 ascendentibus
1166 2236 1222 2282 ct
1282 2231 1740 2285 descendentibus
1790 2247 1888 2300 per

309 2312 452 2365 illam
481 2314 704 2382 angelis.
741 2316 1046 2388 Antequam
1075 2334 1202 2374 vero
1236 2321 1566 2390 suscepisset
1601 2332 1886 2390 parentum

309 2418 530 2459 suorum
590 2407 1056 2476 benedictionem,
1123 2428 1223 2468 nec
1274 2429 1440 2467 unum
1505 2415 1723 2484 quidem
1757 2415 1890 2470 vidit

309 2495 559 2560 angelum
592 2515 605 2551 :
643 2510 696 2553 at
751 2515 873 2554 cum
934 2501 1372 2559 benedictionem
1405 2515 1626 2575 patrum
1663 2523 1885 2563 suorum

313 2598 463 2643 esset
495 2604 838 2660 consecutus,
875 2597 1092 2666 angelos
1149 2599 1306 2664 vidit,
1379 2609 1432 2652 et
1461 2601 1779 2656 benedictus
1807 2613 1891 2656 est

314 2679 382 2733 ab
408 2679 530 2734 illis.
559 2680 682 2737 Pari
712 2685 928 2753 quidem
965 2687 1177 2742 ratione
1214 2690 1322 2743 veri
1357 2689 1452 2744 ﬁlii
1490 2702 1887 2762 cognoverunt,

306 2780 366 2820 se
398 2765 598 2821 nullam
631 2769 884 2825 virtutem
927 2772 1111 2828 videre
1142 2789 1322 2843 posse,
1355 2777 1459 2831 nisi
1495 2779 1733 2832 assecuti
1771 2778 1889 2833 fue-

306 2858 417 2912 rint
448 2859 875 2917 benedictionem
907 2877 1192 2934 parentum
1243 2884 1488 2926 suorum.
1546 2871 1724 2937 Quare
1758 2872 1892 2928 obe-

311 2951 566 3006 dientiam
590 2957 910 3024 parentibus
954 2969 1211 3028 praestare
1242 2964 1418 3017 conati
1458 2974 1607 3028 sunt,
1642 2979 1734 3020 eos
1765 2981 1890 3035 snp-

308 3042 570 3113 plicantes
599 3054 653 3098 ut
707 3047 775 3102 ab
809 3048 912 3103 illis
967 3051 1440 3116 bcnedicerentur,
1473 3065 1529 3108 ut
1561 3072 1747 3110 eorum
1781 3071 1890 3110 me-

310 3136 581 3192 dizutibus
608 3136 1080 3197 benedictionibus
1137 3147 1318 3200 videre
1351 3158 1690 3201 mererentur
1729 3164 1888 3204 excr-

310 3226 450 3282 citus
477 3229 812 3299 angelorum,
844 3233 1039 3302 quibus
1066 3234 1192 3290 visis
1223 3236 1361 3290 firmi
1396 3237 1736 3294 efﬁcerentur
1770 3241 1888 3296 sine

310 3320 720 3386 perturbatione
751 3325 1002 3381 omnibus
1035 3329 1085 3380 in
1115 3328 1352 3384 steculis.
1405 3329 1674 3385 Similiter
1695 3332 1894 3388 Paulus

312 3409 608 3476 apostolus,
643 3427 764 3466 eum
799 3414 897 3469 bos
937 3417 1178 3481 vidisset,
1230 3417 1584 3476 conﬁrmatus
1617 3433 1670 3475 et
1700 3437 1890 3477 corro-

311 3501 533 3558 boratus
562 3513 666 3570 est,
694 3513 748 3560 et
789 3507 1117 3562 exclamavit
1161 3510 1386 3566 dicens:
1418 3511 1542 3567 Non
1567 3527 1772 3582 separat
1812 3531 1894 3570 me

308 3613 343 3648 tt
371 3596 627 3651 clraritale
651 3597 846 3654 Christi
867 3610 1258 3664 nocumenlum,
1289 3613 1379 3656 aut
1401 3621 1600 3668 carcer,
1650 3616 1739 3658 aut
1771 3623 1893 3674 per-

311 3689 533 3753 secutio,
558 3702 647 3743 aut
672 3691 861 3758 fames,
902 3705 990 3746 aut
1035 3693 1270 3757 auditas,
1298 3705 1387 3746 aut
1435 3695 1758 3759 adversatio,
1803 3706 1893 3748 aut

309 3783 520 3852 gladius
544 3783 611 3840 ".
655 3785 746 3838 Ait
802 3801 1062 3856 quoque:
1102 3784 1285 3855 Neque
1331 3802 1493 3851 mors,
1553 3803 1715 3856 neque
1763 3787 1895 3853 vita,

314 3892 480 3946 neque
499 3877 692 3947 angeli,
723 3895 883 3948 neque
923 3881 1182 3948 principes
1215 3921 1228 3946 ,
1277 3896 1440 3951 neque
1467 3890 1774 3949 potestates,
1811 3896 1898 3934 ne-

308 3984 410 4036 que
442 3969 554 4022 Ittrc
581 3971 855 4036 instantia,
878 3987 1036 4040 neque
1062 3971 1269 4040 futura,
1311 3987 1474 4040 neque
1520 3977 1760 4038 uirtutes,
1801 3988 1895 4026 ne-

313 4076 416 4129 que
434 4061 682 4127 altitudo,
707 4079 871 4132 neque
912 4065 1272 4132 profunditas,
1297 4080 1459 4134 neque
1500 4080 1559 4117 ea
1611 4064 1718 4117 alia
1751 4081 1901 4118 crea-

315 4163 436 4206 tura
469 4153 691 4223 iuferior
731 4165 896 4224 potest
942 4173 1023 4209 me
1064 4157 1302 4210 decidere
1352 4173 1384 4208 a
1421 4157 1677 4209 clmritate
1708 4156 1802 4210 Dei
1844 4157 1897 4210 in

318 4244 544 4300 Domino
583 4259 761 4302 nostra
809 4248 936 4302 Jesu
972 4249 1182 4303 Christo
1230 4251 1297 4306 ⁷⁸.
1333 4249 1528 4305 Videte
1583 4250 1786 4320 itaque,
1821 4252 1900 4305 tli-

319 4339 597 4394 lectissimi
625 4342 752 4407 tnei,
785 4343 1054 4410 quomodo
1088 4359 1274 4396 otuncs
1299 4344 1388 4413 qui
1421 4343 1777 4397 tleccrtarunt
1805 4343 1902 4398 do-

1993 1860 2226 1929 requiei,
2259 1873 2312 1916 et
2369 1873 2428 1917 ιιι
2493 1866 2644 1921 vobis
2703 1867 2966 1936 largiatur
3007 1870 3438 1926 benedictionem
3481 1887 3578 1940 pa-

1993 1959 2132 2002 trum
2164 1961 2497 2006 nostrorutn.
2548 1953 2758 2008 Etenim
2819 1956 3227 2014 benedictioues
3289 1961 3405 2014 ista:
3440 1963 3485 2015 si
3520 1963 3574 2015 in

1990 2039 2144 2094 vobis
2172 2040 2614 2106 iuliabitaverint,
2641 2048 2874 2099 maxima
2927 2047 3080 2102 vobis
3131 2049 3320 2117 gratiae
3367 2050 3458 2104 ﬁet
3490 2066 3583 2105 ac-

1991 2131 2186 2186 cessio.
2213 2131 2660 2205 Quandoquidem
2693 2134 2863 2192 Jaeob
2893 2137 3335 2207 Mesopotamiam
3369 2150 3578 2210 petens,

1993 2231 2111 2291 post
2143 2232 2422 2291 acceptam
2463 2225 2922 2294 benedictionem,
2966 2231 3102 2286 vidit
3135 2235 3378 2302 angelos,
3415 2235 3580 2289 bene-

1993 2315 2236 2384 tlixitqne
2275 2331 2397 2370 eum
2455 2317 2598 2372 Deus
2637 2321 2706 2374 ob
2760 2323 3056 2389 praestitam
3106 2324 3425 2391 parentibus
3450 2327 3581 2378 obe-

1993 2402 2272 2469 dientiam,
2307 2419 2608 2474 eorumque
2636 2407 3061 2464 benedictiones.
3093 2408 3228 2464 Cum
3282 2421 3466 2466 autem
3498 2410 3581 2465 vi-

1993 2493 2166 2547 disset
2197 2495 2421 2564 angelos
2450 2497 2592 2552 facie
2628 2500 2696 2553 ad
2741 2498 2939 2554 faciem
2992 2500 3093 2555 sibi
3128 2510 3474 2571 apparentes,
3505 2510 3585 2558 tea

1995 2587 2110 2640 nuit
2142 2603 2305 2642 unum
2343 2604 2558 2653 eorum,
2623 2593 2797 2646 donec
2876 2592 3230 2662 multiplicem
3281 2595 3586 2664 accepisset

1996 2679 2062 2733 ab
2099 2679 2188 2733 illo
2217 2681 2674 2748 benedictionem,
2719 2699 2825 2754 qua
2875 2683 3159 2739 benedixit
3198 2685 3339 2740 ﬁlios
3368 2701 3586 2755 quoque

1994 2786 2146 2827 suos.
2180 2771 2445 2828 Similiter
2473 2777 2636 2828 etiam
2667 2775 2858 2831 infelix
2903 2790 3003 2846 ego
3054 2777 3222 2832 Deum
3277 2793 3454 2830 meum
3490 2777 3585 2832 de-

1995 2880 2206 2935 precor,
2238 2867 2323 2920 eui
2361 2882 2389 2920 a
2418 2867 2654 2937 pueritia
2692 2882 2810 2921 mea
2838 2883 3012 2937 usque
3058 2883 3199 2921 nunc
3238 2869 3497 2934 inservio,
3528 2879 3588 2923 ut

1997 2973 2090 3013 vos
2113 2958 2417 3022 benedicat,
2473 2971 2775 3030 augeatque
2813 2961 3317 3024 benedictionibus,
3355 2970 3413 3014 ut
3442 2961 3585 3016 ﬁalis

1998 3050 2138 3118 patri
2172 3058 2358 3104 nostro
2396 3048 2566 3104 Jacob
2603 3049 3074 3104 benedictionibus
3117 3048 3315 3104 referto
3347 3087 3363 3112 ,
3399 3049 3450 3103 iu
3479 3053 3586 3120 spi-

1999 3140 2192 3195 ritibus
2214 3151 2268 3194 et
2293 3141 2613 3210 corporibus
2659 3141 2859 3197 vestris
2891 3140 3120 3196 similes.
3169 3140 3377 3196 Scitote
3404 3141 3588 3209 itaque

1997 3233 2138 3302 quod
2169 3245 2325 3303 pater
2353 3241 2538 3288 noster
2558 3231 2726 3289 Jacob
2754 3234 2882 3287 dum
2928 3233 3149 3288 essetin
3193 3233 3588 3303 Mesoliotamia

1999 3326 2314 3381 recordatus
2342 3337 2429 3381 est
2455 3335 2740 3394 parentum
2769 3341 3016 3392 suorum,
3043 3337 3098 3380 et
3133 3341 3384 3381 reversus
3412 3337 3497 3380 est
3534 3325 3587 3378 iu

2001 3425 2198 3471 terram
2234 3433 2430 3486 suam;
2468 3427 2522 3471 et
2548 3419 2742 3473 timens
2785 3418 3016 3472 fratrem
3058 3434 3238 3484 suum,
3292 3416 3488 3473 obtulit
3530 3415 3582 3470 ei

1999 3520 2291 3579 antequam
2315 3510 2507 3565 obvius
2538 3510 2614 3565 illi
2644 3519 2811 3575 esset,
2839 3521 3074 3581 quatuor
3110 3527 3370 3575 munera;
3399 3521 3454 3566 et
3477 3511 3593 3581 qui-

1999 3603 2120 3656 dem
2155 3602 2240 3656 bis
2291 3603 2513 3656 minime
2556 3602 2834 3672 indigebat
2886 3603 3006 3670 ejus
3054 3603 3242 3666 frater,
3278 3617 3402 3657 cum
3444 3611 3591 3658 esset

1998 3692 2157 3745 valde
2187 3692 2377 3756 dives;
2408 3706 2594 3744 verum
2626 3691 2729 3745 hoc
2765 3690 2896 3744 fecit
2947 3696 3016 3744 ad
3063 3691 3465 3746 dissolvendam
3491 3693 3594 3747 iui-

2004 3783 2265 3837 micitiam
2297 3785 2591 3852 quaeinter
2637 3791 2931 3850 utrumque
2970 3782 3386 3848 intercedebat,
3437 3794 3491 3838 et
3531 3787 3598 3840 ad

2004 3876 2449 3944 consequendam
2513 3885 2802 3942 parentum
2850 3888 3071 3927 suorum
3118 3874 3591 3942 benedictionem;

2003 3969 2210 4024 sciebat
2237 3968 2381 4022 enim
2412 3967 2670 4021 virtutem
2706 3966 3102 4022 benedictionis
3144 3976 3428 4037 parentum
3460 3982 3586 4022 suo-

2006 4079 2123 4118 rum
2155 4061 2448 4116 maximam
2483 4074 2627 4116 esse.
2681 4059 2953 4127 Scriptum
3008 4073 3242 4129 namque
3265 4070 3348 4115 est
3377 4079 3391 4116 :
3421 4059 3592 4115 Bene-

2003 4154 2164 4208 dictio
2185 4164 2394 4224 patrum
2433 4151 2705 4205 descendet
2742 4150 2798 4204 in
2823 4151 2964 4219 ﬁlios
2991 4151 3060 4202 ⁸⁸.
3089 4152 3165 4206 Ex
3211 4169 3356 4208 nunc
3388 4154 3592 4223 itaque,

2006 4247 2349 4301 dilectissimi
2375 4245 2501 4310 tnei,
2543 4245 2593 4299 iu
2629 4244 2883 4312 gaudium
2915 4244 3046 4298 mihi
3107 4245 3234 4310 erit,
3270 4254 3326 4298 ut
3359 4262 3490 4300 metu
3517 4247 3598 4299 iu-

2007 4338 2280 4394 felicitatis
2322 4354 2591 4393 memores
2623 4339 2778 4403 sitis;
2810 4353 2908 4391 nec
2935 4352 3040 4392 non
3077 4345 3363 4408 parentum
3391 4353 3597 4392 vesnro-

317 4448 419 4488 nec
452 4433 926 4504 itnperturbabiles
963 4447 1089 4490 sunt
1119 4435 1326 4500 allecti,
1375 4436 1442 4491 de
1503 4437 1647 4491 nullo
1679 4438 1899 4505 penitus
1934 4440 1976 4495 D
2008 4450 2123 4487 rmn
2144 4433 2442 4486 carnalium
2470 4432 2850 4494 recordemini,
2877 4441 2934 4484 ut
2965 4432 3301 4487 descendant
3322 4448 3485 4500 super
3503 4449 3597 4486 vos

317 4527 532 4582 solliciti
561 4538 707 4581 sunt.
748 4528 839 4583 Sic
873 4543 964 4583 vos
992 4544 1110 4583 esse
1155 4529 1333 4599 cupio,
1383 4546 1447 4584 ac
1477 4545 1572 4584 vos
1598 4529 1781 4584 videre
1807 4531 1902 4585 de-

318 4621 500 4674 sidero
531 4621 599 4674 ob
627 4621 847 4675 uitniatn
880 4623 1044 4676 vestri
1074 4622 1124 4674 in
1165 4621 1274 4676 Deo
1332 4622 1653 4676 cbaritatem
1676 4660 1691 4686 ,
1741 4639 1900 4692 quem

318 4728 448 4784 rogo
473 4725 630 4768 uoc:u
684 4714 884 4784 diuque
912 4757 926 4780 ,
958 4726 1016 4768 ιιι
1069 4715 1372 4770 inbabitcnt
1411 4716 1462 4770 in
1497 4716 1647 4770 vobis
1679 4716 1905 4770 benedi-

315 4805 528 4861 ctloues
559 4816 771 4876 patrum
831 4818 1166 4870 nostrorum,
1227 4816 1282 4860 et
1339 4807 1646 4862 benedictio
1683 4821 1900 4878 quoque

318 4901 426 4955 mei
470 4901 725 4964 infelicis,
759 4911 816 4955 ut
867 4903 1139 4956 resideant
1201 4900 1252 4953 in
1289 4900 1440 4956 vobis
1497 4898 1895 4955 intellectuales

318 4997 570 5062 virtutes,
597 5005 651 5049 et
700 4995 1014 5064 transigatis
1050 4995 1315 5063 reliquum
1367 4993 1490 5047 vita:
1522 5002 1718 5048 vestra:
1752 4993 1900 5047 omni

317 5090 537 5158 gaudio.
607 5087 818 5141 Etenim
870 5088 1180 5156 quicunque
1238 5087 1377 5140 banc
1429 5102 1741 5140 mensuram
1797 5102 1903 5140 non

318 5181 588 5252 attigerit,
613 5180 1033 5248 haudquaquam
1058 5179 1361 5233 caelestium
1397 5177 1593 5249 gaudia
1626 5179 1905 5234 nancisci-

319 5286 430 5329 tur.
1609 5342 1612 5346 .

393 5366 604 5422 Scitote
634 5367 785 5432 item,
830 5365 976 5421 ﬁlioli
1011 5363 1138 5424 mei,
1183 5373 1454 5436 praecepta
1513 5378 1689 5433 neque
1723 5363 1908 5433 gravia

317 5471 445 5512 esse
469 5473 648 5529 neque
678 5458 970 5522 laboriosa,
1000 5457 1092 5512 sed
1138 5456 1317 5511 lumen
1351 5470 1538 5510 verum
1563 5465 1618 5509 et
1650 5455 1907 5525 gaudium

317 5550 717 5622 sempiternum
746 5550 1169 5622 adimplentibus
1223 5549 1613 5605 obedientiam.
1649 5547 1778 5603 Dico
1806 5563 1908 5603 au-

989 5735 1032 5767 "
1072 5733 1201 5790 ibid.
1230 5733 1318 5788 38.

1475 5810 1510 5831 ΔΛ

394 5736 441 5768 ⁷⁷
486 5733 640 5791 Rom.
670 5750 788 5804 vut,
823 5734 910 5790 55.

1530 5731 1572 5763 ⁷³
1613 5730 1767 5789 Joau.
1811 5747 1942 5798 xvu,
1977 5730 2030 5796 8,
2060 5727 2252 5794 l9,‘23,
2291 5726 2379 5780 Eli.

2007 4542 2194 4581 eorum
2221 4527 2634 4580 benedictioues
2689 4525 2836 4578 omni
2879 4535 3143 4594 tempore.
3176 4525 3288 4581 Hoc
3321 4526 3472 4579 vobis
3497 4541 3596 4577 no-

2011 4628 2121 4672 tutn
2161 4619 2254 4672 sit.
2285 4619 2348 4672 Et
2392 4634 2494 4688 pax
2527 4618 2737 4672 Domini
2761 4630 2941 4673 servet
2975 4619 3139 4674 corda
3171 4629 3374 4678 vestra,
3401 4628 3453 4669 ct
3476 4633 3601 4682 gra-

2012 4713 2082 4766 tia
2111 4712 2228 4781 ejus
2261 4712 2412 4766 vobis
2445 4712 2761 4781 opituletur.
2791 4710 2888 4766 Cui
2917 4710 3036 4767 laus
3073 4711 3140 4765 ab
3163 4709 3414 4764 ouantibus
3441 4709 3602 4760 ratio-

2014 4806 2282 4862 nabilibus
2315 4807 2367 4860 in
2393 4817 2682 4860 mternum.
2709 4806 2908 4859 Amen.

2561 4897 2892 4954 EPISTOLA
2938 4897 3053 4953 XV.

2722 4991 2866 5044 Dixit
2903 5007 2920 5044 :

2085 5085 2224 5138 Ante
2251 5083 2456 5148 omnia,
2490 5083 2638 5137 ﬁlioli
2701 5083 2804 5137 mei
2867 5081 3160 5146 benedicti,
3196 5080 3363 5135 Deum
3401 5079 3597 5149 depre-

2013 5192 2127 5241 cor,
2161 5188 2219 5230 ut
2248 5176 2402 5231 vobis
2427 5175 2720 5243 clargiatur
2749 5176 3043 5230 invisibilia
3081 5194 3094 5229 :
3134 5172 3343 5227 Etenim
3371 5173 3598 5227 visibitia

2010 5270 2142 5333 Itll'c,
2173 5266 2482 5337 temporalia
2509 5278 2629 5321 sunt
2681 5278 2728 5320 et
2762 5269 2996 5331 caduca;
3027 5267 3118 5319 illa
3143 5282 3260 5320 rero
3287 5264 3597 5330 inuisibilia,

2011 5369 2236 5422 (eterna,
2279 5359 2644 5427 permanentia
2669 5357 2735 5412 ⁸¹.
2775 5358 2840 5412 Et
2871 5371 2987 5411 mea
3013 5349 3226 5424 quidem
3275 5355 3391 5412 lucc
3409 5355 3599 5423 depre-

2011 5450 2156 5504 catio
2182 5465 2279 5519 pro
2306 5448 2458 5503 vobis
2483 5460 2586 5512 est,
2619 5450 2762 5518 quod
2810 5447 3064 5502 vidissem
3127 5448 3338 5504 fructus
3388 5461 3600 5504 vestros

2011 5543 2164 5596 vivos
2195 5540 2569 5606 rationabiles,
2594 5552 2646 5596 ct
2673 5543 2814 5612 quod
2865 5541 2992 5597 laeti
3039 5543 3234 5598 essetis
3270 5543 3376 5598 Deo
3423 5540 3601 5597 Verbo

2493 5727 2538 5759 ⁸ο
2583 5701 2742 5781 lin-cli.
2789 5742 2870 5794 Ill,
2899 5727 2982 5782 ll.
3078 5729 3126 5805 7“
3172 5726 3214 5783 ll
3257 5727 3382 5785 Cor.
3410 5741 3482 5794 tv,
3513 5724 3596 5780 ιιι.
