3990 6210
417 275 554 333 10δὶ

1531 265 1803 322 ΡΑΤΙὶΕΞ
1844 261 2140 318 AZCYPTII
2184 263 2456 318 SIEClILl
2500 263 2584 318 IV.

3567 269 3700 323 103?

420 392 666 450 hazredes
696 402 857 460 atque
891 388 1202 459 participes.
1232 387 1598 451 Quamobrem
1651 385 2001 440 vehementer
2029 391 2076 444 Α
2105 381 2307 436 Christi
2338 383 2604 436 inhabitet
2643 381 2691 435 in
2727 381 2979 438 omnibus
3006 382 3179 439 vobis.
3215 383 3309 439 Cui
3345 384 3464 442 laus
3493 405 3703 457 semper

420 501 515 540 cur
548 500 725 539 meum
754 483 998 537 laetatum
1027 491 1140 535 est:
1173 481 1286 534 seio
1320 479 1517 550 quippe
1542 478 1709 533 Deum
1749 478 1919 532 laetari
1957 478 2009 532 in

425 577 490 630 iis
527 591 753 644 quorum
795 574 1004 627 fructus
1051 581 1178 626 sunt
1230 573 1301 626 ita
1334 572 1439 627 vivi
1477 570 1852 632 rationabiles,
1885 585 2000 624 cos-

419 683 523 738 quc
552 667 654 721 sibi
688 665 932 720 haeredes
985 680 1049 719 ac
1089 664 1382 734 participes
1431 663 1666 716 etlieere.
1699 665 1770 715 At
1824 676 2013 717 omnes

418 774 650 829 quorum
708 757 1179 826 fructusmortui
1221 766 1366 820 sunt,
1425 756 1848 824 haudquaquam
1903 757 2012 811 Deo

421 851 720 920 participes
747 857 1108 920 reputantur;
1163 863 1348 902 verum
1385 848 1501 918 ipse
1541 847 1716 915 magis
1773 846 1893 899 illos
1929 862 2011 902 re-

423 944 748 1012 prehendet,
808 943 948 997 sicut
1005 941 1154 996 dixit
1190 941 1470 1008 propheta,
1498 940 1546 992 id
1581 940 1686 993 illis
1711 950 1899 993 notum
1929 937 2011 992 fa-

421 1037 571 1091 ciens
601 1035 814 1088 dicente
843 1034 891 1087 ei
947 1033 1057 1087 Deo
1108 1049 1120 1084 :
1161 1031 1347 1086 Clama
1376 1047 1492 1084 cum
1541 1031 1870 1100 fortitudine,
1923 1047 2014 1084 nec

418 1143 626 1196 parcas,
656 1137 703 1179 et
750 1125 929 1179 exulta
961 1139 1135 1178 vocem
1178 1134 1323 1176 tuam
1360 1124 1512 1193 quasi
1557 1124 1704 1184 tuba,
1763 1133 1810 1176 et
1839 1123 2013 1175 indica

421 1221 615 1288 papula
644 1235 756 1271 meo
801 1218 1013 1286 peccata
1068 1233 1272 1280 eorum,
1322 1223 1372 1269 et
1416 1213 1786 1268 domuilacob
1815 1214 2014 1268 scelera

426 1326 648 1366 eorum:
687 1314 876 1380 quippe
909 1310 1060 1379 longe
1128 1326 1230 1362 non
1285 1318 1425 1372 sunt,
1477 1317 1523 1361 et
1575 1317 1806 1378 qua'rent
1849 1323 1927 1360 me
1960 1309 2013 1360 in

427 1407 720 1459 novissimis
746 1405 949 1458 diebus.
1012 1402 1126 1472 Ipsi
1183 1419 1300 1457 vero
1327 1419 1424 1456 sua
1479 1401 1736 1454 irascibili
1767 1402 2015 1469 concupi-

426 1499 625 1552 scentia
662 1499 908 1550 dixerunt
942 1509 959 1547 :
993 1495 1172 1560 Quare
1190 1495 1574 1565 jejunavimus,
1606 1504 1652 1548 et
1687 1494 1899 1547 nescisti
1925 1509 1943 1557 ,'
1967 1504 2013 1546 et

426 1590 824 1645 lmmiliavintus
881 1593 1088 1645 animas
1145 1602 1372 1650 nostras,
1406 1600 1452 1642 et
1495 1605 1597 1642 non
1626 1587 1918 1657 aspexisti!
1950 1587 2016 1642 Et

431 1684 714 1752 respondit
763 1683 1114 1738 dicentibus:
1187 1681 1450 1747 Quoniam
1511 1680 1567 1734 in
1616 1679 1795 1733 diebus
1818 1677 2013 1748 jejunii

2116 474 2168 528 in
2206 485 2494 530 aeternum.

2649 563 2983 620 EPISTOLA
3029 567 3168 622 XVI.

2828 660 2976 712 Dixit
3012 677 3030 714 :

2194 748 2523 804 Rcccuseam
2582 751 2757 815 vobis,
2798 752 2944 806 ﬁlioli
2981 753 3084 807 mei
3118 753 3482 818 dilectissimi,
3521 770 3701 824 parum

2117 856 2181 895 ex
2225 842 2394 910 gestis
2430 851 2639 911 patrum
2668 853 2977 898 sanctorum
3005 859 3261 913 purorum
3285 885 3302 911 ,
3329 861 3468 914 quos
3497 848 3699 900 exalta-

2116 933 2192 986 vit
2225 933 2368 987 Dens
2414 945 2635 1004 propter
2688 934 3157 1002 liumiliatiouem,
3215 945 3269 990 et
3323 936 3570 1003 pristinae
3601 953 3704 992 sua‘

2120 1026 2456 1094 paupertatis
2481 1024 2664 1095 jngem
2698 1027 3130 1081 recordationem
3159 1044 3174 1094 ;
3211 1027 3468 1098 deditque
3502 1027 3705 1082 illisliic

2119 1117 2346 1187 gloriam
2377 1128 2430 1173 et
2457 1118 2698 1185 divitias,
2725 1133 2791 1174 eo
2825 1120 2970 1187 quod
3009 1118 3277 1174 humiliati
3334 1133 3461 1174 sunt
3495 1136 3562 1175 ex
3599 1131 3705 1175 toto

2116 1210 2284 1263 corde
2318 1223 2438 1274 suo,
2459 1220 2750 1280 antequam
2792 1211 3165 1282 magniﬁcaret
3195 1228 3288 1266 eos
3335 1213 3497 1266 Deus.
3533 1211 3705 1268 Euar-

2117 1316 2301 1356 remus
2325 1302 2509 1373 itaque
2536 1303 2692 1358 vobis
2744 1304 2976 1374 primum
3017 1306 3082 1360 de
3114 1314 3266 1374 patre
3294 1315 3511 1376 patrum
3540 1309 3706 1360 Abra-

2118 1392 2262 1460 ham,
2298 1409 2457 1463 quem
2485 1395 2629 1450 Dcus
2649 1395 2910 1450 cxaltavit
2945 1396 3010 1450 de
3043 1408 3359 1466 paupertate
3383 1400 3450 1452 ad
3467 1399 3701 1462 divitias.

2115 1497 2172 1543 et
2209 1489 2276 1544 de
2304 1499 2617 1561 contemptu
2653 1491 2719 1545 ad
2751 1490 2977 1563 gloriam
3008 1511 3022 1548 :
3057 1508 3216 1548 omne
3250 1504 3432 1549 autem
3465 1496 3707 1551 hoccor-

2115 1584 2396 1653 poraliter.
2433 1583 2541 1640 Nec
2565 1585 2685 1640 ideo
2716 1585 2955 1656 pristina:
3007 1602 3117 1640 sua:
3142 1589 3476 1656 paupertatis
3499 1590 3694 1645 oblitus

2117 1687 2202 1730 est
2231 1677 2522 1744 Abraham,
2553 1693 2742 1733 verum
2776 1679 3089 1735 umbracula
3147 1673 3416 1735 incolebat
3457 1700 3472 1735 :
3512 1683 3705 1738 simili-

428 1775 584 1827 restri
616 1775 925 1828 invenimini
956 1775 1206 1843 facientes
1243 1772 1561 1827 voluntatem
1590 1784 1878 1826 vestrorum
1905 1789 2018 1825 ma-
2048 1749 2092 1804 Β
2124 1775 2313 1836 terque
2346 1766 2513 1834 Isaac,
2548 1780 2602 1824 et
2632 1769 2821 1826 Jacob.

430 1868 560 1931 tant,
601 1877 648 1920 et
686 1870 739 1920 in
775 1884 861 1922 eos
892 1869 982 1938 qui
1044 1869 1097 1921 in
1139 1876 1311 1921 vestra
1346 1874 1468 1920 sunt
1504 1876 1758 1934 potestate
1782 1865 2017 1921 crudeles

426 1962 571 2024 estis,
607 1964 783 2028 capita
807 1978 986 2016 eorum
1013 1964 1253 2015 radentes
1276 1979 1294 2016 :
1319 1973 1366 2015 et
1389 1963 1660 2031 jejunium
1694 1973 1918 2016 vestrum
1941 1975 2017 2018 est

428 2051 500 2103 ad
528 2051 788 2118 indicium
854 2064 900 2105 et
933 2055 1313 2110 contentiones.
1356 2054 1488 2107 Cum
1548 2064 1724 2106 autent
1772 2054 2020 2123 hujusce-

429 2143 569 2194 ntodi
593 2143 729 2207 sitis,
754 2143 1265 2212 jejuniumvestrum
1293 2161 1395 2198 non
1427 2147 1743 2199 exaudiam:
1769 2147 2019 2215 quoniam

428 2233 523 2283 hoc
558 2248 659 2284 non
705 2243 779 2285 est
830 2232 1096 2301 jejunium
1148 2235 1286 2301 quod
1337 2235 1503 2303 elegi,
1551 2234 1682 2286 dixit
1743 2234 2017 2288 Dominus.

413 2320 696 2376 Praeterea
727 2323 802 2375 ait
853 2322 1129 2377 :Etiamsi
1156 2325 1372 2380 torseris
1423 2326 1615 2379 collum
1664 2335 1812 2379 tuum
1868 2327 2020 2396 quasi

428 2414 705 2479 circulum,
737 2424 787 2468 et
821 2432 975 2469 sacco
1003 2418 1218 2471 indutus
1247 2418 1431 2486 fueris,
1485 2426 1533 2471 et
1580 2419 1806 2472 cinerem
1831 2429 2022 2474 strave-

429 2506 538 2570 ris;
563 2508 779 2560 minime
807 2507 1180 2576 Itocjejunium
1206 2508 1522 2577 acceptabile
1550 2518 1627 2562 est
1647 2510 1717 2563 δ’.

507 2597 713 2653 Scitote
742 2600 944 2670 itaque,
991 2600 1143 2654 ﬁlioli
1180 2602 1309 2666 mei,
1343 2603 1456 2655 haec
1481 2617 1603 2657 esse
1631 2601 1841 2657 fructus
1865 2617 2019 2657 mor-

431 2699 552 2742 tuos
581 2706 594 2741 :
639 2690 766 2743 hinc
789 2705 979 2744 omnes
1005 2705 1065 2743 ea
1095 2701 1478 2761 perpetrantes
1503 2708 1610 2746 non
1636 2695 1856 2748 exaudit
1881 2695 2023 2752 Deus

425 2794 550 2833 cum
590 2779 958 2848 deprecantur
985 2781 1156 2845 illum,
1185 2783 1278 2836 sed
1305 2784 1486 2851 inagis
1517 2799 1610 2839 eos
1639 2787 2016 2852 reprehendet.

436 2872 788 2941 Evangelium
827 2889 1040 2942 quoque
1082 2885 1331 2928 sanctum
1363 2877 1466 2930 hoc
1499 2877 1656 2931 nobis
1678 2880 1915 2932 ostendit
1942 2881 2021 2934 di-

434 2979 566 3018 cens
591 2981 604 3017 :
627 2963 685 3016 Si
713 2980 833 3034 ergo
874 2966 1049 3018 lumen
1073 2968 1214 3032 quod
1243 2969 1294 3019 in
1330 2969 1470 3022 vobis
1501 2979 1597 3033 est,
1624 2971 1846 3025 tenebras
1867 2984 2020 3039 sunt;

431 3055 798 3122 ipswtenebrte
841 3059 967 3125 quid
993 3069 1145 3111 erunt
1193 3058 1281 3113 ⁸³⁴Ξ
1311 3058 1581 3129 Propheta
1615 3061 1778 3116 etiam
1814 3063 1922 3118 alio
1960 3065 2013 3119 in
2044 3099 2086 3156 α

429 3147 548 3205 loco
589 3152 752 3205 dicit:
793 3150 979 3206 Omnis
1022 3155 1228 3223 quidem
1276 3153 1493 3222 justitia
1542 3167 1711 3210 vestra
1739 3175 1892 3226 penes
1937 3177 2017 3212 nte

429 3252 507 3296 est
545 3255 795 3313 tanquam
830 3257 1189 3299 assumentum
1222 3258 1562 3302 menstruam
1580 3246 1645 3300 ⁸⁸.
1669 3249 1802 3304 Cum
1836 3251 2021 3320 itaque

431 3337 837 3404 cogitaveritis,
879 3338 1032 3390 ﬁlioli
1062 3339 1164 3392 mei
1216 3339 1600 3404 dilectissimi,
1666 3344 1764 3396 hos
1809 3341 2021 3397 fructus

432 3437 710 3491 mortuos;
745 3430 810 3480 de
847 3443 1118 3496 quoquam
1149 3429 1358 3483 illorum
1397 3430 1614 3485 solliciti
1644 3447 1766 3487 esse
1806 3435 2017 3500 nolitis,

433 3533 501 3571 ne
558 3531 913 3587 corrumpant
961 3520 1169 3574 fructus
1217 3532 1429 3576 vestros
1469 3514 1621 3578 vivos
1649 3526 2017 3582 rationabiles.

432 3609 542 3680 Ego
569 3620 746 3665 autem
780 3610 1004 3681 supplex
1057 3612 1223 3667 Deum
1277 3628 1374 3667 oro
1406 3630 1504 3682 pro
1537 3616 1690 3670 vobis
1715 3656 1730 3682 ,
1761 3626 1873 3671 uta
1899 3634 2022 3672 cor-

434 3705 684 3772 ruptione
707 3713 890 3759 servet
919 3703 1128 3760 fructus
1188 3715 1421 3775 vestros,
1463 3723 1665 3778 eosque
1700 3709 2020 3781 multiplicet

433 3795 804 3865 adaugeatque
871 3796 926 3850 in
988 3797 1222 3865 gratiam
1263 3808 1502 3853 vestram
1554 3811 1608 3853 et
1637 3802 1890 3870 gaudium
1924 3819 2018 3859 ve-

437 3895 606 3941 strum
636 3895 690 3940 et
722 3887 1069 3944 dilectionem
1129 3889 1354 3943 fratrum
1397 3901 1450 3945 et
1482 3907 1776 3958 pauperum
1804 3909 1819 3958 ;
1849 3905 1904 3948 et
1924 3912 2021 3963 np-

435 3978 594 4034 timas
617 3991 826 4035 vestras
850 3984 1078 4036 virtutes
1117 3985 1441 4052 vestrasque
1473 3981 1680 4039 fructus
1705 3999 1862 4038 veros
1896 4001 2018 4055 por-

433 4069 603 4135 ﬁciat,
640 4073 817 4127 donec
845 4073 1200 4143 egrediatniui
1225 4075 1292 4129 ab
1321 4075 1422 4128 hoc
1447 4075 1720 4130 domicilio
1749 4087 1819 4130 et.
1855 4077 2016 4132 simul

433 4164 771 4220 conveniatis
810 4166 862 4219 in
904 4166 1079 4221 locum
1109 4167 1282 4230 illum,
1320 4167 1373 4221 in
1410 4183 1516 4237 quo
1549 4185 1655 4223 non
1689 4179 1773 4224 est
1796 4172 2018 4226 m0rbus

436 4270 610 4325 neque
642 4259 893 4326 angustia
945 4274 1118 4328 neque
1165 4258 1384 4321 malum,
1422 4259 1514 4312 sed
1546 4261 1823 4329 gaudium,
1847 4273 1900 4317 et
1935 4263 2019 4317 lac-

436 4350 576 4415 titia,
605 4359 661 4404 et
698 4350 887 4418 gloria,
921 4359 976 4404 et
1009 4365 1248 4415 corome,
1283 4362 1336 4405 et
1365 4351 1692 4415 diademata,
1725 4359 1779 4405 et
1805 4351 2016 4408 fructus

2195 1857 2414 1912 Poterat
2446 1861 2644 1930 quippe
2671 1863 2941 1917 Abraham
2981 1862 3178 1932 ubique
3209 1861 3309 1918 sibi
3346 1865 3548 1932 palatia
3581 1868 3706 1920 :edi-

2125 1947 2286 2002 ﬁcare
2314 1948 2382 2003 ob
2419 1951 2613 2004 multas
2643 1951 2878 2017 divitias,
2909 1968 3028 2022 qua:
3057 1953 3105 2006 ei
3142 1953 3299 2008 factae
3333 1967 3458 2009 sunt
3488 1956 3542 2009 in
3576 1971 3706 2011 anto

2121 2049 2178 2094 et
2233 2050 2458 2110 argento
2514 2050 2565 2095 et
2619 2042 2790 2102 servis
2839 2054 2893 2098 et
2947 2041 3158 2099 ancillis
3207 2055 3260 2099 et
3301 2045 3602 2116 jumentis;
3651 2055 3706 2101 at

2124 2131 2304 2184 sciens
2367 2132 2510 2200 quod
2541 2132 2586 2186 si
2641 2134 2801 2187 corde
2867 2136 3198 2204 paupertatis
3245 2150 3460 2207 semper
3505 2152 3710 2192 memor

2126 2229 2297 2287 eSset,
2346 2237 2619 2293 nunquam
2657 2225 3069 2281 oblivisceretur
3116 2226 3478 2282 multitudinis
3532 2230 3708 2283 bono-

2123 2320 2241 2366 rum
2289 2329 2408 2384 qua}
2445 2316 2517 2369 illi
2551 2315 2680 2371 fecit
2715 2318 2874 2383 Dens,
2913 2319 3116 2374 idcirco
3155 2321 3259 2375 hoc
3301 2321 3526 2382 minime
3569 2337 3704 2390 pne-

2125 2407 2286 2471 stitit,
2317 2408 2412 2463 sed
2446 2409 2754 2464 umbracula
2802 2410 3048 2465 incoluit.
3079 2411 3194 2478 Qua
3239 2412 3303 2466 de
3333 2427 3502 2467 causa
3537 2428 3703 2481 appa-

2124 2500 2234 2553 ruit
2275 2500 2322 2555 ei
2366 2500 2505 2556 Deus
2542 2502 2674 2556 duos
2725 2503 2928 2556 habens
2973 2519 3154 2559 secum
3200 2503 3452 2574 angelos,
3506 2505 3706 2559 sedenti

2119 2591 2274 2662 juxta
2310 2593 2562 2647 arborem
2591 2592 2854 2648 Mambre.
2884 2594 3127 2665 Cumque
3157 2596 3425 2651 sollicitus
3454 2607 3600 2651 esset
3640 2597 3705 2649 de

2124 2683 2354 2739 Domino
2387 2695 2573 2740 nostro
2607 2687 2927 2756 angelisque
2972 2688 3114 2758 ejus,
3170 2685 3373 2743 nemini
3425 2704 3710 2744 servorum

2125 2791 2345 2830 suorum
2380 2781 2634 2849 prwcepit
2683 2791 2742 2834 ut.
2782 2793 2967 2851 ageret
3000 2781 3049 2836 id
3091 2783 3234 2850 Quod
3278 2791 3534 2851 praestare
3563 2797 3702 2837 cou-

2123 2869 2408 2935 stituerat,
2458 2886 2525 2925 ne
2568 2871 2982 2928 oblivisceretur
3026 2875 3214 2942 gratia:
3256 2890 3418 2943 quam
3452 2874 3530 2928 illi
3569 2890 3707 2929 eon-

2124 2971 2362 3014 cesserat
2393 2971 2514 3031 post
2552 2980 2703 3018 suam
2739 2965 3169 3020 humiliationcm
3198 2977 3253 3022 et
3287 2976 3662 3037 paupertatem
3691 2987 3704 3021 :

2123 3067 2309 3108 verum
2342 3055 2570 3125 ipsemet
2604 3073 2698 3112 sua
2741 3061 3036 3114 venerabili
3069 3070 3375 3127 senectute,
3421 3076 3540 3131 quae
3581 3076 3710 3116 cen-

2122 3146 2374 3199 tesimum
2427 3147 2719 3203 excedebat
2775 3165 3010 3216 annum,
3060 3155 3127 3207 ad
3171 3168 3265 3206 sua
3321 3154 3564 3222 perrexit
3616 3171 3709 3209 ar-

2121 3247 2334 3301 menta,
2391 3239 2761 3309 nptimumque
2809 3242 2989 3297 attulit
3031 3245 3291 3310 vitulum,
3342 3255 3397 3299 ct
3451 3251 3708 3301 mactavit

2121 3327 2288 3384 illum.
2319 3329 2384 3385 Et
2417 3332 2632 3400 ipsimet
2665 3333 2812 3388 Sara:
2846 3337 2999 3389 uxori
3032 3352 3143 3390 sua:
3171 3339 3428 3408 praecepit
3477 3349 3542 3393 ut
3574 3355 3712 3395 eoin-

2123 3423 2376 3477 tnisceret
2411 3425 2655 3514 tria’sata
2689 3425 2901 3492 similae,
2931 3431 3415 3487 circumstantibus
3447 3433 3701 3488 omnibus

2120 3530 2308 3570 eorum
2341 3517 2516 3573 servis
2561 3520 2887 3587 cunctisque
2918 3523 3162 3577 ancillis:
3198 3524 3472 3579 Abraham
3505 3538 3710 3592 autem,

2121 3625 2243 3664 cum
2276 3611 2378 3665 illis
2423 3613 2488 3667 ad
2535 3616 2922 3668 comedendum
2968 3616 3274 3682 obtulisset,
3305 3619 3488 3673 stabat
3521 3637 3709 3676 coram

2121 3704 2200 3758 eis
2225 3715 2478 3774 tanquam
2514 3723 2716 3776 pauper
2748 3709 2838 3776 qui
2875 3710 3050 3764 nullos
3081 3710 3303 3766 haberet
3335 3727 3548 3767 servos.
3579 3710 3708 3766 Pro-

2123 3805 2242 3864 pter
2286 3813 2445 3866 qnani
2475 3798 2691 3867 quidem
2728 3811 3103 3869 paupertatem
3135 3817 3293 3871 quam
3333 3814 3578 3872 apertam
3616 3805 3714 3857 ba-

2121 3889 2282 3942 bebat
2322 3906 2505 3944 ceram
2544 3890 2793 3958 Domino,
2839 3909 2960 3949 sese
3004 3897 3078 3950 illi
3113 3896 3348 3964 aperuit,
3383 3909 3438 3952 et
3472 3899 3716 3968 implevit

2119 3983 2168 4033 ei
2210 3996 2425 4035 omnem
2475 3998 2627 4036 suam
2681 3984 3050 4053 voluntatem,
3080 3989 3323 4058 dixitque
3371 3990 3447 4043 illi
3500 3991 3556 4046 in
3630 3994 3717 4047 die

2121 4070 2253 4125 illo:
2301 4071 2415 4125 Hoc
2460 4075 2642 4126 eodem
2692 4084 2920 4142 tempore
2959 4081 3200 4134 vertentis
3241 4082 3368 4135 anni
3412 4084 3514 4136 erit
3560 4082 3719 4136 Sara:

2119 4162 2261 4229 [ilius
2286 4163 2349 4219 ⁸⁵.
2385 4162 2445 4216 ΕΙ
2477 4163 2547 4217 ita
2585 4164 2707 4232 fuit,
2746 4167 3158 4238 habueruntque
3186 4168 3359 4231 Isaac.
3399 4171 3499 4227 Hic
3529 4183 3718 4228 autem

2120 4253 2270 4310 Isaac
2298 4268 2415 4312 erat
2439 4259 2588 4314 dives
2620 4259 2792 4323 valde,
2821 4272 2876 4314 et
2903 4276 3106 4330 pauper
3138 4263 3310 4318 lactus
3334 4275 3419 4319 est
3455 4266 3509 4320 in
3536 4269 3713 4322 corde

2119 4361 2238 4412 suo,
2283 4348 2359 4401 ita
2395 4358 2453 4401 ut
2481 4347 2756 4405 Palzestiui
2807 4350 2956 4404 illum
3011 4362 3261 4422 tanquam
3295 4371 3586 4425 pauperem
3622 4374 3724 4426 tip-

435 4441 579 4508 puri,
607 4449 662 4493 et
687 4440 924 4494 Ecclesia
971 4449 1307 4505 sanctorum,
1359 4450 1414 4495 et
1450 4442 1743 4496 litereditas
1801 4457 2015 4511 perma-
2049 4446 2091 4499 D
2123 4439 2452 4507 p'rimerent,
2503 4455 2600 4496 nec
2653 4453 2937 4511 propterea
2981 4459 3104 4500 cum
3141 4446 3245 4501 illis
3297 4449 3669 4503 contendebat
3705 4467 3722 4503 :

442 4547 596 4597 nens,
623 4541 675 4584 et
711 4531 916 4601 reliqua
960 4532 1094 4584 bona
1134 4549 1252 4602 qua:
1284 4533 1463 4586 acutas
1500 4549 1602 4585 non
1629 4532 1779 4598 cidit,
1807 4543 1852 4587 et
1873 4535 2018 4587 auris

436 4640 538 4676 non
569 4623 794 4688 audivit,
842 4641 932 4678 nec
980 4636 1226 4679 uenerunt
1273 4627 1326 4678 in
1355 4641 1445 4678 cor
1477 4625 1704 4680 hominis
1729 4625 1794 4680 ⁸⁵.
1844 4625 2018 4692 Cupio

434 4727 656 4780 autem,
707 4717 858 4771 ﬁlioli
914 4717 1019 4772 mei
1069 4717 1363 4782 benedicti,
1426 4727 1484 4772 ut
1527 4716 1860 4786 opitulemini
1891 4717 2018 4772 huic

433 4825 569 4863 mete
601 4811 850 4880 petitioni
877 4821 932 4864 et
971 4811 1330 4881 magnitudini
1377 4811 1684 4870 dilectionis
1727 4825 1858 4863 mea:
1889 4824 2013 4878 erga

437 4919 550 4971 vos,
576 4905 628 4958 iu
658 4903 912 4974 operibus
933 4903 1144 4958 Domini
1169 4903 1344 4958 ﬁrmis
1362 4903 1615 4958 cordibus
1637 4903 2010 4974 persistentes.

433 4995 705 5052 Praeterea
737 4996 883 5050 illum
920 5011 1070 5066 rogo,
1102 5004 1161 5049 ut
1208 5011 1303 5051 vos
1353 4997 1455 5050 hoc
1491 5005 1729 5065 tempore
1755 4994 1894 5049 male
1922 5012 2016 5048 cu-

434 5089 656 5153 stodiat,
698 5098 752 5142 et
783 5099 843 5140 ut
873 5088 1168 5142 incolumes
1205 5088 1323 5142 sitis
1372 5102 1600 5156 corpore
1652 5095 1706 5142 et
1740 5087 1921 5140 anima
1953 5101 2017 5140 ac

437 5181 653 5250 spiritu,
673 5190 726 5234 et
752 5179 1048 5250 elargiatur
1072 5178 1224 5234 vobis
1254 5180 1539 5234 scientiam
1570 5178 1622 5232 in
1651 5177 1922 5243 omnibus,
1960 5187 2019 5230 ut

435 5273 744 5340 eripiamini
769 5288 797 5324 a
839 5272 1118 5327 fraudibus
1149 5271 1330 5326 srecnli
1359 5272 1516 5340 hujus
1537 5280 1592 5326 et
1621 5271 1693 5326 sit
1719 5271 1872 5326 vobis
1911 5281 2016 5339 pax

435 5366 764 5433 etgaudium
799 5375 852 5418 et
882 5364 1111 5420 salvatio
1142 5365 1192 5418 in
1229 5363 1460 5419 Domino
1491 5365 1558 5416 ab
1599 5362 1719 5416 istis
1755 5361 2017 5416 fructibus

439 5458 666 5511 mortuis
698 5458 876 5522 malis,
900 5473 1131 5526 quoruut
1162 5457 1401 5510 omnium
1438 5455 1612 5519 radix,
1638 5454 1816 5508 inanis
1848 5453 2016 5523 gloria

437 5558 521 5604 est
551 5559 606 5602 et
644 5550 891 5619 corporis
942 5551 1118 5621 quies.
1157 5549 1224 5603 Et
1258 5563 1359 5619 pax
1417 5546 1631 5602 Domini
1675 5547 1847 5601 nostri
1885 5545 2015 5602 .lesu

2125 4530 2250 4583 hinc
2288 4531 2790 4598 multiplicabuntur
2837 4532 2955 4602 ejus
2991 4535 3194 4590 divitiae
3242 4552 3351 4607 pra:
3381 4537 3504 4591 iilis.
3541 4539 3728 4593 Simi—

2121 4623 2244 4677 liter
2281 4632 2335 4676 et
2366 4621 2535 4677 Jacob
2573 4637 2694 4676 cum
2757 4623 3086 4681 decrevisset
3120 4627 3382 4697 proﬁcisci
3429 4629 3480 4682 in
3523 4627 3726 4684 Meso-

2119 4716 2411 4784 potamiam
2465 4726 2589 4770 ante
2635 4716 2840 4772 obitum
2889 4717 3038 4774 Isaac
3088 4723 3258 4790 patris
3307 4721 3416 4785 sui,
3463 4726 3728 4794 acceptis

2121 4811 2188 4862 ab
2220 4823 2286 4862 eo
2331 4807 2833 4877 benedictionibus,
2883 4811 3086 4868 dimisit
3120 4830 3150 4867 a
3197 4829 3256 4869 se
3304 4815 3724 4870 multitudinem

2122 4901 2334 4955 illarum
2382 4901 2693 4956 divitiarqu
2755 4906 3042 4960 ambulans
3089 4909 3140 4961 iu
3191 4917 3533 4977 paupertate,
3579 4908 3727 4962 nihil

2116 4995 2318 5048 ltaheus
2359 5002 2554 5062 praeter
2598 5010 2754 5050 suum
2807 4990 3056 5052 baculum
3093 5009 3146 5052 et
3197 5000 3455 5054 viaticum
3505 5003 3570 5053 ad
3609 5003 3724 5054 iter

2115 5086 2424 5154 sullieiens;
2473 5089 2798 5145 recumbens
2851 5105 2999 5157 vero,
3039 5091 3205 5162 capiti
3243 5093 3474 5163 lapidem
3510 5108 3724 5163 suppo-

2125 5182 2309 5235 nchat.

2197 5272 2538 5343 Quapropter
2601 5276 2772 5342 magis
2824 5287 2988 5344 atque
3043 5277 3212 5346 magis
3270 5277 3474 5331 ditatus
3524 5286 3607 5331 est
3666 5278 3726 5331 in

2128 5363 2288 5418 domo
2321 5365 2570 5419 avunculi
2615 5367 2695 5419 sui
2731 5366 2937 5421 Labau.
2970 5365 3163 5420 Volens
3199 5375 3378 5420 autent
3415 5367 3616 5420 reverti
3670 5370 3725 5418 iu

2128 5457 2345 5511 domum
2389 5457 2556 5527 patris
2606 5458 2711 5520 sui,
2762 5460 3097 5527 paupertatis
3146 5475 3251 5513 non
3288 5469 3370 5514 est
3407 5459 3611 5513 oblitus
3649 5459 3724 5512 ob

2129 5549 2456 5620 multiplices
2484 5566 2606 5620 qua:
2634 5550 2790 5606 factae
2819 5563 2978 5606 erant
3006 5550 3055 5605 ei
3100 5551 3320 5607 divitias
3348 5573 3360 5606 :
3391 5552 3593 5622 quippe
3620 5553 3722 5622 qui

372 5751 406 5763 υ
505 5729 550 5762 ⁸³
579 5731 875 5812 lsa.t_.vnt,
911 5733 1021 5791 1-5.
1097 5731 1376 5810 ετδιιαιιιι.
1438 5749 1516 5804 vt,
1551 5733 1641 5789 23.
1716 5732 1764 5767 ”
1802 5731 1904 5789 lsa.
1942 5747 2017 5787 ιχ]

2125 5731 2166 5787 Β.
2244 5732 2290 5764 ⁸⁵
2316 5729 2335 5784 l
2363 5731 2485 5787 Cor.
2519 5747 2577 5794 lt,
2607 5730 2659 5787 9.
2721 5730 2767 5763 “
2800 5702 2934 5788 Cen.
2971 5745 3125 5796 ιιι-ιιι,
3158 5728 3245 5786 to.
