3990 6210
329 231 460 291 ἵο33
1331 225 1389 284 S.

1432 225 1713 281 ΛΝΤΟΝΙΙ
1753 227 1822 282 Μ.
1868 224 2162 280 ABBATIS
2202 225 2583 282 EPlSTOszI.

3444 232 3484 284 -1
3497 231 3600 286 οδι

331 341 630 418 paupertati
678 354 894 408 semper
934 337 1033 393 fuit
1081 339 1348 403 addictus,
1380 340 1624 409 quiuimo
1655 357 1773 396 eam
1825 357 1919 396 co-
1945 352 1996 410 Α
2023 342 2093 396 ob
2123 341 2574 411 multiplicitatem
2609 341 2933 396 mirabilium
2968 357 3087 412 qua:
3117 355 3182 397 eo
3217 345 3552 412 perpetrabat
3582 360 3594 393 :

328 454 432 494 ram
467 433 698 490 Domino
729 431 944 501 aperuit
988 430 1176 487 dicens
1207 450 1220 486 :
1259 430 1494 488 Transivi
1525 432 1813 487 Iordanem
1858 437 1912 487 in

327 529 505 585 baculo
532 541 668 590 meo,
695 534 745 579 et
779 540 917 577 nunc
954 523 1125 593 [actus
1148 541 1262 578 sunt
1294 524 1434 580 inter
1457 526 1590 579 duas
1621 537 1822 581 turmas
1846 527 1911 581 3’.

328 622 565 691 Aspicite
609 633 825 688 quoque
876 617 1060 685 illum,
1104 618 1376 688 quomodo
1422 633 1527 673 non
1584 626 1669 674 est
1714 619 1914 674 oblitus

325 714 658 786 paupertatis
709 725 880 780 usque
926 711 995 764 ad
1047 721 1257 780 tempus
1301 711 1386 765 sui
1431 712 1640 778 obitus;
1685 713 1781 783 qui
1831 713 1914 766 in-

325 805 584 859 cmnbens
625 817 786 872 super
819 800 994 856 baculi
1040 801 1124 855 sui
1155 801 1503 856 extremitate
1544 801 1906 856 circumstan-

336 895 477 950 tibus
519 893 666 960 ﬁliis,
713 892 792 947 eis
847 890 1126 945 mandavit
1172 889 1406 946 dicens:
1443 890 1619 946 Nolite
1665 891 1914 947 oblivisci

327 985 560 1057 pristina:
598 980 953 1054 paupertatis,
992 979 1085 1034 ﬁlii
1134 978 1260 1042 mei,
1303 987 1523 1050 propter
1554 980 1654 1034 has
1697 980 1916 1033 divitias

323 1093 444 1148 quia
495 1075 646 1130 vobis
712 1073 865 1128 faclaa
913 1082 1060 1128 sunt.
1124 1072 1249 1126 Erat
1299 1083 1478 1125 autem
1531 1071 1753 1126 baculus
1802 1071 1916 1138 ejus

326 1182 538 1238 semper
572 1165 718 1222 omni
763 1175 1006 1235 tempore
1051 1163 1102 1217 in
1156 1178 1314 1217 manu
1349 1163 1515 1228 illius,
1563 1178 1631 1218 ne
1670 1163 1918 1232 magnifi-

331 1270 546 1317 caretur
583 1273 678 1314 cor
725 1257 841 1327 ejus
897 1256 1243 1312 multitudine
1294 1271 1517 1311 suarum
1578 1254 1914 1324 divitiarum,

331 1353 451 1407 illas
482 1350 822 1421 aspicienda;
857 1358 913 1405 et
951 1359 1010 1404 ut
1060 1349 1437 1405 recordaretur
1467 1365 1578 1404 sua:
1617 1349 1915 1413 servitutis,

332 1459 490 1514 quam
517 1443 764 1498 exercuit
792 1442 848 1498 in
888 1442 1047 1498 domo
1073 1443 1321 1498 avunculi
1351 1443 1432 1497 sui
1469 1441 1688 1507 Laban;
1720 1441 1918 1512 quippe

325 1537 378 1591 in
423 1552 584 1591 manu
614 1536 731 1607 ejus
767 1543 886 1590 erat
914 1535 1039 1589 dum
1083 1536 1343 1604 pascebat
1387 1549 1580 1605 greges
1622 1534 1791 1588 illius.
1832 1534 1919 1589 Si-

331 1629 534 1684 tniliter
581 1639 638 1682 et
674 1627 870 1696 loscph
919 1643 1041 1682 cum
1082 1637 1328 1699 regnaret
1381 1643 1547 1697 super
1588 1626 1914 1699 IEgyptum,

1990 432 2314 498 alteraest
2360 435 2426 487 ad
2467 433 2698 502 propria:
2742 435 3076 503 paupertatis
3126 438 3482 500 memoriam.
3539 458 3603 492 m-

2017 524 2340 593 gloriaretur
2375 525 2426 579 in
2465 526 2630 580 corde
2663 541 2782 589 suo,
2828 528 2922 581 sed
2973 527 3180 582 diceret
3211 546 3224 581 :
3259 529 3382 585 llaec
3433 533 3606 584 virtus

2019 623 2232 673 nonest
2271 631 2408 681 mea,
2441 617 2533 671 sed
2565 616 2798 671 Domini.

2087 705 2281 760 Fertur
2306 708 2470 760 etiam
2516 706 2742 762 Debora:
2768 723 2861 762 cor
2903 708 3198 763 exaltatum
3247 725 3349 764 non
3402 709 3595 775 fuisse,

2006 813 2141 852 cum
2176 797 2507 854 obtinuisset
2536 813 2565 852 a
2603 798 2712 854 Deo
2739 815 2985 870 magnam
3022 801 3164 855 illam
3192 800 3600 863 exaltationem.

2017 890 2158 961 quod
2191 899 2275 946 est
2308 905 2496 961 regere
2525 891 2835 945 universum
2867 892 3154 962 populum;
3183 908 3367 948 verum
3396 908 3606 947 memor

2018 994 2136 1039 erat
2173 983 2454 1038 muliebris
2496 983 2723 1048 ordinis,
2760 983 3046 1052 virumque
3078 992 3240 1054 caput
3278 1000 3435 1039 suum
3483 1000 3603 1037 esse

2020 1076 2316 1132 fatebatur.
2353 1075 2533 1142 Quare
2573 1092 2695 1131 cum
2731 1076 3033 1131 decreverit
3086 1092 3209 1130 cum
3252 1077 3433 1131 Sisara
3479 1092 3603 1146 rege

2021 1171 2323 1235 decertare,
2359 1169 2528 1224 Barac
2566 1169 2878 1234 accersivit,
2913 1169 3167 1238 deditque
3198 1169 3246 1222 ei
3281 1177 3599 1238 potestatem

2021 1269 2078 1314 ut
2108 1261 2574 1330 proﬁcisceretur,
2609 1269 2660 1315 et
2691 1261 2997 1316 decertaret
3041 1262 3302 1316 adversus
3334 1261 3600 1317 Sisaram.

2022 1353 2126 1407 Sed
2169 1369 2344 1423 neque
2386 1365 2636 1408 sanctum
2686 1354 2855 1408 Barac
2891 1353 3108 1408 seduxit
3144 1356 3315 1409 honor
3347 1355 3447 1409 iste
3490 1371 3605 1409 tu..-

2024 1446 2224 1510 ximus,
2263 1461 2438 1515 neque
2484 1446 2574 1500 Dei
2622 1446 3087 1514 dispensationum
3119 1457 3204 1501 est
3235 1447 3466 1511 oblitus,
3509 1450 3604 1502 sed

2022 1535 2302 1605 respondit
2343 1537 2430 1590 ei:
2463 1534 2520 1591 Si
2570 1537 2738 1590 venies
2789 1553 3010 1602 merum,
3059 1523 3332 1593 vadum“.
3383 1537 3604 1593 Sciebat

2021 1628 2165 1681 enim
2205 1628 2374 1682 Deum
2405 1643 2528 1681 cum
2558 1642 2619 1681 ea
2649 1643 2790 1694 esse,
2832 1637 2886 1682 et
2917 1628 3154 1696 regimen
3186 1630 3473 1685 tradidisse
3505 1631 3602 1692 illi.

336 1735 438 1774 non
483 1728 568 1774 est
599 1719 799 1773 oblitus
843 1719 922 1773 sui
956 1719 1145 1789 ipsius,
1181 1735 1280 1774 nec
1309 1734 1432 1773 eum
1469 1719 1660 1789 puduit
1695 1718 1746 1772 id
1792 1733 1914 1788 ape-
1949 1703 1990 1758 Β
2022 1720 2094 1773 ita
2143 1727 2202 1772 ut
2235 1734 2366 1774 sane
2410 1717 2623 1773 Debora
2673 1720 2746 1773 illi
2789 1721 2993 1775 diceret
3031 1739 3046 1776 :
3091 1720 3152 1776 Si
3199 1737 3406 1790 egressu
3455 1721 3603 1789 [uero

343 1811 449 1866 rire
496 1809 808 1876 Pharaoni,
863 1812 1089 1866 dicendo
1139 1811 1400 1867 fratribus
1444 1829 1456 1867 :
1511 1809 1570 1866 Si
1619 1812 1914 1866 sciscitatus

334 1906 495 1974 fuerit
535 1922 620 1958 eos
661 1903 888 1967 Pharao,
917 1903 1075 1958 dicite
1103 1907 1150 1958 ei
1175 1921 1193 1958 :
1220 1904 1371 1960 Servi
1401 1905 1500 1968 tui,
1533 1914 1768 1975 pastores
1795 1915 1914 1959 sunt

329 1995 684 2063 iumentorum
708 1995 773 2050 ⁸³.
806 1994 954 2062 Quod
993 2009 1124 2050 sane
1173 1994 1444 2064 praestitit,
1479 2009 1546 2048 ue
1589 1993 1918 2064 gloriaretur

327 2103 492 2159 penes
522 2086 884 2143 Pharaonem.
917 2086 1159 2157 Aspicite
1189 2087 1463 2156 quomodo
1500 2101 1722 2156 regnum
1755 2093 1919 2154 atque

334 2179 534 2232 divitia:
565 2193 687 2232 eum
717 2177 964 2233 oblivisci
998 2193 1109 2232 suae
1142 2177 1463 2231 humilitatis
1492 2187 1547 2230 et
1583 2175 1918 2246 paupertatis

332 2271 742 2339 haudquaquam
776 2270 1033 2325 inducere
1078 2276 1387 2340 potuerunt.
1425 2268 1549 2324 Pali
1585 2283 1801 2338 quoque
1839 2283 1920 2320 ra-

337 2362 481 2413 tione
543 2358 749 2428 Moyses
803 2359 1188 2428 prophetarum
1262 2356 1530 2410 maximus
1584 2370 1704 2408 cum
1776 2352 1920 2407 ﬁlius

337 2452 507 2507 factus
540 2461 683 2506 esset
743 2449 866 2505 ﬁlia:
916 2448 1248 2514 Pharaonis,
1302 2459 1357 2503 et
1401 2447 1653 2502 onmibus
1696 2444 1917 2516 Egypti

334 2545 532 2614 potitus
563 2551 708 2598 esset
757 2543 1060 2607 thesauris,
1119 2542 1415 2597 recordans
1462 2550 1637 2594 tamen
1691 2536 1918 2592 fratrum

337 2653 556 2694 suorum
588 2645 996 2706 procreaturum
1029 2651 1093 2690 ex
1127 2635 1427 2699 Abraham,
1462 2648 1620 2703 quem
1651 2629 1915 2687 exultavit

335 2732 474 2786 Deus
508 2731 576 2785 ob
615 2730 732 2798 ejus
779 2727 1208 2782 humiliatiouem
1257 2735 1310 2780 et
1351 2733 1755 2794 paupertatem,
1793 2723 1921 2778 vita:

338 2839 524 2879 eorum
566 2836 788 2891 operam
847 2819 1089 2884 uavavit,
1147 2819 1410 2873 recedens
1451 2819 1517 2871 ab
1563 2816 1820 2887 Egypto,
1867 2824 1922 2869 et

332 2916 509 2972 factus
538 2925 620 2970 est
649 2915 854 2969 advena
893 2913 945 2966 in
989 2923 1131 2967 terra
1180 2909 1391 2964 Madian
1429 2907 1784 2978 quadraginta
1822 2922 1920 2960 an-

338 3010 452 3073 nis;
483 3019 707 3078 eratque
743 3006 896 3078 panis
930 3004 1048 3074 ejus
1082 3014 1136 3058 et
1173 3017 1314 3072 aqua
1343 3005 1459 3069 ejus
1487 3016 1648 3070 super
1695 2999 1924 3053 humero

335 3102 452 3171 ejus
491 3116 716 3171 pascens
759 3113 909 3155 oves.
963 3095 1160 3154 Videus
1191 3103 1370 3154 autem
1427 3094 1568 3146 Deus
1617 3089 1921 3145 multitudi-

339 3211 459 3250 nem
491 3195 630 3248 illius
660 3191 1071 3253 humiliationis,
1100 3187 1367 3242 allocutus
1399 3192 1484 3239 est
1530 3198 1654 3237 eum
1685 3183 1871 3237 dicens
1900 3199 1913 3234 :

340 3288 610 3342 Rerertere
644 3287 697 3340 in
728 3284 1038 3354 Egyptian,
1084 3292 1132 3336 et
1165 3293 1275 3336 esto
1305 3281 1544 3350 princeps
1576 3293 1734 3345 super
1759 3291 1925 3346 popu-

335 3380 445 3434 lum
480 3379 569 3432 Dei
593 3381 658 3431 ³⁸.
706 3376 848 3431 Dixit
888 3375 1412 3447 Moyses‘Domino:
1454 3370 1583 3425 Vide
1624 3370 1716 3422 tibi
1757 3367 1922 3420 alium

336 3483 528 3538 praeter
560 3485 638 3522 me
676 3469 798 3522 huic
840 3469 914 3522 rei
951 3467 1113 3536 magis
1154 3467 1439 3529 idoneum,
1481 3463 1670 3533 quippe
1707 3461 1924 3513 idoneus

340 3579 445 3615 nou
475 3562 678 3615 sunt”.
724 3560 790 3614 Et
837 3558 1075 3614 irritavit
1122 3557 1407 3611 Dominum
1453 3553 1620 3607 verbo
1671 3551 1927 3619 hujusce-

339 3654 503 3708 modi.
539 3653 692 3720 Quod
725 3653 952 3706 verbum
983 3649 1198 3719 quidem
1243 3647 1310 3700 ad
1333 3646 1416 3700 sui
1469 3645 1636 3713 ipsius
1680 3653 1926 3696 contem—

337 3758 488 3817 ptum
527 3747 644 3809 fuit,
679 3744 902 3799 minime
929 3757 1050 3798 sese
1084 3739 1328 3794 exaltare
1353 3736 1563 3798 volens,
1598 3735 1822 3789 nimiam
1857 3733 1926 3787 ob

335 3838 418 3891 sui
458 3836 886 3891 humiliationem
919 3849 1045 3904 erga
1097 3832 1186 3886 Dei
1239 3827 1621 3896 tnajestatem:
1654 3827 1744 3894 qui
1783 3824 1930 3879 dedit

337 3932 412 3985 illi
460 3931 673 3997 signum
707 3930 760 3984 in
800 3929 1018 4000 preprio
1054 3925 1267 3992 baculo,
1303 3940 1370 3978 ne
1420 3922 1754 3993 paupertatis
1791 3920 1929 3975 obli-

336 4025 658 4090 visceretur,
705 4023 796 4078 sed
847 4022 1050 4093 gratias
1093 4026 1276 4089 ageret
1322 4014 1707 4089 beneficiorum
1759 4013 1928 4083 largi-

353 4117 489 4178 tori;
522 4125 576 4170 et
606 4115 861 4185 praecepit
899 4115 946 4166 ei
981 4123 1040 4168 ut
1079 4111 1272 4167 baculo
1301 4123 1462 4179 quem
1497 4122 1654 4161 manu
1691 4106 1925 4169 tenebat,

342 4209 495 4279 signa
517 4215 570 4260 et
594 4206 856 4260 mirabilia
879 4213 1234 4275 perpetraret.
1256 4202 1320 4256 Et
1340 4199 1519 4256 omnia
1543 4199 1760 4268 quidem
1779 4198 1928 4266 signa

341 4311 396 4355 et
441 4299 713 4354 mirabilia
768 4297 969 4351 ﬁebant
1020 4297 1072 4350 iu
1122 4295 1349 4350 Domino
1391 4291 1664 4346 mediante
1712 4289 1925 4350 baculo,

2018 1821 2211 1875 tecum,
2249 1821 2372 1864 tuus
2408 1827 2512 1864 non
2548 1812 2645 1865 erit
2680 1811 2883 1875 honor;
2920 1814 3009 1866 sed
3053 1812 3274 1876 dicetur,
3308 1816 3446 1882 quod
3494 1825 3605 1865 trn-

2017 1903 2161 1956 ditus
2192 1903 2259 1956 sit
2291 1905 2346 1956 in
2381 1919 2566 1956 manus
2611 1903 2846 1958 mulieris
2873 1905 2935 1957 θ’.
2981 1903 3356 1966 Considerate,
3393 1920 3600 1972 quaeso,

2020 1994 2171 2048 ﬁlioli
2220 1995 2355 2060 mei,
2398 2005 2639 2048 mutuam
2695 1995 2884 2048 horum
2956 1995 3334 2050 reverentiam.
3386 1995 3608 2049 Deborae

2019 2099 2258 2155 namque
2294 2101 2390 2156 par
2415 2092 2531 2140 erat
2562 2087 2782 2141 dicere:
2819 2086 3078 2143 Dominus
3107 2087 3253 2142 dedit
3293 2089 3422 2142 mihi
3466 2090 3608 2143 hunc

2021 2177 2301 2240 honorem,
2335 2191 2494 2246 quem
2564 2176 2720 2232 alteri
2763 2193 2867 2232 non
2915 2177 3089 2244 dabo;
3115 2194 3300 2236 verum
3333 2180 3609 2234 enimvero

2023 2282 2230 2322 memor
2263 2267 2364 2321 fuit
2398 2267 2679 2342 "mliebris
2725 2268 2936 2322 ordinis
2981 2269 3050 2324 ob
3082 2269 3262 2323 cordis
3293 2272 3372 2323 sui
3424 2273 3602 2324 Immi-

2021 2357 2250 2414 litatem.
2287 2357 2392 2412 Par
2422 2374 2638 2428 quoque
2683 2369 2802 2414 erat
2844 2359 3036 2422 Barac,
3085 2369 3142 2412 ut
3178 2371 3397 2430 accepta
3451 2372 3605 2432 pote~

2021 2459 2160 2505 state
2191 2466 2220 2503 a
2261 2449 2470 2505 Debora
2505 2460 2753 2521 pergeret
2809 2451 2956 2506 solus
2999 2453 3066 2506 ad
3121 2452 3338 2518 bellum,
3383 2466 3440 2507 ut
3489 2458 3608 2525 ειυ.

2026 2543 2277 2608 riaretur,
2330 2554 2386 2597 et
2443 2544 2707 2597 diceret:
2754 2544 2867 2614 Ego
2923 2544 3020 2599 vici
3084 2543 3349 2602 Sisaram.
3409 2547 3606 2604 Verum

2027 2635 2200 2706 magis
2242 2634 2521 2703 magisque
2567 2635 2929 2690 humilitatem
2975 2635 3076 2690 sibi
3122 2637 3334 2704 ascivit,
3370 2649 3426 2693 ut
3469 2656 3607 2708 prae-

2022 2737 2107 2782 sto
2146 2729 2195 2782 ei
2246 2737 2392 2784 esset
2442 2728 2684 2782 divinum
2737 2729 3022 2784 auxilium.
3077 2728 3342 2786 Similiter
3394 2748 3608 2802 quoque

2023 2818 2324 2885 Gedeouis,
2375 2835 2496 2874 cum
2545 2820 2742 2875 dixerit
2791 2820 2840 2876 ei
2885 2822 3110 2891 angelus
3162 2823 3373 2878 Domini
3413 2845 3427 2880 :
3473 2826 3610 2880 Ecce

2027 2911 2182 2965 mitto
2216 2922 2267 2965 te
2306 2912 2372 2965 ad
2424 2911 2799 2966 debellandum
2844 2928 3026 2983 regem
3068 2911 3312 2980 Madian,
3367 2931 3471 2971 non
3527 2933 3612 2972 est

2026 3003 2324 3057 exaltatum
2365 3018 2479 3066 cor,
2512 3003 2606 3058 sed
2649 3019 2857 3058 memor
2902 3002 3006 3058 fuit
3053 3006 3286 3074 propriae
3332 3007 3613 3062 huuiilita-

2026 3094 2128 3158 tis,
2166 3104 2220 3147 et
2267 3094 2615 3162 semetipsum
2671 3095 2910 3164 pluribus
2958 3097 3132 3151 modis
3187 3097 3411 3153 vilitatis
3453 3115 3613 3154 accu-

2023 3185 2191 3249 savit,
2245 3193 2304 3236 ut
2350 3199 2378 3236 a
2429 3183 2679 3252 superbia
2725 3184 3114 3241 vindicaretur.
3170 3184 3413 3241 Primum
3466 3191 3612 3244 enim

2023 3275 2199 3330 dixit:
2234 3276 2475 3338 Domine.
2524 3287 2634 3330 esto
2677 3293 2878 3330 mecum
2925 3287 3014 3331 tun
3059 3279 3325 3347 potentia,
3377 3291 3433 3334 ut
3484 3283 3614 3335 libe-

2026 3381 2170 3424 retur
2219 3367 2432 3433 Israel;
2484 3369 2675 3423 etenim
2718 3385 2812 3439 ego
2851 3377 2900 3423 et
2947 3369 3232 3424 multitudo
3277 3371 3388 3424 lucc
3428 3389 3612 3426 simius

2026 3462 2279 3532 oppressi,
2313 3473 2359 3515 et
2414 3477 2505 3530 ego
2553 3461 2800 3515 minimus
2834 3478 2951 3515 sunt
2985 3462 3217 3516 omnium
3267 3464 3359 3533 qui
3403 3467 3615 3520 suntin

2027 3555 2182 3626 domo
2225 3555 2389 3622 putris
2434 3553 2566 3616 mei,
2614 3554 2702 3622 qui
2742 3564 2814 3607 est
2857 3568 2921 3606 ea:
2965 3553 3106 3606 tribu
3147 3552 3393 3608 Mannsse
3415 3557 3481 3608 ’³.
3515 3556 3612 3611 Cui

2028 3643 2250 3714 angelus
2287 3645 2364 3696 ait
2395 3660 2410 3695 :
2454 3642 2638 3710 Perge,
2680 3659 2773 3711 ego
2819 3660 2906 3696 ero
2939 3644 3191 3696 tecum”.
3227 3645 3480 3699 Attamen
3518 3649 3617 3700 hn-

2031 3734 2261 3788 miliatio
2291 3732 2470 3788 cordis
2499 3732 2615 3798 ejus
2651 3748 2756 3787 non
2787 3733 2990 3786 dimisit
3023 3749 3144 3787 eum
3173 3749 3300 3788 cura
3331 3751 3558 3791 vacuum
3599 3757 3612 3793 :

2039 3827 2164 3880 hinc
2200 3826 2354 3893 signa
2383 3823 2452 3878 ab
2480 3822 2672 3889 angelo
2707 3823 3019 3877 seiscitatus
3051 3833 3153 3889 est,
3182 3838 3246 3879 eo
3275 3826 3418 3895 quod
3452 3843 3616 3896 penes

2030 3917 2380 3986 semetipsum
2432 3923 2582 3968 tanto
2616 3915 2821 3968 h0u0re
2881 3913 3106 3969 minime
3137 3930 3196 3969 se
3233 3915 3453 3984 dignum
3500 3933 3620 3975 esse

2031 4009 2394 4066 existimabat.
2441 4007 2621 4072 Quare
2677 4005 2962 4074 praevaluit
3018 4016 3208 4062 contra
3261 4008 3470 4064 Madian
3517 4025 3620 4080 ope

2031 4112 2192 4172 atque
2219 4099 2415 4153 virtute
2452 4096 2684 4162 Domini,
2718 4111 3038 4167 semperque
3075 4100 3316 4167 pristina.-
3346 4118 3456 4157 sua:
3487 4118 3617 4170 pau-

2034 4192 2257 4264 pertatis
2309 4205 2517 4246 memor
2548 4198 2700 4254 erat,
2740 4189 3049 4259 superbiam
3103 4190 3333 4262 fugiens.
3385 4193 3620 4264 Roganti

2033 4295 2210 4340 autem
2255 4283 2484 4353 populo,
2531 4291 2590 4335 ut
2641 4291 2786 4337 esset
2839 4282 3090 4352 princeps
3143 4298 3308 4352 super
3353 4299 3481 4349 eos,
3531 4303 3621 4340 re-

360 4397 417 4439 ut
467 4388 700 4457 propriae
743 4386 1078 4456 paupertatis
1130 4384 1506 4440 recordaretur
1545 4397 1642 4449 per
1685 4380 1928 4435 baculum
1967 4407 2008 4461 ο
2034 4377 2253 4448 spondit
2289 4375 2596 4431 humilitate
2642 4375 2865 4430 cordis:
2902 4375 3026 4430 Non
3057 4393 3146 4431 ero
3191 4380 3430 4447 princeps
3467 4396 3625 4449 super

343 4493 506 4547 quem
541 4493 757 4547 semper
802 4495 960 4532 manu
1015 4478 1230 4532 tenebat
1266 4495 1279 4530 :
1313 4490 1484 4544 eoque
1519 4472 1705 4526 divisit
1754 4487 1924 4536 mare,

343 4585 412 4623 ac
450 4570 642 4623 eodem
673 4578 928 4638 operatus
968 4578 1052 4624 est
1090 4568 1354 4623 mirabilia
1407 4568 1458 4620 in
1497 4566 1752 4637 .IEgypto.
1785 4563 1930 4617 Mare

341 4659 560 4729 quidem
587 4676 685 4730 par
712 4668 847 4725 erat,
876 4669 932 4713 ut
966 4670 1073 4713 tum
1111 4660 1343 4713 divisum
1373 4657 1564 4711 fuisset
1585 4665 1640 4711 et
1674 4655 1928 4725 fugisset,

343 4764 468 4800 cum
517 4747 743 4801 vidisset
785 4761 966 4801 coram
1019 4745 1214 4816 populo
1268 4745 1576 4814 praecedere
1627 4742 1931 4797 columnam

343 4841 487 4910 ignis
516 4859 529 4893 :
565 4848 741 4893 tamen
767 4839 845 4893 sic
876 4855 978 4891 non
1011 4838 1132 4902 fuit,
1165 4852 1352 4892 verum
1383 4835 1549 4908 Moysi
1577 4835 1741 4905 jussit
1764 4833 1929 4896 Deus,

344 4944 404 4986 nt
445 4932 710 4986 divideret
768 4947 918 4985 mare
960 4930 1150 4985 baculo
1188 4945 1285 4984 suo
1312 4944 1472 4998 quem
1508 4945 1667 4982 manu
1702 4927 1939 4990 tenebat,

339 5038 403 5080 ut
443 5025 488 5079 si
520 5025 964 5096 magniﬁcaretur
1007 5041 1103 5079 cor
1138 5023 1357 5095 Moysis,
1389 5040 1453 5078 eo
1498 5025 1640 5092 quod
1694 5038 1839 5075 mare
1878 5021 1942 5072 Ii-

341 5117 579 5170 muisset
608 5115 777 5179 illum,
805 5115 1076 5184 aspiceret
1116 5113 1366 5167 baculum
1399 5126 1558 5180 quem
1591 5127 1749 5163 mantt
1797 5120 1943 5162 tene-

348 5209 476 5272 bat,
526 5208 1016 5275 rccordareturque
1067 5206 1214 5259 illum
1249 5205 1496 5259 eumdem
1543 5218 1662 5257 esse
1710 5217 1817 5270 quo
1849 5218 1944 5270 pa-

349 5301 541 5355 scebat
568 5315 698 5354 oves
742 5300 792 5353 in
828 5300 1067 5364 deserto,
1096 5315 1216 5352 eum
1247 5306 1366 5351 erat
1400 5297 1604 5350 advena
1633 5304 1688 5348 et
1723 5311 1942 5362 pauper,

349 5404 412 5446 et
461 5393 858 5447 humiliaretur.
911 5373 1029 5457 Qui.
1067 5391 1282 5458 quidem
1335 5387 1559 5442 baculus
1604 5395 1722 5441 erat
1767 5383 1934 5450 Moysi

352 5485 556 5556 duplici
593 5487 659 5541 de
680 5501 838 5541 causa
875 5500 890 5540 :
925 5486 1095 5539 altera
1118 5485 1284 5540 estad
1315 5484 1457 5538 illius
1483 5481 1942 5553 magniﬁcentiam

430 5623 474 5652 ⁸⁷
510 5623 646 5678 Gen.
681 5639 848 5681 xxvii.
885 5624 969 5677 l0.
1081 5625 1128 5656 ⁸³
1158 5624 1291 5680 Gen.
1339 5639 1484 5684 xui.
1533 5623 1620 5685 δί».
1674 5621 1742 5676 54

356 5694 404 5738 I'
434 5695 564 5750 ibid.
598 5695 651 5750 9.
727 5696 772 5726 ”
800 5692 973 5750 ludio.
997 5711 1068 5760 Vl,
1103 5697 1293 5750 15-15.
1371 5697 1414 5729 ⁵³
1442 5693 1572 5752 ibid.
1609 5694 1690 5750 16.

683 5790 958 5851 Puncta
1009 5789 1126 5851 Gtt.
1176 5788 1306 5852 XL.

1751 5659 1765 5676 .
1880 5621 1924 5653 ⁸⁸
1955 5621 2125 5676 Exod.
2157 5637 2240 5679 Ill.
2277 5621 2361 5676 lO.

1771 5693 1815 5725 θ’
1843 5690 2018 5749 ludic.
2053 5707 2174 5757 vni,
2203 5693 2294 5749 23.

2036 4486 2146 4534 vos,
2171 4483 2332 4539 neque
2372 4467 2514 4536 ﬁlius
2556 4483 2697 4520 meus
2735 4467 2923 4531 etiam;
2955 4467 3044 4522 sed
3087 4467 3346 4524 Dominus
3378 4480 3455 4524 est
3481 4471 3626 4539 prin-

2039 4579 2155 4630 ceps
2204 4577 2360 4630 super
2399 4559 2576 4614 ros".
2630 4559 2694 4614 Et
2735 4560 2932 4629 eripuit
2978 4576 3036 4616 se
3068 4576 3098 4614 a
3140 4562 3478 4632 principatu,
3529 4577 3628 4617 nec

2040 4655 2299 4708 seducere
2332 4651 2480 4705 illmn
2517 4651 2689 4721 potuit
2734 4651 2907 4705 honor
2939 4652 2991 4704 in
3032 4667 3327 4720 quoquam.
3361 4653 3614 4708 Similiter

2041 4761 2256 4815 quoque
2306 4745 2457 4797 Anna
2511 4753 2683 4796 mater
2732 4741 3000 4798 Samuelis
3050 4745 3329 4812 propheta:
3384 4743 3626 4799 faciebat

2049 4838 2125 4891 illi
2159 4836 2544 4890 vestimentum
2572 4833 2801 4903 singulis
2830 4834 2989 4888 annis
3016 4836 3312 4889 secundum
3351 4837 3628 4905 propriam

2049 4926 2420 4983 conditionem
2454 4926 2660 4994 (uotum
2695 4924 2838 4978 enim
2875 4933 2958 4979 est
2994 4925 3248 4995 templum
3284 4925 3491 4980 Demiui
3525 4943 3628 4981 non

2051 5031 2231 5086 cgere.
2283 5023 2341 5068 ut
2393 5023 2565 5069 mater
2613 5016 2888 5084 prephette
2923 5032 2985 5070 ex
3043 5017 3263 5085 proprio
3313 5017 3532 5073 afferret
3583 5023 3662 5081 ei,

2049 5103 2488 5174 vestimentum);
2522 5120 2709 5160 verum
2743 5107 2844 5160 hoc
2879 5109 3132 5177 proastitit
3182 5120 3355 5163 mater
3400 5111 3540 5177 ejus,
3571 5127 3630 5166 eu
3658 5093 3662 5134 ἕ

2051 5200 2192 5270 quod
2230 5200 2486 5269 templum
2535 5199 2603 5258 ab
2641 5200 2864 5255 ineunte
2911 5213 3069 5256 mtate
3120 5202 3397 5273 ingressus
3448 5207 3633 5269 fuerit.

2053 5311 2118 5347 ne
2145 5294 2389 5350 diceret:
2423 5293 2535 5364 Ego
2565 5311 2682 5350 sum
2716 5296 2960 5365 angelus,
2996 5309 3085 5352 aut
3120 5299 3313 5362 virtus,
3348 5299 3493 5368 quod
3529 5301 3634 5354 vidi

2052 5387 2410 5442 revelationes
2445 5387 2497 5441 iu
2532 5386 2752 5456 templo.
2803 5386 3107 5443 Prwstabat
3153 5401 3332 5444 autem
3367 5391 3470 5446 hoc
3515 5393 3632 5446 sin-

2053 5481 2192 5548 gulis
2229 5483 2410 5546 anuis,
2452 5491 2509 5536 ut
2548 5481 2592 5536 is
2643 5494 2892 5539 nosceret
2926 5484 3232 5555 certiorque
3289 5487 3445 5544 ﬁeret
3481 5487 3637 5556 cujus

2473 5623 2520 5663 0°
2556 5621 2723 5682 Exod.
2781 5638 2852 5692 tv,
2914 5624 2998 5680 l0.
3132 5625 3377 5685 "Judic.
3448 5645 3519 5692 tv,
3581 5627 3636 5681 8.

3318 5781 3397 5843 33
