3990 6210
337 277 469 333 i057

1344 273 1402 329 Β.
1441 273 1718 332 ΑΝΤΟΝΙΙ
1759 275 1828 331 Μ.
1871 274 2164 331 ᾹΒΒᾹΤΙΞ
2203 275 2582 335 ΕΡΙΞΤΟΙΑΕ.

3453 284 3589 340 10ζῖ

329 391 459 446 lium
497 387 722 454 asserit,
755 387 902 457 quod
949 383 1210 442 Dominus
1247 396 1431 444 noster
1459 388 1616 446 Jesus
1657 389 1908 446 Christus
1936 399 1982 456 Α
2014 401 2326 460 peccatum,
2401 392 2488 446 cui
2572 391 2930 462 nosmetipsos
2988 391 3314 462 subiecimus
3374 409 3587 465 Sponte.

335 481 528 545 sciens,
560 479 706 547 quod
742 476 903 532 Pater
932 477 1248 534 tradidisset
1294 479 1347 533 in
1399 494 1592 536 manus
1631 495 1758 536 suas
1787 496 1907 536 om-

339 571 438 635 sia,
478 571 718 626 surrexit
754 570 821 624 de
851 584 1027 637 coena,
1057 581 1108 626 et
1137 573 1476 627 vestimentis
1503 574 1780 644 depositis,
1810 574 1912 628 lin-

339 678 419 720 teo
453 663 723 723 accincta,
753 671 806 716 et
847 662 1024 718 infusa
1055 664 1108 717 in
1145 664 1340 736 pelvim
1385 679 1546 734 aqua,
1579 668 1804 737 coeperit
1837 667 1914 722 la-

328 765 461 808 vare
493 755 660 822 pedes
688 753 1073 822 discipulorum
1099 770 1344 821 suorum,
1373 767 1426 810 et
1457 767 1667 828 tergere
1695 774 1787 814 eos
1812 759 1913 814 lin-

331 855 420 900 teo
453 861 561 915 quo
587 856 707 900 erat
731 845 1009 901 accinctus
1034 847 1054 878 τ
1110 863 1176 903 eo
1209 851 1356 918 quod
1385 850 1632 921 discipuli
1671 852 1909 908 humiles

331 936 461 992 {seti
486 945 662 992 erant.

401 1029 525 1084 Pari
555 1029 772 1100 quidem
810 1030 1043 1096 ratione,
1069 1031 1403 1088 dilectissimi
1436 1034 1487 1088 in
1510 1034 1756 1101 Domino,
1786 1052 1910 1092 cum

323 1121 436 1191 iam
465 1122 708 1176 videritis
736 1122 961 1193 gloriam
995 1122 1228 1186 Domini,
1258 1133 1312 1178 et
1339 1129 1703 1195 cognoveritis
1735 1129 1911 1184 inere-

333 1213 557 1266 ditat-em
607 1212 721 1281 ejus
771 1227 932 1282 quam
988 1215 1120 1268 estis
1174 1218 1539 1284 consecuturi,
1579 1221 1830 1275 dimittite
1880 1238 1908 1277 a

329 1302 486 1357 vobis
521 1302 745 1371 gloriam
782 1304 1084 1372 hominum,
1116 1317 1169 1361 et
1193 1308 1467 1376 persisute
1495 1309 1546 1364 itt
1581 1312 1681 1366 hac
1715 1329 1910 1383 magna

330 1394 658 1458 humilitate,
695 1409 798 1450 nec
851 1397 1118 1452 secedatis
1153 1399 1218 1452 de
1249 1398 1368 1454 loco
1401 1402 1453 1454 in
1487 1400 1663 1456 locum
1694 1417 1914 1474 propter

328 1486 553 1555 gloriam
587 1487 866 1542 hominum
893 1506 907 1554 ;
943 1488 1338 1546 obliviscemini
1359 1492 1502 1546 enim
1522 1504 1715 1549 vestra:
1731 1497 1915 1566 pristi-

327 1594 410 1634 nae
443 1581 800 1650 paupertatis.
831 1579 966 1635 Nam
1008 1583 1166 1639 video
1212 1585 1498 1654 quosdam,
1533 1602 1762 1656 quorum
1798 1590 1913 1645 Itmc

327 1678 413 1726 est
466 1670 669 1742 imago,
729 1672 1006 1727 hominum
1063 1674 1276 1729 scilicet
1329 1676 1552 1746 gloriam
1611 1690 1908 1750 appetere:

2091 481 2416 548 Satagamus
2443 481 2606 554 igitur
2637 491 2834 537 terram
2866 482 3241 552 promissionis
3261 484 3490 554 ingredi,
3523 487 3587 540 ad

2014 589 2173 644 quam
2216 574 2441 644 ingressi
2484 574 2761 630 servitutis
2793 584 2990 628 nostrae
3023 590 3128 629 non
3172 574 3589 644 obliviscamur;

2013 678 2199 719 verum
2252 679 2465 734 semper
2514 664 2653 718 illius
2693 664 3129 730 reminiscamur,
3165 680 3234 720 ne
3283 667 3505 720 edentes
3537 678 3592 722 et

2015 754 2259 809 bibentes
2311 755 2507 823 ingrati
2549 754 2865 808 efﬁciamur.
2918 753 3027 810 Nec
3071 755 3278 834 ltloyses
3329 753 3592 814 duntaxat

2015 844 2127 899 haec
2156 861 2253 900 nos
2287 847 2476 911 docet;
2516 848 2608 901 sed
2638 855 2688 901 et
2726 846 2918 916 reliqui
2953 848 3228 917 prophetat
3257 849 3458 918 pariter
3489 865 3588 904 nos

2016 937 2212 991 docent
2242 945 2299 991 ut
2330 953 2433 991 non
2469 937 2853 991 obliviscamur
2884 947 3191 992 nostrorum
3221 949 3588 1008 peccatorum.

2015 1043 2133 1097 quin
2161 1030 2271 1099 jam
2310 1031 2465 1084 nobis
2499 1031 2826 1086 condonavit
2872 1030 3041 1094 Deus,
3082 1046 3422 1102 quorumque.
3451 1033 3591 1088 obli-

2016 1129 2102 1174 tus
2133 1129 2216 1176 est
2247 1120 2416 1186 Deus;
2462 1123 2556 1176 sed
2589 1130 2647 1176 nt
2691 1137 2876 1177 eorum
2913 1137 3126 1192 semper
3157 1123 3591 1189 reminiscamur,

2015 1225 2072 1267 ιιι
2122 1224 2378 1283 perpetuo
2425 1213 2659 1269 humiles
2715 1214 2884 1268 simus
2925 1229 3109 1269 coram
3159 1216 3409 1278 Domino,
3447 1217 3589 1272 sicut

2015 1306 2105 1376 qni
2139 1314 2286 1359 stant
2313 1321 2492 1362 coram
2526 1321 2610 1372 eo,
2637 1308 2723 1362 cui
2756 1307 2934 1363 debito
2962 1317 3088 1363 sunt
3116 1310 3347 1364 astricti.
3376 1308 3594 1366 lntuea-

2017 1397 2144 1451 mini
2191 1399 2352 1452 ctiam
2405 1398 2569 1452 David
2607 1399 2950 1468 prophetam,
2995 1401 3084 1470 qui
3126 1416 3245 1456 cum
3287 1403 3594 1472 peccaverit

2015 1485 2066 1539 in
2101 1501 2322 1540 uxorem
2355 1487 2512 1549 Urize,
2546 1497 2599 1541 et
2630 1489 3038 1556 reprehenderit
3067 1505 3189 1544 eum
3221 1489 3432 1546 Natltan
3465 1509 3594 1562 pro-

2013 1578 2173 1646 plteta
2208 1578 2349 1633 illius
2381 1595 2565 1643 causa,
2594 1588 2648 1633 et
2680 1591 2899 1649 propter
2932 1583 2983 1636 id
3014 1583 3154 1651 quod
3186 1583 3239 1638 in
3270 1585 3444 1638 virum
3477 1585 3594 1656 ejus

2015 1680 2438 1739 perpetravcrat,
2488 1671 2671 1725 audita
2710 1673 3130 1740 reprehensione
3165 1675 3448 1730 confestim
3479 1693 3594 1747 pm-

326 1778 493 1833 qtmm
531 1774 710 1819 autem
763 1765 805 1819 si
839 1767 1111 1822 consecuti
1146 1767 1349 1821 luerim
1389 1769 1441 1823 in
1492 1774 1912 1844 congregatione
1945 1786 1988 1841 Β
2014 1762 2240 1816 nitentia
2269 1764 2460 1818 ductus
2512 1773 2614 1828 est,
2668 1775 2723 1820 et
2774 1764 3109 1820 humiliatus.
3157 1766 3338 1834 Quare
3369 1769 3504 1822 dixit
3545 1771 3592 1824 ei

328 1869 442 1908 sine
479 1855 849 1922 habitationis,
879 1859 941 1910 ad
970 1858 1104 1912 alias
1136 1874 1256 1913 sese
1291 1861 1532 1930 recipere
1559 1876 1750 1918 curant
1778 1881 1910 1920 con-

330 1947 696 2014 gregationes,
740 1957 799 2000 ιιι
842 1949 1092 2004 humanae
1156 1951 1339 2020 glorire
1385 1953 1464 2008 cis
1515 1955 1607 2009 tiat
1648 1958 1907 2012 accessio.

334 2038 710 2105 Aguosceutes
745 2040 929 2110 itaque
960 2042 1080 2104 hoe,
1131 2041 1278 2096 ﬁlioli
1316 2044 1441 2110 ntei,
1485 2046 1649 2100 nolite
1681 2047 1746 2102 de
1782 2065 1913 2104 con-

331 2130 648 2206 gregatione
683 2131 734 2184 in
776 2133 1250 2202 congregationem
1287 2151 1382 2191 vos
1414 2139 1655 2209 recipere
1689 2154 1914 2212 propter

329 2219 607 2276 hominum
659 2220 919 2292 gloriam;
948 2239 1133 2280 verum
1167 2233 1338 2282 estote
1357 2243 1528 2297 penes
1552 2234 1912 2304 vosmetipsos

328 2311 470 2370 sicut
498 2313 670 2386 pueri,
717 2321 768 2371 et
822 2313 1106 2374 imitemini
1143 2317 1276 2372 duos
1314 2319 1433 2374 illos
1465 2320 1691 2379 Joannis
1732 2325 1914 2395 Baptio-

329 2416 431 2463 sta;
479 2408 783 2478 discipulos,
833 2409 921 2477 qui
970 2425 1312 2478 nequaquam
1349 2411 1496 2466 illum
1529 2415 1908 2484 destituerunt,

323 2496 666 2554 intendente;
713 2498 854 2570 apud
903 2499 1064 2552 alittnt
1096 2501 1324 2570 gloriam
1365 2506 1652 2573 aucupari;
1693 2510 1784 2562 sed
1814 2525 1913 2564 co-

326 2601 668 2660 gnoscentes,
719 2592 864 2662 quod
922 2591 1184 2647 Dominus
1243 2593 1398 2649 Jesus
1449 2596 1700 2654 Christus
1763 2609 1912 2656 esset

325 2683 502 2746 major
539 2679 770 2748 ,Joanne,
809 2685 1122 2740 testimonio
1167 2682 1408 2752 ejusdem
1442 2685 1668 2744 Joannis
1719 2691 1786 2746 de
1826 2692 1914 2746 illo

323 2772 620 2838 pcttlttbito,
656 2777 826 2830 secuti
862 2783 994 2831 sunt
1027 2788 1148 2832 eum
1196 2785 1252 2828 ut
1288 2777 1480 2832 tierent
1525 2794 1588 2832 ex
1639 2784 1914 2838 renovatis

325 2865 530 2932 pueris.
576 2865 654 2920 Ita
703 2881 833 2938 ergo
871 2866 1038 2924 facile
1071 2869 1218 2922 omni
1273 2877 1533 2936 tempore,
1568 2873 1914 2941 quotiescun-

323 2970 432 3022 que
467 2954 532 3008 ad
576 2957 834 3022 majorem
871 2955 1025 3012 vobis
1061 2958 1419 3020 accesseritis.
1463 2971 1518 3014 ut
1554 2962 1914 3032 adimpleatur

328 3046 385 3102 in
451 3047 602 3101 vobis
650 3049 910 3117 scriptum
945 3067 959 3105 :
996 3045 1356 3103 Renovabitur
1406 3051 1644 3118 iuventus
1691 3064 1803 3119 tua,
1854 3065 1909 3110 ut

2014 1854 2222 1909 Natltan
2263 1872 2275 1908 :
2309 1854 2434 1907 lam
2466 1856 2662 1908 dimisit
2698 1858 2792 1910 tibi
2819 1857 2956 1912 Deus
2977 1868 3190 1926 peccata
3222 1870 3311 1913 tua
3333 1860 3396 1913 “.
3429 1862 3594 1916 David

2015 1960 2145 2000 vero
2178 1956 2524 2016 peccatorum
2553 1949 2706 2000 venia
2759 1958 3074 2014 consecnta,
3113 1948 3322 2003 illorum
3355 1952 3596 2018 profecto

2013 2035 2215 2091 oblitus
2265 2050 2372 2090 non
2406 2044 2508 2100 est,
2557 2052 2657 2091 nec
2711 2055 2738 2091 a
2787 2052 2845 2091 se
2886 2041 3200 2094 memoriam
3242 2042 3468 2105 dimisit,
3503 2047 3596 2098 sed

2015 2143 2134 2182 eam
2166 2129 2472 2198 posteritati
2507 2131 2900 2199 consignavit“
2930 2146 2946 2185 :
2973 2131 3283 2203 factumque
3316 2143 3399 2190 est
3431 2136 3481 2189 id
3530 2139 3597 2189 ad

2015 2221 2332 2276 memoriam
2358 2223 2411 2276 in
2442 2223 2692 2277 omnibus
2719 2223 3160 2292 generationibus
3184 2239 3212 2279 a
3245 2227 3597 2293 generatione

2014 2312 2069 2366 in
2113 2313 2542 2381 generationem.
2589 2313 2652 2366 Et
2683 2322 2977 2370 consecuta
3021 2315 3236 2384 quidem
3266 2317 3446 2378 venia.
3477 2319 3594 2377 ait:

2019 2401 2220 2455 Docebo
2247 2403 2453 2470 iniquos
2476 2403 2584 2456 vias
2606 2412 2800 2466 tuas,et
2825 2405 2974 2472 impii
2998 2406 3067 2457 ad
3085 2414 3134 2459 te
3147 2415 3511 2461 convertentur
3531 2409 3596 2460 ‘3.

2015 2490 2146 2559 Quae
2181 2492 2367 2561 utique
2394 2492 2574 2546 omnia
2606 2493 2744 2548 dixit
2773 2494 2962 2561 David,
3006 2506 3063 2549 ut
3092 2497 3375 2552 addiscant
3412 2501 3480 2552 ab
3508 2500 3596 2554 illa

2014 2598 2204 2638 omnes
2256 2593 2588 2653 peccatores,
2638 2599 2844 2656 eosque
2879 2588 3139 2656 poeniteat
3165 2590 3230 2643 ad
3257 2590 3373 2659 ejus
3408 2593 3595 2645 simili.

2017 2676 2288 2739 tudinem;
2328 2684 2381 2731 et
2411 2684 2470 2730 ut
2499 2691 2721 2730 suorum
2753 2689 3098 2746 peccatorum
3130 2695 3250 2750 quae
3277 2681 3381 2736 illis
3410 2681 3596 2736 dimit-

2017 2774 2204 2822 tuntur
2242 2782 2351 2822 non
2399 2765 2813 2834 obliviscantur,
2859 2770 2953 2825 sed
3001 2770 3213 2826 illorum
3248 2787 3462 2842 semper
3488 2775 3599 2830 sint

2022 2875 2309 2915 memores.
2332 2859 2596 2916 Similiter
2611 2861 2747 2916 dixit
2762 2861 2905 2915 Deus
2921 2878 3015 2931 per
3029 2863 3219 2917 Isaiam
3241 2867 3554 2934 prophetam
3582 2887 3595 2924 :

2020 2951 2154 3004 Ecce
2195 2952 2341 3005 deleo
2387 2954 2689 3023 iniquitates
2725 2965 2868 3019 tuas,
2903 2964 2950 3008 et
2988 2965 3320 3023 peccatorum
3364 2972 3466 3009 non
3511 2973 3596 3011 re-

2018 3042 2390 3096 cordabor:tu
2438 3059 2556 3097 vero
2606 3045 2818 3096 illorum
2866 3053 2987 3098 ante
3025 3045 3203 3098 omnia
3245 3047 3596 3115 reminiscere,

327 3137 520 3209 aquilis
538 3139 580 3192 ⁸.
632 3139 705 3194 Et
741 3141 914 3210 .dicite
947 3137 1318 3199 :‘Peccatores
1371 3143 1556 3212 utique
1600 3160 1808 3214 sumus,
1854 3157 1910 3203 et

2021 3141 2073 3185 ut
2095 3131 2485 3202 justi/iuris“.
2503 3132 2685 3200 Quare
2714 3135 2985 3203 peccatori
3018 3149 3116 3206 par
3145 3145 3246 3199 est,
3278 3149 3334 3190 ιιι
3357 3154 3480 3190 cum
3513 3140 3598 3192 di-

325 3233 537 3300 plorate
600 3235 954 3304 vosmetipsos
1007 3242 1228 3305 propter
1275 3249 1336 3288 ea
1387 3249 1508 3304 qua:
1557 3236 1752 3292 inscite
1782 3238 1913 3294 ieci-

327 3323 450 3380 stis.
484 3324 548 3379 Et
578 3337 802 3396 propter
837 3328 938 3383 hoc
967 3325 1186 3399 quidem
1220 3341 1346 3381 vere
1375 3328 1476 3382 erit
1510 3330 1784 3385 vobiscum
1813 3347 1909 3387 vo-

328 3416 513 3473 luntas
553 3417 794 3483 Domini,
817 3429 877 3475 et
920 3420 972 3475 in
1009 3418 1162 3474 vobis
1205 3433 1436 3489 operans
1468 3439 1481 3476 :
1513 3421 1709 3492 quippe
1741 3423 1912 3480 bonus

328 3520 415 3564 est
435 3525 498 3564 ac
529 3511 801 3567 dimittens
825 3525 1047 3582 peccata
1073 3511 1311 3566 omnium
1343 3517 1728 3588 revertentium
1757 3521 1822 3574 ad
1851 3533 1911 3575 se

325 3616 397 3660 ex
434 3603 682 3657 omnibus
729 3604 1064 3670 hominibus,
1107 3617 1206 3658 nec
1244 3604 1456 3659 illorum
1493 3606 1686 3661 iterum
1726 3624 1910 3666 recor-

327 3695 569 3750 daltitnr.
607 3696 992 3753 Verumtamen
1027 3696 1162 3759 vult,
1212 3705 1271 3751 ut
1325 3696 1427 3765 ipsi
1483 3713 1752 3754 memores
1806 3701 1913 3754 sint

323 3802 554 3841 suorum
583 3797 928 3858 peccatorum
971 3803 1091 3858 quae
1122 3787 1388 3844 hactenus
1419 3796 1820 3857 perpetrarunt,
1849 3805 1916 3844 ne

327 3893 518 3934 eorum
551 3878 968 3944 .obliviscentes,
989 3881 1264 3934 .rationem
1304 3880 1527 3933 reddere
1558 3892 1822 3950 cogantur
1846 3882 1914 3936 de

331 3968 402 4024 iis
439 3971 676 4039 peccatis
705 3986 823 4039 quae
851 3969 960 4038 iam
995 3971 1096 4026 sibi
1140 3979 1268 4026 sunt
1295 3973 1595 4025 condonata
1634 3990 1647 4026 :
1682 3987 1803 4026 nam
1841 3973 1912 4027 ita

323 4076 465 4120 sane
491 4061 691 4118 accidit
734 4077 890 4117 servo
924 4062 1020 4126 illi,
1053 4063 1138 4116 cui
1173 4063 1458 4117 remiserat
1505 4064 1751 4120 dominus
1781 4081 1912 4120 suus

327 4167 452 4221 qum
487 4152 561 4212 illi
607 4152 840 4209 debebat
883 4152 1108 4207 talenta.
1143 4151 1509 4208 Obliviscentc
1543 4170 1672 4210 vero
1700 4157 1773 4212 rei
1811 4159 1914 4213 ltu-

327 4242 656 4314 juscemodi,
685 4240 753 4298 .et
797 4242 980 4312 inique
1017 4254 1218 4311 agente
1269 4244 1322 4298 in
1373 4259 1698 4300 conservum
1733 4263 1910 4313 suum,

325 4338 549 4406 repetiit
581 4339 648 4391 ab
689 4336 778 4390 illo
824 4335 1075 4391 dominus
1127 4351 1257 4396 suus
1299 4336 1560 4407 quidquid
1604 4339 1653 4393 ei
1684 4340 1918 4398 debebat

332 4428 475 4497 quod
522 4429 571 4484 ei
615 4428 724 4498 iam
765 4429 1062 4495 dimiserat,
1099 4443 1164 4484 eo
1210 4430 1353 4499 quod
1393 4431 1648 4486 misertus
1695 4448 1799 4488 non
1843 4435 1915 4489 sit

333 4537 599 4580 conservo
644 4537 768 4588 suo,
799 4523 1118 4577 ditnittendo
1143 4523 1190 4576 ci
1222 4534 1438 4578 centum
1472 4525 1724 4580 denarios
1750 4543 1766 4591 ;
1794 4542 1914 4596 qua:
1945 4539 1950 4544 ‘

335 4630 546 4672 summa
578 4630 747 4686 parva
779 4623 898 4670 erat
926 4623 1170 4683 respectu
1201 4615 1347 4668 illius
1378 4615 1522 4683 quod
1547 4615 1596 4669 ei
1628 4615 1912 4672 dimissum

334 4708 511 4764 fuerat
537 4711 579 4763 ⁸.
615 4708 833 4780 Moyses
881 4723 1097 4779 quoque
1145 4707 1404 4778 prtecepit
1456 4707 1652 4778 pepulo
1700 4724 1820 4776 suo,
1860 4721 1918 4763 ιιι

333 4815 440 4858 non
490 4801 902 4858 oblivisceretur
949 4816 1170 4857 suorum
1230 4801 1470 4871 priorum
1531 4812 1912 4873 peccatorum,

331 4897 525 4950 dicens
569 4895 649 4949 eis
678 4911 691 4948 :
723 4893 1084 4964 Ingredientes
1126 4895 1179 4948 in
1230 4904 1427 4947 terram
1473 4894 1798 4949 hwr’editatis
1835 4913 1917 4949 ve-

327 4996 480 5053 stra’,
510 4998 704 5053 cavete,
739 4995 797 5040 ut
828 5003 892 5041 ne
918 5004 1036 5042 cum
1061 4987 1218 5040 ditati
1262 4984 1493 5054 fueritis,
1534 4988 1701 5041 edatis
1746 4999 1794 5042 et
1839 4989 1917 5042 bi-

329 5079 494 5142 batis,
519 5088 569 5132 et
612 5079 806 5149 ingrati
837 5080 1140 5148 e/ficiamini
1158 5097 1176 5145 ,'
1206 5080 1297 5133 sed
1326 5081 1724 5134 reminiscimini
1750 5082 1917 5135 servi-

329 5174 466 5227 tutis
507 5185 688 5226 vestrae
720 5174 774 5226 in
803 5171 1057 5242 Egypto,
1095 5183 1250 5238 atque
1281 5189 1461 5225 eorum
1497 5188 1701 5241 quoque
1731 5170 1917 5242 quibus

327 5269 397 5317 mi
433 5266 768 5319 iracundiam
798 5266 1118 5334 prouocastis
1165 5263 1446 5317 Dominum
1485 5265 1540 5316 in
1576 5265 1776 5318 deserto
1810 5277 1828 5314 :
1869 5272 1918 5316 et

323 5355 447 5415 hate
479 5359 728 5411 meritoria
767 5358 836 5410 sit
853 5356 1001 5411 vobis
1034 5366 1145 5410 tota
1177 5355 1496 5424 perdurante
1521 5367 1688 5410 vestra
1726 5355 1915 5408 vita“.

407 5450 473 5509 Et
497 5451 609 5504 hoc
644 5465 798 5514 sane,
834 5448 982 5506 ﬁlioli
1014 5448 1140 5512 mei,
1176 5447 1242 5501 ad
1275 5455 1514 5502 nostram
1557 5445 1918 5502 eruditionem

332 5557 443 5611 est,
471 5560 596 5603 cum
632 5542 720 5598 diu
769 5541 912 5597 servi
966 5538 1228 5597 fuerimus
1271 5540 1324 5595 in
1371 5538 1610 5610 .IEgypto
1668 5553 1789 5609 qua:
1840 5548 1922 5596 est

404 5660 602 5717 'Joan.
660 5673 779 5718 xm.
823 5655 860 5710 3
907 5669 1026 5724 sqq.
1138 5654 1157 5683 ¹¹
1185 5653 1340 5724 Psal.
1379 5670 1476 5718 cn,
1519 5654 1572 5708 5.

335 5734 549 5800 stt,15.
634 5728 752 5784 "P.
775 5727 843 5781 al.
899 5742 950 5792 ι,
998 5727 1016 5780 1
1072 5739 1190 5796 sqq.

1690 5652 1926 5707 ’Matth.
1968 5665 2122 5714 xvrtt,
2172 5649 2242 5705 ει
2295 5667 2414 5722 sqq.

1305 5723 1344 5754 ’³
1393 5725 1520 5781 ibid.
1568 5725 1648 5781 15.
1731 5723 1773 5757 ”
1804 5723 1906 5782 13a.

2021 5738 2095 5792 ιιι,
2125 5722 2216 5791 ⁵25,
2244 5723 2334 5779 ‘26.
2417 5723 2460 5754 ”‘
2487 5721 2690 5780 Jcrtm.
2728 5740 2808 5793 ttt,
2845 5725 3036 5791 13,13.
3120 5721 3322 5784 “Luc.
3352 5744 3429 5794 ιιι,
3467 5726 3518 5793 8,
3551 5729 3604 5787 9.

2020 3225 2229 3279 miserit
2259 3224 2332 3279 illi
2367 3226 2506 3280 Deus
2536 3234 2754 3295 peccata
2787 3241 2905 3292 sua,
2933 3226 3047 3296 ipse
3078 3227 3289 3284 illorum
3323 3246 3428 3284 non
3460 3232 3600 3287 obli-

2019 3319 2280 3382 viscatur,
2309 3318 2402 3374 sed
2438 3333 2644 3374 memor
2675 3318 2767 3382 sit,
2798 3326 2856 3373 ttt
2882 3319 3226 3387 iustificetur.
3258 3321 3348 3377 Ait
3390 3338 3602 3394 quoque

2021 3405 2117 3478 per
2139 3407 2428 3464 Jeremiam
2459 3410 2771 3480 prophetam
2798 3428 2813 3467 :
2845 3409 3188 3468 Revertimini
3215 3415 3284 3468 ad
3313 3433 3412 3482 me,
3435 3420 3600 3472 omnis

2020 3504 2206 3558 domus
2237 3502 2444 3567 Israel;
2471 3516 2517 3558 et
2548 3521 2652 3558 non
2679 3504 2929 3558 inducam
2957 3508 3405 3576 reprehensionem
3438 3529 3602 3568 meant

2020 3611 2177 3663 super
2201 3612 2289 3650 vos
2314 3614 2332 3660 ;
2362 3598 2609 3666 quoniam
2658 3599 2956 3652 misericors
2989 3615 3128 3662 sunt,
3157 3601 3294 3653 dixit
3323 3602 3602 3669 Dominus,

2021 3700 2067 3742 et
2098 3703 2199 3741 non
2233 3687 2436 3740 irascor
2464 3687 2601 3740 vobis
2632 3687 2686 3738 in
2717 3696 3062 3755 perpetuum;
3089 3700 3440 3745 verumtamen
3473 3696 3601 3748 scito

2022 3779 2350 3848 iniquitatem
2381 3787 2546 3842 tuam,
2582 3793 2642 3830 eo
2668 3778 2805 3847 quod
2840 3779 2917 3830 tui
2963 3780 3126 3847 ipsius
3152 3781 3348 3834 inscius
3379 3799 3452 3847 es,
3480 3796 3528 3838 et
3552 3788 3602 3838 in

2022 3870 2188 3927 Deum
2222 3880 2370 3923 tuum
2407 3869 2601 3937 impius
2637 3870 2850 3938 effectus
2874 3872 3001 3924 es".

2099 3962 2299 4016 Eadem
2337 3962 2567 4026 ratione,
2593 3960 2741 4015 ﬁlioli
2773 3963 2900 4026 mei,
2935 3977 3034 4018 nos
3059 3974 3296 4032 oportet,
3329 3977 3386 4020 ιιι
3417 3968 3600 4024 dimit-

2027 4063 2175 4109 tente
2224 4053 2381 4108 nobis
2414 4053 2641 4108 Domino
2674 4065 2861 4111 nostro
2891 4067 3111 4125 peccata
3145 4069 3351 4128 nostra,
3382 4063 3604 4120 minime

2023 4163 2086 4204 ea
2103 4147 2386 4214 nobismet
2423 4147 2554 4216 ipsis
2587 4147 2946 4217 dimittamus,
2977 4150 3072 4205 sed
3115 4166 3302 4207 eorum
3336 4159 3604 4224 poenitcn.

2028 4241 2115 4296 tia:
2143 4239 2492 4295 renovatione
2523 4255 2740 4310 semper
2767 4257 3036 4297 memores
3060 4242 3250 4302 simus.
3279 4245 3416 4302 llinc
3441 4249 3604 4304 Joan—

2027 4348 2123 4388 nes
2141 4331 2401 4404 Baptista,
2427 4333 2553 4388 dum
2575 4333 2828 4404 populum
2865 4337 2932 4389 ad
2957 4335 3333 4397 remissionem
3365 4341 3605 4411 baptiza.

2026 4423 2139 4486 bat,
2171 4426 2423 4494 prateepit
2471 4425 2550 4478 eis
2584 4426 2808 4480 dicens:
2839 4425 3016 4482 Nolite
3059 4443 3311 4485 curarum
3345 4447 3465 4488 esse
3509 4450 3599 4489 cx-

2027 4527 2206 4587 pertes
2236 4517 2306 4572 ob
2337 4520 2711 4574 remissionem
2745 4531 3093 4588 peccatorum
3140 4535 3471 4595 vestrorum,
3512 4532 3604 4584 sed

2026 4605 2210 4662 Facite
2239 4610 2442 4676 {ructus
2476 4610 2664 4680 dignes
2712 4613 3062 4679 paenitentite;
3087 4616 3208 4683 jam
3237 4619 3373 4670 enim
3411 4621 3606 4672 securis

2024 4701 2198 4769 posita
2234 4710 2309 4754 est
2355 4701 2427 4753 ad
2481 4702 2684 4755 radices
2730 4701 2976 4758 arborum
2995 4721 3016 4770 ;
3048 4708 3216 4760 omnis
3249 4719 3423 4762 autent
3452 4713 3609 4762 arbor

2025 4805 2128 4844 non
2151 4791 2479 4860 [tacti/icon:
2496 4792 2725 4860 fructum
2750 4794 2961 4860 bonum,
2981 4796 3254 4851 excidetnr
3283 4810 3330 4853 et
3363 4803 3414 4854 in
3438 4801 3606 4870 ignem

2025 4883 2343 4937 mittetur".
2373 4881 2502 4949 Quae
2528 4885 2744 4953 quidem
2777 4885 2828 4938 itt
2855 4897 3088 4941 vestram
3125 4892 3371 4945 revocavi
3402 4910 3600 4948 mento.

2027 4977 2186 5040 riam,
2242 4976 2579 5030 dilectissimi
2625 4979 2750 5042 mei,
2814 4995 2935 5033 cum
2998 4990 3297 5037 vestrarum
3347 4986 3603 5042 virtutum

2027 5067 2418 5138 magnitudinis
2450 5083 2658 5123 memor
2686 5070 2819 5136 sim;
2853 5081 2989 5127 etne
3015 5073 3408 5143 negligentibus
3437 5081 3605 5144 vobis,

2027 5163 2351 5216 obscuretur
2393 5161 2571 5214 lumen
2619 5173 2893 5229 vestrum;
2932 5181 2994 5220 ac
3036 5175 3320 5233 pra-terea,
3357 5179 3412 5222 ιιι
3458 5172 3610 5228 vobis

2029 5253 2270 5308 accessio
2333 5255 2424 5308 iiat
2486 5253 2752 5309 fructuum
2799 5254 3086 5326 dignohtm
3133 5268 3317 5314 vestro
3367 5264 3610 5332 angelico

2031 5348 2216 5404 habitu
2249 5362 2358 5419 quo
2387 5350 2521 5404 estis
2547 5349 2740 5425 induti.
2776 5350 2887 5405 Hoc
2912 5351 3076 5406 etiam
3103 5353 3306 5417 sciatis,
3341 5362 3609 5425 quomodo

2031 5442 2304 5507 videlicet,
2343 5428 2624 5497 inveniens
2656 5443 2817 5498 homo
2852 5445 2939 5500 ille
2976 5447 3284 5502 thesaurum
3321 5450 3608 5507 abscondi-

2033 5543 2143 5590 tum
2176 5536 2227 5590 in
2257 5551 2408 5607 agro,
2439 5536 2676 5590 vendidit
2699 5538 2878 5592 omnia
2913 5555 3030 5608 quae
3056 5541 3386 5610 possidebat.
3408 5547 3610 5601 etemit

2555 5653 2597 5684 ’θ
2629 5652 2781 5707 Deut.
2829 5669 2942 5716 tttt,
2985 5654 3039 5709 11
3088 5671 3208 5723 sqq.
3322 5657 3358 5688 ¹¹
3399 5657 3439 5711 Η
3477 5660 3603 5718 Πιθεῖ.
