3990 6210
403 264 541 337 tuas

1463 259 1765 315 tPAJ'llES
1804 258 2106 315 :EGYPTII
2149 257 2418 315 S/ECL’LI
2463 256 2550 311 IV.

3508 249 3531 304 l
3542 247 3653 305 040

402 399 590 453 agrum
634 382 781 438 illum
801 383 862 435 ⁸⁷.
890 382 1080 435 Vestra
1110 392 1306 435 autem
1347 398 1509 445 nunc,
1539 382 1876 437 dilectissimi
1912 383 1965 436 in
1997 389 2041 444 Α
2073 392 2218 449 ptum
2260 389 2343 434 est
2381 377 2498 433 :Et
2541 374 2762 430 Verbum
2805 388 2927 427 caro
2966 372 3164 441 factum
3196 380 3290 433 est.
3318 380 3363 424 et
3397 369 3653 425 habitavit

403 471 650 534 Domino,
682 471 849 542 gloria
876 469 987 538 jam
1012 468 1188 540 palam
1221 469 1360 524 facta
1386 480 1469 525 est
1498 471 1548 523 in
1573 470 1821 525 universa
1851 484 1990 539 par-'

405 560 717 629 ticipatione
742 576 756 613 :
781 568 1152 613 verumtamen
1189 558 1253 613 de
1293 558 1395 612 hoc
1420 558 1585 612 nolite
1614 559 1872 628 cogitare,
1905 573 1971 614 ne

405 649 730 715 gloricmini,
765 649 856 704 sed
891 648 1212 703 humilitatis
1239 656 1305 718 et.
1327 648 1755 703 mansuetudinis
1778 648 1968 718 pristi-

407 758 488 796 nae
516 750 710 796 vestra:
744 741 1078 810 paupertatis
1112 738 1557 806 reminiscimini;
1590 750 1644 794 et
1670 740 1823 795 eritis
1846 754 1971 809 pro-

407 834 549 888 fecto
580 842 832 901 tanquam
880 831 929 885 id
969 829 1547 900 ignorantes..Etenint
1576 831 1820 903 Moyses,
1851 848 1973 901 cum

409 922 742 994 gloriﬁcatus
767 931 930 986 esset,
963 919 1244 991 ignorabat
1269 915 1607 990 splendorem
1642 922 1827 990 gloriae
1859 920 1976 973 vul-

411 1029 497 1070 tus
518 1018 597 1069 sui
623 1026 838 1085 propter
860 1012 1215 1067 humilitatem
1232 1020 1287 1068 et
1306 1012 1975 1067 tttansuetudiuetnsuatn:

404 1107 633 1178 populus
658 1121 782 1159 vero
808 1105 858 1159 id
886 1114 1141 1171 noverat;
1171 1118 1340 1174 quare
1365 1104 1508 1158 illius
1540 1102 1802 1158 timebant
1829 1118 1978 1170 aspe-

407 1210 587 1263 ctum;
620 1207 675 1251 et
698 1199 796 1251 hac
817 1197 881 1250 de
906 1211 1065 1250 eausa
1091 1211 1240 1251 suam
1265 1194 1688 1266 velavitMoyscs
1712 1195 1977 1250 faciem".

409 1290 517 1347 Vos
557 1304 770 1359 quoque
808 1288 1143 1343 dilectissimi
1178 1288 1309 1353 ntei,
1343 1287 1388 1343 si
1430 1287 1737 1356 abieceritis
1766 1298 1795 1341 ει
1829 1288 1980 1343 vobis

409 1384 595 1439 caduci
625 1381 807 1437 mundi
837 1380 995 1451 hujus
1023 1381 1180 1445 bona,
1210 1380 1300 1451 qui
1329 1389 1412 1435 est
1442 1388 1586 1435 terra
1615 1391 1977 1443 mortuorum,

409 1470 861 1543 quemadmodum
910 1485 1031 1525 eum
1083 1470 1395 1538 ahjeccrunt
1428 1469 1463 1523 ii
1505 1485 1732 1540 quorum
1779 1470 1982 1524 mentio

410 1566 706 1636 pra-cessit,
749 1564 901 1621 ﬁrma
963 1564 1034 1619 sit
1079 1579 1201 1634 spes
1252 1573 1452 1631 vestra,
1495 1562 1636 1632 quod
1688 1578 1718 1616 a
1754 1561 1985 1617 Domino

410 1657 725 1713 ohtinebitis
772 1655 910 1711 bona
940 1654 991 1709 itt
1039 1663 1183 1709 terra
1221 1654 1530 1708 viventium.
1569 1652 1745 1707 Nolite
1773 1655 1973 1722 itaque,

2074 474 2133 527 in
2174 471 2411 526 nobis“.
2456 468 2655 524 Paulus
2685 466 2848 521 etiam
2888 463 3163 534 apostolus
3204 463 3479 533 perfech
3511 478 3654 532 pra-

2069 564 2238 633 ceptis
2270 576 2391 631 qua:
2437 566 2763 632 praeceperat
2795 557 2843 612 ei
2876 554 3158 621 Dominus,
3189 568 3313 609 cum
3348 554 3657 610 humilitate

2071 654 2206 708 dixit
2235 671 2250 708 :
2284 650 2487 707 Factus
2523 666 2636 703 sunt
2671 664 2790 702 cum
2819 661 2922 700 non
2950 646 3169 699 habente
3196 642 3382 714 legem,
3404 652 3656 713 tanquam

2071 745 2234 815 legem
2262 762 2363 799 non
2388 744 2579 797 habens
2596 759 2614 807 ;
2644 742 2719 796 ita
2742 749 2807 794 ut
2836 740 2949 794 sine
2969 738 3077 808 lege
3104 736 3296 806 factus,
3319 736 3660 799 lucrifaciam

2072 853 2159 891 eos
2187 835 2277 902 qui
2311 850 2411 886 nou
2436 833 2625 885 habent
2658 831 2907 899 legem".
2938 826 3047 881 Nec
3078 837 3339 897 praeterea
3371 824 3553 880 factus
3579 838 3665 879 est

2073 923 2363 994 Apostolus
2400 931 2549 977 extra
2583 935 2734 975 suam
2763 917 3172 988 perfectionem,
3197 914 3661 985 quemadmodum

2076 1029 2252 1083 neque
2285 1023 2368 1067 est
2418 1010 2594 1065 factus
2626 1009 2885 1064 Dominus
2918 1016 3070 1061 extra
3114 1022 3265 1061 suam
3314 1005 3663 1061 divinitatem

2078 1123 2175 1177 per
2201 1122 2358 1160 suam
2392 1103 2841 1167 incarnationem,
2877 1115 3000 1171 quae
3027 1102 3250 1155 omnino
3276 1100 3324 1154 ei
3352 1101 3667 1154 necessaria

2079 1207 2215 1263 crat,
2262 1196 2420 1252 sicuti
2471 1196 2668 1250 dicitur
2698 1194 2751 1248 in
2783 1193 2916 1262 lege,
2966 1201 3022 1246 et
3072 1201 3131 1246 ut
3176 1192 3440 1261 scriptum
3487 1193 3667 1246 estin

2082 1288 2392 1359 Evangelio,
2425 1285 2569 1354 quod
2611 1282 2834 1338 Verbum
2861 1299 2988 1337 curo
3018 1283 3221 1352 factum
3250 1290 3350 1346 est,
3377 1294 3425 1336 et
3452 1282 3672 1336 habite-

2081 1381 2151 1434 eit
2180 1381 2232 1432 in
2260 1377 2428 1432 nobis.
2453 1376 2620 1446 Igitur
2634 1374 2929 1444 Apostolus
2958 1382 3076 1427 erat
3106 1372 3159 1426 in
3184 1388 3279 1427 sua
3308 1373 3669 1442 perfectione,
3766 1372 3773 1377 “

2085 1472 2342 1541 quoniam
2388 1470 2621 1538 primum
2672 1466 2930 1522 liberatus
2972 1476 3055 1520 est
3104 1468 3171 1519 ab
3197 1464 3453 1519 omnibus
3484 1465 3668 1519 malis.

2089 1565 2339 1621 Secundo
2385 1563 2545 1618 nullis
2581 1562 2837 1629 deinceps
2872 1559 3154 1614 inservivit
3186 1558 3670 1628 concupiscentiis,

2087 1674 2151 1713 eo
2182 1656 2322 1727 quod
2352 1656 2634 1723 religiosus
2658 1652 2831 1707 factus
2851 1649 3353 1707 esset..Novissitne
3375 1664 3506 1705 vero
3534 1649 3675 1705 liber

412 1749 558 1804 lilioli
613 1748 719 1803 mei
763 1746 1052 1811 benedicti,
1103 1754 1350 1814 satagere
1397 1745 1615 1814 placere
1671 1745 1983 1799 hominibus
2022 1751 2058 1804 Β
2092 1744 2317 1801 effectus
2350 1754 2433 1799 est
2467 1743 2661 1799 intuitu
2706 1740 2917 1797 Domini
2949 1738 3075 1795 Jesu
3110 1738 3345 1803 Christi;
3382 1753 3493 1808 quo
3530 1741 3674 1804 viso,

410 1840 505 1912 qui
536 1849 663 1896 sunt
704 1839 756 1894 in
793 1839 1015 1908 regione
1041 1844 1396 1902 mortuorum,
1424 1854 1489 1892 ne
1517 1837 1654 1892 forte
1678 1835 1788 1889 Deo
1816 1836 1867 1889 iu
1903 1852 1987 1891 re-

412 1935 572 2002 gione
614 1930 905 1986 viventium
937 1929 1152 2000 placere
1188 1928 1488 1998 nequeatis.
1532 1925 1761 1983 Obteuta
1804 1934 1985 1981 autem

411 2023 683 2081 solutione
727 2037 758 2077 a
807 2023 1000 2077 vestris
1068 2021 1336 2091 peccatis,
1382 2020 1546 2075 nolite
1590 2020 1988 2089 vobismetipsis

412 2129 637 2186 parcere
665 2114 789 2179 soli,
823 2128 892 2168 ne
935 2113 1257 2183 impotentes
1282 2112 1392 2167 sint
1434 2112 1769 2182 ptenitentiae
1796 2126 1989 2170 vesute

2096 1838 2278 1893 Statim
2319 1843 2538 1892 secutus
2580 1844 2663 1891 est
2705 1834 2822 1904 ejus
2868 1834 3011 1889 dicta
3047 1833 3165 1890 sine
3199 1848 3371 1898 mora,
3404 1842 3462 1889 et
3488 1832 3677 1889 .factus

2094 1941 2177 1986 cst
2202 1944 2411 1985 summe
2441 1928 2681 1985 humilis.

2169 2045 2430 2100 Similiter
2473 2059 2662 2100 omnes
2694 2042 2782 2113 qui
2829 2040 3227 2112 amplectuntur
3260 2041 3403 2096 dicta
3438 2041 3676 2103 Domini,

2096 2149 2425 2211 cognoscunt
2457 2139 2777 2203 veritatem;
2812 2138 3013 2193 veritas
3045 2152 3173 2192 vero
3199 2135 3398 2191 liberos
3437 2149 3533 2189 eos
3560 2133 3679 2201 elli-

413 2208 653 2306 iruc‘tus;
690 2222 876 2306 verum
916 2205 1195 2306 imitemini
1239 2205 1514 2261 doctorem
1546 2205 1987 2306 orbis-terrarum
2070 2202 2191 2299 te":
2222 2242 2275 2287 et
2300 2232 2511 2286 animas
2535 2245 2723 2285 eorum
2754 2230 2915 2306 eripi,
2942 2230 3009 2284 ab
3034 2229 3180 2284 omni
3214 2226 3376 2290 mam,
3408 2227 3676 2296 quem“-

414 2298 638 2353 Paulum
662 2296 983 2368 apostolum,
1011 2296 1105 2367 qui
1130 2305 1414 2367 postquam
1441 2297 1745 2367 pepercerit
1771 2299 1819 2353 ei
1848 2297 1991 2352 Deus

416 2386 727 2456 apparondo
766 2385 864 2452 illi,
901 2400 1144 2455 .cmnque
1187 2385 1530 2455 alloquendo,
1581 2387 1799 2443 sibimet
1845 2388 1991 2443 solus

416 2494 522 2532 non
562 2478 817 2548 pepercit,
849 2492 946 2532 nec
984 2478 1228 2546 pristina:
1254 2479 1452 2534 oblitus
1477 2490 1559 2533 est
1586 2479 1828 2535 stultitia
1857 2496 1990 2545 suge,

416 2567 569 2635 cujus
608 2565 864 2620 Dominus
914 2580 1010 2620 s-ta
1050 2565 1421 2621 misericordia
1467 2565 1668 2621 oblitus
1713 2576 1852 2633 erat,
1897 2566 1991 2621 sed

418 2656 495 2709 ait
523 2673 535 2710 :
571 2653 1243 2722 Perseq:.ebar.Ecclesium
1272 2655 1367 2709 Dei
1387 2656 1428 2691 ¹⁹
1454 2674 1468 2712 :
1496 2666 1548 2711 ct
1573 2657 1656 2711 his
1684 2655 1902 2711 similia.
1930 2656 1997 2710 Et

425 2747 683 2801 Dominus
714 2756 901 2801 noster
929 2746 1090 2802 Jesus
1110 2747 1359 2805 Christus
1393 2748 1663 2804 custodiat
1704 2764 1794 2804 vos
1819 2749 1870 2803 in
1894 2764 1993 2803 sua

421 2838 734 2896 ohedientia
763 2839 814 2894 in
850 2846 1134 2895 :rternum.
1163 2841 1359 2896 Amen.

944 2953 1272 3011 EPISTOLA
1309 2954 1468 3011 XVII.

1128 3049 1269 3104 Dixit
1287 3064 1304 3103 :

2099 2323 2316 2377 modum
2346 2314 2517 2376 factus
2545 2330 2629 2374 est
2651 2318 2850 2375 Paulus
2896 2317 3206 2390 apostolus;
3241 2316 3441 2371 etenim
3478 2314 3681 2369 libera-

2102 2426 2186 2470 tor
2218 2413 2668 2479 noster,liherum
2700 2412 2847 2466 illum
2874 2408 3154 2475 exhibuit;
3187 2409 3416 2477 ideoque
3441 2406 3580 2461 dixit
3612 2407 3679 2459 de

2100 2504 2435 2572 semetipso:
2471 2502 2658 2557 Nonne
2699 2501 2829 2554 liber
2882 2498 3048 2554 sum?
3105 2513 3276 2553 annon
3352 2497 3459 2550 vidi
3497 2495 3689 2549 Dentis

2100 2609 2449 2659 num-meum,
2479 2594 2633 2648 sicuti
2673 2592 2909 2647 uiderunt
2932 2588 3087 2642 illum
3131 2588 3209 2639 illi
3236 2587 3495 2655 primi“?
3530 2586 3681 2641 Multi

2102 2697 2282 2742 autem
2318 2686 2501 2741 dicunt
2536 2685 2590 2739 in
2638 2682 2868 2739 stultitia
2919 2696 3055 2735 sua:
3089 2678 3328 2733 Vidimus
3360 2679 3547 2748 utique
3576 2678 3685 2733 Do-

2103 2778 2305 2834 minum
2348 2776 2534 2833 Jesum
2579 2777 2881 2841 Christum,
2931 2775 3071 2830 sicut
3120 2771 3370 2843 apostoli.
3417 2770 3517 2838 Qui
3550 2772 3685 2843 qui-

2104 2869 2249 2932 dem,
2269 2866 2413 2920 lilioli
2440 2866 2567 2930 mei,
2590 2866 2931 2935 decipiuntur
2952 2874 3005 2921 et
3031 2865 3382 2934 seducuntur,
3405 2873 3461 2917 et
3493 2862 3686 2918 oculos

2104 2974 2212 3014 non
2256 2956 2458 3013 habent
2505 2957 2699 3027 quibus
2734 2957 2972 3019 videant,
3016 2948 3176 3011 sicuti
3232 2955 3364 3009 vidit
3396 2953 3687 3025 Apostolus

2105 3047 2640 3104 Dominum..Etenim
2659 3048 2955 3117 Apostolus
2982 3047 3115 3103 vidit
3149 3046 3459 3112 Dominum,
3492 3061 3685 3116 quem—

504 3141 730 3208 Scitote,
757 3142 908 3198 filioli
946 3142 1070 3210 mei,
1106 3160 1209 3198 non
1238 3158 1360 3198 eum
1387 3157 1507 3199 csse
1544 3144 1879 3216 religiosum,
1905 3145 1996 3214 qui
2024 3122 2075 3220 Cp
2100 3139 2388 3195 admodum
2426 3139 2849 3213 videbantillum
2872 3139 3097 3209 apostoli
3121 3138 3213 3208 qui
3254 3152 3377 3193 cum
3400 3152 3465 3192 eo
3504 3147 3685 3201 erant,

423 3233 480 3288 in
519 3249 620 3288 una
649 3242 958 3303 perseverat
995 3248 1091 3300 re;
1138 3247 1312 3304 neque
1341 3249 1464 3306 eum
1491 3234 1582 3304 qui
1609 3251 1770 3289 unam
1798 3236 2002 3305 ample-

424 3324 591 3378 ctitur
621 3339 758 3388 rem,
785 3324 1059 3380 adversari
1099 3325 1302 3379 virtuti.
1349 3326 1405 3381 Si
1431 3328 1576 3382 enim
1610 3328 1801 3398 religio
1831 3328 2000 3397 gloria

424 3424 508 3469 est
532 3415 766 3479 virtutis,
800 3413 949 3468 multi
989 3414 1206 3484 quidem
1236 3415 1358 3470 ntali
1388 3418 1434 3471 ei
1460 3418 1838 3473 adversantur.
1873 3419 2002 3487 Qui-

427 3519 644 3575 rnuquc
692 3519 821 3573 ergo
870 3503 982 3558 vult
1030 3502 1302 3571 perlectus
1352 3520 1473 3560 esse
1525 3505 1578 3560 itt
1625 3506 1997 3576 religiositate,

427 3597 556 3653 nulli
598 3597 812 3666 penitus
860 3596 1118 3653 inserviat
1166 3597 1327 3653 malo.
1367 3597 1700 3670 Etenim-qui
1727 3600 1888 3657 alicui
1917 3602 2003 3657 in-

426 3690 788 3754 scrvitmalo,
825 3690 1250 3761 longeprofecto
1293 3693 1456 3747 distat
1502 3708 1531 3747 a
1574 3696 1806 3750 termino
1830 3695 2005 3765 perfe-

427 3783 639 3838 ctionis.
672 3783 802 3837 Nam
838 3781 1096 3853 perfectio
1133 3792 1237 3849 est,
1277 3794 1337 3839 ttt
1369 3784 1604 3841 dicitur:
1636 3784 1789 3840 Liber
1833 3789 2004 3856 [actus

425 3892 542 3929 sunt
596 3874 661 3929 ab
716 3876 974 3939 omnibus,
1028 3887 1086 3928 ut
1146 3875 1320 3944 plures
1364 3877 1807 3947 lucrifacerem".
1852 3880 2005 3945 Quod

427 3966 641 4037 quidem
685 3966 888 4023 dictum
929 3968 1124 4023 asserit
1168 3967 1367 4024 Paulus
1418 3970 1713 4038 apostolus,
1756 3986 1821 4025 eo
1860 3972 2005 4042 quod

428 4058 571 4112 tnalo
616 4056 836 4113 minime
885 4065 1018 4115 tunc
1057 4059 1334 4131 subjectus
1371 4070 1510 4125 erat,
1545 4062 1761 4117 autsibi
1798 4062 2003 4118 dimissi

429 4147 660 4218 amplius
684 4159 801 4204 crat
826 4151 1097 4207 conscius.
1125 4150 1261 4207 Cum
1291 4152 1643 4209 autemdiber
1671 4153 1845 4209 factus
1864 4163 2009 4209 esset

431 4255 462 4294 a
492 4237 655 4308 malo,
678 4248 731 4295 et
755 4256 929 4311 usque
953 4243 1020 4298 ad
1050 4243 1209 4297 tinem
1241 4253 1387 4299 esset
1432 4245 1758 4312 vindicatus,
1799 4245 2008 4316 rogavit

431 4344 530 4399 pro
559 4330 862 4387 humilitate
905 4332 1196 4388 multorum
1247 4332 1339 4403 qui
1391 4333 1536 4389 malo
1583 4350 1701 4390 sese
1740 4334 2008 4404 subjicere

430 4419 702 4485 volebant,
728 4430 783 4476 et
809 4435 840 4474 a
873 4430 1096 4489 peccato
1119 4436 1338 4475 suorum
1365 4420 1628 4476 malorum
1655 4436 1776 4478 sese
1795 4423 2008 4493 eripere

2100 3240 2155 3286 et
2181 3231 2271 3301 qni
2298 3231 2638 3286 crediderant
2668 3232 2719 3284 in
2750 3229 2898 3284 illum
2924 3245 2989 3285 eo
3020 3239 3280 3301 tempore,
3309 3231 3531 3299 quando
3560 3245 3679 3283 am-

2104 3323 2325 3378 bulabat
2357 3322 2751 3392 circumseptus
2794 3325 2965 3378 turbis
2998 3340 3119 3395 qua:
3152 3324 3405 3380 videbant
3449 3322 3599 3377 illum
3628 3331 3690 3377 ut

2105 3414 2397 3470 hominem.
2447 3413 2617 3481 Quem
2672 3430 2795 3471 cum
2849 3415 3076 3470 vidisset
3124 3430 3244 3484 quae
3286 3423 3402 3469 erat
3447 3414 3500 3469 in
3540 3414 3689 3469 ﬂuxu

2103 3506 2382 3578 sanguinis
2425 3506 2600 3562 oculis
2646 3507 2827 3563 cordis
2871 3507 2977 3575 sui,
3024 3518 3078 3561 ct
3113 3507 3342 3562 credidit
3380 3506 3531 3561 illum
3568 3522 3691 3562 esse

2106 3597 2302 3663 Deum,
2327 3607 2383 3652 et
2411 3596 2591 3666 tetigit
2615 3613 2738 3652 eum
2763 3597 2867 3652 fide
2889 3607 3194 3652 extremum
3219 3598 3528 3653 vestimenti
3552 3598 3691 3665 ejus,

2103 3689 2327 3746 liberata
2360 3690 2614 3760 est.Jpse
2645 3700 2825 3745 autem
2856 3690 2991 3745 dixit
3018 3709 3031 3745 :
3059 3689 3190 3755 Quis
3223 3691 3393 3759 tetigit
3426 3691 3549 3745 me?
3575 3691 3692 3745 Non

2103 3784 2246 3854 quod
2283 3783 2575 3854 ignoraret,
2619 3784 2713 3837 sel
2756 3791 2814 3836 ut
2860 3782 3202 3838 manifestam
3228 3783 3445 3838 faceret
3472 3785 3595 3854 ejus
3627 3786 3696 3837 li-

2106 3874 2250 3930 dem.
2286 3873 2466 3942 Quare
2492 3873 2628 3928 dixit
2655 3873 2702 3928 ei
2738 3872 2929 3929 Petrus
2956 3891 2971 3930 :
3003 3873 3179 3928 Turba
3206 3884 3255 3929 te
3279 3876 3489 3944 premit,
3521 3885 3574 3930 et
3607 3876 3693 3929 di-

2106 3969 2179 4022 cis
2210 3981 2228 4020 :
2260 3967 2391 4033 Quis
2433 3982 2513 4021 me
2554 3966 2769 4037 tetigit?
2798 3967 3150 4024 Manifestans
3182 3979 3362 4023 autem
3408 3969 3524 4035 illa,
3552 3971 3696 4040 quod

2107 4067 2297 4112 sanata
2330 4069 2499 4123 esse',
2529 4058 2667 4112 dixit
2692 4059 2740 4112 ei
2774 4059 3031 4115 Dominus
3060 4078 3074 4115 :
3116 4058 3259 4115 Vade
3294 4060 3349 4113 in
3377 4076 3528 4129 pace,
3560 4062 3696 4129 ﬁdes

2113 4160 2204 4205 tua
2243 4150 2443 4204 saluam
2472 4159 2521 4204 te
2550 4150 2756 4221 fecit".
2782 4148 3046 4207 Similiter
3061 4151 3294 4218 Pilatus,
3317 4153 3475 4207 Anna
3499 4164 3555 4210 et
3577 4153 3699 4209 Cai-

2111 4242 2245 4313 phas
2281 4243 2534 4297 viderunt
2570 4243 2874 4309 Dominum,
2909 4244 3001 4299 sed
3038 4253 3095 4298 ttt
3129 4231 3331 4312 reliqn'a
3362 4245 3540 4305 turba.
3577 4260 3701 4314 quae

2110 4334 2327 4392 videbat
2360 4336 2506 4390 illum
2541 4338 2658 4392 sine
2692 4338 2815 4404 title,
2847 4348 2901 4392 et
2934 4352 3037 4391 non
3074 4337 3217 4392 sicut
3251 4336 3504 4391 viderunt
3545 4335 3700 4391 illum

2112 4428 2336 4496 apostoli
2368 4445 2387 4483 ε
2424 4428 2627 4484 idcirco
2680 4429 2883 4482 nullam
2944 4427 3134 4482 lucrati
3193 4441 3318 4482 sunt.
3371 4429 3703 4493 utilitatem,

434 4510 651 4565 minime
680 4511 958 4576 valebant,
1001 4526 1123 4566 cum
1155 4520 1408 4580 expertes
1447 4521 1631 4570 essent
1665 4514 1884 4569 virtutis
1922 4515 2005 4570 di-
2038 4493 2084 4550 θ
2116 4493 2258 4588 quod
2289 4518 2437 4573 illum
2472 4519 2751 4575 vidissent.
2775 4518 3158 4588 ArApostolus
3180 4517 3314 4572 vidit
3347 4516 3497 4585 illum
3527 4519 3707 4574 oculis

430 4601 603 4657 rentis
647 4603 699 4658 itt
754 4601 1408 4672 Psalmo:Dirumpamus
1454 4605 1659 4659 vincula
1699 4621 1903 4673 eorum,
1959 4617 2007 4663 et

431 4692 773 4763 proﬁciamus
815 4708 850 4747 α
887 4693 1038 4748 nobis
1060 4693 1247 4765 jugum
1294 4696 1602 4764 ipsorum".
1632 4695 1780 4751 ~Cum
1829 4708 2009 4755 autem

437 4785 667 4841 vidisset
686 4786 883 4842 Paulus
904 4787 1179 4857 apostolus
1192 4788 1478 4848 Dominum
1502 4788 1684 4845 desum
1710 4790 2007 4860 Christum,

435 4878 661 4948 adeptus
707 4888 792 4934 est
841 4879 1257 4949 perfectionem;
1311 4890 1530 4952 tumque
1575 4884 1869 4954 opitulatus
1926 4896 2012 4940 est

434 4973 842 5044 impotentibus,
893 4985 951 5029 ut
989 4977 1335 5044 pervenirent
1381 4980 1448 5032 ad
1496 4978 1654 5033 liuent
1692 4991 1745 5033 et
1792 4995 2009 5036 sursum

435 5076 721 5137 pergerent
749 5083 765 5122 :
794 5067 897 5122 hoc
924 5077 1102 5122 autem
1150 5067 1317 5124 nimia
1363 5068 1480 5139 ejus
1519 5070 1907 5127 humilitate-in
1938 5072 2012 5128 si-

436 5156 792 5213 militudinem
822 5157 1032 5214 Domini
1064 5160 1233 5214 nostri
1261 5159 1390 5215 Jesu
1421 5161 1646 5228 Christi,
1676 5163 1768 5232 qui
1802 5163 2008 5235 ingenti

438 5246 738 5302 humilitate
783 5262 938 5304 suam
973 5247 1306 5303 divinitatem
1358 5249 1692 5304 humanitate
1747 5249 2012 5318 pertexit;

436 5337 800 5410 videbamque
834 5338 981 5394 illunt
1023 5350 1082 5394 ιιι
1121 5339 1419 5406 hominem,
1453 5356 1574 5396 cum
1612 5356 1716 5396 non
1751 5341 1821 5397 sit
1850 5342 2014 5398 homo

443 5435 673 5498 tantum,
702 5430 797 5487 sed
821 5431 962 5488 Deus
998 5432 1351 5499 homanatus,
1380 5432 1678 5489 secundum
1711 5433 1853 5503 quod
1881 5433 2017 5491 scri-

510 5610 554 5643 "
582 5612 769 5670 Matth.
808 5633 926 5675 χιιι.
958 5617 1047 5672 44.
1123 5618 1164 5650 ³⁸
1198 5617 1363 5672 Exod.
1394 5633 1576 5685 xxxiv,
1604 5617 1693 5680 29.
1718 5618 1807 5675 50.
1887 5618 1928 5652 ¹⁹
1962 5617 1983 5674 l

572 5685 616 5715 "
641 5682 793 5741 Joan.
830 5702 867 5747 ι.
905 5688 988 5743 ll.
1071 5688 1114 5721 ³⁸
1142 5688 1158 5743 l
1187 5688 1309 5744 Cor.
1345 5704 1418 5747 Η,
1453 5688 1541 5743 21.
1623 5689 1667 5722 “
1699 5690 1826 5746 ibid.
1862 5691 1907 5744 l.

2101 5635 2139 5673 r.
2172 5636 2261 5684 xv,
2290 5621 2340 5685 9;
2418 5618 2592 5674 Galat.
2630 5636 2665 5682 t,
2696 5619 2775 5678 l5.

2101 5689 2231 5747 L'lC.
2268 5707 2379 5747 λιιι.
2417 5690 2514 5747 45.
2547 5691 2637 5747 48.
2756 5698 2760 5702 ’

2148 5707 2231 5747 ac.
2268 5707 2379 5757 λιιι,
2417 5707 2514 5755 eo,
2547 5707 2637 5747 se.

437 5681 492 5740 δ.
572 5682 793 5759 "Juno.
830 5702 867 5748 ι,
905 5688 988 5743 14.
1071 5688 1114 5721 ³³
1142 5688 1158 5743 Ι
1187 5688 1309 5744 Cor.
1345 5704 1418 5750 Η,
1453 5681 1572 5743 2L-
1623 5689 1667 5722 “
1699 5690 1826 5746 ibid.
1862 5691 1907 5744 l.

2117 4609 2299 4665 cordis
2326 4609 2407 4665 sui
2439 4624 2645 4679 suaque
2671 4608 3001 4664 validissima
3039 4611 3161 4676 ﬁde,
3198 4610 3337 4665 sicut
3379 4609 3511 4663 vidit
3543 4609 3706 4667 illum

2119 4710 2387 4772 quae-erat
2433 4703 2485 4757 in
2534 4701 2679 4756 lluxu
2730 4702 3029 4772 sanguinis,
3077 4712 3132 4757 et
3178 4702 3346 4774 tetigit
3383 4699 3537 4755 illuni
3574 4718 3707 4758 cum

2119 4794 2247 4860 lide,
2273 4804 2325 4850 et
2355 4803 2543 4850 sanata
2576 4803 2680 4850 est.
2710 4793 2778 4849 Et
2821 4795 3277 4864 quemadmodum
3306 4794 3559 4865 apparuit
3610 4795 3706 4851 θοι

2123 4885 2302 4940 minus
2347 4897 2534 4941 noster
2584 4883 2742 4941 Jesus
2790 4886 3040 4943 Christus
3086 4886 3331 4957 apostolo
3380 4886 3554 4942 Paulo
3588 4898 3705 4956 post

2120 4985 2403 5045 superatas
2433 4976 2733 5046 passiones,
2789 4976 3133 5047 liberumque
3162 4977 3310 5031 illum
3342 4976 3546 5032 effecit.
3579 4977 3701 5031 Pari

2118 5068 2335 5137 quidem
2381 5070 2591 5123 ratione
2638 5070 2945 5138 quicunque
2991 5068 3130 5124 liber
3172 5069 3233 5125 lit
3279 5086 3308 5124 a
3338 5070 3705 5139 passionihus,

2122 5158 2410 5214 Dominum
2456 5159 2654 5215 videbit
2683 5152 2864 5217 cordis
2893 5161 2974 5215 sui
3005 5160 3204 5226 oculis,
3236 5164 3406 5231 titque
3453 5162 3626 5228 liber;
3654 5171 3704 5215 at

2123 5252 2313 5306 videre
2342 5266 2448 5307 non
2486 5251 2629 5307 valet
2668 5252 2841 5308 oculis
2866 5254 3142 5321 corporeis
3172 5252 3352 5308 lumen
3380 5253 3511 5309 illud
3533 5254 3703 5323 splen-

2125 5342 2487 5407 didissimum,
2535 5345 2677 5413 quod
2712 5344 2847 5400 vidit
2891 5342 3094 5401 Paulus
3123 5344 3422 5414 apostolus.
3466 5344 3546 5398 llli
3585 5361 3706 5400 vero

2124 5434 2216 5502 qui
2271 5434 2478 5489 animas
2525 5447 2653 5489 suas
2707 5431 2969 5491 seducunt
3022 5444 3189 5504 atque
3232 5434 3533 5505 decipiunt,
3571 5435 3706 5505 quod

2866 5621 2909 5654 ‘°
2938 5619 2952 5676 l
2978 5617 3100 5675 Cor.
3131 5632 3202 5682 tx,
3233 5621 3315 5680 t9.
3395 5621 3438 5653 “
3466 5619 3609 5687 Psal.
3648 5634 3704 5679 n.
