3976 6204
334 296 459 352 l0"

1252 263 1261 273 ’
1334 301 1392 357 ε.
1434 300 1718 356 AN'I'ONII
1762 301 1829 355 M.
1880 297 2174 355 sensus
2216 294 2599 353 EPISTOLAE.

3461 290 3482 345 l
3495 282 3527 344 ο
3538 289 3602 343 ιῑῖ

324 424 462 469 sane
500 410 794 466 maximum
836 422 920 468 est
967 415 1190 482 malum,
1244 420 1504 489 consequi
1538 419 1779 490 profecto
1813 437 1910 473 ue-
1942 426 1986 480 Λ
2018 418 2295 488 signorum
2331 413 2813 485 perpetrationem.
2844 409 3043 481 Utique
3075 408 3285 474 sciatis,
3312 408 3457 463 lilioli
3479 412 3605 475 mei,

337 509 535 571 queunt
557 517 750 572 panem
779 503 900 558 vita:
928 524 940 559 :
967 506 1166 578 quippe
1188 511 1278 579 qui
1304 511 1692 568 obteuebratos
1716 514 1916 568 habent

331 591 544 656 oculos,
571 606 672 647 nec
701 592 914 662 placent
936 596 1066 665 Deo,
1086 613 1246 669 quem
1275 601 1503 656 adorant
1529 617 1718 659 onmes
1740 605 1915 660 sancti

333 683 389 737 in
414 683 577 739 corde
600 700 696 740 suo
718 701 950 759 eumque
974 690 1288 749 intuentur:
1313 695 1398 751 his
1423 711 1655 768 namque
1679 708 1733 752 et
1759 698 1916 753 simi-

336 774 478 831 libus
499 790 618 832 sese
638 777 894 837 Dominus
916 783 1157 851 exhibet,
1183 801 1305 842 eum
1332 788 1554 845 minime
1577 790 1918 860 passionibus

334 866 446 921 sint
485 866 733 936 subjecti.
771 870 1043 942 Scriptum
1092 878 1237 932 enim
1277 888 1364 935 εει
1402 880 1480 935 sic
1518 882 1585 937 de
1620 881 1755 937 Isaia
1789 898 1918 953 pro-

334 959 522 1028 pheta,
564 962 707 1031 quod
767 963 1025 1024 Dominus
1072 985 1179 1025 non
1227 982 1311 1028 est
1355 988 1604 1033 reversus
1656 993 1919 1048 apparere

336 1053 633 1122 prophetae,
671 1070 737 1111 eo
795 1058 939 1127 quod
986 1075 1087 1116 non
1123 1060 1558 1133 reprehendisset
1606 1068 1791 1125 Oziam
1835 1087 1919 1125 re-

335 1159 476 1213 gem,
514 1156 569 1201 et
595 1147 880 1205 interdicta
916 1162 999 1208 est
1025 1153 1100 1209 illi
1131 1157 1429 1229 prophetia.
1460 1159 1589 1215 Post
1614 1159 1760 1217 Ozias
1788 1178 1918 1219 vero

336 1234 545 1291 obitum
596 1243 846 1310 apparuit
890 1243 938 1298 ei
979 1246 1204 1317 angelus
1258 1250 1491 1320 Domini,
1534 1255 1921 1326 Inundavitque

337 1326 483 1380 illum
515 1330 703 1397 prunis
733 1339 789 1386 et
815 1330 1107 1409 forcipibus
1134 1337 1324 1408 igneis.

409 1417 591 1486 Quare
606 1422 824 1487 scitote,
845 1426 985 1492 quod
1005 1426 1286 1484 demortuo
1311 1430 1362 1485 in
1383 1432 1486 1488 hoc
1512 1432 1728 1490 homine
1754 1450 1920 1507 regno

340 1509 568 1579 peccati,
592 1521 815 1581 apparet
841 1512 981 1569 Deus
1006 1517 1221 1585 aniune,
1258 1518 1513 1589 illamque
1544 1537 1667 1578 cum
1692 1539 1921 1595 corpore

339 1602 618 1657 emundat.
671 1602 726 1658 Si
767 1620 896 1661 vero
929 1622 1151 1678 regnum
1188 1614 1638 1681 peccatiwivitin
1671 1633 1918 1687 corpore,

339 1706 471 1749 sane
503 1694 695 1764 nequit
725 1696 888 1751 homo
939 1700 1121 1758 videre
1148 1701 1313 1757 Deum
1339 1723 1353 1760 :
1382 1707 1579 1762 etenim
1613 1707 1792 1763 anima
1823 1724 1921 1780 po-

341 1782 445 1837 sita
477 1793 562 1838 est
590 1784 643 1839 in
673 1788 935 1853 tenebris,
973 1804 1073 1846 nec
1119 1805 1342 1863 apparet
1374 1795 1425 1849 in
1469 1811 1533 1851 ea
1567 1796 1747 1854 lumen
1778 1802 1921 1869 quod
1952 1788 2018 1849 Βν

340 1888 426 1933 εει
454 1879 591 1935 visio
627 1876 740 1936 Dei.
775 1880 914 1936 Dicit
950 1900 1180 1955 namque
1229 1886 1393 1944 David
1427 1908 1440 1944 :
1481 1888 1698 1947 Lumine
1727 1903 1817 1948 tuo
1847 1895 1925 1950 vi-

344 1970 581 2026 debimus
627 1972 880 2031 tamen".
913 1965 1051 2043 Quid
1085 1988 1180 2034 εει·
1198 1989 1376 2036 autem
1433 1984 1535 2039 hoc
1577 1983 1775 2049 lumen,
1817 2003 1926 2058 quo

348 2062 493 2116 videt
534 2064 694 2120 homo
729 2064 948 2123 lumen?
986 2067 1080 2124 Est
1118 2070 1297 2127 lumen
1348 2074 1502 2145 cujus
1547 2078 1797 2147 meminit
1820 2080 1926 2134 Do-

342 2152 526 2208 minus
551 2164 733 2211 uoster
747 2155 902 2214 Iesus
921 2159 1166 2217 Christus
1190 2163 1242 2218 in
1273 2162 1563 2237 Evangelia
1580 2169 1625 2201 ³⁷
1642 2188 1656 2223 :
1672 2171 1880 2227 scilicet
1897 2211 1914 2237 ,

342 2254 402 2297 ιιι
436 2246 509 2299 sit
537 2247 695 2303 homo
727 2260 869 2307 totus
897 2252 1220 2322 luminosu’s,
1253 2272 1353 2314 nec
1377 2259 1448 2315 sit
1488 2261 1540 2315 in
1568 2277 1633 2318 eo
1668 2263 1771 2318 ulla
1802 2279 1926 2335 pars

345 2337 651 2396 tenebrosa.
684 2341 748 2396 Et
772 2344 1223 2414 quemadmodum
1250 2350 1385 2404 dixit
1406 2353 1568 2408 etiam
1596 2372 1609 2409 :
1640 2353 1809 2411 Nemo
1837 2374 1927 2412 co-

344 2434 543 2502 gnoscit
577 2432 816 2501 Patrem,
842 2439 944 2493 nisi
968 2439 1165 2510 Filius,
1198 2452 1246 2497 et
1284 2445 1575 2516 cuicunque
1604 2448 1708 2502 vult
1746 2447 1926 2505 Fil.us

343 2526 764 2594 manifestare”.
810 2529 981 2587 Filius
1028 2544 1231 2599 autem,
1262 2536 1414 2592 ﬁlioli
1444 2539 1570 2605 mei,
1603 2555 1711 2596 non
1747 2544 1924 2597 mani-

345 2619 505 2673 festat
544 2618 756 2675 Patrem
800 2638 956 2678 suum
995 2624 1120 2682 ﬁliis
1166 2628 1533 2696 tenebrarum,
1567 2633 1662 2688 sed
1710 2650 1924 2704 perma-

347 2710 600 2766 nentihus
648 2712 700 2766 in
750 2711 972 2780 lumine,
1008 2717 1207 2787 quique
1236 2730 1361 2775 sunt
1391 2720 1484 2775 lilii
1521 2720 1760 2789 luminis,
1795 2740 1928 2795 quo-

348 2816 467 2855 rum
506 2804 727 2859 cordum
768 2807 954 2862 oculos
1012 2809 1337 2867 illuminavit
1379 2814 1689 2884 cognitione
1729 2832 1932 2886 praece-

348 2902 585 2963 ptorum.
605 2893 826 2964 Oportet
848 2900 1086 2969 quidem,
1116 2917 1212 2958 nos
1233 2904 1465 2973 primum
1491 2906 1690 2963 imitari
1711 2907 1930 2983 Moysen

348 2987 733 3055 prophetarum
759 2992 1075 3059 maximum,
1102 3005 1158 3049 ut
1187 2995 1529 3054 inveniamus
1552 3000 1777 3071 gloriam
1803 3001 1925 3057 lidei

352 3075 446 3132 Dei
492 3078 798 3135 invisibilis.
834 3081 1042 3153 Moyses
1089 3085 1232 3140 enim
1265 3101 1386 3141 cum
1426 3088 1599 3146 factus
1631 3102 1775 3148 esset
1804 3091 1928 3148 filice

348 3167 648 3227 Pharaonis
678 3171 842 3238 filius,
868 3184 923 3229 et
950 3190 1072 3230 cum
1116 3176 1366 3235 laborare
1394 3179 1646 3251 elegisset
1677 3199 1799 3237 cum
1834 3201 1932 3254 po-

350 3259 480 3328 pulo
509 3260 626 3326 Dei,
660 3263 887 3334 projecit
917 3281 945 3319 a
988 3281 1047 3321 se
1080 3268 1400 3323 servitutem
1434 3270 1647 3339 plenam
1676 3272 1934 3344 abjectio-

350 3351 471 3417 nis;
507 3361 562 3406 et
607 3353 873 3412 hactenus
922 3355 1087 3413 Deum
1125 3375 1231 3415 nou
1268 3361 1499 3429 viderat,
1548 3379 1669 3418 cum
1700 3374 1847 3421 esset
1879 3368 1931 3423 in

349 3444 614 3500 servitute
641 3464 654 3500 :
679 3454 735 3501 at
764 3446 854 3503 illa
877 3464 1105 3505 excussa
1137 3454 1400 3510 servitute
1432 3470 1553 3525 qua:
1590 3467 1674 3513 est
1702 3459 1934 3516 Pharao-

354 3539 464 3605 nis,
497 3539 629 3595 liber
660 3541 836 3598 fat-tus
880 3553 983 3612 est,
1025 3548 1328 3619 meruitque
1372 3548 1557 3604 videre
1591 3550 1782 3605 rubum
1814 3554 1937 3623 igne

353 3645 683 3699 accensum,
732 3633 1133 3693 incombustum
1198 3652 1397 3694 tamen.
1457 3639 1665 3695 Dicitur
1715 3652 1934 3710 autem,

354 3724 499 3793 quod
544 3734 659 3779 erat
697 3740 891 3793 magna
926 3728 1089 3794 visio,
1134 3729 1482 3801 habebatque
1525 3732 1849 3803 principium
1883 3744 1938 3792 et

352 3814 621 3871 visionem
651 3820 890 3887 mysterii
925 3821 1085 3875 medii
1116 3830 1169 3874 ct
1200 3821 1382 3879 linem.

428 3905 527 3963 llic
555 3908 772 3979 quidem
808 3910 1047 3985 Moyses,
1083 3914 1209 3969 dum
1249 3916 1497 3972 deseruit
1537 3915 1833 3988 (Egyptum
1887 3931 1944 3978 ct

352 4000 540 4073 cffugit
580 4003 955 4073 Pharaonem,
980 4007 1455 4081 quadragesimum
1482 4013 1677 4083 agebat
1714 4031 1939 4082 annum,

355 4102 409 4147 ει
436 4110 574 4163 opus
611 4109 870 4167 operatus
916 4111 1001 4156 est
1028 4101 1289 4157 adversus
1342 4101 1683 4162 Pharaonem
1718 4124 1732 4160 :
1773 4122 1943 4178 quare

354 4186 633 4245 solitarius
659 4189 836 4252 lactus
866 4202 950 4248 est
988 4194 1041 4248 in
1081 4193 1300 4271 deserto
1331 4195 1567 4265 Madian,
1601 4199 1755 4268 cujus
1779 4201 1946 4255 inter-

357 4281 596 4347 pretatio
627 4292 734 4350 est,
776 4282 923 4339 locus
952 4284 1070 4342 Dei.
1112 4285 1446 4343 Intellectum
1468 4303 1684 4361 quoque
1707 4307 1736 4344 a
1769 4290 1946 4346 multi-

268 4370 277 4379 '
360 4372 546 4427 tudine
578 4385 942 4446 segregatum,
988 4377 1272 4448 solumque
1304 4391 1635 4448 versantem,
1686 4387 1944 4442 corrobo-

2026 512 2124 567 hos
2156 510 2248 566 Dei
2279 510 2460 564 varios
2487 516 2736 579 aspectus
2768 504 3228 576 .imperfectorum
3259 517 3404 565 esse,
3446 502 3607 556 sicuti

2024 602 2317 657 videntium
2352 602 2404 656 in
2441 601 2663 671 speculo
2694 616 2708 652 :
2744 596 2908 666 atqui
2937 604 3302 667 pervenerunt
3335 594 3400 648 ad
3434 593 3611 663 perfe—

2027 695 2284 761 ctionem,
2312 694 2495 750 cordis
2522 705 2710 748 eorum
2738 690 3058 760 aperiuntur
3087 687 3251 750 oculi,
3276 697 3615 757 apparetqua
3687 692 3691 702 '

2026 786 2132 841 illis
2155 786 2445 840 maximum
2480 785 2662 840 lumen
2694 782 3030 852 cumrequie
3048 780 3167 836 sine
3197 778 3400 833 labore.
3431 776 3612 844 Quan-

2027 877 2315 950 doquidem
2349 880 2403 933 in
2436 878 2801 949 perfectorem
2850 875 3022 930 oculis
3070 872 3201 928 nihil
3245 882 3489 926 remanet
3523 886 3610 924 rr-

2024 970 2404 1041 preheusionis
2428 969 2634 1039 peccati
2675 976 2766 1023 aut
2812 966 3182 1028 tenebrarum,
3209 963 3462 1035 quoniam
3491 961 3611 1015 hare

2025 1065 2131 1120 duo
2152 1064 2194 1120 si
2231 1063 2379 1120 cordi
2418 1061 2578 1117 insita
2614 1060 2745 1127 sint,
2776 1072 3116 1128 nequaquam
3160 1056 3353 1110 animm
3379 1053 3608 1125 permit-

2030 1165 2147 1210 tttnt
2185 1156 2367 1210 videre
2396 1154 2658 1209 visionem
2690 1149 3043 1222 perfectionis
3079 1164 3200 1219 qtae
3224 1158 3301 1203 est
3339 1146 3613 1216 perfecto-

2028 1264 2168 1314 rum,
2196 1249 2371 1317 qualis
2408 1256 2527 1304 erat
2563 1245 2699 1302 visio
2744 1244 2895 1300 Pauli
2954 1253 3009 1300 et
3054 1244 3336 1305 similium,
3393 1242 3468 1295 de
3505 1256 3608 1310 qua

2027 1340 2472 1411 dixitApostolus
2501 1356 2514 1392 :
2563 1338 2727 1394 Vultu
2759 1337 2930 1392 velato
2954 1336 3186 1392 uidemus
3228 1334 3454 1407 glor'am
3492 1333 3611 1393 Dei.

2027 1444 2277 1505 tanquam
2304 1437 2392 1505 qui
2414 1435 2547 1489 videt
2581 1433 2637 1487 in
2664 1429 2898 1503 speculo,
2925 1438 2975 1485 et
2998 1430 3345 1484 immutantur
3374 1444 3404 1482 a
3442 1425 3615 1498 gloria

2027 1525 2080 1579 in
2100 1526 2325 1596 gloriam
2350 1526 2418 1582 ³⁸.
3096 1604 3099 1605 ν

2100 1619 2235 1676 item
2263 1618 2474 1691 Moyses
2530 1632 2635 1674 non
2684 1614 3093 1688 transmigravit
3122 1613 3191 1670 de
3224 1629 3332 1670 uno
3364 1612 3415 1668 iu
3446 1612 3611 1667 alium

2030 1709 2226 1774 locum,
2258 1726 2432 1782 neque
2459 1712 2663 1765 deuua
2705 1709 2928 1779 regione
2980 1710 3035 1764 in
3088 1707 3277 1771 aliam,
3310 1706 3405 1761 sed
3438 1713 3616 1759 trans-

2027 1803 2278 1874 migravit
2335 1802 2817 1873 transmigratione
2889 1810 3077 1872 aperte
3143 1798 3402 1855 mirabili.
3462 1795 3613 1851 Vidit

2025 1897 2168 1951 enim
2195 1896 2459 1953 visionem
2482 1895 2623 1952 hanc
2642 1910 2913 1966 magnam,
2936 1908 3055 1963 quae
3082 1903 3167 1950 est
3192 1891 3445 1948 accensio
3474 1890 3616 1959 ignis

2025 1985 2080 2041 in
2107 1987 2240 2043 rubo
2290 1986 2411 2044 sine
2438 1985 2837 2049 combustione,
2887 1994 3150 2056 prmterea
3195 1981 3613 2039 collocutioucm

2026 2085 2082 2133 et
2127 2077 2415 2134 visionem.
2448 2077 2581 2145 Quae
2637 2076 2861 2147 quidem
2915 2074 3301 2143 contemplatio
3352 2071 3619 2126 mirabilis

2028 2178 2188 2241 typus
2239 2178 2325 2226 est
2376 2168 2623 2241 mysterii
2660 2165 3243 2237 incomprehensibilis.
3287 2163 3354 2218 Et
3385 2163 3501 2219 haec
3534 2173 3620 2218 est

2028 2263 2459 2335 transmigratio,
2525 2262 2679 2333 cujus
2736 2260 2982 2317 meminit
3048 2258 3245 2314 Paulus
3309 2257 3616 2328 apostolus;

2029 2354 2171 2425 quod
2191 2355 2262 2410 sit
2297 2353 2708 2425 transmigratio
2743 2351 2811 2407 dc
2848 2350 3017 2420 gloria
3051 2350 3103 2403 in
3149 2349 3400 2419 gloriam,
3442 2358 3497 2402 et
3553 2347 3622 2401 de

2031 2447 2135 2502 lide
2170 2446 2221 2501 in
2274 2446 2452 2512 fidem,
2483 2455 2538 2502 et
2565 2445 2634 2502 de
2659 2442 3050 2514 imperfectiori
3091 2441 3291 2497 virtute
3337 2441 3404 2495 ad
3438 2438 3615 2509 perfe-

2030 2539 2256 2596 ctiorcm
2323 2539 2599 2594 virtutem.
2655 2536 2785 2605 Quae
2851 2533 3072 2605 quidem
3119 2532 3525 2602 transmigratio
3563 2542 3622 2587 et

2032 2629 2275 2685 accessio
2302 2644 2365 2685 ea
2399 2637 2486 2685 est
2510 2642 2761 2700 quamos
2795 2625 3251 2698 appropinquare
3272 2623 3398 2679 facit
3433 2623 3620 2678 Domi-

2035 2736 2125 2788 no,
2156 2730 2211 2777 et
2237 2720 2520 2792 acquirere
2553 2719 2819 2776 visionem
2860 2715 3187 2788 cognitionis
3213 2714 3331 2787 ejus
3382 2714 3619 2770 virtutis.

2033 2812 2306 2884 Siquidem
2349 2813 2485 2868 dixit
2541 2812 2685 2868 Deus
2736 2825 2832 2881 per
2873 2810 3109 2881 linguam
3165 2807 3248 2864 sui
3302 2806 3618 2877 proph‘ctm:

2034 2906 2345 2962 Accedentes
2395 2906 2464 2960 ad
2494 2921 2594 2972 me,
2627 2912 2941 2975 cognoscunt
2969 2918 3138 2956 nteant
3175 2903 3413 2955 virtutem
3437 2900 3503 2953 ³¹.
3529 2898 3622 2953 tlte

2034 3011 2164 3069 ergo
2191 2998 2279 3068 qui
2303 2997 2515 3053 accedit
2548 2999 2615 3053 ad
2642 2996 2953 3061 Dominum,
2992 2996 3273 3066 cognoscit
3296 2993 3414 3063 ejus
3446 2994 3622 3049 virtu-

2038 3095 2142 3144 tem
2164 3106 2199 3156 ς,
2238 3089 2290 3144 iu
2352 3089 2627 3146 intellectu
2671 3104 2799 3144 vero
2845 3087 2935 3159 qui
2981 3088 3047 3142 ad
3090 3085 3255 3142 Deum
3299 3086 3474 3142 adhuc
3514 3100 3621 3139 non

2036 3181 2288 3246 accessit,
2336 3182 2533 3253 impius
2590 3181 2862 3237 exaltatur
2901 3181 2992 3251 qui
3035 3188 3118 3237 est
3153 3177 3421 3243 diabolus,
3480 3177 3626 3233 sicut

2038 3274 2199 3328 arbor
2228 3272 2440 3327 Libani.
2489 3273 2625 3328 Cum
2663 3287 2796 3328 vero
2830 3271 2939 3327 Deo
2978 3267 3624 3359 appropinquavcri't'in-

2042 3364 2285 3421 tellectus
2337 3364 2445 3430 ille,
2503 3374 2558 3421 et
2607 3365 2656 3420 ei
2690 3364 2872 3418 unitus
2893 3362 3057 3418 fuerit
3100 3370 3348 3417 et-unum
3382 3358 3504 3414 cum
3538 3358 3628 3413 illo

2042 3457 2234 3519 factus,
2269 3472 2372 3512 non
2406 3465 2635 3529 apparet
2668 3456 2901 3528 amplius
2941 3453 3139 3525 impius
3179 3453 3268 3523 qui
3305 3451 3461 3507 initio
3488 3451 3539 3506 in
3563 3466 3629 3505 eo

2039 3547 2402 3603 cxaltabatur.
2432 3548 2509 3603 De
2548 3563 2655 3618 qua
2686 3557 2867 3603 autem
2906 3561 2967 3601 re
2994 3541 3091 3601 nos
3117 3546 3305 3601 edocet
3345 3544 3512 3599 David
3543 3545 3627 3597 die

2039 3655 2171 3697 cens
2200 3660 2213 3695 :
2265 3640 2388 3694 Vidi
2417 3641 2639 3710 impium
2677 3640 2984 3694 celsitudine
3000 3639 3116 3707 jam
3146 3647 3376 3701 auctum,
3409 3646 3455 3690 et
3484 3636 3631 3689 exal-

2042 3738 2208 3782 tatum
2258 3729 2457 3782 essein
2505 3728 2882 3796 longitudinem
2927 3727 3060 3780 sicut
3093 3725 3275 3779 cedros
3326 3721 3547 3788 Libani;
3580 3734 3641 3778 et.

2044 3819 2287 3882 transivi,
2312 3828 2360 3874 et
2393 3835 2509 3874 ecce
2541 3834 2644 3872 non
2672 3829 2825 3884 erat;
2858 3826 2907 3873 et
2935 3817 3151 3887 qumiri
3177 3832 3315 3880 eum,
3340 3826 3386 3870 et
3406 3832 3508 3870 non
3548 3818 3630 3869 iu-

2043 3910 2157 3965 veni
2193 3910 2365 3964 locum
2391 3907 2504 3978 ejus
2546 3906 2614 3961 ²².
2641 3906 2811 3962 David
2850 3906 3068 3975 quidem
3100 3920 3205 3960 non
3235 3905 3483 3975 qttmsivit
3531 3906 3634 3958 im-
3672 3906 3677 3910 ’

2043 3998 2214 4070 pium,
2271 4013 2446 4068 neque
2475 3999 2654 4053 locum
2703 3997 2821 4066 ejus
2852 3996 2956 4051 nisi
2988 3996 3310 4067 inquirendo
3353 3996 3418 4051 de
3446 3996 3634 4066 cognis

2047 4092 2193 4146 tione
2254 4090 2371 4147 Dei.
2412 4089 2674 4145 Similiter
2712 4088 3021 4160 quicunque
3060 4087 3285 4158 inquirit
3323 4088 3390 4144 de
3444 4090 3636 4160 cogni-

2049 4185 2193 4240 tione
2228 4184 2342 4250 Dei,
2367 4199 2472 4240 nou
2511 4183 2720 4240 invenit
2750 4182 2971 4252 impimn
3012 4182 3254 4238 omnino.
3287 4181 3498 4237 Dictum
3541 4198 3637 4235 au-

2051 4284 2156 4330 tem
2195 4273 2332 4344 ejus,
2381 4271 2648 4339 Τιάηεὶυἱ,
2698 4271 2877 4328 simile
2904 4270 3071 4326 etiam
3105 4280 3186 4326 est
3226 4270 3372 4325 dicto
3413 4270 3533 4339 ejus
3582 4270 3643 4325 in.

2049 4366 2155 4422 alio
2175 4366 2384 4437 psalmo
2411 4382 2423 4417 :
2465 4363 2723 4420 Transibo
2744 4380 2838 4434 per
2860 4363 2976 4418 loca
2999 4361 3244 4417 utnbrosa
3269 4360 3533 4415 mirabilia
3567 4361 3637 4414 ad

359 4473 443 4518 rat
472 4465 613 4521 Deus
643 4467 1003 4540 stabilemque
1049 4469 1232 4537 eﬂicit,
1280 4480 1339 4527 ut
1390 4472 1564 4528 valeat
1618 4491 1862 4544 quartere
1893 4485 1951 4534 ct
1981 4502 2027 4558 ι)
2050 4462 2265 4558 “mill”?
2289 4458 2385 4558 De}.
2406 4458 2473 4558 ’ξς
2503 4457 2603 4527 Qui
2629 4458 2847 4558 (ιξιῖίηιη
2877 4458 3138 4558 {fulminis
3162 4455 3253 4527 (ιυί
3296 4466 3382 4511 εει
3414 4454 3639 4558 "uel-’50"

362 4553 693 4627 investigare
723 4573 783 4612 ea
806 4574 924 4628 quae
960 4557 1174 4616 Domini
1205 4572 1359 4629 sunt;
1384 4575 1437 4618 et
1474 4572 1584 4619 tum
1617 4566 1816 4622 videbit
1839 4585 1952 4622 ma-

360 4644 699 4714 gnitudinem
731 4647 948 4704 virtutis
979 4660 1032 4705 et
1074 4650 1372 4708 divinitatis
1417 4663 1472 4708 et
1509 4653 1813 4723 splendoris
1835 4658 1951 4727 ejus

363 4736 414 4787 in
454 4735 751 4792 creaturis.
781 4736 990 4810 Itaque,
1028 4740 1180 4795 ﬁlioli
1215 4742 1341 4810 mei,
1384 4742 1595 4799 ittitium
1627 4761 1834 4817 magna:
1867 4752 1949 4804 vi-

360 4826 535 4883 sionis
563 4837 645 4882 est
685 4830 858 4899 prima
896 4831 1054 4899 visio,
1080 4848 1241 4903 quam
1282 4835 1416 4890 vidit
1450 4837 1661 4909 Moyses
1692 4841 1743 4896 in
1778 4843 1948 4898 mira-

360 4918 454 4971 bili
482 4919 832 4986 mirabilium,
873 4923 1018 4992 quod
1047 4923 1214 4979 rubus
1247 4934 1394 4980 esset
1426 4940 1713 4995 accensus,
1756 4941 1811 4987 ct
1839 4950 1943 4990 uou

360 5010 797 5067 combureretur.
850 5013 979 5080 Qua:
1012 5030 1146 5071 sane
1179 5016 1316 5072 visio
1368 5017 1503 5073 satis
1540 5033 1746 5077 remota
1783 5035 1866 5079 cst
1919 5042 1949 5081 a

362 5101 719 5172 perfectione.
757 5105 827 5159 At
864 5106 1006 5162 visio
1055 5109 1275 5164 secundi
1327 5112 1568 5180 mysterii
1601 5123 1683 5168 est
1710 5117 1953 5174 accessio

364 5193 586 5261 propior
626 5192 748 5263 plus
805 5210 966 5264 quam
1033 5198 1201 5268 priori
1252 5210 1513 5270 tempore.
1570 5202 1715 5257 Dixit
1749 5208 1893 5262 enim
1934 5226 1948 5263 :

378 5280 601 5351 Vadam,
636 5293 685 5340 et
727 5288 904 5342 videbo
941 5290 1188 5344 visionem
1236 5290 1373 5345 lianc
1413 5309 1653 5363 magnam
1684 5298 1748 5351 ’⁵.
1781 5299 1954 5354 Acce-

369 5376 512 5431 tfeuti
549 5388 731 5435 autem
762 5379 905 5435 facta
937 5392 1022 5438 est
1059 5381 1365 5439 collocatio.
1406 5383 1673 5442 Perfectio
1705 5404 1831 5444 vero
1862 5400 1947 5446 est

370 5482 484 5535 Qus
532 5471 816 5528 humilitas
846 5483 983 5551 post.
1025 5474 1439 5532 collocutioucm
1497 5488 1552 5532 et
1599 5479 1860 5535 visionem
1895 5491 1949 5537 ct

441 5675 488 5708 ¹⁶
525 5675 666 5730 νει-,1.
716 5692 879 5739 xxxv,
928 5677 1011 5733 ιι).
1088 5680 1129 5711 ’τ
1158 5680 1283 5734 Luc.
1310 5680 1494 5743 st,56.

371 5745 425 5803 6.
504 5747 547 5778 "
581 5745 724 5805 l'sal.
756 5763 940 5817 xxxvi,
972 5749 1060 5818 35,
1092 5751 1181 5806 36.
1260 5753 1300 5784 ³³
1348 5751 1489 5808 l‘sal.
1524 5767 1631 5820 xu,
1678 5753 1727 5808 i5.

1578 5680 1620 5712 "
1648 5679 1833 5739 Matth.
1868 5698 1943 5743 ιιι,
1977 5682 2065 5737 57.
2142 5681 2185 5713 ²⁶⁴
2216 5681 2324 5735 Exn

1578 5767 1631 5820 .t,
1678 5753 1727 5808 δι
1808 5755 1849 5786 ³³
1887 5752 1951 5809 lll
1980 5752 2109 5823 llcg.
2154 5768 2262 5819 tux,
2298 5751 2327 5805 7

2058 4552 2324 4621 traiectio,
2363 4552 2566 4608 iudicat
2599 4552 2758 4609 nobis
2804 4550 2999 4606 aniune
3034 4552 3428 4606 incrementum
3465 4566 3478 4603 :
3536 4548 3640 4603 hoc

2052 4656 2287 4713 namque
2321 4641 2469 4697 dedit
2525 4643 2789 4713 propheta
2851 4642 2903 4696 in
2937 4641 3148 4711 signum
3208 4638 3456 4711 perfecti,
3513 4653 3638 4695 cum

2052 4743 2210 4791 antea
2256 4735 2339 4790 via
2372 4734 2491 4805 ejus
2525 4750 2556 4789 a
2585 4733 2696 4792 Deo
2738 4734 3102 4790 remotissima
3126 4742 3292 4788 esset.
3323 4730 3432 4787 Nec
3460 4732 3640 4786 admi-

2053 4827 2268 4890 remini,
2296 4827 2443 4883 filioli
2477 4828 2604 4893 mei,
2637 4827 2780 4898 quod
2805 4837 2993 4883 nostra
3030 4825 3117 4881 via
3142 4825 3214 4881 sit
3244 4824 3637 4889 remetissima,

2052 4936 2176 4976 cum
2200 4921 2373 4977 adhuc
2395 4936 2677 4978 versemur
2708 4920 2761 4975 iu
2794 4919 3067 4991 spirituali
3105 4917 3355 4991 pueritia.
3385 4918 3642 4973 Videmus

2055 5016 2199 5071 enim
2224 5016 2429 5071 dictum
2456 5031 2577 5072 esse
2608 5016 2884 5087 propheta:
2915 5015 2991 5070 illi
3020 5029 3216 5082 magno
3251 5013 3415 5069 Elia):
3449 5013 3645 5084 Surge;

2056 5107 2264 5163 comede
2287 5118 2333 5162 et
2376 5108 2512 5175 bibe,
2538 5118 2585 5162 et
2633 5110 2967 5178 confartarc;
3007 5108 3162 5177 longa
3186 5109 3325 5161 enim
3351 5106 3525 5159 adhuc
3561 5106 3645 5161 ria

2060 5212 2151 5255 tua
2175 5202 2326 5256 est”.
2348 5202 2494 5256 Etde
2520 5202 2622 5257 hac
2649 5201 2836 5256 eadem
2862 5200 3255 5271 longinquitate
3282 5198 3420 5253 dixit
3445 5198 3643 5253 David:

2060 5293 2191 5361 Quis
2206 5294 2352 5349 dabit
2375 5294 2499 5348 mihi
2513 5294 2627 5349 alas
2652 5294 2926 5358 columbae,
2946 5302 3000 5347 ut
3023 5294 3205 5358 ralem,
3224 5302 3270 5347 et
3284 5292 3551 5363 quiescam
3565 5287 3647 5345 ἐἳ

2057 5387 2151 5442 llis
2191 5399 2368 5443 autem
2430 5401 2528 5442 nos
2575 5388 2715 5443 scire
2766 5395 2999 5456 oportet,
3041 5385 3185 5455 quod
3231 5384 3339 5438 vita
3376 5385 3647 5456 cujusque

2056 5481 2226 5537 uestri
2249 5494 2418 5551 egena
2444 5490 2547 5545 est,
2578 5488 2631 5534 ct
2660 5480 2745 5534 via
2777 5478 3073 5534 laboriosa.
3111 5477 3290 5542 Quare
3317 5483 3553 5544 oportet,
3589 5479 3647 5523 ut

2142 5681 2185 5713 ”
2216 5680 2382 5735 Exod.
2418 5697 2497 5739 ιιι.
2531 5682 2583 5734 5.
2661 5680 2706 5711 ³⁸
2739 5681 2918 5736 “Cor.
2948 5697 3024 5743 ιιι,
3048 5681 3133 5737 18.

2430 5753 2472 5783 ³⁸
2503 5751 2645 5810 P541.
2682 5767 2790 5818 ων,
2823 5753 2875 5806 7.

3215 5676 3394 5734 "P.~at
3451 5692 3642 5742 sunt,
