3990 6210
405 275 543 336 10ιὸ

401 475 644 548 pigritia,
685 475 779 530 sed
813 483 988 541 caule,
1030 486 1084 530 et
1123 492 1246 530 cum
1297 477 1611 532 stabilitate.
1649 478 1859 533 Etenim
1899 478 1987 533 do-

404 581 524 624 ctor
544 568 689 623 orbis
728 577 993 623 terrarum
1035 567 1233 623 Paulus
1271 571 1422 624 nobis
1466 571 1720 634 consulit,
1757 580 1814 625 iit
1863 584 1988 624 cur-

405 678 610 729 ramus,
673 671 727 714 ut
764 663 1256 731 apprehendamus.
1311 663 1379 718 Et
1423 665 1554 720 dicit
1601 667 1804 720 etiam:
1846 664 1986 720 Sub-

398 753 533 825 jicio
569 769 758 821 corpus
807 770 1000 820 meum,
1041 763 1088 808 et
1116 756 1295 826 redigo
1324 756 1459 810 illud
1491 758 1545 810 in
1591 757 1888 812 servitutem
1921 758 1983 810 ³⁸.

473 842 775 898 Curramus
822 845 1024 914 itaque,
1077 845 1225 899 filioli
1260 847 1386 914 mei,
1422 849 1546 901 dum
1581 858 1793 918 tempus
1825 850 1990 902 habe-

403 950 524 990 mus
557 936 611 990 in
663 935 766 990 hoc
809 951 1059 1007 corpore,
1090 947 1148 992 ut
1185 939 1657 1008 appreliendamus
1693 939 1983 1009 perfectio-

401 1043 548 1092 nem,
574 1032 1031 1098 quemadmodum
1082 1033 1439 1102 apprehendit
1467 1032 1610 1088 illam
1640 1035 1728 1089 hic
1768 1044 1988 1090 sanctus

403 1120 620 1187 Paulus,
664 1124 753 1192 qui
790 1124 925 1178 dixit
962 1142 977 1180 :
1034 1124 1310 1179 Decertavi
1366 1137 1629 1180 certamen
1681 1129 1894 1192 bonum,
1939 1137 1987 1181 et

401 1215 594 1284 perfeci
629 1218 858 1271 stadium
903 1235 1092 1285 meum,
1125 1229 1170 1272 et
1194 1220 1392 1273 servavi
1422 1220 1580 1288 ﬁdem
1608 1233 1777 1274 meam
1817 1231 1863 1275 et
1887 1237 1992 1274 ser-

403 1316 520 1360 rata
545 1319 618 1362 est
653 1310 779 1362 milii
811 1327 874 1364 ex
903 1321 1025 1364 tunc
1047 1328 1238 1365 corona
1275 1311 1458 1382 gloria:
1491 1329 1615 1366 mea:
1645 1313 1711 1365 ³⁷.
1747 1313 1990 1382 Cumque

403 1401 850 1470 apprehendisset
884 1404 970 1458 hic
1019 1404 1308 1475 Apostolus
1348 1403 1736 1476 perfectionem
1778 1407 1829 1460 in
1867 1421 1990 1459 eor-

401 1506 554 1561 pore.
588 1493 907 1550 desideravit
941 1511 1218 1567 egressum
1250 1499 1316 1552 ab
1357 1499 1467 1564 illo,
1496 1508 1548 1553 et
1582 1499 1713 1552 dixit
1741 1507 1988 1567 propter-

401 1599 462 1637 ea
506 1605 518 1639 :
566 1583 624 1640 Si
656 1587 785 1641 milii
835 1589 888 1642 in
933 1589 1031 1642 Itur
1091 1591 1195 1643 vita
1228 1592 1460 1660 corporis
1497 1591 1600 1644 mei
1631 1599 1752 1644 sunt
1784 1591 1990 1659 {ructus

401 1678 457 1730 in
476 1680 714 1745 aperibus
737 1680 886 1742 meis,
915 1682 1086 1736 nescio
1119 1684 1243 1750 quid
1266 1683 1455 1753 eligam
1487 1683 1615 1736 milii
1634 1683 1769 1752 ipsi;
1791 1693 1990 1735 utrum-

402 1786 498 1838 que
535 1773 670 1824 enim
711 1788 790 1826 me
833 1775 997 1844 angit,
1042 1784 1096 1828 ut
1127 1775 1260 1828 illud
1291 1775 1523 1845 cupiam,
1563 1776 1812 1845 quoniam
1839 1773 1992 1840 cupio

401 1862 614 1915 dissolvi
669 1874 715 1916 et
761 1867 1001 1933 separari
1036 1884 1066 1918 a
1105 1867 1322 1930 mundo,
1377 1877 1430 1920 ut
1463 1869 1561 1921 sim
1600 1879 1718 1922 eum
1744 1865 1991 1930 Christo;

401 1954 568 2006 ethoc
599 1957 784 2009 melius
819 1968 892 2010 est
919 1958 1046 2011 milii
1092 1968 1139 2011 et
1174 1959 1353 2012 utilius
1394 1974 1412 2011 :
1446 1968 1500 2012 ut
1527 1968 1702 2012 autem
1751 1974 1991 2011 maneam

402 2043 456 2096 i-i
494 2061 728 2113 carpare.
749 2049 956 2118 indigeo
979 2050 1140 2102 etiam
1177 2051 1246 2102 ad
1281 2051 1536 2118 gaudium
1572 2059 1796 2102 vestrum
1837 2059 1885 2102 et
1909 2050 1994 2102 in-

402 2146 718 2192 crementum
765 2140 889 2208 ﬁdei
920 2150 1121 2196 eestra'.
1151 2139 1228 2196 Sit
1275 2143 1451 2213 itaque
1473 2145 1800 2198 conversatio
1823 2150 1992 2196 vestra

404 2227 564 2298 digna
598 2229 881 2301 Evangelia
911 2230 975 2284 ³⁸.
1028 2231 1315 2295 Similiter,
1353 2231 1500 2286 filioli
1542 2232 1671 2298 mei,
1725 2231 1886 2285 facite
1939 2241 1993 2285 et

405 2335 525 2388 vos,
557 2323 808 2390 quoniam
851 2323 1001 2393 pigre
1050 2334 1212 2395 atque
1251 2325 1442 2396 ignave
1468 2333 1716 2394 agentem
1752 2339 1994 2394 (omprc-

405 2413 595 2467 Iieiidit
640 2413 764 2470 ﬁnis
796 2427 921 2470 ante
949 2415 1337 2487 perfectionem
1386 2417 1439 2472 in
1473 2417 1717 2482 Christo,
1745 2417 1886 2472 sicut
1913 2417 1994 2471 di-

405 2507 487 2560 xit
528 2505 784 2563 Salomon
834 2509 886 2563 iii
934 2509 1244 2566 Proverbiis
1279 2509 1346 2577 ⁹⁹,
1381 2511 1523 2580 quod
1567 2510 1761 2564 animae
1813 2520 1993 2564 trans-

405 2609 716 2665 gressurum
773 2599 906 2668 legis
961 2598 1307 2664 auferuntur,
1356 2610 1646 2669 antequam
1676 2597 1996 2668 perveniant

406 2691 470 2742 ad
529 2691 778 2744 timorem
827 2689 938 2744 Dei.
986 2690 1050 2744 Et
1084 2690 1162 2745 sic
1209 2691 1410 2746 accidit
1456 2691 1704 2746 Ezechiae
1760 2690 1871 2761 regi
1922 2690 1990 2754 ⁸⁸,

405 2782 624 2848 quando
675 2781 1033 2852 apprehendit
1099 2781 1246 2836 illum
1293 2781 1415 2836 linis
1463 2783 1674 2838 dierum
1743 2796 1990 2848 suorum,

406 2888 527 2926 cum
557 2884 702 2928 esset
750 2874 869 2928 sine
915 2889 1069 2938 cura,
1103 2883 1383 2929 revertens
1417 2884 1596 2929 autem
1627 2889 1691 2930 ac
1720 2875 1992 2945 paeniten-

412 2966 539 3019 tiam
582 2981 748 3037 agens
805 2975 969 3039 atque
1022 2981 1218 3038 rogans
1271 2967 1581 3032 Dominum,
1627 2967 1828 3022 meruit
1898 2982 1995 3020 au-

1503 272 1780 334 PATRES
1822 270 2122 333 ᾹΞΟῚΡΤΙΙ
2161 275 2432 336 SASCULI
2471 268 2560 337 iV.

404 404 511 442 non
569 385 906 442 ambulemus
967 385 1020 440 in
1072 384 1386 442 infirmitate
1416 397 1470 442 et
1526 381 1879 444 dissolutione
1933 395 2062 453 etA

3533 274 3684 333 {0&6

2161 389 2294 446 Item
2347 392 2611 447 a3seritur
2659 393 2725 447 de
2774 391 3075 454 Abraham,
3122 388 3266 459 quod
3297 389 3579 451 seuuerat,
3625 398 3684 444 et

2091 493 2383 554 provectus
2413 485 2590 538 fuerat
2639 485 2690 538 iii
2725 485 2936 540 diebus.
2977 482 3241 538 Similiter
3280 491 3471 536 omnes
3502 482 3680 535 sancti

2092 589 2211 646 post
2253 577 2414 632 fidem
2462 577 2836 649 defatigabaut
2893 581 3121 648 corpora
3163 589 3256 630 sua
3299 575 3368 627 ad
3397 575 3462 626 ea
3509 573 3680 642 subji-

2092 670 2306 734 cienda,
2371 669 2629 739 quoniam
2683 669 3020 739 subjicienda
3065 683 3262 738 corpus
3314 675 3679 735 pervenerunt

2093 762 2157 816 ad
2191 771 2526 818 senectutem
2565 764 2904 818 incremento
2933 763 3111 819 cultus
3141 771 3195 816 et
3241 758 3534 814 ministerii
3569 755 3683 809 Dei.

2093 855 2381 927 lnielligite
2435 870 2681 926 quoque,
2737 855 2921 919 ﬁlioli,
2972 856 3172 909 factum
3246 851 3531 916 Daiiielis,
3594 851 3682 919 qui
3745 853 3754 859 ’

2094 952 2195 1004 fuit
2222 967 2356 1021 puer
2396 961 2644 1021 corpore,
2701 951 2755 1004 et
2781 959 2946 1004 senex
2997 947 3307 1002 intellectu:
3358 947 3466 999 tioh
3503 955 3684 996 autem

2099 1053 2354 1113 tanquam
2386 1041 2461 1096 illi
2513 1043 2618 1098 duo
2647 1056 2830 1105 senes,
2874 1041 2963 1110 qui
2999 1039 3238 1110 prevecti
3267 1038 3318 1090 in
3351 1036 3548 1090 diebus
3574 1034 3690 1088 suis

2093 1138 2388 1190 secundum
2444 1151 2664 1205 corpus,
2695 1145 2852 1190 erant
2905 1147 3034 1190 vero
3065 1149 3227 1202 opera
3259 1148 3471 1196 eorum,
3517 1145 3688 1198 opera

2093 1243 2410 1296 puerorum,
2450 1229 2959 1297 distinebanturqiie
2989 1225 3181 1297 puerili
3217 1223 3685 1293 concupiscentia.

2095 1319 2279 1375 Daniel
2311 1321 2453 1374 enim
2493 1320 2842 1390 reprehendit
2868 1333 2962 1374 eos
3003 1316 3305 1372 manifestis
3331 1316 3515 1370 verbis
3552 1330 3685 1383 pue-

2095 1412 2232 1466 riliie
2271 1411 2340 1468 ob
2373 1423 2561 1467 eorum
2609 1419 2942 1466 senectutem
2971 1421 3285 1478 corpoream
3318 1404 3610 1476 puerilem,
3635 1412 3689 1456 et

2089 1504 2352 1573 judicium
2405 1516 2595 1559 contra
2647 1513 2915 1568 sanctam,
2950 1501 3189 1570 justam,
3236 1513 3427 1570 puram
3477 1497 3690 1552 Susan-

2095 1609 2241 1657 iiaiu,
2271 1593 2497 1648 dicens:
2534 1593 2579 1646 υ
2618 1591 2844 1659 provecti
2881 1592 2935 1645 in
2970 1589 3155 1643 diebus
3187 1587 3338 1642 malis
3373 1585 3440 1651 ",
3477 1597 3527 1641 et
3560 1588 3691 1640 reli-

2097 1701 2201 1756 qua
2232 1687 2415 1742 verba.
2467 1685 2729 1740 Similiter
2770 1681 3018 1752 Joscphi,
3066 1697 3188 1736 eum
3227 1681 3317 1750 qui
3354 1679 3535 1746 diligit
3565 1680 3693 1733 reli-

2098 1777 2332 1848 gionem,
2386 1775 2590 1830 imitari
2644 1784 2898 1843 oporteat
2956 1773 3250 1843 puritatem
3310 1781 3365 1824 et
3407 1772 3692 1825 continen-

2097 1869 2254 1933 tiam;
2286 1867 2616 1938 incipiatque
2639 1866 2893 1920 ordiiiare
2927 1871 3100 1918 semet
3145 1861 3318 1929 ipsum
3354 1859 3691 1929 conteiiipla-

2097 1960 2264 2026 tione,
2301 1968 2355 2013 et
2403 1956 2752 2013 corroborari
2799 1957 2850 2010 in
2893 1969 3083 2010 omnes
3130 1955 3265 2006 alias
3297 1952 3692 2022 concupiscen-

2097 2053 2200 2107 tias
2230 2052 2440 2106 validas
2463 2050 2640 2106 callidi
2693 2049 2886 2115 hosﬁs,
2925 2056 2976 2101 et
3003 2046 3146 2101 dicat
3179 2048 3319 2100 sicut
3347 2046 3477 2098 dixit
3499 2042 3691 2107 Job“,

2095 2144 2234 2215 quod
2257 2144 2517 2198 fortitudo
2550 2151 2813 2198 evacuata
2841 2142 2911 2195 sit
2943 2153 3009 2196 ex
3037 2137 3204 2193 dorso
3235 2143 3286 2192 et
3318 2133 3516 2191 lumbis
3548 2135 3692 2203 ejus.

2094 2237 2159 2291 Et
2183 2251 2328 2300 vere,
2362 2235 2507 2290 filioli
2547 2233 2674 2300 mei,
2722 2233 2901 2289 omnis
2933 2231 3024 2304 qui
3055 2231 3296 2298 decertat
3325 2241 3378 2284 et
3405 2229 3692 2286 conforta-

2095 2337 2183 2382 tiir
2205 2329 2257 2382 in
2291 2328 2390 2382 has
2413 2326 2722 2396 corporales
2751 2323 3228 2394 concupiscentias
3289 2339 3411 2392 qua:
3444 2323 3692 2376 excitan-

2098 2432 2188 2477 tur
2208 2437 2273 2477 ex
2316 2422 2485 2476 nimio
2511 2421 2633 2475 cibo
2664 2430 2716 2474 et
2742 2430 2894 2491 potu,
2928 2418 3018 2473 ille
3059 2417 3174 2487 ipse
3213 2417 3356 2470 valet
3403 2416 3694 2484 accingere

2098 2515 2312 2569 lumbos
2357 2525 2484 2568 suos
2523 2513 2576 2566 in
2607 2512 2863 2581 puritate,
2894 2520 2948 2564 et
2980 2509 3338 2564 corroborare
3379 2523 3476 2560 cor
3531 2521 3691 2560 suum

2095 2607 2242 2660 dicto
2271 2605 2460 2676 psalmi
2493 2624 2506 2659 :
2537 2604 2823 2672 Accingere
2837 2599 3016 2672 gladio
3040 2611 3129 2654 tua
3154 2616 3311 2668 super
3329 2598 3693 2668 (emortuum,

2095 2717 2126 2753 ο
2150 2699 2298 2770 gigas
2324 2697 2390 2750 “.
2427 2696 2548 2764 Quo
2579 2691 2726 2750 dicto
2784 2695 3098 2757 denotatur,
3140 2693 3283 2764 quod
3321 2691 3543 2746 verbum
3588 2690 3688 2743 Dei

2095 2807 2202 2861 quo
2229 2789 2509 2844 obtinetur
2557 2790 2783 2855 pur-itas,
2841 2787 2911 2840 sit
2953 2785 3164 2854 gladius
3219 2782 3698 2851 anceps,ab-.cin-

2095 2883 2252 2944 deus,
2285 2881 2423 2935 sicut
2455 2881 2586 2934 dicit
2622 2877 2916 2947 Aposwliis
2945 2875 2991 2907 “
3027 2894 3042 2931 :
3085 2875 3177 2946 qui
3209 2874 3418 2945 gladius
3449 2873 3696 2944 profecto

2097 2973 2420 3029 abscindere
2448 2982 2612 3040 atque
2645 2967 2918 3024 trucidare
2956 2965 3100 3024 valet
3130 2979 3321 3022 omnes
3359 2967 3530 3020 malas
3562 2981 3694 3022 cou-

407 3071 689 3130 gnientum
719 3060 946 3116 aliorum
972 3075 1264 3129 annorum,
1295 3061 1575 3132 satiusque
1591 3061 1993 3128 crevit.Quibus
2021 3087 2063 3145 ε
2098 3065 2484 3135 ciipiscentias.
2543 3063 2808 3119 Similiter
2838 3075 3052 3133 quoque
3076 3059 3286 3115 luctans
3312 3058 3537 3130 angelus
3567 3075 3692 3113 cum

407 3155 566 3209 anuis
590 3155 892 3226 completis,
929 3163 1177 3226 separata
1225 3163 1308 3210 est
1335 3155 1516 3209 anima
1543 3155 1660 3226 ejus
1692 3171 1721 3209 a
1745 3168 1994 3225 corpore,

407 3262 531 3301 cum
566 3256 711 3302 esset
739 3248 790 3301 iii
829 3263 1039 3302 summa
1069 3247 1401 3319 perfectione
1422 3247 1710 3303 ministerii
1740 3248 1851 3302 Dei.
1879 3247 1998 3302 Sci-

409 3337 733 3390 tote'etiam
771 3336 894 3401 hoc,
933 3339 1077 3406 quod
1133 3337 1590 3405 quemadmodum
1635 3337 1850 3407 corpori
1887 3345 2000 3392 tres

409 3435 534 3481 sunt
566 3435 767 3493 status,
797 3429 1034 3498 quandiu
1065 3427 1219 3482 estin
1245 3428 1336 3484 illo
1360 3429 1565 3494 anima,
1601 3443 1795 3497 nempe
1818 3429 1998 3498 pueri-

412 3519 510 3584 tia,
536 3519 768 3576 virilitas
794 3531 848 3576 et
869 3531 1124 3577 senectus
1155 3538 1168 3576 :
1205 3519 1459 3575 similiter
1488 3529 1599 3576 tres
1644 3535 1860 3590 quoque
1885 3530 1998 3574 sta-

413 3626 502 3670 tus
547 3614 709 3669 habet
746 3615 927 3669 anima
961 3615 1015 3670 in
1053 3628 1284 3683 corpore
1331 3612 1632 3680 recondita,
1658 3612 1867 3668 scilicet
1897 3613 2000 3667 ini-

414 3710 546 3762 tium
577 3707 726 3772 fidei,
756 3722 1102 3778 progressum
1133 3716 1187 3762 et
1224 3705 1634 3776 perfectionem.
1681 3705 1864 3761 Primo
1906 3721 2000 3760 aii-

413 3813 519 3856 tein
549 3817 672 3856 cum
702 3801 890 3870 incipit
910 3802 1091 3855 anima
1127 3799 1376 3864 credere,
1407 3799 1648 3854 nascitur
1677 3799 1730 3854 iii
1755 3799 1996 3864 Christo,

412 3891 574 3946 sicuti
607 3891 810 3945 dicitur
837 3891 891 3946 in
926 3889 1236 3959 Evangelia.
1263 3887 1501 3944 Joannes
1539 3905 1754 3960 quoque
1783 3900 1999 3960 aposto-

413 3987 496 4039 lus
535 3985 682 4040 dedit
714 3985 874 4040 etiam
932 3985 1087 4040 nobis
1132 3983 1344 4054 signum
1377 3983 1538 4052 hujus
1578 3983 1900 4048 nativitatis,
1944 3992 1998 4036 et

413 4079 599 4140 medii.
635 4089 690 4133 et
722 4077 1096 4148 perfection’s,
1134 4079 1258 4129 dum
1300 4077 1375 4130 ait
1412 4096 1425 4131 :
1458 4077 1654 4146 Scripsi
1679 4077 1844 4138 vobis,
1871 4078 2000 4128 nilo-

411 4173 676 4234 lescentes,
730 4172 914 4240 scripsi
965 4171 1126 4233 vobis,
1158 4169 1282 4238 ﬁlii,
1322 4171 1507 4238 scripsi
1541 4170 1706 4231 vobis,
1733 4179 1904 4237 patres
1932 4167 1996 4219 “.

412 4264 544 4332 Qna-
579 4265 800 4335 quidem
844 4263 1072 4334 epistola
1117 4279 1222 4317 non
1255 4271 1336 4316 est
1368 4260 1578 4314 amicis
1610 4260 1756 4314 illius
1801 4273 1999 4329 corpo-

416 4358 642 4422 ralibus,
679 4359 772 4413 sed
814 4356 1085 4421 fidelibus,
1117 4353 1270 4424 juxta
1325 4362 1437 4408 tres
1483 4361 1657 4408 Status
1687 4368 1873 4407 eorum
1906 4351 1996 4421 qui

2099 3155 2291 3219 Iacob,
2327 3155 2598 3211 subtraxit
2643 3165 2708 3210 ex
2757 3155 2905 3210 illius
2961 3154 3172 3208 femore
3224 3159 3453 3205 nervum
3501 3170 3515 3206 :
3568 3149 3694 3204 hinc

2101 3249 2386 3310 emarcuit,
2413 3259 2470 3302 et
2503 3246 2839 3300 debilitatum
2865 3254 2945 3300 est
2975 3251 3174 3314 corpus
3199 3242 3337 3310 ejus,
3375 3249 3429 3297 et
3470 3255 3694 3295 vocatus

2102 3350 2185 3396 est
2216 3339 2401 3402 Israel,
2467 3339 2518 3393 id
2558 3347 2662 3404 est,
2703 3338 2885 3392 videns
2931 3333 3102 3392 Deum
3138 3335 3204 3391 ".
3239 3334 3360 3390 Pari
3406 3334 3573 3389 etiam
3609 3350 3695 3386 ra-

2105 3435 2252 3490 tione
2303 3447 2400 3487 nos
2433 3439 2648 3501 Oportet
2678 3441 2876 3500 corpus
2919 3427 3230 3492 debilitare,
3267 3430 3391 3481 cum
3425 3425 3692 3495 sapientia

2103 3537 2282 3581 tamen
2307 3535 2360 3580 et
2397 3523 2704 3596 prudentia,
2729 3524 2795 3577 ad
2833 3521 3223 3577 debilitandai‘n
3261 3529 3315 3573 et
3351 3518 3698 3586 exstinguen-

2103 3621 2226 3676 dam
2259 3617 2760 3687 concupiscentiam
2797 3634 2810 3670 :
2846 3615 2963 3670 lucc
3008 3615 3152 3669 enim
3195 3611 3445 3667 debilitas
3485 3605 3698 3680 perlicit

2104 3713 2156 3765 in
2199 3711 2355 3765 nobis
2385 3710 2641 3763 virtutem
2679 3706 2954 3777 puritatis.
2997 3703 3137 3758 llinc
3168 3703 3484 3773 ApoStolus,
3540 3702 3699 3769 hujus

2104 3802 2400 3858 debilitatis
2445 3816 2609 3856 causa
2657 3801 2728 3854 ait
2766 3819 2779 3854 :
2831 3797 2966 3854 Cum
3011 3798 3311 3866 infirmatus
3357 3797 3534 3865 (uero,
3576 3808 3698 3850 tunc

2104 3897 2255 3964 fortis
2277 3895 2491 3949 evadam
2519 3893 2583 3948 ⁸⁸.
2617 3893 2884 3947 Similiter
2915 3894 2980 3946 de
3012 3893 3114 3947 hac
3145 3890 3462 3946 infirmitate
3493 3888 3697 3959 gloria-

2104 3997 2188 4040 tiis
2209 3987 2370 4040 etiam
2395 3997 2479 4037 est
2510 3983 2679 4037 David
2711 3981 2972 4052 propheta
2997 3979 3219 4034 dicens:
3253 3976 3373 4030 Non
3403 3987 3478 4029 ett
3497 3976 3700 4029 sanitas

2103 4079 2312 4147 corpori
2345 4091 2454 4130 meo
2483 4076 2551 4130 ⁸⁸.
2588 4074 2742 4142 Quod
2770 4072 3018 4142 profecto
3047 4070 3205 4135 dixit,
3236 4084 3298 4122 co
3323 4066 3470 4136 quod
3506 4064 3698 4118 debili-

2105 4180 2548 4238 taveratcorpus
2613 4179 2770 4223 suum
2830 4179 3043 4221 summa
3106 4162 3408 4223 debilitate,
3466 4159 3700 4212 maxime

2104 4273 2368 4332 appetens
2395 4262 2647 4323 salutem,
2668 4271 2789 4330 qua:
2824 4273 2929 4312 non
2966 4265 3049 4311 cst
3088 4253 3401 4316 inlirmitas,
3433 4253 3528 4305 sed
3560 4249 3701 4303 sani-

2105 4365 2189 4409 tas
2218 4365 2273 4408 et
2311 4353 2580 4419 valetudo,
2607 4352 2864 4422 quoniam
2907 4349 3192 4404 debilitate
3221 4357 3472 4416 corpore,
3512 4355 3703 4398 corro-

415 4459 674 4522 appetunt
700 4450 785 4504 lac
814 4447 1100 4514 rationale,
1120 4456 1174 4502 et
1197 4448 1459 4502 accedunt
1489 4447 1553 4500 ad
1580 4445 1993 4514 perfectionem,
2031 4435 2074 4491 D
2105 4446 2332 4501 boratur
2362 4444 2564 4498 anima.

417 4557 477 4601 ιιι
514 4553 827 4598 mereantur
857 4557 1038 4597 veram
1059 4543 1308 4612 gratiam.
1341 4539 1547 4595 idcirco
1573 4538 1739 4592 David
1768 4539 2000 4608 prOphe-

416 4649 466 4692 ta
495 4635 676 4692 scietis
704 4642 902 4688 statum
937 4632 1145 4689 dierum
1179 4630 1529 4702 perfectionis
1563 4628 1758 4682 anima:
1801 4629 1908 4692 hic,
1946 4636 2001 4682 et

415 4730 556 4798 quod
577 4727 691 4796 jam
720 4735 1008 4797 provectus
1041 4735 1188 4781 esset
1213 4723 1402 4779 diebus
1422 4723 1702 4790 corporis,
1735 4731 1789 4776 et
1822 4721 2003 4776 timuit

421 4822 632 4878 ilissolvi
675 4823 742 4875 ab
779 4821 870 4877 illo
921 4833 1026 4875 n0n
1083 4819 1288 4873 habens
1319 4818 1434 4871 dies
1471 4813 1802 4886 spirituales,
1843 4829 2000 4882 roga-

420 4920 487 4969 vit
515 4915 682 4970 Deum
703 4914 921 4969 dicens:
958 4909 1039 4967 Ne
1057 4912 1287 4981 accipias
1310 4927 1410 4974 mc,
1441 4909 1680 4973 Domine,
1711 4909 1766 4962 in
1784 4907 2005 4960 dimidio

325 5049 328 5052 .
415 5013 618 5065 dierum
653 5024 885 5062 ineorum
920 5007 989 5062 δ’.
1033 5006 1163 5073 Quae
1197 5004 1413 5074 quidem
1463 5019 1591 5057 cura
1639 5002 1790 5056 illum
1836 5015 2004 5070 ange-

421 5107 510 5158 bat
539 5118 704 5158 causa
742 5102 952 5156 dierum
1011 5098 1403 5171 spiritualium,
1461 5113 1568 5152 non
1612 5095 2000 5166 corporalium,

415 5195 671 5265 quoniam
701 5208 894 5250 sensus
923 5193 1042 5264 ejus
1079 5191 1232 5257 dicti,
1270 5190 1336 5244 In
1363 5189 1586 5243 dimidio
1623 5188 1828 5241 dierum
1859 5203 2001 5240 meo-

417 5304 560 5358 rum,
613 5286 717 5343 fuit
749 5287 820 5342 ob
868 5288 1142 5348 timorem,
1183 5299 1250 5339 ne
1305 5282 1587 5338 auferatur
1641 5280 1820 5334 anima
1861 5279 2004 5333 illius

421 5391 550 5436 ante
587 5382 1046 5452 complementum
1078 5381 1290 5436 dierum
1331 5391 1576 5440 suorum,
1599 5387 1847 5444 essetque
1871 5387 2007 5444 prac-

423 5478 569 5527 tcrea
599 5473 809 5530 alienus
840 5488 869 5528 a
905 5473 1257 5545 perfectione.

495 5638 540 5668 ³⁸
572 5638 588 5692 l
630 5639 754 5692 Cor.
784 5657 859 5700 ix,
887 5641 977 5695 27.
1055 5644 1096 5674 ³⁷
1125 5643 1160 5696 ll
1204 5643 1340 5696 Tim.
1381 5655 1451 5705 tv,
1483 5640 1538 5702 8,
1585 5638 1636 5694 9.

422 5702 530 5763 lsa.
584 5723 816 5771 XXXVIII,
852 5711 868 5763 Ι
904 5727 1024 5780 sqq.
1159 5716 1200 5744 “
1241 5702 1448 5766 lJoau;
1511 5727 1570 5773 tt,
1623 5707 1798 5780 ιξαιι.

425 5791 572 5846 λων,
605 5782 645 5834 ι.
727 5780 770 5811 ⁵⁸
804 5781 964 5838 llcbt‘.
990 5779 1068 5848 iv,
1115 5784 1174 5837 l2
1275 5783 1316 5814 ⁸⁷
1350 5783 1484 5839 Gen.
1523 5795 1695 5850 sxxii,
1737 5779 1830 5837 ‘25.

1717 5638 1762 5668 ³⁸
1821 5635 2054 5705 Philipp.
2089 5651 2126 5699 l,
2163 5634 2357 5688 22-27.

1719 5707 1798 5761 ιι.
1879 5707 1922 5739 ⁵³
1959 5707 2098 5761 E’sal.
2149 5721 2226 5762 et.
2271 5706 2357 5762 ‘25.

1959 5721 2098 5761 E’Stll.
2149 5721 2226 5766 Cl,
2271 5721 2361 5762 εξ).

1910 5779 1952 5811 ⁸⁸
1983 5777 2026 5834 ll
2063 5778 2188 5834 Cor.
2214 5791 2312 5845 λιι,
2350 5777 2434 5834 10.

2185 4542 2279 4595 liia
2319 4554 2448 4609 ergo
2480 4535 2829 4591 debilitenius
2862 4549 3091 4604 corpora
3125 4542 3313 4586 nostra
3348 4531 3624 4597 sapienter
3647 4537 3708 4580 et

2107 4633 2420 4703 prudenter,
2478 4640 2537 4684 ut
2596 4629 2873 4684 valeamus
2947 4627 3229 4682 continere
3299 4619 3704 4687 nosmetipsos;

2113 4727 2370 4797 quoniam
2408 4727 2451 4778 si
2482 4723 2836 4794 subjiciemus
2863 4727 3081 4790 corpus,
3103 4719 3343 4787 illudque
3373 4714 3710 4768 reducemus

2113 4823 2166 4876 in
2215 4820 2532 4875 servitutem
2594 4817 2810 4882 animm,
2868 4823 2996 4870 tunc
3050 4814 3410 4883 cogitationes
3450 4812 3710 4864 carnales

2115 4927 2345 4986 quarum
2375 4911 2595 4967 dilectio
2633 4919 2718 4966 est
2773 4907 2867 4964 Dei
2920 4908 3252 4969 adversatio,
3306 4901 3714 4959 inortilicantur

2115 5010 2217 5062 hac
2257 5005 2560 5069 debilitate;
2602 5014 2656 5058 et
2712 5013 2822 5056 tum
2871 4999 3211 5055 illuminatur
3271 4997 3494 5059 anima,
3545 5003 3599 5048 et
3662 4998 3714 5047 lii

2117 5098 2376 5167 templum
2403 5096 2537 5151 Deo.
2573 5093 2893 5162 Quicunque
2936 5092 3102 5161 igitur
3133 5089 3370 5144 mundu‘s
3424 5083 3542 5140 fieri
3597 5097 3716 5139 stu-

2117 5193 2210 5247 det
2250 5191 2303 5246 iii
2335 5190 2590 5245 omnibus
2624 5188 2882 5243 membris
2917 5187 3052 5253 suis,
3087 5185 3177 5239 hic
3212 5197 3346 5237 sane
3374 5189 3462 5236 est
3488 5180 3710 5249 religio-

2119 5299 2233 5347 sus,
2257 5294 2312 5338 et
2349 5300 2452 5338 non
2484 5292 2568 5337 est
2599 5281 2932 5339 fornicator;
2966 5287 3021 5333 et
3049 5277 3191 5330 valet
3212 5277 3398 5329 dicere
3436 5288 3559 5328 cum
3598 5269 3716 5324 Da-

2119 5376 2208 5432 vid
2245 5395 2257 5431 :
2291 5375 2482 5430 Omnia
2510 5391 2627 5428 ossa
2664 5386 2778 5428 utea
2819 5371 2999 5425 dicunt
3037 5385 3056 5423 :
3091 5365 3222 5434 Quis
3268 5376 3343 5420 est
3392 5364 3585 5419 similis
3617 5362 3709 5423 tui,

2121 5467 2261 5525 Dens
2293 5469 2378 5523 "‘9
2410 5469 2473 5524 Et
2521 5468 2607 5524 hie
2654 5468 2743 5522 ille
2798 5475 2900 5531 est,
2953 5464 3044 5534 qui
3082 5471 3308 5518 cunctos
3344 5473 3543 5515 sensus
3581 5471 3715 5511 suos

2434 5634 2477 5666 ³³
2531 5632 2706 5688 Ecclc.
2747 5647 2845 5693 \tt,
2871 5630 2952 5684 18.

2440 5705 2486 5736 δ³
2548 5705 2807 5768 D,iii.xui,
2835 5701 2926 5755 5‘3.

2515 5776 2555 5809 δν
2587 5774 2730 5834 l’sal.
2766 5787 2975 5837 xxxv",
3013 5769 3067 5826 4.

3032 5628 3074 5658 ⁸⁸
3099 5625 3161 5680 IV
3194 5625 3325 5694 Reg.
3357 5641 3449 5694 sx,
3485 5623 3508 5676 1
3549 5634 3708 5694 ξριτιξ

3005 5700 3049 5730 ⁸⁵
3081 5697 3182 5753 Job
3210 5693 3296 5754 ιιι..
3337 5693 3417 5750 Η.
3498 5693 3707 5745 διιιδειι.

3144 5769 3191 5803 ⁸⁸
3225 5767 3366 5824 l‘sal.
3395 5780 3584 5832 xxxiv,
3623 5763 3708 5817 ιυ.
