3990 6210
382 272 524 333 1047

1485 248 1765 333 harass
1801 273 2096 333 EGYPTII
2137 272 2409 333 suum
2444 252 2548 329 tv.‘

3501 258 3649 318 IDIS

382 395 470 450 do.
504 391 596 446 sed
635 397 838 445 tantum
872 389 924 444 in
958 390 1191 445 deserto.
1226 387 1421 446 Omnia
1464 391 1679 460 quidem
1709 408 1831 463 quze
1856 407 1950 447 ac-
1988 410 2032 454 Α
2066 403 2127 447 ut
2162 393 2253 448 illo
2282 406 2381 446 vos
2414 396 2580 444 exuat
2610 398 2626 439 :
2658 384 2858 454 quippe
2890 381 2982 451 qui
3030 381 3233 452 optime
3259 380 3409 435 novit
3446 394 3643 435 contra

380 484 629 537 tItICI’IIIII.
688 482 918 545 sanctis,
943 496 1008 536 ex
1040 482 1125 536 his
1170 494 1225 536 et
1272 481 1541 538 similibus
1592 483 1658 536 ad
1713 493 1952 537 nostram

378 573 738 629 eruditionem
774 573 974 641 scripta
1011 584 1159 633 sunt,
1209 581 1267 626 ut
1314 571 1589 627 imitemur
1617 587 1709 630 eos
1740 575 1830 643 qui
1871 573 1953 628 di-

379 666 624 719 lexerunt
652 662 1019 731 solitudinem,
1069 679 1188 733 qua:
1220 679 1318 718 nos
1360 665 1666 720 conducere
1715 664 1855 721 valet
1885 666 1951 721 ad

380 753 662 807 Dominum
694 772 708 808 :
743 755 888 821 quod
921 765 1002 809 est
1034 770 1226 823 magna
1274 754 1598 820 consolatio,
1651 756 1953 811 hominem-

377 858 481 911 que
511 841 807 912 perfectum
851 843 1033 897 ellicit.
1077 844 1246 910 Quam
1282 858 1413 899 sane
1460 860 1579 898 cum
1621 846 1836 914 quidam
1867 847 1951 899 di-

379 934 635 989 lexissent
664 950 728 989 ex
766 944 875 989 tota
924 950 1018 989 sna
1065 936 1266 989 virtute
1310 946 1365 990 et
1415 951 1479 991 ev
1527 946 1639 991 toto
1676 949 1773 991 suo
1808 952 1951 1004 esse,

376 1025 553 1094 adepti
602 1036 729 1081 sunt
769 1026 994 1096 gloriam
1034 1038 1087 1082 et
1130 1028 1331 1091 lumen,
1370 1027 1489 1097 plus
1535 1043 1695 1097 quam
1743 1028 1815 1083 illi
1860 1030 1951 1097 qui

327 1131 342 1153 ι
377 1117 617 1173 incolunt
662 1120 910 1173 civitates
944 1129 998 1175 et
1034 1120 1251 1190 oppida.
1286 1120 1467 1188 Quare
1502 1122 1753 1190 satagite.
1804 1121 1952 1177 filioli

376 1211 482 1264 mei
514 1210 873 1278 dilectissimi,
902 1211 1033 1265 mihi
1067 1211 1115 1264 iu
1147 1211 1391 1277 Domino,
1429 1213 1658 1268 stabiliri
1694 1215 1745 1268 iu
1784 1212 1868 1267 illa
1897 1222 1955 1267 ut

376 1316 474 1369 par
510 1309 610 1366 est,
650 1312 707 1354 ιιι
736 1316 832 1356 vos
863 1303 931 1355 ad
965 1302 1055 1356 Dei
1090 1303 1359 1358 conducat
1398 1304 1681 1369 visionem,
1715 1319 1833 1374 quze
1870 1313 1953 1359 est

375 1395 488 1462 ipsa
521 1393 815 1461 spiritualis
843 1394 1163 1463 speculatio,
1213 1410 1307 1464 per
1335 1397 1565 1465 gratiam
1603 1395 1811 1449 Domini
1850 1410 1951 1449 no-

373 1484 470 1537 stri
502 1494 556 1538 et
592 1484 682 1538 Dei
714 1485 904 1546 nostri,
945 1493 1000 1539 et
1049 1484 1373 1540 viviﬁcautis
1406 1486 1619 1540 animas
1654 1495 1867 1541 nostras
1896 1494 1951 1540 et

373 1588 598 1642 corpora
627 1582 833 1639 nostra,
868 1573 995 1629 Jesu
1028 1572 1254 1641 Christi,
1275 1574 1433 1629 Verbi
1472 1575 1685 1642 aeterni,
1712 1577 1797 1629 cui
1834 1576 1949 1629 laus

372 1664 426 1718 in
458 1675 738 1720 aeternum.
773 1664 968 1721 Amen.

883 1756 1214 1813 EPISTULA
1250 1755 1436 1814 XVIII.

1074 1847 1220 1902 Dixit
1252 1864 1269 1903 :

444 1939 672 2005 Scitote,
722 1939 870 1993 filioli
925 1938 1027 1993 mei
1075 1937 1438 2003 dilectissimi,
1484 1938 1622 2008 quod
1668 1939 1735 1993 ab
1774 1939 1947 2002 initio,

370 2034 585 2099 quando
631 2031 810 2086 anima
868 2048 898 2085 a
954 2039 1222 2099 prazcepto
1273 2028 1587 2093 declinavit,
1635 2041 1821 2085 exorta
1869 2037 1952 2083 est

369 2122 767 2187 lnobedientia;
823 2121 1095 2177 mediante
1165 2137 1269 2191 qua
1328 2118 1689 2176 inobedientia
1762 2137 1950 2177 omnes

367 2214 562 2267 animm
587 2213 651 2267 ad
681 2213 884 2270 inferos
929 2213 1007 2268 ire
1036 2219 1341 2281 creperum,
1386 2211 1530 2266 sicut
1556 2212 1691 2266 dixit
1721 2213 1949 2281 Aposto-

368 2305 495 2361 lus:
531 2305 684 2371 Quod
730 2321 823 2375 per
862 2306 1087 2373 primum
1121 2304 1290 2358 Adam
1341 2303 1440 2373 fuit
1479 2319 1619 2358 mors
1650 2304 1716 2357 “.
1772 2303 1951 2368 Quare

357 2382 718 2451 miseratione
746 2404 921 2449 motus
959 2401 1043 2447 est
1081 2392 1221 2446 Deus
1256 2390 1510 2454 Verbum,
1548 2399 1602 2446 et
1633 2390 1950 2445 incarnatus

368 2495 452 2542 est
479 2502 545 2541 ex
577 2488 731 2541 nobis
779 2486 1037 2557 mysterio
1067 2481 1620 2553 incomprehensibili,
1665 2489 1721 2535 et
1755 2480 1948 2550 imple-

368 2579 447 2634 vit
469 2594 681 2633 omnem
703 2577 1158 2646 dispensationem
1189 2587 1388 2630 nostrze
1417 2574 1629 2640 salutis,
1647 2583 1701 2627 et
1727 2574 1950 2628 descen-

368 2670 447 2724 dit
490 2670 555 2724 ad
608 2668 833 2737 inferos,
870 2678 925 2723 et
972 2668 1218 2738 captivos
1265 2667 1384 2722 il'os
1412 2666 1569 2726 fecit:
1632 2675 1684 2719 et
1733 2664 1948 2719 reduxit

369 2760 494 2815 inde
552 2774 742 2814 mnnes
788 2757 997 2812 animas
1050 2757 1121 2811 ibi
1172 2756 1443 2821 detentus,
1492 2753 1728 2824 eripiens
1770 2767 1865 2807 eas
1916 2767 1946 2805 a

367 2858 633 2919 potestate
664 2849 861 2904 diaboli
896 2863 1067 2919 usque
1092 2847 1157 2901 ad
1181 2847 1319 2902 diem
1352 2846 1686 2901 tremendum
1711 2841 1900 2913 judicii
1926 2859 1943 2905 ;

365 2952 417 2999 et
441 2944 732 2997 ascendere
760 2940 888 2996 fecit
919 2956 1035 3005 eas,
1065 2940 1188 3010 quia
1216 2947 1407 3009 sponte
1434 2939 1948 3008 obtemperaverunt

378 3046 433 3092 et
456 3035 798 3099 obedierunt,
831 3035 1182 3104 feceruntque
1212 3041 1481 3103 praecepta
1513 3030 1717 3095 divina,
1752 3032 1816 3083 ad
1842 3042 1948 3083 cce-

2058 500 2151 538 vos
2187 483 2406 537 minime
2437 478 2730 551 praevalere
2762 491 2939 548 posse,
2976 471 3213 544 quandiu
3245 482 3328 527 est
3358 472 3643 527 vobiscum

2057 572 2143 627 hic
2174 572 2335 643 ignis.

2125 664 2302 732 Quare
2328 662 2574 720 obsistite
2643 662 2742 727 illi,
2784 670 2837 715 et
2872 657 3186 729 cognoscite
3234 653 3377 710 illius
3421 654 3649 723 phantao

2054 763 2249 821 smata,
2274 756 2531 825 quoniam
2566 752 2667 811 sub
2686 752 2972 807 dulcedine
2998 764 3152 804 suam
3182 745 3466 801 abscondit
3503 760 3649 798 ama-

2055 847 2365 913 ritudinem,
2417 860 2482 901 ne
2510 855 2784 916 appareat,
2832 841 3147 910 elliogitque
3181 837 3336 893 vobis
3377 836 3531 890 varia
3560 828 3647 890 ac

2054 939 2275 1009 pulchra
2298 936 2611 1004 simulacra,
2645 950 2766 1005 qua:
2795 932 3036 1005 profecto
3071 946 3175 984 non
3210 930 3290 985 sic
3320 943 3380 983 se
3408 928 3644 989 habent,

2056 1042 2113 1083 ut
2137 1029 2360 1083 inclinet
2397 1031 2463 1081 ad
2493 1043 2550 1081 se
2582 1028 2743 1081 corda
2770 1034 2945 1079 vestra
2974 1021 3267 1078 calliditate
3290 1034 3480 1074 verum
3525 1019 3648 1071 inti-

2052 1125 2204 1173 tzinte
2239 1137 2251 1173 :
2290 1128 2345 1173 et
2373 1119 2486 1173 haec
2510 1116 2724 1187 quidem
2756 1125 2836 1171 est
2864 1129 2955 1169 ars
2988 1114 3155 1184 ipsius
3177 1127 3414 1180 semper,
3443 1112 3646 1164 adver-

2051 1211 2158 1266 sari
2196 1211 2445 1266 videlicet
2500 1218 2612 1263 tota
2658 1223 2759 1263 sua
2807 1209 3009 1261 virtute
3057 1200 3308 1259 omnibus
3350 1203 3647 1263 animabus

2051 1300 2163 1357 Deo
2192 1302 2329 1357 bene
2364 1299 2815 1355 inservientibus.
2847 1295 2957 1352 Nec
2983 1311 3091 1350 non
3122 1294 3317 1349 multas
3364 1308 3430 1348 ac
3458 1295 3647 1347 varias

2052 1394 2333 1462 passiones
2362 1390 2561 1444 animm
2603 1388 2799 1459 injicit,
2864 1387 2928 1442 ad
2978 1384 3430 1454 exstinguendum
3464 1384 3644 1453 ignem

2050 1483 2201 1539 illum
2227 1498 2333 1554 quo
2361 1482 2531 1537 virtus
2559 1479 2832 1536 subsistit:
2855 1479 3123 1549 praecipue
3147 1477 3361 1548 quidem
3396 1477 3647 1545 corporis

2054 1575 2262 1644 requie,
2290 1574 2451 1645 eique
2481 1572 2731 1627 annexis.
2762 1570 2819 1626 Si
2846 1585 2977 1626 vero
3000 1568 3469 1631 animadverterit,
3498 1568 3646 1636 quod

2052 1669 2126 1722 illi
2168 1667 2387 1722 minime
2434 1658 2864 1737 obtemperetur,
2930 1679 3107 1735 neque
3163 1663 3282 1733 ejus
3341 1662 3648 1730 recipiatur

1981 1749 2024 1809 Β
2055 1760 2325 1830 negotium
2360 1758 2411 1812 in
2437 1772 2734 1828 quoquam,
2770 1756 2906 1811 alias
2938 1754 3157 1810 adducit
3186 1752 3514 1808 calliditates
3542 1753 3645 1806 sub

2053 1852 2192 1907 facie
2239 1851 2507 1919 justitiaa,
2563 1859 2893 1921 apparetqne
2946 1848 2997 1903 in
3043 1845 3398 1902 similitudine
3462 1844 3644 1914 angeli

2054 1945 2213 2010 lucis,
2245 1943 2397 1998 utait
2427 1942 2629 1999 Paulus
2666 1942 2942 2013 apostolus
2965 1943 3031 2008 “,
3070 1950 3124 1996 et
3161 1938 3263 1994 alia
3294 1938 3381 1992 bis
3410 1937 3644 2004 tttajora,

2052 2040 2118 2091 ad
2143 2036 2512 2092 inclinandum
2539 2050 2638 2092 cor
2667 2044 2912 2090 nostrum
2940 2035 3006 2088 ad
3047 2048 3127 2090 se.
3176 2031 3232 2087 Si
3271 2041 3453 2086 autem
3488 2029 3645 2084 vide-

2053 2128 2124 2183 rit
2145 2142 2238 2183 eos
2265 2127 2367 2182 sibi
2400 2126 2469 2181 ab
2502 2126 2588 2181 his
2615 2140 2830 2191 cavere,
2882 2134 2934 2181 et
2977 2124 3201 2179 minime
3229 2137 3294 2178 ea
3324 2121 3628 2188 suscipere,

2053 2236 2155 2276 nec
2189 2220 2239 2275 ei
2268 2220 2490 2275 obedire
2520 2220 2739 2291 penitus
2762 2219 3110 2291 penitusque,
3156 2228 3285 2272 tunc
3334 2217 3545 2271 recedit
3571 2216 3640 2269 ab

2052 2314 2157 2368 illis
2185 2311 2462 2378 confusus,
2496 2321 2550 2367 et
2577 2322 2687 2366 tum
2731 2311 2997 2367 habitabit
3022 2312 3074 2365 in
3105 2310 3211 2365 illis
3242 2308 3486 2379 Spiritus
3516 2308 3637 2364 Dei.

2051 2406 2187 2461 Cum
2244 2416 2426 2460 autem
2482 2403 2812 2459 habitaverit
2858 2406 2909 2460 in
2950 2404 3059 2459 illis
3107 2402 3347 2473 Spiritus
3390 2401 3508 2466 Dei,
3549 2418 3642 2455 re-

2050 2497 2339 2568 quiescere
2382 2509 2475 2550 eos
2505 2494 2667 2550 faciet
2698 2495 2750 2549 in
2778 2495 3032 2550 onmibus
3061 2508 3249 2550 eorum
3274 2492 3556 2562 operibus,
3588 2501 3646 2548 et

2050 2589 2226 2645 dulcis
2263 2589 2507 2644 redditur
2535 2589 2640 2644 illis
2666 2588 2901 2657 portatio
2920 2586 3032 2658 jngi
3060 2587 3354 2652 Dei,sicuti
3377 2587 3644 2655 scriptum

2049 2692 2133 2737 est
2161 2683 2212 2736 in
2245 2682 2539 2752 Evangelia
2572 2699 2586 2735 :
2619 2679 2835 2734 Portute
2856 2684 3046 2750 jugum
3077 2696 3247 2734 meum
3274 2694 3434 2746 super
3456 2695 3544 2732 ros
3572 2678 3643 2733 ”.

2049 2776 2114 2830 Et
2140 2774 2446 2831 ciliciuntur
2476 2776 2693 2846 penitus
2733 2772 3029 2838 indefessi,
3076 2783 3182 2828 tam
3226 2774 3278 2828 in
3322 2771 3646 2828 exercendis

2048 2868 2360 2931 virtutibus,
2387 2882 2550 2937 quam
2601 2868 2654 2921 in
2704 2865 3064 2921 ministrando
3095 2877 3151 2921 et
3194 2865 3248 2921 in
3287 2865 3485 2934 vigiliis
3526 2878 3636 2917 no-

2048 2961 2285 3026 cturnis;
2348 2974 2524 3029 neque
2575 2958 2883 3013 irascentur
2950 2960 3221 3013 humanas
3275 2958 3348 3013 ob
3384 2956 3641 3025 injurias,

2051 3067 2148 3105 nec
2191 3048 2416 3106 omnino
2481 3049 2756 3105 hominem
2802 3049 3071 3106 timebunt
3121 3059 3217 3104 aut
3255 3049 3484 3104 bestiam
3548 3056 3645 3101 aut

366 3129 478 3183 lum
522 3129 609 3183 ubi
646 3139 729 3184 est
768 3129 1075 3199 paradisus.
1130 3127 1262 3182 Erat
1315 3133 1494 3180 autem
1537 3117 1718 3180 causa
1753 3137 1943 3178 eorum

2053 3142 2370 3196 cbarttatem
2446 3149 2542 3195 aut
2607 3145 2792 3212 genios
2834 3159 2848 3197 :
2889 3140 3327 3210 quandoquidem
3387 3138 3643 3209 gaudium

366 3221 697 3277 ascensionis
727 3223 791 3276 ad
822 3222 1016 3277 caelum
1044 3222 1181 3292 ignis
1213 3220 1519 3282 invisibilis,
1553 3218 1644 3288 qui
1676 3226 1758 3273 est
1790 3216 1941 3272 calor
1995 3219 2002 3225 '

368 3316 628 3368 bonorum
684 3329 933 3383 operum,
985 3315 1076 3384 qui
1124 3328 1385 3369 accensus
1435 3322 1519 3367 cst
1578 3313 1630 3366 in
1685 3311 1941 3365 cordibus

363 3419 573 3459 eorum.
642 3404 824 3474 Neque
872 3406 987 3460 haec
1040 3406 1191 3459 vob?s
1239 3404 1503 3458 duntaxat
1555 3402 1715 3472 plana
1765 3400 1939 3466 facio;

365 3513 550 3553 verum
581 3507 633 3551 et
661 3498 744 3553 cui
773 3497 967 3553 similis
994 3497 1066 3552 sit
1098 3497 1214 3551 haec
1236 3496 1418 3551 anima
1462 3496 1514 3550 in
1542 3510 1645 3565 qua
1680 3494 1945 3549 habitavit

367 3590 509 3655 ignis
546 3588 660 3646 Dei.
692 3588 899 3645 Similis
926 3597 1013 3645 est
1051 3587 1135 3643 avi
1177 3587 1388 3642 duabus
1423 3587 1663 3657 praedita:
1697 3586 1795 3640 alis
1825 3585 1946 3655 qui-

374 3683 477 3737 bus
503 3682 666 3750 volat,
692 3690 745 3737 et
774 3696 984 3737 sursum
1012 3696 1107 3752 per
1132 3679 1255 3735 cmli
1284 3694 1408 3735 aera
1433 3679 1696 3735 elevatur.
1730 3677 1940 3734 Etenim

363 3776 448 3829 avi
479 3789 589 3845 pra:
616 3773 866 3830 omnibus
898 3773 1162 3829 creaturis
1192 3773 1289 3827 alue
1315 3772 1617 3843 peculiares
1641 3780 1801 3836 sunt;
1846 3771 1945 3825 alae

362 3881 495 3922 vero
539 3868 733 3923 anima:
779 3864 1006 3922 Domino
1052 3864 1399 3935 obsequentis
1443 3871 1570 3918 sunt
1602 3863 1771 3918 virtus
1803 3862 1943 3933 ignis

360 3959 484 4026 Dei,
520 3959 717 4029 quibus
742 3957 811 4012 ad
840 3955 1036 4012 ctelum
1072 3970 1287 4010 sursum
1324 3953 1508 4009 volare
1538 3952 1700 4007 valet.
1747 3953 1803 4007 Si
1849 3968 1947 4005 an-

365 4060 471 4106 tem
522 4052 604 4105 his
647 4049 886 4105 caruerit
923 4047 1057 4112 alis,
1106 4046 1326 4102 minime
1374 4061 1586 4102 sursum
1635 4043 1836 4100 elevari
1890 4043 1942 4098 in

363 4158 489 4197 aera
522 4141 743 4212 peterit,
781 4155 902 4197 cum
926 4140 997 4195 sit
1049 4139 1192 4195 illius
1223 4139 1360 4210 ignis
1388 4152 1606 4208 expers,
1641 4136 1945 4206 similisque

360 4236 468 4291 erit
500 4234 587 4291 avi
616 4237 729 4290 suis
754 4234 981 4305 spoliata
1012 4233 1115 4291 alis
1160 4248 1283 4305 quae
1328 4231 1511 4286 volare
1555 4230 1760 4300 nequit.
1799 4229 1946 4285 Prm-

363 4336 513 4384 tcrea
555 4326 790 4383 hominis
838 4329 1019 4381 anima
1059 4323 1397 4380 assimilatur
1443 4321 1565 4389 avi,
1622 4337 1745 4375 cum
1795 4321 1946 4376 calur

359 4435 524 4477 causa
554 4421 625 4475 sit
662 4419 779 4489 ejus
823 4416 1158 4474 exsistentia:
1194 4416 1247 4470 in
1301 4414 1528 4479 mundo;
1587 4413 1789 4468 etenim
1836 4412 1942 4468 nisi

358 4528 461 4569 ova
494 4525 705 4581 semper
728 4513 846 4565 avis
887 4508 1106 4574 foverit,
1138 4507 1363 4561 minime
1412 4507 1844 4575 producerentur
1871 4507 1940 4560 ab
1973 4487 2017 4542 θ

359 4605 469 4661 illis
497 4603 624 4673 pulli
673 4604 936 4670 viventes,
991 4600 1247 4671 quoniam
1293 4614 1481 4654 eorum
1525 4599 1631 4653 vita
1678 4598 1940 4653 exsistere

355 4696 548 4767 ‘ncqnit
597 4695 699 4751 nisi
744 4695 923 4750 calore
957 4693 1248 4747 mediante.
1298 4690 1407 4746 liae
1442 4699 1621 4745 autem
1669 4691 1737 4745 de
1777 4705 1935 4745 causa

360 4791 436 4845 ait
487 4803 700 4843 sacrum
754 4785 1102 4856 Evangelium
1158 4801 1171 4836 :
1218 4781 1550 4837 Hierusalem
1608 4782 1942 4854 inlerfectrix

358 4878 751 4945 prophetarum,
783 4884 830 4929 et
859 4874 1152 4943 lapidalriz
1176 4874 1454 4927 missorum
1500 4872 1570 4927 ad
1608 4873 1779 4940 illam,
1814 4888 1947 4944 quo-

362 4973 454 5025 ties
486 4968 624 5025 volui
651 4983 965 5039 congregare
986 4968 1129 5038 ﬁlios
1157 4977 1305 5035 tuos,
1338 4968 1497 5023 siculi
1524 4978 1805 5039 congregat
1835 4970 1946 5023 uvis

360 5063 533 5131 pullos
561 5078 685 5117 suos
710 5063 805 5116 sub
833 5063 932 5116 alis
961 5063 1073 5117 suis
1104 5062 1191 5117 σιτ
1215 5061 1349 5117 Cum
1380 5073 1582 5128 autem,
1622 5064 1771 5118 Iilioli
1817 5063 1945 5125 mei,

363 5153 744 5210 intellexeritis
782 5153 1194 5209 similitudinem
1232 5156 1425 5210 anima:
1480 5154 1589 5209 Deo
1633 5154 1860 5211 addicta:
1893 5165 1949 5210 et

362 5245 730 5315 obsequentis,
784 5245 851 5299 ad
888 5245 1161 5300 volucrem
1206 5246 1360 5316 cujus
1408 5246 1739 5301 exsistentim
1790 5245 1944 5300 radix

360 5343 445 5388 est
472 5333 641 5400 calor,
682 5348 747 5389 ne
790 5333 1120 5405 permittatis
1150 5350 1245 5390 vos
1275 5335 1399 5390 exui
1447 5335 1607 5404 bujns
1649 5336 1785 5404 ignis
1835 5336 1947 5389 vir-

362 5433 478 5479 tute
509 5444 524 5481 :
559 5426 763 5481 etenim
798 5435 989 5497 parata
1024 5434 1149 5482 sunt
1184 5428 1335 5482 vobis
1362 5427 1661 5482 certamina
1706 5428 1871 5480 nmlta
1914 5442 1944 5481 a

361 5517 577 5573 diabolo
603 5528 821 5589 propter
844 5520 990 5574 hunc
1013 5521 1190 5592 ignem
1227 5519 1378 5575 vobis
1407 5537 1436 5574 a
1460 5518 1571 5576 Deo
1594 5535 1934 5584 concessum,

2052 3232 2265 3286 Domini
2300 3246 2421 3286 cum
2467 3232 2578 3286 illis
2612 3243 2690 3287 est
2734 3243 2895 3287 noctu
2940 3234 3161 3303 diuque,
3209 3242 3265 3287 et
3308 3238 3470 3301 auget
3523 3230 3648 3285 illo-

2052 3339 2172 3377 rum
2208 3324 2539 3389 intellectus,
2596 3331 2652 3378 et
2695 3325 2791 3378 alit
2827 3339 2941 3379 eos.
2975 3324 3252 3394 Siquidem
3307 3324 3410 3378 hoc
3445 3324 3645 3394 gaudio

2049 3413 2226 3467 anima
2257 3429 2472 3482 semper
2498 3416 2694 3469 crescit
2725 3424 2776 3468 et
2803 3425 3161 3484 praeparatur,
3195 3424 3246 3469 et
3290 3429 3355 3468 eo
3386 3414 3641 3468 ascendit

2050 3505 2103 3559 in
2137 3506 2332 3561 caelum
2365 3522 2379 3572 ;
2411 3507 2863 3577 quemadmodum
2895 3508 3145 3577 corporis
3190 3507 3540 3562 subsistentia
3587 3516 3645 3560 et

2049 3596 2315 3651 stabilitas
2346 3606 2427 3651 est
2454 3597 2724 3653 mediante
2746 3612 2884 3666 pane
2913 3608 2968 3651 et
3000 3612 3164 3665 aqua,
3219 3598 3334 3652 sive
3367 3597 3452 3651 his
3481 3597 3638 3651 simi-

2051 3687 2188 3743 libus
2223 3704 2253 3742 a
2307 3690 2570 3759 principio
2619 3703 2791 3761 usque
2833 3690 2900 3744 ad
2959 3690 3121 3745 linem
3178 3689 3317 3760 ejus.
3377 3689 3643 3744 Videnms

2050 3781 2194 3835 enim
2231 3795 2455 3850 puerum
2484 3780 2878 3837 incrementum
2924 3783 3203 3851 suscipere
3247 3781 3387 3836 lacte
3428 3781 3641 3844 matris,

2053 3883 2163 3928 tum
2199 3887 2321 3930 esca
2348 3875 2589 3941 humida,
2638 3877 2855 3931 tandem
2908 3891 3235 3946 quocunque
3288 3877 3431 3945 quod
3469 3875 3544 3929 illi
3588 3876 3642 3929 in

2051 3966 2167 4020 dies
2194 3967 2468 4036 occurrit;
2499 3977 2553 4022 et
2574 3969 2987 4033 corroboratur,
3020 3979 3074 4023 et
3093 3970 3353 4023 audacius
3374 3984 3474 4024 cor
3501 3968 3647 4023 illius

2053 4054 2107 4109 in
2139 4056 2323 4112 hostes
2348 4058 2449 4113 sibi
2488 4059 2816 4115 obsistentes
2860 4059 3107 4114 edicitur.
3146 4058 3200 4115 Si
3253 4069 3433 4115 autem
3465 4060 3645 4114 corri-

2052 4147 2200 4218 pitur
2225 4150 2415 4205 morbo
2448 4149 2652 4221 aliquo,
2705 4151 3109 4222 impediturque
3155 4165 3223 4206 ne
3263 4152 3480 4218 alatur;
3529 4161 3643 4206 tum

2053 4240 2349 4309 praevalent
2374 4241 2637 4299 adversus
2683 4258 2804 4299 eum
2856 4243 3039 4299 hostes
3070 4243 3325 4299 omnibus
3370 4258 3441 4298 ex
3472 4242 3645 4312 parti-

2053 4331 2176 4398 bus,
2206 4343 2259 4388 et
2288 4333 2512 4389 vincunt
2539 4335 2687 4389 illum
2714 4352 2729 4403 ;
2766 4349 2869 4390 nec
2908 4335 3110 4405 poterit
3138 4334 3403 4403 consequi
3430 4334 3642 4388 sanita-

2054 4430 2162 4476 tem
2198 4437 2227 4476 a
2253 4422 2442 4478 morbo
2469 4433 2562 4478 aut
2601 4424 2821 4478 vincere
2854 4423 3063 4486 hostes,
3097 4421 3203 4476 nisi
3238 4419 3643 4476 consuetudine

2046 4520 2101 4565 et
2128 4525 2256 4565 cura
2288 4511 2506 4567 medici.
2559 4510 2652 4567 Sic
2681 4512 2920 4567 hominis
2949 4512 3155 4577 anima,
3212 4510 3315 4565 nisi
3371 4509 3465 4564 Dei
3509 4523 3647 4578 gau-

2046 4600 2193 4655 dium
2233 4602 2307 4656 illi
2332 4602 2483 4669 insit,
2516 4601 2906 4667 inlirmabitur,
2936 4610 2992 4654 et
3018 4600 3162 4654 mala
3197 4598 3248 4652 in
3281 4596 3503 4650 vulnera
3553 4598 3642 4649 in-

2046 4692 2196 4746 cidit.
2227 4691 2284 4747 Si
2316 4708 2444 4748 vero
2474 4698 2722 4762 quaerere
2747 4694 3040 4749 conabitur
3081 4692 3347 4746 hominem
3391 4689 3641 4757 aliquem

2044 4784 2138 4841 Dei
2173 4785 2481 4841 ministrum
2504 4786 2806 4855 spiritualis
2842 4787 3076 4856 peritum
3116 4784 3415 4845 medicina,
3448 4782 3647 4853 illique

2047 4876 2370 4943 adhaarebit;
2420 4877 2468 4932 is
2520 4877 2667 4932 illam
2700 4879 2935 4947 primum
2968 4878 3182 4931 sanabit
3212 4892 3243 4930 a
3272 4875 3643 4945 passionibus,

2048 4971 2353 5041 iterumque
2398 4977 2667 5040 resurget,
2703 4984 2931 5039 eamque
2974 4969 3065 5024 Dei
3102 4983 3266 5024 causa
3304 4968 3543 5030 erudiet,
3587 4977 3643 5022 et

2047 5063 2311 5117 obtinebit
2337 5064 2591 5134 gaudium
2622 5063 2755 5119 illud
2806 5062 2949 5133 quod
2981 5072 3065 5118 est
3102 5063 3248 5116 illius
3278 5062 3635 5123 alimentum;

2049 5164 2159 5209 tum
2190 5170 2321 5210 vero
2349 5156 2597 5211 hostibus
2640 5155 2912 5211 obsistere
2947 5155 3148 5225 poterit
3193 5154 3285 5224 qui
3317 5162 3448 5206 sunt
3473 5152 3636 5218 spiri-

2049 5258 2135 5303 tus
2184 5249 2337 5315 mali,
2385 5258 2588 5317 eosque
2617 5247 2900 5315 superabit
2948 5257 3004 5302 et
3049 5246 3395 5301 conculcabit
3448 5257 3640 5299 eorum

2046 5341 2295 5408 consilia,
2324 5350 2374 5395 et
2403 5342 2601 5410 gaudio
2637 5340 2975 5410 perﬁcietur.

2116 5434 2268 5489 Nunc
2299 5435 2499 5505 itaque,
2544 5434 2883 5490 dilectissimi
2922 5433 3050 5498 mei,
3088 5446 3212 5486 cum
3240 5433 3345 5487 hoc
3373 5444 3644 5500 cognove-

2047 5524 2186 5587 ritis,
2212 5536 2399 5582 cavete
2427 5541 2456 5581 a
2498 5526 2625 5582 mali
2655 5525 2857 5582 diaboli
2891 5525 3169 5590 consiliis;
3225 5539 3352 5578 nam
3392 5524 3544 5579 venit
3588 5524 3640 5581 in

437 5702 686 5760 “ICor.
717 5693 918 5763 \v.‘.*.l.
1020 5707 1061 5739 “
1092 5705 1283 5767 Matth.
1315 5708 1581 5775 xxttt,57.
1662 5708 1705 5740 ⁶²
1741 5708 1927 5764 IICor.
1963 5726 2036 5776 χι,
2086 5708 2166 5763 Il.
2248 5711 2290 5741 ⁵³
2335 5708 2522 5765 Matth.
2575 5724 2650 5774 xl,
2709 5707 2798 5763 29.
2871 5713 2876 5719 '

1762 5944 1801 5971 θ
