3976 6204
310 312 448 370 (049

1295 309 1352 367 S.
1395 309 1670 367 ANTUNH
1713 312 1781 367 Μ.
1825 308 2117 367 ΑΒΒᾹΤΙΞ
2158 311 2539 369 EPISTOLaE.

3425 312 3563 369 i050

306 435 475 501 figura
503 427 729 484 veridici
753 428 818 481 ad
843 427 1212 496 decipiendum
1249 439 1301 483 et
1337 431 1718 487 seducendum.
1744 432 1876 486 Cum
1909 438 1954 491 Α
1986 448 2072 486 res
2106 433 2496 502 apparentibus
2523 429 2751 485 artibus.
2797 428 2985 483 Simile
3026 442 3155 482 sane
3193 428 3440 482 evenient
3485 431 3566 482 his

305 532 486 576 autem
531 519 740 573 venerit
773 518 839 571 ad
872 533 968 571 vos
1004 518 1055 572 in
1103 519 1458 575 similitudine
1495 522 1684 590 angeli.
1723 522 1877 585 lucis,

306 614 478 669 nolite
525 614 599 667 illi
657 611 880 666 credere
922 621 1017 665 aut
1065 613 1315 675 obedire;
1369 615 1635 682 siquidem
1693 615 1877 669 fideles

255 704 263 719 '
305 708 490 760 causis
543 703 924 774 apparentibus
973 714 1290 773 aucupatur.
1341 704 1440 771 Qui
1486 714 1663 760 autem
1705 708 1880 762 adlmc

305 797 530 864 perfecti
567 810 668 848 non
693 802 838 858 sunt,
872 793 1126 861 ignorant
1172 796 1268 851 bas
1299 798 1496 852 diaboli
1535 798 1878 864 calliditates,

302 899 357 941 ct
389 904 450 942 ea
477 901 596 954 qua:
635 887 742 940 illis
790 896 1050 955 perpetuo
1096 887 1298 956 injicit;
1361 891 1582 960 perfecti
1644 907 1770 944 vero
1817 905 1879 944 ea

301 985 656 1046 cognoscunt,
724 977 1179 1044 quemadmodum
1243 978 1318 1030 ait
1371 978 1708 1047 Apostolus:
1745 979 1880 1033 Esca

304 1071 457 1137 fortis
486 1067 830 1135 perfectorum
859 1079 956 1131 est,
983 1071 1072 1134 qui
1095 1071 1406 1123 ordinarunt
1431 1087 1612 1124 sensus
1642 1088 1764 1124 suos
1785 1115 1799 1137 ,
1831 1081 1880 1126 et

305 1163 440 1214 vires
472 1175 597 1212 suos
623 1159 760 1230 (2|),
803 1169 850 1212 et
884 1173 1228 1229 cognoverunt
1267 1163 1630 1216 discretionem
1671 1163 1789 1216 boni
1819 1180 1882 1217 ac

301 1254 430 1306 mali
451 1252 516 1306 “.
555 1251 663 1306 llos
690 1252 834 1305 enim
867 1253 1051 1320 nequit
1080 1253 1250 1307 hostis
1279 1254 1535 1308 seducere
1564 1271 1576 1308 :
1606 1263 1660 1309 at
1699 1255 1882 1310 fideles

304 1346 394 1414 qui
425 1345 599 1398 adhuc
647 1345 867 1413 perfecti
911 1362 1015 1399 non
1058 1357 1206 1412 sunt,
1253 1347 1466 1415 sibique
1517 1348 1740 1402 minime
1788 1363 1878 1402 ca-

306 1444 457 1500 vent,
481 1450 579 1488 sua
610 1435 838 1504 decipiet
878 1438 1026 1490 suavi
1056 1449 1200 1502 esca,
1232 1453 1538 1508 quanquam
1564 1439 1745 1493 suavis
1775 1454 1878 1492 non

304 1526 395 1589 sit,
450 1539 652 1593 eosque
701 1525 880 1580 trahet
952 1527 1403 1595 quemadmodum
1461 1527 1624 1582 trahit
1678 1529 1878 1597 piscem

303 1616 542 1684 piscator
588 1630 709 1670 esca
771 1616 1018 1671 obvclato
1071 1619 1216 1672 hami
1281 1620 1500 1690 cuspide
1537 1638 1549 1675 :
1584 1635 1757 1690 eaque
1814 1624 1880 1676 de

303 1721 467 1761 causa
506 1706 672 1776 piscis
705 1706 916 1776 ignorat
956 1708 1172 1761 hamum
1221 1723 1345 1763 esca
1387 1711 1692 1765 obvelatmn
1725 1727 1875 1774 esse;

307 1800 435 1853 hinc
487 1799 712 1864 accedit,
754 1805 808 1853 et
851 1813 1032 1853 escam
1088 1801 1334 1872 deglutit,
1377 1812 1429 1858 et
1476 1802 1632 1859 facile
1672 1807 1883 1874 capitur
1912 1781 1955 1834 Β

306 1890 442 1942 cito.
479 1888 652 1953 Quare
688 1889 972 1960 intelligile
1001 1891 1122 1958 hoc,
1177 1894 1316 1960 quod
1356 1897 1399 1948 si
1447 1896 1608 1964 piscis
1642 1897 1882 1951 novisset

303 1998 365 2036 se
397 1997 458 2033 ea
489 1997 605 2035 esca
625 1981 942 2048 capiendum
967 1998 1112 2046 esse,
1133 1985 1318 2050 procul
1349 1987 1510 2040 dubio
1542 1987 1685 2041 illam
1738 1987 1883 2056 fuge-

302 2085 407 2139 ret,
443 2085 495 2129 et
527 2089 864 2143 nequaquam
896 2075 946 2128 ei
972 2075 1274 2130 accederet.
1319 2075 1444 2130 Pari
1475 2079 1688 2146 quidem
1717 2080 1881 2133 ratio-

300 2182 366 2220 ne
389 2166 733 2234 imperfectos
769 2165 973 2232 fideles,
1002 2176 1058 2220 ut
1084 2167 1338 2232 diximus,
1363 2180 1661 2240 aucupatur
1685 2173 1877 2238 hostis,

298 2261 484 2312 causis
518 2273 646 2312 vero
683 2257 820 2311 haud
863 2259 1222 2324 absimilibus,
1273 2271 1330 2314 nt
1375 2264 1570 2316 asserit
1621 2264 1880 2321 Salomon

297 2349 518 2418 sapiens
549 2368 560 2402 :
593 2348 870 2402 Invenitur
901 2351 1107 2420 quidem
1156 2355 1236 2406 vin
1266 2369 1383 2422 qua:
1411 2369 1552 2409 recta
1591 2373 1700 2410 esse
1728 2369 1880 2427 puta-

296 2450 420 2503 tur;
478 2441 815 2494 novissimum
870 2458 987 2495 vero
1042 2445 1154 2512 ejus
1200 2444 1440 2498 conducit
1475 2447 1544 2499 ad
1581 2448 1776 2516 inferos
1812 2450 1876 2502 ⁸⁵.

298 2532 573 2601 Scriptum
609 2533 771 2586 etiam
799 2542 880 2586 est
916 2533 968 2586 in
1000 2536 1162 2588 Amos
1208 2537 1462 2604 propheta
1491 2554 1504 2592 :
1535 2538 1714 2600 Amos,
1749 2543 1877 2608 quid

299 2624 435 2690 faris
484 2621 730 2688 laiciQui
790 2623 1102 2690 respondit:
1143 2621 1301 2678 Video
1348 2634 1453 2678 rete
1478 2627 1786 2678 instructum
1813 2630 1881 2681 ad

299 2711 579 2778 capiendas
603 2711 832 2764 volucres
870 2711 936 2764 ⁶⁶.
988 2709 1182 2764 Notum
1228 2726 1408 2767 autem
1459 2723 1542 2767 est
1594 2729 1769 2779 avem,
1814 2718 1883 2771 ob

302 2804 553 2857 timorem
592 2817 658 2856 ne
697 2803 944 2872 capiatur
996 2802 1049 2856 in
1090 2813 1255 2867 terra,
1294 2805 1344 2858 in
1395 2821 1521 2859 aera
1578 2806 1798 2872 elevari,
1827 2819 1881 2862 et

300 2905 517 2948 struere
543 2894 641 2948 sibi
670 2895 1035 2948 habitaculum
1083 2895 1134 2949 in
1179 2897 1458 2951 altissimis
1503 2897 1640 2953 locis
1684 2902 1749 2952 ad
1798 2915 1882 2954 re-

297 2988 480 3057 quiem
510 2996 559 3041 et
584 2988 924 3052 accubitum;
952 2998 1005 3042 et
1034 2988 1113 3044 sic
1151 2989 1424 3043 dormiens
1457 2992 1575 3046 sine
1597 3006 1725 3044 cura
1756 2993 1876 3056 erit,

299 3094 421 3131 cum
450 3078 626 3133 nullus
650 3080 715 3132 ad
736 3079 876 3133 illam
905 3081 1184 3148 pervenire
1211 3094 1300 3135 aut
1331 3099 1450 3138 eam
1483 3099 1676 3152 capere
1692 3085 1877 3152 possit.

301 3172 779 3228 Verumenimvero
861 3183 1164 3228 venatorem
1241 3184 1416 3229 astute
1481 3192 1675 3242 agere,
1719 3189 1769 3230 et
1829 3179 1878 3230 in

300 3279 422 3318 eam
458 3265 760 3319 machinari
793 3266 1057 3330 videmus,
1090 3267 1179 3335 qui
1211 3269 1432 3323 veniens
1458 3271 1560 3324 sub
1604 3271 1720 3325 loca
1765 3265 1879 3339 ejus

302 3358 473 3412 tendit
502 3358 548 3411 ei
579 3366 710 3420 rete,
764 3369 815 3412 et
861 3374 1039 3412 escam
1075 3361 1332 3427 ostendit,
1391 3376 1620 3431 eamque
1655 3364 1723 3416 ob
1751 3379 1881 3416 cau-

300 3465 419 3503 sam
449 3451 778 3504 descendere
809 3451 948 3504 illam
981 3451 1109 3506 facit
1143 3453 1212 3506 ab
1240 3453 1522 3507 altitudine
1573 3455 1684 3519 illa,
1739 3469 1880 3508 eam-

303 3555 412 3609 que
449 3552 764 3611 aucupatur.
824 3543 1090 3598 Similiter
1133 3543 1263 3598 facit
1301 3545 1564 3609 diabolus,
1606 3562 1880 3616 aucupans

303 3631 493 3687 fideles
525 3633 867 3700 imperfectos
890 3635 1003 3688 suis
1029 3635 1415 3689 calliditatibus
1446 3651 1574 3690 vero
1609 3653 1715 3690 non
1739 3639 1882 3690 absi-

303 3725 540 3792 tnilihus,
575 3743 881 3798 quanquam
915 3737 1093 3782 tamen
1125 3745 1226 3781 non
1265 3729 1334 3780 ita
1368 3743 1487 3783 sese
1527 3729 1784 3793 habeant,
1824 3741 1879 3783 et

302 3816 605 3884 pnncipitcs
638 3831 730 3870 eos
755 3816 867 3886 agit
890 3817 956 3871 de
989 3817 1200 3871 illorum
1232 3816 1572 3871 celsitudine.
1627 3815 1738 3871 Ilac
1765 3819 1878 3886 ipsa

303 3905 511 3959 ratione
536 3907 685 3970 fecit,
709 3923 831 3960 cum
861 3923 981 3963 sese
1011 3909 1109 3962 sub
1141 3916 1390 3976 serpente
1429 3907 1641 3971 celavit,
1668 3919 1722 3962 et
1747 3909 1882 3963 dixit

303 3996 427 4050 Eva:
460 4014 474 4050 :
505 3996 565 4052 Si
615 3999 938 4052 camederitis
985 3998 1048 4052 ab
1089 4001 1296 4064 arbore,
1349 4002 1424 4053 dii
1473 4002 1784 4070 eﬂiciemini,
1833 4014 1880 4056 et

301 4091 605 4154 aperientur
637 4090 773 4142 oculi
829 4093 983 4144 vestri
1019 4092 1088 4146 ⁸⁷.
1143 4092 1264 4146 Eva:
1322 4105 1500 4148 autem
1551 4094 1634 4148 his
1683 4096 1882 4149 auditis

304 4181 483 4234 verbis
509 4180 822 4236 inclinatum
869 4193 953 4235 est
1000 4198 1094 4236 cor
1134 4184 1197 4236 ad
1251 4183 1424 4248 illum,
1473 4194 1529 4238 et
1576 4186 1783 4253 putavit
1832 4186 1882 4240 id

301 4287 491 4327 verum
515 4288 658 4335 esse,
681 4284 962 4342 propterea
992 4276 1133 4343 quod
1159 4275 1226 4328 de
1253 4278 1353 4328 huc
1380 4290 1482 4328 non
1515 4275 1878 4346 investigarit.

301 4368 370 4420 At
400 4381 521 4420 cum
556 4363 902 4428 comedisset,
954 4378 1009 4420 et
1054 4369 1336 4422 comedere
1375 4369 1691 4437 praebuisset
1733 4370 1879 4434 Adae,

1983 523 2052 577 ob
2094 524 2342 576 fiduciam
2407 525 2506 577 sibi
2557 522 2843 584 adscitam,
2886 531 2940 574 et
2983 536 3048 574 eo
3096 520 3236 589 quod
3275 531 3570 589 operantur

1982 617 2281 669 secundum
2332 617 2663 671 voluntatem
2711 615 2891 668 cordis
2947 613 3072 674 sui,
3121 629 3214 665 sua
3283 613 3568 678 implentes

1982 710 2273 775 desideria,
2309 710 2529 764 minime
2556 709 3010 776 obtemperantes.
3037 721 3210 774 neque
3253 705 3567 758 obedientes

1981 803 2094 856 Suis
2123 803 2386 872 patribus.
2421 801 2556 854 llinc
2583 798 2830 852 diabolus
2863 797 3071 850 inducit
3102 797 3179 850 eis
3203 796 3302 848 has
3330 797 3566 848 visiones

1981 901 2034 947 et
2071 893 2468 960 phantasmata,
2499 900 2550 944 et
2577 898 2835 957 operatur
2862 888 2912 940 in
2958 887 3064 940 illis
3109 887 3417 955 superbiam
3447 901 3568 938 cor-

1983 985 2089 1046 dis,
2127 998 2426 1054 suggerens
2459 982 2563 1035 illis
2587 992 2746 1034 noctu
2767 980 2974 1034 somnia
3012 995 3128 1048 qua:
3155 978 3458 1032 veriticabit
3486 979 3564 1031 eis

1983 1077 2094 1138 diu,
2133 1086 2190 1128 ut
2225 1074 2588 1143 decipiantur.
2629 1072 2738 1126 Nec
2769 1073 2881 1127 hmc
2907 1074 3201 1140 duntaxat;
3239 1072 3330 1124 sed
3365 1071 3568 1123 inducit

1981 1168 2061 1222 eis
2114 1167 2278 1220 etiam
2329 1166 2530 1219 lumina
2587 1175 2769 1228 noctu,
2822 1163 2893 1216 ita
2936 1173 2992 1214 nt
3043 1161 3413 1215 illmnincntnr
3449 1162 3566 1214 loca

1981 1275 2202 1324 eorum;
2249 1267 2304 1314 et
2355 1258 2728 1327 hujuscemodi
2767 1271 2927 1325 quam
2974 1254 3202 1323 plurima
3259 1254 3408 1316 facit,
3466 1269 3568 1306 nec

1983 1363 2089 1402 non
2115 1348 2289 1417 signa,
2332 1363 2451 1416 quae
2498 1348 2584 1400 hic
2628 1347 2896 1400 adducere
2932 1359 3034 1398 non
3073 1359 3357 1411 possumus
3394 1359 3568 1409 neque

1981 1438 2190 1502 singula
2227 1452 2474 1491 exarare.
2519 1437 2648 1503 Quae
2693 1438 2906 1506 quidem
2949 1435 3130 1490 omnia
3184 1447 3457 1504 operatur,
3512 1444 3568 1490 ut

1980 1543 2134 1597 inquo
2189 1530 2297 1584 sint
2334 1529 2535 1590 animo.
2571 1529 2968 1590 fexistimantes
3013 1545 3133 1583 eum
3169 1545 3287 1583 esse
3318 1529 3566 1598 angelum

1983 1621 2100 1687 Dei,
2128 1621 2346 1674 etillum
2379 1621 2795 1688 amplectantur.
2830 1620 2962 1675 Cum
2999 1631 3175 1675 autem
3209 1622 3359 1675 illum
3391 1637 3567 1675 susce-

1983 1714 2159 1782 perint
2186 1714 2285 1768 hac
2318 1714 2547 1776 ratione,
2596 1714 2716 1769 illos
2759 1715 3065 1783 prmcipitcs
3104 1715 3213 1784 agit
3259 1717 3326 1769 ab
3376 1730 3566 1770 eorum

1984 1805 2289 1868 altitudine,
2327 1805 2486 1860 siculi
2541 1807 2778 1861 diximus
2824 1807 2888 1860 de
2939 1820 3067 1858 casu
3117 1806 3329 1858 illarum
3360 1807 3562 1870 avium,

1983 1908 2206 1966 propter
2243 1898 2491 1966 spiritum
2545 1898 2811 1966 superbia:
2863 1897 2953 1965 qui
2987 1897 3090 1951 illis
3117 1896 3422 1951 dominatus
3460 1909 3564 1952 est.
3645 1965 3652 1970 τ

1983 1989 2050 2042 Ει
2085 1998 2141 2042 ιιι
2167 1991 2268 2045 sibi
2298 1991 2663 2060 persuadeant
2699 2007 2757 2045 se
2788 2005 3013 2060 magnos
3042 1997 3096 2043 et
3141 1989 3405 2060 gloriosos
3434 1989 3565 2042 effe-

1983 2090 2101 2136 clos
2127 2097 2249 2137 esse
2292 2083 2345 2138 in
2377 2085 2568 2152 Spiritu
2602 2101 2712 2154 pra:
2764 2084 2968 2148 multis,
3001 2090 3176 2146 curat,
3220 2097 3317 2136 nec
3365 2083 3567 2135 addunt

1983 2172 2098 2226 suis
2125 2173 2349 2245 obedire
2391 2175 2668 2244 patribus;
2703 2185 2756 2229 et
2785 2175 3036 2244 impletur
3055 2176 3120 2228 de
3148 2174 3250 2227 illis
3273 2173 3563 2242 scriptura,

1981 2264 2125 2333 quod
2161 2265 2271 2318 sint
2319 2267 2520 2320 racemi
2562 2268 2820 2322 florentes
2863 2266 3075 2332 acerbi;
3112 2276 3166 2320 et
3205 2281 3262 2320 re
3318 2281 3444 2320 vera
3489 2269 3565 2323 ita

1983 2362 2110 2407 sunt
2141 2369 2158 2409 :
2188 2356 2388 2424 quippe
2448 2357 2695 2411 doctrina
2743 2356 2959 2412 Patrum
3013 2359 3176 2412 ardua
3237 2357 3344 2411 illis
3378 2356 3565 2412 effecta

1982 2455 2084 2511 est,
2118 2460 2183 2500 eo
2213 2448 2356 2515 quod
2384 2457 2644 2516 putarunt
2672 2464 2730 2503 se
2752 2450 2865 2519 jam
2893 2453 3074 2505 omnia
3107 2450 3346 2505 novisse.

2054 2537 2253 2604 Quare,
2311 2539 2457 2593 filioli
2496 2541 2598 2594 mei
2643 2541 2930 2608 benedicti,
2975 2544 3254 2614 intelligite
3290 2558 3410 2612 qum
3453 2543 3562 2598 dixi

1981 2632 2157 2695 vobis,
2213 2632 2464 2688 videlicet
2495 2635 2636 2702 quod
2672 2637 2891 2690 minime
2939 2638 3219 2705 proiicere,
3266 2646 3359 2690 aut
3399 2637 3564 2689 satius

1986 2723 2193 2792 augeri,
2221 2725 2546 2794 autperfici,
2606 2725 2688 2780 vel
2741 2727 2884 2781 scire
2917 2727 3251 2796 distinguere
3285 2725 3430 2780 inter
3473 2726 3564 2780 bo-

1985 2833 2109 2870 num
2134 2826 2186 2871 et
2217 2817 2413 2871 malum
2449 2817 2710 2883 valebitis,
2738 2822 2836 2875 nisi
2856 2822 3356 2889 ohtemperaveritis
3375 2821 3564 2875 chtris

1983 2905 2242 2975 perfectis
2298 2907 2564 2976 patribus.
2608 2908 2818 2963 Etenim
2856 2922 3038 2980 patres
3087 2912 3255 2965 nostri
3305 2913 3383 2966 sic
3430 2911 3564 2968 [ερε-

1984 3007 2127 3060 runt,
2173 2999 2417 3068 patribus
2477 3000 2591 3054 suis
2639 3001 2976 3068 obedientcs,
3024 3019 3320 3073 eormnque
3392 3005 3556 3058 docu-

1986 3099 2164 3143 menta
2196 3091 2594 3158 auscultantes;
2647 3093 2847 3148 idcirco
2877 3095 3242 3164 profecerunt,
3289 3106 3343 3150 et
3382 3111 3556 3150 creve-

1986 3191 2129 3246 runt,
2166 3191 2220 3235 ct
2258 3183 2507 3236 doctores
2553 3183 2674 3237 l'acti
2723 3194 2866 3249 Sunt,
2911 3187 3068 3240 sicuti
3108 3188 3366 3255 scriptum
3396 3196 3476 3240 est
3513 3187 3565 3240 in

1984 3269 2258 3338 Sapientia
2289 3272 2379 3325 filii
2419 3272 2608 3328 Sirach
2643 3291 2656 3328 :
2696 3273 2892 3328 Discite
2920 3293 2950 3328 ιι
2979 3277 3218 3344 patribus
3242 3276 3444 3338 vestris,
3475 3278 3563 3343 qui

1981 3363 2276 3416 didicerunt
2308 3367 2600 3433 apatrt'bus
2653 3384 2833 3420 eorum
2875 3369 2938 3423 ⁸⁸.
2990 3369 3092 3425 Vos
3155 3370 3359 3438 itaque,
3417 3369 3564 3422 filioli

1984 3454 2112 3517 mei,
2153 3456 2251 3508 hos
2276 3454 2472 3509 imitari
2505 3465 2739 3526 oportet,
2785 3457 2875 3526 qui
2909 3459 3020 3512 suis
3055 3460 3370 3514 ohedierunt
3401 3461 3566 3528 patri-

1983 3545 2103 3608 bus,
2138 3545 2312 3616 iisque
2344 3546 2396 3600 in
2439 3549 2694 3603 omnibus
2722 3549 3184 3620 obteinperarunt.
3216 3566 3350 3619 quos
3386 3551 3564 3604 omnia

1983 3636 2077 3689 Dei
2111 3652 2210 3706 ope
2243 3648 2426 3706 patres
2457 3641 2793 3694 edocuerunt
2832 3657 2952 3709 qnze
2999 3641 3299 3694 didicerant
3335 3660 3362 3694 a
3401 3644 3566 3708 patri-

1982 3727 2080 3781 bus
2105 3729 2234 3788 suis,
2268 3739 2322 3782 et
2357 3730 2454 3798 ipsi
2483 3748 2544 3784 ea
2568 3732 2864 3785 docuerunt
2907 3731 3043 3785 filios
3081 3747 3208 3784 suos
3233 3733 3562 3788 obedientes.

1982 3820 2134 3874 Isaac
2171 3835 2402 3888 namque
2427 3821 2833 3889 obtemperavit
2870 3821 3123 3884 Abl':lll:l‘.,
3173 3819 3340 3876 Jacob
3385 3835 3563 3878 autem

1982 3911 2221 3965 obedivit
2260 3911 2433 3977 Isaac,
2461 3922 2514 3966 et
2540 3911 2737 3981 Joseph
2763 3913 3002 3967 obedivit
3045 3912 3234 3976 Jacob,
3265 3922 3312 3967 et
3347 3909 3566 3970 Elisaeus

1983 4003 2222 4057 obedivit
2251 4002 2399 4064 Elltl'.
2429 4013 2481 4056 et
2514 4002 2708 4056 Paulus
2739 4002 2980 4057 obedivit
3017 4003 3264 4066 Ananiae,
3303 4012 3358 4058 et
3392 4004 3566 4058 Timo-

1985 4096 2141 4149 theus
2199 4095 2439 4150 obedivit
2470 4094 2664 4161 Paulo;
2704 4106 2753 4148 et
2784 4096 2834 4148 hi
2871 4110 2934 4149 ac
2969 4095 3172 4151 similes
3212 4098 3323 4152 suis
3351 4098 3566 4152 obedie-

1984 4198 2109 4242 runt
2148 4187 2416 4256 patribus,
2447 4202 2633 4241 eorum
2672 4186 2953 4256 implentes
2999 4188 3302 4244 voluntates
3341 4201 3395 4243 et
3437 4190 3565 4244 obe-

1984 4279 2242 4333 dientiam
2276 4279 2327 4332 in
2357 4280 2632 4344 omnibus,
2665 4288 2720 4334 et
2763 4293 3130 4347 cognoverunt
3167 4281 3468 4344 veritatem,
3511 4290 3566 4336 et

1985 4368 2286 4421 didicerunt
2325 4369 2612 4436 justitiam,
2665 4377 2719 4424 et
2752 4369 3044 4425 novissime
3080 4380 3392 4424 meruerunt
3437 4370 3565 4438 Spi-

303 4457 483 4512 evenit
533 4459 635 4513 illis
692 4458 980 4514 infelicitas
1034 4458 1120 4514 illa
1176 4474 1390 4528 magna,
1455 4459 1877 4527 cecitlernntque
1911 4470 1954 4524 ι)
1989 4459 2145 4512 ritum
2200 4467 2478 4524 sanctum;
2519 4469 2738 4528 tumque
2787 4459 3130 4529 protulerunt
3173 4460 3454 4514 veritatem
3508 4461 3562 4514 in

305 4547 466 4602 ambo
508 4564 538 4602 e
589 4566 682 4603 sua
731 4550 1067 4605 celsitudine.
1127 4549 1390 4606 Similiter
1451 4547 1580 4599 facit
1633 4547 1878 4603 fidelibus

312 4642 667 4710 imperfectis,
706 4645 830 4695 dum
863 4643 1192 4712 distinguere
1227 4645 1472 4698 nesciunt
1515 4638 1655 4692 inter
1682 4639 1876 4694 bonum

302 4745 356 4788 et
413 4735 632 4800 malum,
691 4737 783 4790 sed
835 4749 1134 4804 sequuntur
1180 4753 1303 4791 snas
1360 4738 1763 4806 propensiones,
1825 4749 1876 4791 ct

303 4826 520 4895 propria
552 4827 806 4892 Opinione
840 4838 889 4881 et
911 4827 1113 4894 judicio
1145 4837 1269 4880 sunt
1299 4829 1561 4889 contenti,
1601 4843 1698 4882 nec
1755 4829 1874 4882 edi-

301 4933 454 4972 scere
485 4930 676 4972 curant
701 4935 729 4971 a
755 4921 864 4973 suis
904 4921 1146 4988 patribus
1188 4921 1278 4990 qui
1315 4922 1426 4990 jam
1475 4921 1698 4990 perfecti
1730 4933 1877 4987 sunt,

299 5021 356 5064 et
385 5011 751 5064 distinxerunt
801 5012 938 5066 inter
971 5012 1165 5065 bonum
1209 5024 1260 5066 et
1298 5013 1531 5076 malum;
1561 5014 1654 5066 sed
1705 5015 1876 5068 secuti

301 5112 430 5155 sunt
458 5103 635 5155 cordis
669 5103 750 5154 sui
786 5104 1074 5167 desideria,
1111 5104 1482 5157 existimantes
1513 5120 1572 5158 se
1597 5104 1740 5158 solos
1763 5103 1876 5171 jam

303 5192 688 5262 perfectionem
735 5195 1034 5248 obtinuisse
1069 5211 1131 5248 ac
1185 5195 1611 5248 benedictionem
1660 5210 1878 5248 suorum

303 5295 538 5352 patrum.
575 5285 632 5338 lli
679 5296 881 5350 autem,
922 5286 1065 5340 filioli
1115 5287 1239 5350 mei,
1276 5286 1480 5340 similes
1522 5296 1651 5340 sunt
1691 5288 1880 5342 avibus

305 5379 408 5432 illis
439 5394 557 5446 quge
603 5387 1020 5433 construxerunt
1057 5381 1208 5432 nidos
1256 5395 1385 5433 suos
1425 5380 1474 5432 in
1513 5394 1659 5443 aere,
1701 5389 1754 5431 et
1785 5380 1878 5432 de-

301 5470 628 5522 scenderunt
657 5470 707 5521 in
747 5479 966 5533 terram,
1015 5481 1068 5523 et
1097 5471 1344 5538 aucupati
1378 5479 1502 5524 sunt
1535 5484 1628 5523 cas
1662 5480 1879 5526 venato-

377 5613 422 5646 “
460 5614 624 5669 Hebr.
659 5630 709 5679 v,
743 5615 825 5668 ll.
861 5612 902 5644 ⁶⁸
929 5609 1089 5666 Prov.
1123 5610 1340 5674 xvr,25$.

381 5752 489 5824 (21)
543 5753 686 5808 l'ircs
722 5772 864 5809 sum.
900 5752 1175 5820 Proposita
1215 5768 1330 5806 sua.

1421 5611 1464 5641 ‘°
1501 5612 1664 5667 Alnos
1699 5627 1814 5679 vm,
1844 5613 1898 5668 2.

1985 4551 2256 4616 Omnibus,
2303 4551 2378 4604 uti
2415 4553 2674 4620 scriptum
2709 4562 2790 4606 est
2834 4553 2886 4606 in
2933 4553 3215 4608 Ezechiele
3248 4553 3508 4623 propheta
3547 4569 3562 4606 :

1987 4642 2249 4697 Constitui
2275 4653 2321 4696 te
2358 4654 2604 4698 rectorem
2644 4643 2824 4697 domui
2859 4643 3033 4699 Israel
3074 4645 3138 4698 ".
3180 4644 3382 4713 Itaque,
3432 4644 3562 4697 dile-

1985 4733 2210 4788 ctissimi
2241 4734 2292 4788 in
2323 4732 2556 4789 Domino
2585 4745 2637 4788 et
2670 4735 2800 4789 recti
2837 4737 3023 4796 corde.
3051 4736 3093 4789 si
3127 4737 3394 4805 proficere
3423 4735 3565 4804 cupi-

1989 4826 2078 4890 tis,
2125 4836 2178 4879 et
2231 4827 2400 4880 satius
2445 4827 2649 4896 augeri,
2706 4834 2760 4880 et
2809 4826 2954 4880 reddi
3009 4827 3476 4896 imperturbabiles
3509 4827 3563 4881 in

1987 4919 2242 4974 cordibus
2268 4919 2481 4983 vestris,
2509 4930 2558 4972 et
2585 4933 2688 4972 non
2717 4918 2862 4972 illudi
2889 4933 2918 4972 a
2943 4918 3168 4972 diabolis
3191 4918 3243 4971 in
3264 4933 3561 4987 quoquam,

1987 5012 2202 5066 obedite
2254 5011 2498 5080 patribus
2551 5010 2770 5074 vestris,
2825 5010 3008 5078 eisque
3061 4995 3452 5078 obtemperate,
3511 5018 3565 5064 et

1987 5121 2092 5159 non
2125 5104 2326 5158 cadetis
2360 5107 2412 5156 in
2439 5111 2724 5155 atterunin.
2773 5101 2882 5170 Ego
2928 5115 3052 5154 vero
3087 5100 3190 5153 alia
3226 5115 3321 5154 vos
3362 5101 3564 5154 docebo

1988 5212 2173 5265 opera,
2210 5209 2331 5264 qua:
2366 5193 2640 5248 hominem
2689 5193 2906 5246 firmant
2956 5193 3021 5245 ab
3077 5191 3232 5244 initio
3274 5207 3442 5259 usque
3487 5192 3553 5244 a.l

1991 5292 2180 5353 finem;
2213 5298 2267 5340 et
2300 5296 2444 5350 sunt,
2479 5295 2540 5340 ut
2563 5284 2753 5354 diligat
2788 5285 2949 5337 homo
2997 5281 3164 5337 Deum
3196 5298 3261 5336 ex
3295 5291 3404 5336 tota
3438 5282 3562 5336 ani-

1990 5399 2073 5435 ina
2109 5395 2226 5443 sua,
2267 5394 2334 5433 ex
2380 5388 2493 5433 toto
2533 5377 2696 5431 corde
2727 5391 2824 5430 suo
2859 5384 2912 5428 et
2947 5389 3012 5429 ex
3052 5383 3160 5428 tota
3210 5383 3391 5430 mente
3444 5388 3561 5435 sua,

1987 5475 2144 5542 eique
2171 5470 2526 5540 subjiciatur;
2577 5477 2631 5523 et
2681 5477 2807 5521 tunc
2836 5466 2985 5521 dabit
3019 5467 3066 5522 ei
3116 5466 3258 5521 Deus
3307 5466 3562 5520 virtutem

1979 5611 2022 5643 ετ
2051 5609 2184 5664 Gen.
2220 5623 2299 5672 ιιι,
2325 5607 2376 5661 5.
2455 5605 2498 5638 ⁸⁸
2532 5603 2696 5660 Eccli.
2737 5618 2854 5670 vni,
2891 5603 2974 5664 ll.
3050 5604 3094 5636 “
3120 5603 3316 5660 Ezech.
3355 5618 3438 5670 tn,
3478 5600 3561 5654 l7.
