3976 6204
300 248 441 302 ιυῡδ

1296 249 1354 304 S.
1395 250 1676 308 ANTONII
1717 255 1786 311 Μ.
1827 256 2122 313 ABBATIS
2160 257 2549 318 EPISTOLE.

3437 270 3576 326 ιοκι

291 379 388 424 aut
420 369 673 424 timorem
707 379 806 424 aut
832 370 1208 441 impotentiam
1243 373 1431 440 ullam,
1477 377 1576 432 sed
1605 387 1664 432 ut
1695 378 1890 435 doceat
1916 385 1958 442 Α
1991 381 2235 447 Christo,
2282 383 2330 438 ei
2366 383 2692 450 obediendo,
2731 384 2804 440 illi
2837 397 3052 456 quoque
3082 386 3355 457 particeps
3385 389 3489 444 erit
3518 389 3575 445 in

289 477 416 527 nos,
454 462 616 517 sicuti
659 462 781 533 ejus
811 464 1000 532 prima:
1035 467 1363 523 tentati'ones
1399 479 1558 524 erant
1603 472 1672 525 ad
1710 471 1882 527 docu-

295 563 544 607 mentum
581 561 862 617 matrum;
891 569 1016 610 nam
1052 561 1244 626 sponte
1276 561 1426 614 venit
1452 559 1521 616 ab
1562 561 1694 630 aito,
1735 565 1877 634 quod

297 651 477 699 latue'n
517 657 622 699 non
664 645 886 714 reliquit
924 667 937 701 :
968 655 1024 701 ει
1055 649 1319 706 habitavit
1359 665 1523 722 super
1564 664 1785 721 terram,
1821 667 1878 712 et

299 735 598 804 Issumpsit
629 745 869 790 nostram
907 737 1339 806 similitudinem,
1369 753 1428 796 ut
1460 759 1558 800 nos
1587 745 1702 815 ipsa
1735 748 1880 802 redi-

285 837 486 891 meret,
520 828 884 885 mediantibus
923 833 989 888 iis
1030 847 1170 903 quas
1194 844 1452 904 operatus
1489 847 1571 891 est
1602 852 1699 908 per
1731 854 1874 905 eam,

285 919 836 989 dispensationibus;
876 933 929 978 et
961 937 1207 981 mortuus
1231 938 1318 982 est
1351 942 1450 998 pro
1489 930 1665 995 nobis,
1707 942 1762 986 et
1793 945 1878 987 se-

286 1013 492 1081 pultus,
527 1021 584 1068 et
627 1017 954 1084 resurrexit,
996 1025 1050 1072 et
1090 1018 1342 1075 liberavit
1385 1023 1632 1091 captivos
1677 1023 1867 1079 infero-

283 1117 430 1170 rum,
460 1103 817 1174 ascenditque
860 1109 928 1162 ad
969 1112 1252 1179 superiora
1298 1112 1561 1168 cmlorum
1604 1115 1691 1169 ubi
1729 1117 1877 1184 prius

283 1204 426 1252 erat.
475 1196 665 1253 Videte
724 1199 942 1270 itaque,
994 1201 1142 1256 filioli
1196 1205 1336 1268 mei,
1384 1206 1730 1262 dilectionem
1781 1207 1874 1264 Dei

283 1291 468 1358 Verbi,
515 1292 606 1360 qui
647 1308 748 1347 nos
779 1293 967 1348 eduxit
1023 1294 1088 1350 de
1134 1295 1287 1351 fovea
1333 1297 1629 1353 inferorum
1671 1301 1737 1354 ad
1777 1317 1874 1356 su-

285 1387 502 1456 periora
543 1386 849 1442 caelorum:
893 1403 1018 1441 nam
1065 1389 1262 1444 caelum
1309 1392 1558 1458 superius
1599 1393 1742 1447 aliud
1791 1405 1873 1450 est

282 1493 318 1536 ι
347 1479 486 1534 eicio
519 1479 742 1542 visibili,
775 1487 830 1534 et
868 1481 1062 1535 cmium
1089 1482 1306 1539 visibile
1333 1485 1479 1540 aliud
1511 1497 1592 1540 est
1626 1487 1694 1541 ab
1723 1499 1873 1555 aere,

288 1573 380 1642 qui
426 1580 508 1626 est
539 1580 731 1626 ventus
764 1572 851 1627 hic
885 1571 1022 1628 ﬂans
1051 1589 1148 1628 sua
1183 1575 1440 1643 levitate;
1476 1578 1710 1647 spatium
1765 1593 1868 1632 au-

285 1676 396 1720 tem
425 1665 569 1719 aeris
585 1665 731 1720 aliud
757 1675 839 1719 est
863 1668 932 1719 ab
955 1667 1056 1722 hac
1083 1679 1266 1723 crassa
1292 1678 1456 1732 terra,
1481 1671 1534 1724 in
1565 1685 1668 1739 qua
1705 1674 1864 1727 modo

1997 476 2134 532 locis
2179 477 2429 550 requiei;
2462 487 2516 534 et
2551 480 2642 550 qui
2677 481 2840 535 etiam
2881 483 2932 536 ei
2961 477 3193 537 Consors
3245 482 3304 536 ﬂt
3350 484 3402 538 in
3435 500 3570 541 con-

1987 576 2215 641 tempto.
2248 587 2474 628 consors
2500 587 2717 645 quoque
2745 574 2850 630 erit
2882 574 2956 628 illi
2986 575 3037 629 in
3065 575 3257 646 gloria.
3285 574 3566 646 Siquidem

1983 662 2076 732 qui
2110 663 2317 732 patitur
2346 662 2561 720 labores
2590 673 2646 719 et
2673 667 2968 735 opprobria
2999 676 3053 721 et
3085 667 3313 737 injurias
3344 679 3399 723 et
3436 683 3577 724 con-

1987 762 2276 824 temptum,
2308 757 2424 826 ipse
2445 756 2860 828 glorificabitnr.
2888 759 3162 828 Scriptum
3189 777 3424 831 namque
3450 772 3569 820 est:

1986 842 2157 899 Filius
2182 845 2356 901 bonus
2380 847 2496 916 ipse
2524 848 2872 903 haereditabit
2905 849 3124 904 labores
3158 861 3212 906 et
3234 852 3572 909 benedictio-

1982 950 2080 991 nes
2113 946 2398 1004 parentum
2437 953 2657 994 suorum
2687 957 2702 1006 ;
2736 939 2879 996 filius
2908 956 3042 997 vero
3070 941 3245 1000 malus
3273 944 3570 1001 hzcreditao

1980 1027 2058 1082 bit
2095 1029 2550 1086 maledictionem.

2051 1119 2258 1176 Scitote
2278 1123 2465 1186 etiam,
2493 1123 2642 1178 filioli
2669 1125 2770 1180 mei
2793 1126 3078 1193 amabiles,
3103 1128 3247 1196 quod
3277 1140 3564 1199 pOStquam

1980 1211 2119 1266 hanc
2148 1213 2340 1283 scripsi
2384 1202 2539 1269 vobis
2596 1215 2904 1282 epistolam,
2947 1217 3244 1298 commovit
3280 1233 3364 1271 me
3396 1217 3568 1286 Spiri-

1980 1313 2087 1366 tus,
2137 1313 2196 1357 ut
2246 1304 2540 1359 scriberem
2591 1306 2747 1360 vobis
2799 1306 2866 1360 de
2912 1305 3186 1375 seraphim
3237 1321 3395 1375 quem
3437 1305 3568 1359 vidit

1982 1393 2234 1450 Ezechiel
2269 1401 2531 1466 propheta
2562 1399 2632 1464 7",
2660 1399 2753 1468 qui
2785 1407 2869 1454 est
2901 1409 3058 1470 typus
3093 1400 3400 1454 animarum
3436 1398 3567 1452 (ideo

1976 1485 2108 1540 lintn
2133 1503 2253 1555 quae
2295 1488 2576 1543 decertant
2596 1491 2663 1544 ad
2691 1491 3127 1560 consequendam
3152 1490 3562 1562 perfectionem.

1977 1577 2222 1634 Habebat
2247 1595 2345 1634 sex
2378 1581 2494 1635 alas
2520 1582 2693 1637 oculis
2729 1581 2990 1648 refertas;
3023 1583 3256 1636 habebat
3284 1584 3444 1637 etiam
3480 1579 3563 1635 fa-

1975 1672 2090 1727 cies
2138 1682 2393 1742 quatuor,
2441 1676 2493 1728 in
2539 1685 2778 1746 quatuor
2825 1685 3004 1745 partes
3053 1676 3396 1745 aspicientes.
3447 1673 3560 1729 Una

281 1770 473 1814 arturus
503 1767 558 1811 et
592 1757 740 1812 brevi
774 1772 839 1812 ex
878 1756 967 1812 illa
1019 1759 1392 1828 migrabimos.
1429 1761 1628 1816 Sciatis
1662 1773 1866 1830 autem,
1902 1747 1943 1803 Β
1973 1762 2138 1818 facies
2175 1765 2371 1821 similis
2415 1774 2535 1821 erat
2564 1766 2719 1821 faciei
2757 1767 3011 1833 hominis,
3062 1767 3166 1821 alia
3207 1780 3338 1822 vero
3403 1767 3561 1822 faciei

280 1849 638 1918 operatioues
659 1849 786 1903 caeli
818 1847 954 1905 alias
979 1863 1103 1906 esse
1134 1852 1202 1907 ab
1229 1853 1642 1920 operationibus
1675 1865 1829 1910 teme
1853 1875 1866 1911 :

283 1939 562 2002 aliamque
600 1953 720 1994 esse
764 1940 1067 2010 regionem,
1109 1941 1214 1997 hac
1245 1949 1386 1996 terra
1423 1945 1753 2013 graviorem,
1783 1957 1870 1998 ar-

282 2029 450 2084 duam
494 2028 648 2084 valde
699 2044 764 2084 ac
813 2029 1195 2096 tenebrosam,
1251 2031 1494 2102 nihilque
1539 2048 1662 2089 esse
1710 2035 1764 2089 in
1805 2049 1868 2091 ea

281 2120 511 2176 luminis
544 2135 720 2190 neque
753 2122 988 2192 requiei,
1020 2133 1080 2177 et
1109 2132 1336 2178 vocatur
1365 2123 1654 2179 infernum.
1677 2123 1871 2180 Tenta-

281 2213 360 2266 tio
393 2219 599 2276 autem,
628 2212 774 2266 filioli
802 2213 932 2280 mei,
963 2228 1082 2284 quae
1108 2228 1280 2284 nuper
1304 2215 1433 2270 mihi
1456 2215 1650 2272 accidit
1677 2232 1865 2287 parum

280 2301 480 2367 abfuit,
511 2303 639 2371 quin
669 2313 756 2358 me
786 2306 852 2358 ad
875 2306 978 2359 hoc
1005 2306 1148 2360 idem
1173 2306 1448 2362 infernum
1479 2311 1821 2379 perduxisset
1847 2331 1862 2367 :

282 2395 484 2465 quippe
507 2395 773 2472 bonorum
804 2397 988 2452 hostes
1029 2397 1081 2451 iu
1117 2398 1246 2452 illud
1281 2413 1365 2456 me
1392 2402 1658 2471 projicere
1685 2406 1868 2461 volue-

289 2496 417 2540 runt
447 2486 653 2557 ingenti
684 2502 782 2542 sua
815 2487 1131 2542 calliditate.
1164 2489 1230 2543 Et
1264 2501 1361 2559 pro
1393 2491 1480 2548 bis
1514 2493 1729 2549 fuerunt
1761 2497 1864 2552 mei

279 2578 521 2641 labores,
561 2589 617 2634 et
646 2579 972 2646 certamina,
1003 2590 1057 2635 et
1085 2583 1370 2651 angustize,
1412 2593 1462 2640 et
1505 2587 1866 2655 perturbatio-

278 2686 398 2726 nes.
431 2671 499 2724 At
540 2671 726 2725 infelix
755 2671 961 2739 gratias
989 2686 1091 2743 ago
1135 2673 1242 2728 Deo
1275 2689 1418 2740 meo,
1469 2685 1523 2731 et
1557 2677 1744 2733 laudes
1788 2677 1864 2732 illi

280 2762 472 2828 offero,
507 2763 592 2818 cui
621 2763 820 2818 servivi
871 2773 980 2818 toto
1021 2767 1188 2819 corde
1238 2781 1358 2821 meo
1396 2783 1425 2822 a
1471 2769 1705 2839 pueritia
1739 2785 1862 2826 mea

280 2869 451 2925 usque
492 2871 654 2922 nunc,
697 2857 857 2926 eique
900 2856 1134 2921 obedivi,
1173 2873 1294 2913 cum
1327 2874 1413 2916 me
1439 2875 1545 2915 non
1591 2863 1878 2918 deseruis-

286 2957 391 3013 set,
428 2947 522 3002 sed
555 2948 848 3003 attxiliatns
889 2959 973 3005 est
1003 2951 1160 3016 mihi,
1201 2962 1254 3006 et
1293 2954 1494 3024 eripuit
1538 2969 1624 3011 me
1652 2971 1681 3010 a
1712 2966 1868 3012 tene-

276 3040 390 3094 bris
417 3039 784 3107 inimicorum,
815 3050 870 3095 ει
891 3041 1089 3096 iterum
1121 3043 1360 3100 restituit
1386 3059 1471 3102 me
1498 3047 1552 3101 in
1581 3049 1863 3118 pristinam

277 3131 660 3186 celsitudinem
697 3145 896 3199 meam,
944 3133 1087 3188 sicut
1132 3136 1367 3191 redemit
1409 3140 1580 3192 Adam
1629 3149 1685 3194 et
1727 3142 1866 3197 filios

277 3238 411 3278 suos
446 3224 638 3288 bonas,
679 3225 1000 3295 reduxitque
1047 3227 1167 3282 illos
1214 3229 1282 3282 ad
1335 3231 1632 3299 pristinum
1669 3245 1857 3288 eorum

273 3314 546 3369 ordinem.
577 3313 852 3386 Scriptum
875 3319 1018 3372 enim
1049 3329 1134 3374 est
1163 3337 1176 3375 :
1202 3319 1452 3376 Ascendit
1486 3323 1541 3376 in
1577 3323 1764 3392 altum,
1816 3335 1864 3378 et

275 3407 538 3474 captivam
597 3407 751 3461 duxit
807 3410 1191 3478 captivitatem,
1249 3420 1300 3466 et
1348 3415 1488 3468 dedit
1556 3415 1859 3471 hominibus

276 3499 421 3553 dona
452 3499 516 3553 ⁷⁸.
548 3499 742 3555 Notum
778 3511 1037 3568 praeterea
1065 3505 1217 3560 vobis
1258 3505 1396 3560 facio
1421 3508 1564 3575 quod
1605 3524 1724 3563 mea
1770 3525 1865 3578 po-

276 3601 481 3646 strema
549 3593 774 3649 tentatio
817 3595 1008 3650 similis
1051 3595 1151 3650 fuit
1186 3597 1468 3652 tentatioui
1514 3596 1732 3668 Joscphi
1773 3613 1869 3668 po-

277 3693 527 3750 stremae;
581 3685 846 3755 siquidem
891 3686 1090 3757 Juseph
1141 3686 1330 3741 beatus
1378 3699 1442 3743 ac
1481 3688 1698 3758 justus,
1745 3704 1866 3745 cum

287 3783 594 3829 tentaretur
629 3776 975 3852 multitudine
999 3778 1379 3844 tentationum,
1411 3793 1516 3833 non
1543 3789 1626 3833 est
1651 3787 1870 3849 pertur-

278 3862 478 3928 batus;
510 3865 824 3933 nuperrime
857 3879 987 3920 vero
1018 3879 1140 3920 cum
1173 3867 1225 3920 in
1252 3876 1526 3922 carcerem
1560 3868 1748 3924 fuisset
1773 3872 1869 3925 de-

280 3962 468 4010 trusus
517 3957 608 4024 qui
655 3965 740 4011 est
777 3955 1079 4014 similitudo
1127 3959 1354 4026 inferni,
1398 3961 1746 4031 perturbatus
1784 3972 1870 4017 εει

281 4051 385 4103 hac
409 4050 728 4105 tentatioue.
750 4050 1012 4106 Dominus
1037 4062 1216 4108 autem
1245 4061 1432 4109 noster
1458 4066 1554 4110 sua
1581 4053 1867 4110 clementia

281 4153 405 4197 eum
435 4143 662 4199 vidisset
691 4145 1158 4214 pulchritudinem
1193 4147 1312 4218 ejus
1344 4151 1663 4204 certaminis
1691 4161 1745 4204 et
1776 4163 1866 4220 pa-

279 4235 522 4300 tieutize,
561 4238 710 4292 dedit
747 4237 822 4291 illi
856 4249 1110 4310 maguum
1149 4241 1440 4307 honorem,
1488 4253 1542 4298 et
1587 4243 1871 4300 constituit

280 4332 435 4386 illum
467 4349 672 4404 regem,
692 4350 792 4391 uec
815 4337 1045 4408 amplius
1073 4347 1312 4395 tentatus
1335 4347 1438 4395 est.
1468 4338 1604 4395 Vere
1627 4340 1868 4410 quidem,

1976 1856 2141 1924 tauri,
2174 1867 2228 1912 et
2258 1858 2361 1912 alia
2403 1858 2559 1913 faciei
2594 1858 2788 1926 leonis,
2833 1869 2887 1913 et
2918 1859 3021 1913 alia
3056 1860 3212 1914 faciei
3244 1859 3472 1929 aquilte;
3506 1867 3564 1914 et

1975 1949 2186 2020 reliqua
2215 1962 2449 2020 quorum
2479 1952 2727 2005 meminit
2753 1953 3038 2022 propheta,
3066 1966 3186 2021 quae
3216 1965 3313 2022 per
3346 1961 3560 2020 tempus

1972 2040 2127 2096 vobis
2162 2042 2406 2097 scribere
2438 2057 2545 2097 non
2583 2042 2730 2098 licet.
2765 2043 2961 2097 Verum
2992 2055 3162 2112 pauca
3200 2043 3355 2096 vobis
3389 2056 3560 2110 expo-
3591 2047 3595 2052 ’

1973 2147 2101 2187 nam
2133 2131 2203 2188 de
2240 2133 2432 2188 horum
2459 2147 2655 2200 sensu;
2685 2147 2807 2190 cum
2845 2148 2974 2190 vero
3011 2149 3112 2204 ope
3139 2135 3340 2191 Christi
3370 2135 3435 2188 ad
3466 2147 3561 2190 vos

1971 2237 2196 2291 venero,
2242 2239 2510 2294 exponam
2553 2226 2708 2281 vobis
2740 2227 2952 2297 reliqua
2993 2227 3197 2282 lahium
3234 2229 3300 2283 ad
3332 2226 3558 2293 labium,

1970 2331 2093 2370 cum
2141 2315 2209 2370 de
2273 2317 2358 2371 his
2414 2319 2574 2371 modo
2625 2318 2864 2374 scribere
2911 2333 3018 2372 non
3075 2319 3306 2372 valeam.
3360 2317 3560 2373 Sciatis

1974 2419 2105 2476 ergo
2137 2421 2152 2459 :
2187 2404 2354 2461 facies
2381 2407 2554 2477 prima
2601 2408 2874 2479 seraphim
2904 2422 3024 2477 qua:
3070 2418 3153 2464 est
3192 2408 3358 2463 facies
3388 2408 3562 2462 lzomi-

1970 2500 2074 2565 nis,
2114 2497 2366 2568 designat
2405 2497 2592 2556 fideles
2625 2501 2717 2570 qui
2762 2501 2814 2555 iu
2863 2501 3065 2556 mundo
3091 2511 3220 2556 sunt
3252 2511 3558 2571 operantos

1976 2607 2038 2647 ea
2072 2603 2338 2662 praecepta
2370 2608 2490 2660 quat
2523 2595 2623 2648 sibi
2665 2591 2899 2662 iujuncta
2941 2605 3101 2662 sunt;
3137 2594 3182 2649 si
3216 2594 3338 2664 quis
3377 2605 3559 2649 autem

1973 2684 2164 2740 horum
2224 2685 2292 2740 ad
2346 2686 2592 2740 habitum
2651 2687 3016 2742 monasticam
3070 2703 3326 2757 egressus
3372 2685 3557 2752 fuerit,

1971 2777 2308 2832 assimilatur
2343 2779 2482 2832 tauri
2531 2778 2711 2843 faciei,
2740 2793 2805 2834 eo
2840 2779 2983 2848 quod
3028 2791 3288 2850 operatur
3319 2787 3372 2835 et
3418 2779 3562 2833 solli-
3615 2815 3626 2828 .

1971 2870 2118 2926 citus
2159 2872 2234 2926 sit
2283 2871 2351 2926 de
2401 2873 2690 2942 praeceptis
2731 2873 3128 2937 monacltatus;
3187 2887 3308 2926 nam
3358 2871 3468 2940 agit
3504 2879 3561 2926 et

1969 2964 2216 3018 decertat
2244 2961 2503 3019 sensibile
2534 2974 2836 3019 certamen.
2861 2963 3014 3030 Quod
3045 2963 3090 3017 si
3119 2963 3560 3033 congregationis

1968 3056 2191 3113 ordines
2229 3056 2714 3119 consummaverit,
2747 3065 2802 3111 ct
2822 3069 3076 3126 egressus
3111 3054 3274 3109 fuerit
3310 3054 3561 3109 habitare

1973 3147 2346 3215 solitudinem,
2399 3157 2453 3203 et
2500 3157 2823 3220 segregatus
2856 3148 3022 3203 fuerit
3069 3149 3135 3202 ad
3170 3148 3562 3218 oppugnandos

1970 3240 2277 3296 invisibiles
2309 3241 2624 3306 daemones;
2657 3241 2772 3310 jam
2805 3240 2894 3294 hic
2930 3239 3264 3294 assimilatas
3295 3250 3378 3294 est
3401 3237 3560 3292 faciei

1970 3333 2161 3398 leonis,
2184 3334 2383 3404 quiest
2416 3349 2508 3388 rex
2545 3333 2780 3387 ferarum
2825 3332 3182 3388 siivesrrium.
3212 3331 3345 3385 Cum
3379 3341 3563 3385 autem

1970 3428 2312 3498 superaverit
2344 3428 2530 3484 hostes
2557 3429 2884 3496 invisibiles,
2922 3439 2976 3484 et
3009 3429 3356 3500 passiouibus
3390 3427 3566 3483 domi-

1970 3529 2130 3573 natus
2157 3518 2320 3574 fuerit
2357 3533 2564 3588 easque
2599 3519 2702 3573 sibi
2738 3520 3060 3590 subjererit,
3098 3519 3396 3575 eievabitur
3429 3517 3556 3588 Spi-

1972 3611 2079 3665 ritu
2114 3622 2328 3677 sancto,
2356 3621 2421 3664 -et
2462 3611 2665 3666 videbit
2699 3611 2914 3666 divinas
2946 3611 3207 3675 visiones,
3245 3619 3301 3661 ct
3346 3609 3563 3661 assimi-

1971 3699 2172 3755 Iabitur
2197 3701 2355 3756 faciei
2382 3702 2601 3771 aquilae,
2625 3713 2679 3756 et
2701 3703 3017 3772 lmplebitur
3039 3703 3104 3755 de
3127 3701 3217 3754 illo
3241 3699 3562 3769 Scriptura:

1970 3792 2324 3847 Renovabt'tur
2369 3793 2617 3860 juventus
2658 3803 2749 3847 tua
2797 3795 2930 3848 sicut
2969 3792 3164 3863 aquila:
3205 3793 3272 3846 ⁷⁷.
3321 3791 3386 3846 Ει
3431 3800 3567 3845 tunc

1978 3884 2290 3940 intellectus
2324 3884 2471 3941 illius
2502 3877 3146 3957 discernet‘qumcuuque
3172 3884 3273 3940 sibi
3305 3885 3568 3939 obveuire

1972 3985 2204 4048 possunt
2241 3988 2337 4032 sex
2371 3987 2436 4032 ex
2474 3977 2741 4046 partibus,
2779 3988 2833 4032 et
2866 3977 3258 4033 assimilabitur
3303 3992 3396 4034 sex
3443 3975 3555 4032 iiiis

1973 4065 2076 4122 alis
2114 4065 2396 4122 oculorum
2433 4065 2688 4135 refertis;
2721 4077 2775 4123 et
2811 4067 2902 4123 lict
2934 4068 3210 4137 seraphim
3237 4067 3562 4139 spiritualis,

1972 4169 2029 4214 et
2069 4159 2412 4214 haereditabit
2441 4169 2704 4214 :eternam
2758 4161 3159 4226 haereditatcm,
3193 4178 3258 4218 eo
3291 4166 3432 4232 quod
3464 4163 3559 4217 ob-

1975 4254 2364 4323 temperaverit
2391 4253 2638 4324 patribus
2672 4257 2787 4310 suis
2817 4253 3216 4325 spiritualibus.

2047 4343 2158 4414 Ego
2192 4353 2373 4400 autem
2400 4331 2548 4412 (scio,
2585 4345 2733 4401 filioli
2767 4349 2892 4412 mei,
2929 4346 3072 4416 quod
3113 4360 3210 4400 nos
3237 4359 3426 4399 omnes
3447 4343 3557 4412 iam

282 4419 435 4481 filioli
475 4427 578 4481 mei
616 4428 901 4495 amabiles,
935 4443 1040 4485 non
1087 4430 1362 4487 abscondo
1395 4445 1422 4484 a
1455 4433 1608 4487 vobis
1650 4445 1868 4487 mensu-
1902 4451 1949 4508 D
1978 4439 2288 4507 accepimus
2340 4437 2600 4493 virtutem
2655 4454 2683 4493 a
2741 4437 2967 4493 Domino
2991 4481 3004 4503 ,
3056 4438 3178 4509 quia
3221 4436 3561 4493 obcdivimus

277 4535 398 4576 ram
425 4521 743 4576 tentationis
766 4523 818 4576 iu
851 4537 957 4592 qua
993 4523 1268 4588 versabar,
1299 4533 1352 4577 et
1381 4537 1444 4576 ex
1479 4538 1585 4593 qua
1609 4523 1859 4577 liberavit

275 4626 367 4666 me
399 4611 657 4666 Dominus
708 4626 892 4680 meus;
939 4619 994 4669 et
1039 4625 1221 4670 certus
1267 4613 1486 4684 quidem
1532 4630 1672 4678 sum,
1721 4614 1865 4683 quod

277 4703 385 4758 hoc
409 4702 516 4756 sim
544 4715 870 4760 consecutus
895 4706 1092 4760 vestris
1119 4707 1480 4771 orationibus,
1507 4714 1563 4760 et
1592 4705 1868 4776 precibus,

275 4809 333 4854 et
379 4799 642 4853 memoria
681 4806 860 4852 vestra
902 4811 1008 4867 qua
1053 4811 1138 4852 me
1185 4798 1600 4867 prosequimini.
1648 4796 1861 4850 Etenim

276 4893 418 4947 satis
459 4889 668 4947 laboris
703 4901 911 4945 mecum
943 4891 1243 4960 pertulistis
1270 4908 1284 4958 ;
1315 4901 1368 4945 et
1405 4900 1556 4946 certe
1586 4891 1735 4945 dabit
1771 4903 1870 4944 vo-

275 4987 363 5042 bis
395 4984 660 5039 Dominus
687 4984 942 5054 spiritum
985 4984 1202 5045 salutis,
1234 4984 1690 5054 quemadmodum
1724 4983 1873 5038 dedit

279 5089 417 5132 mea:
462 5077 790 5146 paupertati.
825 5073 971 5130 Ditit
1001 5078 1146 5131 enim
1180 5077 1465 5147 discipulis
1505 5077 1621 5132 Suis
1653 5093 1665 5129 :
1710 5073 1869 5130 Vobis

277 5179 458 5225 vittam
487 5171 578 5241 qui
622 5170 950 5225 sustinuistis
984 5179 1186 5225 mecum
1221 5170 1279 5223 iu
1311 5171 1689 5225 amationibus
1719 5171 1866 5236 meis,

278 5263 527 5336 ήὲξνοηο,
560 5262 694 5315 sicut
723 5261 991 5329 pollicitus
1022 5271 1095 5315 est
1131 5260 1296 5316 Pater
1329 5275 1496 5324 meus,
1537 5275 1777 5329 regnum,
1815 5269 1870 5312 ut

279 5354 450 5407 citatis
477 5362 526 5408 et
553 5353 742 5408 bibatis
769 5365 926 5420 super
951 5365 1182 5407 mentum
1205 5365 1373 5407 meum
1398 5353 1452 5407 in
1475 5367 1632 5422 regno
1663 5367 1776 5407 meo
1801 5353 1870 5407 ⁷³.

283 5444 463 5511 Quare
492 5443 776 5514 percipite,
813 5442 963 5497 filioli
1003 5444 1129 5508 mei,
1179 5455 1400 5498 sensum
1439 5442 1632 5498 borum
1663 5443 1862 5499 verbu-

286 5553 438 5602 rutn;
469 5538 614 5608 quod
642 5537 892 5592 videlicet
919 5537 1228 5608 quicunque
1251 5538 1521 5608 particeps
1551 5538 1610 5591 fit
1639 5537 1866 5592 Domino

351 5725 397 5759 “
435 5726 577 5784 l’sal.
616 5743 780 5788 van.
826 5728 906 5784 l9.
991 5729 1032 5759 7’
1077 5726 1207 5784 Luc.
1257 5729 1509 5796 “11,29,
1537 5729 1626 5784 50.

1713 5735 1756 5766 τε
1795 5733 1992 5791 Bacch.
2036 5746 2072 5798 l,
2103 5730 2131 5786 i
2177 5745 2297 5799 sqq.

1979 4526 2227 4596 patribus
2275 4529 2497 4592 nostris,
2537 4542 2836 4599 eorumque
2869 4531 3177 4600 accepimus
3223 4528 3559 4585 bencdictio~

1975 4636 2123 4676 nem.
2157 4619 2267 4676 Vos
2300 4637 2519 4692 quoque
2567 4635 2784 4693 propter
2819 4635 3056 4677 vestram
3103 4623 3462 4678 obedientiam
3505 4631 3556 4678 et

1976 4713 2336 4768 ministerium
2363 4753 2378 4779 ,
2434 4715 2712 4783 accipietis
2747 4715 3108 4769 ministerium
3142 4730 3172 4768 a
3214 4709 3447 4769 Domino
3507 4722 3558 4770 et

1976 4805 2368 4861 Inereditabitis
2439 4806 2872 4861 benedictionem
2937 4816 3149 4875 patrum
3223 4821 3550 4862 vesrrorum.

1976 4897 2108 4952 Dico
2139 4898 2355 4966 quidem
2388 4899 2561 4963 vobis,
2589 4903 2732 4968 quod
2761 4913 2976 4970 semper
2997 4899 3162 4954 vestri
3196 4912 3404 4953 memor
3434 4899 3560 4964 sim,

1973 4998 2028 5044 et
2061 4990 2214 5043 video
2248 5003 2348 5046 vos
2384 4991 2437 5044 in
2475 4992 2691 5060 spiritu,
2737 5001 2994 5061 tanquam
3039 5003 3234 5060 parens
3281 4991 3364 5060 pia
3399 5000 3560 5061 atque

1977 5081 2294 5136 misericors
2326 5081 2465 5137 filios
2499 5097 2626 5138 suos
2660 5083 2933 5153 parvulos.
2977 5081 3134 5152 Stepe
3173 5082 3389 5151 quidem
3421 5081 3571 5135 vole-

1980 5172 2071 5226 bat
2111 5173 2372 5230 Dominus
2401 5189 2554 5229 meus
2583 5175 2865 5244 quiescere
2892 5187 2976 5227 me
3008 5172 3187 5228 facere
3219 5188 3248 5226 a
3281 5171 3559 5225 laboribus

1973 5266 2224 5335 corporis
2254 5266 2432 5334 huius,
2467 5274 2520 5322 et
2551 5281 2828 5322 assumere
2868 5265 3107 5319 animam
3145 5277 3321 5319 meam
3353 5264 3420 5318 ad
3455 5279 3554 5329 se;

1974 5359 2068 5413 sed
2104 5375 2226 5414 cum
2259 5362 2565 5431 requiescat
2593 5361 2646 5414 in
2675 5360 2829 5415 vobis
2861 5357 3100 5429 Spiritus
3129 5358 3378 5424 Domini,
3425 5357 3556 5413 reli-

1975 5451 2093 5522 quit
2121 5453 2366 5522 spiritum
2405 5467 2581 5507 mcum
2627 5453 2680 5506 in
2719 5437 2946 5520 corpore
2975 5450 3091 5519 ejus
3113 5450 3180 5505 ad
3203 5449 3552 5507 educandum

1981 5558 2097 5609 vos,
2137 5545 2322 5600 dicens
2357 5546 2404 5601 ei
2437 5564 2452 5602 :
2487 5543 2680 5615 Utique
2717 5545 2920 5616 optima
2950 5559 3010 5600 es
3039 5559 3235 5615 parcus
3269 5555 3321 5600 et
3348 5543 3551 5600 educa-

2387 5729 2439 5802 77
2476 5727 2614 5784 l'sal.
2658 5743 2751 5796 cn,
2787 5727 2840 5782 5.
