3990 6210
434 258 570 318 1035

1543 218 1821 321 PATIlES
1855 262 2157 319 JEGYPTII
2202 262 2472 320 SxECULl
2513 264 2604 319 ιν.

3572 264 3706 320 1056

433 376 539 430 trix
570 375 742 442 bona;
780 383 1068 446 propterea
1096 374 1291 445 reliqui
1326 383 1397 442 te,
1434 386 1492 431 ut
1523 379 1728 449 optime
1751 380 2015 434 educares
2045 390 2090 445 Α
2121 379 2329 432 tttinum
2355 375 2725 434 contemnstis
2758 394 2771 433 :
2803 377 2962 448 hujus
2993 379 3194 452 quippe
3225 381 3378 436 radix
3405 390 3491 437 est
3511 395 3707 451 super-

434 470 574 524 lilios
608 476 748 523 tuos.
783 469 849 522 Et
894 484 1059 532 nunc,
1086 466 1232 522 ﬁlioli
1275 468 1381 523 mei
1419 469 1687 525 benedicti
1726 471 2016 526 novissima

434 561 835 627 benedictione,
865 573 931 614 en
959 559 1097 615 liber
1134 576 1289 618 mens
1323 562 1390 616 ad
1432 578 1527 618 vos
1578 573 1633 618 et
1667 563 2011 619 benedictio:

431 668 600 721 quare
632 661 847 709 servate
874 652 1044 717 illum,
1080 670 1202 709 cum
1231 656 1303 710 sit
1333 670 1458 711 vera
1490 658 1803 722 lnereditas,
1825 669 1876 712 et
1910 660 2020 713 hae-

434 743 690 796 reditatio
721 753 936 813 patrum
968 743 1360 814 spiritualium,
1385 747 1476 816 qui
1506 748 1732 803 minime
1755 747 1879 803 ﬁliis
1905 749 2018 803 suis

440 849 634 887 aurum
671 836 752 888 vel
782 846 1068 908 argentum
1104 846 1197 891 aut
1231 839 1317 894 bis
1343 840 1545 896 similia
1585 842 2014 896 ltmrcditandum

435 925 784 997 relinquunt;
819 930 913 983 sed
945 945 1127 985 veram
1164 932 1554 989 haereditatem.
1583 934 1842 991 Parentes
1867 952 2019 989 nam-

441 1036 548 1091 que
584 1022 900 1092 corporales
930 1034 1078 1088 sunt,
1116 1027 1208 1093 qui
1241 1024 1671 1082 hmreditandum
1706 1028 2017 1100 relinquunt

434 1113 561 1168 ﬁliis
589 1114 704 1170 suis
736 1132 924 1170 aurum
962 1127 1016 1171 et
1047 1128 1331 1190 argentum
1374 1129 1431 1175 et
1468 1120 1555 1175 his
1588 1120 1808 1176 similia.
1840 1122 2021 1189 Quare

436 1208 617 1263 videte
664 1209 1042 1278 patriarchas,
1094 1211 1185 1279 qui
1237 1226 1372 1266 auro
1423 1222 1479 1266 et
1522 1223 1748 1282 argento
1794 1214 2022 1284 aliisque

435 1299 810 1368 corporalibus
842 1300 1045 1356 divitiis
1094 1300 1405 1369 aliiuebaut,
1453 1318 1556 1359 nec
1603 1313 1781 1360 tamen
1819 1307 2022 1362 mentio

436 1389 540 1443 ulla
592 1390 671 1457 lit,
721 1392 864 1461 quod
907 1395 1098 1448 horum
1136 1394 1422 1466 quisquam
1468 1381 1594 1452 filiis
1637 1399 1755 1453 suis
1799 1397 2020 1454 illarum

439 1484 786 1550 meminerit;
816 1486 1083 1555 siquidem
1117 1488 1434 1558 temporalia
1464 1499 1589 1544 sunt
1619 1500 1672 1545 et
1698 1492 2017 1546 transitura.

443 1574 550 1631 Sed
600 1577 1028 1634 haereditandum
1073 1581 1411 1652 reliquerunt
1439 1582 1543 1638 illis
1583 1582 2021 1660 benedictionem

438 1666 585 1723 illam
637 1684 856 1736 veram,
908 1671 960 1726 in
1007 1683 1269 1728 teternum
1318 1676 1664 1743 duraturam,
1707 1694 1828 1749 quae
1880 1679 2023 1750 parit

2121 470 2231 534 hia,
2277 485 2397 539 quae
2435 468 2749 525 hominibus
2784 469 2921 524 iram
2956 470 3193 528 induxit.
3229 471 3294 526 Et
3331 472 3539 527 idcirco
3573 474 3708 529 dixit

2122 559 2290 615 Isaias
2325 561 2588 631 propheta
2628 576 2643 613 :
2678 560 2815 615 Ecce
2859 561 2977 616 dies
3017 560 3235 616 Domini
3268 561 3509 619 Sabaei}:
3545 566 3708 619 veniet

2120 669 2279 722 super
2308 669 2484 707 omnes
2529 654 2777 723 superbos
2831 655 3010 718 corde,
3043 664 3092 708 et
3126 655 3381 710 illusores-
3399 655 3472 711 ⁸³.
3525 654 3713 714 Videte

2124 745 2325 814 itaque,
2382 745 2724 801 dilectissimi
2783 747 2910 812 mei,
2972 748 3401 818 magnitudinem
3456 752 3714 805 mteroris

2123 836 2286 907 hujus
2309 838 2398 906 qui
2432 837 2683 908 superbis
2715 847 3014 893 eventurus
3049 849 3155 894 est.
3188 838 3370 907 Quare
3410 855 3513 895 nos
3551 855 3709 907 Opor-

2124 938 2221 991 tet,
2268 938 2327 981 ut
2361 927 2642 998 lugeamus
2675 942 2840 998 super
2878 929 3240 1000 nosmetipsos
3297 929 3483 985 cordis
3522 932 3717 985 ardore

2123 1030 2177 1074 et
2210 1021 2503 1088 unumstitia;
2542 1036 2664 1077 nam
2697 1021 2896 1077 multos
2927 1021 3032 1075 vidi
3068 1022 3363 1077 monachos
3392 1032 3448 1075 et
3477 1022 3719 1092 virgines

2124 1111 2177 1166 in
2213 1113 2354 1167 hanc.
2392 1112 2616 1167 arduam
2653 1114 2916 1168 cecidisse
2948 1114 3260 1184 passionem
3292 1114 3364 1168 ob
3392 1129 3589 1169 eorum
3626 1114 3719 1168 fal-

2120 1219 2240 1262 sam
2281 1205 2773 1271 existimationem,
2805 1208 3049 1262 dicentes
3078 1208 3148 1262 de
3208 1208 3565 1272 semetipsis:
3606 1207 3721 1264 Uti-

2122 1312 2229 1368 que
2283 1313 2382 1353 nos
2432 1296 2639 1368 aliquid
2696 1298 2875 1370 magni
2939 1313 3154 1364 sumus,
3213 1308 3270 1353 et
3317 1297 3500 1353 nullus
3562 1299 3719 1354 nobis

2122 1391 2557 1460 comparabitur.
2597 1390 2736 1446 Vere
2769 1400 2953 1445 autem
2987 1391 3110 1447 dico
3142 1391 3314 1457 vobis,
3343 1390 3715 1458 dilectissimi,

2126 1482 2261 1536 nihil
2296 1497 2418 1538 esse
2442 1482 2495 1537 iu
2524 1483 2607 1538 his
2634 1482 2738 1537 nisi
2769 1482 3083 1554 superbiam
3107 1490 3162 1537 et
3185 1492 3559 1553 contemptum
3585 1498 3716 1553 erga

2130 1574 2405 1641 homines,
2453 1584 2509 1631 et
2537 1574 2743 1641 odium,
2777 1586 2832 1631 et
2864 1575 3156 1646 peSsimam
3190 1574 3631 1643 ammlationem,
3662 1584 3719 1630 ct

2127 1670 2534 1723 contentionem
2560 1708 2576 1736 ,
2605 1669 2733 1738 quia
2781 1668 3156 1739 pmnitentiam
3200 1684 3361 1739 agere
3400 1679 3457 1723 et
3499 1684 3567 1722 ex
3603 1677 3716 1723 toto

437 1761 680 1829 reuuiem
709 1762 1025 1830 caelestem;
1060 1773 1116 1818 et
1157 1766 1273 1835 ipsa
1319 1775 1424 1832 est,
1463 1782 1583 1837 qua:
1620 1740 1859 1825 manebit
1881 1740 2019 1826 'cum
2053 1740 2100 1799 Β
2128 1760 2294 1816 corde
2327 1760 2653 1832 resipiscere
2682 1771 2952 1827 renuunt;
2978 1769 3032 1815 et
3057 1760 3174 1816 haec
3203 1764 3338 1816 sane
3366 1770 3534 1830 atque
3559 1762 3714 1816 simi-

436 1851 658 1906 homine
691 1852 743 1906 in
775 1863 1063 1910 aeternum.
1092 1854 1457 1922 Quamobrem
1494 1858 1690 1914 scitote
1718 1861 1863 1930 quod
1907 1861 2022 1918 haec

437 1943 745 1998 benedictio
772 1960 936 2015 quam
980 1946 1131 2001 dedit
1159 1948 1314 2002 vobis
1363 1957 1517 2017 pater
1562 1960 1762 2019 vester,
1814 1938 1912 2021 par
1951 1954 2024 2010 sit

440 2032 516 2086 illi
551 2034 916 2089 bcnedictioni
959 2046 1222 2105 paternae.
1270 2038 1515 2094 Salutem
1552 2040 1605 2095 in
1654 2041 1923 2112 Domino,
1968 2053 2026 2101 et

442 2124 706 2193 Spiritum
740 2127 989 2184 veritatis
1019 2132 1286 2186 concedat
1314 2131 1471 2187 vobis
1511 2132 1775 2192 Dominus
1813 2146 2021 2204 noster,

439 2217 613 2272 donec
660 2219 955 2275 discedatis
989 2220 1057 2276 ab
1086 2223 1190 2278 hoc
1227 2225 1427 2280 mundo
1463 2226 1783 2295 transitura,
1817 2238 1873 2285 et
1916 2230 2025 2286 hie-

440 2309 688 2365 reditetis
735 2311 996 2367 mundum
1040 2312 1192 2368 illum
1230 2317 1593 2382 duraturum,
1630 2318 2027 2378 intercessione

436 2399 676 2454 omnium
692 2411 902 2469 patrum
922 2412 1252 2459 nostrorum.
1270 2406 1336 2461 Et
1354 2406 1495 2473 laus,
1511 2417 1566 2462 et
1586 2408 1755 2481 gloria
1772 2411 2025 2469 Trinitati

436 2491 815 2559 sanctissima,
833 2493 1072 2550 Domina:
1098 2498 1417 2554 szeculorum
1444 2500 1495 2555 in
1520 2511 1807 2560 aeternum.
1827 2505 2025 2562 Amen.

650 2588 651 2593 “
942 2576 1323 2647 ’EPISTOLA
1372 2592 1492 2649 XX.

838 2676 979 2733 Filio
1007 2696 1103 2732 suo
1129 2680 1400 2738 Bebnudo.
1437 2686 1582 2740 Dixit
1607 2701 1628 2740 .'

468 2783 475 2791 -
513 2762 878 2822 Dilectissime
910 2769 1040 2823 mihi
1074 2774 1383 2828 venerande
1410 2774 1462 2829 in
1490 2775 1718 2833 Domino
1746 2778 2026 2851 Behnude,

444 2870 549 2923 pax
588 2856 706 2915 tibi.
737 2858 879 2913 Ante
912 2862 1094 2917 omnia
1124 2863 1408 2920 Dominmn
1434 2868 1702 2939 deprecor
1731 2888 1830 2943 pro
1852 2875 2029 2932 salute

438 2950 683 3004 omnium
735 2952 1045 3009 animarum
1103 2956 1197 3012 tibi
1251 2959 1643 3029 obedientium,
1688 2976 1743 3020 et
1797 2983 1894 3037 pro
1939 2979 2026 3025 ttta

440 3058 657 3112 quoque
702 3044 902 3110 salute,
947 3057 1002 3102 et
1052 3049 1415 3107 laborantium
1474 3065 1651 3112 tecum
1706 3059 1758 3113 in
1810 3062 2029 3118 nomine

442 3129 683 3197 Domini,
726 3145 779 3189 et
829 3137 1072 3192 omnium
1122 3142 1519 3199 ambulantinm
1570 3157 1746 3203 tecum
1801 3152 1853 3205 in
1896 3167 2028 3221 pace

441 3233 664 3291 propter
710 3224 997 3283 Dominum
1057 3242 1303 3287 nostrum
1352 3233 1537 3291 Jesum
1582 3237 1883 3296 Christum.
1937 3241 2027 3298 Isti

442 3316 586 3369 enim
627 3318 974 3385 requiescere
1009 3321 1212 3377 faciunt
1250 3326 1463 3383 animas
1511 3341 1724 3397 patrum
1775 3349 2024 3403 suorum,

439 3421 579 3475 quos
636 3409 899 3465 Dominus
941 3425 1125 3469 noster
1174 3415 1332 3471 Jesus
1375 3419 1628 3477 Christus
1682 3425 2031 3493 requiescere

446 3498 609 3553 faciat
636 3499 688 3554 in
733 3517 901 3571 regno
933 3505 1217 3577 caelorum.
1252 3507 1364 3564 Hoc
1389 3525 1570 3566 autem
1598 3513 1788 3569 sciatis
1814 3530 2028 3585 omnes,

442 3592 586 3660 quod
631 3593 942 3664 quicunque
985 3596 1114 3653 facit
1149 3601 1435 3671 quiescere
1467 3604 1701 3675 aliquem
1746 3622 1813 3662 ex
1855 3611 2031 3668 servis

446 3682 684 3748 Domini,
723 3689 973 3755 quamvis
1003 3690 1170 3746 calice
1206 3708 1359 3763 aqua}
1396 3695 1683 3762 duntaxat,
1718 3715 1925 3758 merces
1967 3703 2033 3758 il-

443 3776 550 3830 lius
604 3793 708 3832 non
747 3779 1092 3848 deperditur,
1142 3784 1305 3840 sicuti
1362 3788 1740 3861 saeratissimo
1784 3808 1880 3849 ore
1933 3810 2033 3851 suo

445 3869 522 3923 ait
556 3867 820 3927 Dominus
861 3884 1085 3931 noster:
1127 3876 1438 3950 Quicunque
1478 3893 1660 3950 potum
1689 3885 1892 3941 dederit
1939 3889 2033 3943 uni

440 3979 513 4017 ex
547 3964 778 4021 minimis
813 3966 934 4021 istis
969 3966 1154 4023 calicis
1185 3986 1337 4042 aqua:
1369 3972 1582 4043 frigida:
1609 3986 1817 4031 tantum
1841 3979 1894 4033 in
1931 3997 2031 4036 uo-

442 4054 585 4108 mine
612 4054 882 4123 discipuli,
902 4075 1054 4113 amen
1076 4061 1194 4114 dico
1222 4063 1362 4117 vobis
1389 4080 1493 4118 non
1518 4066 1703 4132 perdet
1734 4070 2023 4124 mercedem

447 4164 602 4202 suam
634 4149 716 4216 7';
750 4161 806 4205 et
831 4152 906 4206 ait
937 4151 1104 4207 etiam
1136 4154 1202 4209 tle
1228 4154 1354 4218 illis,
1387 4155 1480 4226 qui
1513 4157 1840 4214 contristant
1868 4161 2036 4219 disci-

447 4239 699 4307 pulorum
735 4242 1437 4314 spiritusetscandalizant
1468 4265 1563 4304 sua
1611 4252 1816 4307 malitia
1865 4273 1879 4309 :
1926 4255 2036 4322 Qui

443 4343 623 4390 (uitem
662 4337 1102 4392 scandalizaverit
1144 4348 1305 4393 unu‘m
1350 4341 1414 4394 de
1447 4343 1655 4410 pusillis
1687 4345 1810 4399 istis
1845 4348 1936 4418 qui
1978 4348 2032 4402 in

2125 1851 2199 1907 lia
2233 1867 2573 1922 nequaquam
2609 1852 2696 1907 his
2738 1851 3394 1922 permittuntdiscernere
3431 1852 3581 1907 inter
3609 1853 3715 1909 bo-

2126 1959 2253 1999 num
2284 1953 2339 1999 et
2371 1946 2568 2000 ntalem
2590 1984 2606 2011 ,
2652 1953 2707 2001 et
2745 1945 2887 2000 inter
2922 1945 3265 2002 dulcedinem
3304 1958 3362 2001 et
3389 1948 3717 2002 amaritudi-

2126 2051 2269 2092 nem.
2297 2036 2744 2106 Quandoquidem
2772 2037 2999 2107 spiritus
3020 2037 3148 2091 mali
3175 2038 3229 2092 in
3258 2052 3385 2094 aere
3404 2040 3717 2094 consisten-

2127 2140 2209 2187 tes
2239 2129 2425 2202 lugere
2463 2145 2558 2188 eos
2600 2130 2806 2186 faciunt
2862 2138 3105 2201 tempore
3153 2130 3398 2199 ridendi,
3439 2140 3498 2187 et
3537 2132 3720 2187 ridere

2128 2233 2374 2293 tempore
2400 2223 2618 2295 lugendi
2642 2241 2665 2291 ς,
2688 2232 2743 2279 et
2773 2223 2997 2293 impleta
3033 2222 3209 2278 estde
3248 2223 3357 2277 illis
3380 2224 3665 2295 Scriptura
3703 2244 3715 2278 :

2128 2315 2445 2372 Maledictus
2479 2325 2556 2372 est
2605 2319 2698 2388 qui
2745 2318 2874 2387 facit
2920 2316 3112 2371 bonum
3163 2316 3385 2382 malum,
3422 2328 3475 2371 et
3521 2318 3717 2371 niuium

2128 2407 2342 2476 bonum,
2380 2420 2430 2464 et
2477 2410 2569 2480 qui
2600 2409 2730 2479 facit
2780 2425 3023 2463 amarum
3061 2408 3235 2474 dulce,
3269 2418 3316 2463 et
3363 2409 3522 2464 dulce
3571 2427 3719 2465 aina-

2128 2516 2245 2554 rum
2274 2500 2342 2555 “.
2377 2500 2490 2557 llos
2534 2501 2754 2572 quidem
2787 2501 3081 2572 oportebat
3109 2503 3486 2570 obtemperare
3529 2515 3721 2559 sancto

2128 2589 2321 2646 Joauni
2366 2592 2572 2647 dicenti
2619 2610 2634 2647 :
2690 2591 2869 2647 Nolite
2913 2593 3124 2646 credere
3155 2595 3300 2646 omni
3328 2593 3583 2660 spiritui;
3630 2597 3722 2649 sed

2129 2678 2347 2749 probate
2372 2660 2770 2749 spiritusfuum
2800 2682 2906 2735 sint
2938 2700 2968 2735 α
3001 2681 3109 2735 Deo
3132 2682 3209 2740 ".

2201 2770 2369 2828 Nobis
2398 2783 2580 2828 autem
2611 2789 2747 2845 opus
2777 2782 2863 2829 est
2889 2789 3054 2843 super
3093 2775 3190 2830 hos
3226 2775 3428 2846 lugere,
3459 2776 3570 2845 qui
3590 2792 3724 2847 pcr—

2131 2861 2335 2918 sistunt
2376 2864 2429 2918 in
2471 2863 2557 2918 his
2586 2864 2899 2920 memoratis
2932 2864 3090 2920 malis
3125 2867 3275 2921 onmi
3322 2875 3569 2935 tempore
3596 2868 3721 2921 vitae

2131 2968 2264 3019 suae,
2299 2969 2472 3025 eaque
2518 2955 2749 3027 diligunt
2779 2956 2900 3026 plus
2933 2972 3097 3028 quam
3142 2959 3371 3029 diligunt
3399 2974 3582 3015 escam
3627 2976 3722 3016 ne-

2131 3045 2464 3112 cessariam,
2506 3054 2561 3100 ct
2609 3047 2801 3101 audire
2849 3055 3201 3103 contemnunt
3246 3050 3570 3105 documenta
3628 3052 3723 3107 Dei

2131 3139 2381 3203 viventis,
2412 3138 2795 3207 amplexantes
2822 3156 2885 3195 ea
2921 3141 3060 3196 mala
3089 3140 3415 3198 documenta
3441 3158 3565 3212 qua:
3592 3154 3725 3198 sunt

2133 3228 2421 3299 impiorum
2458 3229 2773 3298 spirituum.
2820 3230 2952 3296 Quae
2981 3230 3202 3304 quidem
3253 3231 3346 3285 Dei
3395 3233 3722 3289 documenta

2131 3329 2279 3388 sunt,
2309 3322 2547 3391 put-itas,
2576 3336 2682 3389 pax
2714 3332 2977 3392 perpetua
3008 3322 3130 3377 sine
3167 3323 3534 3382 mutabilitate
3561 3326 3723 3396 plena

2131 3414 2557 3479 misericordiae,
2644 3424 2725 3470 et-
2776 3414 3104 3486 reliquormn
3184 3417 3517 3487 Optimorum
3608 3420 3723 3473 Iru-

2131 3508 2314 3554 ctuum
2379 3514 2653 3566 verormn,
2699 3514 2933 3571 quorum
2989 3502 3388 3557 consummatio
3423 3513 3514 3557 est
3558 3503 3722 3560 bene-

2131 3589 2318 3646 dictio.
2370 3590 2614 3662 Satagite
2665 3594 2870 3663 itaque,
2904 3593 3270 3661 dilectissimi,
3333 3595 3451 3650 [nec
3487 3593 3726 3665 Spiritus

2145 3681 2469 3737 documenta
2524 3683 2784 3754 consequi
2832 3685 3030 3754 quibus
3069 3685 3265 3739 anima!
3303 3697 3506 3741 nostra!
3552 3686 3728 3742 viviti-

2136 3784 2351 3839 cantur,
2383 3773 2560 3842 iisque
2592 3774 2957 3830 mediantibus
2988 3775 3318 3845 suscipimus
3347 3775 3641 3831 Dominum
3670 3778 3723 3832 in

2135 3864 2572 3935 nobismetipsis;
2615 3881 2681 3921 ea
2751 3866 2955 3937 quippe
2996 3876 3123 3923 sunt
3157 3867 3241 3923 via
3275 3883 3495 3933 secura,
3526 3869 3581 3924 in
3620 3885 3727 3940 qua

2136 3958 2314 4015 nullus
2336 3960 2606 4029 reperitur
2628 3959 2774 4016 latro
2803 3959 2920 4017 sive
2941 3960 3234 4032 quidquam
3264 3962 3414 4019 mali.
3438 3961 3510 4017 Et
3537 3963 3727 4020 sciatis

2138 4050 2282 4120 quod
2331 4051 2450 4106 sine
2490 4052 2730 4122 puritate
2767 4052 3015 4122 corporis
3054 4061 3112 4108 et
3141 4054 3325 4108 cordis
3355 4068 3519 4109 nemo
3548 4054 3729 4109 valeat

2135 4158 2258 4199 esse
2284 4144 2557 4214 perfectus
2586 4160 2772 4201 coram
2806 4145 2937 4212 Deo,
2964 4147 3261 4202 secundum
3290 4147 3435 4216 quod
3459 4146 3727 4217 scriptum

2134 4244 2220 4291 est
2262 4236 2315 4291 in
2346 4248 2699 4291 sacrosancto
2733 4237 3029 4309 Evangelio
3069 4256 3083 4294 :
3117 4236 3272 4293 Beati
3308 4240 3511 4294 munde
3546 4240 3726 4303 corde,

2139 4328 2389 4398 quoniam
2416 4328 2518 4398 ipsi
2548 4327 2716 4383 Deum
2747 4329 2989 4383 videbunt
3023 4328 3092 4385 ⁸⁸.
3133 4328 3402 4386 Perfectio
3434 4331 3581 4386 enim
3617 4331 3730 4386 ori-

446 4443 532 4481 me
579 4431 814 4489 credunt.
857 4431 1023 4500 plagis
1071 4432 1278 4499 expedit
1315 4433 1400 4499 ei,
1461 4444 1514 4487 ut
1564 4437 1919 4504 suspendatur
1972 4440 2026 4495 in

2141 4427 2226 4472 tur
2274 4434 2342 4474 cx
2371 4419 2610 4490 puritate
2646 4420 2860 4488 cordis;
2895 4422 2947 4476 in
2973 4421 3231 4479 cordibus
3275 4424 3475 4494 quippe
3527 4425 3729 4494 duplex

445 4518 586 4573 collo
615 4519 729 4588 ejus
764 4519 900 4588 lapis
930 4520 1105 4587 molre,
1134 4532 1182 4575 et
1219 4524 1554 4593 demergatur
1582 4526 1634 4583 in
1679 4544 1821 4582 mare
1854 4529 1900 4562 7’
1926 4546 1941 4596 ;
1977 4543 2031 4587 et

452 4611 590 4667 dixit
622 4612 786 4667 etiam
818 4631 832 4668 :
870 4612 1120 4667 Mensura
1143 4631 1248 4685 qua
1282 4618 1673 4687 mensurabitis,
1699 4624 2032 4679 mensurabi-

448 4716 539 4759 tur
573 4707 713 4761 vobis
742 4706 806 4759 ⁸ο.
825 4705 1005 4774 Quare
1030 4708 1318 4779 percipite,
1350 4708 1684 4767 dilectissimi
1722 4713 1846 4780 mei,
1878 4717 2025 4784 quod

422 4795 713 4873 ⁸Βυιηὶιιιιει
739 4799 871 4854 nihil
896 4814 1085 4854 eorum
1108 4814 1228 4870 qua:
1259 4814 1424 4870 super
1453 4810 1655 4857 terram
1685 4816 1830 4873 sunt,
1855 4806 2032 4879 diligit

452 4907 566 4962 pr-e
591 4889 875 4960 discipulis
903 4892 1017 4946 suis
1046 4901 1101 4947 et
1131 4891 1454 4947 facientibus
1486 4894 1814 4952 voluntatem
1845 4912 2028 4965 suam,

449 4993 504 5036 et
552 4979 799 5051 deperdit
836 4978 930 5053 qui
959 4997 1054 5038 eos
1094 4991 1475 5039 contemnunt.
1512 4986 1722 5041 Etenim
1767 4990 2027 5059 quidquid

452 5075 581 5131 iacit
624 5074 787 5130 homo
834 5076 1009 5129 servis
1055 5074 1175 5143 Dei,
1221 5076 1296 5131 illi
1338 5065 1486 5145 facit,
1528 5080 1646 5135 sive
1678 5080 1879 5136 bonum
1916 5082 2034 5139 sive

453 5168 652 5224 malum
679 5168 732 5223 id
758 5167 850 5224 sit.
890 5168 1035 5223 Dixit
1067 5169 1209 5223 enim
1239 5186 1252 5224 :
1289 5169 1392 5237 Qui
1419 5172 1639 5242 suscipit
1662 5189 1769 5234 vos.
1810 5175 2032 5243 suscipit

447 5277 527 5314 me
559 5261 642 5327 ἰς
673 5269 728 5317 et
751 5262 914 5317 etiam
951 5280 964 5318 :
1001 5261 1156 5328 Quod
1184 5278 1285 5317 non
1317 5263 1547 5334 feceritis
1577 5265 1668 5318 uni
1698 5280 1766 5320 ea:
1798 5266 2031 5320 minimis

452 5349 596 5413 istis,
637 5368 801 5423 neque
834 5353 963 5408 mihi
993 5353 1217 5423 feceritis
1248 5354 1316 5408 θ’.

529 5440 732 5511 Quare,
757 5444 1095 5503 dilectissimi
1129 5448 1254 5517 mei,
1283 5454 1491 5514 cavete,
1513 5462 1578 5503 ue
1607 5451 1915 5520 quempiam
1943 5448 2034 5504 ho-

533 5671 578 5704 ’⁸
610 5669 797 5725 Matth.
840 5689 894 5738 ι,
937 5674 1026 5728 i2.
1106 5677 1150 5708 τ’
1185 5675 1374 5731 Matth.
1420 5693 1569 5735 xviii.
1621 5678 1671 5731 (ἲ.

445 5740 493 5772 ⁸³
538 5741 727 5799 Matth.
773 5758 897 5813 xxv,
939 5745 1026 5799 45.
1140 5747 1185 5782 ⁸³
1224 5746 1326 5802 lsa.
1357 5765 1414 5815 ιι,
1463 5750 1543 5803 t‘i.
1623 5750 1667 5780 '"
1708 5751 1807 5808 lza.
1852 5765 1902 5816 ν,
1939 5751 2031 5804 :20.

1774 5679 1818 5709 ‘°
1857 5677 2042 5732 Matth.
2090 5694 2187 5737 vn,
2239 5677 2307 5741 2;
2340 5676 2504 5730 Marc.
2536 5691 2608 5737 tv.
2641 5675 2743 5733 εις
2778 5675 2907 5730 Luc.
2940 5689 3011 5739 vt,
3044 5674 3135 5730 58.

2110 5750 2152 5781 ⁸⁸
2192 5747 2345 5803 Joan.
2391 5764 2465 5813 tv,
2513 5747 2559 5801 ί.

2144 4517 2280 4573 incst
2338 4518 2569 4589 species,
2616 4519 2831 4575 scilicet
2872 4520 3073 4576 bonum
3113 4521 3388 4588 naturale,
3417 4533 3469 4577 et
3517 4524 3731 4579 malum

2143 4621 2343 4682 praeter
2374 4620 2652 4679 naturam,
2683 4613 2825 4683 quod
2871 4614 3015 4684 parit
3042 4615 3323 4683 passiones
3346 4615 3557 4681 animm,
3598 4632 3733 4685 quae

2141 4710 2270 4757 sunt
2319 4704 2624 4759 susurratio
2651 4746 2666 4767 ,
2719 4704 2947 4773 invidia,
2982 4705 3160 4762 illusio
3201 4717 3258 4763 et
3312 4706 3515 4777 reliqua
3556 4708 3729 4764 mala.

2140 4796 2346 4852 Bonum
2383 4812 2514 4852 vero
2560 4798 2702 4867 parit
2745 4798 3111 4868 cognitionem
3164 4798 3284 4863 Dei,
3331 4809 3387 4854 et
3434 4800 3731 4856 sanitatem

2140 4888 2336 4943 animae
2374 4888 2446 4943 ab
2483 4890 2739 4945 omnibus
2786 4889 3153 4960 passionibus.
3192 4889 3374 4958 Quare
3429 4891 3573 4947 dixit
3625 4892 3730 4946 Da-

2138 4983 2227 5037 vid
2260 5000 2274 5037 :
2304 4982 2517 5050 Anima,
2550 4985 2765 5048 benedic
2786 4983 3072 5038 Dominum
3099 4994 3376 5039 sonantem
3403 5002 3582 5041 omnes
3606 4999 3727 5041 tuas

2136 5076 2408 5145 passiones
2442 5076 2512 5132 ⁸⁷.
2551 5076 2610 5132 Si
2663 5087 2844 5133 autem
2891 5079 3075 5133 studet
3130 5079 3330 5145 homo,
3386 5078 3729 5139 dilectissimi

2144 5169 2273 5235 mei,
2302 5168 2588 5225 eradicare
2618 5170 2840 5235 malum,
2869 5179 2926 5224 et
2954 5170 3183 5227 conlidit
3224 5171 3276 5227 in
3329 5172 3561 5228 Domino
3605 5187 3731 5226 eun.

2138 5262 2487 5328 rectitudine,
2518 5271 2575 5317 et
2600 5260 2790 5333 cﬂ‘ugit
2818 5264 3000 5318 omnia
3034 5264 3197 5328 mala,
3232 5264 3400 5328 luctu,
3433 5273 3490 5318 et
3520 5264 3731 5351 πιπτειιί-

2145 5356 2240 5421 tia,
2268 5363 2322 5410 et
2350 5354 2619 5426 suspiriis,
2644 5364 2702 5411 et
2724 5354 2955 5423 jejunio,
2988 5365 3044 5412 et
3077 5356 3298 5428 vigiliis,
3327 5366 3380 5410 et
3410 5365 3730 5412 mansuetu-

2142 5450 2290 5516 dine,
2330 5458 2387 5505 et
2426 5447 2608 5505 multis
2657 5449 2722 5505 ad
2780 5448 2948 5506 Deum
2986 5449 3293 5520 precibus;
3326 5448 3596 5504 Dominus
3630 5461 3729 5504 sua

3211 5672 3251 5705 ⁸⁸
3296 5671 3481 5729 Matth.
3527 5689 3584 5739 ι,
3641 5672 3729 5728 40.

2640 5746 2701 5821 ,⁸⁸
2740 5746 2930 5803 Matth.
2974 5761 3023 5812 ν,
3068 5748 3120 5801 δ.
3197 5744 3240 5776 ⁸⁷
3282 5742 3426 5799 l‘sal.
3465 5756 3567 5811 cu,
3602 5742 3659 5798 5.
