3976 6204
275 238 413 294 i057

1268 235 1326 289 S.
1369 234 1648 290 ANTONH
1691 235 1760 289 Μ.
1801 233 2094 288 ΑΒΒᾹΤΙΒ
2133 232 2516 289 EPISTOLJE.

3389 239 3527 294 1038

274 353 518 406 bonitate
573 348 646 403 illi
688 350 1064 420 opitulabitui-,
1121 362 1176 405 et
1233 353 1302 405 ab
1353 352 1606 406 oumibus
1655 352 1851 407 animm
1880 362 1926 415 Α
1956 352 2020 406 Et
2068 351 2339 406 dicitiltts
2386 351 2600 404 etiam:
2653 349 2893 405 Rcccdite
2923 368 2954 404 a
3003 368 3100 416 me,
3139 354 3422 416 maledicti,
3471 359 3526 407 in

272 441 620 512 passionihns
669 455 790 496 eum
829 442 1162 510 vindicabit,
1200 444 1652 512 quemadmodum
1710 445 1845 498 dixit

258 535 442 602 ,David
474 553 487 590 :
519 532 712 587 Indica
751 550 848 598 me,
876 535 1124 603 quoniam
1154 536 1206 588 in
1235 534 1524 588 humilibus
1557 535 1846 597 ambulavi,

268 642 321 684 et
381 630 433 681 in
481 627 700 681 Domino
750 627 980 692 conlisus
1013 644 1167 693 sum,
1213 638 1259 680 et
1313 644 1415 680 non
1470 627 1658 680 timebo
1681 627 1748 682 ⁸³.
1788 626 1852 680 Et

271 717 726 787 quemadmodum
765 717 916 770 vobis
958 729 1140 770 notum
1180 718 1307 780 feci,
1343 715 1684 772 dilectissimi
1722 717 1847 782 mei,

208 851 223 893 ,
275 811 424 881 quod
453 810 537 864 bis
562 809 818 878 operibus
850 810 921 864 sit
949 811 1154 864 sanitas
1188 810 1382 864 anima:
1417 825 1447 863 a
1478 809 1847 878 passionibus;

273 909 466 955 notum
500 913 714 968 quoque
744 898 897 952 vobis
937 898 1097 961 facio,
1131 901 1270 968 quod
1306 899 1458 952 nmlti
1503 899 1852 969 persistentes

273 991 434 1058 longo
470 987 728 1057 temporis
758 987 1042 1042 intervallo
1084 989 1136 1042 in
1173 988 1495 1042 monachatu
1529 999 1582 1042 et
1625 989 1849 1060 virgini-

278 1091 419 1142 tate,
451 1097 556 1134 non
597 1079 903 1134 didicerunt
938 1079 1238 1133 doctrinam
1287 1095 1498 1148 puram,
1526 1081 1650 1149 quia
1685 1079 1851 1149 negli-

275 1182 464 1241 gentes
499 1170 820 1225 documenta
869 1178 1081 1240 patrum
1129 1185 1350 1224 suorum
1383 1171 1675 1240 amplexati
1725 1181 1845 1225 sunt
1889 1168 1892 1171 ’

274 1265 748 1333 concupiscentias
783 1263 961 1318 cordis
990 1265 1110 1328 sui;
1143 1274 1196 1318 et
1229 1265 1430 1321 idcirco
1455 1265 1851 1332 pi-aavalnerunt

275 1359 535 1412 adversus
559 1371 653 1410 eos
687 1355 809 1410 mali
837 1356 977 1426 genii
1004 1366 1056 1410 et
1087 1355 1308 1410 rebelles
1342 1355 1582 1412 latrones
1606 1357 1698 1427 qui
1727 1370 1851 1411 sunt

277 1450 330 1502 in
390 1464 538 1511 aere,
577 1447 883 1517 jaculantes
935 1447 986 1502 in
1053 1449 1172 1502 illos
1227 1448 1574 1504 absconditus
1625 1449 1851 1518 sagittas

278 1549 440 1592 noctu
472 1539 708 1607 diuque,
739 1538 810 1592 ita
843 1547 900 1592 ut
934 1539 984 1592 in
1026 1538 1172 1592 nullo
1217 1554 1310 1594 eos
1356 1539 1636 1608 quiescere
1669 1539 1854 1594 sinant

275 1629 416 1694 loco,
462 1645 560 1684 nec
603 1645 710 1685 non
751 1639 1014 1699 occupant
1044 1630 1202 1684 corda
1249 1647 1434 1686 eormn
1477 1632 1752 1704 superbia,
1800 1644 1854 1688 et

1954 443 2125 511 ignem
2149 452 2400 496 a'lernum
2421 441 2488 506 ",
2514 441 2602 494 ubi
2626 451 2702 496 est
2731 443 2885 511 [lctus
2907 453 2954 496 et
2980 445 3177 498 stridor
3204 447 3436 498 dentium
3456 446 3505 477 "

2019 531 2172 586 Nunc
2205 532 2384 600 itaque
2409 575 2423 595 ,
2457 533 2791 587 dilectissimi
2830 535 2954 598 mei,
2990 549 3094 590 non
3129 536 3232 590 alia
3265 538 3330 590 de
3358 552 3520 592 causa

1950 622 2090 677 hanc
2121 624 2314 692 scripsi
2349 624 2498 678 vobis
2531 627 2851 693 epistolam,
2896 627 2996 682 nisi
3052 642 3272 699 propter
3311 631 3522 686 deside-

1953 715 2090 768 rium
2131 715 2321 768 salutis
2371 726 2588 780 vcsme,
2624 725 2681 770 ut
2720 717 2842 772 sitis
2890 719 3068 784 liberi,
3122 731 3175 774 et
3220 721 3424 787 ﬁdeles,
3475 732 3530 777 ct

1949 821 2150 876 sponsa
2206 821 2339 875 pura
2395 806 2652 874 Christo;
2713 808 2826 876 ipse
2882 825 3111 879 namque
3167 822 3249 866 est
3299 827 3529 881 sponsus

1951 897 2188 950 omnium
2225 897 2529 951 animarum
2571 911 2904 964 sanctarum,
2935 911 2992 954 ut
3040 903 3112 955 ait
3161 901 3357 959 Paulus
3405 921 3535 974 apo—

1951 989 2164 1042 stolns:
2213 987 2480 1058 Despondi
2529 993 2664 1044 cnim
2711 1009 2796 1045 cos
2831 994 2922 1045 uni
2967 994 3080 1047 tiro
3135 997 3530 1066 primogenitum

1951 1089 2171 1142 castam,
2214 1087 2267 1131 tt:
2299 1079 2607 1133 exhiberem
2645 1096 2734 1134 vos
2767 1079 2975 1134 Christo
3003 1083 3069 1138 ".
3112 1083 3368 1153 Equidem
3415 1087 3532 1140 scio

1953 1168 2114 1221 multa
2161 1169 2274 1239 jam
2327 1173 2482 1224 vobis
2536 1173 2784 1226 evenisse
2830 1173 3156 1238 certamina,
3199 1174 3531 1230 dilectissimi

1955 1260 2083 1326 mei,
2118 1276 2240 1330 quze
2266 1277 2370 1331 ope
2418 1263 2632 1317 Domini
2669 1265 2837 1318 nostri
2873 1267 2965 1333 qui
2996 1280 3093 1320 vos
3127 1266 3354 1335 direxit,
3385 1270 3535 1324 devi-

1957 1353 2114 1408 ta5tis
2150 1354 2396 1424 singula;
2428 1355 2628 1425 quippe
2657 1371 2820 1410 verax
2861 1357 3001 1412 Deus
3037 1367 3140 1425 est,
3183 1370 3238 1414 et
3279 1361 3392 1430 ipse
3440 1376 3536 1417 vos

1954 1461 2254 1516 omnesque
2283 1449 2373 1516 qui
2403 1449 2503 1502 sibi
2533 1449 2867 1514 ministrant,
2895 1451 3166 1506 confortat
3193 1468 3257 1507 ne
3287 1453 3536 1509 incidatis

1957 1538 2009 1592 in
2053 1553 2118 1594 ea
2160 1554 2280 1610 quae
2313 1540 2455 1595 ferre
2485 1555 2590 1594 non
2622 1541 2833 1596 valetis.
2867 1540 3132 1611 Percipite
3163 1543 3343 1614 igitur,
3384 1542 3529 1598 lilioli

1959 1630 2084 1710 mei,
2113 1630 2221 1684 vim
2259 1631 2615 1686 tentationum
2647 1646 2766 1700 qua:
2796 1632 2948 1686 vobis
2979 1643 3298 1700 evenerunt,
3335 1644 3388 1688 et
3423 1650 3536 1687 ma-

276 1722 420 1776 inani
455 1721 646 1792 gloria,
674 1732 728 1776 et
757 1722 919 1791 impia
959 1722 1298 1777 aemulatione
1319 1765 1334 1790 ,
1367 1733 1422 1779 et
1447 1726 1843 1788 susurratione,
1881 1728 1922 1786 [1
1951 1723 2284 1790 gnitudinem
2315 1723 2580 1777 honorum
2606 1726 2694 1792 qui
2720 1725 2870 1780 vobis
2892 1725 3001 1778 dati
3020 1735 3146 1780 sunt
3167 1741 3193 1780 a
3219 1727 3328 1781 Deo
3349 1742 3533 1782 earum
3583 1793 3586 1795 ἓ

274 1827 329 1871 et
375 1817 454 1869 ira
477 1856 494 1881 ,
523 1825 575 1869 et
605 1815 1060 1870 excandescentia
1084 1855 1099 1880 ,
1133 1825 1188 1870 et
1229 1818 1576 1872 contentione
1623 1807 1868 1887 aliisque.

278 1907 620 1976 passionihus
665 1922 825 1978 quam
875 1907 1141 1977 plurimis.
1197 1907 1319 1964 Haec
1373 1911 1515 1965 enim
1558 1919 1612 1966 et
1655 1911 1853 1966 similia

277 2009 591 2069 perpetrant
648 2001 916 2056 duimones
949 2008 1190 2055 nostram
1227 2003 1565 2058 intendentes
1597 2014 1849 2070 mortem,

276 2110 384 2147 non
416 2093 630 2162 quidem
663 2093 848 2147 vitam.

350 2185 478 2239 ﬂare
507 2199 635 2239 sane
666 2186 852 2252 verba,
877 2200 996 2255 qua:
1027 2185 1179 2241 vobis
1209 2197 1332 2242 nota
1361 2187 1486 2252 feci,
1514 2189 1852 2245 dilectissimi

278 2276 406 2338 mei,
435 2290 539 2328 non
574 2290 688 2328 mea
713 2275 928 2344 quidem
967 2287 1116 2343 sunt,
1151 2279 1249 2333 sed
1281 2294 1468 2334 eorum
1499 2296 1713 2350 quoque
1743 2297 1858 2336 me-

277 2367 438 2420 minit
476 2365 716 2422 Jacolius
755 2370 1030 2438 apostolus
1069 2372 1254 2426 dicens
1289 2391 1302 2426 :
1346 2372 1404 2426 Si
1454 2375 1574 2426 insit
1617 2373 1673 2426 in
1714 2374 1856 2428 vobis

275 2459 551 2514 a'mulatio
569 2477 774 2527 aniara,
798 2472 843 2515 et
868 2465 1152 2516 schismata
1181 2465 1281 2518 sint
1307 2465 1360 2518 in
1387 2465 1628 2520 cordibus
1654 2467 1854 2530 vestris,

276 2551 439 2604 nolite
471 2553 693 2620 gloriari
731 2562 781 2606 et
822 2553 1096 2608 mendaces
1123 2570 1232 2608 esse
1268 2555 1521 2609 adversus
1552 2557 1856 2618 veritatem;

277 2658 383 2695 non
414 2654 488 2695 est
512 2645 647 2696 enim
681 2644 779 2696 ista
807 2646 1064 2711 sapientia
1088 2645 1151 2699 de
1183 2661 1390 2699 sursum
1427 2647 1738 2700 descendens
1768 2648 1858 2701 sed

277 2747 520 2795 terrena,
562 2734 828 2800 animalis,
866 2735 1129 2790 diabolica
1153 2734 1241 2790 ⁸⁸⁵.
1275 2735 1546 2807 Scriptum
1577 2738 1739 2793 etiam
1775 2749 1858 2793 est

281 2826 334 2879 in
381 2824 621 2893 Epistula
652 2825 876 2880 Joannis
921 2828 1146 2896 apostoli
1201 2828 1350 2894 :Qui
1397 2830 1524 2897 facit
1568 2841 1857 2899 peccatum,

278 2933 342 2970 ex
372 2916 585 2970 diabolo
612 2925 688 2969 est
713 2916 778 2970 ⁸⁹.
803 2917 938 2971 (ium
969 2917 1150 2988 itaque
1174 2920 1587 2990 cognovissetis,
1618 2921 1858 2976 dilectis.

278 3009 403 3062 simi
442 3009 566 3070 mei,
601 3009 741 3078 quod
773 3010 862 3080 qui
889 3021 1209 3079 permanent
1244 3013 1294 3067 in
1327 3014 1411 3068 bis
1445 3015 1720 3083 operibus,
1754 3030 1858 3070 non

1959 1829 2123 1869 causa
2149 1854 2162 1878 ,
2189 1824 2244 1870 et
2270 1825 2582 1870 constantes
2617 1816 2852 1871 resistite
2880 1818 3125 1872 venturis
3155 1834 3388 1888 quoque.
3445 1819 3536 1874 Et-

1961 1907 2106 1961 enim
2138 1921 2330 1960 aurum
2367 1907 2488 1976 igne
2516 1907 2784 1964 multoties
2801 1910 3082 1978 probatur,
3104 1921 3161 1963 ut
3193 1912 3387 1979 potiori
3418 1927 3537 1980 pro-

1960 1997 2177 2051 batione
2207 1997 2438 2052 electmn
2467 2008 2744 2068 appareat.
2777 1999 3038 2054 Similiter
3070 1999 3329 2054 Dominus
3358 2012 3537 2056 noster

1961 2099 2058 2139 sua
2097 2085 2337 2142 bonitate
2376 2087 2648 2141 hominem
2691 2088 2881 2156 probat
2913 2088 3094 2142 multis
3127 2089 3537 2154 tentationibus,

1960 2186 2018 2232 et
2063 2179 2342 2248 experitur
2395 2178 2566 2244 illum,
2609 2190 2772 2248 atque
2810 2180 2980 2250 liquat
3023 2181 3130 2238 illis
3177 2183 3540 2238 mediantibus

1966 2281 2227 2340 tanquam
2255 2287 2448 2324 aurum
2486 2271 2859 2339 purissimum,
2886 2282 2940 2326 et
2967 2273 3156 2328 edocet
3192 2273 3337 2327 illum
3365 2287 3541 2329 certa-

1962 2362 2109 2415 nsina
2133 2360 2346 2424 cordis;
2376 2361 2446 2414 ita
2475 2369 2531 2413 ut
2559 2375 2664 2414 non
2702 2371 3006 2416 revertatur
3039 2365 3272 2431 amplius
3303 2367 3542 2435 cogitare

1963 2461 2060 2506 aut
2086 2453 2396 2506 meminisse
2425 2451 2793 2507 multitudinis
2838 2455 3156 2522 injuriarum
3188 2467 3241 2511 et
3290 2469 3539 2514 contem-

1967 2554 2090 2614 ptus
2117 2559 2252 2613 quos
2283 2545 2355 2596 illi
2403 2543 2699 2598 intulerunt
2748 2545 3026 2611 homines,
3070 2563 3380 2620 vaeuusque
3431 2553 3538 2606 erit

1970 2637 2170 2690 timore
2199 2635 2394 2689 diaboli
2423 2651 2438 2701 ;
2469 2637 2560 2690 sed
2592 2635 2902 2690 humilietur
2935 2653 3118 2693 coram
3155 2641 3286 2707 Deo,
3324 2653 3377 2698 et
3407 2659 3540 2698 con-

1968 2728 2095 2782 lldat
2119 2729 2170 2782 in
2202 2728 2374 2791 illum,
2407 2729 2582 2797 sitque
2621 2743 2836 2797 semper
2869 2730 2935 2782 ad
2969 2729 3166 2784 bonum
3199 2743 3421 2800 paratus
3451 2752 3545 2789 eo-

1967 2838 2085 2875 ratn
2149 2821 2277 2888 Deo,
2333 2822 2786 2890 quemadmodum
2840 2823 2975 2878 dixit
3025 2825 3190 2878 David
3229 2829 3539 2896 propheta:

1967 2911 2074 2965 Cor
2105 2928 2274 2964 meum
2304 2922 2568 2979 paratum,
2606 2911 2768 2974 Dens,
2798 2928 2890 2965 cor
2913 2929 3081 2966 meum
3110 2929 3352 2982 paratum
3376 2933 3395 2981 ;
3421 2918 3544 2970 lau-

1968 3002 2125 3066 dabo,
2148 3014 2193 3056 et
2223 3003 2447 3069 psallam
2469 3005 2523 3056 in
2550 3003 2936 3073 gloriﬁcatione
2962 3022 3071 3060 mea
3097 3007 3162 3061 ".
3191 3007 3390 3062 Sciatis
3416 3025 3544 3078 ergo

280 3097 352 3152 sit
396 3098 610 3152 Domini
642 3112 776 3168 opus
814 3099 866 3151 in
905 3100 1033 3163 illis,
1062 3115 1246 3154 verum
1284 3082 1558 3169 compotes
1589 3113 1712 3157 sunt
1748 3102 1852 3157 dia-
1889 3082 1930 3140 (ἶ
1965 3094 2089 3159 hor,
2135 3096 2277 3163 quod
2325 3093 2529 3163 absque
2563 3094 2724 3148 dubio
2759 3111 2786 3149 a
2826 3097 3146 3164 quibusdam
3181 3100 3542 3168 probabimini

279 3189 587 3244 holicorum
619 3191 1091 3258 documentorum,
1118 3202 1316 3248 etcum
1345 3194 1573 3250 diabolis
1605 3208 1860 3266 reputan-

281 3295 394 3347 tur,
431 3283 779 3352 quamobrem
820 3283 1095 3355 lugeamus
1157 3287 1544 3357 nosmetipsos;
1579 3289 1682 3344 hoc
1712 3305 1863 3344 nam-

281 3389 390 3444 que
417 3385 626 3445 tempus
651 3377 701 3430 in
728 3392 832 3446 quo
853 3393 1056 3444 sumus,
1081 3388 1161 3432 est
1188 3381 1468 3436 manendi.
1496 3383 1862 3451 Agnoscamus

282 3483 505 3538 quoque
537 3483 850 3523 mensuram
881 3470 1146 3524 donormn
1189 3470 1420 3540 Spiritus
1449 3475 1655 3537 sancti,
1681 3483 1736 3529 et
1756 3474 1865 3529 ela-

282 3572 498 3612 memus
526 3573 644 3612 cum
677 3560 893 3613 dicente
930 3581 941 3614 :
981 3558 1180 3623 Venite,
1208 3565 1505 3626 adoremus,
1537 3574 1584 3616 ct
1614 3567 1861 3632 procida-

281 3665 424 3713 mus,
454 3661 500 3702 et
534 3649 798 3718 ploremus
834 3661 952 3704 ante
987 3669 1103 3705 eum
1135 3652 1224 3720 qui
1251 3653 1374 3721 fecit
1407 3670 1498 3708 nos
1524 3655 1606 3722 ’°;
1635 3666 1689 3709 et
1717 3658 1865 3711 dica-

282 3759 408 3798 mus
438 3743 601 3797 eliam
642 3745 849 3798 dictum
898 3744 1012 3812 ejus
1045 3761 1057 3797 :
1096 3744 1256 3798 Salva
1294 3761 1408 3811 me,
1445 3745 1687 3811 Domine,
1731 3765 1864 3818 quo-

283 3836 428 3888 niam
465 3825 655 3905 dcfecit
686 3847 922 3900 sanctus,
961 3845 1010 3889 et
1050 3836 1307 3888 diminuta
1349 3848 1421 3890 est
1454 3839 1642 3892 veritas
1671 3856 1702 3892 a
1739 3839 1864 3906 ﬁliis

280 3930 591 3994 hominum;
636 3939 684 3984 et
726 3929 930 3983 locutus
959 3939 1031 3982 est
1063 3929 1421 3998 unusquisque
1463 3933 1516 3981 in
1563 3930 1860 3996 proximum

282 4036 441 4073 suum
477 4021 630 4075 labiis
659 4021 874 4083 dolosis,
907 4031 953 4073 et
990 4021 1146 4073 corde
1175 4019 1514 4089 fraudulento
1537 4021 1604 4072 ⁸⁵.
1635 4020 1860 4090 Propter

285 4127 408 4182 qua:
461 4123 639 4167 autem
691 4113 853 4168 verba
907 4123 959 4167 et
1009 4127 1127 4180 qua:
1185 4121 1504 4180 sequuntur,
1547 4112 1701 4168 nobis
1739 4113 1867 4168 ﬂere

286 4220 470 4273 operae
502 4207 731 4274 pretium
757 4214 862 4267 est,
892 4205 1144 4273 quoniam
1171 4204 1306 4257 dis-it
1335 4217 1349 4256 :
1383 4203 1634 4257 Dominus
1661 4205 1865 4270 disper-

287 4298 374 4350 det
406 4299 580 4351 omnia
620 4296 760 4348 labia
793 4295 1006 4360 dolosa,
1042 4306 1087 4348 et
1120 4295 1328 4364 linguas
1361 4293 1528 4348 elatas
1567 4295 1632 4348 ³⁸.
1668 4295 1867 4351 Sciatis

288 4401 498 4455 autem,
539 4391 685 4443 ﬁlioli
736 4389 863 4454 mei,
912 4390 1010 4443 bos
1065 4403 1184 4443 esse
1230 4387 1322 4458 qui
1377 4397 1694 4456 rcputantur
1745 4404 1864 4444 cum
1902 4426 1943 4480 Β

288 4485 532 4552 quinque
574 4481 876 4548 virginibus
917 4480 1135 4545 stultis,
1185 4480 1439 4548 quoniam
1487 4488 1866 4549 transegerunt

289 4592 450 4630 omne
475 4585 687 4642 tempus
711 4589 869 4627 suum
894 4584 1015 4627 cum
1038 4571 1286 4634 stultitia,
1306 4582 1358 4626 et
1380 4586 1483 4625 non
1508 4572 1868 4626 cohibuerunt

290 4670 506 4737 linguas
534 4682 681 4730 suas,
712 4675 886 4736 neque
919 4666 1246 4719 inundarunt
1274 4665 1462 4720 oculos
1505 4681 1634 4717 suos
1663 4674 1715 4718 et
1748 4681 1868 4719 cor-

288 4777 419 4831 pora
471 4775 569 4813 sua
616 4775 643 4812 a
698 4758 1188 4825 concupiscentiis,
1247 4773 1420 4826 neque
1462 4759 1625 4811 corda
1669 4773 1762 4811 sua
1803 4756 1869 4811 ab

293 4853 655 4909 immunditiis
699 4851 924 4921 aliisque
969 4851 1093 4904 ﬂetu
1173 4851 1368 4918 dignis,
1419 4867 1540 4905 cum
1595 4852 1868 4904 immunda

291 4949 432 5010 sint;
464 4946 816 5015 contentique
841 4954 994 4999 erant
1025 4945 1222 5000 vestitu
1254 4945 1410 4998 laneo
1451 4946 1748 5006 duntaxat,
1780 4941 1869 5011 qui

291 5048 373 5093 est
429 5038 640 5092 habitus
691 5037 1017 5108 virginitatis
1061 5037 1430 5092 tantummodo
1480 5053 1493 5090 :
1543 5042 1874 5104 quapropter

291 5129 500 5185 cmlesti
539 5128 796 5184 carebant
841 5128 1198 5184 delectatione
1251 5129 1317 5180 ad
1373 5125 1636 5196 lugendus
1674 5133 1873 5178 semet-

295 5225 440 5293 ipsos
463 5235 518 5278 et
545 5238 672 5277 suas
697 5221 1070 5276 accendendas
1096 5221 1373 5290 lampades
1397 5237 1411 5286 ;
1447 5229 1732 5287 propterea
1764 5233 1867 5271 non

295 5316 507 5385 aperuit
539 5315 643 5371 illis
687 5313 952 5384 Sponsus,
987 5313 1080 5366 sed
1112 5313 1186 5366 ait
1229 5312 1335 5366 illis
1379 5312 1537 5366 sicuti
1581 5312 1657 5364 ait
1691 5310 1872 5364 stultis

294 5403 599 5471 virginibus
633 5419 645 5456 :
691 5402 851 5456 Amen
883 5401 1000 5454 dico
1042 5401 1208 5466 vobis,
1251 5416 1351 5454 non
1388 5417 1641 5471 cognosco
1682 5417 1770 5454 vos
1800 5401 1870 5452 ³³.

369 5600 417 5631 ⁸⁸
454 5601 592 5656 PSuI.
630 5617 754 5663 XXV,
792 5601 839 5658 Ι.

299 5670 347 5703 ⁸³
390 5671 575 5726 Matth.
620 5689 740 5737 xsv,
790 5673 871 5726 l2.
984 5673 1026 5704 ⁸³
1082 5675 1206 5728 ibid.
1251 5673 1338 5729 41.

1965 3188 2257 3252 fratribus,
2303 3189 2608 3258 opprobriis
2645 3199 2696 3243 et
2744 3188 2986 3258 injuriis,
3020 3198 3072 3246 et
3114 3194 3540 3249 contemnemini

1966 3295 1996 3333 a
2030 3279 2381 3333 consortibus
2410 3280 2626 3336 vestris.
2652 3280 2783 3335 Cum
2814 3292 2993 3335 autem
3023 3283 3136 3338 hare
3169 3285 3320 3339 vobis
3349 3301 3546 3340 evene-

1967 3372 2098 3439 rint,
2141 3373 2452 3440 persistite,
2501 3383 2554 3426 et
2596 3374 2762 3428 nolite
2815 3375 3021 3439 timere,
3064 3390 3235 3445 neque
3278 3392 3541 3444 moerere;

1965 3482 2153 3520 verum
2189 3467 2396 3536 gratias
2426 3466 2568 3535 agite
2597 3466 2824 3520 Domino
2852 3482 2949 3534 pro
2979 3466 3231 3522 omnibus
3273 3467 3379 3532 his,
3417 3486 3545 3537 quo~

1965 3558 2115 3612 niam
2149 3559 2267 3612 sine
2304 3557 2396 3612 illo
2425 3558 2557 3612 nihil
2601 3559 2795 3612 horum
2829 3557 2982 3612 vobis
3015 3560 3230 3624 accidit,
3264 3561 3388 3626 quia
3425 3577 3546 3614 cer-

1969 3653 2169 3704 tamina
2221 3667 2442 3706 necesse
2501 3662 2581 3705 est
2633 3653 2851 3706 evenire
2899 3653 3071 3705 servis
3126 3653 3369 3715 Domini;
3422 3672 3544 3708 nam

1969 3743 2284 3810 quieunque
2319 3757 2426 3795 non
2462 3742 2726 3810 probatur
2758 3757 2785 3795 a
2827 3742 3070 3796 bonitate
3105 3742 3192 3796 Dei
3231 3746 3546 3802 tentationi-

1965 3837 2098 3904 bus,
2121 3844 2174 3890 et
2217 3836 2512 3899 laboribus,
2546 3845 2600 3889 et
2641 3836 2996 3901 mmroribus,
3027 3844 3082 3888 et
3123 3835 3543 3902 calamitatibus,

1969 3930 2146 3985 donec
2175 3929 2385 3984 ediscat
2417 3929 2678 3982 rationem
2711 3928 2989 3981 obtinendi
3023 3927 3295 3998 patientia:
3319 3939 3375 3988 et.
3399 3931 3544 3996 boni,

1968 4031 2119 4077 certe
2156 4037 2263 4076 non
2295 4019 2525 4089 accipiet
2557 4019 2624 4072 ab
2657 4018 2746 4072 illo
2773 4019 3051 4074 honorem.

2042 4113 2194 4167 Nunc
2227 4113 2442 4180 itaque,
2473 4110 2812 4165 dilectissimi
2849 4109 2991 4176 mei,
3031 4111 3291 4166 sustinete
3334 4111 3548 4168 labores

1970 4215 2024 4262 et
2059 4219 2322 4261 interores
2353 4205 2442 4273 qui
2483 4203 2636 4257 vobis
2669 4202 2955 4267 eveniunt;
2989 4213 3042 4258 et
3079 4204 3280 4272 gratias
3320 4205 3550 4260 Domino

1970 4297 2113 4367 agite
2150 4310 2343 4365 magna
2388 4294 2713 4357 humilitate,
2757 4303 2815 4347 ut
2853 4293 3084 4349 videatis
3115 4293 3353 4348 laetitiam
3398 4297 3547 4347 labo-

1971 4407 2090 4444 rum
2126 4401 2460 4452 vestrormn,
2490 4388 2630 4442 sicut
2677 4386 2834 4442 beata
2879 4385 3131 4442 Susanna
3174 4385 3467 4441 fortissima
3499 4387 3550 4441 in

1976 4483 2135 4547 bello,
2174 4498 2293 4551 qum
2334 4479 2612 4551 praivaluit
2653 4481 2915 4535 adversus
2959 4480 3454 4548 concupiscentiam
3489 4479 3554 4532 il-

1977 4574 2150 4629 lorutn
2179 4575 2408 4627 duormn
2437 4588 2627 4626 senum
2661 4570 3064 4625 adversantium
3094 4570 3217 4639 legi,
3250 4569 3339 4638 qui
3372 4569 3552 4623 testati

1977 4678 2103 4723 Sunt
2143 4676 2333 4721 contra
2377 4680 2494 4719 eam
2553 4663 2777 4724 falsum,
2820 4662 3230 4729 lntuleruntque
3264 4661 3312 4714 ei
3359 4661 3555 4714 multos

1979 4761 2226 4824 labores;
2263 4769 2318 4812 et
2346 4767 2565 4826 propter
2599 4756 2714 4823 ejus
2759 4751 3073 4822 patientiam
3106 4761 3159 4806 et
3189 4753 3552 4806 constantiam

1979 4851 2242 4907 exaltavit
2268 4850 2410 4902 illam
2445 4849 2586 4901 Deus
2614 4847 2666 4899 in
2693 4846 2799 4899 line
2823 4844 2906 4899 sui
2933 4844 3271 4906 certaminis,
3299 4852 3352 4898 et
3378 4845 3554 4898 humi-

1982 4945 2133 4999 liuvit
2182 4943 2367 4995 hostes
2419 4939 2582 4993 illius.
2630 4936 2696 4991 Et
2728 4935 2869 4990 sicut
2912 4934 3110 4989 Thecla
3157 4934 3351 5004 spiritu
3391 4936 3554 4988 etiam

1980 5031 2302 5096 fortissima,
2329 5043 2446 5096 qua-
2478 5026 2698 5080 minime
2727 5032 3014 5092 parentum
3041 5023 3219 5076 illatas
3241 5023 3342 5077 sibi
3377 5023 3556 5076 timuit

1980 5121 2232 5192 injurias,
2267 5133 2439 5188 neque
2467 5117 2640 5188 ignem
2677 5115 2865 5180 etiam,
2894 5127 3068 5182 neque
3096 5113 3433 5174 carnilicem,
3464 5129 3558 5167 ne-

1977 5229 2086 5285 qne
2135 5213 2344 5266 feroces
2395 5211 2560 5264 feras.
2589 5207 2852 5261 Tandem
2901 5221 3028 5259 vero
3068 5204 3331 5272 elargitus
3378 5214 3460 5258 est
3507 5206 3558 5260 ei

1979 5304 2122 5358 Deus
2155 5302 2394 5356 la-titiatn
2425 5298 2630 5361 cordis,
2660 5306 2713 5352 et
2742 5312 2963 5350 suorum
3003 5295 3226 5365 prtemia
3274 5294 3558 5356 laborum;

1978 5396 2237 5452 fortitudo
2270 5395 2414 5449 enim
2449 5392 2564 5461 ejus
2605 5389 2726 5446 ﬁdei
2761 5391 2812 5444 in
2852 5390 3043 5453 Deum,
3075 5386 3337 5443 exstinxit
3380 5387 3560 5456 ignem

951 5601 1018 5634 μ’
1056 5600 1168 5655 Jac.
1215 5618 1293 5662 Ill,
1341 5601 1422 5662 ll.
1476 5601 1554 5653 Ιῗὶ.
1620 5602 1662 5631 ⁸³
1708 5599 1898 5654 Ηικιη.
1944 5615 2024 5661 ltl,
2069 5599 2122 5651 8.
2183 5593 2645 5660 ’°l’sal.xcrv,6.
2690 5591 3010 5662 “Psal._xr,
3051 5587 3183 5648 2.5.
3257 5586 3309 5662 ξ’
3349 5582 3483 5640 ibid.
3505 5588 3556 5642 ll.

1411 5645 1422 5668 ’
1453 5645 1497 5753 ρῖτ
1523 5645 1918 5749 "tnui;."'_;:.'.';,
2153 5669 2197 5700 οε
2254 5645 2504 5724 ires";
2635 5645 2702 5718 ει.

2780 5663 2824 5703 ’⁷
2891 5660 3034 5716 l'sal.
3082 5674 3210 5726 cvtt,
3254 5654 3351 5712 2.-
