3990 6210
378 214 520 274 1059

1482 199 1758 256 PATRES
1797 195 2098 254 ZEGYPTII
2137 195 2412 253 StECULl
2451 195 2542 252 iV.

3537 189 3681 250 1060

377 337 684 400 ardentem,
709 341 766 390 et
790 327 1070 388 obseravit
1086 340 1186 382 ora
1217 326 1436 382 leonum
1463 325 1756 390 ferociam,
1781 334 1838 394 et
1870 326 1972 380 hu-
2001 329 2049 386 Α
2078 333 2192 379 tres
2213 364 2228 388 ,
2274 321 2506 376 invicem
2558 317 2786 390 parcite,
2831 325 2889 370 ut
2943 322 3132 386 parcat
3182 312 3334 367 vobis
3385 312 3674 367 Dominus.

381 427 576 482 miliati
603 433 730 482 sunt
751 423 802 478 ei
825 418 1066 476 universi
1091 418 1238 476 illius
1258 417 1467 473 hostes.
1503 418 1572 472 Et
1597 417 1740 472 sicut
1767 417 1967 486 Joseph

383 518 604 576 humilis
649 528 834 571 coram
873 511 989 566 Deo
1014 520 1068 565 et
1100 508 1451 574 hominibus;
1489 522 1648 577 quem
1680 548 1696 569 ,
1729 523 1850 562 cum
1887 508 1973 561 in-

385 611 644 665 vidissem
682 607 733 661 ei
771 606 974 664 fratres
1010 603 1130 667 sui,
1177 612 1233 658 et
1271 602 1397 657 odio
1429 601 1577 655 illum
1611 599 1968 662 habuissent,

383 702 627 756 volentes
679 697 829 751 illius
872 694 1153 751 effundere
1197 693 1517 762 sanguinem
1566 691 1637 746 ob
1686 692 1968 754 invidiam,

385 796 604 855 propter
638 786 902 840 honorem
937 784 985 839 ei
1029 799 1056 836 a
1093 792 1248 852 patre
1293 783 1534 837 delatum
1557 823 1572 848 ,
1605 783 1846 836 servavit
1880 782 1965 835 di-

383 881 567 931 vinum
627 876 889 934 auxilium
934 891 962 930 a
1007 891 1168 937 nece;
1217 874 1311 929 sed
1355 876 1404 929 ei
1463 875 1661 929 invidia
1713 875 1972 928 (luminati

384 980 532 1033 sunt,
561 978 617 1022 ct
642 969 998 1023 clevaverunt
1027 968 1077 1021 in
1107 968 1255 1022 illum
1283 982 1474 1022 manus
1501 983 1648 1030 suas,
1673 975 1727 1022 et
1756 969 1972 1020 demum

391 1062 440 1113 in
481 1075 696 1114 servum
737 1060 1124 1113 vendiderunt.
1170 1057 1391 1129 Insuper
1435 1059 1630 1113 mulier
1660 1058 1742 1112 sui
1772 1057 1972 1111 domini

385 1152 471 1207 Cui
525 1151 888 1212 inserviebat,
928 1150 1228 1218 permultos
1283 1150 1467 1204 intulit
1507 1151 1583 1206 illi
1628 1151 1864 1214 labores,
1902 1154 1973 1204 ita

387 1245 604 1313 quidem
631 1252 686 1295 ιιι
719 1244 771 1298 in
793 1257 1075 1297 carcerem
1113 1242 1274 1295 fuerit
1305 1244 1558 1312 injectus.
1581 1242 1719 1297 Erat
1742 1259 1978 1309 namque

388 1336 716 1398 continens,
769 1344 1124 1400 mansuetus,
1181 1334 1541 1399 purissimus,
1593 1333 1978 1388 immaculatus

389 1426 568 1482 anima
611 1435 665 1478 et
714 1439 984 1492 corpore,
1022 1439 1123 1479 nec
1173 1424 1359 1478 timuit
1403 1423 1555 1491 (Deo
1614 1424 1662 1480 ei
1717 1422 1978 1493 favente)

389 1531 582 1570 outnes
611 1515 727 1569 illas
759 1531 1052 1579 aerumnas,
1082 1514 1174 1569 sed
1205 1515 1500 1579 sustinuit,
1524 1524 1584 1569 et
1628 1515 1866 1570 conlisus
1897 1524 1981 1568 est

393 1606 445 1660 in
474 1605 704 1660 Domino
728 1621 742 1671 ;
770 1614 826 1660 et
854 1606 1148 1660 novissime
1180 1605 1444 1662 exsultavit
1465 1605 1622 1660 illum
1646 1607 1818 1673 Deus,
1852 1620 1981 1659 con-

2076 413 2289 468 Etenim
2325 411 2375 465 id
2406 409 2676 474 inculcat,
2711 407 2900 461 dicens
2929 423 2944 459 :
2975 404 3258 468 Dimittite,
3293 413 3343 457 et
3375 403 3676 458 dimittetur

2074 507 2217 560 vobis
2245 503 2314 557 θ’.
2345 502 2403 556 Si
2437 511 2619 556 autem
2653 498 2777 568 quis
2817 495 3412 550 vestrumcainmuiam
3443 495 3674 562 patitur,

2073 599 2344 666 suscipiat
2383 596 2434 649 id
2481 609 2602 648 cum
2635 591 2856 664 gaudio,
2889 600 2942 646 et
2975 590 3158 644 omnia
3211 603 3307 642 sua
3343 588 3534 641 tradat
3569 586 3671 640 Do«

2076 693 2249 756 utine,
2282 690 2374 759 qui
2403 689 2585 755 justus
2611 685 2877 755 cstjudex
2903 692 2955 736 et
2981 688 3385 736 remuneratur.
3417 677 3524 744 Qui
3550 690 3677 730 vero

2077 785 2332 854 proximo
2373 781 2623 836 intulerit
2653 777 3019 841 calumniam,
3053 773 3275 829 festinet
3317 781 3378 827 et
3425 770 3681 826 ltumilict

2075 875 2427 944 semetipsum
2469 887 2650 926 coram
2719 869 2972 934 Domino,
3015 874 3068 922 et
3121 865 3386 936 supplicet
3428 864 3682 934 proximo

2080 983 2202 1030 suo,
2257 975 2314 1020 ut
2356 974 2544 1035 parcat
2583 965 2632 1018 ei
2681 961 2965 1016 Dominus.
3013 958 3120 1013 Nec
3171 957 3546 1026 permittatis,
3598 955 3681 1010 di-

2081 1061 2368 1116 lectissimi
2403 1059 2529 1124 mei,
2559 1057 2728 1112 solem
2762 1055 3013 1110 occidere
3044 1067 3209 1122 super
3237 1050 3373 1104 iram
3407 1058 3674 1110 vestram,

2079 1157 2221 1212 sicut
2257 1169 2355 1208 nos
2387 1152 2576 1208 docuit
2603 1150 2889 1220 Scriptura
2923 1149 2972 1213 ¹;
3006 1147 3101 1202 sed
3129 1145 3404 1200 eradicate
3449 1157 3522 1197 ex
3563 1157 3680 1196 cor-

2081 1248 2239 1303 dibus
2274 1246 2476 1301 vestris
2503 1259 2695 1299 omnes
2729 1245 2905 1298 malas
2945 1239 3301 1309 cogitationes
3333 1235 3538 1306 quibus
3587 1251 3682 1287 an-

2085 1341 2273 1412 gimini
2308 1339 2388 1394 vel
2416 1339 2468 1394 in
2508 1353 2605 1392 vos
2637 1337 2866 1391 invicem
2908 1331 3179 1404 cogitatis,
3209 1339 3268 1384 ut
3296 1328 3674 1382 dissolvantur

2083 1431 2386 1488 inimicitiae
2435 1443 2664 1500 quarum
2716 1425 2868 1480 radix
2931 1425 3114 1476 mlium
3159 1432 3242 1476 est
3297 1431 3352 1474 et
3407 1419 3614 1474 invidia
3663 1437 3677 1471 :

2082 1540 2200 1594 qua:
2236 1525 2353 1576 duae
2391 1521 2676 1591 passiones
2730 1519 2978 1588 pessima:
3023 1515 3241 1584 quidem
3286 1522 3436 1578 sunt,
3475 1522 3533 1566 et
3576 1512 3686 1567 Deo

2083 1630 2148 1669 ac
2183 1613 2493 1668 hominibus
2532 1609 2916 1672 detestabiles;
2965 1621 3064 1660 nec
3097 1613 3525 1658 conscutanemn
3576 1612 3683 1664 est.

391 1698 625 1753 stitucns
653 1697 800 1752 illum
834 1697 1134 1766 principem
1175 1712 1343 1767 super
1379 1697 1676 1770 Egyptum
1722 1709 1777 1752 et
1807 1713 1978 1768 super
2011 1693 2052 1751 Β
2085 1713 2142 1757 ιιι
2185 1702 2295 1758 sint
2324 1703 2378 1755 in
2415 1701 2524 1754 ullo
2558 1698 2795 1752 fidelium
2839 1706 2932 1750 aut
2973 1695 3071 1750 Dei
3118 1708 3403 1749 servorum
3440 1692 3682 1762 penitus.

391 1805 578 1850 omnes
607 1791 730 1856 ejus
769 1792 1040 1860 regiones.
1085 1789 1288 1846 Omnes
1323 1806 1456 1846 vero
1497 1791 1698 1846 fratres
1731 1791 1848 1860 eius
1881 1791 1977 1859 qui

393 1883 442 1936 ei
476 1882 816 1945 inviderant,
852 1880 1080 1949 subjecit
1123 1881 1384 1936 Dominus
1419 1882 1520 1936 sub
1564 1883 1796 1951 pedibus
1835 1882 1978 1951 ejus.

398 1974 461 2032 Hi
497 1984 680 2028 autem
721 1973 1004 2028 memorati
1034 1982 1092 2024 et
1113 1973 1198 2027 eis
1223 1974 1452 2041 similes,
1481 1974 1824 2028 dilectissimi
1853 1975 1980 2034 mei,

401 2083 743 2140 nequaquam
780 2069 1135 2122 obtinuerunt
1173 2069 1437 2123 honorem
1482 2084 1509 2121 a
1549 2067 1658 2121 Deo
1696 2066 1851 2121 initio
1898 2063 1980 2118 sui

400 2160 719 2217 certaminis
750 2171 802 2214 et
829 2159 961 2214 belli
984 2199 999 2224 ,
1026 2160 1122 2216 sed
1157 2169 1442 2230 postquam
1492 2157 1743 2228 probavit
1781 2172 1898 2221 eos,
1929 2166 1986 2211 et

403 2250 1060 2321 liquavitcalantitatibus
1089 2259 1148 2304 et
1185 2249 1494 2316 laboribus,
1533 2259 1594 2304 et
1624 2249 1860 2304 erudivit
1888 2263 1986 2304 eos

397 2345 670 2414 quomodo
701 2344 968 2400 instarent
1009 2344 1060 2397 in
1097 2343 1310 2412 pactio.
1357 2343 1509 2398 Tunc
1542 2358 1670 2398 vom
1693 2384 1708 2408 ,
1745 2359 1867 2398 cum
1910 2344 1986 2398 ι’ἰο

399 2437 566 2495 diaset
591 2436 1080 2502 eos,calomitates
1098 2446 1162 2490 et
1205 2435 1424 2492 labores
1465 2437 1810 2505 sustinuisse,
1843 2448 1897 2492 et
1932 2439 1984 2492 in

400 2530 628 2586 Domino
665 2545 786 2585 esse
815 2528 1068 2594 conﬁsos,
1095 2527 1248 2582 dedit
1280 2529 1363 2583 eis
1392 2529 1651 2584 honorem
1697 2544 1808 2584 sua:
1849 2530 1986 2585 divi-

401 2625 610 2690 nitatis,
644 2623 1142 2693 dcpresserunlque
1167 2636 1355 2677 osores
1384 2636 1512 2677 suos
1536 2623 1636 2677 sub
1666 2620 1868 2692 plantis
1898 2639 1989 2693 pe-

402 2717 528 2770 dum
563 2730 806 2770 suorum.

465 2803 586 2875 iEgo
610 2803 1176 2870 antem,.dilectissimi
1202 2805 1330 2871 mei,
1362 2805 1487 2861 dum
1517 2807 1772 2862 recordor
1796 2808 1988 2862 horum

405 2897 725 2952 certaminis
761 2905 818 2954 et
857 2896 1226 2969 praemiorum,
1255 2898 1453 2967 jubilat
1495 2899 1689 2968 gaudio
1718 2908 1774 2953 et
1803 2899 1990 2954 laetitia

407 2991 628 3061 spiritus
651 3006 822 3055 meus,
843 3001 893 3044 et
917 3005 1013 3060 pro
1036 2991 1188 3045 vobis
1205 2989 1524 3060 supplici-ter
1547 2991 1830 3059 deprecor.
1859 2989 1992 3044 Per-

2085 1794 2484 1862 Qnamobrem,
2535 1789 2874 1845 dilectissimi
2932 1789 3072 1851 mei,
3117 1787 3160 1841 si
3217 1786 3331 1840 lucc
3390 1785 3538 1840 inter
3583 1799 3685 1839 vos

2084 1889 2212 1943 olim
2250 1895 2624 1943 consummata
2657 1893 2804 1944 sunt,
2829 1897 2894 1938 ex
2934 1897 3076 1936 nunc
3110 1890 3316 1944 cavete,
3362 1894 3434 1935 ne
3463 1889 3685 1934 exstent
3759 1895 3763 1897 λ

2087 1982 2228 2036 inter
2259 1996 2373 2045 vos,
2403 1993 2501 2034 nec
2533 1993 2594 2032 ea
2641 1976 2796 2032 vobis
2833 1973 3104 2030 dominari
3137 1973 3482 2043 permittatis.
3512 1971 3683 2027 Scia-

2088 2077 2155 2127 tis
2187 2074 2348 2128 etiam
2387 2071 2529 2141 quod
2563 2071 2676 2124 dies
2703 2069 2830 2124 vita:
2861 2077 3069 2124 nostra:
3097 2066 3415 2137 paucissimi
3447 2059 3593 2132 sint;
3633 2068 3687 2118 in

2091 2165 2194 2218 illis
2221 2174 2406 2217 tamen
2441 2162 2506 2217 ad
2533 2157 2826 2218 Dominum
2865 2175 2893 2214 a
2934 2160 3140 2215 nostris
3209 2157 3452 2230 peccatis
3491 2157 3690 2227 resipi-

2088 2256 2348 2312 scendnm
2371 2254 2529 2310 nobis
2573 2265 2691 2319 est,
2740 2270 2808 2309 ne
2851 2252 3226 2323 apprehendat
3282 2265 3383 2305 nos
3430 2249 3688 2303 transmi—

2089 2348 2264 2416 gratio
2293 2347 2426 2400 hinc
2457 2345 2583 2400 illuc
2605 2386 2620 2412 ,
2646 2345 2812 2400 nobis
2839 2343 3271 2415 inopinantibus,
3298 2358 3424 2398 cum
3457 2343 3568 2396 huc
3601 2357 3689 2397 re-

2088 2439 2226 2494 verti
2269 2453 2609 2509 nequaquam
2658 2439 2979 2509 poterimus.
3013 2436 3271 2492 ‘Videtnus
3317 2434 3465 2490 enim
3512 2445 3691 2489 trans-

2093 2534 2390 2604 migrantes
2438 2535 2505 2587 ad
2555 2547 2652 2587 nos
2706 2547 2810 2588 non
2874 2531 3115 2596 reverti;
3165 2546 3265 2586 nos
3319 2543 3537 2600 quoque
3587 2529 3694 2583 mi-

2092 2629 2240 2682 nime
2274 2641 2459 2681 eorum
2505 2634 2890 2695 exspectamus
2931 2625 3186 2690 reditum,
3231 2624 3326 2679 sed
3375 2623 3492 2679 illos
3530 2624 3692 2692 sequi

2091 2728 2473 2790 exspectamus
2498 2736 2511 2773 :
2541 2719 2684 2788 quod
2720 2732 2853 2773 sane
2883 2717 3160 2773 sancitum
3189 2726 3271 2772 est
3303 2716 3550 2770 omnibus
3583 2714 3696 2771 ho-

2094 2812 2332 2869 minibus
2371 2813 2531 2883 hujus
2573 2811 2789 2874 mundi,
2827 2810 2895 2864 ab
2928 2810 3084 2864 initio
3113 2822 3284 2880 usque
3330 2808 3396 2862 ad
3430 2821 3694 2862 consum-

2097 2907 2415 2961 mationem.
2477 2905 2696 2972 Quare.
2749 2902 3084 2959 dilectissimi
3138 2902 3280 2964 mei,
3331 2910 3576 2972 oportet,
3631 2908 3694 2954 ut

2105 3015 2265 3054 nemo
2318 3008 2564 3055 nostrum
2625 3013 2736 3054 sua:
2778 2997 3025 3052 stultitia:
3069 2996 3227 3066 copia
3277 2994 3572 3064 glorietur,
3631 3005 3695 3047 et

412 3093 781 3152 titanetenergc
812 3083 864 3137 in
897 3084 1182 3154 patientia.
1226 3093 1413 3137 etnon
1451 3081 1798 3137 infirmentur
1831 3084 1994 3137 corda
2021 3060 2064 3116 C
2100 3095 2244 3150 dicat
2298 3115 2308 3150 ε
2346 3093 2608 3148 ΡιιωνεΙιιῘ
2660 3094 2922 3148 adversus
2977 3092 3183 3147 socium
3239 3105 3442 3156 meum,
3480 3102 3584 3142 nec
3639 3088 3696 3142 ei

406 3191 589 3234 vestra
643 3178 698 3232 in
735 3179 932 3232 uestris
969 3177 1409 3245 calamitatibus;
1451 3179 1547 3232 sed
1603 3179 1807 3247 gratias
1851 3177 1996 3246 agite

407 3286 507 3340 pro
536 3269 660 3332 illis,
689 3276 746 3321 ut
773 3270 1055 3336 prtcmium
1093 3270 1279 3323 feratis
1307 3284 1403 3338 pro
1436 3270 1514 3324 eis
1540 3285 1570 3322 a
1611 3269 1857 3324 Domino.
1884 3267 1995 3324 Hos

408 3355 624 3424 quidem
666 3368 956 3408 sermones
1002 3356 1204 3424 scripsi
1256 3356 1432 3423 vobis,
1494 3357 1692 3411 fratres
1750 3357 1889 3424 mei,
1943 3367 1998 3412 et

406 3447 661 3501 omnibus
701 3445 1080 3501 invocantibus
1125 3462 1321 3502 nomen
1367 3447 1600 3514 Domini,
1632 3459 1692 3503 ut
1732 3451 1802 3505 sit
1844 3451 1996 3507 vobis

408 3538 663 3594 omnibus
685 3553 817 3609 past,
844 3545 900 3592 et
929 3538 1234 3603 veritas,-ct
1265 3541 1505 3596 cbaritas
1538 3540 1656 3606 Dei,
1687 3543 1991 3622 et\dilectio

409 3631 475 3684 ad
511 3630 778 3698 invicem;
818 3640 872 3685 et
895 3631 1109 3686 ne-sint
1139 3632 1284 3687 inter
1315 3647 1414 3688 vos
1448 3635 1754 3700 contentio,
1785 3635 1867 3690 vel
1899 3652 1994 3690 su-

409 3728 668 3788 surratio,
701 3732 807 3777 aut
845 3724 1000 3778 mala:
1049 3725 1427 3793 cogitationes,
1471 3736 1570 3780 aut
1613 3728 1854 3794 seditio,
1901 3741 1995 3786 aut

413 3824 600 3870 mutua
628 3831 836 3886 rpugna,
871 3825 965 3871 aut
995 3818 1382 3886 contradictio,
1409 3830 1505 3875 aut
1529 3820 1668 3874 mala
1701 3823 1993 3891 mmulatio,

413 3915 507 3959 aut
535 3905 900 3962 ittobedicntia
925 3947 938 3970 ,
969 3915 1062 3962 aut
1091 3909 1343 3978 superbia
1368 3949 1384 3976 ,
1421 3922 1514 3965 aut
1553 3911 1764 3981 injuriae
1808 3914 1859 3969 in
1891 3915 1993 3970 ho-

413 3996 606 4061 mines,
639 4006 731 4050 aut
767 3998 971 4064 irrisio,
1009 4008 1114 4052 aut
1143 3999 1502 4068 adulterium,
1537 4013 1634 4057 aut
1674 4004 1850 4060 inanis
1877 4007 1994 4076 glo-

411 4087 505 4142 riae
549 4102 723 4156 amor,
749 4099 843 4143 aut
871 4090 1080 4158 odium,
1115 4102 1218 4146 aut
1261 4095 1699 4164 concupiscentia
1749 4098 1998 4166 pulchro-

413 4194 531 4233 rum
560 4181 1022 4237 veStimentornm.
1037 4185 1302 4254 corporis,
1329 4196 1416 4239 aut
1444 4197 1645 4242 mutua:
1673 4189 1993 4248 inimicitiae.

413 4269 928 4328 lnl'elicitastautem
977 4290 1095 4330 mea
1145 4277 1367 4346 supplex
1411 4289 1504 4332 vos
1549 4279 1910 4349 deprecatur,
1939 4293 2000 4339 ut

411 4364 546 4419 nihil
581 4366 773 4419 barum
808 4369 1080 4423 actiomtm
1114 4370 1306 4424 sinatis
1340 4370 1481 4426 inter
1512 4387 1611 4426 vos
1653 4375 1704 4428 in
1744 4374 1864 4430 loco
1908 4393 1997 4433 ve-

409 4465 536 4511 atra:
555 4457 938 4513 habitationis.
967 4459 1102 4513 Nam
1135 4460 1188 4514 in
1219 4477 1545 4532 quacunque
1576 4470 1996 4538 congregatione

408 4547 492 4602 ba:
521 4557 738 4603 exstant
777 4550 1055 4619 actiones,
1098 4553 1364 4608 inhabitat
1410 4556 1479 4610 ibi
1528 4558 1605 4611 ira
1643 4560 1886 4619 Domini.
1927 4563 1996 4618 Et

409 4641 633 4708 sciatis,
668 4642 892 4710 fratres,
940 4645 1084 4713 quod
1138 4647 1245 4700 vita
1298 4659 1482 4704 nostra
1536 4651 1589 4705 in
1638 4652 1741 4709 hoc
1795 4657 1996 4712 mundo

409 4733 732 4790 brevissima
775 4745 895 4805 est;
929 4738 1048 4792 ideo
1087 4737 1153 4792 de
1193 4739 1279 4794 illa
1311 4743 1566 4810 satagite,
1609 4753 1664 4799 et
1706 4746 1871 4801 nolite
1905 4763 1997 4803 ne~

409 4825 676 4897 gligeutes
718 4842 864 4897 esse,
913 4845 984 4884 ne
1019 4830 1224 4886 incidat
1254 4843 1442 4889 vestra
1486 4837 1892 4908 transmigratio
1926 4841 1994 4897 ab

410 4920 514 4975 hac
539 4922 652 4974 ,vita
695 4920 926 4977 invicem
975 4922 1359 4994 irascentibus,
1398 4943 1462 4983 ac
1487 4939 1783 5000 propterea
1825 4934 1998 4988 homi-

417 5011 545 5069 zidis
580 5015 1032 5070 .adnnmeremini
1086 5019 1383 5074 secundum
1429 5021 1771 5092 Scripturam
1820 5044 1833 5081 :
1877 5026 1996 5091 ’ρκί

412 5105 528 5158 adio
549 5104 718 5159 .Itabet
755 5105 971 5177 fratrem
986 5123 1149 5161 :suum
1175 5148 1192 5174 ,
1215 5110 1487 5166 homicida
1510 5123 1586 5167 est
1611 5114 1678 5169 ⁸⁸.
1705 5114 1848 5181 “Quae
1879 5117 1998 5186 qui-

399 5184 528 5250 ἰιιιιιι
577 5197 720 5253 dicta
753 5215 818 5254 ac
848 5210 1124 5272 praecepta
1148 5219 1267 5258 non
1295 5205 1369 5260 ad
1403 5207 1700 5262 monachos
1730 5184 2000 5264 duntaxat

412 5295 462 5339 et
498 5287 741 5357 virgines
799 5301 1083 5360 spectant,
1129 5293 1220 5348 sed
1257 5303 1312 5348 et
1347 5294 1413 5349 ad
1448 5310 1639 5352 omnes
1684 5297 1874 5353 fideles
1905 5299 1997 5369 qui

410 5379 696 5435 nobiscum
744 5387 1151 5441 communicant
1184 5386 1237 5441 in
1260 5387 1522 5444 Ecclesia
1562 5387 1776 5444 Domini
1821 5391 1995 5446 nostri

409 5466 534 5527 Iesu
567 5470 770 5529 Christi
795 5475 1092 5533 universali
1122 5479 1442 5550 apostolica.
1472 5481 1627 5538 Nunc
1654 5483 1858 5554 itaque,
1887 5482 2000 5541 fra-

486 5664 581 5726 "l
621 5667 780 5726 Joan.
824 5687 907 5743 tu,
953 5675 1037 5731 l5.
1145 5681 1198 5748 ⁹’
1237 5678 1371 5741 Luc.
1415 5697 1492 5753 vt,
1529 5682 1617 5739 57.

2100 3200 2346 3254 parcam.
2383 3183 2536 3239 Sciat
2577 3185 2723 3239 enim
2779 3184 2881 3239 hoc
2925 3183 3111 3238 dicens
3145 3191 3199 3237 et
3227 3182 3496 3252 cogitans,
3546 3178 3698 3248 quod

2099 3278 2326 3331 tradidit
2374 3277 2535 3332 morti
2585 3276 2959 3332 fortitudinem
3010 3275 3064 3330 in
3111 3275 3350 3328 animam
3395 3287 3547 3328 suam
3581 3281 3697 3324 tan-

2099 3380 2247 3434 tmn;
2285 3379 2338 3422 et
2377 3368 2482 3421 erit
2527 3368 2816 3423 luereditas
2864 3368 3048 3433 illius,
3085 3366 3234 3422 locus
3275 3365 3435 3420 ﬂetus
3463 3373 3518 3418 et
3564 3363 3694 3417 stri-

2098 3459 2247 3513 doris
2281 3457 2560 3524 dentium,
2607 3469 2662 3513 et
2709 3459 2974 3514 vermium
3019 3441 3125 3513 non
3178 3455 3592 3520 dormientium,
3638 3464 3696 3510 et

2101 3549 2564 3621 inexsunguibilis
2593 3551 2750 3622 ignis.

2170 3643 2265 3698 His
2296 3643 2476 3712 itaque
2511 3658 2540 3696 a
2582 3643 2734 3698 nobis
2771 3641 3026 3714 cognitis,
3055 3641 3390 3697 dilectissimi
3421 3641 3552 3706 mei,
3598 3640 3699 3694 de.

2099 3745 2371 3790 certemus
2409 3736 2532 3790 dum
2575 3750 2762 3789 sumus
2789 3735 2842 3788 in
2877 3736 2979 3789 hoc
3019 3749 3270 3802 corpore,
3299 3739 3352 3787 et
3383 3733 3697 3788 animarum

2100 3837 2407 3882 nostrarum
2471 3827 2784 3881 vulneribus
2838 3828 3175 3892 medeamur,
3234 3833 3532 3890 antequam
3597 3839 3700 3886 nos

2100 3930 2310 3990 tempus
2332 3919 2572 3990 ellugiat.
2601 3919 2666 3974 Et
2691 3921 2796 3974 sint
2831 3919 2945 3974 lucc
2981 3919 3120 3972 dicta
3152 3919 3256 3972 lixa
3289 3918 3343 3972 in
3402 3917 3702 3972 intellecti-

2099 4013 2200 4068 bus
2248 4015 2467 4079 nostris,
2514 4025 2568 4069 et
2607 4030 2668 4070 ea
2703 4029 3074 4085 exsequamur
3121 4024 3246 4068 ante
3292 4016 3699 4084 separationem

2100 4109 2403 4163 animarum
2461 4119 2768 4164 nostrarum
2816 4125 2846 4163 e
2885 4109 3202 4177 corporibus
3244 4109 3468 4162 nostris.
3517 4107 3701 4178 Siqui-

2101 4201 2222 4255 dem
2266 4199 2526 4255 Dominus
2567 4211 2752 4256 uoster
2795 4200 2958 4270 judex
2987 4200 3167 4269 justus
3207 4201 3384 4254 mittet
3415 4200 3698 4254 ministros

2102 4309 2251 4361 suos,
2283 4304 2338 4348 et
2389 4296 2798 4364 apprehendent
2835 4294 3112 4358 animam,
3159 4302 3213 4346 et
3251 4295 3588 4364 scparabunt
3631 4291 3697 4345 il-

2035 4384 2208 4476 Dlam
2267 4401 2294 4436 a
2343 4385 2505 4440 domo
2556 4385 2657 4439 hac
2711 4384 2875 4439 lutea.
2937 4385 3258 4455 Quicunque
3308 4396 3492 4440 autem
3551 4403 3703 4442 com-

2107 4476 2517 4546 prehenduutur
2546 4487 2674 4532 tunc
2703 4491 2815 4530 sum
2853 4475 3048 4531 salutis
3097 4476 3443 4531 inunemores
3464 4519 3479 4543 ,
3512 4492 3699 4531 rescr—

2107 4569 2375 4624 vabuulur
2403 4570 2455 4623 in
2485 4569 2726 4624 tenebris
2755 4568 3122 4624 exterioribus
3155 4569 3222 4622 ad
3255 4568 3590 4623 tremendum
3630 4570 3700 4622 il-

2104 4660 2214 4715 lum
2244 4662 2409 4726 dicm,
2436 4671 2488 4717 et
2515 4662 2684 4717 exibit
2720 4664 2772 4717 in
2803 4662 2919 4717 illos
2953 4677 3138 4716 amara
3178 4663 3265 4716 illa
3302 4663 3606 4727 sententia;
3643 4671 3702 4717 ct

2106 4755 2388 4810 tradentur
2413 4756 2708 4811 tortoribus
2748 4755 3297 4820 immisericordibus,
3325 4767 3377 4809 et
3407 4771 3693 4811 carcerum

2105 4847 2378 4917 praefectis
2433 4849 2702 4918 (quibus
2743 4850 2888 4904 nulla
2947 4850 3092 4904 inest
3136 4849 3346 4919 pietas)
3403 4849 3699 4905 destinatis

2109 4942 2369 4996 custodite
2400 4939 2544 4995 illius
2593 4941 2734 5013 ignis
2776 4942 2918 5011 pleni
2961 4943 3227 4998 vermium
3277 4942 3368 5018 qui
3420 4958 3528 4998 non
3574 4941 3700 5029 dor”

2109 5035 2326 5099 miunt,
2388 5049 2487 5090 nec
2525 5051 2632 5090 non
2686 5036 3029 5092 tenebrarum
3059 5035 3393 5100 exteriorum
3440 5047 3499 5092 et
3544 5054 3682 5092 mau-

2099 5124 2310 5179 sionum
2351 5125 2572 5195 frigoris
2597 5127 2879 5194 plenarum
2911 5125 3218 5196 etalgoris.
3257 5129 3356 5202 Qui
3393 5139 3577 5183 autem
3611 5131 3693 5182 his

2099 5215 2412 5271 crudelibus
2449 5219 2753 5283 tradentur,
2786 5220 3143 5294 projicientur
3177 5223 3227 5277 in
3263 5236 3322 5281 ea
3355 5221 3475 5276 loca
3512 5237 3554 5274 .a
3593 5223 3699 5276 Dec

2101 5308 2493 5372 remotissima,
2530 5319 2588 5363 ut
2630 5311 2928 5368 vindictam
2967 5323 3188 5369 sumant
3221 5315 3286 5369 de
3317 5313 3445 5367 illis.

2171 5396 2324 5454 Tunc
2374 5399 2616 5470 mugient
2638 5399 2771 5456 fletu
2801 5411 2859 5457 et
2903 5402 3236 5460 clamoribus
3267 5414 3323 5459 et
3353 5404 3574 5475 ploratu
3616 5413 3700 5459 at-

2099 5503 2206 5558 que
2237 5489 2466 5560 ululatu,
2515 5507 2613 5548 nec
2647 5507 2742 5551 eos
2775 5495 3066 5552 exaudiant
3111 5506 3204 5552 aut
3245 5496 3679 5560 miserebantur,

1700 5683 1714 5716 '
1761 5684 1954 5758 Epltcs.
2006 5702 2078 5757 Iv,
2120 5688 2209 5744 23.
