3990 6210
302 241 434 298 {0M

1320 238 1379 293 S.
1419 236 1703 294 ANTON‘II
1740 237 1814 295 Μ.
1856 234 2152 296 ABBA'I‘IS
2186 235 2572 299 EPISTOLIE.

3459 245 3481 300 l
3494 243 3598 298 υςιι

299 381 425 422 cum
451 342 836 419 misericordia
857 358 968 428 jam
994 357 1280 414 recesserit
1303 359 1372 413 ab
1393 359 1502 415 illis
1526 360 1577 414 in
1615 369 1895 416 aeternum.
1929 362 2146 424 Aeium
2195 362 2376 434 impiis
2423 362 2551 428 illis,
2611 359 2796 419 videre
2841 360 3091 433 permisit
3131 379 3148 428 ;
3203 376 3379 433 neque
3421 365 3594 420 etiam

300 454 770 513 lintnisericordes
821 466 1059 521 namque
1089 461 1146 507 et
1177 452 1278 522 ipsi
1320 453 1655 508 exstiterunt
1695 453 1746 508 in
1788 455 1899 508 vita

300 565 422 614 sua,
459 546 768 602 famelicum
805 559 912 601 non
945 545 1213 610 cibantes,
1245 543 1518 600 sitientem
1570 559 1679 599 non
1712 552 1903 616 potan-

303 651 405 708 tes,
439 638 791 711 peregrinum
837 652 944 692 non
989 637 1373 706 suscipientes,
1413 637 1619 692 nudum
1663 653 1768 690 non
1809 650 1904 690 ve-

299 735 552 794 stientes,
585 732 858 786 inﬁrmum
885 744 988 784 non
1009 729 1337 794 invisentes,
1360 741 1590 783 carcere
1615 728 1899 783 detentum

305 839 416 878 non
463 823 783 878 visitantes:
838 822 1043 877 idcirco
1081 820 1358 875 ροηδεωιί
1411 829 1537 875 sunt
1585 835 1904 875 remunera—

307 917 510 971 tionem
543 916 659 969 sine
688 913 1082 969 misericordia.
1113 911 1339 981 Insuper
1365 913 1625 982 peccatis,
1650 924 1709 967 et
1738 913 1897 979 dolis,

303 1017 359 1064 et
383 1007 750 1063 inobedientia
785 1021 912 1076 erga
952 1013 1313 1075 praecepto-res
1361 1013 1416 1058 et
1456 1005 1774 1060 erudientes
1808 1019 1902 1073 pa-

307 1105 420 1151 tres
446 1095 706 1151 cumulati
757 1104 914 1148 erant
940 1110 954 1159 ;
1006 1105 1108 1147 nec
1136 1092 1510 1162 paenitentiam
1540 1100 1765 1162 egerunt
1794 1108 1898 1144 tum

302 1188 412 1254 die,
449 1202 547 1242 nec
575 1186 681 1242 sibi
728 1185 1012 1257 elegerunt
1064 1193 1460 1253 praeceptorem
1504 1185 1597 1254 qui
1645 1197 1748 1253 pro
1797 1183 1902 1236 illis

306 1289 545 1350 rogaret,
582 1293 680 1333 nec
703 1277 907 1347 gratias
946 1291 1044 1346 pro
1071 1275 1354 1330 concessis
1381 1275 1484 1329 sibi
1530 1275 1732 1329 divitiis
1766 1289 1897 1344 ege-

276 1365 465 1435 \runt,
490 1370 930 1438 dimiseruntqne
956 1383 985 1420 a
1017 1383 1076 1421 se
1107 1367 1201 1422 hic
1241 1367 1606 1436 cognitionem
1639 1365 1851 1420 Domini
1881 1384 1894 1419 :

309 1478 474 1532 quare
499 1461 620 1530 ipse
649 1474 864 1530 quoque
908 1457 1182 1527 ignorabit
1234 1457 1356 1512 illos
1391 1458 1489 1522 ibi,
1519 1468 1575 1512 eet
1607 1458 1782 1511 tradet
1803 1471 1899 1510 eos

309 1551 834 1610 immisericordibus
895 1549 1022 1613 illis,
1077 1559 1137 1604 ut
1190 1551 1259 1604 de
1321 1549 1409 1604 eis
1456 1550 1788 1604 ulciscantur
1834 1563 1899 1602 eo

309 1647 560 1704 cruciatu
586 1643 742 1713 cujus
769 1659 874 1698 non
909 1652 992 1697 est
1023 1642 1190 1696 ﬁnis:
1245 1641 1422 1696 instar
1469 1643 1610 1696 servi
1644 1641 1784 1694 illius
1807 1641 1895 1708 mai

2003 455 2131 512 tnali
2168 455 2243 511 illi
2287 465 2408 526 post
2435 456 2677 511 clausam
2718 455 2940 524 januam
2983 452 3362 509 conscendere
3405 453 3599 509 value-

2003 555 2128 602 runt
2160 562 2281 602 cum
2311 546 2507 616 justis;
2541 547 2633 600 sed
2665 545 2793 600 facti
2831 554 2956 599 sunt
2990 561 3112 600 cum
3149 545 3318 600 haedis
3346 545 3439 614 qui
3476 561 3598 600 sunt

2007 639 2073 692 ad
2123 638 2424 705 siniStram,
2464 653 2567 692 nec
2598 637 2856 691 accedere
2900 645 3198 706 potuerunt
3243 636 3307 690 ad
3356 650 3452 692 eos
3511 651 3598 704 qu.

2003 741 2128 785 sunt
2149 734 2216 786 ad
2251 733 2527 787 dexteram
2557 749 2570 798 ;
2607 746 2794 784 verum
2827 731 3135 800 perditione
3177 730 3441 800 dcperditi
3466 739 3601 786 sunt

2002 835 2142 890 aqua
2191 820 2380 876 diluvii
2417 822 2488 876 ob
2535 834 2690 874 suam
2741 820 3012 888 pigritiam
3049 830 3102 874 et
3144 821 3592 875 inobedientiam.

2007 911 2220 966 Etenim
2253 911 2365 967 Noe
2391 913 2566 982 spatio
2599 911 2812 967 illorum
2841 921 3055 966 centum
3097 927 3361 966 annorum
3398 913 3595 982 quibus

2003 1019 2185 1058 are-am
2219 1004 2506 1068 exstruxit,
2544 1004 2611 1058 ad
2658 1003 2935 1058 meliorem
2977 1003 3186 1074 frugem
3229 1018 3324 1058 eos
3366 1019 3590 1058 revoca-

2003 1098 2129 1161 bat,
2167 1106 2532 1151 verumtamen
2583 1109 2755 1163 neque
2807 1094 3136 1149 obedichant
3161 1096 3246 1158 ei,
3285 1109 3460 1163 neque
3491 1110 3593 1147 au-

1995 1185 2244 1252 diebant,
2275 1189 2504 1259 ideoque
2529 1187 2795 1257 deperditi
2823 1195 2968 1242 sunt.
3004 1187 3158 1240 Nunc
3197 1225 3214 1251 ,
3255 1187 3593 1242 dilectissimi

1997 1282 2106 1335 mei
2135 1325 2149 1348 ,
2183 1293 2241 1336 ct
2273 1282 2401 1336 mihi
2436 1283 2719 1347 amabiles,
2745 1283 2812 1337 de
2835 1297 2973 1351 pace
2999 1280 3216 1335 solliciti
3253 1296 3375 1334 cum
3417 1281 3595 1334 omni-

1996 1372 2123 1438 bus,
2159 1387 2289 1442 rogo
2327 1387 2426 1428 vos
2464 1388 2561 1442 per
2585 1373 2817 1441 gratiam
2852 1371 2968 1435 Dei,
3001 1381 3060 1426 ut
3117 1371 3385 1426 obcdiatis
3428 1371 3592 1437 mihi;

1997 1474 2114 1519 tum
2144 1479 2491 1535 ego-quoque
2527 1465 2782 1520 obediam
2815 1464 3007 1531 vobis;
3047 1473 3102 1518 et
3146 1478 3336 1518 omnes
3371 1463 3596 1518 obedia-

1996 1569 2124 1612 mus
2161 1556 2388 1612 ﬂamine
2420 1556 2618 1611 dicenti
2667 1571 2760 1625 per
2802 1556 3047 1627 linguam
3087 1555 3410 1626 Propheta:
3457 1553 3594 1622 Quia

1996 1660 2073 1704 est
2119 1650 2274 1703 homo
2326 1649 2414 1712 qui
2452 1649 2721 1702 desiderat
2749 1649 2936 1713 ritum,
2981 1659 3027 1702 rt
3057 1648 3200 1717 cupit
3255 1647 3430 1701 ridere
3481 1648 3594 1701 dies

311 1753 418 1793 non
470 1747 554 1792 est
597 1737 851 1792 misertus
899 1749 1188 1800 conservo,
1230 1733 1548 1788 dimittendo
1585 1733 1641 1786 ei
1671 1742 1892 1787 centum

2011 1739 2205 1794 frenos?
2237 1735 2430 1794 Cohibe
2454 1740 2694 1809 linguam
2743 1749 2887 1794 trram
2915 1758 2946 1794 a
2982 1741 3125 1793 mule
3152 1779 3166 1804 ,
3211 1751 3263 1794 et
3313 1739 3455 1793 labia
3502 1749 3594 1794 tua

311 1830 590 1894 denarios,
629 1828 720 1899 qui
763 1827 930 1898 .pauci
977 1828 1195 1881 suntin
1226 1827 1639 1895 comparatione
1689 1824 1896 1894 mynia-

311 1921 440 1974 dum
479 1921 570 1989 qui
611 1919 658 1973 ei
689 1918 896 1973 dimissi
935 1927 1094 1982 sunt;
1125 1926 1181 1972 et
1209 1917 1380 1972 instar
1417 1917 1559 1972 servi
1589 1917 1898 1986 impotentis

313 2011 489 2080 pigri,
519 2009 608 2078 qui
657 2008 908 2078 sepelivit
936 2018 1220 2078 argentum
1251 2008 1453 2064 domini
1483 2007 1564 2062 sui
1594 2025 1606 2060 :
1639 2017 1699 2062 et
1725 2007 1899 2062 instar

314 2103 454 2157 illius
482 2102 568 2171 qni
611 2116 716 2155 non
753 2110 839 2156 est
888 2100 1141 2156 inventus
1186 2115 1309 2156 cum
1359 2108 1507 2154 veste
1551 2098 1811 2168 nuptiali;
1844 2107 1899 2153 et

315 2197 488 2250 instar
521 2194 664 2250 servi
714 2193 1117 2249 contemnentis
1165 2193 1477 2247 mandatum
1519 2191 1729 2246 «demini
1774 2191 1895 2252 arti,

315 2296 369 2342 et
416 2286 627 2341 edentis
659 2294 715 2340 et
764 2284 1003 2340 bibentis
1046 2300 1176 2340 cum
1211 2283 1401 2346 ebriis,
1444 2295 1543 2336 nec
1587 2280 1899 2336 miserantis

319 2381 617 2436 conservis.
663 2380 767 2447 Qui
817 2381 1033 2450 quidem
1089 2393 1278 2434 omnes
1338 2377 1460 2431 ideo
1531 2375 1712 2449 traditi
1771 2383 1902 2430 sunt

317 2473 654 2528 cruciatibus
679 2483 732 2527 et
770 2471 1321 2534 immisericordibus,
1350 2469 1609 2539 quoniam
1651 2468 1894 2522 immise-

319 2563 564 2618 ricordes
599 2571 780 2628 erant,
815 2562 956 2616 sicut
1003 2563 1266 2631 scriptum
1301 2570 1408 2628 est,
1449 2559 1596 2628 quod
1636 2559 1899 2626 judicium

320 2654 693 2708 misericordia
725 2653 999 2708 abutentis
1030 2653 1136 2707 erit
1177 2651 1649 2706 itmnisericordia.

374 2741 576 2814 ‘ltaque
597 2785 612 2809 ,
647 2744 984 2800 dilectissimi
1023 2744 1150 2808 mei,
1180 2757 1279 2813 ego
1308 2741 1490 2796 infelix
1524 2742 1593 2797 ob
1629 2741 1900 2811 ingentem

319 2849 492 2890 meam
518 2850 652 2904 erga
685 2849 777 2889 vos
797 2833 1061 2906 pietatem
1099 2833 1239 2887 satis
1265 2846 1542 2903 superque
1582 2846 1680 2886 vos
1711 2831 1903 2900 depre-

318 2943 432 2991 cor,
461 2937 518 2981 ut
561 2925 900 2998 evigilemus,
937 2926 1062 2980 dum
1094 2939 1282 2980 sumus
1326 2924 1380 2979 in
1417 2924 1518 2979 hoc
1565 2938 1812 2988 corpore,
1851 2931 1904 2977 et

318 3018 546 3073 ﬂeamus
605 3020 999 3088 nosmetipsos,
1027 3027 1081 3073 et
1113 3017 1460 3088 deploremus
1490 3032 1556 3071 ex
1594 3025 1706 3071 toto
1739 3016 1904 3070 corde

320 3121 508 3166 nostro
554 3121 715 3166 ttOctu
763 3110 986 3179 diuque,
1011 3118 1082 3164 -ut
1111 3111 1408 3178 eripiantur
1439 3111 1506 3163 ab
1553 3121 1739 3162 amaro
1781 3077 1977 3161 cru-c

321 3205 464 3258 ciatu
499 3213 554 3257 et
584 3220 612 3257 a
644 3202 768 3258 ﬂetu
795 3213 849 3257 et
875 3202 1088 3273 ploratu
1115 3211 1170 3256 et
1197 3201 1481 3267 nunstitia,
1507 3217 1627 3272 qua:
1654 3217 1759 3256 non
1785 3215 1902 3270 per-

324 3297 668 3363 transibunt;
705 3307 758 3350 et
785 3309 1076 3350 caveamus
1111 3293 1319 3366 ingredi
1365 3293 1703 3364 perjanuam
1741 3297 1906 3349 latam

324 3400 376 3443 et
409 3390 546 3442 viam
578 3388 792 3444 facilem
840 3403 963 3458 qua:
1011 3387 1269 3443 conducit
1311 3389 1376 3442 ad
1414 3387 1804 3457 perditionem,
1853 3395 1909 3441 et

326 3485 481 3536 multi
515 3494 642 3538 sunt
677 3483 1017 3537 ambulantes
1038 3496 1142 3552 per
1189 3481 1369 3546 illam;
1413 3481 1512 3535 sed
1544 3480 1910 3551 ingrediamur

326 3591 422 3643 per
463 3575 682 3646 januam
718 3585 1002 3644 angustam
1045 3584 1100 3630 et
1131 3574 1271 3628 viam
1319 3574 1529 3628 triSIcm
1564 3581 1619 3627 et
1654 3583 1904 3626 maestam

325 3669 712 3722 conducentem
743 3667 813 3720 ad
841 3666 1032 3730 vitam,
1063 3675 1121 3719 et
1165 3665 1321 3734 pauci
1363 3671 1491 3716 sunt
1546 3661 1910 3730 ingredientes

325 3775 425 3831 per
478 3759 646 3814 illam.
697 3759 801 3827 Qui
848 3768 1027 3814 autem
1083 3771 1179 3828 per
1210 3756 1358 3810 illam
1399 3754 1629 3824 ingressi
1688 3753 1907 3818 fuerint,

327 3850 440 3905 veri
466 3851 698 3921 operarii
741 3859 889 3916 sunt,
919 3849 1013 3920 qui
1049 3848 1318 3916 accipient
1345 3845 1650 3900 mercedem
1679 3859 1904 3898 suorum

327 3941 570 3997 laborum
626 3958 748 3998 cum
802 3942 1030 4009 gaudio,
1086 3949 1142 3994 et
1195 3935 1592 3993 haereditabunt
1657 3950 1907 4007 regnum.

328 4031 429 4099 Qui
463 4047 592 4105 ergo
619 4041 839 4103 paratus
865 4040 971 4096 est,
1017 4029 1358 4086 dilectissimi
1407 4029 1535 4092 mei,
1585 4027 1798 4090 adesse,
1845 4039 1912 4080 ne

327 4138 511 4192 quaeso
541 4123 802 4195 negligat,
840 4138 908 4179 ne
947 4128 1191 4176 transeat
1226 4128 1467 4189 tempus;
1513 4125 1568 4172 et
1603 4132 1708 4171 non
1753 4132 1912 4187 repe-

333 4217 500 4269 rietur
535 4217 624 4286 qui
653 4216 886 4287 emptori
930 4214 1166 4270 vendere
1201 4213 1349 4268 velit.
1387 4211 1494 4288 _Sic
1537 4211 1680 4266 enim
1716 4211 1914 4265 accidit

335 4307 630 4375 virginibus
659 4307 764 4362 illis
788 4306 1026 4376 quinque
1051 4303 1252 4367 stultis,
1283 4316 1407 4357 cum
1442 4315 1547 4357 non
1588 4301 1913 4354 invenerunt

332 4414 360 4451 ει
402 4415 511 4467 quo
536 4407 804 4455 emerent.
838 4398 992 4452 Tunc
1041 4394 1502 4458 exclamaverunt,
1543 4401 1600 4447 et
1642 4392 1912 4447 fleverunt

332 4493 616 4548 dicentes:
663 4490 907 4556 Domine,
938 4490 1084 4558 aperi
1118 4490 1290 4543 nobis.
1332 4486 1436 4551 Qui
1475 4485 1792 4554 respondens
1837 4485 1911 4537 ait

333 4584 478 4637 illis:
506 4583 673 4636 Amen
691 4583 809 4636 dico
839 4581 982 4635 vobis
1014 4594 1032 4630 :
1072 4579 1264 4632 Nescio
1293 4593 1380 4631 vos
1405 4577 1448 4629 ’.
1473 4573 1592 4629 Nec
1622 4575 1674 4629 id
1705 4574 1783 4628 eis
1808 4573 1910 4627 alia

334 4678 400 4732 de
425 4691 586 4731 causa
609 4675 836 4741 «accidit,
885 4674 987 4728 nisi
1031 4682 1250 4742 propter
1284 4669 1576 4739 pigritiam.
1616 4666 1750 4721 Nam
1789 4681 1911 4722 cum

335 4769 586 4823 dominus
633 4766 826 4820 domus
878 4765 1201 4827 surrexerit,
1267 4769 1320 4815 et
1368 4758 1626 4814 clauserit
1661 4755 1913 4824 ianuam,

336 4861 472 4915 nihil
506 4859 736 4928 amplius
760 4855 1022 4928 proderit,
1055 4854 1133 4907 uti
1159 4852 1420 4922 scriptum
1449 4859 1550 4905 est.
1589 4848 1698 4919 Ego
1727 4856 1909 4901 autem

337 4951 560 5005 afferam
613 4950 762 5005 vobis
819 4947 1228 5003 similitudinem
1282 4943 1442 5013 hujus
1489 4941 1737 4997 reb-Noe
1783 4955 1912 4996 cum

338 5045 616 5112 ingressus
676 5041 868 5095 fuisset
926 5053 1109 5094 arcam
1164 5038 1280 5106 ipse
1328 5051 1450 5090 cum
1512 5033 1635 5087 ﬁliis
1690 5033 1803 5087 suis
1859 5042 1914 5086 et

338 5135 600 5189 uxoribus
641 5133 873 5188 ﬁliorum
909 5146 1152 5194 suorum,
1199 5139 1256 5184 et
1290 5127 1511 5197 reliquis
1557 5126 1648 5196 qui
1684 5141 1806 5180 cum
1839 5139 1916 5179 eo

338 5238 519 5294 erant,
543 5237 597 5283 et
619 5226 904 5282 clausisset
937 5223 1158 5293 ianuam
1197 5235 1340 5276 arca
1381 5228 1601 5290 propter
1629 5233 1798 5287 aquas
1827 5218 1917 5273 di-

340 5320 468 5374 luvii
492 5334 613 5389 quae
646 5318 906 5373 immissa:
933 5323 1059 5371 sunt
1079 5303 1253 5384 super
1281 5311 1421 5392 niale
1447 5320 1772 5380 operantes;
1807 5309 1919 5364 Noe

340 5422 492 5469 certe
532 5423 672 5467 arcae
693 5411 915 5482 ianuam
951 5407 1186 5478 amplius
1225 5420 1332 5462 non
1361 5404 1599 5474 aperuit,
1642 5418 1744 5457 nec
1795 5403 1919 5458 tiliis

341 5509 460 5566 suis
489 5505 858 5578 spectaculum
893 5502 1030 5560 illud
1075 5499 1318 5557 terribile
1343 5499 1490 5569 quod
1529 5506 1649 5553 erat
1686 5493 1915 5564 in,_judi-

409 5667 446 5734 "
491 5707 681 5765 Matth.
723 5720 850 5770 xxv,
882 5703 970 5767 ll.
1012 5669 1136 5757 12..
1177 5699 1367 5758 'Psal.
1407 5713 1577 5756 nam
1607 5737 1624 5767 ,
1661 5695 1852 5753 13-15.

2002 1847 2065 1886 ne
2083 1831 2377 1899 loquartu?
2415 1848 2532 1885 cum
2570 1831 2711 1885 dolo.
2758 1831 2977 1885 Declina
3019 1849 3051 1884 α
3079 1830 3239 1896 malo,
3291 1839 3339 1883 et
3378 1831 3463 1899 [ac
3511 1832 3595 1885 lia-

2003 1937 2167 1988 mtnt;
2206 1938 2382 1992 qurere
2419 1939 2627 1992 pacem,
2653 1933 2700 1976 et
2728 1939 2944 1993 sequere
2979 1923 3126 1979 i'l'lmn
3159 1925 3184 1956 ³
3214 1943 3226 1979 :
3276 1939 3339 1981 et
3378 1923 3594 1992 reliqua

2002 2029 2123 2086 qua:
2155 2017 2268 2069 hinc
2307 2025 2628 2085 sequuntur.

2075 2107 2142 2162 Et
2168 2107 2410 2178 profecto
2444 2122 2506 2162 ea
2556 2116 2681 2161 sunt
2711 2107 2903 2176 gaudia
2940 2122 3080 2172 mea,
3138 2121 3193 2162 et
3233 2108 3459 2161 fratrum
3496 2108 3593 2177 qni

2003 2207 2132 2252 sunt
2179 2211 2345 2267 penes
2384 2211 2501 2261 tne,
2531 2205 2591 2250 at
2642 2197 2892 2251 nuntium
2942 2198 3240 2252 habeamus
3290 2198 3356 2252 de
3411 2209 3588 2253 vestra

2007 2290 2453 2353 christianitzate;
2492 2298 2544 2343 et
2569 2288 2710 2356 quod
2744 2304 2847 2358 pax
2889 2289 3102 2343 Domini
3138 2291 3208 2344 si't
3241 2291 3380 2359 apud
3420 2305 3511 2344 vos
3537 2301 3594 2344 et

2006 2396 2174 2451 penes
2206 2395 2332 2447 vos;
2366 2392 2421 2435 et
2467 2382 2611 2450 quod
2651 2379 2932 2434 mdiﬁcetis
2969 2395 3141 2449 super
3183 2381 3325 2435 illam
3367 2382 3461 2436 'din
3499 2398 3598 2435 no-

2007 2485 2226 2544 etuque,
2265 2485 2324 2527 ιιι
2371 2474 2512 2528 ﬁalis
2544 2489 2685 2528 unus
2729 2474 2954 2543 spiritus
2990 2473 3043 2528 in
3088 2489 3191 2528 una
3236 2473 3511 2530 voluntate
3541 2484 3597 2529 et

2005 2565 2062 2619 in
2116 2578 2219 2617 una
2277 2562 2382 2618 fide
2422 2571 2483 2617 et
2531 2563 2585 2616 in
2655 2578 2758 2616 una
2809 2562 3229 2631 participatione
3282 2573 3337 2618 et
3374 2565 3425 2618 in
3477 2579 3594 2620 una

2010 2669 2216 2721 mensa,
2255 2665 2312 2708 ut
2346 2665 2665 2726 permaneat
2689 2654 2842 2709 vobis
2867 2669 2988 2725 pax.
3014 2654 3100 2708 Ἐκ
3128 2669 3237 2724 quo
3261 2665 3447 2710 autem
3472 2671 3596 2727 per-

2008 2747 2158 2800 venit
2199 2745 2274 2800 ad
2311 2760 2396 2800 me
2431 2745 2660 2814 epistola
2711 2757 2915 2813 vestra,
2955 2762 3130 2816 usque
3173 2763 3325 2801 nunc
3367 2755 3600 2803 mtestus

2011 2853 2131 2894 sum
2158 2839 2334 2894 corde
2353 2848 2856 2908 propter-emrtqu
2897 2839 3044 2893 inter
3073 2853 3171 2893 vos
3197 2839 3443 2896 laborem
3466 2855 3596 2896 can-

2009 2944 2068 2984 sa
2114 2929 2493 2998 imprudentiae
2520 2943 2730 2994 eorum,
2763 2930 2958 3000 quise
3001 2944 3290 3001 segregare
3325 2930 3510 2984 velum
3533 2940 3594 2985 et

2011 3020 2283 3091 propriam
2314 3019 2493 3075 facere
2515 3019 2874 3085 voluntatem,
2901 3035 3024 3075 cum
3053 3021 3235 3074 adhuc
3254 3021 3370 3074 sint
3383 3021 3445 3074 in
3475 3034 3603 3075 mes

2009 3115 2118 3183 dio.
2155 3113 2419 3182 Deinceps
2450 3126 2601 3182 ergo,
2641 3112 2979 3168 dilectissimi
3026 3113 3151 3180 mei,
3199 3127 3305 3166 non
3333 3113 3450 3168 sint
3484 3115 3596 3168 hac

2011 3205 2155 3260 inter
2183 3219 2300 3272 vos,
2333 3204 2425 3259 sed
2442 3204 2700 3275 :perﬁcite
2713 3204 2926 3259 ’bonum
2966 3204 3160 3260 domus
3194 3204 3343 3275 pacis
3371 3219 3596 3260 concor-

2010 3299 2136 3353 dia:
2185 3298 2444 3353 indecens
2493 3297 2692 3368 quippe
2720 3307 2804 3352 est
2851 3296 2981 3352 dare
3013 3314 3170 3352 suum
3206 3300 3405 3354 bonum
3441 3297 3596 3352 alteri

2010 3388 2150 3455 loco,
2191 3389 2286 3446 sed
2335 3389 2743 3460 congregemini
2795 3404 2902 3443 uno
2952 3389 3005 3444 in
3064 3389 3204 3455 loco,
3239 3399 3294 3444 et
3350 3390 3596 3456 perﬁcite

2011 3481 2141 3538 illud
2172 3483 2223 3537 in
2253 3496 2406 3552 pace,
2435 3490 2492 3536 et
2520 3481 2833 3547 concordia,
2867 3493 2925 3536 et
2961 3482 3288 3546 humilitate,
3311 3483 3599 3537 'e't'timore

2009 3571 2126 3637 Dei,
2154 3581 2209 3628 et
2233 3573 2506 3641 precibus.
2541 3570 2691 3627 Tunc
2715 3572 2859 3626 enim
2886 3557 3360 3627 consummabitur
3389 3572 3594 3625 bonum

2009 3664 2202 3719 domus
2232 3666 2360 3728 Dei,
2393 3673 2448 3718 et
2485 3663 2808 3718 obtinebitis
2841 3662 2970 3722 illud
3007 3677 3128 3717 cum
3153 3663 3348 3732 gaudio
3371 3671 3425 3716 et
3447 3661 3598 3715 ‘lznli-

2015 3755 2106 3810 tia.
2147 3755 2345 3809 Deinde
2393 3755 2518 3808 date
2571 3752 2802 3807 inﬁrmis
2849 3760 2906 3804 et
2954 3751 3310 3820 pauperibus,
3357 3761 3416 3804 ut
3449 3750 3597 3822 digni

2012 3847 2321 3902 elliciamini
2349 3845 2588 3901 secundo
2619 3843 2816 3915 gaudio
2841 3843 3034 3907 electo,
3067 3844 3208 3912 quod
3233 3853 3318 3898 est
3342 3843 3510 3908 "ﬁdes,
3543 3852 3599 3896 et

2014 3955 2163 4012 spes,
2193 3950 2251 3995 et
2281 3940 2541 4004 charitas,
2574 3948 2628 3994 et
2663 3936 2959 3999 humilitas,
3001 3945 3054 3988 et
3090 3935 3274 4000 timor,
3303 3944 3359 3988 et
3387 3933 3597 3988 discre-

2015 4033 2113 4095 tio,
2154 4041 2210 4086 et
2247 4029 2455 4100 religio,
2501 4038 2557 4083 et
2599 4038 2814 4096 pax,~er
2838 4025 3246 4093 contemplatio,
3287 4033 3344 4079 et
3383 4023 3600 4079 dilectio

2015 4123 2268 4177 fratrum.
2319 4121 2530 4175 Etenim
2575 4121 2884 4190 quicunque
2916 4117 3029 4170 hac
3049 4116 3332 4179 habuerit,
3367 4117 3479 4186 ipse
3516 4126 3600 4171 est

2016 4218 2232 4271 indutus
2283 4225 2435 4267 "veste
2482 4211 2731 4281 nuptiali,
2773 4218 2838 4265 et
2885 4207 3168 4263 ambulans
3207 4208 3268 4262 in
3308 4209 3596 4279 przc'ceptis

2019 4307 2274 4378 Spiritus.
2308 4302 2448 4359 Vere
2471 4303 2689 4372 quidem
2724 4303 2846 4357 dico
2870 4301 3045 4365 vobis,
3081 4301 3294 4361 fratres,
3325 4300 3466 4368 quod
3487 4301 3599 4354 mo-

1943 4422 1989 4480 υ
2019 4365 2088 4454 do
2132 4412 2236 4452 non
2277 4395 2544 4451 concessit
2598 4392 2729 4448 mihi
2772 4391 3037 4445 Dominus
3083 4390 3232 4444 hanc
3285 4365 3618 4444 facultatem.

2017 4491 2121 4546 hoc
2166 4487 2434 4551 faciendi,
2473 4486 2613 4555 quod
2654 4491 2738 4539 est
2761 4482 3043 4553 segregari
3085 4496 3117 4533 a
3169 4479 3483 4536 fratribus:
3521 4479 3602 4534 ’ιί-

2017 4596 2139 4637 meo
2175 4579 2322 4635 enim
2356 4578 2486 4633 illud
2524 4563 2728 4630 facere
2766 4591 2795 4629 a
2833 4573 3154 4643 memetipso
3180 4572 3328 4639 solo,
3364 4573 3480 4627 sine
3507 4585 3602 4626 vo-

2019 4675 2226 4729 luntate
2263 4670 2510 4727 Domini.
2554 4668 2916 4737 Quamobrem
2966 4680 3094 4734 rogo
3126 4680 3241 4730 vos,
3279 4674 3338 4718 ut
3385 4678 3600 4732 perma-

2019 4767 2192 4822 neatis
2226 4764 2278 4819 in
2314 4773 2490 4818 vestra
2513 4761 2829 4816 humilitate
2881 4771 2937 4810 et
2983 4755 3269 4825 patientia,
3321 4762 3380 4807 ut
3412 4762 3602 4809 trans-

2019 4868 2147 4913 eant
2169 4873 2197 4909 a
2228 4853 2684 4923 vobispassiones
2711 4868 2724 4904 :
2759 4848 2958 4919 quippe
3023 4847 3263 4901 boc‘non
3284 4853 3371 4899 est
3395 4853 3604 4914 temlius

2023 4951 2163 5004 banc
2189 4946 2398 5016 petendi
2438 4958 2576 4997 rem.
2608 4939 2712 5007 Qui
2757 4947 2940 4992 autem
2981 4935 3332 5004 proﬁciet,-et
3366 4947 3434 4987 eo
3481 4947 3608 5000 per-

2023 5042 2205 5096 veniet
2238 5048 2300 5093 ut
2330 5039 2438 5092 hoc
2461 5043 2851 5103 consequatur,
2879 5039 3064 5084 certus
3100 5041 3216 5081 sum
3247 5027 3386 5094 quod
3424 5024 3606 5079 Domi-

2027 5145 2126 5184 nus
2160 5142 2312 5182 meus
2355 5126 2408 5180 id
2438 5122 2567 5177 mihi
2595 5120 2894 5182 'revelabit,
2945 5127 3002 5173 et
3039 5113 3366 5183 adimplebit
3406 5113 3458 5166 iu
3512 5112 3598 5167 illo

2027 5235 2178 5276 suam
2204 5218 2399 5273 bonam
2435 5213 2791 5270 voluntatem.
2815 5210 2884 5265 Si
2916 5208 3080 5279 igitur
3121 5205 3284 5260 inhis
3321 5218 3592 5272 permane.

2027 5314 2174 5378 bilis,
2210 5327 2312 5381 pax
2349 5308 2454 5364 erit
2479 5304 2712 5361 vobiset
2757 5300 3134 5366 locisvestris,
3161 5308 3217 5353 et
3241 5297 3492 5353 omnibus
3515 5295 3599 5366 qui

2025 5404 2246 5459 venient
2293 5402 2358 5456 ad
2381 5414 2480 5464 ea,
2525 5407 2581 5454 et
2611 5397 2703 5467 qui
2741 5396 2981 5450 orabunt
3030 5393 3087 5446 in
3137 5391 3220 5446 eis
3279 5390 3335 5445 in
3390 5389 3607 5443 nomine

2030 5492 2262 5551 Domini.
2318 5490 2429 5546 l-loc
2487 5497 2677 5545 autem
2715 5500 2817 5557 pro
2863 5493 3014 5541 certo
3047 5480 3278 5549 habete,
3311 5477 3454 5552 quod
3487 5478 3608 5548 qui-

2459 5643 2483 5668 ἱ
