3990 6210
451 249 590 302 1063

1561 234 1836 291 ΡΔἹῊΕΞ
1876 232 2178 292 ᾸΞΟΥΡἸΙΙ
2221 232 2491 290 SAZCULI
2535 233 2623 289 l\'.

3600 239 3744 293 1066

453 378 666 434 cunque
696 359 1058 417 ambulaverit
1099 355 1398 411 secundum
1430 353 1764 410 voluntatem
1799 353 1891 409 Dei
1923 369 2042 424 qua:
2071 366 2117 424 Α
2145 362 2350 418 autem,
2383 351 2473 421 qui
2510 358 2637 407 sunt
2688 349 2885 405 diaboli
2936 359 2989 404 et
3043 349 3299 414 hominis,
3358 366 3464 406 non
3519 351 3746 408 imtatur

449 455 660 512 dulcior
685 465 767 510 est
797 455 936 516 favo,
987 449 1241 504 omnibus
1267 447 1469 502 referta
1506 445 1747 515 gaudiis;
1780 447 1893 516 ipsa
1924 446 2040 515 opi-

446 545 711 598 tulabitur
760 543 868 606 illi,
922 551 975 595 et
1009 536 1407 596 corroborabit.
1443 547 1498 590 et
1547 536 1812 591 retribuet
1845 537 2040 590 anima:

451 638 598 691 illius
629 651 792 705 opera
825 632 1119 697 mirabilia,
1148 641 1202 685 et
1234 628 1564 699 pra‘parabit
1601 643 1792 682 omnes
1816 628 2039 682 semitas

449 725 677 779 Domino
709 723 967 776 amabiles
1007 737 1190 775 coram
1242 720 1366 784 illo;
1413 733 1510 773 nec
1544 719 1745 788 poterit
1786 729 1916 773 tunc
1958 718 2038 770 nl-

448 817 526 871 lus
559 817 902 870 inimicorum
955 815 1028 867 illi
1085 814 1370 877 obsistere,
1421 827 1485 866 eo
1518 810 1662 881 quod
1696 810 1938 865 ambulat
1984 810 2038 863 in

446 908 723 962 voluntate
768 907 1006 960 Domini.

515 1002 583 1054 At
626 1003 934 1069 quicunque
967 997 1207 1052 ambulat
1260 998 1312 1051 in
1349 1013 1444 1052 sua
1491 995 1789 1062 voluntate,
1841 1001 2037 1064 putans

443 1107 564 1146 esse
596 1092 928 1145 voluntatem
987 1090 1234 1156 Domini,
1291 1089 1515 1144 minime
1571 1088 1645 1142 illi
1701 1086 1844 1140 Dens
1879 1100 2035 1153 opem

443 1183 581 1239 feret
613 1185 662 1236 in
710 1197 1002 1250 quoquam,
1038 1182 1132 1236 sed
1162 1181 1500 1236 daemonibus
1546 1180 1696 1234 illum
1743 1178 2036 1246 relinquet,

443 1275 538 1345 qui
573 1275 898 1328 habitabant
945 1275 996 1326 in
1045 1273 1208 1326 corde
1239 1273 1355 1340 ejus
1393 1282 1553 1326 noctu
1585 1273 1802 1340 diuque,
1836 1279 1889 1323 et
1930 1285 2036 1322 non

444 1369 626 1423 sinent
675 1367 824 1420 illum
865 1367 1162 1436 quidquam
1205 1365 1409 1434 requiei
1461 1361 1742 1428 nancisci;
1786 1378 1907 1415 nam
1943 1377 2040 1416 cor

443 1459 561 1530 ejus
609 1460 1074 1525 obtenebrabitur,
1125 1475 1189 1512 ac
1223 1469 1508 1528 propterea
1540 1457 1673 1512 nihil
1711 1456 1916 1512 videbit
1955 1457 2037 1510 lu-

443 1552 628 1617 minis,
678 1551 937 1620 illumque
995 1553 1348 1622 impotentem
1399 1550 1634 1605 efficient
1668 1550 1722 1604 in
1785 1548 2038 1603 omnibus

443 1645 607 1699 rebus
645 1660 766 1698 eum
807 1644 1052 1700 externis
1103 1657 1214 1698 tum
1251 1645 1506 1710 internis,
1561 1657 1626 1698 eo
1671 1641 1816 1712 quod
1864 1640 2038 1710 gratia

2143 445 2308 510 Deus,
2332 445 2425 498 sed
2458 444 2510 498 in
2548 457 2647 498 suo
2689 451 2922 497 tantum.

2225 537 2375 592 Nunc
2402 552 2570 605 ergo,
2619 537 2816 591 fratres
2862 536 3202 591 dilectissimi
3243 539 3394 591 cordi
3438 552 3562 592 meo
3593 551 3744 591 ama-

2141 630 2301 694 biles,
2357 629 2617 698 inquirite
2691 627 3069 696 vosmetipsos,
3109 638 3164 683 et
3214 630 3613 700 amplectimini
3651 646 3743 682 vo.

2142 724 2408 778 luntatem
2440 722 2574 788 Dei,
2615 731 2670 776 et
2714 715 2932 775 obedite
2980 721 3120 792 patri
3169 733 3378 788 vestro;
3427 739 3555 776 nam
3590 723 3742 779 valde

2140 817 2406 886 deprecor
2436 815 2604 869 Deum
2655 830 2752 883 pro
2786 813 2984 868 vobis:
3039 828 3216 881 neque
3266 813 3601 882 relinquatis
3648 815 3743 865 do-

2140 925 2288 964 mum
2330 919 2569 962 vestram
2609 909 2709 960 sub
2738 906 2925 974 specie
2975 907 3099 960 boni
3152 905 3295 974 quod
3348 919 3477 958 vere
3520 921 3632 958 non
3665 917 3741 956 est

2144 1002 2375 1064 bonum,
2409 1011 2464 1055 et
2495 998 2901 1054 transferamini
2939 999 3004 1052 ad
3047 997 3235 1062 aliam,
3280 999 3374 1051 sed
3421 1007 3747 1067 permanete

2141 1094 2313 1148 donec
2348 1092 2561 1146 veniam
2618 1089 2816 1146 ad‘vos
2855 1105 2954 1160 ope
2997 1090 3243 1152 Domini,
3276 1102 3330 1144 et
3371 1091 3615 1144 indicem
3653 1107 3746 1142 vo-

2141 1184 2244 1250 bis,
2276 1183 2417 1254 quod
2474 1182 2606 1236 utile
2663 1191 2780 1251 est;
2836 1198 2962 1235 nam
3011 1181 3057 1234 si
3111 1181 3162 1234 id
3217 1179 3479 1244 feceritis,
3532 1181 3748 1233 contri-

2143 1276 2362 1330 stabitis
2400 1291 2496 1329 cor
2534 1290 2736 1341 meum,
2775 1286 2829 1328 et
2869 1290 2964 1329 vos
2999 1290 3214 1342 quoque
3255 1275 3744 1328 contristabimini.

2147 1368 2412 1437 Equidem
2447 1367 2636 1421 infelix
2667 1383 2788 1436 ego,
2817 1365 3154 1420 dilectissimi
3197 1367 3298 1418 tnei
3323 1404 3337 1429 ,
3369 1373 3503 1433 puto
3532 1381 3659 1420 esse
3695 1366 3746 1419 in

2143 1474 2229 1512 me
2259 1459 2624 1529 cognitionem
2648 1459 2952 1513 voluntatis
2989 1459 3103 1520 Dei,
3131 1458 3252 1527 plus
3277 1474 3441 1529 quam
3482 1459 3536 1512 in
3564 1461 3744 1521 vobis.

2141 1561 2194 1605 et
2232 1565 2500 1621 cognosco
2549 1550 2901 1604 directionem
2940 1559 3196 1616 vestram,
3246 1564 3417 1618 quare
3461 1553 3748 1620 persi-tite

2147 1645 2198 1698 in
2231 1625 2519 1699 dilectione
2551 1642 2780 1697 fratrum
2807 1655 2862 1697 et
2898 1641 3066 1713 gloria
3098 1652 3297 1707 vestra,
3341 1655 3393 1696 et
3419 1646 3746 1714 perpendite

443 1747 624 1790 careat
649 1754 664 1803 ;
689 1746 744 1791 et
779 1736 883 1790 alia
915 1737 1186 1808 permulta
1229 1737 1396 1789 ardua
1437 1736 1655 1804 quidem
1682 1744 1738 1788 et
1766 1733 2034 1787 laboriosa
2070 1731 2112 1786 Β
2143 1737 2473 1792 voluntatem
2512 1736 2626 1790 Dei.
2666 1735 2777 1789 Iloc
2813 1735 2960 1789 enim
2997 1734 3137 1789 haud
3179 1733 3282 1788 vile
3311 1746 3412 1800 est,
3466 1737 3744 1791 hominem

445 1829 521 1884 illi
567 1832 846 1896 inducent,
905 1849 1025 1902 quin
1062 1845 1325 1885 enarrare
1385 1845 1491 1884 non
1543 1829 1716 1884 valeo.
1774 1829 1838 1882 Et
1884 1827 2034 1881 multi

444 1937 576 1976 sane
613 1925 820 1993 decepti
853 1933 978 1978 sunt
1007 1924 1107 1978 hac
1143 1923 1205 1977 de
1251 1937 1413 1976 causa
1457 1921 1528 1976 ob
1557 1936 1710 1975 suam
1743 1917 2034 1972 stultitiam

450 2025 612 2084 atque
645 2015 1091 2084 imprudentiam,
1149 2024 1203 2069 et
1246 2013 1544 2068 illudebaut
1601 2012 1850 2067 fidelibus
1891 2021 2037 2065 recte

449 2107 502 2161 in
533 2107 1166 2176 mediogambulantibus.

518 2198 610 2252 Sic
641 2199 837 2251 accidit
868 2197 1004 2267 patri
1042 2209 1229 2251 nostro
1263 2197 1440 2266 primo
1484 2195 1608 2250 Eva:
1648 2193 1923 2251 obedienti
1967 2195 2036 2250 ob

444 2303 599 2344 suam
635 2289 1090 2358 imprudentiam;
1125 2305 1246 2342 nam
1278 2289 1385 2342 Eva
1415 2289 1642 2358 decepta
1673 2287 1776 2342 fuit
1816 2303 1912 2342 sua
1945 2288 2034 2342 im-

446 2379 756 2448 prudentia,
808 2379 1233 2434 immortalitatis
1275 2389 1330 2433 et
1359 2378 1722 2433 deificatiouis
1772 2377 2037 2432 aviditate

446 2483 621 2540 eapta,
654 2487 776 2526 cum
820 2487 940 2526 sese
975 2471 1232 2526 celaverit
1283 2470 1529 2527 diabolus
1569 2471 1669 2526 sub
1696 2471 1880 2541 specie
1916 2486 2038 2526 scr-

448 2563 647 2632 pentis,
689 2569 743 2616 et
766 2561 978 2616 locutus
1011 2563 1082 2616 sit
1117 2577 1240 2617 cum
1278 2561 1391 2626 illa,
1424 2573 1682 2630 tanquam
1718 2562 1927 2616 amicus
1956 2562 2039 2615 di-

445 2669 616 2710 cens:
653 2653 709 2708 Si
743 2655 1089 2709 comederitis
1117 2671 1182 2710 ex
1229 2655 1333 2709 hac
1367 2655 1584 2719 arbore,
1635 2654 1788 2709 eritis
1835 2654 1944 2719 dii,
1987 2663 2042 2707 et

446 2762 556 2800 non
607 2747 916 2800 moriemini
965 2745 1009 2800 ⁸.
1055 2746 1184 2812 Qua:
1223 2747 1439 2814 quidem
1476 2763 1598 2800 cum
1636 2757 1780 2800 esset
1833 2749 2040 2815 impru-

448 2838 582 2892 dens
610 2849 774 2907 atque
803 2839 1152 2892 discretionis
1187 2852 1404 2907 expers,
1448 2837 1632 2890 statim
1683 2845 1849 2906 atque
1882 2837 2032 2890 audi-

446 2930 525 2984 vit
555 2930 893 2985 divinitatem
929 2941 984 2984 et
1015 2929 1507 2993 immortalitatem,
1541 2944 1644 2982 non
1691 2928 2042 2996 investigavlt

447 3024 514 3080 de
559 3039 624 3080 eo
656 3023 798 3094 quod
835 3023 937 3078 sibi
987 3023 1188 3078 dictum
1229 3031 1370 3086 erat,
1405 3021 1496 3076 sed
1543 3020 1756 3090 abjecta
1789 3037 1817 3073 a
1859 3036 1918 3075 se
1948 3036 2041 3076 vo-

451 3114 661 3170 luntate
703 3114 948 3180 Domini,
989 3124 1314 3183 pra-ceptum
1356 3111 1450 3166 Dei
1486 3109 1668 3181 fregit.
1719 3119 1775 3164 et
1818 3111 2038 3166 seducta

447 3217 555 3268 est.
587 3217 643 3262 et
688 3207 904 3261 seduxit
934 3205 1142 3271 Adam;
1177 3214 1233 3259 et
1270 3205 1396 3259 facti
1431 3213 1556 3257 sunt
1599 3211 1722 3269 post
1749 3202 2041 3256 exultatio-

445 3291 567 3353 nem
602 3299 748 3353 illam
788 3299 1081 3366 insignem,
1121 3299 1171 3352 in
1220 3299 1320 3352 hac
1360 3296 1682 3350 infelicitate
1715 3297 1852 3349 adeo
1883 3294 2040 3348 dissi-

445 3388 596 3453 mili,
655 3389 784 3456 quia
834 3389 1107 3441 adversati
1161 3399 1288 3441 sunt
1337 3387 1600 3440 voluntati
1657 3387 1891 3439 Domini.
1953 3386 2040 3438 Si-

445 3480 572 3534 tnile
596 3521 612 3546 ,
659 3479 1003 3548 dilectissimi
1035 3480 1174 3541 mei,
1222 3493 1349 3532 vere
1379 3479 1595 3531 eveniet
1626 3477 1699 3532 illi
1732 3479 1824 3546 qui
1868 3477 2042 3547 rejicit

444 3586 472 3622 a
503 3585 559 3622 se
595 3567 927 3623 voluntatem
969 3569 1221 3632 Domini,
1274 3578 1327 3622 et
1375 3568 1504 3622 facit
1536 3567 1871 3623 voluntatem
1917 3584 2039 3622 cor-

445 3662 529 3716 dis
556 3660 638 3715 sui
675 3683 686 3714 :
717 3672 770 3715 et
802 3661 1115 3731 implebitur
1151 3661 1216 3715 de
1262 3661 1352 3714 illo
1381 3661 1583 3715 dictum
1630 3660 1939 3715 Salomonis
1986 3661 2038 3715 in

444 3753 807 3808 Proverbiis:
863 3752 1028 3805 Putat
1099 3754 1237 3822 quod
1298 3753 1380 3806 vin
1435 3753 1526 3805 illa
1585 3754 1652 3806 sit
1709 3765 1869 3818 recto,
1923 3769 2040 3806 cum

443 3844 564 3911 ﬁnis
608 3844 722 3911 ejus
789 3843 1047 3896 conducat
1104 3842 1172 3894 nd
1248 3841 1574 3909 profundum
1643 3840 1932 3910 inferorum
1993 3839 2036 3891 ⁵.

445 3931 644 3987 Notum
687 3933 852 3988 etiam
904 3933 1055 3986 vobis
1112 3932 1250 3986 facio
1301 3929 1576 3985 diabolum
1631 3932 1714 3986 his
1768 3930 2038 3984 similibus

446 4027 702 4094 gaudium
747 4025 1027 4080 insinuare
1077 4034 1132 4078 ct
1178 4023 1455 4090 ltetitiam;
1513 4039 1635 4078 cum
1679 4039 1781 4076 non
1817 4022 1888 4076 sit
1935 4023 2040 4090 ita,

445 4118 536 4171 sed
569 4125 694 4170 sunt
743 4131 944 4171 inmror
972 4131 1022 4170 et
1072 4117 1334 4170 mmstitia
1388 4126 1441 4171 ct
1477 4115 1657 4182 fletus,
1711 4117 1970 4184 quoniam
2009 4134 2039 4168 a

446 4207 556 4262 Deo
588 4222 692 4262 non
743 4216 903 4276 sunt;
951 4224 1074 4264 cum
1115 4208 1369 4280 gaudium
1409 4209 1553 4280 quod
1601 4224 1632 4263 a
1681 4209 1788 4264 Deo
1825 4219 1943 4273 cst,
1988 4218 2043 4262 et

445 4299 632 4354 laetitia
661 4298 736 4353 illi
769 4300 872 4354 soli
905 4300 1198 4365 (labuntur,
1247 4301 1339 4371 qui
1387 4301 1514 4357 totis
1554 4300 1764 4355 laborat
1796 4301 2038 4366 viribus,

444 4402 500 4447 et
536 4393 885 4462 semetipsum
945 4393 1221 4462 ccinpellt
1273 4403 1436 4462 atque
1485 4393 1630 4464 cogit
1664 4393 1728 4447 ad
1766 4395 2040 4448 sustinen-
2073 4423 2115 4477 ο

446 4487 571 4541 dum
610 4488 766 4540 bonis
806 4486 858 4539 in
894 4486 1174 4554 operibus,
1209 4497 1264 4539 et
1301 4486 1725 4542 abscindendam
1761 4489 2032 4556 propriam

449 4578 800 4640 voluntatem,
845 4585 900 4629 et
942 4575 1274 4630 voluntatem
1317 4575 1528 4630 Domini
1576 4577 2031 4646 amplectendam.

445 4671 509 4727 Et
547 4672 672 4741 quia
713 4669 924 4724 locutus
964 4684 1082 4724 sum
1127 4669 1194 4724 de
1229 4668 1508 4725 voluntate
1537 4669 1628 4725 Dei
1664 4682 1719 4726 et
1751 4671 1816 4725 de
1842 4671 2036 4724 volun-

448 4773 558 4819 tate
616 4763 918 4830 hominum,
979 4766 1222 4831 quazdam
1271 4761 1375 4816 alia
1424 4763 1576 4818 vobis
1616 4772 1741 4819 nota
1788 4763 2029 4818 faciant:

447 4856 586 4923 quod
617 4855 866 4909 videlicet
912 4853 1160 4908 voluntas
1190 4870 1308 4924 qua:
1337 4866 1593 4923 operatur
1637 4856 1689 4910 in
1722 4859 1886 4911 corde
1936 4858 2034 4910 ho-

448 4946 632 5013 minis,
667 4946 736 4999 sit
785 4945 1016 5015 triplicis
1069 4946 1210 5000 modi
1249 4964 1262 5000 :
1305 4947 1448 5017 quod
1507 4947 1664 5002 multi
1698 4947 1916 5016 quidem
1968 4963 2033 5002 ex

449 5039 730 5093 monachis
754 5049 810 5092 et
842 5037 1146 5108 virginibus
1179 5038 1401 5094 minimc
1437 5040 1799 5109 perpendunt,
1841 5040 2030 5110 paucis

444 5131 688 5201 exceptis
714 5131 804 5201 qui
835 5131 946 5198 jam
995 5130 1387 5186 laboraverunt
1436 5133 1487 5186 in
1532 5133 1744 5203 magnis
1774 5132 2033 5187 certami-

451 5226 627 5288 uibus,
685 5235 741 5280 et
790 5225 1153 5280 consummati
1208 5235 1336 5280 sunt
1392 5227 1443 5279 in
1498 5225 1876 5280 diseretione:
1943 5225 2028 5278 isti

448 5316 707 5370 duntaxat
735 5317 835 5372 hoc
865 5317 1140 5387 pensitant
1176 5335 1188 5370 :
1232 5319 1496 5388 scriptum
1537 5317 1682 5371 enim
1729 5330 1832 5383 est,
1887 5317 2028 5386 quod

449 5420 569 5460 esca
611 5406 766 5464 fortis
793 5407 867 5463 sit
911 5409 1163 5464 fortibus.
1201 5407 1414 5466 Primus
1453 5408 1647 5463 modus
1693 5417 1776 5462 est
1815 5422 1881 5462 cx
1916 5409 2032 5460 dia-

446 5496 590 5565 bolo,
629 5501 764 5556 alter
807 5515 873 5556 ex
899 5501 1136 5568 homine,
1180 5501 1372 5557 tertius
1417 5516 1482 5556 ex
1532 5500 1662 5556 Deo.
1709 5498 1767 5555 ιη
1820 5499 2028 5583 duobus

517 5692 536 5722 ‘
569 5693 703 5752 Gcn.
742 5711 832 5762 tit,
878 5699 909 5755 4
945 5717 1063 5771 sqq.
1158 5703 1368 5783 ηδιον.
1407 5719 1517 5772 xw,
1563 5703 1644 5760 12.

2133 1831 2336 1901 jugiter
2367 1830 2460 1884 Dei
2500 1830 2835 1900 perpendere
2886 1829 3217 1883 voluntatem
3267 1831 3319 1882 in
3353 1831 3635 1886 omnibus.
3680 1831 3746 1885 Et

2140 1939 2267 1978 vcre
2307 1923 2430 1978 dico
2465 1924 2654 1988 vobis,
2713 1923 2816 1978 nisi
2869 1923 3151 1992 reliquerit
3201 1924 3365 1977 homo
3415 1933 3588 1977 totam
3626 1908 3743 1976 ’τοι

2140 2011 2403 2067 luntatern
2446 2015 2628 2068 cordis
2660 2011 2778 2078 sui,
2813 2022 2867 2067 et
2906 2011 3200 2082 subiecerit
3240 2028 3299 2068 se
3345 2014 3398 2066 in
3446 2013 3745 2076 cronibus,

2137 2116 2193 2160 et
2229 2105 2490 2174 repulerit
2533 2122 2562 2159 a
2607 2122 2665 2160 se
2715 2115 2940 2160 cunctas
2990 2105 3209 2160 divitias
3257 2114 3313 2160 et
3365 2108 3747 2175 possessiones

2139 2211 2288 2261 suas,
2325 2206 2381 2250 et
2421 2197 2694 2252 obedierit
2745 2197 3002 2262 Domino,
3038 2196 3301 2252 obediens
3345 2198 3599 2267 patribus
3632 2200 3748 2254 suis

2143 2289 2556 2358 spiritualibns;
2598 2305 2772 2359 neque
2801 2290 3001 2359 poterit
3034 2289 3372 2359 perpendere
3405 2290 3741 2346 voluntatem

2142 2380 2272 2445 Dei,
2334 2396 2514 2450 neque
2556 2381 2702 2435 illam
2738 2381 2941 2447 facere,
2991 2391 3045 2436 et
3095 2382 3398 2452 privabitur
3438 2385 3741 2440 novissima

2143 2471 2548 2526 benedictione.
2614 2473 2887 2526 Abraham
2966 2473 3113 2528 enim
3177 2490 3300 2527 cum
3370 2473 3746 2533 benedixissct

2155 2563 2327 2629 Isaae,
2360 2564 2436 2616 ait
2473 2563 2546 2616 illi
2582 2581 2594 2617 :
2639 2564 2783 2618 Deus
2815 2579 2966 2619 meus
2996 2566 3315 2621 corroboret
3356 2576 3428 2631 te,
3473 2577 3533 2621 ut
3575 2566 3746 2622 facias

2143 2657 2478 2714 voluntatem
2512 2659 2647 2729 ejus.
2681 2659 2804 2713 Pari
2841 2661 3052 2716 ratione
3090 2661 3178 2716 ille
3215 2662 3306 2731 qui
3334 2663 3608 2718 obedierit
3645 2679 3746 2734 pa-

2146 2749 2321 2804 tribus
2355 2750 2471 2803 suis
2505 2751 2908 2818 spiritualibus,
2953 2753 3003 2806 in
3037 2754 3290 2807 omnibus
3342 2752 3504 2809 faciet
3542 2755 3744 2809 volun-

2149 2852 2314 2896 tatem
2357 2843 2473 2898 Dei.
2515 2843 2606 2898 Sic
2647 2853 2800 2912 pater
2835 2854 3020 2899 noster
3048 2847 3286 2916 optimus
3318 2845 3484 2901 Jacob
3513 2848 3747 2902 benedi-

2144 2943 2264 2988 ctus
2307 2942 2391 2989 est
2427 2949 2455 2987 a
2502 2944 2655 3004 patre
2700 2951 2800 2990 suo
2844 2935 2992 2991 Isaac
3027 2939 3096 2992 ob
3138 2937 3366 2992 nimiam
3419 2955 3576 2993 suam
3613 2940 3746 2994 obe-

2147 3025 2409 3080 dientiam
2443 3027 2763 3095 parentibus
2790 3029 3124 3094 prmstitam;
3159 3039 3213 3084 ct
3260 3029 3654 3084 habitaverunt
3685 3032 3740 3084 in

2147 3132 2212 3172 eo
2257 3119 2509 3180 virtutes,
2555 3118 2679 3186 quia
2719 3121 2937 3189 utrique
2996 3121 3306 3184 obediebat,
3357 3133 3413 3176 et
3459 3123 3746 3192 utriusque

2143 3195 2382 3264 faciebat
2413 3211 2794 3276 voluntatem,
2847 3211 3005 3266 sicuti
3059 3223 3392 3267 memoratur
3433 3216 3498 3268 de
3546 3214 3638 3268 illo
3688 3216 3743 3268 in

2145 3299 2278 3369 lege.
2325 3300 2458 3354 Cum
2493 3311 2675 3356 autem
2727 3311 2904 3357 mater
2947 3303 3064 3372 ejus
3108 3304 3337 3360 dixisset
3380 3307 3429 3361 ci
3463 3318 3592 3361 ante
3621 3307 3746 3361 obi-

2146 3399 2258 3443 tum
2286 3390 2456 3459 patris
2493 3390 2665 3456 illius,
2699 3401 2752 3445 et
2787 3405 2909 3446 eum
2948 3395 3252 3462 accepisset
3295 3397 3362 3449 ab
3393 3397 3483 3449 illo
3518 3398 3744 3450 benedi-

2144 3478 2404 3541 ctionem,
2456 3489 2512 3532 ut
2548 3481 2652 3535 iret
2700 3483 2750 3536 in
2802 3481 3246 3553 Mesoliotamiam
3280 3493 3548 3557 essetque
3593 3490 3736 3556 apud

2144 3572 2440 3638 patruelem
2477 3585 2634 3652 suum
2685 3572 2866 3628 Laban
2903 3574 3050 3644 (quia
3100 3576 3274 3632 frater
3315 3578 3436 3648 ejus
3473 3580 3617 3634 Esau
3651 3597 3746 3635 vo-

2144 3660 2292 3716 lebat
2325 3678 2447 3716 cum
2493 3663 2828 3735 interficere)
2859 3683 3171 3738 quanquam
3210 3671 3324 3741 ipse
3353 3673 3480 3729 illuc
3511 3689 3740 3746 pergere

2146 3769 2252 3808 non
2291 3765 2503 3822 optaret
2547 3757 2905 3828 relinquendo
2949 3774 3205 3831 parentes
3239 3781 3388 3830 suos.
3437 3767 3560 3822 illos
3598 3769 3744 3822 enim

2145 3845 2431 3916 diligebat,
2474 3849 2683 3918 ipsique
2736 3851 2918 3919 illum;
2982 3855 3334 3912 nihilominus
3376 3860 3647 3924 obedivit,
3693 3873 3745 3914 ct

2144 3939 2559 4008 obtemperavit,
2610 3951 2665 3994 et
2699 3945 2939 4009 perrexit
2979 3947 3047 4002 ad
3106 3947 3281 4003 locum
3335 3949 3487 4004 illum
3533 3951 3748 4023 longin-

2145 4048 2334 4101 quum,
2369 4045 2421 4089 et
2450 4039 2515 4089 ad
2549 4047 2748 4092 terram
2783 4056 2946 4110 quam
2979 4043 3282 4112 ignorabat,
3320 4055 3373 4098 et
3400 4062 3505 4099 non
3529 4049 3744 4101 obstitit

2146 4116 2411 4172 voluntati
2445 4124 2636 4176 matris
2668 4139 2803 4190 suae,
2845 4128 2939 4180 sed
2983 4128 3188 4183 dimisit
3221 4131 3552 4185 desiderium
3583 4148 3741 4186 suum

2146 4219 2198 4262 ct
2227 4210 2582 4277 voluntatem,
2613 4223 2674 4268 ut
2713 4232 2872 4287 a‘quo
2901 4234 3020 4272 eam
3059 4219 3222 4275 faciat
3254 4221 3459 4288 animo,
3498 4234 3554 4278 et
3589 4240 3746 4277 cona-

2150 4308 2233 4353 tus
2273 4312 2355 4355 est
2405 4313 2516 4358 toto
2549 4305 2650 4360 hoc
2693 4319 2914 4375 conatu,
2966 4319 3024 4364 ut
3059 4324 3540 4367 consummaretur
3581 4329 3744 4384 super

2148 4393 2294 4447 illum
2321 4394 2631 4452 benediCtio
2663 4412 2953 4468 parentum
2984 4419 3232 4458 suorum.
3264 4403 3546 4474 Scriptum
3590 4407 3736 4462 enim

2143 4493 2226 4539 est
2260 4488 2402 4555 quod
2452 4487 2746 4544 benedictio
2774 4503 2987 4559 patrum
3029 4495 3361 4562 confirmabit
3389 4497 3572 4550 domos
3600 4499 3746 4564 ﬁlio-

2139 4596 2256 4633 rum
2314 4583 2356 4637 ‘.
2409 4581 2536 4637 Mihi
2589 4597 2770 4640 autem
2831 4589 3143 4644 nuntiatum
3200 4599 3302 4654 est,
3355 4591 3615 4658 quosdam
3657 4609 3750 4646 ve-

2139 4682 2316 4727 strum
2368 4691 2634 4742 asserere,
2672 4681 2816 4747 quod
2868 4679 3039 4735 .Iaeob
3086 4697 3192 4736 non
3248 4683 3469 4752 fugisset
3509 4697 3608 4735 sua
3651 4701 3749 4737 vo-

2093 4805 2106 4808 -
2138 4763 2374 4832 luntate,
2403 4768 2496 4820 sed
2537 4784 2631 4821 sua
2665 4769 2973 4826 obedientia
3001 4790 3016 4840 ;
3055 4773 3287 4843 ideoque
3327 4773 3628 4828 auxiliatos
3661 4789 3747 4830 est

2139 4855 2212 4910 illi
2245 4856 2407 4922 Deus,
2442 4873 2505 4912 ac
2548 4872 2746 4927 praesto
2796 4863 2873 4918 illi
2929 4863 3031 4918 fuit
3077 4864 3128 4919 in
3161 4867 3415 4921 omnibus

2137 4959 2220 5002 cst
2251 4947 2419 5014 clam,
2453 4949 2766 5022 palamque.

2207 5038 2360 5095 Nunc
2397 5042 2582 5112 igitur,
2618 5045 2956 5100 dilectissimi
2993 5049 3136 5112 mei,
3175 5049 3246 5104 sit
3283 5052 3549 5104 memoria
3578 5049 3741 5104 Jaeob

2137 5131 2361 5204 ejusque
2434 5137 2696 5192 similium
2748 5140 2889 5209 apud
2951 5156 3080 5207 vos,
3133 5151 3187 5196 et
3249 5143 3301 5194 in
3343 5142 3738 5211 vobismctipsis

2137 5226 2254 5280 sine
2290 5227 2699 5284 intermissione
2740 5249 2752 5285 :
2797 5242 2850 5285 et
2878 5233 3243 5287 exterminate
3269 5247 3300 5287 e
3341 5234 3622 5288 mentibus
3651 5251 3738 5285 ve-

2137 5317 2284 5382 stris,
2315 5320 2458 5388 quod
2514 5321 2578 5375 d3
2630 5323 2784 5378 vobis
2820 5323 3025 5378 audivi.
3078 5325 3220 5378 Deus
3263 5323 3412 5378 enim
3457 5340 3566 5379 non
3613 5325 3741 5378 oioti.

2139 5411 2378 5468 viscctur
2404 5413 2651 5468 laborum
2680 5425 3014 5482 vestrorum,
3051 5430 3224 5486 neque
3265 5424 3461 5470 vestrae
3503 5430 3743 5470 renume-

2141 5504 2386 5561 rationis.
2425 5503 2560 5560 Nam
2614 5506 2874 5563 Dominus
2927 5517 3132 5574 noster,
3182 5507 3268 5562 cui
3314 5506 3516 5578 gloria,
3569 5505 3744 5562 neuti-

3452 4886 3465 4922 :
3513 4871 3611 4922 sed
3647 4875 3744 4923 hoc

1749 5704 1767 5735 °
1800 5702 1964 5758 Eccli.
2008 5719 2085 5768 nt,
2135 5701 2216 5756 ll.
