3990 6210
349 280 486 337 1065

1110 274 1167 328 S.
1212 270 1492 328 ANTONII
1532 269 1602 325 Μ.
1644 268 1934 327 ABBATIS
1974 272 2278 331 REGULAZ
2316 273 2403 329 ET
2438 273 2846 332 ΡΒᾹΞΟΕΡΤΛ.

3468 267 3624 331 tuus

341 413 506 470 quam
536 393 693 459 dixit,
724 392 871 463 quod
900 389 1268 447 remuneratio
1297 390 1386 446 hic
1412 389 1575 453 foret,
1617 389 1710 446 sed
1755 396 1932 444 tcuta-
1957 395 2005 452 Α
2033 388 2149 458 ejus
2192 389 2504 446 benedictio
2535 389 2588 444 in
2622 391 2795 457 vobis,
2828 399 2883 446 et
2911 389 3301 446 nanciscamiui
3341 393 3605 461 requiem,

341 488 540 551 tiones,
580 492 637 537 et
681 479 970 552 angustiae,
1019 488 1077 533 et
1119 476 1360 542 labores,
1399 488 1455 533 et
1501 491 1804 545 maerores;
1852 477 1925 533 ibi

341 591 472 630 vero
516 570 900 630 remuneratio.
943 567 1070 624 Haec
1117 569 1317 639 quippe
1352 568 1463 623 vita
1510 578 1595 624 est
1641 569 1729 623 via
1776 567 1929 624 labo-

343 682 465 723 rum
527 674 580 721 et
639 663 1021 719 teutationum.
1081 661 1140 716 Si
1198 670 1379 715 autem
1431 660 1821 727 sustinueritis,
1875 670 1930 716 et

342 758 714 823 obediveritis,
755 765 817 825 et,
851 754 1367 824 obtemperaveritis
1405 754 1661 812 Patribus
1704 756 1925 823 vestris,

346 851 610 921 optimam
650 847 839 903 reddet
885 845 1038 900 vobis
1085 845 1343 901 Dominus
1389 846 1925 915 remunerationem;

345 951 401 994 et
439 939 527 994 hic
573 947 657 993 est
700 937 872 1001 labor,
909 935 1001 1005 qui
1042 946 1379 991 memoratur
1429 952 1614 993 coram
1671 937 1925 994 Domino.

346 1033 457 1102 Ego
489 1040 665 1086 autem
701 1029 892 1085 infelix
936 1028 1097 1084 Pater
1129 1037 1310 1085 vester
1343 1029 1523 1085 indico
1560 1031 1741 1097 vobis,
1791 1033 1928 1089 dile-

343 1122 567 1179 ctissimi
614 1120 751 1188 mei,
802 1119 1078 1192 quomodo
1114 1119 1355 1176 laboravi
1408 1121 1463 1176 in
1514 1123 1822 1190 montibus,
1872 1135 1929 1180 et

342 1212 742 1277 solitudinibus,
777 1220 836 1267 et
882 1213 1069 1284 rogavi
1102 1221 1268 1267 noctu
1317 1211 1539 1284 diuque,
1590 1222 1645 1269 ut
1690 1215 1929 1285 aperiret

344 1304 477 1361 mihi
530 1302 792 1358 Dominus
829 1317 984 1358 suam
1041 1302 1412 1369 voluntatem;
1454 1314 1511 1358 et
1555 1320 1664 1359 non
1713 1306 1929 1376 aperuit

345 1396 475 1452 mihi
516 1395 830 1467 quidquam,
878 1394 1052 1449 donec
1104 1393 1317 1450 obedivi
1374 1394 1631 1450 Patribus
1685 1397 1820 1452 meis
1872 1398 1924 1452 itt

343 1488 615 1555 onmilms,
647 1495 702 1542 et
740 1495 1070 1542 consecutus
1102 1501 1221 1541 sum
1266 1485 1430 1557 hujus
1464 1488 1829 1559 cognitionem
1858 1489 1927 1545 ab

344 1580 467 1634 illis.
502 1577 636 1632 Nam
667 1578 757 1648 qui
788 1575 1041 1632 Patribus
1066 1576 1252 1632 obedit
1281 1577 1419 1643 suis,
1445 1575 1680 1635 Domino
1704 1578 1923 1646 obedit;

341 1671 433 1742 qui
462 1678 644 1724 autem
688 1667 874 1726 obedit
926 1666 1179 1736 Domino,
1229 1670 1344 1738 ipse
1380 1671 1495 1726 suis
1524 1670 1705 1726 obedit
1751 1669 1927 1725 Patri-

343 1763 479 1829 bus;
535 1760 628 1831 qui
692 1774 819 1815 vero
879 1774 985 1816 non
1016 1761 1203 1816 obedit
1234 1761 1348 1817 suis
1386 1760 1664 1829 Patribus,
1696 1763 1927 1818 Domino
1959 1742 2000 1796 Β

344 1870 451 1909 non
490 1854 694 1910 obedit.
754 1853 1098 1911 Dilectissimi
1155 1855 1258 1911 mei
1311 1855 1365 1911 in
1414 1854 1666 1925 Domino,
1712 1857 1930 1913 obedite

344 1946 494 2003 Patri
524 1957 702 2004 vestro
731 1949 786 2004 itt
829 1949 896 2006 iis
927 1965 1046 2021 qua:
1078 1949 1298 2021 scripsit
1328 1950 1506 2018 vobis,
1557 1961 1616 2007 ut
1657 1949 1929 2008 inhabitet

2039 491 2093 538 et
2134 484 2388 553 gratiam,
2421 492 2476 538 et
2504 481 2901 550 fortitudinem,
2947 493 3001 539 et
3035 483 3283 555 gloriam,
3327 493 3381 538 et
3421 482 3607 539 faciles

2030 574 2222 629 reddat
2268 574 2528 631 Dominus
2570 576 2686 631 vias
2710 583 2939 631 vestras.
2974 576 3041 631 Et
3067 590 3196 632 ecce
3223 576 3332 647 iam
3369 576 3602 633 indicari
3650 640 3653 641 ν

2031 665 2184 720 vobis
2215 664 2484 736 duplicem
2511 665 2660 720 viam
2690 666 2870 736 operis
2911 666 3159 737 corporei
3207 677 3262 723 et
3306 668 3606 737 spiritualis

2031 753 2086 809 in
2113 755 2213 810 ista
2242 755 2493 825 epistola,
2523 764 2578 810 et
2609 770 2897 825 corporeas
2921 757 3316 815 obluctationes
3341 767 3396 814 et
3419 759 3608 816 diabo-

2030 846 2161 901 licas
2184 889 2199 913 ,
2249 855 2307 899 ttt
2343 845 2580 911 faciatis,
2614 854 2670 901 et
2698 848 2942 911 certetis.
2979 857 3032 904 et
3069 851 3477 921 consequamini
3508 851 3606 906 be-

2030 938 2388 994 nedictionem
2444 939 2840 1006 novissimam,
2896 949 2950 995 et
3015 942 3280 997 inhabitet
3340 943 3393 998 iu
3450 945 3608 999 vobis

2030 1030 2201 1098 gratia
2240 1044 2452 1099 magna.
2487 1028 2553 1084 Et
2585 1046 2692 1101 pax
2724 1033 2978 1088 omnibus
3010 1035 3162 1090 vobis
3187 1044 3243 1090 et
3270 1035 3415 1090 salus
3444 1052 3474 1090 a
3503 1038 3604 1091 Do-

2030 1119 2178 1174 mino
2217 1119 2346 1175 Jesu
2384 1120 2604 1177 Christo
2647 1123 2720 1177 sit
2744 1124 3027 1193 spiritibus
3056 1126 3257 1181 vestris
3287 1126 3604 1190 humilibus.

2028 1220 2083 1265 et
2113 1209 2530 1280 cogitationibus
2567 1211 2782 1276 vestris,
2825 1223 2875 1267 et
2922 1213 3179 1269 cordibus
3222 1215 3419 1270 vestris
3458 1231 3608 1269 muno

2029 1299 2148 1368 dis;
2185 1314 2309 1355 nam
2352 1300 2660 1358 benedimio
2694 1303 2838 1358 illius
2872 1302 3141 1359 inhabitat
3179 1304 3230 1359 in
3270 1306 3417 1361 omni
3463 1305 3606 1370 loco,

2030 1394 2082 1448 in
2112 1409 2222 1465 quo
2268 1403 2353 1450 est
2387 1395 2691 1452 humilitas.
2742 1395 2809 1451 Et
2853 1396 3083 1452 Domino
3142 1407 3327 1453 nostro
3375 1397 3514 1463 laus,
3554 1409 3611 1452 et

2029 1481 2224 1551 gloria,
2264 1491 2319 1538 et
2345 1484 2519 1539 honor
2544 1484 2612 1539 ab
2639 1485 2895 1542 omnibus
2939 1485 3318 1551 rationalibus,
3365 1497 3420 1542 et
3460 1487 3609 1542 Patri

2028 1587 2148 1638 suo,
2178 1582 2232 1628 et
2264 1574 2488 1644 Spiritui
2523 1589 2622 1631 suo
2656 1586 2867 1641 sancto,
2894 1590 2961 1632 ex
2985 1591 3131 1632 nunc
3158 1585 3214 1632 et
3244 1576 3296 1631 in
3320 1589 3627 1633 aeternum»

2028 1663 2223 1718 Amen.

2037 1771 2318 1845 Completa:
2368 1786 2489 1831 sunt
2517 1777 2701 1845 viginti
2731 1775 2988 1844 Epistolw
3017 1792 3083 1831 ea:
3110 1778 3267 1831 dictis
3304 1778 3482 1832 Patris
3513 1795 3611 1833 no-

2102 1847 2205 1968 :‘tri
2248 1844 2308 1899 S.
2358 1844 2607 1913 Antonii,
2662 1847 2815 1916 cujus
2846 1849 3111 1902 orationes
3153 1849 3256 1902 siut
3314 1848 3604 1904 nobiscum.

2155 1931 2288 1967 nteit.
2504 1956 2507 1957 ν

2155 1931 2288 1967 meti.

1248 2250 1367 2311 EX
1406 2250 1819 2313 EPISTULA
1860 2251 2258 2319 AMMONIS
2296 2255 2713 2323 EPISCOI’I.

916 2380 923 2385 1
979 2412 1131 2481 Apud
1170 2411 1554 2498 Bollattdianos
1586 2414 1641 2468 in
1678 2415 1821 2468 Actis
1862 2411 1963 2473 SS.
2005 2414 2157 2486 Maii,
2201 2428 2327 2473 tam.
2371 2419 2479 2487 Il’,
2520 2440 2676 2493 pagg.
2714 2423 2938 2479 70-555.

346 2702 432 2773 Τῷ
457 2704 742 2777 iii-uana}:
780 2702 889 2772 υίῷ
928 2706 1202 2831 θεοδιῗρφ
1246 2708 1549 2776 Ἀντώνιος
1597 2710 1668 2765 ἐν
1722 2710 1920 2779 Κυρίῳ

1010 2793 1086 2831 γα
1111 2795 1254 2831 οειν.

1006 2793 1254 2847 χαίρειν.

410 2869 501 2940 Τῷ
549 2869 818 2942 ἀγαπητῷ
864 2868 966 2940 υἱῷ
1019 2868 1280 2943 Θεοδώρῳ
1318 2868 1603 2935 Ἀντώνιος
1641 2871 1698 2925 ἐν
1729 2871 1920 2957 Κυρίρ

337 2958 571 3032 χαίρειν.
611 2961 796 3034 ’ᾙδειν
825 2960 925 3033 μὲν
960 2962 1041 3016 ὅτι
1072 2962 1133 3015 ού
1165 2961 1241 3034 μὴ
1266 2962 1483 3035 ποιήσει
1509 2962 1715 3035 Κύριος
1736 2963 1765 3017 ὀ
1789 2963 1922 3029 Θεὸς

2030 2709 2233 2767 Dilecto
2275 2710 2390 2780 [ilio
2432 2708 2704 2766 Theodoro
2762 2710 3024 2765 Antonius
3075 2710 3130 2764 itt
3184 2710 3412 2770 Domino
3460 2717 3611 2771 sum.

2751 2791 2872 2836 tem.

2078 2868 2305 2927 'Dilcclo
2327 2870 2435 2927 lilio
2451 2870 2737 2927 Theodoro
2751 2871 3016 2929 Antonius
3053 2873 3105 2928 in
3141 2872 3360 2930 Christo
3382 2876 3608 2932 saluum

2028 2969 2083 3014 et
2105 2961 2382 3031 gaudium.
2426 2960 2677 3017 Sciebam
2704 2963 2955 3031 equidem
2985 2963 3186 3018 nullant
3211 2980 3238 3019 a
3274 2965 3500 3021 Domino
3529 2964 3609 3020 fa-

337 3055 593 3128 πρᾶγμα,
625 3055 720 3108 ἐὰν
744 3054 818 3127 μὴ
843 3052 1186 3125 ἀποκαλύψει
1229 3053 1478 3110 παιδείαν
1502 3034 1637 3127 πρὸς
1656 3056 1782 3120 τοὺς
1811 3055 1924 3111 δού-

2039 3060 2176 3108 ctum
2221 3052 2288 3109 iri
2318 3068 2454 3121 rem,
2503 3054 2604 3110 nisi
2637 3054 2840 3124 aliquid
2892 3055 3016 3110 inde
3048 3055 3303 3111 salutaris
3350 3058 3612 3112 doctrinae

337 3146 463 3209 λους
493 3144 660 3200 αὑτοῦ
696 3146 823 3210 τοὺς
854 3145 1139 3218 προφήτας
1161 3161 1175 3175 ·
1220 3145 1315 3199 καὶ
1342 3145 1592 3217 ἐνόμιζον
1616 3147 1691 3218 μὴ
1722 3144 1833 3199 δεῖν
1858 3163 1925 3219 με

337 3234 575 3306 δηλῶσαί
603 3251 684 3289 σοι
708 3235 853 3307 ἅπερ
888 3252 977 3307 μοι
1004 3238 1033 3288 ὁ
1054 3234 1186 3299 Θεὸς
1214 3234 1319 3309 πρὸ
1350 3235 1544 3291 πολλοῦ
1571 3236 1928 3308 ἀποκαλύψας

337 3323 426 3401 ἦν.
467 3327 687 3400 Ἐπειδὴ
738 3328 1006 3399 ἑωρακότι
1057 3346 1149 3401 μοι
1173 3329 1300 3394 τοὺς
1328 3328 1591 3401 ἀδελφούς
1632 3346 1750 3393 σου,
1802 3332 1931 3396 τοὺς

340 3419 469 3490 περὶ
502 3416 761 3488 θεόεριλον
791 3419 886 3473 καὶ
916 3418 1169 3494 Κόπρην,
1228 3419 1531 3494 προσέταξε
1580 3421 1792 3494 γράψαι
1822 3438 1929 3488 σοι,

339 3507 515 3581 δηλῶν
560 3509 640 3563 ὅτι
692 3509 875 3565 πολλοὶ
928 3511 1036 3567 τῶν
1087 3498 1239 3583 μετά¹
1275 3512 1535 3581 ἀληθείας
1575 3513 1668 3567 τὸν
1695 3513 1932 3584 Χριστὸν

342 3601 819 3672 προσκυνούντων,
885 3604 1024 3674 μετά
1066 3604 1129 3657 τὸ
1182 3603 1547 3675 βαπτισθῆναι
1612 3603 1933 3675 ἡμαρτηκό-

340 3708 471 3759 των,
517 3694 699 3764 σχεδὸν
720 3695 780 3748 ὲν
813 3691 920 3766 ὅλῳ
952 3693 1028 3766 τῷ
1056 3694 1270 3766 κόσμῳ,
1305 3694 1659 3750 κλαυσὰντων
1686 3696 1781 3749 καὶ
1805 3712 1933 3748 πεν-

348 3785 630 3856 θησάντων
665 3787 692 3839 ὁ
717 3786 849 3850 Θεὸς
890 3786 982 3841 τὸν
1006 3785 1285 3857 κλαυθμὸν
1312 3786 1408 3840 καὶ
1432 3785 1494 3839 τὸ
1524 3785 1717 3850 πένθος
1740 3786 1934 3840 ἀποδε-

341 3875 595 3948 ξάμενος,
639 3876 738 3941 τὰς
759 3877 1035 3948 ἁμαρτίας
1071 3875 1354 3947 ἐξήλειψεν
1386 3875 1603 3930 πάντων
1628 3875 1735 3930 τῶν
1761 3875 1933 3940 οὕτως

342 3968 790 4042 πορευσαμὲνων,
826 3968 931 4033 ἓως
979 3966 1195 4040 ἐκείνης
1237 3968 1338 4038 τῆς
1367 3968 1602 4041 ἡμέρας,
1647 3962 1765 4041 ἐνῇ
1801 3968 1867 4022 ἂν
1897 3968 1931 4038 ἡ

342 4061 595 4134 ἐπιστολὴ
625 4060 764 4134 αὕτη
818 4061 1047 4135 ἐπεδόθη
1117 4078 1218 4117 σοι.
1289 4060 1584 4132 Ἀνάγνωθι
1624 4058 1716 4116 οὖν
1767 4061 1934 4131 αὐτὴν

343 4153 452 4216 τοῖς
481 4150 731 4223 ἀδελφοῖς
785 4168 899 4220 σου,
937 4154 1023 4207 ἵνα
1054 4154 1149 4208 κα)⁸
1172 4153 1326 4207 αὐτοὶ
1373 4153 1707 4218 ἀκούσαντες
1742 4151 1931 4225 χαρῶ-

347 4259 449 4299 σιν.
497 4244 807 4298 Ἀσπάσατε
857 4245 983 4309 τοὺς
1027 4244 1311 4315 ἀδελφούς.
1367 4243 1737 4309 Ἀσπάζονται
1786 4260 1845 4296 σε
1880 4242 1930 4295 οἱ

346 4332 581 4405 ἀδελφοί.
616 4335 863 4408 Εὖχομαί
899 4353 959 4388 σε
994 4335 1259 4404 ὑγιαίνειν
1297 4336 1355 4389 ἐν
1383 4333 1597 4407 Κυρίῳ.

2029 3141 2248 3198 famulis
2285 3144 2399 3199 suis
2425 3145 2702 3215 prepltetis
2743 3146 3125 3216 inspiraverit;
3186 3162 3285 3203 nec
3328 3148 3510 3217 putavi
3545 3163 3607 3201 ca

2029 3244 2150 3302 qua
2176 3232 2266 3287 diu
2299 3241 2426 3286 ante
2456 3232 2591 3287 mihi
2623 3234 2765 3291 Deus
2786 3236 3141 3304 indicaverat,
3191 3251 3220 3291 a
3250 3251 3336 3293 me
3365 3252 3486 3293 esse
3513 3238 3610 3292 tibi

2030 3323 2442 3379 ntanifestanda.
2473 3323 2579 3380 Sed
2613 3337 2964 3398 posteaquam
2998 3329 3198 3387 fratres
3221 3340 3340 3386 tuos
3370 3347 3458 3402 qut
3482 3348 3608 3386 cunt

2029 3415 2332 3486 Tlteophilo
2363 3425 2419 3473 et
2450 3417 2627 3488 Cnpre
2678 3433 2852 3490 erant,
2895 3422 3078 3479 videre
3114 3424 3357 3495 contigit,
3400 3427 3514 3480 hinc
3542 3425 3611 3479 ad

2033 3515 2086 3565 le
2113 3508 2397 3566 scribenda
2424 3511 2550 3566 duxi
2576 3527 2593 3579 ;
2626 3523 2680 3567 et
2708 3514 3144 3584 significandum,
3176 3516 3445 3587 quomodo
3493 3517 3615 3585 plu-

2033 3601 2154 3656 rimi
2204 3617 2392 3659 eorum
2423 3604 2515 3672 qui
2574 3604 2849 3660 Christum
2901 3607 2954 3661 in
2993 3607 3215 3661 veritate
3250 3608 3498 3672 adorant,
3558 3617 3615 3662 et

2033 3702 2151 3763 post
2174 3702 2483 3763 susceptum
2515 3693 2617 3747 rite
2639 3696 2960 3762 baptismum
2987 3696 3040 3749 in
3076 3705 3296 3763 peccata
3324 3695 3613 3764 prolabun-

2033 3789 2124 3838 tur
2155 3781 2320 3854 (quod
2354 3798 2456 3853 per
2487 3793 2657 3839 totum
2690 3784 2803 3840 fere
2824 3786 3009 3841 orbem
3058 3787 3298 3855 accidit),
3327 3789 3370 3841 si
3402 3787 3613 3840 miseri-

2033 3872 2274 3928 cordiam
2308 3873 2518 3929 Domini
2545 3875 2836 3944 implorent
2864 3892 2929 3931 ac
2967 3878 3032 3932 de
3054 3877 3310 3932 adtnisms
3335 3893 3400 3931 ex
3430 3878 3614 3931 animo

2034 3963 2272 4030 doleant,
2314 3979 2345 4018 a
2404 3963 2510 4019 Deo
2543 3964 2964 4021 misericorditer
3005 3967 3055 4020 in
3083 3966 3309 4037 gratiam
3344 3966 3613 4035 recipian-

2034 4062 2145 4122 tur,
2175 4063 2230 4110 et
2255 4055 2436 4110 omnia
2468 4055 2548 4110 sic
2568 4056 2843 4127 agentium
2873 4057 3147 4113 hominum
3179 4057 3463 4114 deleantur
3488 4073 3613 4128 pec-

2035 4156 2156 4202 cata
2199 4164 2213 4202 :
2250 4146 2391 4218 quod
2423 4146 2489 4202 iis
2522 4162 2659 4218 quos
2683 4146 2795 4218 jam
2829 4149 2939 4204 dixi
2980 4150 3233 4206 omnibus
3262 4151 3313 4205 itt
3348 4150 3491 4206 hunc
3523 4165 3617 4206 us-

2035 4253 2140 4310 que
2163 4240 2304 4296 dietn
2336 4239 2563 4313 benigne
2611 4239 2945 4309 conceditur,
3008 4257 3116 4313 quo
3155 4243 3268 4298 lttec
3299 4243 3367 4298 ad
3418 4252 3471 4297 te
3493 4243 3614 4312 epi-

2036 4331 2175 4387 stola
2206 4340 2289 4387 est
2316 4332 2639 4404 conscripta.
2695 4331 2843 4386 Illam
2877 4332 3057 4404 itaque
3097 4334 3359 4389 fratribus
3385 4334 3491 4389 tuis
3520 4347 3616 4386 ve-

346 4426 439 4482 lim
462 4429 741 4500 prtelegas,
776 4438 836 4483 ut
863 4427 965 4498 ipsi
998 4443 1212 4499 quoque
1238 4443 1351 4483 rem
1389 4427 1527 4482 hanc
1555 4424 1937 4494 intelligentes,
1978 4423 2238 4494 gaudium
2266 4439 2332 4480 ex
2365 4439 2427 4479 ea
2459 4424 2694 4495 capiant.
2727 4423 2963 4480 Salutari
2993 4441 3023 4481 a
3047 4439 3131 4480 tne
3183 4425 3374 4479 fratres
3427 4424 3610 4495 cupio.

346 4519 450 4585 Qui
476 4522 617 4593 apud
652 4536 737 4576 tne
769 4531 898 4577 sunt
925 4522 1144 4587 fratres,
1177 4531 1230 4577 te
1276 4521 1534 4576 salutant.
1563 4517 1754 4574 Valere
1779 4526 1832 4574 te
1865 4517 1920 4573 in
1957 4514 2190 4574 Domino
2215 4519 2396 4590 cupio.

350 4758 740 4805 SANCTSSSIMI
773 4760 998 4805 PATRIS
1022 4757 1249 4803 NOSTBI
1283 4756 1543 4801 ANTONII
1574 4756 1778 4801 MAG!"
1813 4757 1928 4805 ΔΒτ-

2039 4754 2299 4801 ηειοω
2332 4756 2410 4800 Λα
2446 4755 2784 4800 ΡΜΟΕΡΤΔ
2826 4756 2876 4798 S.
2918 4756 2975 4797 Ρ.
3011 4755 3072 4797 Ν.
3099 4754 3357 4797 ΔΝΤΟἹΙΙ
3395 4752 3491 4794 AD-
3521 4752 3616 4795 Fl-

433 4840 612 4884 BATIS
636 4838 920 4894 REGULE,
943 4838 1084 4884 SIVE
1115 4837 1414 4890 CANONES,
1445 4837 1526 4878 Δί)
1546 4836 1750 4879 Ὲιιιοδ
1775 4831 1930 4880 SUOS

437 4919 841 4963 SPIRITUALES
884 4916 1247 4962 MONACHOS.

462 5001 546 5055 Ex
571 5001 817 5070 Arabico,
851 5002 1129 5070 interprete
1153 4999 1445 5055 Abralmmo
1470 4962 1815 5053 Eccltelleust.

428 5244 538 5301 llas
564 5246 840 5315 perscribo
871 5245 1120 5315 Regulas,
1171 5252 1331 5315 prout
1386 5243 1636 5315 loquetur
1669 5243 1931 5299 Dominus

2110 4835 2247 4879 ιιοε
2285 4834 2436 4879 SUOS
2474 4834 2839 4884 MONACIIOS,
2889 4833 3209 4876 PETENTES
3256 4831 3381 4874 HOC
3421 4831 3609 4874 IPSUM

2117 4914 2196 4958 ΑΒ
2217 4914 2298 4959 ΕΟ
2332 4914 2398 4957 IN
2420 4911 2824 4957 MONASTERIO
2857 4911 3168 4955 NACALON.

2036 4995 2122 5051 Ezr-
2144 4996 2319 5051 codice
2349 4994 2670 5065 chulnrttm
2695 4994 2756 5048 S.
2782 4994 3050 5078 Qenedicti
3101 4993 3415 5048 Auitmeusis
3454 4993 3615 5046 abba-

2783 5078 2871 5121 ηε.

2616 5172 2668 5210 IN
2696 5170 2825 5212 ρΑοε
2856 5169 3064 5210 υοκιισι.

2115 5247 2294 5302 Dicam
2329 5246 2581 5302 Canones
2607 5247 2722 5302 sive
2752 5247 3003 5319 Regulus,
3035 5254 3195 5316 prout
3227 5243 3476 5316 loquetur
3513 5245 3613 5299 Ito-

355 5353 454 5407 per
482 5354 544 5393 ns
572 5354 771 5404 meum,
814 5338 918 5393 illis
947 5338 1038 5408 qui
1072 5338 1222 5409 gravi
1258 5337 1383 5393 huic
1409 5338 1764 5393 mouachatus
1802 5335 1934 5408 jugo
2042 5338 2219 5394 minus
2250 5354 2345 5408 per
2390 5353 2451 5394 os
2493 5354 2692 5404 meum,
2732 5339 2839 5394 illis
2866 5339 2956 5410 qui
3020 5351 3138 5394 sese
3189 5338 3401 5393 tradere
3434 5340 3614 5391 volunt

355 5442 416 5483 se
470 5427 737 5498 subjicere
780 5430 985 5484 volunt.
1043 5429 1165 5485 Istis
1203 5429 1367 5501 igitur
1402 5430 1657 5486 obediaut
1713 5438 1931 5500 oportet
2038 5429 2142 5484 sub
2165 5430 2312 5501 gravi
2340 5430 2607 5501 ltocjugo,
2632 5430 2839 5487 scilicet
2866 5431 3213 5486 monachatu.
3237 5429 3461 5501 Oportet
3489 5444 3617 5498 ergo

357 5520 660 5589 praeceptis,
691 5530 744 5575 et
768 5521 860 5590 qui
881 5536 1040 5574 unum
1063 5519 1222 5576 soluet
1249 5537 1315 5576 ex
1345 5520 1475 5587 illis,
1512 5521 1762 5575 minimus
1782 5537 1935 5576 τοτα·
2042 5533 2098 5575 ut
2128 5523 2349 5578 audiant
2385 5523 2499 5579 hac
2534 5534 2837 5600 praecepta:
2881 5521 2987 5589 Qui
3013 5539 3130 5578 vero
3164 5522 3374 5578 solverit
3414 5521 3616 5592 aliquid

358 5611 503 5665 bitur
522 5612 577 5666 in
614 5628 771 5684 regno
799 5612 1047 5667 cwlorum
1078 5613 1120 5666 ⁷.
2043 5627 2108 5668 ex
2131 5613 2226 5679 eis,
2268 5614 2385 5669 vilis
2407 5615 2676 5669 vocabitur
2712 5614 2766 5668 in
2801 5629 2967 5684 regno
2988 5613 3234 5668 calorum
3254 5612 3300 5668 '.

429 5769 450 5803 ⁷
478 5768 667 5825 ﬂuuit.
712 5786 765 5830 ν,
801 5769 879 5825 19.

635 5870 890 5948 Pn'not.
941 5862 1056 5923 Gn.
1102 5863 1234 5928 XL.
3225 5858 3304 5919 3b
