3990 6210
384 275 516 332 1067

483 392 569 446 Ex
595 390 837 454 Arabico,
852 389 1137 456 interprete
1175 380 1470 434 Abrahmno
1503 375 1843 431 Ecchellensi.
1982 379 2029 434 Α

449 573 488 626 Ι.
516 572 652 625 Ante
685 567 886 632 omnia,
911 564 1211 618 orationem
1246 560 1362 614 sine
1397 556 1796 612 intermissione
1829 553 1954 607 fun-

380 665 509 726 dite,
537 660 842 733 gratiasque
870 669 1087 724 semper
1119 653 1258 725 agite
1281 651 1392 708 Deo
1419 665 1516 720 pro
1545 645 1795 701 omnibus
1834 658 1954 715 quae

382 754 530 809 vobis
559 752 830 808 accidunt.

451 845 515 900 Il.
563 844 858 914 Surgentes
887 850 1045 892 mane
1085 833 1315 906 singulis
1363 832 1573 897 diebus,
1635 829 1700 883 de
1739 827 1958 899 aegrotis

381 937 471 1008 qui
511 936 650 1006 apud
677 947 772 988 vos
797 939 941 995 sunt,
971 925 1286 998 perquirite.

453 1029 539 1083 IlI.
571 1025 815 1096 Jejunate
842 1020 1069 1091 singulis
1094 1017 1283 1073 diebus
1313 1026 1482 1082 usque
1506 1011 1572 1064 ad
1613 1008 1841 1074 Nonam,
1864 1020 1959 1060 ex-

383 1126 538 1188 cepto
575 1116 661 1170 die
699 1111 920 1168 Sahbati
972 1116 1032 1164 et
1080 1105 1377 1163 Dominico.
1432 1102 1726 1172 Ingruente
1781 1105 1960 1152 autem

385 1211 538 1264 Nona
568 1208 635 1261 ad
667 1206 858 1261 cellam
893 1214 1034 1256 tuam
1094 1209 1145 1255 te
1197 1196 1459 1266 recipito;
1487 1202 1542 1249 et
1571 1203 1856 1260 antequam
1888 1188 1961 1242 ci-

386 1303 511 1354 bum
540 1313 741 1362 sumas,
761 1297 1059 1351 orationem
1087 1290 1404 1363 persolvite;
1427 1294 1480 1341 et
1511 1294 1793 1356 postquam
1812 1295 1960 1336 com-

386 1393 583 1457 ederis,
623 1407 716 1445 ora
741 1400 794 1444 et
822 1390 937 1459 lege
955 1386 1179 1458 jugiter.

457 1481 544 1538 IV.
581 1481 711 1537 Cum
771 1492 937 1550 puero
968 1483 1024 1530 et
1078 1474 1422 1530 adolescente
1485 1483 1760 1526 sermones
1811 1466 1966 1520 ineas

388 1590 538 1640 cave,
578 1583 671 1627 aut
706 1569 1130 1625 familiaritatem
1185 1565 1515 1629 contrahas;
1571 1575 1671 1616 nec
1722 1558 1821 1613 hos
1859 1571 1970 1612 mo-

389 1665 594 1720 nachos
624 1662 876 1732 recipias,
907 1675 972 1714 ne
1000 1660 1126 1713 dent
1159 1657 1336 1711 locum
1365 1654 1602 1710 diabolo.

462 1756 526 1812 V.
581 1753 758 1826 Super
807 1753 994 1809 eadem
1041 1759 1218 1805 storea
1260 1763 1328 1803 ne
1373 1747 1541 1802 cubas
1593 1758 1716 1798 cum
1762 1741 1972 1797 minore
2006 1766 2049 1822 Β

393 1860 465 1904 te.

464 1940 551 1996 VI.
589 1939 833 1996 Statutas
864 1937 1172 1992 orationum
1209 1935 1372 1990 horas
1396 1931 1643 1993 observa,
1665 1925 1973 1994 nullamque

392 2033 793 2103 praetermittas.
821 2045 886 2084 ne
912 2029 1176 2082 rationem
1217 2039 1316 2094 pro
1345 2039 1410 2078 eo
1435 2023 1649 2076 reddas.

467 2122 574 2176 VII.
600 2121 881 2192 IEgrotum
919 2120 985 2172 ad
1019 2119 1344 2173 sumendum
1379 2114 1558 2169 cibum
1589 2126 1655 2164 tte
1693 2108 1853 2161 nimis
1885 2119 1978 2159 co-

395 2235 522 2287 gas;
553 2226 608 2272 at
654 2231 752 2271 nec
793 2213 1065 2279 detrahas,
1101 2227 1168 2268 ne
1193 2210 1314 2281 ejus
1350 2221 1583 2265 maerore
1615 2202 1838 2259 affectus
1863 2201 1982 2254 aui-

395 2325 516 2365 mus
542 2317 700 2364 contu
709 2307 913 2362 rbetur.

467 2399 599 2454 VIII.
632 2399 691 2453 Si
731 2397 940 2452 venerit
1001 2395 1066 2448 ad
1101 2403 1152 2448 te
1183 2392 1350 2448 frater
1377 2388 1571 2458 aliquis
1601 2395 1720 2456 post
1748 2394 1980 2453 tempus,

394 2509 515 2547 cum
551 2491 743 2560 gaudio
810 2487 1028 2556 suscipe
1051 2485 1222 2550 illum,
1256 2493 1315 2537 ut
1367 2483 1570 2550 gratias
1609 2477 1798 2532 reddat
1849 2474 1980 2538 Deo,

399 2593 558 2647 teque
582 2581 791 2634 laudet.

469 2670 562 2726 IX.
588 2668 875 2724 Mundanis
901 2663 1212 2722 hominibus
1243 2675 1309 2715 ne
1336 2669 1386 2714 te
1415 2658 1715 2714 admisceas
1733 2653 1985 2718 omnino;

398 2773 455 2819 at
492 2778 594 2818 nec
620 2760 954 2816 Phariszeum
1006 2754 1255 2820 imiteris,
1298 2750 1390 2821 qui
1431 2749 1612 2804 omnia
1647 2748 1714 2801 ad
1744 2753 1990 2800 ostenta-

2016 2840 2055 2865 Μ

403 2856 600 2911 tionem
627 2851 887 2906 faciebat.

471 2946 540 3002 X.
568 2944 849 3000 Mulierem
877 2943 943 2998 ad
968 2949 1022 2997 te
1046 2940 1304 2997 accedere
1335 2951 1401 2992 ne
1433 2934 1733 3006 permittas,
1763 2945 1861 2986 nec
1893 2930 1993 2984 ha-

403 3035 694 3092 bitaculum
727 3044 875 3088 tuum
899 3030 1105 3102 ingredi
1139 3027 1388 3100 patiaris;
1414 3025 1667 3096 quoniam
1697 3030 1816 3092 post
1844 3020 1987 3074 illam

403 3128 479 3182 ira
504 3125 759 3195 graditur.

473 3215 566 3273 XI.
594 3214 1040 3286 Consanguineos
1097 3221 1219 3268 tuos
1271 3223 1339 3263 ne
1374 3206 1603 3269 revisas,
1657 3217 1754 3258 nec
1785 3210 1834 3256 te
1861 3217 1989 3256 con-

404 3309 741 3381 Spiciendum
775 3307 844 3362 ab
878 3307 986 3360 illis
1018 3305 1191 3368 sinas,
1221 3317 1320 3356 nec
1345 3301 1507 3354 adeas
1535 3298 1670 3352 illos.

474 3397 591 3454 XII.
619 3397 747 3451 I’lus
781 3410 944 3464 quam
1005 3393 1098 3447 tibi
1134 3405 1280 3460 opus
1322 3398 1426 3454 est,
1465 3402 1532 3440 ne
1597 3387 1851 3450 retineas,
1893 3397 1990 3437 nec

405 3488 689 3559 elargiaris
746 3486 864 3556 plus
896 3498 1055 3554 quam
1085 3482 1229 3551 potis
1253 3493 1350 3544 es;
1402 3478 1496 3532 sed
1527 3477 1667 3546 quod
1693 3486 1865 3546 potes,
1907 3475 1990 3530 in4

409 3581 739 3638 firmioribus
763 3577 1080 3634 monasterii
1113 3572 1372 3642 elargire.

481 3673 616 3729 XIII.
679 3672 993 3728 Orationem
1032 3677 1178 3722 tuant
1242 3670 1407 3719 noctu
1465 3659 1780 3733 persolvito,
1833 3667 1988 3716 ante-

407 3782 570 3838 quam
596 3765 884 3820 ecclesiam
920 3762 1104 3816 adeas.

483 3858 621 3915 XIV.
655 3855 734 3912 Ne
761 3856 1016 3912 comedas
1049 3868 1172 3909 cum
1198 3865 1263 3908 eo
1289 3852 1381 3922 qui
1423 3846 1650 3905 multum
1687 3859 1784 3915 pro
1809 3853 1860 3900 te
1889 3843 1992 3899 int-

415 3951 629 4021 pendat.

487 4041 600 4097 XV.
636 4042 693 4098 Si
720 4040 1034 4098 scandalum
1064 4045 1313 4095 exortum
1349 4033 1512 4091 fuerit
1546 4031 1855 4104 projuvene
1887 4028 1990 4083 alio

413 4149 520 4202 quo
544 4133 634 4203 qui
667 4133 844 4187 adhuc
875 4131 1114 4187 habitum
1163 4128 1524 4185 monasticum
1561 4139 1668 4179 non
1700 4121 1891 4184 induit,
1925 4135 1990 4174 ne

416 4226 609 4281 induas
633 4225 806 4290 illum,
851 4225 944 4280 sed
981 4239 1045 4279 ex
1080 4219 1408 4278 monasterio
1431 4217 1631 4288 ejicito.

485 4316 625 4373 XVI.
660 4317 795 4372 Cum
829 4331 995 4383 puero
1047 4331 1114 4370 tte
1157 4312 1396 4382 loquaris
1427 4323 1699 4378 unquam;
1764 4306 1863 4363 erit
1895 4304 1987 4360 tibi

413 4413 558 4466 enim
582 4412 634 4464 in
663 4409 1064 4466 olfendiculum.

486 4499 649 4553 XVII.
681 4501 736 4554 Si
775 4499 1071 4554 necessitas
1101 4497 1342 4566 exegerit
1372 4505 1431 4550 ut
1457 4493 1522 4548 ad
1557 4491 1742 4547 urbem
1770 4487 1986 4560 prolici-

417 4592 607 4654 scaris,
639 4606 706 4644 ne
729 4604 919 4660 pergas
945 4589 1111 4646 solus.

489 4683 674 4744 XVIII.
706 4683 932 4738 Terram
973 4682 1322 4750 vectigalibus
1368 4679 1661 4749 subjectam
1729 4689 1794 4730 ne
1840 4672 1996 4729 semi—

421 4793 541 4835 nes.
569 4787 622 4830 et
651 4779 937 4832 societates
967 4791 1087 4830 cum
1129 4775 1360 4829 dominis
1391 4788 1456 4827 ne
1479 4770 1789 4826 contrahas.

491 4869 632 4924 XIX.
673 4870 874 4924 Locum
921 4870 974 4924 in
1023 4884 1130 4940 quo
1169 4867 1491 4938 exprimitur
1538 4864 1744 4928 viuum,
1801 4872 1866 4915 ne
1895 4858 1992 4912 ad-

422 4978 532 5020 eas.

492 5051 610 5107 XX.
637 5053 841 5107 Carncs
866 5066 934 5108 ne
963 5051 1217 5106 comedas
1253 5049 1498 5105 omnino.

492 5144 638 5199 XXI.
679 5142 950 5213 Jejunium
997 5157 1064 5198 ne
1115 5144 1292 5198 solvas
1357 5140 1487 5196 feria
1519 5145 1709 5208 quarta
1736 5147 1790 5192 et
1817 5144 1992 5203 sexta,

424 5237 524 5292 nisi
552 5237 621 5290 ob
643 5235 1018 5307 gravissimum
1052 5235 1327 5290 tnorbum.

498 5327 660 5384 XXII.
688 5329 765 5384 Ne
795 5343 1099 5384 murmures
1133 5328 1188 5382 in
1221 5339 1386 5396 opere
1409 5337 1660 5377 manuum
1689 5329 1921 5374 tuarum.

496 5417 684 5474 XXIII.
720 5421 968 5478 Defectus
1025 5433 1375 5492 quoscunque
1433 5413 1632 5471 nemini
1671 5412 1895 5481 objicias
1919 5412 2000 5466 ul-

427 5511 532 5566 lam
563 5513 633 5567 ob
662 5528 901 5569 causam.

497 5607 688 5664 XXIV.
728 5607 783 5664 Si
817 5609 1037 5663 fratrem
1085 5604 1391 5679 quempiam
1449 5599 1719 5666 inviseris,
1780 5611 1851 5656 ne
1905 5595 1994 5651 diu

432 5699 661 5761 moreris
685 5697 738 5753 in
763 5698 878 5768 ejus
901 5695 1056 5752 cella.

1435 253 1708 311 PXTIIES
1748 250 2040 308 [EGYI’T‘II
2085 247 2356 304 S.-ECULI
2399 247 2486 304 IV.

3504 234 3652 290 lilii-3

2165 372 2246 427 Eat
2281 372 2454 425 codice
2485 368 2807 439 Regulurunt
2830 366 2886 422 S.
2923 366 3193 439 Benedicti
3229 366 3539 420 Auiencmis

2758 437 2976 490 abbatis.

2134 554 2172 607 l.
2208 553 2345 608 Ante
2373 551 2552 606 omnia
2588 566 2680 604 ora
2727 550 2844 604 sine
2887 549 3313 613 internus-suone,
3357 559 3404 600 et
3442 548 3652 616 gratias

2065 645 2174 700 Deo
2201 660 2298 716 age
2327 660 2437 714 pra:
2478 642 2728 698 omnibus
2750 656 2871 712 quae
2909 640 3003 694 tibi
3032 641 3306 695 eveniunt.

2139 803 2198 856 Il.
2239 801 2374 856 Cum
2421 810 2597 853 autem
2647 796 2950 852 surrexeris
2982 812 3138 848 mane
3165 794 3389 864 singulis
3437 794 3662 879 ἀίυιηις.⁸

2067 893 2276 964 inquire
2303 894 2367 947 de
2392 891 2607 960 (egrotis
2635 889 2726 958 qui
2748 887 2887 956 apud
2919 897 2969 941 te
2998 897 3143 940 sunt.
3180 886 3239 939 Et
3261 886 3449 956 jejuna
3483 903 3662 955 usque

2068 985 2132 1038 ad
2163 982 2369 1036 Nonam
2402 979 2634 1051 singulis
2677 977 2890 1041 diebus,
2924 985 3149 1044 excepto
3183 975 3416 1029 Sabbato
3465 986 3521 1029 et
3560 975 3664 1027 Do-

2070 1076 2266 1129 tninico
2297 1074 2422 1139 die;
2456 1070 2776 1125 adveniente
2800 1084 2927 1124 vero
2956 1066 3129 1132 Nona,
3172 1083 3238 1120 ne
3268 1068 3430 1122 adeas
3462 1067 3660 1122 cellam

2069 1165 2386 1235 cujusquam
2422 1162 2669 1215 fratrum.
2725 1159 2790 1212 Et
2819 1174 2942 1213 cum
3004 1158 3206 1214 sederis
3262 1161 3326 1210 ad
3361 1159 3661 1212 comeden~

2071 1255 2218 1317 (lunt,
2250 1270 2342 1306 ora
2388 1251 2556 1321 prius.
2609 1257 2720 1302 tum
2761 1249 3005 1304 comede.
3063 1246 3168 1301 Ora
3231 1257 3282 1300 et
3318 1246 3432 1316 lege
3463 1263 3663 1316 perpe-

2075 1355 2185 1400 luo.

2145 1433 2230 1487 III.
2259 1433 2334 1488 Ne
2391 1433 2630 1504 loquaris
2664 1447 2784 1486 cum
2812 1429 3036 1502 juvene,
3072 1443 3246 1499 neque
3301 1442 3422 1480 cum
3468 1441 3662 1493 puero,

2075 1532 2224 1578 etne
2251 1521 2592 1578 converscris
2639 1521 2859 1575 omnino
2883 1535 3005 1574 cum
3055 1519 3184 1584 illo;
3216 1533 3315 1573 nec
3368 1517 3564 1588 ligabis
3605 1519 3666 1569 ilo

2079 1611 2187 1666 lum
2217 1613 2563 1676 monachum,
2615 1625 2716 1665 nec
2781 1621 3027 1663 assumes
3087 1607 3140 1662 in
3175 1607 3340 1662 ﬁlium
3369 1619 3661 1676 antequam

2082 1705 2270 1759 induat
2319 1703 2584 1770 habitum,
2632 1718 2698 1756 ne
2744 1701 3056 1758 reconciliet
3093 1702 3299 1755 hostem
3350 1699 3666 1766 diabolum;

2081 1812 2254 1865 neque
2279 1798 2447 1852 cubes
2472 1811 2638 1866 super
2671 1795 2859 1850 eadem
2886 1802 3066 1848 storea
3091 1808 3213 1846 cum
3245 1792 3454 1846 minore
3483 1804 3552 1845 te.

2149 1888 2240 1944 IV.
2276 1889 2443 1946 Serva
2496 1890 2660 1944 etiam
2693 1889 2854 1944 horas
2913 1886 3242 1948 orationum,
3298 1900 3398 1940 nec
3443 1899 3669 1952 pramer-

2085 1989 2268 2044 ntittas
2299 1986 2486 2048 ullam,
2523 1998 2592 2038 ne
2634 1983 2896 2035 rationem
2933 1992 3031 2049 pro
3059 1978 3146 2032 illa
3180 1976 3389 2031 reddas.

2160 2080 2217 2134 ν.
2260 2079 2336 2132 Ne
2391 2077 2696 2144 obstringas
2761 2081 3017 2142 aegrotum
3069 2071 3136 2124 ad
3190 2069 3662 2132 manducandum;

2084 2188 2182 2230 nec
2216 2171 2458 2227 retrahas
2505 2171 2571 2224 ab
2629 2169 2716 2223 illo
2747 2169 2943 2231 cilium,
2977 2179 3042 2219 ne
3101 2162 3390 2218 conturbes
3423 2163 3666 2214 animam

2085 2269 2226 2323 illius
2250 2265 2520 2320 amictatn.

2160 2359 2243 2416 VI.
2274 2357 2329 2414 Si
2359 2359 2568 2413 venerit
2595 2358 2660 2412 ad
2720 2366 2770 2411 te
2799 2354 2991 2423 aliquis
3048 2355 3218 2408 frater
3250 2362 3368 2422 post
3397 2351 3661 2418 temporis

2087 2451 2448 2511 intchaIIunt,
2482 2448 2666 2503 lmtare
2723 2445 2790 2500 de
2821 2447 2944 2511 illo;
2973 2447 3174 2516 gratias
3205 2445 3348 2499 enim
3386 2452 3510 2512 aget
3555 2443 3663 2495 Deo
3755 2431 3769 2437 ’

2087 2554 2140 2599 et
2166 2543 2282 2596 tibi.
2339 2539 2594 2595 Satculari
2657 2538 2800 2592 nullo
2856 2539 3012 2590 modo
3065 2535 3470 2590 contntiscearis
3519 2549 3670 2588 :nec

2087 2643 2325 2689 ostentes
2355 2644 2404 2688 te
2432 2633 2624 2702 ipsum,
2657 2633 2795 2684 sicut
2825 2628 3126 2685 Pharis:an
3158 2627 3246 2682 ille
3275 2627 3366 2696 qui
3389 2627 3457 2680 ad
3481 2634 3671 2680 osten-

2088 2725 2343 2779 tationem
2373 2725 2550 2778 omnia
2578 2738 2672 2778 sua
2713 2721 2926 2793 agebat.

2163 2904 2252 2960 VII
2309 2907 2383 2961 Ne
2437 2903 2758 2974 appropiare
2816 2903 2962 2956 sinas
3023 2902 3088 2955 ad
3141 2909 3191 2956 te
3237 2899 3540 2964 mulierem,
3573 2915 3674 2953 nec

2095 2999 2380 3070 permittas
2417 2997 2619 3068 ingredi
2652 2997 2981 3051 domicilium
3032 3007 3215 3064 tuum;
3253 2995 3331 3050 ira
3375 2995 3519 3050 enim
3555 3010 3676 3062 gra-

2022 3109 2065 3166 ο
2098 3092 2240 3146 ditur
2262 3099 2383 3162 post
2412 3089 2579 3144 illam.
2623 3089 2807 3162 Neque
2852 3091 3144 3145 revertaris
3173 3089 3404 3144 invisere
3433 3102 3670 3142 consan-

2097 3184 2322 3254 guineos
2356 3193 2477 3238 tuos
2513 3183 2780 3248 carnales,
2805 3197 2905 3237 nec
2944 3181 3138 3236 faciem
3181 3192 3322 3236 tuam
3361 3180 3464 3235 illis
3486 3179 3671 3233 viden-

2098 3274 2219 3326 dant
2247 3274 2508 3342 prarbeas,
2537 3288 2635 3328 nec
2661 3275 2824 3329 adeas
2855 3273 3000 3328 illos.

2169 3363 2300 3417 Vill.
2330 3362 2438 3417 Nec
2502 3379 2744 3418 reserves
2775 3363 2867 3417 tibi
2905 3362 3023 3432 plus
3083 3377 3242 3432 quam
3274 3361 3523 3431 Indiges;
3578 3375 3677 3413 nec

2097 3455 2374 3524 elargiaris
2412 3455 2528 3524 plus
2572 3470 2732 3526 quam
2769 3464 2944 3523 potes.
2972 3455 3066 3509 sed
3095 3468 3254 3524 eroga
3276 3451 3673 3522 elecmosynam

2097 3547 2326 3602 infirmis
2350 3547 2687 3602 monasterii.

2167 3640 2260 3694 IX.
2308 3638 2559 3695 Persolve
2608 3639 2907 3695 orationem
2946 3648 3089 3693 tuam
3121 3651 3302 3705 noetu,
3361 3639 3675 3708 priusquam

2097 3734 2262 3788 adeas
2287 3733 2596 3788 ecclesiam.

2166 3825 2235 3881 X.
2284 3825 2361 3882 Ne
2407 3826 2659 3881 comedas
2712 3839 2835 3880 cum
2879 3824 3092 3892 aliquo,
3140 3824 3227 3894 qui
3273 3824 3546 3893 impendat
3585 3836 3681 3892 pro

2099 3927 2170 3974 te.

2167 4010 2258 4064 XI.
2291 4009 2347 4065 Si
2376 4008 2688 4065 scandalum
2721 4018 2899 4063 ortum
2965 4009 3124 4063 fuerit
3167 4009 3234 4063 de
3269 4007 3470 4077 juvene
3494 4005 3677 4074 aliquo

2097 4103 2188 4173 qui
2222 4102 2482 4156 hactenus
2532 4100 2776 4154 habitum
2814 4117 2920 4153 non
2972 4099 3228 4164 induerit,
3286 4114 3352 4152 ne
3388 4099 3575 4151 induat
3613 4099 3678 4151 il.

2097 4194 2208 4247 lum
2237 4211 2251 4247 :
2287 4202 2342 4246 et
2369 4191 2503 4260 ejice
2530 4207 2652 4247 eum
2688 4206 2716 4244 a
2773 4191 3125 4256 monasterio,
3154 4206 3254 4246 nec
3285 4189 3526 4258 loquaris
3552 4205 3675 4244 cum

2097 4299 2264 4354 puero
2295 4285 2530 4354 penitus,
2557 4297 2623 4338 ne
2654 4283 2743 4337 Iiat
2775 4284 2868 4338 tibi
2893 4282 3294 4338 oll'endicnlum.

2019 4469 2067 4528 ι)
2164 4459 2277 4515 XII.
2310 4458 2365 4515 Si
2399 4459 2632 4528 coegerit
2684 4467 2735 4512 te
2768 4456 3063 4512 necessitas
3094 4456 3244 4511 adire
3284 4454 3580 4518 civitatem,
3615 4469 3680 4508 ne

2099 4554 2392 4611 centendas
2419 4551 2544 4607 illuc
2575 4549 2746 4606 solus.

2171 4669 2308 4725 XIII.
2338 4666 2416 4723 Ne
2447 4681 2596 4723 seras
2629 4675 2830 4722 terram
2857 4664 3072 4720 tributis
3102 4663 3422 4735 subjectam,
3451 4675 3550 4715 nec
3579 4676 3678 4712 su-

2105 4763 2354 4817 cietatem
2377 4769 2428 4814 et
2458 4767 2800 4815 contractum
2833 4758 2987 4812 ineas
3012 4771 3135 4811 cum
3170 4754 3524 4826 magnatibus.

2169 4851 2309 4908 XIV.
2337 4851 2413 4906 Ne
2440 4851 2796 4905 commoreris
2833 4851 2884 4903 itt
2918 4849 3035 4903 loco
3064 4847 3156 4903 ubi
3201 4847 3384 4902 viuum
3414 4844 3681 4914 exprimi-

2101 4955 2220 5010 tur;
2253 4959 2319 4999 ne.
2349 4943 2602 4998 comedas
2631 4956 2850 4996 carnem
2886 4939 3127 4994 omnino.

2173 5125 2287 5180 XV.
2325 5123 2405 5178 Ne
2438 5123 2652 5190 frangas
2693 5127 2958 5194 jejunium
3025 5118 3158 5174 feria
3197 5127 3388 5189 quarta
3423 5126 3478 5170 et
3509 5125 3676 5180 sexta,

2102 5221 2204 5276 nisi
2241 5223 2311 5275 ob
2345 5231 2561 5288 gravent
2595 5221 2856 5274 morbum.

2179 5314 2314 5369 XVI.
2349 5314 2426 5370 Ne
2472 5327 2775 5368 murmures
2805 5312 2857 5364 in
2918 5323 3083 5378 opere
3129 5322 3383 5360 manuum
3432 5315 3680 5357 tuarum:

2106 5426 2207 5466 nec
2232 5411 2563 5480 impropercs
2596 5407 2756 5462 alicui
2798 5404 2902 5460 ulla
2927 5407 2990 5460 de
3021 5417 3205 5459 causa.

2173 5585 2337 5642 XVII.
2368 5585 2423 5640 Si
2455 5583 2654 5638 adieris
2687 5582 2920 5654 aliquem
2950 5581 3192 5646 fratrem,
3235 5591 3300 5632 ue
3330 5577 3421 5632 diu
3453 5568 3680 5629 moreris

2102 5679 2158 5734 in
2196 5675 2470 5734 domicilio
2497 5673 2632 5744 ejus.
