3976 6204
329 223 463 281 I069

428 337 510 391 Ex
543 338 789 402 Arabico,
816 339 1093 407 interprete
1119 339 1413 394 Abraltamo
1437 338 1779 395 Eccltellemi.

394 447 559 504 XXV.
590 448 649 503 In
685 449 913 505 ecclesia
946 449 1184 520 loquaris
1206 452 1426 507 omnino
1460 466 1611 509 cave.

392 536 579 593 XXVI.
602 536 657 591 In
680 538 895 593 exedris
920 540 1231 595 monasterii
1265 556 1332 596 ne
1352 540 1561 596 sedeas.

393 629 605 684 XXVII.
635 627 713 683 Ne
749 627 903 698 iures
946 632 1185 695 omnino,
1243 646 1342 687 nec
1388 647 1595 699 verum,
1633 647 1732 688 nec
1784 633 1882 688 du-

318 717 492 773 bhuu.

392 806 627 883 XXVIII.
683 808 979 865 Ecclesium
1024 810 1091 865 ad
1115 825 1273 880 quam
1324 814 1576 867 convenit
1598 812 1885 868 multitudo

316 896 618 961 hominum,
641 915 707 954 ne
739 900 921 955 adeas.
1640 892 1647 897 ⁸

390 991 581 1047 XXIX.
625 991 892 1048 Iortuum
921 1003 1068 1048 tuum
1102 996 1156 1049 in
1187 997 1413 1051 ecclesia
1451 1015 1522 1054 ne
1556 1000 1810 1070 sepelias.

390 1084 559 1140 XXX.
599 1085 679 1142 Ad
713 1085 955 1158 symbola
982 1094 1036 1139 et
1069 1089 1312 1143 convivia
1339 1104 1405 1143 ne
1424 1104 1701 1159 properes.

383 1263 579 1320 XXXI.
613 1262 791 1321 Bonos
820 1278 999 1319 mores
1034 1279 1067 1320 α
1102 1264 1408 1336 maioribus
1456 1269 1561 1324 tuis
1586 1268 1732 1323 disce
1750 1283 1883 1337 quo-

312 1355 463 1409 tidie.

385 1445 597 1502 XXXII.
623 1444 835 1501 Nullum
867 1448 1200 1519 aggredieris
1241 1464 1397 1520 opus,
1432 1450 1793 1519 quodcunque
1820 1449 1883 1505 il-

315 1536 402 1590 lud
425 1537 516 1599 sit,
548 1536 848 1592 inconsulto
876 1536 1032 1593 Patre
1058 1540 1388 1595 monasterii.

385 1625 622 1683 XXXIII.
672 1626 728 1682 Si
759 1630 1064 1696 perrexeris
1094 1641 1357 1701 aquatum
1394 1632 1475 1688 vel
1512 1633 1613 1686 iter
1660 1633 1875 1699 feceris,

311 1720 430 1785 lege
457 1728 508 1774 et
537 1721 799 1774 meditare
823 1729 1085 1789 quantum
1115 1722 1335 1791 poteris.

383 1807 624 1865 XXXIV.
658 1809 1068 1881 Eleemosynam
1102 1825 1263 1882 quam
1294 1812 1559 1883 elargiris,
1596 1828 1665 1871 ne
1702 1822 1885 1870 osten-

311 1912 418 1955 ἰεῦ.

388 1986 596 2044 XXXV.
628 1989 682 2043 Si
718 1994 771 2044 In
803 1992 923 2046 loco
942 1992 1201 2062 quopiam
1238 1991 1477 2048 adlueris
1507 1992 1559 2047 in
1609 2008 1716 2065 quo
1748 1992 1884 2049 ﬁunt

308 2093 531 2149 agapes,
567 2080 791 2134 comede
822 2089 881 2135 et
896 2082 1098 2152 gratias
1123 2082 1266 2154 agito
1290 2082 1413 2138 Deo.

386 2168 626 2225 XXXVI.
694 2170 861 2227 Noctu
913 2173 1112 2244 diuque
1172 2190 1269 2245 pro
1324 2176 1561 2245 peccatis
1621 2176 1729 2232 tuis
1786 2176 1884 2231 do-

306 2261 447 2316 leas.

385 2352 649 2410 XXXVII.
684 2355 815 2411 Esto
844 2357 1095 2429 alligatus
1117 2357 1462 2430 iuclususque
1490 2369 1649 2415 noctu
1683 2360 1882 2432 diuque

306 2444 364 2499 in
399 2446 609 2501 cucullo
642 2456 750 2513 tuo,
789 2449 988 2514 tunica,
1023 2458 1242 2520 totoque
1274 2449 1459 2505 habitu
1492 2458 1602 2505 tuo.

385 2533 666 2591 XXXVIII.
693 2538 947 2594 Accende
981 2537 1256 2596 lucernam
1285 2548 1429 2595 tuam
1452 2541 1573 2596 oleo
1600 2540 1879 2597 oculorum

308 2632 551 2689 tuorum,
586 2640 778 2697 nempe
812 2627 1085 2699 lacrymis.
1639 2647 1642 2650 '

386 2716 627 2774 XXXIX.
684 2717 741 2776 Si
780 2706 1024 2791 religioni
1053 2734 1273 2791 operam
1318 2720 1550 2787 dederis,
1592 2737 1659 2776 ne
1684 2719 1878 2792 glorien

307 2825 492 2951 nsXL.
524 2897 862 2965 Quaerentem
896 2897 1096 2955 Christi
1128 2900 1285 2955 Iidem
1316 2914 1384 2956 ne
1405 2899 1643 2971 rejicias.

378 2987 517 3045 XLI.
546 2989 913 3085 Cogitationes
964 3001 1084 3047 tuas
1132 2992 1384 3085 omnibus
1416 3008 1483 3048 ne
1520 2991 1752 3064 aperias,
1787 2993 1878 3048 sed
1910 3023 1957 3085 ο

306 3082 380 3137 iis
405 3091 610 3137 tantum
642 3083 732 3152 qui
763 3083 1001 3137 animam
1035 3092 1180 3137 tuam
1214 3084 1423 3140 saivare
1453 3093 1698 3155 possunt.

382 3171 541 3229 XLII.
565 3174 643 3229 Ad
675 3188 905 3230 messem
929 3188 1054 3229 cum
1095 3176 1422 3244 perrexeris,
1452 3189 1520 3231 ne
1554 3190 1733 3232 moras
1756 3191 1881 3246 pro-

309 3266 521 3331 trahas,
553 3265 644 3321 sed
677 3267 908 3322 reditum
938 3265 1007 3320 ad
1035 3266 1421 3321 monasterium
1444 3267 1708 3322 accelera.

385 3356 565 3411 XLIII.
592 3356 842 3412 llabitum
872 3371 980 3426 quo
1028 3355 1297 3428 glorieris,
1339 3370 1406 3412 ne
1434 3357 1645 3414 induas.

383 3445 569 3502 XLIV.
610 3446 807 3504 Vocem
834 3456 980 3501 tuam
1004 3461 1069 3503 ne
1090 3446 1339 3514 extollas,
1367 3447 1468 3503 nisi
1497 3449 1882 3505 canonicarum

309 3539 613 3595 orationum
644 3549 906 3610 tempore.

387 3630 542 3688 XLV.
589 3629 699 3689 Ora
738 3634 793 3687 in
840 3630 976 3687 cella
1018 3641 1126 3695 tua,
1181 3640 1470 3702 antequam
1501 3632 1568 3686 ad
1598 3633 1882 3688 ecclesiam

308 3724 691 3797 proﬁciscaris.

387 3812 567 3869 XLVI.
592 3815 839 3869 Animam
869 3822 1014 3869 tuam
1041 3814 1279 3884 quotidie
1315 3814 1600 3869 ntortilica.

388 3904 595 3962 XLVII.
624 3905 968 3963 lnlirmitates
1007 3906 1208 3963 nemini
1238 3906 1489 3976 obiicias.

386 4080 617 4137 XLVIII.
644 4079 827 4149 Neque
848 4079 1122 4151 glorieris,
1147 4093 1322 4150 neque
1345 4078 1527 4135 rideas
1557 4079 1810 4137 omnino.

388 4173 573 4231 XLIX.
610 4172 832 4230 mestus
852 4182 968 4229 esto
993 4172 1251 4228 continuo
1277 4186 1373 4242 pro
1395 4171 1634 4242 peccatis
1663 4171 1791 4238 tuis,
1823 4187 1886 4227 ac

314 4268 361 4321 si
395 4266 625 4322 haberes
657 4272 929 4321 mortuum
957 4264 1011 4319 in
1045 4265 1205 4320 domo
1244 4273 1331 4318 tua
1362 4278 1603 4333 seraper.

1072 226 1128 282 s.
1172 224 1451 285 ANTONII
1489 224 1561 283 Μ.
1601 181 1901 281 ABBATIS
1940 224 2244 283 necum
2289 224 2374 281 ET
2414 225 2826 285 eumenen.

1913 342 1961 398 Α
1992 335 2075 392 Ea:
2096 337 2272 391 codice
2303 337 2621 409 negaturum
2639 338 2696 395 S.
2717 339 2982 394 Benedicti
3001 339 3314 397 Aniunensis
3329 344 3553 402 abbatis.

3452 79 3487 91 ἢ

3413 235 3550 291 10Ἱο

2068 450 2247 506 XVIII.
2291 451 2368 506 Ne
2418 452 2664 524 loquaris,
2707 455 2759 508 iu
2780 454 3046 519 ecclesia;
3098 469 3197 512 nec
3244 458 3477 513 rcsidcas
3505 460 3560 515 in

1993 543 2208 597 exedris
2249 539 2582 601 monasterii.
2869 598 2874 602 .

2064 633 2203 689 XIX.
2243 635 2356 691 Non
2414 638 2595 706 jurato
2626 650 2839 704 penitus
2890 640 2972 695 vel
3021 641 3301 698 veritatem
3337 642 3422 698 vel
3462 641 3559 696 du-

1993 723 2159 778 bium.

2061 815 2179 870 XX.
2214 816 2289 871 Ne
2329 829 2479 887 petas
2506 819 2809 885 ecclesiam,
2862 821 2929 875 ad
2975 835 3135 891 quam
3167 831 3562 894 congregantur

1992 906 2258 963 homines.
2319 908 2491 979 Eroga
2530 911 2948 981 eleemosynam,
2988 924 3246 983 quantum
3280 925 3449 985 potes.
3480 915 3560 971 Ne

1991 998 2220 1067 sepelias
2246 1010 2513 1055 mortuum
2540 1002 2591 1056 in
2620 1002 2869 1081 ecclesia.

2023 1076 2035 1087 ’
2062 1085 2201 1141 XXI.
2231 1086 2309 1143 Ne
2344 1090 2517 1145 facias
2549 1076 2825 1159 convivia;
2869 1108 2968 1150 nec
2998 1093 3063 1149 ad
3103 1096 3434 1166 symposium
3463 1110 3559 1152 vo—

1991 1187 2144 1231 catus
2169 1181 2411 1236 accedas.

2060 1268 2227 1326 XXII.
2266 1272 2496 1328 Addisce
2519 1273 2760 1342 quotidie
2785 1274 3119 1344 disciplinam
3147 1291 3176 1331 a
3210 1278 3509 1334 senioribus
3538 1297 3552 1334 :

1991 1375 2090 1416 nec
2119 1361 2283 1417 ullum
2312 1365 2642 1433 aggrediaris
2668 1379 2822 1434 opus,
2854 1367 2956 1423 nisi
2990 1367 3231 1425 consultu
3255 1368 3418 1425 Patre
3443 1387 3556 1427 mc-

1989 1455 2229 1511 nasterii.

2038 1602 2247 1687 XXIII.
2270 1631 2403 1686 Cum
2442 1633 2559 1688 abis
2596 1633 2663 1689 ad
2718 1635 3069 1691 hauriendam
3097 1651 3316 1707 aquam,
3339 1638 3554 1693 interim

1916 1698 1960 1754 B
1988 1720 2113 1775 dum
2143 1722 2245 1778 iter
2267 1723 2510 1791 conﬁcis,
2549 1725 2664 1795 lege
2683 1739 2944 1798 quantum
2976 1701 3148 1798 potes.

2053 1811 2247 1870 XXIV.
2281 1814 2337 1870 Si
2368 1818 2676 1886 erogaveris
2724 1819 3141 1891 eleemosynam,
3203 1835 3272 1876 ne
3314 1830 3556 1877 ostentes

1987 1902 2150 1959 illam.
2187 1904 2244 1960 Si
2276 1905 2514 1964 adfueris
2538 1909 2720 1980 aliquo
2747 1910 2800 1964 in
2842 1909 2961 1967 loco
2988 1912 3077 1966 ubi
3108 1921 3361 1982 erogatur
3410 1913 3552 1968 elec-

1986 2010 2229 2068 mosyna,
2261 2000 2482 2056 comede
2517 2010 2574 2056 et
2608 2002 2809 2071 gratias
2831 2017 2932 2072 age
2955 2002 3081 2058 Deo.

2058 2176 2225 2233 XXV.
2277 2177 2614 2237 Contristare
2644 2189 2803 2237 noctu
2838 2181 3037 2252 diuque
3061 2196 3160 2251 pro
3187 2191 3412 2251 peccato
3441 2193 3550 2238 tuo.

1986 2265 2116 2322 Esto
2164 2266 2444 2325 devinctus
2473 2271 2524 2325 in
2560 2271 2764 2326 cuculls
2811 2281 2923 2336 tua,
2953 2282 3007 2328 et
3040 2272 3090 2326 in
3119 2272 3296 2327 tunica
3326 2281 3413 2329 tua
3459 2289 3554 2329 no~

1983 2366 2071 2413 ctu
2105 2369 2267 2430 atque
2282 2361 2389 2416 die.
2420 2363 2668 2420 Accende
2697 2364 2994 2435 lampadem
3023 2371 3171 2422 tuam
3219 2364 3338 2420 oleo
3364 2367 3550 2422 oculo-

1984 2465 2102 2505 rum
2137 2461 2372 2520 tuorum,
2398 2468 2589 2524 nempe
2616 2453 2894 2527 lacrymis.
2929 2457 2988 2511 Si
3017 2457 3232 2527 pietatis
3257 2464 3408 2516 actus
3438 2458 3567 2514 edi-

1983 2541 2147 2607 deris,
2198 2557 2267 2599 ne
2311 2543 2580 2614 glorieris.
2633 2544 2711 2601 Ne
2764 2545 3007 2604 dimittas
3058 2563 3402 2619 quemquam,
3460 2554 3549 2620 qui

1983 2635 2176 2704 quaerit
2214 2634 2510 2692 Christum.
2576 2636 2656 2694 Ne
2710 2637 2959 2709 propales
3022 2639 3375 2708 cogitationes
3429 2649 3553 2695 tuas

1982 2726 2191 2782 cunctis
2247 2727 2576 2795 hominibus,
2606 2728 2700 2786 sed
2732 2729 2905 2787 solum
2964 2729 3033 2787 iis
3060 2730 3154 2801 qui
3190 2738 3417 2802 possunt
3447 2732 3553 2788 sal.

1985 2831 2110 2872 vare
2140 2817 2376 2875 animam
2406 2828 2574 2876 tuam.

2058 3163 2245 3221 XXVI.
2274 3164 2330 3221 Si
2361 3167 2562 3224 abieris
2592 3169 2659 3224 ad
2682 3184 2935 3239 messem,
2963 3187 3030 3228 ne
3057 3173 3303 3242 moreris,
3328 3176 3420 3232 sed
3442 3178 3555 3233 cito

1987 3266 2258 3312 revertere
2284 3257 2350 3331 ad
2386 3259 2794 3316 monasterium.

2056 3346 2266 3403 XXVII.
2309 3348 2386 3405 Ne
2420 3349 2612 3405 induas
2661 3353 2980 3409 vestimenta
3006 3395 3023 3422 ,
3081 3356 3279 3426 quibus
3325 3357 3552 3413 extolla-

1986 3437 2081 3492 ris.
2116 3437 2192 3494 Nc
2213 3449 2456 3496 ostentes
2478 3456 2662 3497 vocem
2707 3452 2873 3511 tuam,
2910 3446 3011 3502 nisi
3056 3447 3109 3503 in
3146 3451 3392 3504 oratione
3418 3466 3556 3520 pra--

1986 3540 2164 3600 cepta.
2190 3530 2296 3588 Ora
2330 3533 2383 3588 in
2414 3535 2574 3592 domo
2602 3544 2714 3604 tua,
2738 3546 3028 3609 antequam
3066 3540 3249 3596 venias
3281 3543 3347 3595 ad
3378 3542 3554 3597 eccle-

1984 3635 2140 3678 alam.

2058 3804 2291 3862 XXVIII.
2323 3804 2585 3861 Mortillca
2619 3805 2958 3874 temetipsum
2985 3806 3244 3876 quotidie.

2061 3898 2252 3955 XXIX.
2286 3897 2363 3953 Ne
2385 3899 2717 3969 improperes
2739 3897 3016 3966 cuiquam,
3041 3911 3205 3953 causa
3229 3897 3473 3953 dolorum
3500 3909 3554 3953 et

1986 3992 2338 4049 aIIIictionum
2371 4006 2507 4062 quas
2540 3990 2764 4060 patitur.

2055 4082 2225 4140 XXX.
2251 4082 2328 4137 Ne
2351 4082 2622 4154 glorieris,
2658 4096 2832 4153 neque
2862 4080 3038 4137 rideas
3063 4081 3304 4138 omnino.
3330 4081 3401 4137 Da
3428 4097 3557 4152 ope-

1989 4192 2101 4231 ram
2126 4184 2185 4229 ut
2207 4173 2390 4243 lugeas
2408 4171 2478 4228 ob
2502 4180 2783 4243 peccatum
2809 4178 2983 4236 tuum,
2999 4171 3138 4227 sicut
3158 4171 3302 4242 luget
3323 4173 3369 4227 is
3394 4188 3507 4243 pen»
3528 4188 3556 4227 s

1985 4281 2146 4337 quem
2196 4264 2390 4334 aliquis
2433 4272 2677 4318 mortuus
2701 4269 2802 4318 est.
2836 4250 2946 4318 Fac
2985 4269 3248 4332 quantum
3280 4274 3456 4333 potes,
3498 4280 3551 4318 ut

389 4359 451 4413 L.
483 4356 712 4428 Operam
734 4357 803 4412 da
817 4367 1074 4426 quantum
1095 4358 1269 4426 potes,
1297 4365 1351 4410 ut
1379 4355 1700 4426 glori/iretur
1724 4354 1883 4411 Pater
1914 4363 1959 4420 ῃ
1987 4354 2307 4427 glori/iretur
2339 4352 2499 4408 Pater
2533 4362 2653 4407 tuus
2691 4353 2874 4424 quiest
2899 4352 2952 4407 in
2975 4352 3114 4407 ccelis
3143 4354 3185 4407 ⁸.

316 4460 438 4502 tuus
465 4450 553 4519 qui
573 4456 648 4503 est
677 4448 731 4502 in
750 4447 897 4503 ralis
919 4446 968 4504 '.

387 4539 474 4596 LI.
500 4539 726 4609 Corripe
759 4538 897 4595 ﬁlios
925 4546 1067 4604 tuos,
1094 4553 1193 4594 uec
1223 4553 1450 4609 parcas;
1489 4537 1614 4608 quia
1645 4537 1883 4608 ipsorum

317 4630 595 4687 damnatio
619 4645 649 4683 a
684 4639 735 4684 te
772 4628 1035 4700 exigetur.

391 4722 499 4778 LII.
533 4721 612 4779 Ne
640 4720 893 4777 comedas
915 4720 981 4776 ad
1002 4718 1330 4776 satietatem.

389 4814 523 4869 Llll.
565 4810 809 4868 Dormias
838 4824 1051 4880 parum,
1082 4821 1137 4866 et
1176 4826 1301 4867 cum
1336 4826 1617 4880 mensura;
1649 4811 1885 4868 invisent

320 4917 375 4962 te
399 4906 588 4978 angeli.

391 4997 526 5054 LIV.
557 4998 690 5054 Cum
734 4995 975 5051 oraveris
1016 5006 1070 5051 et
1101 4994 1194 5050 Dei
1242 4995 1575 5062 memineris,
1615 4995 1888 5051 constitue

320 5089 562 5146 habitum
605 5099 753 5145 tuum
770 5104 881 5159 quo
901 5104 961 5145 es
993 5087 1228 5153 indutus,
1265 5099 1323 5144 ut
1350 5089 1464 5146 alas
1492 5088 1688 5160 quibus
1715 5096 1886 5143 trans-

320 5177 489 5234 Irctes
520 5194 670 5235 mare
697 5179 931 5249 igneum.

393 5268 502 5327 LV.
534 5272 615 5329 Ad
635 5282 866 5345 egrotos
892 5275 1256 5345 proﬁciscere,
1294 5281 1351 5331 ct
1375 5285 1567 5330 eorum
1585 5283 1714 5328 vasa
1740 5282 1881 5338 aqua

319 5356 504 5427 Inqﬂe.

390 5447 525 5505 LVI.
559 5449 780 5523 Linguae
807 5455 1106 5511 certamina
1136 5454 1300 5512 evita.

396 5621 418 5655 ⁸
457 5626 644 5685 Matth.
677 5645 729 5696 ν,
773 5630 860 5687 16.

2064 4481 2254 4589 XXXI.
2285 4532 2511 4604 Corrige
2550 4530 2717 4586 lllium
2752 4539 2926 4600 tuum,
2959 4546 3057 4588 nec
3079 4545 3269 4602 parcas
3298 4547 3314 4598 ;
3343 4530 3560 4584 damna-

1995 4625 2068 4681 tio
2087 4626 2229 4680 enim
2265 4623 2406 4679 illius
2437 4638 2467 4677 a
2493 4632 2545 4677 te
2569 4622 2819 4692 exigitur.
3449 4659 3453 4665 .

2064 4712 2281 4770 XXXII.
2331 4712 2442 4769 Nec
2489 4714 2743 4768 comedas
2770 4711 2835 4766 ad
2882 4710 3222 4776 satietatem;
3284 4725 3381 4765 nec
3437 4710 3563 4764 dor-

1994 4807 2152 4873 mias,
2186 4805 2290 4861 nisi
2340 4820 2532 4876 parum
2585 4813 2641 4860 et
2682 4803 2988 4877 moderate;
3038 4813 3092 4858 et
3133 4804 3353 4858 veniant
3404 4804 3472 4858 ad
3509 4813 3561 4857 te

1993 4898 2188 4969 auge“.

2062 4986 2298 5044 XXXIII.
2321 4986 2457 5042 Cum
2494 4986 2757 5054 oraveris,
2788 4995 2844 5043 et
2874 5001 3081 5044 memor
3105 4987 3271 5043 fueris
3311 4987 3423 5051 Dei.
3476 4986 3564 5042 l‘ac

1993 5081 2087 5135 tibi
2118 5080 2429 5135 indumenta
2460 5087 2548 5134 tua
2592 5078 2702 5134 sint
2733 5077 2853 5147 alte,
2876 5088 2930 5133 et
2955 5078 3192 5133 evolabis
3218 5093 3380 5149 super
3410 5093 3559 5133 mare

1992 5173 2231 5242 igneum.

2065 5260 2302 5319 XXXIV.
2329 5261 2502 5319 Visita
2524 5270 2758 5334 aegrotos
2786 5271 2841 5318 et
2864 5261 3130 5327 intirmos,
3150 5269 3202 5316 et
3230 5260 3389 5331 imple
3411 5275 3562 5316 tuen-

1993 5371 2151 5411 SIII‘IIS
2177 5371 2269 5413 seu
2300 5371 2428 5412 vasa
2459 5371 2646 5412 eorum
2675 5370 2835 5425 aqua.

2064 5446 2280 5504 XXXV.
2308 5446 2386 5504 Ne
2416 5461 2620 5519 pugnes
2646 5447 2846 5517 lingua.
2875 5442 2955 5498 Ita
2978 5451 3029 5499 te
3061 5450 3283 5513 praesta,
3316 5452 3373 5498 ut
3399 5452 3566 5497 bene.
