3976 6204
483 199 610 258 I'JTi
1547 188 1821 244 PATRES
1862 185 2166 243 .‘EGYPTII
2207 186 2480 246 SJECULI
2522 189 2608 245 IV.
3582 208 3695 266 mn

583 312 664 365 Ex
693 310 943 374 Arabico,
980 311 1260 375 interprete
1287 305 1585 359 Mra/mmo
1614 303 1960 359 Eccliellensi.
2092 307 2137 363 Λ
2308 301 2391 357 Ex
2411 305 2588 359 codice
2606 303 2922 374 Regnlarum
2951 303 3008 360 S.
3032 305 3302 364 Benedicti
3319 312 3590 372 dnianemir

2841 398 3072 453 abbatis.

549 484 704 539 LVII.
737 485 874 539 Cura
915 491 970 536 ut
994 494 1182 535 omnes
1214 479 1463 536 homines
1495 489 1543 536 te
1567 479 1918 536 benedicant.
2168 482 2348 538 dicant
2378 494 2430 540 te
2463 501 2677 542 omnes.
2733 487 2798 542 Et
2841 488 3097 542 Dominus
3121 488 3278 546 Iesus
3316 490 3545 550 Christus
3564 513 3686 567 oprin

2165 575 2325 630 nobis
2350 575 2540 632 aﬂ'erat
2573 579 2644 632 ‘ad
2679 580 3010 651 operandum
3051 583 3341 636 secundum
3375 584 3530 652 ipsius
3566 588 3690 642 Ιιοιιιιο

2160 665 2424 734 placitum
2454 682 2468 720 :
2495 670 2580 724 cui
2605 670 2776 740 gloria
2812 688 2935 727 cum
2979 671 3138 728 Patre
3168 689 3290 743 suo,
3313 683 3366 730 et
3393 675 3581 744 Spiritu
3613 695 3690 737 suo

2165 770 2356 816 saneto
2383 760 2435 815 in
2458 764 2738 819 saeculum.
2771 765 2968 821 Amen.

2311 849 2443 916 Qua:
2463 863 2774 921 sequuntur,
2805 857 3067 912 habentur
3093 861 3144 915 in
3169 861 3275 914 alio
3299 863 3581 932 exemplari.

545 923 728 1027 LVIII.
757 923 833 1027 Te
856 939 1030 1027 ipsum
1061 921 1140 1027 ad
1171 939 1332 994 Opera
1365 939 1629 977 manuum
1659 939 1822 994 urge;
1859 923 2066 982 inhahi-
2239 941 2481 1000 xxxv].
2509 947 2654 1016 Coae
2685 957 2738 1004 ιθ
2762 949 2939 1018 ipsum
2963 951 3015 1004 in
3041 968 3206 1022 opere
3231 921 3476 1010 manu,"
3500 966 3692 1027 marum,

474 1021 608 1074 nam
633 1021 758 1075 inte
794 1019 956 1074 timor
981 1019 1096 1072 Dei.
2159 1041 2220 1087 et
2253 1033 2414 1089 timor
2444 1037 2665 1094 Domini
2705 1040 3038 1096 inhabitabil
3071 1019 3120 1098 in
3149 1054 3220 1099 te.

546 1113 734 1170 LXIX.
771 1114 828 1169 Si
877 1129 1041 1210 quem
1090 1111 1314 1166 fratrem
1365 1110 2062 1210 videri8___pccca5_se._sed
2238 1124 2503 1185 xxxvu.
2536 1130 2594 1187 Si
2629 1135 2986 1204 conspexeris
3024 1134 3250 1191 fratrem
3297 1133 3517 1208 aliquem
3548 1155 3695 1210 perpe-

476 1224 582 1262 uon
621 1209 688 1261 ad
735 1213 962 1260 morlcm
994 1204 1015 1234 °
1038 1246 1054 1269 .
1090 1219 1158 1257 ne
1199 1211 1520 1257 εοηιεηὶηειε
1568 1201 1743 1268 illum.
1796 1201 2064 1272 ἀθερίεῖθδ
2184 1225 2728 1291 trantempeceatum
2761 1201 2868 1283 non
2904 1229 2971 1282 ad
3001 1238 3234 1287 mortem
3266 1230 3312 1298 ',
3343 1201 3407 1288 ne
3434 1201 3692 1288 contemnas

474 1311 567 1354 aut
613 1300 838 1355 damnes
882 1315 896 1352 :
943 1297 1149 1351 incides
1181 1295 1326 1368 enim
1373 1293 1428 1348 in
1478 1309 1673 1350 manus
1712 1294 2059 1349 inimicorum
2163 1293 3692 1398 eidespicias,nequecondcmnesiumngincidesquimm

474 1399 710 1443 tuorum.
2167 1403 2221 1458 in
2255 1420 2472 1462 manum
2503 1409 2846 1468 inimicorum
2875 1423 3114 1471 tuorum.

546 1481 655 1536 LX.
685 1482 828 1536 Cave
856 1495 922 1534 ne
947 1477 1252 1548 pelliciatur
1277 1475 1583 1533 intellectus
1629 1476 1891 1533 memoria
1915 1490 2058 1547 prte-

2236 1491 2523 1555 XXXVlll.
2548 1501 2690 1559 Cave
2719 1504 2812 1559 tibi
2845 1520 2912 1562 ne
2933 1507 3229 1562 seducatur
3280 1509 3558 1565 intellectus
3581 1520 3688 1575 tuus,

472 1568 757 1629 ieritorum
787 1583 1154 1643 peccatorum,
1187 1585 1254 1624 ne
1285 1571 1612 1626 innoventur
1648 1569 1702 1624 in
1742 1580 1815 1625 te.

2166 1591 2516 1654 memorando
2543 1605 2762 1662 peccata
2793 1605 2879 1651 tua
2904 1600 3108 1667 priora,
3133 1615 3203 1655 ne
3240 1613 3544 1656 renoventur
3573 1606 3613 1657 in
3634 1615 3685 1658 tr.

545 1666 681 1722 LXI.
729 1666 1098 1721 Humilitatem
1131 1665 1328 1736 dilige;
1375 1674 1431 1720 et
1475 1664 1592 1735 ipsa
1635 1671 1888 1735 proteget
1933 1671 1987 1718 te
2019 1677 2060 1717 ~a

2246 1679 2488 1737 XXXIX.
2525 1684 2693 1757 Dilige
2733 1661 3121 1756 humilitatem,
3169 1707 3292 1762 qua:
3346 1704 3564 1765 proteget
3603 1705 3686 1750 tea

474 1763 731 1852 peccatis.
782 1851 787 1852 γ
1284 1850 1295 1852 ᾗ
1493 1851 1504 1852 7
2176 1785 2418 1844 peccato.
2471 1775 2550 1832 Ne
2590 1781 2668 1836 sis
2717 1783 2968 1852 pertinax
3013 1785 3082 1839 ad
3134 1787 3471 1842 statuendum
3496 1763 3684 1843 verbum

547 1851 704 1908 LXII.
749 1851 826 1908 Ne
869 1852 1209 1922 importunus
1252 1850 1350 1916 sis,
1393 1851 1739 1921 verbumque
1768 1859 1919 1906 tuum
1945 1861 2060 1907 sta-

2167 1876 2342 1936 tttum,
2368 1885 2435 1926 ne
2462 1881 2688 1942 occupet
2717 1850 2767 1930 ie
2797 1877 3017 1932 malum.
3063 1878 3147 1933 Ne
3191 1889 3406 1950 reputes
3431 1890 3477 1936 te
3517 1884 3684 1950 sapien-

473 1953 624 1999 lucrc
648 1945 966 2008 c‘mlcndasr
996 1958 1062 1998 ne
1099 1943 1229 1998 ἱηείι
1263 1941 1360 1998 libi
1383 1943 1611 1998 malum-
2169 1968 2313 2014 tem:
2351 1971 2404 2018 et
2427 1941 2769 2034 gloriaberis,
2807 1977 2861 2024 et
2894 1969 3107 2028 incides
3134 1972 3189 2026 in
3237 1941 3448 2027 manum
3489 1941 3684 2028 inimico-

541 2035 725 2091 LXIII.
760 2036 1071 2106 Sapientem
1110 2051 1177 2089 ne
1205 2045 1255 2090 te
1291 2043 1551 2105 reputes;
1583 2036 1837 2107 superbia
1865 2035 2058 2092 eﬂ'ere-

2169 2068 2288 2108 rum
2317 2064 2550 2114 tuorum.
2575 2058 2867 2117 Assuescat
2896 2063 3079 2134 lingua
3133 2074 3234 2121 tua
3271 2066 3444 2122 dicere
3469 2085 3481 2120 :
3506 2066 3682 2136 Ignora

471 2138 561 2184 tur
606 2131 788 2184 anima
856 2138 988 2195 tua,
1069 2128 1384 2199 incidesque
1445 2128 1499 2182 in
1585 2145 1779 2186 manus
1825 2130 2058 2186 hostium

2169 2147 2296 2202 mihi
2320 2189 2334 2213 ,
2357 2157 2413 2203 et
2445 2155 2794 2224 consequeris
2825 2128 3219 2213 humilitatem.

474 2233 712 2276 tuorum.
974 2255 978 2260 ι

541 2313 722 2370 LXIV.
745 2313 1040 2369 Assuescat
1065 2311 1247 2384 lingua
1267 2323 1366 2368 tua
1418 2311 1633 2369 dicere:
1655 2311 1876 2384 Ignosce
1908 2313 2060 2381 mihi,

469 2419 522 2460 et
554 2406 804 2461 adveniet
828 2407 924 2461 tibi
952 2407 1248 2461 humilitas.

541 2495 704 2552 LXV.
740 2496 877 2552 Cum
907 2496 1120 2551 sederis
1153 2495 1207 2550 in
1236 2493 1432 2551 cellula
1465 2504 1554 2550 tua
1575 2534 1592 2561 ,
1643 2509 1772 2551 cura
1807 2495 1924 2550 haec
1959 2494 2059 2549 tria
2239 2488 2351 2544 XL.
2379 2491 2522 2546 Cum
2550 2491 2755 2548 sederis
2802 2492 2855 2547 in
2885 2491 3018 2549 cella
3076 2504 3193 2560 tua.
3244 2493 3488 2552 sollicitus
3511 2504 3603 2551 esto
3631 2498 3678 2548 ile

476 2589 825 2659 persolvere:
864 2602 999 2658 Opus
1022 2602 1279 2642 manuum
1315 2596 1554 2656 tuarum,
1587 2585 1883 2643 lectionem
1915 2585 2061 2657 psaI-
2171 2582 2342 2638 tribus
2389 2583 2536 2640 hisce
2570 2584 2732 2639 rebus
2784 2597 3046 2657 perpetuo
3071 2627 3090 2654 ,
3143 2589 3390 2644 nimirum
3415 2630 3428 2655 ,
3466 2588 3523 2644 de
3556 2603 3675 2658 opete

475 2698 686 2738 morum
726 2691 781 2736 et
809 2682 1106 2738 orationes.
2168 2689 2425 2728 manuum
2453 2685 2688 2742 tuarum,
2711 2676 2777 2730 dc
2800 2679 3160 2736 meditatione
3190 2689 3396 2737 tuorum
3414 2681 3672 2752 psalmorum

2167 2774 2216 2819 et
2252 2764 2318 2818 de
2347 2766 2592 2822 oratione
2619 2775 2730 2821 tua.

544 2861 726 2918 LXVI.
761 2861 948 2931 Cogita
993 2877 1164 2934 penes
1191 2873 1245 2918 te
1271 2877 1336 2918 ac
1371 2863 1575 2919 dicito:
1613 2861 1731 2918 Non
1760 2877 1877 2919 sum
1909 2879 2062 2918 man-
2242 2857 2376 2912 XLI.
2413 2857 2602 2928 Cogita
2650 2861 2790 2929 apud
2824 2860 3184 2934 temetipsum
3221 2875 3274 2920 et
3307 2866 3492 2920 dicito:
3530 2863 3671 2930 Utique

472 2973 632 3013 surus
665 2959 716 3013 in
746 2959 849 3013 hoc
882 2957 1105 3026 mundo,
1141 2957 1245 3014 nisi
1272 2958 1372 3014 hac
1398 2957 1522 3025 die;
1562 2965 1617 3013 et
1648 2973 1760 3014 non
1810 2957 2062 3028 peccabis
2112 3030 2125 3032 _
2172 2965 2276 3004 ηοιι
2304 2953 2533 3008 manebo
2557 2953 2609 3007 in
2647 2955 2748 3010 hoc
2778 2960 3002 3022 mundo,
3037 2958 3154 3016 nisi
3203 2961 3436 3032 privseuli
3472 2961 3554 3016 hac
3581 2960 3670 3022 die:

475 3051 606 3107 nco.
2095 3030 2138 3088 Ο
2174 3053 2228 3098 et
2255 3059 2359 3098 non
2389 3045 2638 3114 peccabis
2682 3047 2813 3103 Deo.

544 3143 750 3200 LXVII.
788 3142 866 3200 Ne
915 3143 990 3201 sis
1030 3143 1250 3215 gulosus
1276 3151 1334 3198 et
1375 3141 1589 3198 deditus
1629 3140 1789 3208 cibis,
1821 3154 1888 3196 ne
1911 3139 2067 3196 inno-
2246 3134 2400 3191 XLII.
2437 3135 2514 3191 Ne
2541 3138 2618 3194 sis
2647 3138 2827 3196 helluo
2857 3139 3142 3210 ciborum,
3174 3159 3239 3201 ne
3269 3145 3601 3200 resusciteatur
3629 3140 3666 3194 in

473 3247 668 3291 ventur
704 3236 759 3290 in
788 3246 840 3290 te
871 3234 1051 3306 priora
1085 3245 1174 3290 tua
1207 3243 1452 3306 peccata.

2169 3235 2221 3281 te
2249 3225 2431 3294 priora
2460 3237 2702 3296 peccata.

543 3329 771 3384 LXVIII.
809 3327 1020 3383 Nullius
1053 3327 1256 3383 laboris
1287 3326 1480 3382 taedeat
1505 3334 1598 3391 te;
1637 3333 1692 3380 et
1720 3325 1938 3394 requies
1969 3323 2062 3378 tibi
2241 3318 2426 3376 XLIII.
2466 3319 2546 3378 Ne
2574 3323 2767 3380 trdeat
2803 3333 2853 3380 te
2883 3325 3138 3397 laboris;
3176 3340 3228 3388 et
3258 3329 3557 3402 superveniet
3597 3324 3665 3379 tibi

473 3422 926 3478 ritoimmittetur
959 3437 988 3475 a
1014 3420 1146 3478 Deo.
2165 3413 2272 3468 cito
2307 3415 2542 3484 requies.
2571 3415 2743 3473 Sicuti
2774 3419 3056 3489 parietinae
3107 3425 3376 3479 ruinarum
3399 3433 3528 3478 extra
3567 3418 3663 3472 ciri-

547 3513 731 3569 LXIX.
768 3513 1235 3580 Quemadmodum
1285 3512 1442 3567 ruina
1473 3520 1626 3567 extra
1655 3509 1933 3566 civitatem
1978 3509 2062 3565 in-
2169 3517 2329 3562 tatem
2359 3509 2492 3564 liunt
2515 3511 2666 3568 locus
2706 3512 2917 3570 [αξιοι-ῖς
2943 3517 3247 3585 omnibus;
3299 3519 3365 3574 ita
3388 3519 3538 3572 anima
3563 3510 3664 3583 pigri

469 3606 640 3661 servit
672 3605 740 3660 ad
785 3603 1004 3660 fmtidas
1045 3605 1235 3660 sordes
1261 3602 1552 3670 omnibus;
1589 3602 1663 3656 ita
1705 3602 1885 3656 anima
1923 3601 2060 3674 pigri
2163 3601 2254 3670 qui
2307 3603 2472 3673 cmpit
2514 3605 2924 3675 monachatum,
2954 3607 3046 3664 fiet
3074 3611 3288 3667 mansio
3316 3608 3663 3681 passionibuset

469 3711 526 3754 et
553 3699 867 3770 impotentis
897 3699 990 3770 qui
1035 3696 1338 3753 monastico
1369 3695 1620 3750 instituto
1644 3709 1704 3750 se
1732 3695 1951 3750 tradidit
2001 3693 2061 3750 fit
2164 3692 2468 3753 fetoribus.

473 3793 878 3863 receptaculum
915 3792 1169 3847 omnibus
1195 3789 1542 3862 passionibus
1567 3797 1622 3842 et
1648 3787 1950 3844 factoribus.

541 3884 708 3940 LXX.
747 3885 970 3940 Enitere
1009 3883 1294 3939 orationes
1335 3882 1558 3937 fundere
1602 3889 1892 3949 perpetuas
1933 3895 2058 3934 cum
2235 3877 2416 3934 XLIV.
2453 3879 2596 3951 Coge
2631 3888 2684 3937 te
2723 3895 2925 3952 ipsum,
2962 3891 3022 3938 ut
3051 3897 3183 3940 ores
3207 3891 3445 3953 perpetuo
3473 3893 3568 3934 cum
3605 3876 3658 3927 la-

469 3979 746 4050 lacrymis,
785 3988 844 4033 nt
873 3976 1014 4032 forte
1049 3976 1375 4032 misereatur
1412 3975 1486 4030 tui
1517 3973 1680 4041 Deus,
1711 3979 1980 4044 exuatque
2004 3983 2058 4029 te
2159 3972 2378 4042 crymis,
2419 3981 2477 4028 ut
2509 3972 2648 4030 forte
2689 3974 3018 4030 misereatur
3060 3977 3142 4031 tui
3187 3976 3339 4040 Deus,
3380 3984 3426 4027 et
3453 3978 3584 4026 exuat
3617 3977 3655 4018 te

470 4072 687 4128 homine
719 4071 908 4124 veteri.
2156 4065 2323 4118 Veteri
2347 4065 2584 4121 homine.

539 4160 726 4217 LXXI.
751 4159 844 4215 llis
874 4176 994 4230 qua:
1029 4160 1120 4214 tibi
1147 4174 1412 4231 propono,
1441 4174 1662 4231 operam
1693 4174 1866 4214 nava:
1897 4173 2052 4215 nem-
2225 4155 2389 4212 XLV.
2421 4157 2719 4216 Persevera
2757 4159 2810 4215 in
2849 4159 2999 4216 hisce
3026 4163 3192 4217 rebus
3216 4174 3344 4231 quas
3376 4158 3520 4214 dicam
3549 4147 3655 4205 :sci-

467 4269 532 4322 pe
590 4253 784 4319 labori,
829 4253 1168 4324 paupertati,
1215 4253 1662 4324 peregrinationi,
1700 4253 1959 4308 aerumnis
1999 4260 2054 4307 et
2156 4246 2282 4303 licet
2335 4248 2388 4302 in
2419 4248 2624 4316 labore,
2654 4261 2990 4322 paupertate,
3011 4251 3444 4324 peregrinatione,
3467 4242 3654 4339 aﬂliclio-

464 4345 702 4410 silentio,
727 4361 847 4416 qum
888 4355 940 4400 te
968 4345 1226 4400 humilem
1256 4343 1514 4400 elliciunt.
1554 4343 1846 4399 llumilitas
1865 4352 2046 4399 autem
2081 4379 2126 4436 Β
2159 4337 2317 4393 nibus
2347 4347 2400 4394 et
2427 4341 2644 4410 quiete;
2675 4350 2728 4398 et
2754 4342 2980 4399 all'erent
3008 4343 3108 4398 tibi
3143 4343 3468 4400 humilitatem
3489 4353 3501 4389 ε
3523 4336 3653 4389 llum!

463 4440 642 4492 omnia
667 4448 888 4508 peccata
917 4437 1163 4492 remittit.
1198 4436 1486 4492 lIumilitas
1507 4453 1635 4493 vero
1664 4447 1770 4502 est,
1799 4445 1856 4492 ut
1888 4435 2049 4492 homo
2081 4431 2115 4436 ⁷
2158 4431 2281 4486 lilaS
2306 4446 2437 4487 vero
2468 4432 2700 4490 dimittet
2733 4435 2916 4490 omnia
2952 4447 3202 4507 peccata.
3241 4434 3490 4492 IIumililaS
3513 4433 3648 4480 ³⁸³⁸⁸³³³

464 4545 524 4585 se
580 4538 920 4600 peccatorem
970 4537 1204 4599 reputet,
1236 4539 1292 4584 et
1319 4529 1461 4600 quod
1490 4530 1625 4585 nihil
1659 4530 1822 4586 faciat
1861 4544 2047 4586 coram
2154 4533 2258 4588 eSt,
2295 4535 2356 4579 ut
2385 4527 2548 4581 homo
2580 4537 2792 4597 reputet
2823 4543 2883 4584 se
2905 4530 3084 4601 ipsum
3127 4513 3646 4616 peccatorem,etquod

462 4619 571 4676 Deo
587 4620 748 4688 boni;
777 4619 991 4675 silentio
1017 4619 1314 4685 incumbat,
1342 4634 1402 4676 se
1425 4620 1596 4690 ipsmn
1634 4622 1788 4677 nihili
1818 4624 2046 4694 habeat;

2162 4618 2287 4672 nihil
2320 4618 2445 4675 boni
2485 4630 2759 4690 perpetret
2783 4630 2968 4678 coram
2998 4623 3140 4691 Deo;
3169 4635 3221 4680 et
3239 4623 3473 4677 adhareat
3494 4608 3640 4681 quielir

461 4715 699 4776 nemini,
745 4721 803 4767 ut
836 4727 930 4768 sua
973 4719 1175 4768 statuat
1221 4713 1383 4769 verba
1409 4754 1424 4780 ,
1476 4707 1580 4769 vim
1620 4715 1858 4785 inferat;
1916 4734 2043 4789 pro-
2150 4720 2203 4765 el
2225 4726 2332 4766 non
2355 4714 2586 4768 wslimel
2608 4727 2669 4768 se
2703 4714 2878 4784 ipsum
2911 4717 3234 4788 quidquam;
3271 4727 3321 4769 cl
3349 4727 3436 4766 "0"
3468 4706 3640 4769 δίιιιθτ·

459 4806 630 4876 priam
661 4806 891 4877 deponat
920 4805 1274 4872 voluntatem,
1308 4807 1480 4862 visum
1518 4807 1784 4876 demittat,
1813 4820 2042 4867 mortem

2162 4804 2294 4858 Linax
2316 4805 2382 4858 ad
2399 4807 2741 4862 statuendum
2760 4809 2983 4864 verbum
3005 4825 3184 4877 suum;
3211 4819 3266 4862 ut
3290 4800 3527 4861 abscindat
3542 4805 3640 4846 con-

458 4909 722 4971 proponat
755 4907 881 4955 ante
910 4899 1117 4964 oculos,
1155 4915 1186 4954 a
1221 4901 1500 4956 mendacio
1543 4911 1752 4968 caveat,
1804 4919 1940 4959 vana
1972 4921 2040 4963 ne
2143 4899 2533 4967 cupiscenliam
2572 4915 2748 4967 suam.
2787 4912 2843 4956 ει
2872 4903 3118 4958 demittat
3171 4901 3382 4962 vultum.
3430 4893 3638 4965 ponamus

455 4991 694 5060 proferat
722 4992 907 5059 verba,
947 4992 1212 5062 superiori
1254 5008 1322 5047 ne
1364 4995 1686 5064 respondeat
1713 5036 1728 5061 ,
1771 4997 2038 5066 patienter

2162 4979 2504 5046 iihi'mortem
2550 5002 2678 5046 ante
2715 4991 2927 5058 oculos,
2967 5002 3024 5048 et
3078 5000 3255 5047 servet
3308 4983 3633 5049 semetipsum!

455 5087 592 5138 ferat
623 5083 868 5155 injurias,
907 5093 962 5138 ct
1007 5083 1076 5138 ad
1131 5081 1343 5138 labores
1373 5099 1436 5139 ac
1484 5085 1661 5139 tristia
1712 5101 1832 5142 sese
1879 5097 2036 5158 cogat
2143 5083 2444 5147 mendacia.
2499 5093 2554 5138 et
2597 5099 2699 5140 non
2728 5086 2980 5156 loquntur
3010 5086 3171 5141 verba
3201 5084 3395 5144 otiosa;
3438 5089 3517 5129 ιιθε
3570 5083 3633 5121 ’θ’

451 5177 752 5230 subeunda.
795 5174 1035 5246 Satagite
1056 5188 1208 5245 ergo,
1251 5174 1467 5240 fratres,
1503 5173 1619 5233 haec
1647 5189 1870 5234 servare
1896 5193 2035 5249 prat-
2139 5178 2398 5248 spondeat
2441 5179 2745 5250 superiori;
2808 5189 2864 5235 et
2913 5177 3260 5250 opprobrium
3304 5171 3553 5229 sustineat.
3593 5164 3632 5210 εί

450 5279 631 5334 cepta,
665 5281 734 5322 ne
759 5267 963 5337 absque
991 5265 1169 5322 fructu
1199 5265 1268 5321 sit
1303 5265 1411 5321 vita
1445 5276 1642 5322 vestra.
2145 5268 2272 5324 odio
2298 5267 2494 5325 habeat
2531 5269 2816 5337 desidiam,
2845 5277 2900 5326 et
2933 5269 3094 5326 instet
3120 5263 3371 5335 laboribus
3395 5267 3442 5313 et
3476 5258 3629 5307 ηιωτο·

1092 5404 1100 5414 .
2144 5362 2312 5418 ribus.

519 5438 730 5495 LXXll.
780 5440 1066 5512 Promptus
1092 5404 1232 5508 esto,
1279 5454 1335 5500 ut
1367 5445 1514 5503 dicas
1549 5447 1616 5503 ad
1657 5446 2028 5520 quodcunque
2144 5378 2397 5510 Μῖίῗγι.
2439 5454 2642 5512 Curate
2686 5454 2869 5526 igitur,
2921 5454 3114 5511 fratres
3167 5447 3285 5515 mei,
3334 5443 3434 5498 hzec
3460 5440 3627 5491 servm

506 5657 528 5690 ⁹
563 5655 761 5716 ann.
799 5675 848 5727 ν,
887 5663 972 5721 I6.
