3990 6210
311 466 320 494 I

365 287 508 345 1073

474 398 560 452 Ex
588 396 837 463 Arabico,
865 397 1142 467 interprete
1166 399 1466 459 Abrahamo
1491 404 1839 468 Ecclrellensi.

360 553 584 608 verbum
646 555 787 626 quod
825 557 982 613 audis
1015 577 1029 613 :
1062 557 1289 631 Ignosce
1314 568 1467 634 mihi,
1507 569 1634 640 quia
1667 571 1947 632 humilitas

361 661 554 701 omnes
585 649 755 703 hostis
782 651 1212 710 machinationes
1238 658 1497 717 destruit.

437 736 670 794 LXXIII.
707 741 781 795 Ex
833 743 1091 811 operibus
1135 747 1262 814 tuis,
1313 765 1650 826 qmecunque
1700 759 1831 828 sint,
1892 769 1946 816 te

365 831 535 898 ipsqu
577 846 643 886 ne
673 832 886 890 efferas.

431 1011 671 1068 LXXIV.
707 1015 900 1074 Vultus
946 1028 1070 1077 tuus
1123 1034 1381 1095 perpetuo
1431 1037 1655 1084 maestus
1702 1030 1792 1094 sit,
1841 1032 1943 1087 nisi

361 1117 482 1156 cum
514 1105 714 1162 adeunt
745 1117 796 1164 te
829 1110 1031 1167 fratres
1061 1116 1340 1179 extranei;
1381 1127 1508 1173 tunc
1541 1120 1684 1174 enim
1715 1121 1942 1178 hilarem

361 1193 522 1246 indue
561 1197 791 1264 vultum,
818 1209 875 1254 ut
904 1201 1174 1258 inhabitet
1215 1209 1268 1260 in
1295 1215 1345 1262 te
1381 1209 1542 1262 timor
1579 1209 1691 1264 Dei.

435 1283 646 1341 LXXV.
677 1287 734 1344 Si
768 1290 870 1345 iter
893 1292 1194 1350 confeceris
1211 1310 1330 1350 cum
1355 1296 1634 1368 fratribus,
1655 1316 1948 1375 parumper

358 1377 544 1448 elonga
578 1387 629 1434 te
659 1381 880 1447 abillis,
915 1393 974 1438 ut
999 1385 1274 1441 silentium
1307 1403 1512 1446 serves.

432 1469 666 1528 LXXVI.
698 1474 998 1530 Ambulans
1028 1491 1094 1531 ne
1111 1478 1456 1536 dextrorsum
1483 1491 1538 1537 et
1564 1483 1942 1542 sinistrorsum

363 1574 414 1617 te
446 1575 752 1634 convertas,
781 1569 877 1623 sed
906 1569 1142 1639 psalmos
1167 1580 1288 1629 tuos
1321 1574 1604 1642 meditare,
1659 1587 1714 1634 et
1765 1587 1953 1637 mente’

359 1670 458 1710 ora
491 1659 656 1714 Deum
687 1660 738 1714 iu
763 1677 1088 1733 quocunque
1117 1676 1367 1734 repertus
1397 1667 1568 1725 fueris
1597 1669 1753 1740 loco;
1782 1681 1838 1728 et
1877 1689 1946 1729 ne

364 1747 685 1803 liducialiter
715 1765 836 1806 cum
868 1752 987 1821 ejus
1017 1754 1209 1810 incolis
1238 1772 1387 1828 agas.

441 1836 699 1895 LXXVII.
735 1839 790 1896 ln
821 1844 1076 1899 omnibus
1111 1846 1281 1912 gestis
1321 1849 1430 1902 tuis
1464 1852 1726 1908 modestia
1765 1862 1940 1910 utere.

1107 288 1166 345 S.
1208 291 1493 351 ANTONII
1535 297 1605 352 Μ.
1645 298 1941 358 ABIIATIS
1975 304 2276 364 BEGULAS
2317 311 2402 368 ΕΤ
2450 315 2856 376 ΡΙίᾸ-ΣΕΕΡΤΑ.

3488 332 3624 387 1074

1977 420 2029 476 Α·
2054 417 2136 473 Ea:
2168 423 2342 478 codice
2363 423 2680 497 Regulartms
2715 431 2771 486 S.
2804 432 3069 489 Benedicti
3104 437 3415 496 Anianensis
3457 423 3619 500 abba-

2795 503 2883 556 tis.

2047 590 2339 653 praecepta,
2371 601 2438 643 ne
2468 589 2575 644 vita
2615 601 2794 648 vestra
2827 594 2900 650 sit
2931 596 3050 653 sine
3097 597 3296 655 fructu.
3331 601 3398 656 Et
3423 604 3622 660 sollici-

2051 678 2138 764 tus
2179 682 2315 764 esto,
2341 691 2558 748 semper
2596 681 2662 735 ad
2703 683 2911 755 singula
2958 689 3120 744 verba
3169 705 3288 761 quae
3333 695 3526 764 audis,
3565 709 3624 751 ut

2049 760 2201 818 dicas
2233 780 2245 816 :
2289 763 2511 836 Ignosce
2545 772 2673 825 milii
2699 813 2714 839 ,
2762 776 2887 844 quia
2935 760 3210 835 humilitas
3259 781 3409 854 fugat
3441 760 3619 840 omnia

2051 857 2266 925 negotia
2327 859 2554 917 inimici.
2601 863 2678 921 Ne
2730 877 2946 937 reputes
2997 881 3048 927 te
3099 872 3271 944 ipsum
3330 877 3619 948 quidquam

2047 958 2274 1015 propter
2297 965 2460 1020 opera
2495 963 2603 1008 tua.

2123 1035 2330 1095 XLVII.
2362 1039 2444 1095 Sit
2474 1043 2642 1098 tristis
2671 1045 2851 1101 vultus
2885 1056 3027 1116 tuus,
3049 1051 3148 1105 nisi
3179 1053 3495 1109 advenerim
3525 1055 3619 1108 tibi

2048 1128 2218 1182 exteri
2247 1128 2484 1201 fratres;
2519 1144 2645 1190 tunc
2676 1137 2848 1204 gaude
2877 1153 3000 1193 cum
3030 1141 3153 1208 illis,
3179 1152 3239 1196 ut
3271 1144 3536 1200 inhabitet
3566 1146 3618 1198 in

2050 1227 2102 1273 te
2139 1221 2301 1276 timor
2331 1223 2562 1281 Domini.
2595 1226 2649 1281 Si
2689 1227 2793 1283 iter
2828 1231 3021 1287 feceris
3047 1249 3168 1288 cum
3205 1235 3488 1301 fratribus,
3530 1252 3618 1292 εει

2050 1311 2179 1367 cede
2205 1315 2273 1368 ab
2316 1315 2418 1372 illis
2455 1334 2780 1389 parumper,
2821 1331 2880 1376 ut
2909 1327 2984 1380 sis
3026 1325 3079 1378 in
3115 1325 3372 1392 silentio;
3409 1311 3463 1382 et
3494 1327 3618 1381 dum

2050 1403 2255 1463 incedis
2295 1423 2393 1478 per
2436 1411 2600 1477 viam,
2634 1427 2703 1466 ne
2746 1422 2798 1468 te
2835 1426 3120 1472 convertas
3153 1417 3526 1473 sinistrorsum
3568 1429 3624 1472 ct

2048 1495 2388 1554 dextrorsum
2417 1519 2430 1567 ;
2461 1505 2553 1558 sed
2578 1507 2842 1563 meditare
2879 1507 3112 1577 psalmos
3155 1520 3274 1564 tuos
3296 1552 3311 1578 ,
3351 1521 3405 1566 et
3440 1526 3534 1565 ora
3570 1512 3621 1565 in

2049 1597 2230 1645 mente
2260 1600 2346 1646 tua
2386 1594 2451 1648 ad
2479 1597 2642 1651 Deum
2681 1615 3003 1670 quocunque
3035 1601 3086 1655 in
3121 1601 3238 1657 loco
3269 1603 3570 1675 ingrederis
3601 1647 3618 1669 ,
3649 1603 3665 1618 ⁶

2050 1693 2149 1734 nec
2172 1684 2515 1750 praefidenter
2542 1703 2674 1760 agas
2699 1706 2819 1746 cum
2844 1692 3035 1748 incolis
3069 1693 3232 1749 illius.
3341 1674 3350 1675 ί
3686 1674 3693 1682 ’

2121 1853 2349 1910 XLVlll.
2387 1857 2443 1912 lu
2484 1860 2740 1917 omnibus
2791 1865 2956 1919 rebus
2998 1864 3103 1918 tuis
3144 1874 3261 1919 esto
3302 1864 3622 1926 modestus;

434 1918 715 1986 LXXVIII.
750 1935 830 1988 Ad
860 1949 924 1990 ea
961 1952 1082 2007 qua:
1125 1939 1220 1995 tibi
1252 1951 1618 2012 apponuntur,
1654 1960 1721 2001 ne
1755 1947 1941 2002 statim
2045 1955 2101 2002 et
2150 1947 2218 2002 ad
2268 1961 2333 2002 ea
2369 1964 2490 2020 quae
2540 1961 2880 2022 apponeutur
2932 1954 3066 2020 tibi,
3125 1918 3355 2009 extende
3406 1918 3622 2008 manuni

361 2033 552 2075 manus
591 2023 873 2080 extendas.

430 2112 665 2170 LXXIX.
705 2115 762 2172 Si
784 2116 999 2187 juvenis
1059 2135 1142 2188 es,
1175 2137 1242 2178 ne
1271 2137 1490 2178 manum
1515 2125 1722 2194 primus
1751 2137 1943 2184 exten-

360 2207 483 2271 das,
519 2215 612 2261 aut
645 2206 988 2279 immodeste,
1008 2228 1109 2270 nec
1134 2214 1434 2271 buecellam
1470 2215 1706 2274 alterius
1726 2219 1941 2287 ingeras

361 2312 468 2351 Ol'l.

435 2388 653 2447 LXXX.
688 2392 746 2450 Si
773 2393 968 2451 alicubi
999 2396 1388 2464 dormieris,.ne
1416 2400 1605 2456 eodem
1635 2401 1795 2472 pallio
1817 2419 1938 2457 cum

364 2481 473 2535 alio
513 2489 564 2537 te
613 2485 924 2554 cooperias,
963 2501 1128 2554 cave;
1184 2497 1238 2543 et
1277 2500 1403 2544 ante
1462 2491 1704 2546 cubitum
1748 2491 1943 2549 multas

365 2571 576 2626 fundito
604 2587 813 2642 preces.
856 2575 918 2631 Et
961 2575 1220 2634 Dominus
1264 2589 1452 2636 noster
1488 2579 1648 2637 Jesus
1697 2581 1943 2638 Christus

366 2660 522 2716 nobis
559 2677 716 2732 opem
745 2664 883 2722 ferat
913 2666 981 2722 ad
1010 2670 1350 2739 operandum
1385 2672 1690 2727 secundum
1711 2670 1826 2741 ejus
1849 2673 1944 2728 be-

360 2753 714 2822 ucplacitum.
739 2757 931 2813 Amen.

545 2843 701 2901 Finis
732 2847 1056 2921 Regularitm
1095 2854 1268 2908 sancti
1299 2855 1515 2909 Antonii
1542 2855 1765 2910 abbatis.

371 2998 3264 3029 ————_.___.___.________________________

2049 2047 2192 2092 tuam
2233 2038 2421 2106 lente;
2473 2041 2530 2096 si-
2566 2058 2695 2098 vero
2743 2044 2908 2099 fueris
2954 2045 3213 2114 juvenis,
3252 2060 3319 2100 ne
3364 2043 3624 2100 extendas

2046 2144 2239 2186 manus
2262 2139 2382 2186 tuas
2402 2133 2608 2202 primus
2637 2134 2885 2189 ad‘cibos
2915 2173 2930 2196 ,
2960 2150 3059 2190 nec
3084 2135 3296 2205 ingeras
3327 2134 3620 2204 quidquam

2051 2217 2295 2273 ciborum
2359 2220 2410 2275 in
2449 2237 2513 2278 os
2561 2222 2800 2280 alterius.
2835 2225 2904 2279 Et
2944 2225 2988 2279 si
3039 2225 3322 2280 cubaveris
3353 2225 3404 2279 in
3445 2224 3645 2293 aliquo.

2049 2307 2190 2374 loco,
2221 2325 2288 2364 ne
2325 2320 2475 2383 tegas
2507 2323 2558 2368 te
2581 2329 2690 2369 uno
2716 2315 3018 2385 eodemque
3041 2316 3284 2386 stragulo
3311 2313 3471 2370 simul
3499 2329 3623 2369 cum

2049 2398 2155 2455 alio
2184 2440 2200 2467 ,
2233 2409 2289 2456 et
2315 2415 2412 2455 ora
2452 2402 2678 2458 nmltum
2707 2413 2995 2473 antequam
3047 2405 3234 2459 cubes.
3269 2403 3333 2458 Et
3367 2403 3625 2458 Dominus

2050 2500 2236 2545 noster
2261 2489 2419 2547 «Iesus
2443 2491 2692 2549 Christus
2737 2508 2895 2563 opem
2947 2493 3102 2550 nobis
3137 2501 3354 2563 praestet
3389 2491 3457 2545 ad
3489 2506 3619 2561 ope-

2047 2583 2275 2638 randum
2308 2587 2606 2641 secundum
2644 2587 2813 2657 ipsius
2839 2585 3260 2655 bcneplacitum.
3287 2587 3478 2639 Amen.

2300 2854 2528 2921 Explicit
2563 2853 2762 2926 Regula
2795 2853 2853 2910 S.
2890 2854 3108 2908 Antonii
3149 2855 3378 2910 abbatis.

3272 3006 3594 3031 III—ﬂ

973 3169 1094 3282 S.
1182 3171 1789 3289 ANTONII
1868 3175 2322 3293 MAGNI
2407 3173 2864 3290 ABBA'I‘
2883 3174 3020 3287 IS

522 3403 1296 3497 SPIRITUALIA
1373 3408 2119 3504 DOCUMENTA
2195 3413 2707 3506 REGULIS
2774 3405 3436 3538 AD'JUNCTA,

1491 3597 1579 3652 AD
1622 3597 1848 3656 FlLlOS
1888 3599 2067 3658 SUOS
2103 3600 2502 3661 MONACHOS.

1280 3753 1364 3809 Ea:
1403 3755 1665 3814 Arabico.
1705 3755 1985 3823 interprete
2023 3755 2322 3809 Abrahamo
2364 3754 2712 3810 Ecclreflensi.

441 4049 480 4106 1.
513 4052 653 4105 Ante
692 4047 894 4116 omnia,
931 4047 1007 4103 Illi
1049 4048 1144 4115 mi,
1179 4061 1247 4103 ne
1279 4049 1572 4118 quidquam
1615 4058 1830 4120 reputes
1861 4060 1944 4106 te-
1971 4054 2014 4114 C
2051 4062 2267 4118 gressus
2297 4060 2376 4112 es,
2407 4059 2473 4100 ne
2511 4046 2801 4101 revertaris
2853 4056 3016 4101 retro.
3050 4047 3221 4100 Divini
3257 4047 3457 4101 amoris
3496 4062 3634 4104 cava

370 4141 699 4210 metipsum;
762 4148 819 4194 et
859 4139 960 4194 hoc
1007 4137 1102 4193 tibi
1149 4148 1370 4208 generat
1405 4138 1759 4194 humilitatem
1803 4139 1946 4194 :bu-

372 4234 569 4289 militas
626 4240 755 4288 Vero
811 4239 1031 4301 generat
1076 4230 1409 4296 doctrinam;
1467 4232 1711 4286 doctrina
1769 4240 1946 4286 autem

371 4334 596 4393 generat
649 4327 836 4389 fidem;
879 4324 1011 4379 fides
1047 4336 1174 4378 vero
1204 4333 1422 4394 generat
1466 4339 1651 4393 spem;
1691 4339 1816 4396 spes
1849 4339 1948 4379 au-

373 4427 481 4471 tem
533 4424 757 4486 generat
807 4415 1163 4482 charitatem;
1215 4415 1454 4470 ebaritas
1504 4426 1683 4470 autem
1731 4427 1953 4487 generat

369 4509 762 4576 obedientiam;
810 4508 1114 4563 obedientia
1148 4521 1277 4563 vero
1329 4516 1552 4581 generat
1593 4510 1950 4563 constantiam

368 4604 487 4656 sine
526 4601 906 4656 commotione.
963 4599 1062 4653 Fili
1111 4600 1202 4663 mi,
1247 4615 1385 4655 exue
1425 4599 1646 4664 malum,
1695 4608 1749 4653 et
1795 4599 1955 4653 indue

373 4690 866 4758 mansuetudinem;
923 4689 1097 4760 abjice
1151 4689 1364 4744 oculum
1416 4705 1668 4760 nequam,
1711 4699 1766 4753 et
1824 4690 1954 4744 sim-

370 4783 562 4850 plicem
625 4781 724 4836 tibi
779 4782 997 4837 sumito.
1056 4779 1410 4834 lnlirmiorem
1467 4789 1525 4834 te
1577 4793 1644 4834 ne
1702 4779 1951 4846 imiteris,

369 4873 463 4926 sed
503 4881 554 4924 te
601 4870 939 4926 electiorem.
976 4867 1268 4923 Hominum
1309 4884 1374 4923 ne
1422 4869 1612 4924 timeas
1639 4869 1951 4939 opprobria.

369 4962 426 5015 In
449 4975 716 5030 quoquam
747 4975 970 5030 operum
999 4967 1212 5014 tuorum
1242 4974 1374 5015 cave
1405 4959 1731 5015 innotescas.
1761 4951 1953 5014 Omnia

371 5052 422 5104 in
454 5051 647 5120 quibus
685 5053 882 5106 animae
912 5059 1016 5105 tua:
1055 5050 1200 5106 inest
1233 5051 1639 5116 detrimentum,
1677 5049 1804 5104 odio
1855 5050 1952 5104 ba-

369 5143 516 5198 heto.
551 5142 894 5198 Voluntatem
934 5141 1027 5196 Dei
1061 5158 1128 5196 ne
1157 5142 1419 5208 dimittas,
1447 5150 1508 5196 ut
1551 5141 1720 5197 facias
1763 5141 1954 5197 volun-

371 5243 536 5290 tatem
586 5235 888 5290 hominum.
954 5232 1070 5287 Non
1135 5249 1463 5298 murmures,
1517 5248 1690 5304 neque
1744 5231 1956 5300 injuriis

370 5327 678 5396 quempiam
714 5323 940 5380 afﬁcias.
967 5323 1082 5378 Non
1119 5323 1362 5380 invideas
1394 5324 1470 5378 illi
1495 5323 1584 5392 qui
1620 5321 1814 5392 injuste
1834 5337 1957 5392 pro—

2049 4149 2102 4194 te
2130 4137 2339 4192 taedeat.
2377 4135 2647 4208 Quidquid
2687 4136 2900 4208 operari
2948 4137 3051 4203 vis,
3084 4138 3348 4207 patienter
3403 4153 3628 4208 perage:

2049 4245 2174 4285 nam
2210 4229 2254 4284 si
2294 4231 2561 4298 patienter
2593 4229 2940 4295 sustinueris,
2983 4229 3334 4300 opitulabitur
3360 4231 3455 4285 tibi
3495 4231 3633 4286 Deus

2053 4323 2104 4376 in
2139 4322 2394 4378 omnibus
2416 4321 2483 4377 iis
2516 4337 2634 4392 quae
2665 4323 2850 4388 facies,
2878 4321 3220 4392 quaequevtibi
3252 4331 3380 4376 sunt
3408 4333 3632 4377 eventu-

2054 4427 2134 4466 ra.
2165 4409 2244 4467 Ne
2276 4415 2585 4469 retrocedas
2617 4430 2645 4468 a
2677 4405 2760 4468 via
2796 4424 2901 4469 tua:
2935 4413 3260 4469 solitudinis.
3293 4410 3350 4468 In
3389 4412 3636 4468 onmibns

2053 4519 2174 4573 quae
2201 4515 2333 4559 sunt
2357 4503 2516 4574 hujus
2550 4507 2758 4570 mundi,
2789 4507 3021 4564 otiosum
3055 4520 3361 4562 sermonem
3391 4506 3514 4560 odio
3539 4505 3634 4559 Ira-

2055 4597 2201 4652 beto.
2242 4597 2316 4652 De
2338 4597 2628 4653 virtutibus
2665 4598 2758 4653 tibi
2787 4600 3168 4668 comparandis
3201 4608 3325 4655 esto-
3353 4599 3636 4662 sollicitus,

2053 4703 2124 4743 ne
2152 4688 2531 4760 negligentiam
2555 4689 2867 4745 centrahas.
2887 4688 2965 4742 'Pn
2985 4701 3186 4752 autem,
3231 4689 3302 4743 Illi
3326 4690 3420 4755 mi,
3446 4689 3488 4742 si
3519 4688 3636 4743 lure

2055 4780 2272 4848 feceris,
2302 4781 2653 4850 consequeris
2687 4781 3074 4845 bazreditatem,
3119 4796 3280 4850 quam
3317 4782 3496 4834 oculus
3535 4797 3640 4834 non

2056 4871 2206 4938 vidit,
2231 4887 2322 4926 nec
2351 4872 2496 4926 auris
2529 4873 2746 4936 audivit,
2784 4888 2875 4926 nec
2917 4887 3010 4925 cor
3033 4871 3254 4926 hominis
3291 4871 3536 4940 cogitavit
3569 4873 3634 4927 ’°.

2056 4963 2370 5020 lnferiorem
2420 4973 2470 5019 te
2531 4965 2582 5018 in
2641 4964 2930 5018 virtutibus
2981 4964 3212 5019 electum
3269 4977 3386 5016 esse
3424 4973 3637 5032 reputa,

2057 5071 2121 5110 ac
2150 5055 2242 5110 tibi
2282 5055 2541 5125 aequalem
2596 5055 2646 5110 in
2699 5055 2832 5126 ipsis
2865 5055 3189 5120 virtutibus;
3222 5053 3483 5123 aequalem
3513 5069 3640 5109 vero

2060 5146 2154 5200 tibi
2190 5145 2242 5200 in
2275 5145 2566 5202 virtutibus
2594 5145 2824 5202 electum
2857 5161 2998 5213 esse,
3022 5154 3076 5199 et
3096 5145 3524 5215 pmstantioretu
3581 5145 3634 5199 iu

2062 5237 2413 5292 incremento.
2474 5235 2572 5290 Fili
2627 5236 2720 5302 mi,
2768 5236 3152 5306 cogitationum
3202 5249 3320 5304 quac
3369 5244 3420 5288 te
3448 5249 3640 5304 aggre-

2059 5328 2280 5382 diuntur
2314 5326 2367 5381 in
2404 5327 2534 5382 cella
2575 5336 2686 5393 tua,
2715 5341 2782 5381 ne
2817 5326 3020 5382 taedeat-
3047 5335 3125 5392 te;
3164 5327 3412 5394 sciasque
3455 5325 3637 5379 Domi-

367 5420 500 5486 ticit,
529 5419 624 5474 sed
687 5417 772 5473 fac
810 5426 871 5472 ut
897 5430 1087 5472 oumes
1113 5416 1358 5473 homines
1399 5426 1450 5472 te
1487 5416 1594 5472 sint
1627 5414 1954 5485 superiores,
1992 5423 2035 5480 ι)
2065 5432 2191 5471 num
2235 5415 2368 5472 nihil
2416 5426 2629 5473 tuorum
2670 5417 2912 5473 laborum
2953 5415 3204 5472 oblivioni
3258 5417 3533 5483 daturum,
3573 5432 3641 5470 es

368 5523 427 5565 ut
457 5518 636 5566 tecum
672 5511 742 5565 sit
785 5511 901 5581 ipse
941 5507 1102 5566 Deus.
1142 5508 1186 5564 A
1226 5508 1382 5591 bonis
1417 5509 1664 5580 operibus
1703 5523 1820 5578 qua:
1857 5524 1950 5577 ag-

444 5709 486 5742 ³ο
523 5708 542 5764 l
569 5710 690 5765 Cor.
725 5725 781 5778 It,
812 5710 859 5764 9.

2058 5509 2253 5575 quibus
2285 5508 2377 5563 tibi
2412 5509 2800 5564 incrementum
2833 5508 3072 5574 accedet,
3107 5518 3158 5564 et
3199 5508 3288 5564 Dei
3326 5507 3418 5564 tibi
3462 5508 3648 5578 cpitu-
