3990 6210
449 271 473 327 Ι
485 274 586 328 07S

1544 296 1818 356 PATRES
1861 302 2162 359 JEGYPTII
2205 310 2475 372 SJECULI
2515 320 2599 374 IV.

3553 339 3695 393 1075

437 388 634 444 labitur
663 393 855 462 gratia.
891 395 988 451 Fili
1025 400 1116 466 mi,
1162 404 1249 470 qui
1297 405 1597 466 dilexerunt
1637 415 1914 471 Dominum
1951 435 2012 473 ex
2045 421 2092 479 Δ
2121 427 2329 496 audias,
2371 449 2438 488 ne
2464 437 2736 505 praebeas;
2769 439 2862 493 sed
2898 448 3018 497 esto
3048 453 3262 501 amator
3307 448 3606 516 hominum,
3647 468 3702 510 et

437 480 564 516 'nliu
593 483 843 516 nnnliluua
875 489 984 516 ...τε
1040 499 1087 516 ι..
1116 491 1269 516 ι.-..ε-
1307 512 1359 516 --.
1380 513 1412 516 μ
1435 501 1465 516 οι
1573 502 1586 516 ο
1666 505 1677 516 .
1797 509 1808 516 .

437 480 566 533 totis
593 483 844 538 cordibus
873 489 1005 556 suis,
1038 499 1092 544 et
1116 491 1272 549 bonis
1300 501 1550 566 operilms
1567 502 1770 570 iugiter
1796 509 2004 564 incum-

436 571 588 633 hum,
633 574 738 629 sint
779 575 871 630 tibi
911 579 1087 650 imago
1131 594 1185 638 et
1223 591 1534 661 exemplar;
1571 611 1666 650 nec
1715 608 1765 652 te
1812 601 2006 668 pudeat

438 661 506 713 ab
537 661 642 716 illis
668 673 810 719 tuam
843 671 1118 736 postulare
1146 676 1332 743 vitam,
1355 684 1606 750 quoniam
1644 687 1695 741 in
1721 689 2007 747 virtutibus

435 760 557 803 sunt
583 753 826 821 perfecti.
858 757 934 813 Ne
966 762 1192 821 imiteris
1219 783 1311 824 eos
1339 772 1430 841 qui
1458 789 1673 842 operam
1707 791 1905 836 navant
1931 795 2008 836 re-

433 841 576 907 quiei
635 844 790 913 huius
853 853 1056 917 mundi,
1117 860 1367 924 quoniam
1433 865 1521 920 isti
1571 883 1842 938 nunquam
1884 889 2008 943 pro-

435 932 653 1001 ﬁcient;
684 939 785 994 sed.
811 944 1067 1000 tumulare
1105 962 1196 1002 eos
1242 952 1334 1020 qui
1371 956 1624 1012 errabant
1655 959 1708 1013 in
1736 965 2008 1021 montibus

433 1031 488 1074 ct
532 1025 912 1087 solitudinibus
955 1034 993 1066 "
1038 1049 1255 1108 preptcr
1305 1044 1490 1112 Deum,
1548 1057 1605 1100 nt
1669 1053 1848 1110 veniat
1913 1057 2005 1112 tibi

434 1113 610 1168 virtus
646 1118 713 1171 ab
752 1120 882 1176 alto.
912 1122 1059 1180 Bono
1093 1129 1167 1183 sis
1200 1133 1381 1188 animo
1415 1135 1466 1190 in
1505 1141 1758 1198 omnibus
1797 1144 1864 1200 iis
1889 1161 2008 1215 qua:

437 1206 604 1260 facies
641 1214 936 1270 secundum
967 1220 1297 1277 voluntatem
1336 1225 1566 1284 Domini.
1593 1231 1671 1288 Ne
1702 1239 2008 1295 retrocedas

437 1296 487 1348 in
509 1305 1036 1376 quoquamipsorum
1062 1324 1486 1385 praeceptorum;
1516 1332 1572 1377 et
1606 1325 1864 1384 Dominus
1913 1328 2005 1385 Je-

437 1402 530 1440 sus
571 1387 827 1449 Christus
845 1402 1103 1456 concedet
1146 1405 1237 1460 tibi
1279 1411 1536 1480 requiem,
1573 1426 1632 1470 et
1676 1419 1919 1487 perficiet
1951 1421 2003 1476 in

431 1493 563 1544 pace
609 1495 938 1557 qmccunque
981 1507 1264 1564 aggressus
1314 1500 1479 1559 fueris
1512 1513 2001 1579 operazquoniam

429 1569 654 1635 perfecti
719 1587 900 1644 patres
963 1587 1158 1646 nostri.
1222 1599 1276 1644 et
1339 1595 1648 1668 quicunque
1711 1603 1808 1658 hos
1885 1605 2006 1660 imi-

428 1659 525 1716 ιηιί
555 1671 696 1727 sunt,
734 1679 798 1718 ex
827 1669 945 1724 istis
977 1687 1099 1728 sunt
1123 1659 1371 1743 perfecti:
1400 1684 1501 1740 Fili
1531 1659 1626 1754 mi,
1659 1704 1726 1744 ne
1754 1693 2007 1764 multipli-

428 1764 519 1802 ces
548 1754 707 1808 verba
733 1772 748 1822 ;
786 1758 1126 1831 elongabitur
1149 1771 1290 1824 enim
1326 1789 1355 1827 a
1387 1785 1437 1830 te
1461 1775 1696 1846 Spiritus
1721 1781 1837 1837 Dei.
1866 1754 2003 1840 Nulli

431 1841 570 1894 malo
602 1845 840 1914 studeas,
873 1867 970 1906 nec
1002 1855 1226 1915 damnes
1255 1867 1584 1934 quempiam.

497 1931 561 1985 ΙΙ.
595 1933 694 1988 Fili
724 1939 814 2003 mi,
845 1955 965 1996 cum
996 1949 1243 2016 superbis
1280 1969 1346 2007 ne
1371 1958 1633 2026 ambules,
1673 1965 1763 2017 sed
1792 1967 2002 2021 ambula

428 2035 549 2074 cum
587 2024 901 2085 humilibus.
936 2034 1035 2090 Fili
1078 2040 1170 2104 nti,
1213 2059 1279 2098 ne
1305 2046 1381 2100 sis
1409 2024 1682 2118 hypocrita
1717 2065 1806 2108 aut
1850 2057 2005 2113 dissi-

429 2111 683 2179 mulator,
720 2119 884 2174 nmlto
918 2125 1093 2182 minus
1116 2136 1365 2190 mendax.
1401 2136 1500 2192 Fili
1535 2143 1628 2206 mi,
1660 2161 1725 2200 ue
1770 2148 2005 2219 loquaris

426 2215 548 2253 cum
579 2201 690 2270 ira,
722 2210 816 2262 sed
846 2211 954 2266 sint
980 2225 1067 2269 tua
1099 2223 1260 2276 verba
1289 2239 1410 2279 cum
1449 2231 1676 2287 scientia
1709 2245 1761 2290 et
1791 2201 2004 2309 stipien-

429 2292 500 2344 tia
535 2311 549 2346 :
582 2295 832 2355 similiter
859 2318 1072 2376 quoque
1096 2311 1370 2371 silentium
1407 2327 1579 2390 tuum,
1610 2292 1871 2395 quoniam
1893 2347 2004 2387 vcr-

426 2386 492 2437 ba
521 2389 1046 2457 sapientissimorum
1077 2400 1297 2460 Patrum
1327 2418 1630 2468 nostrorum
1664 2417 1820 2487 plena
1849 2431 2004 2476 erant

427 2478 691 2546 sapientia
740 2494 790 2540 et
836 2491 1143 2560 prudentia,
1179 2498 1254 2552 uti
1306 2501 1577 2558 silentium
1615 2478 1828 2578 quoque
1861 2512 2004 2582 ipso-

426 2583 566 2624 rum.
597 2571 696 2628 Fili
729 2577 822 2644 mi,
855 2587 907 2634 te
938 2581 1109 2652 ipsum
1143 2603 1321 2644 coram
1353 2571 1655 2653 hominibus
1698 2571 1765 2655 ne
1803 2571 2000 2672 justifi-

422 2677 551 2729 ces;
595 2668 689 2722 sed
725 2686 889 2739 penes
931 2683 981 2728 te
1019 2679 1235 2746 sapiens
1268 2693 1408 2749 esto,
1454 2689 1621 2754 mitis,
1657 2691 1998 2764 longanimis,

425 2755 656 2824 patiens,
682 2761 961 2831 sollicitus,
990 2782 1201 2826 amator
1225 2773 1519 2834 hominum.
1553 2782 1686 2837 Cum
1718 2785 1882 2841 fratre
1910 2799 2001 2844 tuo

425 2850 774 2920 uorttristare,
805 2865 860 2910 et
889 2858 1061 2916 bonus
1085 2873 1202 2919 esto
1233 2867 1306 2922 illi
1338 2873 1623 2944 particeps.
1656 2874 1754 2930 Fili
1785 2879 1876 2943 mi,
1907 2881 2002 2935 bu-

426 2941 573 2996 milis
596 2953 712 3000 esto
743 2950 994 3008 omnibus
1031 2955 1219 3014 diebus
1252 2961 1375 3017 vitae
1403 2941 1606 3029 Integet
1630 2941 1998 3042 optimiquui.

424 3028 633 3100 busque
669 3043 722 3090 te
747 3041 1020 3106 apponito.
1070 3044 1144 3099 De
1181 3049 1339 3104 rebus
1383 3028 1538 3108 malis
1577 3071 1644 3111 ne
1666 3028 1996 3129 interroges,

423 3122 516 3174 sed
567 3123 722 3195 longe
763 3127 848 3184 fac
892 3132 1031 3186 viam
1079 3144 1220 3190 tuam
1275 3141 1342 3194 ab
1387 3143 1508 3201 illis.
1553 3147 1725 3202 Verba
1759 3161 1853 3210 tua
1888 3153 1996 3218 sint

428 3230 549 3267 rum
584 3218 886 3286 dulcedine,
919 3225 1036 3280 sine
1081 3228 1422 3302 detrimento,
1451 3239 1702 3307 quoniam
1743 3243 1906 3312 gloria
1943 3255 1996 3300 et

424 3315 763 3377 contemptus
798 3323 924 3368 sunt
951 3331 980 3369 a
1008 3320 1206 3376 verbis.
1248 3323 1415 3392 Dilige
1441 3328 1880 3386 misericordiam.
1914 3335 1995 3388 In-

426 3395 527 3447 due
562 3397 740 3453 tidem.
791 3399 893 3456 Fili
930 3406 1025 3470 mi,
1071 3422 1138 3461 ne
1182 3415 1460 3479 permittas
1489 3430 1584 3470 cor
1613 3426 1759 3472 tuum
1795 3419 1864 3474 ita
1904 3439 1996 3473 ne-

425 3500 584 3550 quam
611 3503 752 3555 esse,
792 3502 850 3546 ut
884 3494 968 3550 vel
995 3498 1192 3566 cogitet
1226 3502 1458 3570 malum;
1500 3508 1596 3562 sed
1635 3509 1841 3565 enitere
1868 3511 1993 3566 illud

425 3579 623 3634 bomrm
661 3585 905 3652 reddere,
937 3596 990 3642 et
1030 3572 1212 3658 quinte
1244 3593 1537 3673 bonitatem
1589 3614 1652 3655 ac
1691 3614 1900 3676 pacem,
1941 3615 1996 3660 et

423 3671 623 3739 optima
651 3689 875 3746 qumque
898 3681 1152 3737 mundare
1172 3699 1354 3754 opera.
1378 3671 1576 3745 Vocem
1605 3701 1769 3756 tuam.
1797 3695 1867 3748 (ili
1899 3697 1990 3762 mi,

430 3776 497 3815 ne
529 3764 775 3820 extollas.
805 3767 938 3823 Cum
973 3776 1275 3843 quempiam
1308 3779 1526 3847 adieris,
1573 3783 1644 3838 sit
1689 3786 1852 3839 timor
1895 3788 1995 3840 Do-

423 3854 554 3907 mini
582 3855 634 3908 iu
669 3859 833 3912 corde
867 3868 979 3926 tuo,
1007 3873 1060 3917 et
1091 3879 1152 3918 os
1181 3875 1328 3921 tuum
1351 3873 1578 3939 custodi,
1613 3884 1667 3928 ιιι
1715 3877 1901 3932 redeas
1927 3880 1992 3932 ad

425 3943 596 3998 locum
625 3955 772 4001 tuum
810 3949 860 4004 in
885 3967 1041 4021 pace.
1065 3957 1216 4025 Apud
1252 3962 1579 4032 superiorem
1615 3975 1760 4019 tuum
1797 3979 1850 4021 et
1881 3985 1994 4022 ma-

416 4034 613 4102 jorem,
665 4039 827 4095 verba
869 4057 936 4098 ne
973 4045 1314 4116 multiplices.
1355 4051 1455 4107 Fili
1500 4055 1596 4121 mi,
1640 4067 1819 4124 patres
1874 4067 1992 4116 tuos

421 4129 728 4194 spirituales
764 4133 925 4203 dilige
953 4135 1075 4206 plus
1111 4154 1270 4209 quam
1307 4143 1484 4214 diligis
1525 4157 1701 4214 patres
1727 4158 1844 4205 tuos
1869 4165 1990 4208 car-

422 4219 590 4283 nales,
642 4224 894 4290 quoniam
950 4228 1048 4298 ipsi
1093 4232 1305 4288 solliciti
1352 4245 1480 4292 sunt
1528 4255 1622 4308 pro
1685 4253 1734 4296 te
1776 4254 1992 4312 propter

425 4312 611 4367 Deum.
652 4314 754 4371 Fili
792 4321 888 4384 mi,
917 4322 962 4376 si
1002 4323 1055 4377 in
1090 4327 1266 4382 medio
1293 4327 1497 4383 sederis
1528 4330 1775 4398 fratrum,
1809 4350 1874 4388 ne
1908 4335 1989 4388 ni-

2109 521 2276 575 vives.
2311 521 2502 579 Malum
2553 543 2648 596 pro
2689 530 2834 583 malo
2876 546 2943 586 ne
2979 535 3194 600 reddas,
3243 542 3698 607 quemadmodum

2109 623 2209 664 nec
2235 610 2482 680 injuriam
2520 631 2615 683 pro
2638 618 2855 688 injuria,
2883 625 3136 692 quoniam
3161 628 3419 698 scriptum
3451 642 3535 687 est
3564 653 3577 686 :
3609 633 3698 688 Ni-

2107 701 2154 754 si
2189 711 2238 755 te
2277 705 2442 769 ipsum
2478 707 2972 781 ltumiliareris,ipse
3021 732 3111 786 ego
3146 726 3194 773 te
3223 719 3530 788 hunziliabo,
3571 727 3696 781 dicit

2109 790 2386 848 Dominus.
2435 795 2534 851 Fili
2583 800 2676 864 mi,
2737 801 2988 870 superbia
3041 821 3110 861 ne
3159 815 3211 862 te
3262 808 3476 877 efferas,
3521 829 3700 883 tis-que

2108 881 2379 951 glorieris,
2411 902 2586 958 neque
2618 891 2905 961 vociferes,
2951 911 3050 951 nec
3079 897 3318 969 loquaris
3356 901 3519 958 altius
3555 906 3698 960 velo-

2110 976 2386 1045 citerque;
2415 982 2676 1051 scriptum
2707 987 2851 1040 enim
2885 997 3007 1042 est:
3041 990 3144 1056 Qui
3177 995 3488 1064 umltiplicat
3513 1001 3696 1065 verba,

2111 1083 2213 1121 non
2236 1080 2313 1123 est
2345 1072 2591 1128 immunis
2614 1093 2646 1128 a
2679 1089 2889 1146 peccato
2921 1081 2984 1134 “.
3021 1082 3118 1137 Fili
3153 1086 3248 1149 mi,
3273 1089 3580 1143 mortalium
3611 1108 3699 1147 nc-

2109 1163 2306 1216 minem
2341 1165 2466 1220 odio
2498 1166 2715 1233 habeas,
2752 1171 2843 1224 sed
2881 1187 3068 1228 omnes
3112 1175 3271 1246 dilige
3311 1187 3367 1230 nt
3411 1188 3462 1232 te
3493 1181 3694 1249 ipsum,

2108 1255 2360 1323 quoniam
2417 1261 2678 1328 scriptum
2722 1270 2804 1316 est
2837 1281 2849 1316 :
2887 1262 3063 1336 Dilige
3099 1268 3397 1333 proximum
3437 1279 3611 1337 tuum,
3638 1283 3696 1325 ut

2108 1357 2156 1399 te
2188 1346 2353 1414 ipsum
2384 1348 2446 1401 ⁸³.
2481 1348 2584 1403 Fili
2611 1350 2702 1415 mi,
2749 1366 2953 1407 memor
2996 1369 3211 1424 semper
3256 1366 3371 1412 esto
3401 1358 3546 1415 illius
3602 1366 3695 1431 qui

2110 1441 2162 1490 te
2186 1435 2324 1490 bona
2362 1437 2580 1493 instruit
2615 1440 2877 1508 doctrina,
2905 1453 2958 1498 et
2985 1443 3052 1498 ab
3080 1445 3170 1500 illo
3206 1446 3442 1514 ediscas,
3483 1459 3697 1518 satage,

2109 1538 2397 1597 prmcepta,
2448 1539 2506 1582 ut
2551 1531 2736 1598 vivas;
2780 1532 3180 1605 longazvamque
3217 1540 3483 1606 produces
3526 1542 3691 1595 vitam

2109 1619 2401 1671 secundum
2429 1619 2757 1675 voluntatem
2789 1625 3020 1683 Domini.
3050 1627 3126 1680 uti
3157 1616 3416 1697 scriptum
3440 1639 3524 1685 est
3550 1633 3694 1699 apud

2111 1709 2349 1765 divinum
2381 1710 2599 1766 Paulum
2625 1716 2921 1784 apostolum
2955 1733 2972 1772 :
3002 1717 3132 1773 "(eo
3156 1721 3431 1784 meditare,
3467 1734 3518 1776 et
3549 1725 3603 1776 in
3625 1723 3692 1776 il-

2035 1774 2080 1830 Β
2107 1799 2172 1854 (is
2202 1811 2248 1854 te
2292 1818 2485 1871 occupa
2523 1774 2714 1874 ipsum,
2746 1816 2800 1858 ut
2835 1811 3122 1878 acceptatio
3159 1820 3249 1864 tua
3287 1813 3573 1882 manifesta
3627 1817 3692 1869 sit

2108 1890 2348 1944 erunibus
2375 1894 2440 1948 “.

2177 1983 2260 2039 ιιι.
2296 1985 2394 2041 Fili
2427 1987 2521 2054 mi,
2555 2000 2844 2060 paupertas
2880 1992 3010 2047 nihil
3043 1993 3190 2049 aliud
3225 2005 3330 2061 est,
3364 2012 3523 2066 quam
3555 2014 3690 2055 con-

2109 2075 2332 2129 tinentia
2366 2086 2530 2148 atque
2571 2095 2690 2136 esse
2725 2091 3076 2149 contentum;
3119 2088 3473 2155 peregrinatio
3499 2098 3690 2144 autem

2104 2176 2157 2218 et
2190 2164 2423 2222 solitudo
2457 2176 2564 2233 est,
2603 2176 2661 2224 ιιι
2705 2186 2734 2224 a
2791 2173 2963 2228 turbis
3010 2176 3297 2231 subtrahas
3337 2188 3417 2243 te;
3459 2193 3690 2249 peregre

2106 2271 2234 2310 Vero
2261 2257 2528 2327 proﬁcisci
2569 2261 2844 2332 religionis
2875 2278 3027 2334 ergo,
3054 2266 3306 2337 religioso
3345 2279 3428 2324 est
3456 2269 3510 2323 in
3551 2271 3688 2325 cella

2106 2346 2362 2403 residere.
2397 2347 2497 2404 Fili
2521 2352 2617 2417 mi,
2645 2353 2911 2408 modicum
2949 2354 3180 2425 aliquem
3209 2358 3447 2414 laborem
3486 2360 3539 2413 in
3575 2360 3686 2414 ccl-

2107 2437 2154 2491 la
2187 2449 2273 2493 tua
2296 2444 2654 2498 exercendum
2688 2445 2781 2499 tibi
2812 2447 3146 2512 constituite,
3191 2460 3241 2504 et
3275 2465 3370 2504 cor
3397 2460 3549 2505 tuum
3583 2452 3684 2505 hu-

2107 2528 2232 2584 mile
2259 2529 2373 2586 sit:
2415 2546 2479 2586 os
2511 2549 2640 2588 vero
2687 2549 2898 2606 semper
2937 2536 3188 2607 loquatur
3232 2542 3536 2596 veritatem.
3581 2542 3684 2597 Fiii

2105 2621 2198 2683 mi,
2223 2621 2390 2693 dilige
2425 2626 2712 2694 opprobria
2740 2630 2910 2697 magis
2934 2643 3096 2697 quam
3119 2629 3373 2696 honores,
3413 2634 3578 2705 dilige
3608 2634 3686 2687 la-

2105 2710 2268 2769 bores
2301 2716 2544 2784 corporis
2586 2732 2747 2786 quam
2797 2719 3060 2788 requiem,
3094 2721 3254 2792 dilige
3292 2722 3687 2779 detrimentum

2108 2818 2286 2857 rerum
2323 2806 2717 2860 mundanorum
2750 2823 2909 2876 quam
2937 2811 3168 2866 lucrum.
3201 2811 3244 2868 Ο
3269 2812 3440 2868 lidelis
3463 2815 3681 2884 dilecte,

2101 2895 2227 2949 dum
2261 2896 2578 2953 obedientiaa
2613 2899 2856 2956 subditus
2895 2917 2973 2965 es.
3011 2905 3152 2973 quod
3187 2904 3282 2959 tibi
3321 2905 3542 2973 dicitur,
3596 2917 3676 2964 at-

2104 2987 2260 3041 tende
2294 2997 2348 3041 et
2385 2990 2801 3058 comprehende,
2832 2993 3066 3062 illudque
3100 2995 3252 3063 juxta
3296 2996 3413 3066 ejus
3457 2999 3681 3068 exigen-

2024 3101 2071 3164 ς
2104 3077 2230 3130 tiam
2281 3079 2467 3134 scdulo
2505 3079 2687 3140 facito.
2723 3083 2853 3137 Cum
2906 3084 3090 3139 tideles
3138 3087 3212 3140 tui
3239 3087 3444 3141 similes
3483 3103 3686 3143 conre-

2100 3167 2239 3232 nies,
2267 3168 2400 3238 elige
2428 3171 2596 3241 magis
2637 3182 2692 3226 ut
2721 3171 2908 3227 audias
2938 3174 3284 3243 obediasqne,
3316 3187 3371 3231 et
3409 3178 3546 3245 quod
3583 3180 3678 3232 tibi

2102 3252 2298 3309 dicitur
2323 3255 2622 3326 intelligas;
2648 3269 2698 3312 et
2724 3261 2825 3314 hoc
2851 3272 2934 3315 est
2969 3263 3242 3332 impendio
3273 3265 3482 3333 mehus,
3514 3283 3673 3337 quam

2103 3341 2268 3411 loqui.
2301 3343 2472 3400 Ιίοιιιο
2519 3347 2892 3405 illcccbrarum
2922 3365 3150 3422 amator,
3201 3357 3265 3411 ad
3303 3357 3506 3412 nullum
3539 3375 3680 3441 opus

2101 3433 2274 3487 bonus
2311 3446 2402 3490 aut
2435 3449 2592 3506 aptus
2621 3452 2724 3495 est.
2753 3442 2808 3495 Si
2843 3447 3053 3518 peccati
3097 3447 3234 3502 labis
3260 3461 3451 3518 expers
3489 3465 3568 3516 es,
3598 3433 3676 3503 lo-

2101 3532 2265 3586 quere
2304 3521 2356 3574 in
2390 3525 2604 3580 nomine
2656 3526 2886 3594 Domini,
2942 3540 2996 3585 ct
3049 3535 3255 3589 instrue
3299 3552 3393 3591 eos
3445 3553 3676 3607 quorum

2099 3621 2259 3662 causa
2293 3611 2698 3682 blasphematur
2729 3635 2921 3675 nomen
2955 3622 3162 3679 Domini
3190 3644 3206 3692 ;
3232 3637 3286 3682 et
3322 3643 3444 3682 cum
3472 3631 3579 3683 sint
3619 3641 3677 3683 ut

2101 3700 2296 3753 mortui
2329 3715 2394 3755 ac
2431 3705 2586 3758 recisi
2632 3721 2660 3758 a
2700 3707 2946 3775 Domino,
2993 3728 3121 3769 cura
3178 3727 3233 3769 ut
3280 3720 3532 3773 recedant
3609 3723 3680 3776 ab

2100 3791 2356 3857 operibus
2381 3795 2514 3859 suis,
2551 3806 2605 3851 et
2651 3799 2876 3868 gloriam
2918 3815 3320 3876 consequantur
3359 3824 3424 3864 ac
3472 3813 3672 3867 vitant.

2099 3879 2196 3934 Fili
2227 3883 2324 3948 mi,
2350 3884 2535 3954 ingens
2558 3886 2723 3957 gloria
2757 3901 2861 3957 est,
2891 3907 2947 3948 ut
2979 3911 3199 3966 operam
3226 3900 3321 3954 des
3357 3901 3593 3966 silentio,
3620 3913 3677 3958 et

2102 3972 2384 4028 Dominum
2417 3977 2644 4033 imiteris
2679 3993 2941 4051 nostrum,
2981 4002 3138 4056 quem
3177 4002 3455 4060 propterea
3501 3994 3672 4051 llcro-

2097 4063 2193 4118 des
2237 4074 2322 4120 est
2365 4067 2678 4131 demiratus.
2714 4073 2816 4128 Fili
2854 4077 2945 4141 mi,
2991 4081 3345 4149 quodcunque
3393 4083 3542 4139 voles
3579 4102 3673 4156 ag-

2096 4155 2286 4221 gredi;
2313 4157 2364 4210 iu
2389 4169 2496 4227 quo
2531 4161 2697 4216 Deum
2735 4180 2841 4221 non
2887 4172 3186 4239 cognoscis,
3219 4188 3284 4226 ne
3314 4173 3486 4231 facias
3519 4192 3669 4231 cave.

2096 4239 2196 4296 Fili
2232 4243 2326 4307 mi,
2355 4246 2425 4300 sit
2460 4249 2639 4304 anima
2676 4258 2766 4308 tua
2795 4269 2915 4310 cum
2948 4257 3174 4315 Domino
3203 4263 3350 4316 omni
3393 4276 3670 4334 tempore;

2098 4345 2293 4402 corpus
2324 4350 2452 4391 vero
2487 4348 2632 4394 tuum
2662 4343 2731 4397 sit
2761 4360 2924 4415 super
2957 4357 3101 4404 terra
3128 4353 3374 4422 imaginis
3411 4354 3581 4410 instar
3613 4368 3670 4410 et

419 4405 584 4457 mium
613 4405 886 4476 loquaris;
932 4422 989 4466 et
1025 4415 1068 4467 si
1103 4417 1229 4483 quid
1273 4417 1377 4472 illis
1407 4423 1779 4488 postulaveris,
1813 4427 1986 4483 hrevi-
2020 4453 2065 4507 ι)
2097 4425 2397 4483 simulacri.
2431 4430 2532 4485 Fili
2561 4435 2656 4498 mi,
2695 4436 2836 4492 nulla
2871 4440 3042 4509 major
3079 4452 3161 4495 est
3204 4443 3472 4513 impietas,
3504 4463 3666 4514 quam

417 4504 500 4546 ter
536 4509 660 4549 cum
695 4499 997 4557 humilitate
1030 4504 1194 4561 dicito
1225 4508 1370 4565 illud.
1417 4511 1518 4565 Fili
1570 4513 1664 4576 mi,
1710 4515 1752 4569 si
1797 4517 1987 4586 injuria

1590 4565 1596 4569 τ
1651 4565 1663 4576 ,
1710 4565 1752 4569 -_

395 4565 640 4642 'all‘cctus
663 4587 848 4658 fueris,
884 4607 953 4648 ne
981 4609 1097 4650 eam
1125 4597 1442 4658 inferentem
1487 4605 1610 4660 odio
1648 4606 1868 4674 habeas,
1896 4615 1990 4668 sed

415 4680 619 4736 dicito:
652 4681 853 4755 Dignus
888 4689 1102 4757 quidem
1131 4706 1271 4758 sum,
1304 4696 1394 4765 qui
1427 4697 1494 4753 ab
1526 4702 1774 4757 omnibus
1808 4703 1989 4760 fratri-

415 4771 515 4825 bus
551 4773 748 4843 injuria
774 4777 996 4836 alliciar.
1024 4781 1079 4836 Si
1109 4786 1229 4852 quis
1249 4786 1472 4843 fratrum
1500 4791 1565 4844 ad
1591 4801 1642 4846 te
1664 4794 1870 4852 venerit
1890 4795 1987 4852 ali-

413 4878 571 4928 quam
597 4867 665 4920 ob
701 4881 832 4933 rem,
862 4877 916 4926 te
943 4871 994 4925 in
1028 4875 1276 4931 omnibus
1315 4879 1599 4946 demittito,
1624 4892 1673 4940 et
1703 4886 1984 4955 acquiesce

414 4953 484 5005 illi
520 4965 736 5024 propter
778 4955 966 5025 Deum,
1010 4972 1064 5015 et
1105 4980 1172 5018 ne
1214 4969 1460 5035 superbia
1496 4981 1547 5026 te
1577 4953 1795 5042 efferas,
1827 4991 1978 5031 care.

412 5045 468 5097 Si
500 5055 677 5101 autem
705 5051 1041 5107 constituerit
1075 5063 1124 5108 te
1161 5053 1322 5112 Pater
1341 5068 1462 5115 tuus
1492 5063 1558 5118 ad
1581 5063 1976 5122 inserviendum

415 5136 663 5203 inlirmis,
701 5139 898 5197 inservi
933 5159 998 5200 ex
1038 5155 1145 5200 toto
1175 5150 1334 5204 corde
1366 5161 1476 5219 tuo,
1512 5166 1566 5208 ut
1595 5157 1858 5226 duplicem
1892 5179 1976 5215 re-

410 5238 594 5295 portes
632 5234 930 5289 mercedem
977 5252 1006 5290 a
1036 5235 1170 5302 Deo,
1200 5251 1416 5311 propter
1443 5245 1798 5304 obedientiam
1838 5254 1980 5307 scili~

410 5329 494 5371 cet
529 5330 580 5372 et
618 5323 930 5378 servitutem
964 5342 1125 5394 quam
1152 5332 1469 5397 prazstitisti.
1494 5336 1549 5389 Si
1578 5338 1696 5406 quis
1727 5350 1776 5394 te
1805 5343 1977 5395 corri-

410 5409 518 5472 piet
564 5412 825 5469 insontem
888 5420 1088 5484 peccati
1148 5421 1372 5491 alicujus
1429 5441 1614 5492 causa,
1661 5430 1880 5487 humilia
1927 5445 1979 5489 te

412 5497 607 5568 ipsum,
654 5511 710 5557 ut
755 5519 1009 5564 coronam
1045 5515 1412 5583 consequaris.
1453 5517 1648 5586 Aures,
1679 5532 1736 5575 ut
1779 5523 1974 5580 malum

479 5681 524 5717 ⁸¹
565 5682 726 5740 Hebr.
763 5706 837 5757 ιι,
866 5691 954 5750 58.
1031 5702 1074 5733 ’³
1115 5700 1289 5756 Eccle.
1326 5719 1379 5768 ι,
1406 5702 1492 5756 Η.

1575 5704 1615 5736 ¹³
1656 5707 1842 5764 Matth.
1875 5727 2006 5780 χλιι,
2040 5712 2126 5771 '59.

2096 4529 2383 4574 mmrorem
2413 4522 2642 4592 cuipiam
2673 4524 2892 4592 inferre,
2925 4539 2977 4583 et
3004 4545 3062 4586 se
3099 4531 3294 4588 eﬂ‘erre
3320 4550 3483 4604 super
3503 4536 3664 4592 alios.

2088 4607 2189 4662 Fili
2215 4611 2310 4678 mi,
2349 4611 2527 4682 lingua
2557 4625 2643 4668 tua
2674 4630 2931 4687 sequatur
2963 4621 3292 4686 intellectum
3317 4635 3484 4686 tuum.
3523 4640 3662 4694 quo-

2086 4699 2232 4754 niam
2280 4704 2440 4759 verba
2487 4707 2847 4778 intelligentiae
2887 4717 3168 4783 expertia,
3219 4718 3385 4786 spina:
3427 4725 3550 4778 ευιιι
3604 4728 3664 4772 el

2086 4791 2288 4846 arista).
2313 4793 2412 4849 Fili
2441 4797 2532 4862 mi,
2567 4799 2696 4852 nihil
2724 4802 2974 4872 cuiquam
3006 4820 3280 4875 proponas
3317 4817 3410 4863 aut
3439 4811 3661 4870 doceas.

2092 4894 2377 4953 antequam
2403 4887 2516 4956 ipse
2537 4905 2701 4959 opere
2727 4897 3083 4965 compleveris
3117 4900 3265 4957 illud.
3295 4901 3510 4956 Peusita
3535 4919 3660 4972 ope-

2091 4991 2144 5028 ra
2187 4977 2300 5043 Dei,
2330 4988 2383 5034 et
2407 4978 2552 5036 illum
2592 4999 2750 5042 orare
2776 5002 2842 5041 ne
2869 4996 2918 5042 te
2939 4989 3134 5058 pigeat,
3168 4993 3292 5062 quia
3321 4995 3498 5048 oratio
3525 4997 3656 5064 pigri

2089 5063 2248 5117 verba
2281 5077 2406 5121 sunt
2446 5071 2639 5130 otioso.
2681 5076 2763 5130 Ab
2793 5077 3098 5135 hominibus
3137 5084 3329 5138 mentis
3359 5093 3415 5138 et
3451 5063 3653 5139 consilii

2085 5159 2414 5228 expertibus,
2450 5164 2715 5231 adnitcre,
2751 5171 2990 5226 recedas.
3027 5174 3082 5227 Si
3122 5190 3229 5243 qua
3255 5190 3419 5244 Opera
3446 5176 3656 5230 virtutis

2077 5249 2334 5314 edideris,
2365 5267 2428 5306 ne
2457 5263 2505 5308 te
2521 5254 2722 5322 jactes,
2749 5259 3003 5331 dicasque
3032 5281 3045 5317 :
3076 5263 3224 5319 Talia
3250 5277 3508 5335 operatus
3537 5284 3652 5323 sum

2078 5351 2132 5395 et
2161 5341 2256 5395 feci
2283 5362 2298 5409 ;
2329 5346 2581 5412 quoniaru
2627 5349 2671 5402 si
2697 5349 2991 5418 jactaveris
3023 5364 3073 5410 te
3096 5370 3159 5410 ea
3187 5357 3402 5423 fecisse,
3435 5358 3654 5412 minime

2077 5434 2291 5501 sapiens
2325 5437 2451 5491 eris.
2480 5437 2570 5491 Εει
2608 5440 2838 5497 dedecus
2869 5445 3031 5500 etiam
3069 5448 3306 5502 omnium
3335 5449 3651 5507 maximum.

2075 5525 2196 5578 aliis
2240 5541 2300 5581 ea
2328 5527 2591 5596 imperare
2616 5547 2732 5598 qme
2760 5533 2870 5601 ipse
2901 5552 3002 5592 non
3039 5539 3414 5608 prastaveris;
3443 5539 3652 5596 nullam

2208 5713 2248 5743 ”
2288 5713 2472 5770 lTim.
2515 5731 2587 5780 ιγ,
2619 5716 2696 5770 15.
