3976 6204
383 227 518 284 ίῦἹἹ

1109 235 1165 290 S.
1203 234 1484 291 ΑΝΤΟΝΙΙ
1525 235 1595 290 Μ.
1637 231 1924 286 ΑΒΒΑΤΞΞ
1991 230 2293 288 ΒΕῦυΙηΕ
2331 229 2418 286 ΕΤ
2458 227 2881 285 PtuECEPTA:

3508 234 3530 288 Ι
3542 233 3644 291 078

382 355 616 410 namque
651 341 936 398 utilitatem
975 344 1155 415 capies
1196 347 1265 402 ab
1304 362 1466 418 opere
1515 347 1709 402 alieno.
1748 345 1842 400 Vir
1873 360 1963 400 sa-
1994 352 2037 405 Α
2072 355 2161 398 tuo
2209 341 2425 396 silentio
2456 340 2674 395 obstrue
2697 354 2822 405 ora;
2876 352 2974 392 nec
3001 335 3303 403 demireris,
3348 339 3395 394 si
3425 342 3545 409 quis
3575 345 3641 396 de

377 445 534 499 purus
589 431 794 500 optime
859 433 1008 488 novit
1061 435 1204 489 viam
1273 436 1482 491 itineris
1539 436 1664 501 sui,
1739 435 1966 503 ideoque

379 536 490 573 non
522 520 741 576 festinat
788 522 855 576 ad
897 522 1250 594 loquendum;
1281 528 1373 581 sed
1415 527 1544 597 quid
1591 527 1693 582 sibi
1746 527 1968 596 loquen-

383 612 514 664 dum
555 612 944 669 audiendumve
993 625 1096 681 est,
1151 617 1438 688 expendit;
1495 628 1704 684 contra,
1761 619 1844 673 vir
1884 618 1968 672 in-

385 702 758 772 discipliuatus
779 706 1084 761 concredita
1129 711 1228 763 sibi
1276 723 1472 764 arcana
1517 711 1736 766 minime
1762 719 1965 766 servat.

457 791 545 848 ιν.
589 794 687 847 Fili
744 796 838 859 mi,
873 797 921 850 ei
967 797 1059 865 qui
1103 799 1264 853 verba
1313 809 1398 853 tua
1445 816 1547 854 non
1593 801 1854 869 percipit,
1902 816 1970 856 ne

383 883 629 951 proferas
661 885 770 938 illa.
806 886 905 940 Fili
938 888 1031 953 mi,
1081 904 1269 944 omnes
1296 889 1541 945 homines
1580 891 1665 945 fac
1703 891 1798 946 tibi
1838 891 1972 946 ami-

387 990 503 1041 ros,
535 977 628 1030 sed
661 993 765 1030 non
792 977 1149 1034 consiliarios.
1181 980 1318 1034 Ante
1346 980 1524 1035 omnia
1565 981 1768 1037 amicos
1808 995 1971 1050 expe-

386 1067 619 1120 rimento
649 1066 833 1136 proba,
860 1083 958 1124 nec
982 1083 1169 1125 omnes
1193 1069 1360 1126 facias
1386 1070 1716 1139 familiares;
1747 1083 1802 1128 et
1831 1072 1875 1128 si
1901 1073 1975 1126 fa-

385 1154 498 1208 cies
527 1169 738 1221 omnes,
775 1171 840 1210 ne
875 1158 1126 1212 omnibus
1160 1159 1316 1226 fidas,
1348 1162 1604 1231 quoniam
1631 1165 1860 1218 mundus
1893 1179 1974 1226 est

385 1245 736 1301 confirmatus
767 1248 818 1300 in
852 1248 1009 1315 dolo;
1043 1251 1136 1304 sed
1174 1267 1336 1306 unum
1367 1254 1460 1308 tibi
1489 1255 1625 1326 elige
1650 1254 1869 1310 fratrem
1908 1255 1974 1308 tis

389 1343 624 1388 mentem
663 1333 970 1400 Dominum,
1005 1344 1061 1391 et
1085 1336 1300 1392 adhaere
1334 1338 1440 1392 Deo
1479 1348 1684 1392 tantum
1718 1349 1972 1409 tauquam

389 1425 527 1476 titius
564 1425 728 1492 patri,
764 1426 1017 1492 quoniam
1045 1441 1233 1480 omnes
1261 1428 1508 1483 homines
1534 1428 1586 1483 in
1609 1427 1786 1481 dolum
1823 1428 1972 1482 abie-

389 1523 532 1580 rnut,
558 1515 803 1582 exceptis
830 1515 1052 1583 paucis;
1080 1527 1220 1570 terra
1251 1526 1428 1572 autem
1457 1519 1570 1589 jam
1599 1520 1862 1590 completa
1888 1530 1975 1576 est

388 1606 642 1660 vanitatis
677 1614 729 1660 et
765 1605 1001 1660 laborum
1034 1617 1194 1679 atque
1221 1625 1532 1665 maerorum.
1566 1611 1664 1666 Fili
1699 1613 1794 1676 mi,
1823 1612 1867 1668 si
1893 1612 1973 1665 vi-

2071 447 2122 491 te
2145 433 2339 489 malum
2368 432 2710 501 obloquatur,
2728 429 2854 499 quia
2886 428 2988 484 hoc
3011 442 3075 482 ex
3090 437 3346 498 opereest
3377 431 3642 499 pessimo-

2070 541 2190 579 rum
2239 523 2496 585 hostium,
2527 529 2587 575 ut
2625 517 3063 588 impedimentum
3106 527 3382 587 opponant
3417 517 3642 583 homini,

2070 631 2138 671 ne
2188 613 2556 685 apprehendat
2606 611 2907 667 scientiam.
2961 607 3062 665 Fili
3095 610 3190 674 mi,
3230 609 3296 664 ab
3334 610 3457 664 odio
3489 609 3647 680 longe

2071 719 2210 774 esto,
2245 716 2301 763 et
2339 722 2370 761 a
2415 705 2846 776 concupiscentia
2879 704 2991 774 ipse
3025 712 3075 760 te
3100 703 3270 774 ipsum
3304 704 3538 767 vindica,
3572 704 3645 758 si-

2075 798 2292 868 mulque
2325 798 2393 852 ab
2429 795 2680 852 obscenis
2707 792 3142 865 cogitationibus.
3168 793 3453 862 Apostolus
3475 791 3644 847 Joan-

2073 903 2169 944 nes
2196 888 2287 958 qui
2319 886 2539 942 effectus
2574 895 2655 941 est
2683 883 3045 940 habitaculum
3075 883 3244 938 sancti
3271 882 3522 954 Spiritus,
3555 883 3643 935 tri-

2072 981 2172 1036 bus
2202 978 2610 1049 comprehendit
2651 978 2910 1031 humanas
2952 974 3253 1045 voluptates
3305 975 3642 1044 sapientissi-

2073 1084 2160 1124 mo
2200 1069 2289 1124 illo
2319 1078 2530 1124 asserto
2557 1086 2570 1121 :
2611 1065 2869 1133 Quoniam
2907 1080 3056 1119 omne
3083 1066 3220 1133 quod
3246 1074 3318 1118 est
3341 1065 3395 1117 in
3424 1066 3640 1131 mundo,

2072 1171 2161 1214 aut
2194 1157 2611 1228 concupiscentia
2638 1159 2812 1211 carnis
2838 1167 2933 1220 est,
2956 1167 3046 1210 aut
3083 1155 3494 1224 concupiscentia
3521 1172 3648 1210 ocu-

2075 1254 2243 1305 lorum
2273 1262 2363 1304 aut
2394 1250 2634 1320 superbia
2681 1250 2860 1303 mundi
2893 1249 2955 1302 ¹⁸.
2990 1247 3432 1316 Concupiscentia
3467 1248 3658 1304 caruis-

2073 1353 2155 1396 cst
2203 1341 2407 1396 ventris
2453 1339 2675 1396 satietas
2727 1353 2792 1394 ex
2835 1338 2986 1408 capia
3039 1336 3310 1390 variorum
3377 1336 3643 1402 ciborum,

2075 1448 2233 1503 quam
2298 1432 2602 1488 necessario
2663 1430 2905 1500 sequitur
2954 1427 3323 1484 immundities
3391 1427 3642 1482 luxuriei.

2073 1525 2519 1594 Concupisccntia
2554 1537 2684 1578 vero
2713 1521 2986 1578 oculorum
3015 1529 3144 1575 sunt
3173 1519 3473 1574 materialia
3511 1533 3645 1589 ope-

2075 1632 2157 1680 ra,
2207 1617 2260 1670 in
2317 1631 2544 1686 quarunt
2587 1613 2985 1684 perpetratione
3029 1621 3122 1666 aut
3173 1609 3393 1666 effertur
3437 1611 3646 1678 oculus,

392 1708 498 1748 tam
528 1697 782 1752 dilexeris
807 1699 1175 1767 tranquillam,
1200 1716 1266 1755 ne
1301 1711 1352 1756 te
1384 1704 1684 1758 admisceas
1709 1703 1811 1758 illis
1837 1720 1969 1772 quo-
2001 1697 2043 1751 Β
2077 1715 2169 1760 aut
2196 1707 2502 1761 immundus
2539 1707 2605 1759 ad
2638 1720 2731 1759 cor
2757 1703 2950 1759 emittit
2987 1702 3213 1771 species.
3241 1702 3499 1772 Superbia
3547 1720 3642 1757 au-

389 1803 511 1841 rum
542 1787 776 1842 studium
816 1789 869 1843 in
896 1791 1222 1846 vanitatibus
1253 1794 1488 1861 positum
1519 1804 1634 1860 est;
1657 1803 1710 1848 et
1741 1795 1784 1848 si
1832 1793 1968 1849 forte

393 1889 446 1930 te
481 1878 845 1946 admiscueris,
876 1889 992 1935 esto
1054 1890 1303 1952 tanquam
1364 1898 1470 1938 non
1529 1885 1810 1940 admistus.
1863 1883 1965 1938 Fili

391 1971 486 2031 rx-i,
518 1970 562 2024 si
586 1974 798 2038 placere
826 1972 936 2028 Deo
963 1972 1258 2040 desideras,
1284 1974 1558 2030 Christum
1591 1976 1706 2031 cole
1731 1993 1744 2041 ;
1769 1987 1821 2030 et
1849 1977 1964 2044 ipse

332 2119 337 2125 _
388 2055 642 2108 liberabit
688 2066 740 2110 te
772 2066 934 2127 atque
966 2060 1276 2120 vindicabit.
1313 2063 1388 2120 De
1425 2077 1586 2132 opere
1637 2063 1780 2120 bono
1827 2067 1969 2134 quod

388 2145 568 2200 facere
607 2146 859 2215 intendis,
907 2164 974 2205 ne
1025 2150 1262 2219 loquaris
1301 2154 1543 2218 omnino,
1581 2157 1674 2209 sed
1717 2155 1878 2209 facito
1911 2155 1978 2209 il-

390 2239 501 2290 iud.
542 2234 882 2306 Voluptaturn
932 2250 1146 2295 amator
1202 2257 1269 2297 ne
1318 2243 1416 2304 sis.
1458 2244 1586 2312 quia
1635 2243 1964 2315 voluptatum

388 2337 656 2382 amatores
696 2326 838 2384 Deus
887 2345 991 2384 non
1036 2333 1274 2386 exaudit.
1330 2332 1581 2389 Defectus
1640 2346 1760 2390 tuos
1812 2336 1970 2392 nimis

396 2416 634 2472 crevisse
671 2430 958 2486 memento,
1000 2431 1052 2475 et
1094 2419 1432 2489 iuventutem
1474 2433 1616 2478 tuam
1644 2423 1755 2494 jam
1790 2435 1971 2481 trans-

389 2515 563 2561 actam
587 2523 727 2576 esse,
761 2521 815 2564 et
854 2509 1077 2578 jamjam
1108 2521 1318 2582 tempus
1348 2515 1535 2570 adesse
1568 2516 1650 2569 tui
1676 2516 1972 2582 discessus,

390 2613 446 2651 tu
499 2613 604 2668 quo
657 2599 920 2656 rationem
973 2617 1034 2658 es
1090 2605 1398 2661 redditurus
1447 2619 1656 2662 tuorum
1717 2623 1971 2678 operum;

391 2689 640 2759 sciasque
667 2693 808 2760 quod
835 2693 904 2747 ibi
933 2708 1033 2748 nec
1059 2693 1226 2749 frater
1248 2697 1475 2752 redimet
1512 2699 1754 2763 fratrem,
1785 2715 1881 2754 nec
1909 2700 1973 2753 fi-

396 2785 526 2838 lium
562 2795 716 2854 pater
745 2785 1015 2844 liberabit.
1051 2789 1152 2845 Fili
1195 2793 1290 2856 mi,
1320 2792 1510 2848 cellam
1541 2803 1683 2849 tuam
1716 2796 1768 2849 in
1798 2811 1975 2850 carce-

395 2893 509 2929 rem
545 2878 636 2933 tibi
668 2879 958 2946 constitue,
997 2883 1121 2950 quia
1164 2895 1595 2939 consummatum
1625 2884 1738 2954 jam
1771 2896 1852 2941 est
1889 2887 1988 2941 iu-~

398 2977 609 3022 ternum
657 2977 1045 3041 externumque
1088 2982 1271 3040 tuum;
1314 2984 1370 3029 et
1421 2975 1642 3047 jamjam
1695 2976 1976 3030 dissolutio

397 3072 487 3113 tua
513 3060 580 3114 ab
605 3059 706 3116 hoc
745 3062 945 3117 mundo
986 3063 1155 3118 adest.
1198 3064 1255 3118 In
1296 3066 1547 3121 omnibus
1581 3067 1799 3122 humilis
1827 3076 1962 3132 esto,

404 3153 454 3204 in
493 3151 676 3206 habitu
711 3158 824 3217 tuo,
855 3153 908 3206 in
941 3154 1300 3221 vestimentis,
1327 3155 1380 3210 in
1421 3157 1683 3222 sessione,
1721 3159 1978 3226 statione,

397 3245 782 3311 ambulatione,
829 3246 1016 3311 cubili,
1075 3247 1208 3303 cella
1265 3259 1322 3304 et
1371 3250 1693 3320 supellectili
1729 3251 1864 3320 ejus.
1917 3251 1972 3307 In

399 3335 544 3388 omni
565 3334 975 3390 conversatione
999 3345 1084 3389 tua
1109 3350 1326 3393 assume
1356 3338 1448 3393 tibi
1473 3339 1714 3394 habitum
1741 3357 1972 3411 pauper-

406 3423 559 3488 latis;
592 3439 692 3478 nec
731 3423 786 3478 in
837 3426 1176 3480 sermonibus
1207 3427 1314 3482 tuis
1344 3426 1612 3498 glorieris.
1647 3445 1744 3485 nec
1775 3431 1828 3485 in
1856 3433 1974 3486 lau-

401 3513 706 3569 dationibus
757 3515 865 3570 tuis
915 3526 1008 3570 aut.
1059 3517 1276 3584 hymnis
1324 3536 1339 3573 :
1387 3527 1441 3574 et
1496 3535 1620 3575 cum
1683 3524 1975 3579 convenies

399 3604 702 3672 proximum
750 3614 921 3670 tuum,
980 3607 1140 3662 verba
1177 3619 1263 3662 tua
1307 3624 1372 3664 ne
1415 3608 1523 3664 sint
1563 3625 1684 3665 cum
1723 3612 1972 3669 artiﬁcio.

399 3696 504 3752 Fili
560 3698 654 3764 mi,
699 3699 744 3754 si
791 3699 1131 3756 laudaverint
1178 3709 1230 3755 te
1282 3708 1500 3770 propter
1539 3716 1704 3771 opera
1744 3711 1855 3767 tua,
1908 3719 1976 3759 ne

399 3786 636 3856 gaudeas
699 3795 979 3859 propterea
1049 3799 1143 3844 aut
1212 3790 1528 3859 delecteris,
1581 3794 1676 3848 sed
1733 3807 1794 3847 ea
1862 3793 1976 3849 cela

400 3893 662 3954 quantum
700 3891 884 3951 potes;
918 3899 1020 3938 nec
1053 3883 1335 3952 permittas
1372 3884 1620 3954 cuiquam
1649 3885 1858 3940 illorum
1897 3885 1978 3940 fa-

402 3992 528 4034 cere
544 3979 889 4043 mentionem,
906 3985 960 4031 et
975 3975 1218 4030 ohnitere
1233 3990 1300 4029 ne
1318 3976 1549 4033 lauderis
1566 3977 1632 4031 ah
1648 3977 1974 4032 hominibus.

477 4069 540 4125 γ.
578 4068 674 4124 Fili
715 4069 808 4132 mi,
847 4068 1150 4137 quempiam
1195 4067 1302 4122 cito
1345 4081 1412 4122 ne
1460 4068 1758 4138 corripias;
1793 4069 1844 4122 in
1878 4069 1978 4124 hoc

403 4159 545 4214 enim
575 4169 658 4216 est
685 4172 843 4214 casus
879 4168 1029 4223 tuus;
1060 4157 1152 4212 sed
1185 4167 1450 4212 memento
1492 4169 1648 4213 antea
1683 4160 1862 4214 exitus
1901 4163 1976 4216 tui

403 4255 474 4308 ab
503 4252 604 4307 hoc
645 4263 892 4320 corpore,
930 4263 1028 4303 nec
1055 4247 1392 4303 obliviscaris
1424 4256 1637 4305 aeternae
1679 4252 1981 4306 damnatio.

2076 1808 2181 1852 tem
2212 1797 2397 1852 mundi
2422 1806 2506 1853 est
2539 1795 2707 1866 gloria
2738 1794 2848 1858 illa,
2887 1808 3008 1862 qua:
3041 1793 3238 1848 nostris
3267 1793 3463 1848 insidet
3494 1809 3646 1849 men-

2071 1889 2210 1943 tibus
2245 1888 2316 1943 ob
2363 1887 2596 1942 caducas
2626 1897 2899 1952 vanasqnc
2934 1883 3235 1953 dignitates.
3277 1883 3376 1938 Fili
3422 1884 3517 1949 mi,
3555 1899 3645 1938 se-

2084 1977 2534 2047 ruiuajustitiam,
2571 1985 2629 2029 ut
2681 1977 2802 2028 vita:
2839 1975 3045 2027 fructus
3095 1983 3287 2029 metas.
3313 1974 3540 2038 Adhibe,
3573 1975 3644 2027 liii

2073 2071 2169 2138 mi,
2232 2070 2470 2125 scientiae
2515 2069 2718 2132 lumen,
2769 2074 2822 2118 ut
2883 2064 3284 2135 generationem
3340 2078 3645 2133 consequa-

2075 2162 2148 2215 ris
2172 2163 2461 2229 justorum,
2488 2161 2610 2212 dum
2642 2167 2852 2226 tempus
2880 2161 2966 2210 est
2988 2155 3339 2224 conquirendi
3369 2155 3664 2210 scientiam.

2074 2247 2311 2303 Domini.

2150 2338 2232 2392 Vl.
2275 2338 2399 2404 Fili,
2432 2336 2688 2407 cogitatio
2718 2335 2894 2391 inanis
2920 2338 3133 2407 gloriae,
3161 2350 3311 2401 cave,
3337 2345 3387 2390 te
3408 2335 3663 2403 seducat,_.

2073 2432 2203 2486 dum
2232 2428 2326 2483 tibi
2355 2429 2588 2498 suggerit
2623 2428 2764 2497 quod
2813 2430 3052 2498 requiem
3095 2427 3150 2482 iu
3189 2425 3480 2482 solitudine
3515 2441 3649 2480 nan-

2074 2520 2318 2575 cisceris.
2367 2519 2635 2574 Perfectio
2673 2535 2804 2576 sane
2843 2518 3162 2576 certaminis
3195 2517 3292 2583 tui,
3341 2515 3648 2572 obedientia

2073 2611 2472 2680 est-,quoniam
2504 2611 2704 2665 bonum
2735 2622 2824 2667 est»
2853 2615 2956 2666 hoc
2990 2611 3214 2675 homini,
3239 2617 3295 2663 ut
3319 2607 3505 2678 iugum
3543 2607 3648 2662 Do-

2077 2703 2202 2756 mini
2227 2716 2257 2754 a
2289 2701 2568 2769 juventute
2587 2710 2782 2771 portet,
2815 2711 2869 2756 et
2901 2703 3100 2756 serviat
3129 2699 3490 2768 obediatque—;
3529 2714 3643 2752 ma-

2078 2792 2262 2846 xillam
2304 2793 2624 2862 percutienti
2661 2792 2927 2862 praebens,
2977 2791 3187 2846 laetetur
3227 2791 3280 2845 in
3326 2789 3647 2860 Opprobriis,

2078 2890 2323 2942 ciborum
2357 2889 2616 2942 tenuitate
2644 2889 2715 2941 sit
2736 2895 3023 2941 contentus
3061 2901 3073 2935 :
3108 2893 3435 2955 quaprOpter
3468 2882 3664 2936 Domi--

2081 2993 2180 3032 nus
2210 2989 2396 3031 noster
2421 2975 2578 3031 Jesus
2615 2976 2866 3032 Christus
2905 2975 3224 3030 haudillum
3256 2975 3512 3030 destituet
3545 2989 3648 3027 uu-

2080 3083 2263 3137 quam,
2317 3069 2443 3136 quia
2488 3068 2661 3122 bonus
2694 3077 2777 3122 est
2807 3075 2862 3122 et
2899 3067 3117 3135 adjutor
3153 3065 3481 3128 animarum,
3533 3078 3654 3133 qua:

2081 3161 2347 3214 sustinent
2377 3167 2593 3229 propter
2615 3158 2764 3212 illum
2790 3172 2854 3212 ac
2887 3158 3060 3228 ipsum
3089 3165 3373 3228 quaerunt;
3397 3155 3658 3212 corrobo-

2081 3251 2220 3305 rabit
2255 3251 2401 3305 enim
2425 3265 2521 3307 eos
2548 3249 2721 3304 donec
2746 3249 2801 3303 in
2833 3250 3012 3318 quiete
3044 3248 3532 3305 confirmabuntur.
3568 3247 3666 3301 Tu-

2081 3355 2230 3409 ergo,
2271 3341 2344 3394 liii
2380 3341 2473 3406 mi,
2507 3341 2578 3396 ita
2612 3340 2796 3404 facias,
2833 3348 2890 3393 ut
2919 3341 3165 3396 habitare
3203 3341 3376 3412 possis
3415 3341 3470 3395 in
3501 3348 3653 3394 trau-

2081 3433 2346 3501 quillitate
2368 3433 2538 3499 solus,
2561 3441 2617 3487 et
2638 3432 2797 3488 sileas
2823 3435 2875 3488 in
2899 3435 3100 3504 quiete.
3131 3432 3236 3488 Fili
3266 3433 3359 3500 mi,
3389 3431 3570 3487 [astare
3601 3433 3668 3486 in:

2084 3525 2516 3580 tribulationibus
2552 3540 2673 3595 qua:
2710 3526 2806 3581 tibi
2841 3525 3127 3591 eveniunt;
3164 3525 3265 3580 has
3291 3525 3434 3579 enim
3467 3539 3665 3580 conse-

2081 3624 2320 3684 quuntur
2349 3615 2572 3671 fructus.
2603 3615 2656 3668 lu
2697 3617 3060 3684 voluptatibus
3087 3615 3269 3669 mundi
3310 3629 3377 3668 ne
3417 3615 3657 3668 delecte-

2083 3705 2180 3770 ris,
2214 3703 2287 3758 fili
2327 3705 2436 3771 mi;
2466 3705 2711 3759 morieris
2735 3706 2878 3759 enim
2913 3713 3084 3759 morte
3119 3704 3375 3772 pessima.
3408 3702 3510 3757 Fili
3559 3705 3654 3769 mi,

2083 3805 2340 3867 perpetuo
2373 3795 2566 3864 evigila
2613 3810 2680 3849 ne
2725 3795 3021 3860 seducaris,
3051 3794 3303 3864 pigerque
3345 3793 3546 3848 evadas
3592 3810 3656 3848 ac

2085 3886 2360 3955 negligens
2383 3884 2734 3952 abjectusque
2757 3885 2832 3938 sis
2859 3883 2913 3937 in
2935 3883 3113 3938 futuro
3141 3880 3339 3937 saeculo
3354 3897 3382 3950 ;,
3397 3881 3654 3949 scriptum

2084 3983 2170 4028 est
2193 3973 2332 4027 enim
2368 3989 2382 4025 :
2419 3970 2506 4025 Vae
2534 3971 2944 4041 negligentibus,
2975 3971 3230 4042 quoniam
3264 3969 3662 4039 appr0pinqna-

2085 4064 2163 4118 vit
2189 4063 2309 4118 linis
2335 4077 2546 4126 eorum,
2581 4076 2679 4116 nec
2712 4061 2864 4116 adest
2897 4061 3002 4117 illis
3032 4058 3278 4129 adjutor,
3300 4072 3400 4113 nec
3425 4073 3548 4128 spes
3571 4073 3661 4111 sa-

2088 4153 2232 4208 lutis.
2262 4153 2362 4208 Fili
2391 4153 2484 4217 mi,
2508 4167 2718 4207 morere
2753 4152 2976 4221 singulis
3007 4152 3221 4216 diebus,
3256 4159 3314 4204 ut
3340 4149 3505 4211 vivas,
3526 4149 3650 4218 quia

2088 4247 2394 4314 quicunque
2435 4244 2588 4298 timet
2622 4243 2930 4308 Dominum,
2967 4243 3112 4297 vivet
3156 4243 3207 4296 in
3241 4250 3525 4296 aeternum.
3557 4237 3658 4294 Fili

406 4343 492 4396 nis
523 4341 840 4396 memoriam
866 4357 883 4407 ;
914 4338 957 4394 si
991 4339 1064 4393 ita
1094 4337 1237 4393 enim
1266 4337 1485 4404 feceris,
1511 4338 1566 4393 in
1589 4348 1848 4395 aeternum
1873 4357 1978 4396 non
2013 4366 2064 4422 η
2088 4337 2181 4401 mi,
2211 4350 2347 4406 quos
2374 4335 2636 4406 pertulisti
2675 4345 2891 4406 propter
2917 4335 3193 4399 virtutem,
3225 4349 3296 4388 ne
3319 4331 3660 4388 obliviscaris

405 4434 677 4502 peccabis.
711 4432 894 4487 Patres
922 4439 1099 4486 autem
1125 4431 1292 4486 nostri
1319 4431 1623 4500 spirituales
1649 4443 1978 4501 asseverant,

407 4525 752 4581 solitudinem
782 4523 1040 4591 aptiorem
1080 4522 1258 4576 locum
1296 4535 1420 4576 esse
1461 4520 1821 4578 meditationis
1864 4539 1980 4578 me-

408 4615 592 4669 moria:
624 4610 831 4676 mortis,
874 4618 928 4664 et
971 4609 1232 4679 refugium
1271 4623 1300 4661 a
1341 4607 1501 4662 rebus
1535 4607 1829 4675 corporeis.
1882 4608 1983 4664 Fili

405 4706 502 4770 mi,
531 4704 809 4759 vilioribus
859 4712 1014 4757 utere
1055 4701 1209 4756 cibis.
1253 4699 1309 4755 Si
1344 4701 1423 4754 ira
1463 4699 1744 4769 perculsus
1793 4699 1979 4766 fueris,

406 4797 590 4852 statim
619 4795 764 4850 illam
807 4811 836 4850 a
881 4805 932 4850 te
961 4807 1177 4849 remove
1219 4791 1426 4863 procul,
1461 4802 1518 4846 ut
1549 4792 1783 4862 gaudeas
1815 4808 1982 4864 usque

408 4892 461 4945 iu
488 4889 685 4957 finem;
716 4896 770 4944 et
816 4888 973 4944 enixe
1004 4899 1226 4958 precare
1259 4885 1482 4955 juvenes
1520 4883 1676 4940 simul
1719 4894 1774 4940 et
1804 4900 1982 4950 senes,

410 4991 594 5036 utnon
625 4978 1059 5050 permittantsibi
1096 4976 1361 5033 dominari
1393 4977 1550 5030 iram.
1589 4974 1687 5030 Fili
1721 4976 1814 5040 mi,
1848 4976 1980 5030 nihil

409 5073 552 5126 aliud
604 5079 686 5127 est
729 5069 1004 5133 fortitudo,
1035 5082 1196 5138 quam
1233 5067 1285 5120 in
1319 5065 1541 5120 veritate
1579 5064 1891 5136 persistere,
1932 5075 1984 5120 et

414 5165 665 5220 resistere
695 5162 944 5218 hostibus
976 5179 990 5215 :
1017 5160 1268 5231 quoniam
1295 5174 1417 5214 cum
1452 5157 1557 5212 illis
1596 5172 1700 5213 non
1731 5157 1984 5223 cesseris,

410 5255 708 5320 discedent,
735 5262 790 5308 et
817 5267 924 5307 non
959 5250 1299 5306 invenientur
1337 5248 1566 5318 amplius
1601 5247 1836 5302 omnino.
1883 5247 1984 5302 Fili

411 5346 506 5413 mi,
541 5347 624 5399 vir
651 5343 866 5415 sapiens
910 5341 1059 5396 vultu
1093 5340 1329 5396 ostendit
1367 5339 1686 5410 sapientiam
1723 5357 1734 5392 ε
1768 5339 1983 5410 sapiens

411 5438 573 5508 igitur
613 5446 749 5502 esto,
793 5445 848 5491 et
891 5435 1106 5491 illorqu
1138 5435 1227 5506 qui
1256 5442 1443 5492 contra
1495 5443 1546 5489 te
1590 5433 1976 5503 obloquuntur,

520 5620 564 5655 ι’
603 5617 799 5677 lJoan.
827 5636 887 5689 tt,
928 5619 1013 5674 £6.

2087 4429 2331 4485 laborum
2365 4439 2421 4485 et
2458 4430 2606 4500 piger
2648 4429 2771 4496 tias,
2803 4437 2858 4483 et
2889 4427 3149 4498 negligas,
3200 4441 3266 4482 ac
3299 4439 3450 4481 erres
3489 4423 3542 4477 in
3578 4424 3662 4477 ul-

2089 4523 2215 4577 tima
2253 4521 2408 4586 hora,
2440 4523 2533 4577 sed
2565 4521 2847 4576 Dominum
2883 4521 3044 4589 dilige
3074 4533 3242 4589 usque
3283 4519 3336 4573 in
3380 4516 3562 4581 finem,
3603 4523 3660 4569 et

2091 4613 2517 4669 misericordiam
2548 4613 2913 4682 consequeris.
2958 4611 3059 4667 Fili
3109 4610 3204 4674 mi,
3251 4617 3467 4677 propter
3493 4607 3660 4662 cadu-

2085 4721 2179 4762 cas
2218 4720 2305 4761 res
2335 4719 2404 4761 ne
2433 4705 2653 4761 recedas
2692 4719 2722 4758 a
2768 4704 2910 4767 Deo;
2958 4700 3053 4756 sed
3097 4699 3239 4769 quod
3277 4698 3546 4768 pollicitus
3599 4711 3660 4753 es

2091 4807 2332 4866 tempore
2361 4794 2712 4851 vehementiac
2751 4793 2824 4848 tui
2865 4793 3084 4858 caloris,
3125 4799 3419 4846 memento.
3467 4789 3661 4859 Signa-
3721 4785 3726 4790 ’

2090 4889 2222 4952 culi,
2259 4886 2465 4942 scilicet
2511 4885 2728 4940 habitus
2767 4884 2862 4950 tui,
2898 4900 3008 4954 quo
3043 4883 3334 4938 mundatus
3380 4895 3443 4936 es
3485 4881 3657 4948 prius,

2090 4989 2278 5046 satage
2308 4993 2374 5034 ne
2406 4977 2766 5044 obliviscaris;
2793 4980 2888 5033 sed
2923 4976 3283 5046 lacrymarum
3328 4971 3661 5044 poenitentia:

2091 5081 2194 5127 tua:
2233 5087 2352 5141 quae
2396 5086 2492 5142 pro
2529 5081 2576 5126 te
2606 5071 2738 5125 fusae
2765 5080 2911 5136 sunt,
2942 5083 3147 5123 memor
3169 5076 3308 5133 esto,
3343 5074 3399 5120 et
3431 5061 3657 5119 festinus

2094 5163 2279 5218 recede
2320 5177 2350 5215 a
2383 5161 2792 5232 cogitationibus
2834 5159 3185 5222 absconditis,
3229 5171 3298 5211 ne
3328 5154 3502 5226 palam
3543 5163 3657 5208 tum

2092 5255 2387 5310 seducaris.
2438 5253 2535 5308 Fili
2584 5253 2677 5317 mi,
2721 5253 2914 5308 lectum
2953 5262 3099 5306 tutttn
3145 5248 3370 5320 singulis
3410 5247 3660 5302 noctibus

2091 5346 2228 5410 lava,
2259 5354 2313 5399 et
2347 5354 2572 5400 stratum
2610 5354 2756 5398 tuum
2791 5342 3049 5413 lacrymis
3082 5341 3185 5396 tuis
3213 5338 3570 5404 madefacito;
3605 5345 3660 5390 et

2092 5438 2309 5495 humilia
2345 5450 2394 5494 te
2426 5453 2606 5494 coram
2637 5435 2854 5493 Christo
2876 5435 3120 5500 Domitio,
3154 5443 3210 5488 ut
3241 5441 3460 5504 peccata
3487 5428 3666 5486 deleat
