3990 6210
361 255 498 311 1070

1467 258 1736 314 PATRES
1775 258 2076 314 AZGYPTII
2116 255 2388 314 SECULI
2423 256 2511 310 ιν.

3498 257 3630 312 1080

361 379 473 432 ttta,
509 378 666 438 teque
701 379 915 425 renovet
956 385 1166 438 rursus,
1191 370 1489 440 all'eratqne
1527 387 1681 442 opem
1706 372 1771 426 ad
1810 373 1945 425 bona
1977 390 2022 448 Α
2053 385 2175 426 cum
2226 369 2391 424 Patre
2437 367 2666 438 optimo,
2723 376 2775 422 et
2843 367 3050 437 Spiritu
3111 375 3302 422 sancto
3355 382 3422 422 ex
3488 377 3640 422 mter-

356 479 519 532 opera
552 462 896 528 absolvenda,
945 473 999 517 et
1034 479 1254 533 regnum
1279 464 1496 519 demum
1541 479 1700 518 suum
1745 464 1947 532 sempi-

360 561 570 605 ternum
594 550 647 605 in
674 551 1037 605 ltaereditatem
1059 552 1254 606 tribuat
1276 553 1368 609 tibi
1391 570 1405 606 :
1435 569 1592 624 quem
1623 553 1780 608 decet
1807 553 1942 618 laus,

358 641 567 705 honor,
627 641 819 711 gloria,
895 641 1255 698 sanctiﬁcatio
1320 651 1374 698 et
1434 643 1718 707 adoratio,
1784 642 1944 697 simul

2058 461 2261 527 nitate,
2306 472 2483 526 nunc,
2523 467 2576 513 et
2607 468 2940 533 semperpet
2976 459 3028 513 itt
3058 458 3253 513 stecnla
3295 458 3636 514 saeculorum.

2058 552 2251 607 Amen.

2551 640 2758 696 Laudes
2792 640 2896 696 Deo
2921 657 3137 710 semper.

1463 922 1804 984 EIUSDEM
1835 923 1938 984 SS.
1963 923 2242 984 PATRIS
2270 922 2548 984 NOSTRI

803 1113 922 1224 S.
1031 1109 1748 1226 ANTONII
1852 1108 2386 1227 MAGNI
2485 1107 3190 1222 ABBATIS

1013 1346 1682 1437 ADMONITION
1704 1342 1815 1424 ES
1855 1345 1988 1424 ET
2017 1343 2658 1425 DOCUMENTA
2713 1345 3008 1425 VARIA

1485 1522 1576 1577 AD
1617 1521 1842 1578 FILIOS
1884 1519 2066 1579 SUOS
2107 1521 2504 1578 MONACHOS.

430 1819 486 1870 Si
519 1817 642 1888 quis
683 1818 852 1874 frater
885 1819 1079 1874 adierit
1111 1829 1184 1887 te,
1249 1821 1451 1890 tibique
1491 1835 1620 1876 suas
1667 1822 1942 1892 aperuerit
1975 1826 2018 1884 Β
2048 1822 2326 1878 civitatem
2387 1823 2624 1891 incolat;
2693 1834 2874 1892 neque
2937 1819 3126 1875 visitet
3197 1827 3483 1889 parentes.
3547 1823 3652 1871 aut

359 1911 738 1976 cogitationes,
761 1927 854 1965 eas
884 1928 952 1966 ne
980 1914 1233 1982 cuiquam
1285 1929 1496 1968 reseres
1530 1929 1701 1981 cave;
1725 1916 1817 1969 sed
1843 1929 1939 1969 ora

358 2015 454 2066 pro
503 2011 552 2056 te
591 2018 654 2056 ac
695 2019 794 2072 pro
845 2004 972 2070 illo,
1011 2014 1068 2058 ttt
1114 2005 1423 2060 liltcretnini
1471 2007 1653 2060 ambo.
1710 2007 1767 2061 Si
1821 2010 1944 2078 quis

361 2093 528 2146 frater
575 2110 780 2162 pronus
807 2105 858 2149 te
897 2098 1169 2165 rogaverit
1209 2108 1267 2150 ut
1308 2099 1380 2152 illi
1415 2115 1570 2168 opem
1613 2101 1778 2165 feras,
1813 2117 1941 2170 ope-

360 2200 481 2238 rare
526 2201 650 2239 cum
696 2187 784 2239 illo
831 2198 942 2242 tota
992 2189 1081 2243 die
1126 2189 1236 2244 illa.
1286 2189 1573 2247 Settiorum
1627 2194 1942 2248 monasterii

360 2290 418 2330 ιιι
455 2278 886 2334 benedictionem
915 2283 1289 2350 consequaris,
1323 2284 1550 2338 omnino
1575 2297 1778 2354 satage.
1812 2285 1946 2341 Cor-

363 2370 498 2437 ripe,
536 2385 636 2424 nec
683 2387 904 2440 parcas;
945 2374 1040 2427 sed
1087 2388 1210 2428 cum
1253 2375 1447 2430 timore
1491 2376 1624 2431 Dei:
1661 2391 1760 2433 nec
1795 2379 1942 2432 acci-

355 2463 474 2530 pias
501 2461 817 2533 cujusquam
857 2480 1149 2535 personam
1171 2506 1186 2532 ,
1216 2468 1464 2537 quisquis
1497 2470 1583 2524 ille
1613 2471 1714 2532 sit,
1754 2480 1809 2526 et
1844 2487 1943 2525 ex-

359 2557 698 2611 eomntunica
744 2572 866 2611 cum
909 2558 1088 2613 verbis
1144 2562 1414 2616 veritatis.
1468 2562 1803 2618 Vestimenta
1855 2572 1943 2618 tua

356 2648 606 2713 custodi,
658 2665 724 2704 ne
777 2650 1000 2706 incedas
1049 2653 1225 2708 nudus
1265 2654 1318 2707 itt
1366 2653 1452 2709 die
1492 2655 1702 2724 judicii.
1753 2655 1944 2711 Patres

359 2741 674 2794 monasterii
709 2743 798 2811 qui
840 2752 1102 2812 generant
1136 2752 1188 2798 le
1233 2744 1288 2799 itt
1335 2746 1565 2815 spiritu,
1600 2745 1685 2800 fac
1713 2787 1727 2809 ,
1765 2746 1944 2801 admi-

361 2842 547 2886 rentur
573 2833 800 2902 gloriam
852 2843 994 2887 tuam
1033 2835 1084 2888 in
1135 2837 1316 2892 medio
1353 2850 1687 2892 sanctorum.
1739 2838 1943 2894 Panem

359 2934 506 2978 tuum
544 2940 663 2979 cunt
698 2927 900 2994 quiete,
933 2927 1325 2996 tranquillitate
1351 2939 1399 2982 et
1421 2931 1756 2984 continentia
1783 2947 1944 2986 com-

358 3016 506 3070 mle:
553 3032 844 3072 consessus
892 3034 1021 3074 vero
1097 3029 1254 3084 tuus,
1299 3036 1470 3086 cave,
1521 3022 1594 3076 sit
1648 3022 1942 3078 modestus.

358 3107 560 3162 Omnes
603 3109 961 3178 cogitationes
995 3120 1117 3164 tuas
1149 3126 1216 3165 ne
1258 3113 1530 3182 sequaris.
1574 3113 1668 3168 Sta
1717 3114 1771 3170 in
1814 3129 1944 3169 eon-

358 3211 547 3267 spectu
590 3200 801 3256 Domini
847 3219 968 3258 cum
1013 3205 1361 3262 rectitudine.
1391 3206 1649 3263 Pulsante
1678 3223 1940 3277 campana

366 3307 433 3348 ne
481 3294 716 3362 pigreris
768 3298 949 3352 statim
988 3300 1139 3355 adire
1191 3301 1498 3357 ecclesiam.
1544 3303 1678 3358 Cum
1721 3318 1947 3374 peregre

361 3383 726 3450 proficisceris
748 3425 762 3449 ,
795 3389 945 3441 brevi
978 3391 1044 3441 ad
1088 3393 1476 3446 monasterinnt
1515 3401 1666 3446 tuum
1699 3403 1945 3447 reverta-

365 3477 438 3528 ris
464 3475 730 3541 adnitcre,
769 3487 827 3530 ut
867 3478 1205 3534 orationibus
1240 3481 1346 3535 tuis
1372 3497 1568 3536 vacare
1603 3482 1806 3538 valeas.
1837 3483 1948 3540 Ne-

362 3567 509 3636 gotia
559 3567 806 3623 ecclesia:
848 3570 1261 3626 committantur
1316 3575 1433 3629 viro
1481 3573 1663 3640 fideli,
1737 3575 1946 3630 timenti

364 3661 555 3716 Demn.
609 3662 664 3716 Si
713 3664 796 3719 his
837 3665 1036 3721 addere
1077 3667 1372 3738 quidquam
1404 3671 1488 3726 vis
1522 3670 1786 3725 bonorum
1819 3685 1948 3741 ope-

366 3771 504 3820 rttm,
536 3753 733 3820 facito,
765 3764 819 3811 et
852 3769 1143 3827 perpetuas
1173 3761 1380 3830 gratias
1425 3777 1526 3832 age
1559 3761 1785 3819 Domino
1817 3762 1946 3819 Jesu

363 3846 597 3912 Christo,
634 3849 718 3904 cui
758 3847 928 3918 gloria
963 3850 1015 3904 itt
1048 3863 1332 3908 aeternum.
1371 3853 1564 3908 Amen.

634 3938 883 4009 Ejusdem
916 3939 980 3994 de
1008 3942 1354 3996 sttbmissione
1381 3953 1430 3997 et
1459 3945 1672 4008 pietate.

434 4029 622 4084 Timor
656 4030 873 4086 Domini
921 4034 1030 4098 sit,
1065 4043 1316 4105 oportet,
1359 4051 1577 4108 semper
1607 4046 1734 4093 ante
1761 4035 1949 4094 oculos

369 4131 620 4185 nostros;
647 4123 888 4191 itemque
919 4127 1180 4179 memoria
1205 4126 1417 4188 mortis,
1446 4137 1500 4182 et
1525 4127 1711 4183 mundi
1742 4129 1946 4196 odium,

376 4224 432 4267 et
465 4214 799 4270 declinemus
825 4230 985 4271 omne
1015 4218 1067 4272 id
1111 4219 1254 4287 quod
1308 4219 1466 4273 nobis
1513 4219 1670 4274 affert
1709 4222 1948 4291 requiem

369 4307 586 4368 rantis;
620 4307 788 4361 vitam
819 4318 1000 4364 autem
1035 4311 1175 4366 hanc
1205 4312 1359 4382 parvi
1395 4311 1681 4377 ducamus,
1710 4324 1768 4368 ut
1795 4315 1946 4368 viva-

373 4414 492 4451 mus
526 4399 578 4452 in
609 4399 739 4467 Deo,
769 4402 859 4470 qui
891 4409 1102 4470 repetet
1126 4418 1157 4457 a
1191 4405 1345 4459 nobis
1373 4405 1429 4460 in
1453 4405 1538 4460 die
1564 4405 1780 4474 judicii,
1821 4421 1947 4461 num

2046 1915 2324 1985 proximos
2339 1929 2400 1970 ca
2411 1913 2610 1980 ruales;
2629 1913 2756 1969 inde
2773 1913 2919 1969 enim
2934 1910 3214 1982 corruptio
3230 1912 3406 1966 oritur
3421 1910 3652 1974 aninnr,

2044 2017 2100 2061 et
2130 2007 2255 2061 vita:
2283 2005 2496 2061 fructus
2539 2005 2934 2077 deperduntur.
2969 2003 3028 2058 Si
3079 2014 3133 2059 te
3163 2003 3448 2057 tradideris
3485 2001 3646 2062 Deo.

2045 2099 2226 2154 omnia
2256 2099 2374 2169 ejus
2409 2113 2567 2154 serva
2596 2099 2890 2164 mandata;
2920 2107 2974 2153 et
3002 2097 3148 2166 quod
3179 2096 3273 2150 tibi
3299 2095 3652 2166 prmeipitnr,

2048 2191 2099 2244 id
2146 2188 2311 2243 facito
2367 2204 2467 2244 nec
2500 2188 2740 2259 abjicias
2776 2187 2910 2242 illud
2935 2227 2950 2252 ,
2981 2187 3108 2257 quia
3149 2187 3192 2240 si
3222 2185 3349 2239 illud
3377 2185 3643 2251 abjieies,

2047 2295 2392 2350 nequaquam
2419 2280 2601 2349 priora
2629 2279 2724 2334 tibi
2755 2280 3108 2334 dimittuntur
3133 2286 3389 2348 peccata;
3431 2277 3475 2330 si
3511 2290 3652 2330 vero

2048 2373 2176 2427 illud
2202 2373 2541 2442 prmstiteris.
2569 2382 2758 2428 certus
2782 2380 2921 2437 esto,
2947 2371 3132 2428 omnia
3171 2378 3260 2422 tua
3295 2369 3479 2438 priora
3512 2383 3642 2437 pec-

2047 2475 2168 2520 cata
2198 2465 2312 2536 jam
2347 2481 2468 2521 esse
2501 2465 2743 2520 dimissa.
2785 2464 2920 2520 Cum
2977 2463 3203 2519 muliere
3235 2476 3300 2516 ne
3341 2461 3642 2524 comedas,

2049 2573 2150 2614 nec
2188 2575 2311 2614 cum
2360 2573 2530 2630 puero
2580 2559 3008 2613 familiaritatem
3051 2557 3351 2614 contrahas
3392 2555 3640 2610 omnino.

2049 2651 2166 2706 Duo
2207 2652 2368 2707 simul
2419 2667 2586 2722 super
2621 2650 2810 2706 eadem
2842 2659 3023 2705 storea
3074 2664 3141 2704 ne
3186 2647 3496 2712 dormiatis,
3536 2645 3641 2700 nisi

2049 2745 2285 2800 maxima
2331 2745 2545 2815 cogerit
2589 2744 2934 2809 necessitas;
2967 2751 3021 2796 et
3054 2741 3142 2796 ille
3178 2742 3268 2810 qui
3300 2749 3479 2795 tecum
3511 2739 3641 2793 dor-

2049 2841 2170 2906 tnit,
2203 2838 2277 2893 sit
2322 2837 2406 2892 vel
2447 2846 2599 2906 pater
2627 2846 2782 2900 tuus,
2817 2835 2900 2890 vel
2943 2835 3151 2900 frater;
3189 2843 3246 2890 et
3275 2844 3403 2888 tunc
3446 2849 3645 2902 magno

2047 2947 2169 2986 cum
2205 2931 2403 2984 timore
2428 2929 2479 2984 id
2510 2927 2699 2983 facias.
2725 2927 2860 2982 Cum
2879 2927 3108 2992 dormis.
3140 2943 3208 2983 ne
3239 2943 3462 2982 manum
3494 2937 3644 2980 tuam

2050 3025 2188 3077 intra
2231 3031 2285 3077 te
2319 3035 2586 3092 repones,
2629 3035 2694 3075 ne
2721 3020 2926 3075 inscius
2966 3034 3184 3090 pecces.
3211 3020 3392 3076 Sanus
3429 3034 3500 3074 ne
3526 3019 3645 3074 sol-

2049 3130 2144 3170 vas
2176 3129 2368 3170 zonam
2419 3123 2588 3167 tuam.
2622 3111 2702 3168 Ne
2734 3112 3113 3182 apprehendas
3153 3127 3371 3166 manum
3403 3111 3640 3181 proximi

2051 3206 2126 3259 ttti
2151 3247 2166 3271 ,
2200 3221 2300 3261 nec
2330 3220 2503 3276 genas
2532 3215 2722 3275 tangas
2753 3205 2893 3272 eius,
2933 3205 3113 3258 minor
3137 3203 3210 3258 sit
3248 3203 3331 3258 vel
3364 3203 3536 3272 major
3569 3212 3641 3255 te.

2048 3299 2246 3354 Tribus
2281 3299 2389 3352 vini
2425 3297 2686 3352 calicibus
2719 3308 2971 3366 quartum
3019 3311 3086 3350 ne
3115 3295 3284 3350 addas
3306 3335 3324 3360 ,
3369 3295 3473 3349 nisi
3506 3310 3635 3366 pro-

2049 3402 2167 3462 pter
2192 3407 2446 3461 magnum
2477 3389 2724 3444 morbum
2752 3388 3007 3457 aliquem.
3036 3387 3285 3442 Divinum
3308 3397 3637 3457 praeceptum

2049 3500 2118 3540 ne
2146 3483 2315 3538 violes
2351 3482 2644 3536 humanam
2679 3482 2749 3536 ob
2792 3479 3115 3534 amicitiam.
3152 3479 3233 3532 Ad
3275 3480 3551 3534 civitatem
3586 3479 3638 3532 itt

2049 3592 2153 3647 qua
2197 3575 2333 3630 alias
2377 3574 2614 3646 peccasti
2642 3575 2696 3629 in
2729 3571 2918 3635 Deunt,
2958 3585 3026 3627 ne
3070 3574 3387 3627 revertaris.
3424 3569 3642 3625 Cnltutn

2050 3670 2360 3738 religiosum
2395 3681 2464 3722 ne
2503 3667 2782 3732 remittas,
2816 3679 2883 3719 ne
2917 3664 3014 3718 tibi
3049 3663 3101 3718 id
3135 3664 3293 3718 cedat
3326 3664 3376 3717 in
3410 3662 3645 3717 otl‘endi-

2053 3763 2235 3818 culum
2263 3772 2317 3817 et
2345 3760 2620 3829 laqueum.
2669 3757 2920 3813 Studium
2961 3773 3096 3810 nava
3127 3755 3535 3824 Seripturarum
3571 3755 3649 3810 le-

2049 3854 2240 3919 ctioni,
2276 3868 2398 3923 quae
2429 3851 2644 3920 quidem
2686 3849 2756 3904 ab
2802 3848 3147 3903 iutmunditia
3175 3848 3406 3919 eripient
3445 3859 3517 3902 te.
3547 3847 3652 3902 Se-

2051 3947 2187 4001 dens
2226 3945 2278 4000 in
2331 3944 2466 4000 cella
2513 3951 2640 4006 tua,
2675 3941 2956 3996 laboribus
2994 3956 3254 3994 manuum
3302 3951 3518 3994 tuarum
3565 3941 3655 3996 in-

2052 4035 2331 4100 cumbito;
2367 4048 2565 4088 nomen
2598 4040 2780 4086 tamen
2819 4029 3034 4085 Domini
3064 4029 3192 4084 Jesu
3227 4046 3295 4084 ne
3327 4031 3576 4084 dimittas
3618 4049 3650 4084 a

2055 4141 2127 4195 te,
2165 4131 2259 4184 sed
2309 4137 2570 4200 perpetuo
2610 4129 2663 4182 in
2709 4136 2800 4180 tua
2833 4141 2991 4180 versa
3040 4136 3221 4179 mente
3265 4127 3536 4180 meditare
3592 4128 3648 4180 in

2053 4223 2248 4286 corde,
2301 4220 2460 4274 lauda
2508 4219 2727 4285 lingua,
2771 4232 2833 4271 ac
2875 4217 3079 4272 dicito:
3138 4216 3356 4270 Domine
3400 4219 3471 4269 nti
3519 4215 3652 4270 λείη

2055 4314 2284 4376 Christe,
2321 4313 2566 4366 miserere
2607 4313 2730 4365 mei.
2777 4308 2950 4364 item:
2993 4309 3211 4364 Domine
3249 4308 3379 4362 .Iestt
3410 4309 3648 4371 Christe,

2054 4405 2182 4458 mihi
2207 4414 2348 4458 tuam
2371 4404 2566 4458 mittito
2593 4419 2760 4472 opem.
2790 4401 2897 4456 Nec
2925 4417 3031 4455 nou
3058 4418 3072 4455 ε
3112 4400 3296 4454 Laudo
3330 4411 3399 4463 te,
3430 4400 3654 4454 Domine

368 4489 730 4555 vsurivimus,
767 4492 1078 4560 sitivimns,
1115 4495 1356 4550 nuditate
1389 4495 1787 4564 laboravimus,
1821 4513 1948 4554 con-
1980 4523 2029 4581 ι)
2058 4500 2128 4552 uti
2171 4497 2301 4553 Jesu
2345 4497 2569 4553 Christe.
2623 4496 2772 4566 Elige
2817 4494 2909 4549 tibi
2951 4494 3220 4561 laborem;
3273 4503 3331 4549 et
3379 4495 3494 4564 ipse
3526 4508 3648 4544 ('llltl

372 4583 574 4637 tristati
623 4598 847 4650 sumus,
887 4585 1191 4656 getnuimus
1227 4601 1293 4641 ex
1343 4588 1711 4656 profunditate
1771 4591 1953 4648 cordis

371 4678 577 4740 nostri,
617 4685 673 4730 et
727 4691 796 4731 an
845 4675 1208 4749 nosmetipsos
1245 4681 1713 4750 examinavimus,
1770 4695 1950 4740 utrum

375 4769 482 4822 Ι)εο
515 4769 686 4823 simus
711 4768 880 4839 digni.
913 4769 1300 4827 Incutnhamus
1335 4789 1465 4844 ergo
1497 4777 1718 4832 mcerori
1747 4785 1804 4832 et
1854 4778 1951 4834 tri-

371 4863 557 4927 stitire,
590 4872 647 4918 ut
671 4865 838 4918 Deum
889 4865 1248 4933 inveniamus,
1282 4877 1693 4924 contemnamus
1732 4885 1950 4926 carnem

371 4957 439 5010 ad
477 4955 764 5012 salvandas
803 4958 1015 5011 animas
1046 4965 1284 5012 nostras.

1024 5045 1300 5116 Ejusdem.

445 5137 547 5204 Qui
591 5136 942 5193 solitudinem
981 5126 1206 5202 incolit,
1237 5139 1478 5208 requiem
1507 5155 1536 5193 a
1572 5141 1745 5197 tribus
1778 5153 1954 5198 certa-

374 5231 612 5286 minibus
643 5230 1013 5301 adispiscitur,
1050 5231 1118 5286 ab
1143 5232 1327 5285 auditu
1357 5247 1570 5302 nempe,
1603 5233 1956 5304 disceptatio-

377 5326 565 5389 nibus,
601 5334 655 5380 ct
685 5326 804 5380 visu
846 5339 1040 5380 eorum
1090 5340 1211 5396 qua:
1241 5324 1425 5395 plagas
1457 5325 1606 5380 cordi
1644 5336 1831 5381 nostro
1869 5328 1955 5382 itt-

378 5415 588 5483 lligunt.

1032 5509 1305 5578 Ejusdem.

448 5595 768 5665 Quicunque
801 5599 983 5653 salvus
1013 5613 1133 5653 esse
1163 5601 1294 5664 vult,
1331 5614 1483 5652 suam
1518 5611 1831 5670 corpoream
1861 5598 1957 5654 do-

383 5702 531 5743 ntttm
575 5703 642 5743 tte
695 5689 1050 5759 ingrediatur,
1098 5708 1195 5747 nec
1243 5708 1360 5747 cant
1413 5694 1464 5746 itt
1515 5709 1617 5762 qua
1680 5692 1956 5764 peccavit,

2059 4591 2290 4663 jejunio,
2321 4591 2572 4647 oratione
2597 4599 2651 4644 et
2677 4588 2897 4659 vigiliis,
2927 4597 2980 4642 te
3013 4587 3263 4642 liberabit
3295 4588 3364 4641 ab
3393 4585 3644 4641 omnibus

2067 4683 2516 4753 turpitudinibus,
2547 4683 2670 4752 quia
2710 4681 2860 4735 labor
2889 4679 3136 4748 corporis
3170 4679 3332 4734 infert
3357 4676 3646 4748 puritatem

2064 4777 2278 4843 cordis;
2324 4777 2533 4845 puritas
2577 4789 2704 4830 vero
2737 4773 2921 4829 cordis
2949 4770 3148 4836 etlicit,
3199 4781 3259 4826 ut
3291 4773 3470 4825 anima
3510 4768 3650 4823 ferat

2066 4869 2298 4925 fructus.
2330 4868 2408 4924 Ne
2437 4879 2490 4923 te
2524 4878 2740 4938 reputes
2770 4865 3064 4938 quidquam
3101 4865 3322 4919 omnino
3343 4905 3358 4928 ,
3393 4862 3488 4918 sed
3517 4877 3648 4916 vaca

2064 4960 2212 5017 Ietui
2247 4977 2344 5032 pro
2367 4967 2590 5031 peccato
2619 4968 2729 5014 tuo.
2755 4958 2810 5012 lu
2838 4957 3150 5028 quempiam
3176 4955 3458 5018 irascaris.
3488 4971 3642 5020 cave,

2064 5064 2120 5110 et
2152 5053 2405 5109 omnibus
2435 5053 2674 5124 ignosce.
2712 5053 2894 5120 Apage
2935 5050 3281 5104 tnendacium
3308 5088 3324 5113 ,
3357 5049 3500 5118 quod
3541 5065 3570 5101 a
3601 5058 3649 5101 te

2065 5146 2160 5201 Dei
2194 5145 2444 5199 timorem
2477 5142 2665 5212 procul
2693 5141 2933 5212 expellit.
2970 5139 3138 5194 Malas
3167 5140 3530 5210 cegitationes
3557 5139 3648 5192 abs

2065 5247 2120 5294 te
2152 5239 2308 5308 longe
2336 5250 2589 5299 remove,
2628 5245 2786 5304 teque
2835 5232 2948 5288 Deo
2983 5233 3135 5287 trade
3182 5233 3271 5301 qtti
3304 5239 3558 5301 proteget
3598 5240 3647 5285 te

2065 5332 2254 5386 dextra
2285 5347 2402 5387 sua.
2436 5327 2513 5384 Ne
2550 5331 2763 5398 aperias
2796 5326 3051 5382 omnibus
3093 5326 3453 5396 cogitationes
3495 5335 3644 5389 tuas,

2071 5439 2138 5477 ne
2185 5420 2510 5476 offendicula
2558 5421 2633 5474 sis
2684 5419 2838 5474 fratri
2883 5427 2996 5474 tuo.
3038 5417 3170 5473 Esto
3216 5417 3430 5471 deditus
3480 5416 3648 5472 labori

2069 5527 2326 5568 manuum
2361 5522 2606 5577 tuarum;
2638 5511 2984 5581 superveniet
3009 5509 3102 5564 tibi
3142 5509 3302 5564 timor
3332 5507 3427 5562 Dei

2145 5604 2315 5676 Dilige
2345 5604 2738 5669 humilitatem;
2773 5611 3021 5673 proteget
3052 5599 3232 5656 omnia
3263 5610 3484 5671 peccata
3519 5609 3630 5655 tua.

2072 5695 2392 5752 lnobediens
2426 5710 2491 5752 ne
2521 5695 2632 5763 sis,
2669 5693 2798 5765 quia
2840 5694 2948 5750 eris
2982 5693 3405 5750 instrumentum
3446 5700 3499 5747 et
3547 5698 3641 5742 vas
