3976 6204
227 342 250 396 l
262 340 354 395 03!

889 341 947 398 S.
988 342 1270 400 ΑΝΤΟΝΙΙ
1309 345 1378 401 Μ.
1420 342 1716 405 ABBA'IIS
1751 349 1772 403 .-‘

1879 347 2276 406 lONlTIONES
2313 348 2406 404 AD
2446 347 2843 407 MONACHOS.

3336 357 3475 414 £082

202 452 446 510 omnium
493 453 760 510 malorum
789 463 844 511 et
878 457 1251 528 iniquitatum.
1288 462 1344 519 Id
1375 464 1539 521 litum
1571 479 1788 535 semper
1814 470 1860 526 A
1889 465 2145 535 dicasque
2171 484 2184 520 :
2213 463 2363 520 Talia
2387 465 2510 534 feci,
2537 476 2584 521 et
2615 466 2744 522 talia
2765 465 2934 536 gessi;
2963 467 3158 523 nemini
3199 470 3353 526 intuli
3387 474 3467 527 in~

201 547 259 602 in
293 545 460 602 corde
491 545 713 612 habeas,
751 556 808 601 ut
832 546 1055 605 obedias
1087 551 1230 609 Patri
1259 563 1386 620 tuo;
1435 566 1491 612 et
1526 558 1791 615 habitabit

203 641 257 695 in
291 649 344 694 te
383 638 545 693 timor
572 637 685 694 Dei.
721 637 901 695 Fratri
935 650 1026 699 tuo
1054 660 1122 699 ne
1146 647 1472 715 cxprobres,
1499 649 1601 704 etsi
1643 650 1789 705 vide-

200 732 283 784 ris
314 729 470 784 illiilli
503 730 742 784 omnium
777 743 1177 802 praeceptorum
1207 752 1389 804 reum,
1425 740 1549 810 quia
1579 741 1786 796 incides

199 832 257 876 ct
291 822 414 892 ipse
443 822 496 876 in
529 837 719 879 manus
751 823 1098 880 inimicorum
1136 837 1372 884 tuorum.
1404 829 1629 887 Peccata
1665 847 1787 902 qua:

197 917 328 970 olim
369 919 729 986 perpetrasti,
769 933 838 973 ne
880 918 1064 975 animo
1093 935 1308 989 verses,
1350 938 1418 978 ne
1460 936 1788 982 renoventur

198 1011 254 1064 in
294 1019 378 1072 te;
409 1019 704 1078 certusque
735 1020 852 1065 esto
878 1026 941 1065 ea
981 997 1076 1066 tibi
1105 1013 1408 1070 condonata
1441 1016 1631 1081 fuisse,
1661 1033 1784 1072 cum

202 1112 258 1156 te
286 1100 396 1154 Deo
423 1101 714 1154 tradideris
741 1110 797 1156 et
827 1103 1182 1171 poenitentia},
1211 1119 1309 1160 nec
1334 1109 1398 1162 de
1424 1093 1783 1166 hoc'hazreas.

199 1192 278 1247 Te
339 1192 560 1246 doctum
623 1193 996 1261 sapientemve
1055 1210 1124 1250 ue
1180 1209 1441 1267 reputes;
1513 1203 1786 1256 evanescit

198 1285 398 1355 quippe
445 1284 598 1339 labor
623 1294 767 1349 tuus,
791 1295 845 1339 et
873 1295 962 1340 tua
987 1289 1140 1344 navis
1164 1291 1398 1346 inaniter
1424 1293 1780 1348 cucurrissct.

197 1383 508 1443 Assuesce,
543 1388 602 1432 ut
633 1387 726 1433 tua
760 1379 904 1434 dicat
938 1381 1121 1450 lingua
1153 1383 1206 1437 in
1243 1384 1532 1452 erunibus,
1570 1401 1785 1457 semper

199 1487 263 1526 ac
285 1471 431 1525 omni
465 1481 777 1540 momento,
811 1471 1075 1530 fratribus
1108 1476 1398 1541 omnibus,
1437 1480 1647 1549 ipsique
1673 1480 1784 1536 Deo

200 1564 501 1618 altissimo:
558 1563 781 1634 Ignosce
840 1566 1005 1634 mihi,
1065 1569 1191 1637 quia
1244 1570 1290 1624 si
1347 1570 1498 1627 dices
1544 1587 1780 1641 semper,

197 1656 418 1726 Ignosce
458 1657 619 1720 milii,
650 1657 1013 1712 humilitatem
1049 1663 1426 1732 consequeris.
1460 1662 1780 1735 Quempiam

196 1763 266 1803 ne
296 1749 544 1813 damnes,
572 1763 644 1803 ne
673 1750 892 1805 recedat
920 1765 948 1804 a
987 1760 1036 1807 te
1063 1753 1228 1808 timor
1255 1754 1371 1820 Dei,
1399 1767 1454 1810 et
1486 1757 1696 1812 incidas
1724 1760 1778 1812 in

1893 558 2228 612 commodum
2267 568 2362 612 aut
2414 559 2744 626 molestiam;
2777 561 2960 615 omnia
3003 562 3148 617 enim
3196 565 3311 619 hmo
3357 566 3467 635 glo-

1898 648 2036 702 riam
2067 664 2177 718 pra:
2207 664 2267 704 se
2293 649 2476 706 ferunt
2505 651 2744 720 inanem,
2775 662 2836 708 et
2867 653 2955 708 ille
2978 657 3069 724 qui
3111 656 3194 711 his
3221 668 3302 712 est
3336 658 3470 714 infe-

1891 749 2033 804 ctus,
2058 741 2288 796 diabolis
2307 751 2359 795 et
2380 742 2663 811 spiritibus
2689 744 2982 801 immundis
3009 756 3092 802 est
3120 747 3345 806 eﬂ‘ectus
3374 752 3470 806 du—

1890 831 2181 890 micilium.
2214 831 2390 888 Unam
2422 833 2608 888 horam
2637 835 2690 888 in
2719 835 2808 891 die
2833 836 2910 890 ad.
2933 839 3179 908 corporis
3215 841 3468 896 refectio-

1888 937 2010 977 nem
2044 935 2100 978 et
2137 925 2588 980 sustentationem
2633 927 2904 984 constitue
2941 929 3030 983 tibi
3055 970 3068 992 ,
3101 948 3206 986 non
3248 934 3467 1002 quidem

1889 1020 1956 1073 ad
1987 1019 2444 1086 delectationem;
2479 1030 2535 1075 et
2573 1021 2786 1091 subiice
2821 1023 2951 1078 illud
2973 1066 2988 1089 ,
3023 1033 3187 1094 atque
3235 1026 3466 1098 delatiga

1887 1109 2056 1165 multo
2088 1111 2292 1166 labore.
2322 1111 2532 1182 Smpius
2556 1111 2711 1168 ﬂecte
2733 1130 2927 1183 genua,
2955 1130 3091 1170 neve
3114 1118 3163 1169 in
3189 1116 3292 1171 hoc
3317 1119 3469 1188 piger

1885 1201 1998 1268 sis,
2034 1217 2102 1256 ne
2142 1203 2373 1272 pessima
2414 1204 2670 1258 moriaris
2716 1214 2907 1259 morte.
2949 1204 3160 1275 Corpus
3205 1217 3353 1260 tmnn
3392 1210 3466 1262 ita

1887 1293 2122 1361 inﬁrma,
2151 1303 2208 1348 ut
2239 1294 2308 1349 sit
2345 1294 2522 1350 instar
2552 1299 2798 1364 corporis
2824 1295 3062 1363 jacentis
3089 1296 3141 1350 in
3175 1298 3314 1352 lecto
3341 1314 3467 1367 pro-

1885 1395 2006 1455 pter
2031 1385 2301 1440 morbum.
2333 1385 2713 1457 Cogitationes
2747 1397 2850 1442 tua:
2871 1387 3021 1443 circa
3049 1387 3231 1442 divina
3263 1404 3466 1457 praece-

1885 1489 1975 1546 pta
2002 1492 2218 1548 semper
2245 1489 2547 1542 versentur,
2573 1493 2747 1549 eaque
2768 1478 3064 1550 adimplere
3101 1481 3226 1536 totis
3258 1482 3467 1537 viribus

1883 1570 2076 1632 stude,
2104 1581 2157 1624 et
2192 1569 2406 1625 illorum
2442 1570 2577 1625 nihil
2607 1571 2995 1639 praetermittas
3015 1613 3032 1639 ,
3066 1587 3134 1627 ne
3165 1573 3256 1626 tiat
3283 1575 3463 1628 anima

1886 1672 1974 1717 tua
1995 1662 2248 1717 erunibus
2267 1662 2620 1718 immunditiis
2641 1663 3028 1718 habitaculum.
3056 1665 3136 1720 Ne
3168 1667 3465 1736 exprobres

1884 1755 2188 1811 mortalium
2216 1756 2474 1826 cuipiam,
2504 1770 2572 1811 ne
2594 1766 2909 1812 exsecretur
2942 1757 3084 1813 Deus
3110 1773 3298 1829 preces
3319 1769 3460 1816 tuas.

197 1857 420 1894 manum
452 1841 792 1896 inimicorum
825 1853 1062 1899 tuorum.
1101 1844 1448 1916 Voluptatem
1479 1857 1536 1903 et
1563 1849 1776 1904 lusuum
1811 1823 1852 1878 Β
1881 1849 1927 1904 Α
1949 1849 2066 1904 lusu
2089 1857 2144 1905 et
2164 1850 2289 1920 joco
2309 1823 2608 1920 plurimum
2631 1864 2783 1906 cave.
2809 1849 3218 1919 Scripturarum
3247 1852 3463 1908 lectioni

197 1943 418 1988 tuorum
449 1934 637 2002 quibus
663 1944 905 2005 tempore
935 1937 1170 2008 pigritia:
1195 1955 1416 2011 operam
1450 1943 1679 2006 navasti,
1712 1957 1782 1998 ne

195 2027 548 2095 memineris,
588 2043 690 2083 nec
715 2030 880 2084 verba
925 2031 992 2085 de
1019 2031 1124 2086 illis
1157 2032 1431 2100 instituas,
1463 2049 1564 2090 nec
1588 2035 1777 2091 dicas:

195 2117 315 2174 lloe
344 2119 468 2184 l'eci,
513 2120 596 2176 vel
626 2121 756 2176 illud
808 2125 1178 2194 praetermisi;
1213 2136 1374 2182 erunt
1414 2143 1648 2197 namque
1682 2127 1779 2184 tibi

192 2211 247 2265 in
273 2211 680 2268 olfendiculum.
713 2212 848 2268 Dum
875 2215 928 2269 in
959 2215 1094 2271 cella
1130 2227 1216 2271 tua
1241 2219 1420 2284 sedes,
1448 2219 1532 2274 his
1555 2234 1777 2289 operam

192 2303 291 2357 da:
328 2301 545 2359 lectioni
578 2319 774 2375 nempe
810 2306 1252 2377 Scripturarum,
1287 2311 1777 2378 supplicationibus

191 2394 259 2448 ad
297 2394 465 2450 Deum
511 2405 567 2451 et
597 2399 750 2468 operi
794 2414 1078 2454 manuum.
1126 2399 1446 2457 Passienum
1485 2404 1684 2474 quibus
1721 2405 1776 2460 in

192 2486 394 2541 mundo
445 2489 817 2554 succubuisti,
865 2505 966 2546 nec
1003 2505 1211 2547 memor
1255 2493 1333 2548 sis
1379 2494 1632 2564 penitus,
1677 2511 1778 2554 nec

188 2595 376 2633 eorum
422 2581 719 2651 cupiditate
759 2583 958 2639 iterum
1009 2585 1318 2652 irretiaris,
1366 2602 1440 2643 ne
1471 2588 1582 2643 sint
1623 2591 1776 2647 cordi

191 2683 286 2726 tuo
343 2671 751 2730 oﬂ‘endiculum.
808 2674 1153 2734 PaL-nitentia:
1217 2680 1480 2736 continuo
1532 2697 1660 2738 vaca
1712 2697 1778 2739 ac

187 2766 416 2830 sedulo,
457 2780 556 2822 nec
599 2776 876 2822 momento
927 2771 1188 2841 temporis
1240 2772 1494 2842 pigreris.
1529 2777 1574 2829 A
1615 2775 1776 2833 Patre

191 2869 305 2925 tuo,
341 2868 401 2914 ut
431 2859 665 2914 instruat
701 2869 753 2915 te
789 2859 844 2916 in
878 2860 945 2916 iis
973 2877 1094 2933 qua:
1127 2864 1370 2934 ignoras,
1409 2867 1696 2924 humiliter
1719 2879 1776 2925 et

187 2965 312 3005 cum
358 2951 486 3006 ﬂetu
519 2950 728 3021 pustula
753 2989 770 3017 ,
806 2965 906 3008 nec
953 2961 1004 3008 te
1050 2953 1271 3023 pudeat.
1311 2955 1555 3027 Singulis
1583 2959 1776 3016 diebus

187 3044 329 3116 apud
365 3055 416 3100 te
459 3056 672 3113 statue,
699 3048 842 3117 quod
885 3047 1000 3103 sola
1041 3049 1129 3103 illa
1173 3050 1289 3105 dies
1329 3051 1422 3106 tibi
1456 3053 1692 3121 supersit
1720 3055 1772 3108 in

1881 1941 1928 1997 si
1979 1941 2295 1996 continuam
2347 1941 2702 2010 sednlamque
2757 1943 3044 1998 navaveris
3092 1956 3354 2010 operam,
3409 1953 3466 1998 et

1881 2044 2144 2104 praecepta
2176 2033 2596 2104 adimpleveris;
2626 2033 2720 2089 Dei
2750 2034 3125 2089 misericordia
3152 2035 3244 2088 tibi
3269 2045 3465 2106 pra-sto

1880 2126 2006 2182 erit.
2059 2124 2361 2181 Monachus
2411 2126 2466 2181 in
2513 2125 2648 2180 cella
2694 2125 2894 2182 sedens
2934 2141 3030 2181 ore
3063 2126 3377 2195 obstructo,
3410 2135 3466 2183 et

1880 2215 2169 2272 immemor
2213 2216 2338 2282 Dei,
2382 2217 2556 2272 instar
2583 2226 2668 2273 est
2695 2217 2890 2273 dirutae
2918 2217 3112 2274 domus
3143 2228 3298 2273 extra
3329 2219 3464 2274 civi-

1881 2314 2044 2360 tatem
2070 2306 2279 2374 positaz,
2303 2307 2559 2361 omnibus
2586 2322 2803 2377 semper
2826 2307 2998 2376 plena
3034 2308 3308 2374 sordibus,
3335 2311 3460 2380 quia

1877 2397 2188 2469 quicunque
2219 2398 2412 2454 domus
2450 2413 2561 2454 sua:
2598 2400 2789 2454 sordes
2814 2414 3039 2472 egerere
3069 2402 3215 2466 vult,
3254 2417 3320 2456 eo
3345 2403 3463 2458 illas

1876 2497 2141 2559 asportat.
2169 2487 2460 2545 Orationes
2487 2498 2613 2544 ante
2641 2505 2706 2545 ac
2733 2500 3018 2560 postquam
3043 2506 3164 2546 cum
3192 2491 3459 2548 fratribus

1876 2581 2141 2648 oraveris,
2183 2595 2401 2651 semper
2433 2582 2484 2636 in
2523 2581 2658 2636 cella
2695 2591 2784 2636 tua
2821 2583 3137 2652 persolvito,
3181 2599 3281 2639 nec
3311 2584 3463 2656 piger

1880 2673 1934 2728 in
1965 2672 2069 2728 hoc
2096 2673 2196 2730 sis.
2225 2672 2506 2746 Lacrymis
2534 2675 2751 2730 assidue
2782 2674 3070 2742 incumbe;
3109 2678 3462 2732 miserebitur

1875 2765 2019 2820 enim
2057 2767 2135 2820 tui
2184 2765 2360 2831 Deus,
2391 2775 2449 2821 et
2493 2777 2722 2823 cunctos
2763 2777 2882 2823 tuos
2928 2767 3133 2823 levabit
3173 2784 3457 2825 maerores.

1875 2856 2065 2914 Omnia
2095 2859 2364 2912 mundana
2390 2858 2516 2914 odio
2538 2859 2759 2925 habeto,
2787 2869 2840 2915 et
2869 2870 3119 2917 amoveto
3155 2878 3184 2916 a
3224 2871 3310 2926 te;
3338 2877 3460 2918 cer-
3521 2857 3528 2864 ’

1878 2959 2073 3019 tusque
2098 2958 2217 3005 esto
2234 2989 2249 3015 ,
2276 2949 2394 3006 haec
2421 2966 2550 3007 vere
2579 2967 2678 3007 nos
2705 2951 3024 3023 longissime
3046 2968 3075 3006 a
3109 2951 3220 3008 Deo
3247 2953 3462 3024 propel-

1876 3026 2008 3093 lere.
2050 3039 2234 3094 Pusilli
2279 3041 2446 3096 animi
2492 3058 2558 3097 ne
2602 3043 2714 3108 sis,
2756 3057 2909 3099 cave.
2964 3044 3181 3114 Diligito
3216 3044 3460 3112 labores,

188 3142 291 3194 hoc
321 3141 522 3194 mundo
544 3181 559 3206 ,
589 3150 642 3196 et
681 3141 930 3196 servabis
960 3151 1013 3196 te
1041 3158 1070 3196 a
1117 3145 1373 3212 peccatis.
1403 3143 1771 3201 Humilitatem
1801 3166 1842 3224 ρ
1880 3141 2040 3224 teque
2077 3132 2383 3187 submittito
2415 3134 2701 3199 erunibus,
2731 3149 2792 3188 os
2821 3133 3098 3189 occludite
3134 3145 3283 3190 tuum
3304 3175 3320 3201 ,
3359 3137 3478 3190 hu-.

187 3233 330 3288 nihil
359 3233 503 3288 aliud
547 3249 669 3290 esse
715 3234 859 3289 scias
881 3274 895 3300 ,
937 3249 1102 3304 quam
1132 3245 1190 3289 ut
1218 3251 1410 3292 omnes
1440 3238 1684 3293 homines
1721 3249 1773 3295 te

183 3327 606 3383 excellentiores
638 3342 758 3383 esse
791 3337 1012 3398 reputes
1039 3369 1054 3394 ,
1089 3345 1152 3386 ac
1185 3345 1284 3400 pro
1320 3341 1472 3387 certo
1504 3332 1556 3386 in
1590 3333 1774 3389 animo

187 3429 283 3474 tuo
316 3418 538 3485 habeas,
566 3426 620 3473 te
661 3419 835 3489 magis
875 3422 1114 3488 peccatis
1154 3436 1275 3476 esse
1309 3421 1642 3488 obnoxium;
1679 3439 1772 3479 ca-

182 3519 396 3579 putque
416 3518 561 3562 tuum
587 3508 884 3562 demissum
910 3518 1116 3575 teneas,
1140 3519 1196 3565 et
1215 3509 1397 3582 lingua
1417 3520 1504 3566 tua
1524 3524 1771 3587 prompta

182 3603 280 3667 sit,
308 3612 366 3656 ut
390 3603 537 3658 dicas
569 3603 765 3672 injuria
798 3601 1050 3657 allicienti
1081 3614 1162 3658 te:
1195 3602 1418 3658 Domine
1443 3606 1534 3669 mi,
1565 3607 1772 3676 ignosce

183 3695 353 3760 mihi;
382 3696 661 3751 meditatio
685 3711 814 3750 vero
845 3705 934 3764 tua
963 3695 1171 3766 jugiter
1201 3710 1348 3750 mors
1377 3697 1468 3751 sit.
1503 3697 1580 3752 De
1611 3701 1771 3754 rebus

179 3788 477 3842 mundanis
507 3803 575 3842 ne
607 3787 850 3857 loquaris
877 3789 1129 3854 omnino,
1162 3803 1316 3842 cave.
1364 3790 1770 3861 Concupiscen-

178 3881 288 3935 tias
331 3889 448 3934 tuas
492 3890 548 3936 et
579 3882 846 3937 desideria
889 3891 979 3935 tua
1015 3895 1083 3936 ne
1120 3881 1436 3950 adimpleas.
1471 3880 1682 3953 Corpus
1715 3892 1772 3939 et

175 3969 468 4025 illecebras
499 3971 615 4040 ejus
637 3972 761 4025 odio
787 3972 1004 4036 habeto,
1030 3971 1157 4040 quia
1191 3969 1407 4027 refertae
1432 3983 1559 4028 sunt
1585 3973 1762 4030 malis.

178 4061 462 4118 Desideria
501 4071 552 4117 et
597 4064 918 4131 cupiditates
967 4074 1074 4118 tua:
1123 4064 1396 4121 neminem
1429 4063 1764 4132 defatigent,

176 4151 454 4207 neminem
482 4162 829 4223 oppugnent;
876 4163 932 4209 et
960 4152 1005 4208 si
1048 4161 1098 4208 te
1138 4151 1275 4208 falso
1319 4154 1443 4222 quis
1476 4154 1767 4225 redargue-

176 4247 286 4309 rit,
320 4260 388 4299 ne
421 4245 806 4300 excandescas.
856 4243 1174 4315 Superbiam
1204 4244 1366 4316 longe
1409 4245 1683 4317 propelle,
1714 4256 1769 4303 et

176 4338 489 4404 proximum
519 4355 585 4392 ac
632 4352 825 4392 omnes
877 4337 1128 4392 homines
1172 4348 1225 4393 te
1257 4338 1512 4394 meliores
1557 4348 1764 4409 reputa.

173 4429 469 4484 Peccatum
503 4431 647 4500 quod
693 4430 1057 4496 commisisti,
1096 4431 1234 4500 patri
1285 4439 1378 4486 tuo
1403 4432 1668 4502 spirituali
1698 4446 1768 4487 ne

1881 3221 2165 3278 militatem
2198 3223 2584 3293 consequeris;
2623 3239 2749 3279 vera
2801 3236 2979 3280 autem
3023 3227 3301 3281 humilitas
3339 3242 3464 3298 pec-

1880 3327 2000 3370 cata
2027 3315 2210 3372 omnia
2239 3317 2463 3371 dimittit
2492 3318 2750 3374 hominis.
2789 3317 3110 3390 Quicunque
3145 3331 3324 3375 autem
3351 3322 3464 3376 haec

1879 3426 1986 3467 non
2012 3413 2335 3478 servaverit,
2382 3413 2547 3467 Deum
2584 3415 2903 3483 provocabit
2933 3415 2998 3469 ad
3028 3415 3186 3469 iram.
3215 3413 3326 3484 Ego
3353 3417 3463 3469 An-

1882 3506 2061 3561 tonius
2089 3508 2374 3561 veritatem
2405 3507 2499 3561 tibi
2534 3506 2692 3573 dico;
2731 3508 2911 3578 przebe
2933 3525 3076 3564 nunc
3103 3509 3268 3580 igitur
3303 3524 3464 3564 aures

1877 3597 2061 3652 verbis
2088 3597 2248 3665 meis,
2285 3605 2340 3652 et
2370 3598 2603 3652 reconde
2628 3597 2719 3651 illa
2761 3597 2815 3652 in
2846 3597 3010 3652 corde
3042 3607 3153 3661 tuo,
3202 3598 3458 3666 sciasque

1879 3689 2021 3758 quod
2053 3689 2138 3743 his
2168 3689 2514 3743 sermonibus
2535 3700 2590 3742 et
2617 3690 2903 3757 praeceptis
2929 3698 2979 3742 te
3001 3688 3249 3742 Creatori
3280 3689 3454 3750 trado;
3545 3729 3548 3733 .

1878 3798 1998 3851 quae
2029 3783 2073 3836 si
2105 3782 2517 3848 observaveris,
2549 3782 2812 3852 gaudebis
2838 3796 2961 3838 cum
2999 3781 3254 3837 omnibus
3295 3797 3461 3851 ange-

1877 3870 1963 3937 lis,
2015 3881 2070 3926 et
2118 3881 2342 3927 cunctos
2388 3872 2611 3940 spiritus
2660 3872 2832 3928 malos
2907 3887 3142 3928 moerere
3181 3874 3457 3927 conﬁcies.

1878 3961 2065 4033 itaque
2088 3964 2133 4018 si
2167 3964 2251 4018 his
2280 3979 2504 4034 operam
2543 3963 2769 4019 navabis
2791 4005 2805 4030 ,
2839 3973 2896 4019 et
2931 3963 3236 4019 ambulabis
3260 3964 3314 4019 in
3345 3964 3456 4029 eis;

1878 4056 2018 4111 Deus
2062 4067 2236 4119 tecum
2273 4057 2412 4122 erit,
2448 4065 2503 4111 et
2533 4056 2710 4128 angeli
2743 4057 2865 4126 ejus
2902 4066 3080 4112 tecum
3114 4055 3456 4127 gradiuntur,

1875 4159 1931 4202 et
1957 4147 2135 4202 anima
2173 4159 2260 4202 tua
2293 4148 2608 4219 implebitur
2646 4149 2988 4206 aromatibus
3023 4161 3372 4216 sanctorum,
3405 4159 3460 4204 et

1875 4238 2081 4295 lumine
2129 4240 2410 4295 beatorum
2462 4241 2764 4312 splendebit
2812 4241 2992 4297 vultus
3039 4250 3191 4309 tuus,
3241 4242 3460 4311 erisque

1872 4333 2206 4390 sacrificium
2262 4334 2372 4390 Deo
2422 4335 2564 4389 sicut
2601 4350 2793 4390 onmes
2835 4333 3052 4400 sancti;
3107 4342 3162 4388 et
3199 4349 3458 4387 occurres

1878 4431 2107 4487 Domino
2159 4445 2283 4486 eum
2326 4429 2506 4499 jubilo
2548 4440 2604 4486 et
2644 4431 2831 4486 laetitia
2861 4474 2875 4498 ,
2923 4430 3218 4500 audiesque
3267 4443 3455 4482 vocem

170 4523 321 4578 cela.
349 4523 729 4594 Respondendi
757 4525 1108 4595 impotentem
1133 4525 1373 4580 animum
1402 4540 1431 4578 a
1458 4533 1511 4580 te
1533 4525 1762 4595 depone,
1797 4531 1842 4586 ι)
1871 4523 2017 4578 illam
2051 4523 2320 4579 dicentem
2352 4538 2367 4577 :
2403 4520 2610 4594 Optime
2631 4524 2819 4594 fecisti,
2851 4540 2993 4578 serve
3024 4529 3152 4576 bone
3176 4520 3456 4590 etﬁdclis;

173 4632 283 4671 nec
318 4616 516 4670 malum
555 4617 634 4671 vel
665 4620 830 4673 corde
853 4617 1059 4688 cogites
1084 4617 1136 4671 in
1161 4632 1308 4684 eum,
1339 4616 1430 4686 qui
1456 4626 1506 4672 te
1530 4617 1596 4671 ad
1628 4617 1762 4672 iram

170 4718 475 4779 provocat,
512 4718 675 4778 tuque
710 4711 777 4764 ad
803 4710 939 4765 iram
965 4725 1040 4769 ne
1071 4724 1349 4780 properes.
1383 4708 1556 4763 Verba
1583 4708 1763 4767 inania

170 4814 248 4854 ne
282 4797 522 4865 ell‘utias,
546 4804 640 4855 sed
672 4815 771 4856 nec
804 4801 1176 4856 ellutientibus
1201 4816 1366 4856 aures
1402 4802 1664 4870 praebeas,
1697 4817 1766 4857 ne

167 4893 362 4949 animo
394 4892 482 4948 illa
532 4894 774 4948 haurias.
819 4893 992 4950 Verba
1031 4903 1120 4947 tua
1151 4893 1262 4949 sint
1294 4895 1556 4950 memoria
1589 4895 1752 4950 bene-

164 4985 427 5040 ﬁciorum
475 4985 727 5042 altissimi
774 4985 906 5052 Dei;
950 4995 1114 5055 tuque
1143 4985 1346 5056 jugiter
1387 4987 1455 5041 ab
1496 4987 1589 5044 illo
1629 5003 1755 5058 pro-

164 5078 519 5147 pitiationem
563 5087 776 5149 expete.
819 5078 1158 5135 Facultatum
1189 5079 1539 5149 cupiditatem
1596 5090 1650 5137 et
1682 5081 1766 5137 in-

165 5172 546 5228 obedientiam
583 5173 769 5243 procul
805 5173 965 5244 fuge;
1007 5175 1104 5230 sed
1144 5175 1312 5229 multo
1352 5175 1525 5246 magis
1559 5176 1764 5247 gulam,

163 5279 242 5319 ne
272 5265 732 5333 concupiscentiis
759 5265 866 5320 tuis
898 5264 1212 5335 illaquearis
1240 5281 1254 5319 :
1292 5267 1417 5336 quia
1452 5268 1567 5323 haec
1599 5268 1760 5322 timo-

163 5373 291 5412 rem
321 5355 414 5413 Dei
441 5373 470 5411 a
501 5357 687 5422 corde,
717 5367 772 5412 et
798 5358 1181 5413 verecundiam
1211 5374 1238 5412 a
1270 5359 1419 5413 vultu
1445 5359 1755 5431 expellunt:

156 5449 252 5503 sui
325 5450 629 5505 studiosum
701 5449 897 5504 vilibus
957 5465 1022 5504 ac
1069 5450 1305 5506 sordidis
1360 5451 1751 5521 cupiditatibus

158 5539 492 5610 subjiciunt,
529 5550 579 5595 et
615 5551 849 5596 utentem
884 5541 1195 5597 abalienarit
1225 5557 1252 5596 a
1297 5543 1427 5598 Deo.

244 5631 326 5688 Ne
347 5633 620 5705 glorieris,
659 5651 759 5690 nee
788 5637 952 5692 corde
978 5651 1163 5693 verses
1185 5679 1200 5707 ,
1233 5647 1323 5694 aut
1355 5637 1535 5695 verbis
1556 5640 1747 5712 jactes,

242 5813 284 5845 “
327 5814 519 5872 Matth.
557 5832 681 5880 ιμ’,
711 5815 816 5908 ἳιῆ
841 5816 931 5870 ‘25.

1874 4617 2101 4685 comperi
2133 4626 2183 4670 te
2215 4615 2424 4684 ﬁdelem
2463 4617 2520 4670 in
2562 4617 2803 4682 modico;
2848 4617 3167 4670 constituant
3208 4625 3256 4668 te
3301 4629 3458 4682 super

1874 4709 2076 4775 multa;
2127 4711 2402 4780 ingredere
2455 4713 2508 4764 in
2562 4711 2817 4780 gaudium
2869 4709 3085 4764 Domini
3123 4708 3199 4761 tui
3232 4707 3317 4762 “z
3368 4706 3453 4760 cui

1872 4803 2045 4875 gloria
2071 4818 2290 4874 seraper
2324 4803 2377 4858 in
2413 4805 2693 4860 saeculum.
2731 4803 2924 4856 Amen.

2521 4895 2796 4967 Ejusdem.

1937 4988 2205 5059 Oportet,
2243 4998 2302 5042 ut
2344 4987 2530 5056 junior
2580 4988 2880 5043 monachus
2925 4987 2992 5042 de
3046 4985 3194 5040 omni
3245 4999 3441 5054 gressu

1865 5097 2026 5152 quem
2067 5081 2315 5151 graditur
2361 5080 2447 5135 vel
2495 5080 2549 5134 in
2594 5095 2690 5135 sua
2727 5079 2897 5143 cella,
2929 5088 2984 5135 et
3012 5079 3078 5134 de
3117 5079 3265 5132 omni
3297 5085 3448 5146 gutta

1866 5189 2021 5244 aqua:
2047 5189 2211 5244 quam
2236 5173 2398 5237 bibit,
2427 5173 2672 5229 seniores
2696 5173 2961 5228 consulat.
2988 5171 3264 5241 Siquidem
3293 5184 3452 5238 quos.

1866 5268 1988 5323 dam
2042 5281 2280 5336 agnosco
2335 5267 2634 5322 monachos
2689 5266 2782 5336 qui
2829 5265 3179 5330 ceciderunt,
3221 5264 3347 5334 quia
3390 5277 3450 5318 se

1863 5360 1976 5416 Deo
2013 5361 2230 5432 placere
2253 5359 2661 5417 existimabant.
2696 5359 2876 5428 Quare
2909 5359 2952 5414 si
2979 5357 3074 5412 tibi
3106 5366 3434 5428 praeceptum

1859 5453 2062 5524 aliquid
2094 5453 2289 5517 fuerit,
2321 5453 2463 5523 quod
2513 5453 2602 5506 Dei
2663 5449 2874 5506 Domini
2899 5448 3090 5519 :uostri
3149 5456 3439 5502 consenta-

1859 5561 2018 5601 neum
2053 5547 2124 5601 sit
2189 5549 2513 5617 przrceptis,
2553 5543 2682 5599 illud
2713 5556 2935 5598 servare
2965 5550 3018 5595 et
3049 5539 3301 5610 amplecti
3333 5547 3447 5593 sat-

1857 5656 2014 5712 agas;
2051 5649 2106 5695 ut
2159 5641 2212 5696 in
2276 5638 2426 5695 vobis
2481 5637 2839 5709 adimpleatur
2891 5635 3092 5690 dictum
3136 5630 3439 5715 Apestoli:
