3990 6210
459 339 594 395 1085

1557 321 1833 378 ΡΑτῆΕὸ
1871 319 2170 376 ᾸΞΕΥΡῊΙ
2213 315 2483 373 ΒΑΞΕΕΙΛ
2521 316 2604 370 lV.

3593 303 3748 359 £035

461 451 676 505 (lbetlil:
729 448 946 503 inuicem
1000 445 1056 498 in
1108 442 1363 495 clior-itote
1411 439 1614 495 Christi
1647 440 1710 491 ιτ.
1761 438 1962 502 Serus,
2000 435 2046 490 si
2077 442 2121 496 Α
2156 434 2421 488 admistus
2459 441 2690 492 tantum,
2724 432 3044 491 rueretque;
3077 428 3133 475 at
3166 434 3264 475 nec
3298 418 3473 483 obest,
3506 432 3614 472 nec
3651 434 3748 472 co-

461 543 616 597 nubis
667 539 870 608 aliquid
923 544 1254 607 prmceptum
1301 532 1465 587 fuerit
1527 533 1725 586 divinis
1772 529 2042 584 mandatis

459 634 795 703 oppositum;
826 639 952 682 tunc
973 626 1117 682 enim
1143 623 1475 695 praecipienti
1499 623 1766 686 dicamus,
1792 628 2038 688 oportet:

464 726 606 790 Quid
643 723 810 790 magis
835 729 1244 774 consentaneum
1271 717 1416 770 nobis
1449 726 1548 782 est,
1577 714 1786 768 obedire
1815 711 1946 776 Deo,
1975 727 2044 764 an

463 814 759 868 hominibus
796 812 880 864 ‘3?
933 811 1310 879 Memoresqne
1359 809 1534 864 simus
1580 807 1730 860 vocis
1791 805 2042 858 Domini:

467 907 602 960 Oves
633 922 761 960 mete
790 921 892 958 non
919 912 1201 974 sequentur
1228 902 1480 961 alienum,
1514 899 1602 952 sed
1632 897 1781 951 illum
1821 895 2046 966 fugient,

464 999 591 1065 quia
620 1013 723 1051 non
757 1005 1014 1052 noverunt
1055 1009 1227 1048 uocem
1256 992 1397 1046 illius
1422 993 1486 1045 ".
1519 989 1784 1045 Similiter
1811 989 2049 1044 cmlestis

467 1088 668 1143 Paulus
715 1090 970 1142 admonet
1017 1096 1066 1141 et
1107 1085 1277 1140 dicit:
1312 1083 1375 1139 Si
1417 1100 1548 1148 nos,
1581 1091 1674 1136 aut
1706 1081 1904 1150 angeli,
1957 1091 2050 1135 aut

465 1179 728 1247 quispiam
774 1178 913 1231 alius
967 1175 1360 1231 annuntiaeerit
1414 1174 1554 1229 robis
1595 1183 1787 1242 pra'ter
1826 1189 1887 1227 ea
1933 1188 2051 1242 qua:

470 1269 850 1323 «uiuuntiamus
889 1269 1032 1321 vobis
1057 1307 1073 1334 ,
1105 1265 1387 1321 anathema
1420 1265 1521 1329 sit,
1574 1280 1667 1317 nec
1703 1263 1856 1316 illum
1890 1263 2052 1317 susci-

469 1359 626 1422 piatis
651 1359 718 1412 ’°.

541 1448 732 1516 Magna
766 1459 849 1503 est
881 1448 1058 1502 virtus
1079 1448 1248 1512 illius,
1285 1448 1374 1516 qui
1405 1445 1644 1516 quandiu
1678 1443 1828 1511 vivit,
1861 1457 2057 1512 opera-

475 1551 564 1594 tur
589 1552 645 1596 et
681 1541 904 1611 respicit
925 1541 1167 1611 quotidie
1199 1555 1370 1611 usque
1399 1540 1465 1593 ad
1498 1538 1742 1592 ultimum
1780 1535 2053 1607 spiritum,

475 1634 527 1686 iu
574 1644 894 1704 sequentem
932 1643 1076 1688 tenta
1102 1643 1296 1688 torem.
1340 1632 1509 1686 Deum
1554 1632 1875 1700 deprecatus
1911 1643 2053 1693 sum,

478 1735 538 1778 ut
571 1727 701 1780 mihi
737 1727 1047 1781 ostenderet
1080 1724 1419 1794 prrsidinm,
1454 1722 1776 1777 monachum
1811 1717 2057 1774 ambiens

2147 529 2245 598 git.
2276 525 2421 580 Inest
2457 522 2530 578 illi
2584 533 2800 590 quoque
2829 515 2966 570 alius
2999 523 3198 574 motus,
3255 509 3346 580 qui
3378 508 3636 564 exoritur
3676 521 3746 564 ex

2149 597 2338 685 requie
2370 623 2424 668 et
2451 612 2675 667 mollitie
2706 605 2974 677 corporis,
3031 617 3131 658 nec
3176 617 3282 656 non
3326 597 3748 654 delicatioribus

2151 711 2288 763 ciliis
2313 717 2367 761 et
2402 713 2527 776 potu
2556 720 2570 768 ;
2617 702 2760 756 unde
2793 697 2978 754 catelli
3012 707 3230 764 corpus,
3274 690 3500 762 sanguis
3529 689 3746 744 inﬂam-

2151 809 2354 864 matur,
2387 805 2442 852 et
2477 802 2650 850 movet
2681 792 2748 846 ad
2792 787 3150 860 operandum.
3185 785 3321 840 llinc
3347 782 3568 838 divinus
3615 795 3745 850 apo.

2158 891 2330 948 stolus
2353 889 2551 946 Paulus
2584 887 2696 939 ait:
2743 882 2925 938 Nolite
2951 878 3199 934 inebriari
3252 878 3392 941 vino,
3440 877 3497 930 in
3531 889 3637 944 quo
3671 883 3742 926 est

2152 985 2369 1039 luxuria
2406 985 2476 1037 ’¹.
2519 979 2781 1035 Dominus
2813 965 3030 1045 qudjne
3076 971 3331 1043 prmeepit
3359 970 3474 1024 suis
3499 967 3743 1036 discipu-

2153 1077 2220 1131 lis
2254 1077 2306 1130 in
2339 1090 2498 1130 sacro
2552 1069 2845 1139 Evangelio
2877 1068 3102 1122 dicens:
3153 1061 3352 1124 l’idete,
3391 1068 3442 1114 et
3465 1059 3741 1119 attendite,

2157 1183 2222 1220 ne
2253 1172 2676 1219 transmutentur
2709 1159 2870 1213 corda
2916 1165 3088 1210 vestra
3136 1161 3348 1222 propter
3389 1146 3672 1216 crapulam
3700 1160 3741 1199 et

2157 1258 2462 1312 ebrietatem
2484 1257 2552 1307 “.
2585 1253 2682 1308 Est
2716 1251 2894 1305 adhuc
2928 1247 3066 1302 alius
3097 1251 3294 1303 motus.
3331 1241 3422 1312 qui
3477 1240 3744 1294 excitatur

2161 1351 2214 1406 in
2249 1350 2595 1404 decertantes
2622 1345 2691 1400 ab
2732 1343 2929 1399 invidia
2975 1347 3030 1394 et
3065 1340 3371 1393 daemonum
3411 1341 3557 1388 astu.
3590 1330 3742 1386 Scia-

2162 1457 2285 1496 mus
2311 1455 2463 1511 ergo,
2500 1448 2610 1495 tres
2639 1452 2762 1494 esse
2786 1434 3000 1491 calores
3043 1426 3389 1499 corporales:
3423 1439 3592 1480 unum
3646 1438 3741 1477 na-

2171 1533 2431 1598 turalem,
2482 1535 2618 1588 duos
2667 1543 2799 1584 vero
2851 1528 2990 1582 alios
3035 1520 3395 1580 accidentales
3433 1536 3448 1585 ;
3484 1531 3653 1572 unum
3679 1531 3738 1571 ex

2169 1625 2414 1682 ciborum
2447 1634 2499 1680 et
2525 1633 2652 1693 potu
2681 1621 2857 1690 copia,
2919 1616 3153 1671 alterum
3181 1627 3211 1667 a
3243 1610 3582 1666 daenumibus
3603 1607 3745 1664 exei-

2165 1727 2356 1773 tatum.
2389 1716 2646 1773 Nostrum
2682 1728 2812 1784 ergo
2840 1713 2967 1776 erit,
3007 1723 3101 1764 eos
3139 1705 3224 1763 vel
3266 1701 3520 1774 amplecti
3557 1700 3643 1756 vel
3675 1712 3749 1755 re-

475 1826 639 1886 atque
660 1815 1006 1887 .del'endens;
1043 1824 1098 1870 et
1125 1815 1231 1869 vidi
1265 1813 1589 1870 monachum
1621 1813 1795 1880 igneis
1820 1810 2057 1866 circum-
2091 1798 2133 1852 Β
2165 1809 2380 1880 pellere,
2410 1809 2456 1865 si
2491 1808 2764 1864 volumus.

475 1909 660 1962 datum
692 1907 1056 1979 lampadibus,
1082 1917 1137 1962 et
1162 1905 1482 1976 angelorum
1515 1903 1914 1958 multitudinem
1941 1902 2058 1972 gla-

476 2002 583 2056 diis
612 2000 760 2056 illum
797 2000 1218 2056 custodientium
1249 2007 1307 2052 ut
1339 1997 1594 2066 pupillam
1627 1996 1768 2050 oculi
1790 2033 1805 2060 ,
1843 2006 1898 2050 et
1930 2009 2060 2050 ecce

478 2107 582 2145 vox
610 2091 675 2146 de
703 2089 841 2146 etnlo
863 2091 1050 2147 dicens
1077 2109 1092 2146 :
1140 2089 1220 2144 Ne
1250 2090 1383 2144 detis
1412 2089 1492 2142 illi
1525 2088 1788 2158 requiem,
1816 2086 2053 2156 quandiu

482 2192 650 2238 rectus
675 2184 792 2238 uirit
817 2183 872 2237 in
899 2182 998 2237 hoc
1019 2184 1235 2237 niundo.
1261 2180 1396 2236 Cum
1422 2195 1550 2250 ergo
1583 2180 1889 2250 huiusmodi
1919 2195 2064 2249 pra:-

479 2275 675 2330 sidium
722 2273 1044 2330 monachum
1094 2273 1339 2328 ambiens
1366 2271 1620 2327 vidissem
1645 2313 1661 2338 ,
1691 2271 1929 2340 ingemui
1955 2311 1971 2337 ,
2001 2287 2066 2327 ac

483 2367 593 2420 dixi
624 2381 640 2422 :
685 2366 729 2420 Ο
758 2366 981 2434 Antoni,
1025 2366 1128 2422 hoc
1161 2373 1331 2420 totum
1359 2364 1542 2419 datum
1578 2375 1663 2420 est
1695 2365 1984 2430 monacho,
2014 2373 2069 2420 et

484 2458 743 2524 praevalet
769 2457 1032 2514 adversus
1074 2473 1196 2513 eum
1231 2455 1515 2523 diabolus,
1542 2467 1599 2511 et
1625 2456 1772 2512 cadit
1796 2456 2071 2511 nihilomi-

488 2552 622 2604 nus!
659 2549 724 2604 Et
756 2549 902 2605 venit
935 2550 1002 2604 ad
1038 2564 1124 2604 me
1153 2563 1256 2604 vox
1288 2563 1318 2603 a
1352 2548 1704 2603 misericorde
1736 2547 1965 2604 Domino
1989 2547 2072 2603 di-

486 2656 618 2698 cens
645 2661 660 2697 :
695 2641 975 2698 Neminem
1007 2642 1258 2697 diabolus
1287 2641 1523 2712 dejicere
1550 2650 1728 2712 potest
1761 2658 1776 2707 ;
1803 2641 2068 2708 ejusmodi

487 2735 632 2789 enim
664 2744 987 2803 potestatem
1019 2751 1126 2789 non
1170 2733 1361 2799 habet,
1402 2734 1528 2804 quia
1565 2733 1721 2798 veni,
1764 2733 2074 2788 humanita-

491 2837 598 2880 tem
653 2826 968 2899 assumpsi,
1019 2835 1074 2882 et
1118 2823 1236 2894 ejus
1282 2825 1516 2882 contrivi
1567 2832 1927 2894 potestatem;
1977 2823 2072 2880 sed

491 2919 654 2973 homo
683 2918 798 2987 ipse
822 2925 932 2984 sua
977 2917 1272 2987 cupiditate
1309 2926 1365 2973 et
1405 2915 1847 2985 concupiscentia
1880 2913 2077 2970 dissol-

490 3011 637 3064 vitur
667 3020 722 3064 et
748 3010 914 3067 cadit.
957 3008 1082 3070 Dixi
1107 3022 1206 3076 ego
1237 3026 1251 3062 :
1289 3008 1371 3062 An
1399 3007 1626 3077 singulis
1650 3006 1930 3062 monachis
1957 3005 2076 3062 haec

489 3104 560 3157 sit
588 3102 714 3156 data
752 3101 959 3158 virtus?
992 3101 1057 3156 Et
1097 3101 1336 3156 ostendit
1380 3100 1511 3154 mihi
1555 3099 1736 3170 plures
1773 3099 2076 3155 monachos

2814 1895 3086 1969 Ejusdem.

2230 1995 2477 2064 'Tempus
2518 1990 2764 2063 profecto
2821 1989 2925 2045 erit
2983 1982 3308 2055 aliquando,
3344 1994 3462 2034 cum
3503 1975 3747 2032 homines

2169 2087 2474 2153 iusanient;
2516 2095 2572 2140 et
2626 2085 2672 2140 si
2728 2097 2889 2154 quem
2925 2079 3164 2134 viderint
3215 2089 3320 2130 non
3367 2070 3744 2132 insanientem,

2170 2179 2452 2248 insurgent
2491 2177 2544 2231 in
2588 2175 2738 2230 illum
2767 2173 3014 2228 dicentes
3045 2187 3060 2224 :
3107 2165 3186 2222 Tu
3210 2182 3264 2220 es
3300 2163 3471 2233 utique
3495 2161 3748 2222 insanus;

2180 2273 2307 2340 quia
2335 2284 2441 2324 non
2465 2277 2550 2326 est
2578 2265 2772 2324 similis
2798 2263 2924 2319 illis.

2800 2367 2804 2370 ‘
2824 2354 3100 2425 Ejusdem.
3543 2426 3552 2429 ἦ

2205 2439 2213 2445 ’
2247 2453 2577 2524 Principium
2607 2451 2856 2506 omnium
2910 2447 3196 2510 virtutum,
3226 2450 3280 2498 et
3320 2436 3651 2511 principium
3669 2449 3752 2490 sa-

2174 2549 2392 2620 pietttia‘.
2416 2586 2432 2612 ,
2473 2554 2560 2601 est
2593 2544 2755 2599 timor
2775 2540 3011 2596 Domini.

2244 2636 2711 2708 Quemadmodum
2745 2633 3056 2704 ingrediens
3082 2630 3260 2683 lumen
3284 2626 3506 2682 domum
3529 2621 3755 2692 aliquam

2182 2731 2559 2794 tenebrosam,
2585 2725 2802 2796 expellit
2827 2723 2945 2793 ejus
2979 2721 3251 2782 tenebras,
3292 2727 3347 2773 et
3381 2718 3528 2772 illam
3566 2711 3757 2772 illumi-

2177 2834 2290 2893 nat;
2321 2826 2393 2880 ita
2428 2823 2475 2878 si
2507 2823 2672 2877 timor
2726 2816 2944 2872 Domini
2995 2813 3330 2884 ingredietur
3362 2826 3462 2866 cor
3505 2807 3760 2869 hominis,

2177 2919 2296 2987 ejus
2320 2916 2542 2987 expellit
2576 2914 2862 2978 tenebras,
2900 2907 3196 2965 virtutibus
3245 2903 3503 2961 omnibus
3565 2901 3760 2957 imbuet

2177 3023 2231 3070 et
2259 3010 2547 3083 sapientia.

2251 3099 2723 3171 Quemadmodum
2759 3095 3019 3167 superbia
3061 3105 3114 3149 et
3146 3090 3315 3146 animi
3363 3088 3527 3145 elatio
3555 3087 3760 3156 dejece-

494 3198 595 3250 hac
617 3195 875 3264 praeditos
905 3195 1125 3249 virtute.
1158 3192 1312 3250 Tunc
1332 3168 1633 3249 exclamavi
1658 3201 1713 3247 et
1740 3191 1850 3247 dixi
1882 3211 1896 3248 :
1932 3191 2072 3247 Bea-
2101 3168 2145 3227 θ
2181 3168 2308 3250 run't
2333 3189 2604 3248 diabolum
2632 3189 2699 3246 ab
2725 3186 3008 3242 altitudine
3037 3185 3103 3238 ad
3149 3177 3472 3252 profundum
3506 3194 3520 3243 ;
3565 3177 3640 3230 ita
3676 3176 3763 3230 hu.

494 3297 607 3339 tum
641 3297 722 3341 est
768 3302 938 3357 genus
986 3289 1319 3354 humanum,
1360 3295 1415 3342 et
1460 3284 1768 3356 pmsertim
1801 3285 2076 3341 exercitus

498 3377 922 3442 monachorum,
953 3393 1076 3432 cum
1110 3379 1346 3433 habeant
1373 3379 1662 3432 Dominum
1701 3387 1812 3432 tam
1856 3376 2072 3431 miseri-

493 3472 736 3533 cordem,
764 3480 818 3522 et
843 3470 916 3524 ita
947 3477 1245 3524 amatorem
1275 3469 1579 3524 hominum.
1604 3466 1784 3534 Quare
1807 3465 1874 3521 de
1897 3475 2081 3522 nostra

494 3561 669 3616 salute
720 3562 891 3617 simus
941 3561 1195 3628 solliciti,
1257 3575 1357 3616 nec
1404 3559 1551 3616 illam
1607 3559 1981 3630 negligamus,
2022 3568 2082 3615 ut

497 3668 720 3725 regnum
747 3667 1055 3708 mereamur
1078 3661 1406 3722 cooperante
1433 3651 1606 3720 gratia
1629 3659 1683 3704 et
1704 3649 2080 3705 misericordia

498 3746 709 3801 Domini
756 3747 927 3801 nostri
960 3744 1087 3800 Jesu
1119 3744 1345 3812 Christi,
1375 3745 1464 3800 cui
1504 3755 1590 3799 est
1627 3743 1746 3798 laus
1770 3757 1894 3799 cum
1918 3741 2081 3797 Patre

495 3850 552 3894 ct
585 3838 789 3909 Spiritu
815 3848 1006 3894 sancto
1041 3839 1094 3893 in
1125 3837 1404 3894 saeculum.
1441 3838 1633 3894 Amen.

500 3953 760 4024 Ejusdem
819 3953 884 4006 de
951 3953 1182 4021 corporis
1239 3951 1464 4034 motibus
1503 3967 1521 4005 :
1555 3962 1602 4005 et
1667 3951 1925 4006 habentur
1971 3952 2082 4021 ejus

1175 4033 1330 4092 epist.
1374 4038 1412 4078 1.

573 4116 750 4182 Scias,
788 4115 1002 4186 corpori
1060 4115 1238 4170 inesse
1288 4113 1576 4182 quemdam
1631 4111 1930 4167 naturalem
1969 4127 2087 4168 mo-

500 4209 695 4264 tumin
727 4223 792 4266 eo
831 4209 1135 4272 ardentem,
1169 4206 1262 4260 sed
1299 4207 1343 4260 is
1405 4219 1744 4274 nequaquam
1810 4216 2085 4274 operatur,

505 4302 606 4357 nisi
629 4301 824 4356 anima!
880 4297 1176 4355 accesserit
1222 4312 1564 4362 consensus;
1601 4311 1723 4350 nam
1763 4295 1974 4365 corpori
2007 4305 2092 4351 est

2185 3283 2392 3340 militas
2415 3290 2471 3338 et
2493 3277 2850 3336 mansuetudo
2871 3274 3144 3330 hominem
3175 3268 3443 3327 extollunt
3470 3281 3498 3321 a
3527 3277 3676 3321 terra
3701 3266 3763 3319 ad

2181 3375 2399 3430 etelum.

2256 3461 2750 3530 Quemadmodum,
2823 3458 2916 3514 lilii
2965 3456 3095 3522 mei,
3143 3454 3309 3525 piscis
3364 3459 3514 3508 extra
3573 3462 3768 3518 aquam

2183 3559 2413 3616 eductus
2447 3558 2633 3628 perit;
2669 3557 2742 3611 ita
2805 3556 2948 3626 perit
3001 3553 3169 3607 timor
3231 3547 3443 3605 Domini
3496 3562 3565 3602 ex
3607 3544 3768 3601 corde

2187 3650 2461 3717 monachi,
2495 3652 2539 3706 si
2568 3665 2664 3705 sua
2692 3647 2828 3704 cella
2856 3660 3058 3716 vagans
3082 3643 3411 3715 egredietur.

2261 3747 2409 3816 Opus
2459 3743 2974 3817 praestantissimum
3002 3741 3245 3796 omnium
3276 3738 3418 3808 quod
3444 3738 3610 3792 homo
3641 3748 3772 3805 pre-

2189 3848 2336 3896 stare
2356 3845 2554 3908 potest,
2603 3842 2689 3892 est
2738 3842 2798 3890 ut
2850 3843 3071 3904 peccata
3107 3844 3202 3886 sua
3226 3827 3550 3884 conﬁteatur
3590 3841 3766 3880 coram

2193 3933 2303 3988 Deo
2332 3931 2556 3998 suisque
2585 3927 2904 3997 maioribus,
2925 3934 2978 3980 et
2997 3932 3171 3980 semet
3193 3922 3368 3992 ipsum
3392 3917 3774 3988 reprehendat,

2194 4025 2373 4093 sitque
2403 4030 2626 4093 paratus
2653 4033 2944 4076 occurrere
2970 4017 3117 4073 omni
3148 4014 3486 4070 tribulationi
3520 4024 3692 4082 usque
3713 4010 3775 4062 ad

2196 4115 2554 4170 novissimum
2580 4113 2852 4184 spiritum.

2198 4226 2383 4282 Sancti
2456 4226 2676 4281 Antonii
2742 4224 3186 4279 Admonitionum
3257 4229 3304 4274 et
3380 4216 3782 4271 Sententmnnn

2916 4294 3065 4358 linis.

578 4419 619 4451 "
658 4417 834 4475 Galat.
867 4417 1037 4484 v.15;
1079 4416 1274 4486 Eplies.
1299 4429 1352 4479 v,
1393 4413 1484 4467 2|.
1565 4411 1608 4444 “‘
1646 4413 1767 4466 Act.
1801 4427 1852 4475 ν,
1898 4411 1990 4466 29.
2070 4415 2084 4445 ¹

2183 4431 2302 4471 oan.
2363 4433 2416 4480 ι,
2472 4417 2523 4472 5.
2599 4417 2645 4448 ὀ
2685 4414 2861 4471 Galat.
2931 4429 2969 4478 ι,
3015 4413 3071 4478 8,
3121 4410 3174 4465 9.
3252 4407 3297 4440 ’ί
3340 4403 3541 4474 Ephes.
3588 4413 3642 4462 v,
3701 4395 3789 4452 18.

506 4491 551 4522 ¹²
577 4489 704 4543 Luc.
733 4505 848 4555 xxI,
871 4488 964 4544 54.

515 4620 3765 4659 ___________________________________.___________————-—-

1122 4808 1242 4922 S.
1339 4803 1947 4921 ANTONII
2025 4799 2485 4916 MAGNI
2575 4797 3176 4913 ABBATIS

1363 5042 2182 5126 SENTENTIABUM
2260 5039 2916 5134 QUABUMDAM

934 5229 1267 5311 Expositio
1323 5227 1480 5292 facta
1536 5245 1570 5290 a
1628 5225 1907 5307 quodam
1961 5240 2115 5286 sene
2173 5228 2317 5363 plost
2375 5222 2516 5302 ejus
2570 5221 2854 5296 obitum,
2911 5218 3406 5298 eﬂlagitantibus

1972 5319 2197 5363 monac
2223 5320 2325 5363 ns.

1972 5319 2325 5365 monachis.

898 5617 1250 5686 Interrogatio
1293 5612 1694 5668 monachorum.

589 5710 871 5781 Quomodo
898 5721 982 5764 est
1033 5710 1436 5779 intelligendum
1490 5705 1616 5760 illud
1655 5705 1710 5760 S.
1757 5703 1978 5758 Antonii
2009 5700 2096 5755 ab—

519 5807 664 5866 batis
698 5805 763 5863 ad
787 5803 1109 5875 discipulum
1140 5818 1295 5861 suum
1333 5800 1556 5859 Paulum
1609 5797 1928 5869 simplicem,
1975 5808 2097 5852 cum

1811 6043 1829 6068 Ν

2121 5617 2169 5675 D
2194 5617 2340 5663 eSset
2379 5620 2632 5676 egressus
2673 5604 2739 5658 de
2797 5601 3038 5657 mundo:
3101 5598 3161 5655 Si
3194 5597 3266 5653 eis
3302 5612 3416 5652 esse
3474 5591 3780 5649 monachus.

2207 5699 2336 5753 vade
2359 5699 2427 5750 ad
2455 5696 2830 5751 monasterium
2853 5692 3139 5747 multorum
3184 5692 3431 5757 fratrum,
3466 5686 3560 5756 qui
3583 5683 3777 5740 valeant

2209 5793 2465 5847 sustinere
2496 5788 2856 5859 inﬁrmitatem
2890 5795 3035 5841 tuam
3061 5785 3085 5838 ?
