3990 6210
309 343 442 398 1085

853 455 1132 523 Responsio
1189 458 1350 511 senis.

374 546 454 601 Ex
485 547 590 601 hac
626 563 685 602 re
711 548 1004 603 ediscimus
1028 547 1172 616 quod
1206 562 1304 600 nos
1334 553 1580 616 Oporteat
1607 558 1885 614 suscipere

301 653 465 695 Senes
504 637 775 703 infirmos,
801 638 1121 704 imbecillos,
1170 651 1344 693 caseos
1375 645 1428 692 et
1459 635 1808 707 paralyticos,
1833 641 1888 690 et

306 732 534 801 diligere
563 745 692 798 eos;
724 730 810 785 isti
835 731 984 785 enim
1029 745 1152 784 cum
1182 730 1380 800 gaudio
1426 737 1481 783 et
1507 728 1644 783 bona
1701 726 1890 781 volun-

311 835 419 879 sate
444 838 565 879 sese
617 823 912 880 virtutibus
950 821 1330 893 comparandis
1361 821 1646 887 dederunt,
1684 820 1787 875 etsi
1819 818 1888 874 ob

310 932 439 972 suas
462 916 806 971 inﬁrmitates
839 915 1055 970 labores
1082 916 1264 970 subire
1317 929 1425 969 non
1487 913 1719 984 possint.
1753 911 1890 967 Hine

315 1011 453 1063 haud
486 1009 743 1064 mediocri
799 1009 1222 1080 reprehensione
1273 1007 1418 1074 digni
1466 1015 1593 1063 sunt
1647 1015 1890 1061 rectores

313 1101 389 1154 illi
421 1109 476 1154 et
501 1101 810 1170 superiores
845 1099 1298 1155 monasteriorum
1322 1140 1337 1165 ,
1380 1099 1473 1169 qui
1531 1113 1690 1154 senes
1720 1108 1776 1154 et
1814 1098 1892 1152 in-

315 1194 520 1258 lirmos,
556 1192 658 1248 etsi
696 1192 992 1247 virtutibus
1050 1191 1522 1262 praeclarissimos,
1550 1205 1658 1246 non
1718 1191 1893 1246 susei-

312 1284 499 1353 piunt;
525 1284 829 1354 suscipiunt
854 1297 988 1338 vero
1029 1282 1217 1338 libenti
1247 1281 1430 1336 animo
1467 1280 1721 1336 fortiores
1739 1281 1893 1351 juve-

314 1390 409 1429 nes
432 1384 653 1445 propter
677 1389 857 1430 rerum
883 1373 1312 1445 peragendamm
1346 1372 1894 1439 administrationem,

315 1467 512 1519 itinera
561 1463 922 1528 conficienda,
988 1465 1292 1534 ingressum
1346 1471 1400 1517 et
1443 1477 1746 1532 egressum,
1793 1464 1894 1518 etsi

315 1556 548 1610 audaces
602 1556 710 1610 sint
774 1562 829 1610 et
862 1555 1220 1626 impudentes.
1273 1553 1380 1608 Hos
1413 1553 1683 1623 interpres
1706 1555 1898 1608 beatus

314 1646 514 1702 acriter
541 1647 887 1716 reprehendit
919 1648 968 1700 in
1003 1646 1142 1700 libro
1160 1645 1235 1699 De
1254 1645 1575 1714 perfectione
1602 1643 1893 1715 regiminis,

315 1739 532 1793 dicens:
562 1737 653 1794 Isti
685 1739 802 1793 suis
858 1738 1164 1807 discipulis,
1222 1737 1350 1791 utin
1378 1735 1633 1806 Operibus
1681 1736 1897 1790 virtutis

315 1830 454 1898 pigri
512 1829 641 1897 sint,
689 1829 1029 1899 permittunt,
1087 1837 1141 1883 et
1165 1830 1231 1882 ad
1275 1842 1441 1898 opera
1495 1823 1797 1896 corporalia
1830 1839 1895 1878 ae

318 1919 594 1973 mundana
664 1920 940 1989 impendio
984 1917 1310 1985 sollicitant;
1361 1917 1467 1972 illis
1515 1930 1647 1971 vero
1703 1915 1795 1985 qui
1828 1915 1896 1969 ad

313 2025 535 2076 operam
595 2011 898 2064 navandam
947 2007 1236 2064 virtutibus
1313 2007 1615 2078 religiosam
1662 2004 1895 2075 atnplexi

313 2112 437 2155 sunt
461 2101 650 2166 vitam,
691 2101 891 2156 nullam
937 2102 1243 2157 concedunt
1271 2101 1340 2156 ab
1382 2099 1642 2170 operibus
1669 2097 1894 2152 munda-

317 2195 398 2247 nis
431 2194 670 2262 requiem
731 2202 824 2248 aut
868 2195 1060 2260 otium,
1093 2195 1191 2250 sed
1251 2194 1512 2251 continuo
1557 2194 1623 2247 ad
1654 2192 1770 2248 bzec
1804 2205 1902 2248 eos

317 2295 531 2354 urgent,
563 2286 934 2353 improperaut
961 2325 977 2351 ,
1029 2286 1283 2353 irrident,
1332 2285 1684 2355 exprobrant,
1717 2285 1904 2338 redar-

315 2383 510 2444 guunt.
538 2377 680 2444 quod
704 2390 839 2444 opus
869 2375 972 2431 sibi
1003 2379 1356 2432 commissum
1386 2391 1582 2446 magna
1617 2375 1904 2430 sedulitate

321 2482 428 2520 non
465 2467 799 2522 absolverint
819 2508 833 2532 ,
869 2467 986 2522 sive
1016 2467 1069 2523 id
1091 2469 1352 2524 acciderit
1379 2477 1602 2538 propter
1623 2465 1905 2523 imbecilli-

321 2570 512 2625 tatem,
546 2562 659 2616 sive
684 2561 754 2616 ob
785 2564 1052 2617 incuriam
1077 2562 1368 2633 aliquando
1390 2603 1406 2628 ,
1441 2577 1747 2633 quanquam
1771 2561 1906 2616 alias

326 2656 520 2711 millies
544 2656 742 2712 luerint
767 2657 984 2712 solliciti
1015 2673 1081 2713 ac
1108 2658 1411 2728 diligentes.
1433 2657 1659 2723 Contra,
1697 2660 1907 2728 magnis

319 2765 416 2802 eos
452 2748 726 2803 celebrant
776 2748 1046 2816 laudibus,
1104 2752 1193 2822 qui
1232 2750 1473 2806 sedulam
1512 2764 1732 2820 operam
1759 2765 1908 2803 mun-

325 2840 480 2895 danis
540 2842 670 2896 dant
717 2841 900 2909 rebus,
938 2843 1041 2898 etsi
1097 2844 1150 2897 in
1210 2843 1500 2898 virtutibus
1561 2841 1908 2913 acquirendis

320 2936 429 2988 sint
451 2935 752 3005 pigerrimi.
779 2935 932 3004 Quod
965 2951 1097 2992 sane
1131 2951 1238 2991 non
1298 2952 1365 2991 ex
1409 2937 1611 2992 virtute
1641 2935 1908 2999 exoritur,

322 3028 415 3082 sed
454 3043 484 3080 a
543 3029 836 3085 mundanis
889 3029 1038 3084 curis
1087 3029 1368 3100 provenit;
1411 3029 1764 3108 quod'autcm
1793 3042 1911 3081 om-

972 339 1034 395 S.
1073 341 1356 397 ΔΝΓΟΝΙΙ
1394 341 1464 398 Μ.
1507 339 1802 396 ABBATIS
1841 337 1907 394 SI

2016 338 2392 397 'ENTIARUM
2431 340 2817 402 EXPOSITIO.

3421 357 3558 415 1086

1915 452 2254 518 Αιῑίιρεῑίο,
2323 468 2444 523 quae
2518 457 2857 526 potissimum
2911 458 3021 514 vita
3082 471 3167 517 est
3223 466 3560 538 appellanda,

1988 545 2184 598 animae
2253 546 2464 601 scilicet
2528 557 2582 602 et
2641 549 2968 606 intellectus.
3045 553 3102 609 Si
3151 570 3281 626 ergo
3339 571 3562 616 cuneta-

1987 638 2133 692 bitur
2188 641 2486 696 monaclms
2553 643 2607 696 in
2663 643 2910 711 urbibus,
2974 648 3094 704 visu
3153 661 3205 704 et
3250 653 3564 709 confabula-

1992 728 2230 785 tionibus
2264 731 2516 799 moritur,
2563 734 2869 802 privatione
2901 739 3198 807 spiritualis
3245 743 3388 808 vitai,
3419 748 3562 816 quod

1990 821 2278 876 abducitur
2329 836 2360 877 a
2419 823 2547 888 Deo,
2605 840 2837 896 eumque
2899 829 3255 896 obliviscitur,
3285 843 3335 887 et
3361 834 3562 890 Christi

1991 929 2230 969 amorem
2285 930 2315 971 e
2365 931 2466 972 suo
2521 919 2682 973 corde
2748 921 2986 989 depellit,
3039 938 3196 992 quem
3240 927 3424 983 multis
3448 929 3551 982 sibi

1992 1019 2412 1076 comparaverat
2471 1009 2773 1079 laboribus,
2823 1012 2947 1066 dum
2978 1017 3156 1083 quiete
3198 1017 3474 1072 fruebatur
3515 1020 3566 1073 in

1993 1099 2150 1154 cella.
2183 1100 2478 1156 Relaxatur
2497 1111 2756 1170 praeterea
2783 1104 2834 1158 in
2871 1119 2938 1159 eo
2973 1104 3278 1162 alﬂictionis
3306 1125 3482 1174 amor,
3514 1121 3570 1163 et

1997 1206 2116 1248 sese
2147 1193 2310 1248 dedet
2361 1195 2570 1264 requiei
2630 1205 2685 1251 et
2741 1198 3233 1268 concupiscentiis;
3292 1212 3345 1256 et
3391 1205 3571 1257 cordis

1993 1284 2360 1339 conturbatur
2387 1287 2595 1354 puritas
2631 1287 2700 1342 ob
2745 1289 3046 1358 specierum
3085 1292 3428 1358 perturbatos
3454 1309 3570 1346 mo-

1998 1387 2111 1442 tus,
2147 1392 2267 1445 qua:
2314 1379 2666 1446 egrediuntur
2713 1389 2768 1434 et
2821 1379 3196 1450 ingrediuntur
3229 1396 3325 1451 per
3358 1396 3570 1450 sensus,

1997 1470 2089 1539 qui
2124 1479 2252 1524 sunt
2281 1470 2710 1538 visus,'auditus,
2750 1473 2936 1537 verba,
2971 1481 3169 1540 tactus,
3201 1484 3414 1544 gustus,
3438 1477 3571 1529 odo-

2002 1570 2190 1625 ratus;
2217 1574 2282 1614 ex
2316 1561 2513 1629 quibus
2547 1559 2686 1616 forte
2726 1562 3012 1617 deducitur
3041 1563 3108 1616 ad
3157 1563 3575 1618 fornicationem

2001 1651 2250 1721 aliasque
2299 1653 2602 1720 passiones,
2649 1668 2770 1722 quas
2802 1669 2929 1709 vere
2983 1666 3109 1708 sunt
3144 1637 3391 1710 monachi
3429 1673 3578 1710 mors

2001 1751 2054 1797 et
2077 1741 2350 1796 interitus.
2386 1741 2530 1797 Bene
2561 1743 2725 1812 igitur
2745 1743 2820 1797 ait
2871 1745 2932 1798 Β.
2978 1745 3276 1802 Antonius:
3307 1748 3577 1813 Quemad-

2002 1833 2216 1886 modum
2245 1835 2549 1887 moriuntur
2576 1835 2742 1904 pisces
2773 1835 2827 1889 in
2854 1837 3060 1889 aridam
3081 1838 3339 1902 extracti;
3371 1838 3446 1890 ita
3469 1854 3581 1890 mo-

2004 1926 2141 1979 ritur
2192 1925 2504 1990 monacltus,
2569 1927 2663 1995 qui
2712 1936 2860 1981 extra
2929 1928 3115 1982 cellam
3175 1929 3230 1983 in
3283 1929 3582 1982 civitatibus

2003 2013 2158 2083 degit.

2607 2107 2981 2180 Interrogatio.

2081 2198 2227 2254 Dixit
2257 2199 2316 2254 S.
2346 2199 2514 2257 abbas
2542 2200 2808 2256 Antonius
2837 2219 2851 2256 :
2886 2201 2989 2266 Qui
3017 2203 3354 2257 solitudinem
3383 2203 3584 2268 incolit,

2009 2309 2040 2344 a
2073 2292 2239 2344 tribus
2276 2292 2530 2345 liberatur
2562 2292 2934 2346 certaminibus
2954 2309 2972 2346 :
3001 2295 3194 2347 scilicet
3229 2296 3416 2356 i-erbis,
3446 2295 3587 2358 visu,

2011 2384 2238 2446 auditu;
2267 2394 2527 2452 restatque
2561 2385 2638 2438 illi
2671 2388 2931 2438 duntaxat
2963 2399 3225 2440 certamen
3255 2387 3448 2440 cordis.
3475 2385 3585 2440 Ex-

2013 2490 2150 2544 pone
2181 2474 2356 2542 nobis,
2389 2490 2594 2545 quwso,
2627 2481 2789 2532 verba
2825 2481 2935 2534 haec
2965 2479 3127 2533 beati.

2651 2567 2959 2639 Responsio.

2085 2661 2199 2716 Non
2225 2662 2368 2732 quod
2403 2675 2579 2732 pugna
2609 2675 2730 2732 qua:
2763 2663 2821 2716 lit
2881 2663 2933 2716 in
2970 2663 3156 2732 quiete
3201 2671 3256 2716 et
3303 2661 3591 2716 solitudine

2017 2756 2196 2810 minor
2229 2756 2301 2810 sit
2333 2754 2632 2810 certamine
2687 2754 2830 2824 quod
2861 2753 3223 2809 committitur
3243 2769 3363 2808 cum
3405 2753 3590 2807 fratri—

2016 2847 2117 2901 bus
2147 2852 2326 2900 meute
2351 2845 2629 2900 distractis
2685 2845 2754 2901 ob
2807 2845 3006 2911 visum,
3030 2845 3269 2900 auditum
3316 2855 3370 2900 et
3396 2846 3594 2908 verba;

2017 2936 2111 2991 sed
2142 2935 2226 2991 his
2253 2927 2510 3001 ostendit,
2553 2935 2904 2990 solitudinem
2931 2934 3228 2989 incolentes
3260 2948 3448 2987 care-re
3476 2947 3595 2987 cer-

2021 3027 2316 3083 taminibus
2340 3041 2622 3094 sensuum,
2648 3026 2846 3098 quibus
2874 3025 2964 3080 alii
3014 3036 3280 3079 vexantur
3302 3022 3442 3077 ultra
3472 3039 3594 3076 cer-

325 3120 472 3174 nium
504 3121 798 3190 pessimum
829 3130 934 3188 est,
971 3121 1111 3190 pigri
1165 3121 1276 3174 sint
1335 3121 1421 3175 isti
1481 3119 1566 3174 vel
1596 3120 1907 3191 diligentes,
1939 3147 1982 3205 ο
2025 3117 2232 3172 tamina
2283 3117 2468 3172 cordis
2527 3132 2650 3185 qua:
2703 3115 2808 3171 illis
2867 3111 3422 3169 dmmouesinfcrunt.
3474 3109 3600 3164 llaec

325 3231 420 3270 eos
447 3223 506 3268 ut
528 3229 718 3270 servos
774 3213 994 3270 habent.
1049 3213 1231 3268 Abbas
1283 3222 1462 3268 autem
1495 3211 1694 3267 Belllell
1737 3213 1908 3267 dixit:

329 3309 388 3358 Si
415 3309 572 3360 trium
606 3306 985 3360 ownobitarum
1018 3321 1150 3359 unus
1172 3316 1244 3358 est
1269 3305 1474 3375 quietus
1497 3306 1744 3376 Optimus,
1778 3305 1916 3358 alter

329 3399 573 3468 inﬁrmus
605 3398 807 3467 gratias
838 3413 996 3467 agens
1029 3396 1158 3462 Deo,
1186 3397 1370 3451 tertius
1407 3413 1525 3451 vero
1572 3396 1706 3452 bona
1733 3396 1916 3452 volun-

330 3502 438 3545 tate
471 3493 716 3557 inservit;
747 3507 926 3545 omnes
951 3502 1056 3543 tres
1103 3492 1159 3543 in
1206 3493 1385 3544 eodem
1441 3497 1563 3544 sunt
1598 3506 1770 3559 opere.
1820 3489 1914 3544 llis

331 3593 554 3638 sanctus
576 3583 678 3638 iste
714 3585 1001 3638 ostendere
1030 3582 1267 3648 volebat,
1299 3582 1443 3652 quod
1473 3583 1523 3634 in
1559 3581 1915 3648 inmiasterio,

333 3673 420 3723 ubi
453 3677 582 3725 sunt
616 3670 769 3726 multi
804 3670 1116 3742 congregati
1172 3686 1236 3726 ac
1291 3671 1600 3734 etenobitae,
1639 3684 1778 3739 opus
1805 3680 1914 3734 est,

332 3775 523 3818 utnon
557 3763 662 3818 sint
703 3761 876 3817 fortes
935 3770 1142 3816 tantum
1198 3761 1266 3814 ad
1301 3760 1603 3815 ministeria
1640 3762 1915 3827 obeunda,

333 3858 428 3910 sed
462 3857 630 3910 etiatu
660 3865 716 3910 et
743 3855 946 3910 inlirmi
975 3853 1198 3922 fratres,
1227 3865 1282 3909 et
1318 3869 1476 3909 senes
1511 3853 1831 3919 imbecilles,
1861 3862 1919 3908 et

331 3949 532 4003 fratres
562 3948 652 4018 qui
710 3957 971 4017 perpetuo
1029 3947 1307 4003 silentium
1363 3956 1612 4013 servent;
1675 3946 1916 4016 alioquin

337 4056 507 4095 vanus
535 4050 617 4096 est
656 4041 835 4096 omnis
874 4039 1028 4094 labor
1064 4054 1276 4094 eorum.

941 4131 1318 4204 Interrogatio.

409 4227 582 4291 Quam
625 4226 694 4279 ob
741 4239 854 4280 rem
893 4225 1062 4279 abbas
1114 4224 1382 4280 Antonius
1436 4225 1572 4282 dixit
1623 4225 1788 4280 Paulo
1824 4241 1920 4281 suo

338 4317 634 4386 discipulo:
675 4315 837 4380 Vade,
878 4321 999 4371 sede
1029 4318 1081 4370 in
1104 4317 1412 4382 solitudine,
1446 4328 1498 4370 ut
1527 4318 1731 4372 ediscas
1759 4329 1922 4371 certa-

339 4412 480 4463 mina
511 4411 808 4463 damionum
831 4411 856 4460 1’

867 4496 882 4506 ’
973 4503 1277 4573 Responsio.

417 4598 686 4667 Quoniam
717 4595 976 4670 perfectio
1007 4597 1260 4652 monachi
1292 4613 1321 4651 a
1361 4599 1622 4669 regimine
1657 4599 1925 4669 spirituali

339 4707 460 4761 est;
502 4694 746 4762 regimen
781 4707 914 4747 vero
973 4691 1258 4762 spirituale
1292 4691 1535 4761 puritate
1569 4693 1749 4747 cordis
1777 4707 1927 4746 com-

342 4799 598 4856 paratur;
647 4786 859 4857 puritas
897 4799 1030 4840 vero
1063 4784 1245 4839 cordis
1280 4799 1309 4837 a
1348 4784 1619 4855 regimine
1649 4793 1732 4839 est
1765 4784 1924 4839 intel-

342 4885 546 4946 lectus;
594 4881 837 4951 regimen
897 4889 1080 4934 autem
1137 4877 1444 4933 intellectus
1489 4888 1572 4933 est
1609 4880 1784 4934 oratio
1811 4879 1928 4932 sine

346 4971 779 5028 intermissione.
816 4969 1108 5027 Certamen
1141 4982 1320 5026 autem
1353 4987 1474 5027 cum
1511 4970 1845 5026 dannonibus
1867 4971 1925 5024 lit

343 5063 768 5134 rogitationibus
805 5072 860 5117 et
897 5062 1402 5131 phantasmatibus;
1449 5076 1510 5117 ea
1541 5078 1669 5117 vero
1704 5063 1757 5116 in
1793 5063 1922 5116 soli-

348 5155 538 5209 tudine
570 5162 623 5209 et
645 5154 829 5224 quiete
866 5153 1047 5208 acrius
1072 5155 1399 5208 excitantur.

951 5241 1321 5312 Interrogatio.

421 5337 558 5404 Quid
591 5346 677 5393 est
704 5336 846 5407 quod
871 5335 1008 5389 dixit
1041 5336 1211 5390 abbas
1234 5337 1501 5391 Antonius
1527 5355 1540 5392 :
1571 5335 1929 5403 Quemadmo-

350 5436 477 5486 dum
502 5431 674 5485 educti
698 5443 848 5485 extra
876 5444 1067 5497 aquam
1090 5429 1256 5496 pisces
1290 5431 1652 5494 emoriuntur;
1680 5431 1757 5484 ita
1789 5433 1934 5484 arci-

353 5531 430 5583 dit
461 5528 718 5581 monacho
745 5543 974 5598 quoque,
1020 5527 1065 5580 si
1094 5526 1185 5579 diu
1232 5526 1525 5580 morabitur
1556 5536 1707 5581 extra
1747 5527 1934 5581 cellam

356 5621 560 5675 suam?
589 5621 871 5685 Quomodo
905 5619 1134 5674 sumitur
1173 5619 1494 5686 monachus,
1529 5627 1587 5673 ut
1626 5619 1843 5688 pisces?

990 5710 1297 5780 Responsio.

429 5808 696 5876 Quoniam
731 5809 840 5864 vita
897 5810 1086 5865 animae
1137 5816 1216 5863 est
1255 5805 1398 5877 iugis
1429 5806 1523 5865 Dei
1581 5805 1857 5865 meditatio
1885 5813 1938 5860 et

2017 3219 2262 3280 propter,
2314 3211 2380 3263 ad
2421 3209 2660 3280 quietem
2696 3223 2756 3262 se
2785 3205 3141 3264 conferebant
3165 3213 3364 3276 patres,
3390 3218 3456 3258 ne
3481 3218 3600 3256 cer-

2021 3303 2208 3359 tamini
2273 3302 2454 3358 cordis
2512 3301 2836 3356 accederent
2875 3297 3172 3355 certamina
3217 3299 3383 3361 visus,
3411 3297 3601 3349 verbo-

2020 3414 2141 3467 rum
2174 3407 2230 3453 et
2255 3397 2494 3452 auditus.
2569 3393 3032 3463 Quemadmodum
3082 3391 3224 3447 enim
3256 3390 3459 3444 cadunt
3487 3397 3602 3442 sta-

2024 3492 2117 3546 tim
2172 3491 2371 3546 fratres
2435 3488 2509 3543 illi
2541 3487 2634 3558 qui
2671 3487 3024 3558 egrediuntur
3083 3493 3137 3538 ct
3203 3480 3604 3552 ingrediuntur,

2019 3585 2063 3644 si
2102 3598 2294 3654 pugnae
2315 3583 2494 3638 cordis
2516 3581 2806 3636 accesserit
2832 3593 3012 3649 pugna
3032 3591 3287 3632 sensuum
3315 3572 3560 3642 corporis
3586 3588 3603 3634 ;

2023 3677 2090 3729 ita
2119 3676 2278 3730 facile
2309 3690 2528 3745 quoque
2553 3676 2748 3728 cadent
2791 3670 3042 3725 monachi
3094 3669 3168 3722 illi
3200 3667 3294 3736 qui
3335 3667 3388 3718 in
3417 3666 3604 3734 quiete

2021 3770 2242 3836 degunt,
2280 3776 2340 3821 et
2393 3766 2577 3821 cordis
2636 3763 2810 3818 solum
2851 3767 3118 3813 vexantur
3168 3759 3509 3816 certamine,
3557 3756 3604 3808 si

2021 3862 2102 3915 eis
2145 3874 2402 3913 sensuum
2460 3856 2705 3926 corporis
2757 3852 3052 3908 accesserit
3114 3859 3411 3904 certamen.
3450 3845 3604 3912 Quod

2021 3954 2244 4024 quidem
2283 3952 2419 4006 satis
2447 3949 2794 4018 exploratum
2826 3957 2910 3999 est
2946 3959 3008 3997 ex
3044 3957 3231 3996 eorum
3279 3939 3504 3994 fratrum
3525 3938 3606 3989 fa-

2022 4061 2133 4117 clo,
2156 4049 2220 4102 ad
2251 4061 2389 4117 quos
2445 4046 2498 4100 in
2551 4043 2732 4113 quiete
2785 4041 3040 4110 degentes
3081 4052 3206 4091 cum
3240 4035 3498 4106 ingressae
3521 4047 3610 4085 cs-

2023 4152 2146 4199 seut
2185 4141 2461 4208 mulieres,
2500 4149 2555 4194 et
2582 4134 2904 4193 accessisset
2925 4130 3214 4187 certamini
3251 4127 3432 4184 cordis
3460 4127 3613 4180 visus

2025 4236 2272 4306 corporis
2297 4243 2352 4290 et
2374 4232 2584 4303 species
2613 4230 2830 4295 vultus;
2871 4242 2901 4282 e
2933 4225 3164 4294 vestigio
3214 4220 3456 4292 superati
3485 4227 3610 4274 sunt

2025 4331 2093 4384 ab
2126 4330 2295 4383 arduo
2326 4329 2506 4382 cordis
2562 4323 2883 4386 certamine,
2920 4330 3082 4390 atque
3135 4317 3467 4372 ceciderunt.
3505 4313 3612 4366 bu-

2034 4421 2146 4474 rius
2179 4434 2330 4484 sane,
2363 4417 2644 4485 satiusque
2669 4413 2893 4468 arduum
2919 4425 2982 4464 ac
3008 4409 3300 4464 vehemens
3338 4415 3420 4460 est
3441 4415 3614 4459 certu-

1956 4485 2000 4540 θ
2036 4527 2153 4567 men
2187 4526 2445 4565 sensuum
2482 4509 2678 4562 animm
2719 4506 2980 4560 adversus
3039 4518 3132 4556 eos
3192 4500 3281 4572 qui
3324 4499 3377 4553 in
3425 4496 3611 4567 quiete

2031 4610 2250 4676 degunt,
2282 4621 2444 4678 quam
2494 4613 2770 4659 certamen
2835 4614 3087 4655 sensuum
3136 4593 3396 4666 corporis.
3455 4591 3608 4657 Quod

2032 4702 2249 4771 quidem
2307 4698 2443 4754 satis
2497 4707 2682 4751 notum
2735 4702 2820 4749 est
2877 4707 2940 4745 ex
2973 4691 3133 4745 dictis
3181 4685 3322 4741 beati
3358 4682 3610 4750 Evagrii;

2034 4791 2174 4862 quod
2207 4792 2413 4846 scilicet
2443 4804 2538 4858 per
2575 4802 2636 4842 se
2669 4801 2733 4840 ac
2757 4786 2872 4840 sine
2903 4783 3078 4836 medio
3101 4789 3308 4835 certant
3345 4778 3614 4831 dmmonrs

2034 4900 2156 4939 cum
2206 4881 2488 4937 tuonachis
2529 4879 2658 4944 illis,
2695 4877 2787 4945 qui
2839 4875 2890 4928 iu
2940 4873 3231 4928 solitudine
3258 4869 3612 4940 deguutzad-

2034 4991 2224 5031 Versus
2253 4989 2344 5029 eos
2370 4986 2504 5027 vero
2565 4970 2660 5039 qui
2703 4978 2829 5022 sunt
2881 4967 2934 5022 in
2987 4963 3522 5036 congregationibus,
3560 4968 3615 5010 et

2037 5067 2382 5141 perliciemlis
2412 5064 2701 5117 virtutibus
2734 5061 2864 5116 dant
2887 5073 3133 5128 operam,
3179 5054 3469 5109 dissolutos
3502 5049 3613 5103 fro--

2039 5175 2148 5217 tres
2178 5160 2422 5214 excitant
2469 5157 2802 5222 inritamque
2848 5153 3160 5213 daemones;
3209 5145 3406 5217 quibus
3435 5141 3612 5196 nullus

2044 5254 2253 5317 durior,
2280 5248 2517 5304 amarior
2543 5256 2636 5301 aut
2667 5241 3056 5299 fraudulentior
3088 5248 3189 5292 est.

2635 5378 3010 5448 Interrogatio.

2113 5526 2251 5590 Quid
2277 5520 2404 5576 illud
2441 5518 2730 5588 signiﬁcat,
2765 5511 2906 5582 quod
2932 5510 3002 5562 ait
3037 5506 3097 5563 S.
3127 5507 3294 5560 abbas
3317 5501 3618 5557 Antonius:

2045 5617 2188 5671 Cella
2232 5612 2475 5667 monachi
2536 5618 2613 5663 est
2663 5609 2855 5678 fornae:
2915 5599 3224 5671 Babylonis,
3287 5595 3621 5649 lorttstrinm

2045 5723 2343 5776 puerorum,
2382 5707 2518 5758 inter
2542 5719 2668 5773 quos
2697 5710 2807 5754 erat
2833 5695 3006 5750 Filius
3043 5695 3169 5759 Dei;
3193 5703 3238 5747 ct
3271 5705 3343 5748 est
3376 5691 3620 5745 columna

2046 5803 2199 5869 ignis,
2226 5799 2311 5852 ubi
2341 5797 2542 5851 locutus
2569 5804 2639 5848 cst
2679 5791 2814 5846 Deus
2848 5803 2963 5843 cum
2995 5784 3219 5856 Moyse?
