3990 6210
481 310 624 368 i087

1115 424 1425 495 Responsio,

551 513 1017 583 Quemadmodum
1081 515 1220 584 ignis
1255 515 1534 572 facultates
1586 517 1744 574 habet
1775 519 1926 584 duas,
1968 519 2050 574 al-

479 617 649 662 teram
706 607 934 661 calidam
987 607 1416 673 comburentem,
1473 608 1740 664 lucentem
1774 609 2053 666 lzetillcan-

478 704 585 749 tem
617 695 880 762 alteram;
930 696 1001 750 ita
1057 698 1462 764 perseverantia
1508 699 1560 752 in
1599 699 1734 754 cella
1761 699 1899 755 duas
1951 700 2049 755 ha-

478 783 952 853 betdiﬂicnltates,
1010 801 1238 855 quarum
1302 801 1405 841 una
1471 789 1618 858 angit
1645 799 1698 843 et
1726 799 1886 844 vexat
1916 790 2052 844 tire-

478 893 574 930 nes
606 877 656 930 in
691 877 902 947 quiete,
926 877 1093 932 nimio
1132 887 1350 947 torpore
1389 887 1442 944 et
1487 879 1785 934 certamine
1823 897 1837 933 :
1883 880 2050 934 altera

475 984 604 1022 vero
635 969 844 1038 perlicit
873 979 927 1022 et
957 969 1215 1035 lectilicat,
1256 968 1540 1038 redditque
1597 971 1923 1040 tranquillos
1958 973 2051 1040 qni

481 1059 702 1126 perfecti
767 1069 892 1114 sunt
945 1060 996 1113 in
1055 1061 1292 1129 puritate
1337 1061 1538 1124 cordis,
1572 1069 1625 1114 et
1680 1062 2050 1131 pra'tergressi

475 1161 602 1205 sunt
631 1151 931 1220 passiones,
967 1164 1128 1222 atque
1161 1152 1228 1205 ad
1285 1151 1526 1207 lucentes
1588 1153 1819 1207 visiones
1859 1170 2050 1222 perve-

478 1251 691 1297 nerunt.
732 1243 860 1310 Ejus
892 1252 1069 1298 autem
1105 1244 1249 1314 quod
1280 1244 1344 1298 de
1400 1242 1573 1297 tribus
1606 1246 1788 1314 pueris
1835 1247 1924 1314 qui
1958 1245 2050 1300 Fi-

477 1336 605 1389 lium
635 1335 726 1390 Dei
761 1335 1099 1400 invenerunt,
1137 1336 1294 1401 dixit,
1340 1335 1454 1390 lucc
1493 1343 1579 1390 est
1626 1335 1764 1390 ratio
1798 1353 1812 1388 :
1853 1335 2054 1403 Quem-

476 1426 762 1480 admodum
782 1427 1045 1494 Ananias,
1066 1429 1290 1482 Azarias
1313 1437 1366 1482 et
1389 1427 1590 1492 Misael,
1623 1444 1742 1483 cum
1776 1429 2054 1502 Babylone

478 1516 664 1586 injecti
687 1528 874 1572 essent
905 1518 955 1571 in
977 1519 1247 1572 caminum
1274 1519 1436 1588 ignis,
1461 1528 1514 1570 et
1539 1533 1644 1573 non
1676 1527 1802 1574 sunt
1827 1524 2052 1578 cremati

477 1621 579 1662 nec
619 1609 910 1673 combusti,
941 1610 1034 1664 sed
1091 1609 1312 1680 angelus
1354 1610 1554 1664 missus
1595 1619 1699 1675 est,
1737 1611 1829 1680 qui
1863 1627 2050 1667 eorum

475 1700 638 1754 solvit
671 1701 879 1755 vincula
911 1711 970 1756 et
1012 1701 1256 1758 liberavit
1305 1705 1374 1760 ab
1421 1706 1542 1776 igne
1588 1706 1768 1776 (quem
1805 1705 2052 1772 angelum

475 1791 687 1843 vocavit
712 1789 904 1844 Filium
947 1791 1040 1844 Dei
1072 1791 1584 1864 Nabuchodonosor)
1615 1813 1628 1850 :
1666 1795 1738 1850 ita
1791 1794 2053 1852 fratribus

477 1879 746 1934 tironibus
785 1880 839 1934 in
864 1880 1156 1938 solitudine
1181 1877 1502 1954 degentibus
1536 1885 1766 1941 dillicilis
1789 1896 1874 1942 est
1902 1888 2054 1944 initio

475 1987 649 2041 pugna
685 1975 995 2042 passionum
1040 1991 1160 2045 quae
1188 1977 1268 2031 eis
1309 1991 1339 2030 a
1384 1977 1611 2033 diabolis
1666 1979 1931 2045 infertur;
1963 1997 2055 2036 ve-

475 2078 594 2115 rum
623 2064 844 2117 minime
876 2079 970 2119 eos
1008 2066 1213 2120 deserit
1257 2067 1446 2137 gratiae
1486 2068 1696 2122 Domini
1724 2071 1896 2125 nostri
1929 2070 2051 2126 Filii

477 2153 570 2207 Dei
610 2155 890 2222 auxilium,
918 2155 1014 2211 sed
1045 2156 1181 2212 clam
1208 2157 1326 2213 illos
1351 2159 1560 2225 invisit,
1578 2162 1875 2229 cpitulatur
1893 2172 2054 2234 atque

475 2244 681 2300 habitat
707 2261 828 2300 cum
859 2247 989 2316 ipsis
1019 2250 1319 2304 secundum
1382 2251 1792 2319 dispositionem
1829 2257 2051 2311 ordina-

478 2335 814 2403 tionemque,
861 2337 1202 2405 passionibus
1249 2337 1522 2406 superatis
1584 2347 1639 2392 et
1700 2339 1960 2407 diabolis,
1998 2350 2055 2396 et

474 2423 640 2478 t-llicit
689 2435 745 2478 ut
777 2428 1004 2496 gratiam
1033 2436 1346 2482 mereantur
1385 2426 1637 2498 perfecta}
1685 2430 1970 2487 charitatis
2001 2441 2057 2489 et

479 2517 668 2586 gloria:
696 2533 807 2572 sum
835 2519 1038 2574 lumen.

1072 2610 1452 2682 Interrogatio.

544 2697 685 2764 Quid
711 2710 791 2754 est
825 2699 876 2753 id
915 2700 1057 2770 quod
1087 2702 1164 2754 ait
1193 2703 1359 2758 abbas
1388 2705 1696 2764 Antonius:
1724 2707 1847 2762 Non
1870 2715 1946 2761 est
1970 2723 2051 2760 se-

473 2788 804 2842 tribuendum
831 2791 1027 2843 malum
1067 2807 1161 2858 pro
1194 2794 1436 2858 malo;et
1469 2797 1514 2849 si
1540 2799 1608 2850 ad
1645 2797 1778 2851 hunc
1831 2799 2054 2866 gradum

475 2879 648 2930 adhuc
676 2895 777 2933 non
830 2885 1118 2947 perrenerit
1173 2887 1485 2948 monac/tus,
1511 2899 1676 2941 seruet
1704 2889 1970 2942 silentiutn
2005 2898 2055 2942 et

473 2971 743 3038 quietem?
784 2972 1063 3040 Quomodo
1094 2977 1258 3032 homo
1281 2993 1345 3034 ex
1374 2981 1556 3049 quiete
1581 2981 1648 3036 ad
1683 2982 1786 3036 hoc
1814 2983 2056 3052 pervenit

473 3064 736 3132 gradum?

1111 3158 1424 3229 Responsio.
1927 3234 1930 3240 I

545 3242 740 3300 Frater
765 3247 1034 3312 infirmus,
1067 3259 1232 3320 atque
1265 3251 1444 3322 lingua
1503 3253 1800 3322 injuriosus
1848 3256 1901 3310 in
1940 3257 2050 3312 fra-

477 3345 615 3387 trem
643 3351 826 3401 suum,
881 3347 935 3390 et
986 3339 1166 3393 odium
1205 3357 1332 3412 erga
1385 3343 1533 3397 illum
1566 3347 1730 3399 corde
1759 3347 1966 3412 fovens,
2003 3350 2048 3403 si

473 3441 594 3480 sese
620 3426 674 3480 in
703 3426 836 3481 cella
861 3428 1217 3496 continuerit,
1246 3443 1301 3486 et
1326 3435 1650 3489 abstinuerit
1673 3437 1741 3490 ab
1772 3438 2048 3495 hominum

473 3515 1025 3584 confabulationibus,
1055 3528 1110 3574 et
1147 3521 1319 3578 malas
1369 3524 1640 3580 sedaverit
1670 3529 2046 3599 cogitationes,

479 3622 546 3663 ac
586 3609 927 3666 orationibus
963 3611 1168 3683 jugiter
1214 3621 1267 3668 et
1324 3629 1603 3670 sacrarum
1645 3617 2048 3687 Scripturaru‘m

474 3700 693 3756 lectioni
726 3706 1007 3759 naVaverit
1042 3720 1286 3774 operam,
1321 3721 1353 3761 a
1399 3711 1570 3776 gratia
1610 3710 1876 3766 invisetur
1898 3722 2048 3768 tran-

479 3792 788 3862 quillitatis,
831 3795 1225 3852 illuminabitur
1260 3813 1356 3853 cor
1379 3799 1542 3866 illius,
1587 3811 1643 3856 et
1679 3802 1874 3872 spiritu
1913 3804 2052 3860 liber

472 3887 566 3940 tiet
604 3887 972 3959 gaudebitque
1033 3891 1085 3944 in
1138 3890 1266 3946 Deo.
1298 3892 1510 3948 Etenim
1557 3894 1716 3950 homo
1766 3895 2046 3966 ejusmodi,

473 3987 761 4048 coiispecta
803 3995 966 4036 cruce
992 3981 1227 4046 Domini,
1265 3982 1380 4050 ejus
1421 3986 1733 4040 accenditur
1762 4001 1966 4052 amore,
1995 3997 2051 4044 et

473 4072 713 4126 osculata
740 4089 937 4138 cruce,
965 4076 1310 4130 meditabitur
1373 4079 1513 4133 illam
1557 4079 1923 4148 Scripturam:
1961 4080 2048 4134 Ita

473 4163 655 4216 dilexit
688 4163 822 4218 Deus
860 4169 1131 4230 mundum,
1181 4177 1234 4220 ut
1298 4166 1492 4222 Filium
1545 4185 1696 4222 suum
1727 4173 2048 4242 unigenitum

474 4253 756 4307 tradiderit
779 4256 934 4308 morti
984 4269 1194 4324 propter
1235 4257 1384 4310 illum
1427 4258 1494 4312 ³³.
1530 4258 1628 4313 llic
1660 4261 1902 4328 profecto
1928 4279 2050 4331 erga

473 4363 567 4400 nos
594 4363 750 4400 suum
809 4351 1034 4402 ostendit
1085 4347 1222 4401 Deus
1272 4352 1678 4418 amorem;quia
1723 4368 1842 4405 cum
1866 4369 2050 4420 percao

473 4449 610 4490 tores
634 4454 884 4500 essemus,
909 4435 1150 4492 Christus
1176 4455 1270 4508 pro
1302 4443 1450 4493 nobis
1499 4453 1733 4494 mortuus
1781 4454 1854 4496 est
1881 4444 1945 4497 “.
1987 4445 2049 4500 Si.
2080 4442 2123 4497 D

472 4539 603 4594 ergo
626 4541 728 4579 non
753 4528 1008 4595 perpercit
1040 4525 1184 4580 Filio
1217 4544 1310 4580 suo
1333 4528 1492 4594 Deus,
1521 4534 1611 4583 sed
1645 4533 1868 4586 tradidit
1897 4533 2044 4589 illum

471 4631 568 4685 pro
598 4616 742 4670 nobis
773 4616 949 4681 morti,
1005 4626 1056 4670 ct
1095 4617 1312 4687 quidem
1371 4619 1514 4689 turpi
1544 4621 1616 4674 illi
1664 4623 2042 4691 morticrucis,

474 4705 735 4774 quomodo
759 4709 933 4760 omnia
967 4707 1116 4762 nobis
1168 4725 1284 4761 cum
1319 4709 1413 4763 illo
1463 4727 1563 4764 non
1593 4714 1832 4767 concedet
1855 4716 1922 4779 ⁸³,
1952 4727 2046 4771 aut

473 4800 769 4870 quidquam
797 4799 1022 4855 aliorum
1054 4803 1342 4871 denegabit
1379 4805 1566 4858 nobis?
1606 4804 1834 4862 Dilectio
1863 4821 2042 4864 autem

473 4891 680 4948 Christi
709 4892 934 4963 ejusque
957 4894 1198 4950 charitas
1244 4912 1343 4951 nos
1373 4897 1605 4968 impulit,
1644 4909 1700 4953 ut
1721 4901 2047 4971 c0gilemus,

474 4985 618 5054 quod
651 5000 748 5039 nos
773 4985 962 5040 deceat
989 4987 1209 5042 minime
1255 4990 1435 5043 vivere
1493 4990 1782 5046 desideriis
1824 4997 2045 5062 nostris,

474 5079 568 5132 sed
605 5076 676 5130 illi
708 5078 797 5146 qni
832 5092 928 5146 pro
983 5077 1136 5132 nobis
1205 5090 1450 5135 mortuus
1485 5090 1566 5134 est
1620 5082 1665 5112 “
1714 5096 1729 5136 :
1770 5093 1826 5137 et
1865 5082 2046 5139 Jesum

473 5169 826 5238 aspiciamus,
851 5167 940 5238 qui
974 5171 1246 5239 patientiae
1272 5171 1430 5226 nobis
1461 5171 1670 5226 initium
1689 5181 1744 5226 et
1774 5174 2051 5244 exemplar

476 5264 652 5318 factus
681 5273 785 5328 est,
833 5277 897 5318 ac
951 5274 1178 5319 mortem
1243 5279 1340 5334 pro
1379 5264 1535 5321 nobis
1569 5266 1820 5322 sustinuit
1847 5270 2046 5333 crucis,

475 5355 749 5408 infamiam
781 5371 992 5426 passus,
1042 5371 1106 5411 ac
1140 5356 1351 5410 demum
1386 5358 1526 5412 sedit
1561 5360 1628 5413 ad
1657 5358 1906 5414 dextram
1949 5361 2043 5415 Dei

476 5443 530 5496 in
560 5448 809 5504 excelsis.
845 5449 1012 5520 Igitur
1032 5450 1076 5503 si
1129 5451 1544 5520 compatiemur,
1602 5450 2041 5521 congloritlcabi-

547 5674 592 5704 "
626 5672 783 5728 Joan.
812 5691 894 5733 III.
934 5678 1017 5732 lli.
1095 5679 1138 5709 "
1185 5679 1337 5732 finiti.
1382 5678 1506 5739 v,8.
1557 5678 1628 5730 ιτδ
1673 5675 1826 5730 liam.
1866 5692 1985 5744 vni,
2015 5676 2102 5730 52.
2181 5680 2195 5708 ²

579 5746 656 5802 12.
698 5747 740 5776 ¹⁹
768 5745 931 5802 llebr.
960 5748 1114 5802 xttﬂ.
1193 5748 1235 5778 ³⁰
1271 5747 1398 5802 Luc;
1433 5763 1583 5802 xxi-tt.
1613 5747 1698 5800 5i.
1779 5747 1818 5776 ³⁸
1852 5749 1970 5801 Act.
2009 5763 2101 5802 vn.
2131 5747 2195 5802 59

1852 5759 1970 5801 .-\t.l.
2009 5763 2101 5814 vn,
2131 5759 2215 5802 se.

474 5758 536 5813 tt,
579 5746 656 5809 l2,
698 5747 740 5776 ¹⁹
768 5745 931 5802 llebr.
960 5748 1114 5811 xttﬁ.
1193 5748 1235 5778 ³⁰
1271 5747 1398 5802 Luc;
1433 5763 1583 5813 xxi-tt,
1613 5747 1698 5800 5i.

1591 311 1866 367 PATllES
1905 310 2202 368 EGYPTII
2243 308 2512 366 SECULI
2551 303 2631 365 IV.

2086 433 2132 490 Α
2164 442 2282 480 mur
2315 426 2396 494 '7;
2429 435 2482 481 ει
2512 427 2554 480 si
2596 412 2999 488 sustinebimus,
3031 421 3379 492 regnabimus
3399 436 3524 501 cum
3553 422 3649 476 illo
3670 425 3740 480 ¹¹¹.

3597 306 3623 360 1
3634 303 3743 358 988

2155 515 2292 572 llinc
2320 515 2506 572 beatus
2535 513 2996 569 Paulushortatur
3019 527 3115 567 nos
3139 513 3324 568 dicens
3348 531 3363 567 :
3383 513 3738 582 Aspiciamus,

2154 608 2368 677 fratres,
2399 622 2602 660 crucem
2655 603 2866 658 Domini
2917 603 3083 656 nostri
3111 603 3177 657 ”.
3211 602 3347 656 Hinc
3375 605 3520 667 vide,
3560 619 3742 674 quan-

2153 707 2270 755 tum
2308 697 2528 768 pertulit
2560 711 2660 766 pro
2718 693 3115 766 peccatoribus,
3171 697 3263 765 qui
3293 695 3588 749 animabus
3631 696 3744 750 suis

2155 790 2460 845 adversarii
2485 798 2612 844 sunt
2647 788 2802 842 facti.
2839 785 3022 853 Quare
3050 801 3116 842 ne
3147 802 3244 841 vos
3275 787 3613 856 pigeat,.nec
3633 789 3742 843 ani-

2154 899 2257 937 mo:
2284 881 2652 936 dissolvantur
2693 888 2890 934 vestra:
2923 880 2991 932 oh
3023 878 3338 948 patientiam
3363 918 3378 944 ,
3403 879 3738 948 angustiam,

2155 971 2410 1040 injurias,
2457 969 2744 1039 opprobria
2799 980 2854 1023 et
2886 979 3145 1034 mortem,
3201 984 3322 1038 qua:
3371 969 3490 1036 ejus
3519 981 3742 1040 propter

2154 1078 2398 1117 amorem
2429 1061 2796 1132 perferuntur.
2852 1056 3072 1114 Veniam
3121 1059 3492 1130 deprecamini
3528 1062 3585 1115 in
3621 1077 3740 1115 ora-

2165 1154 2404 1208 tionibus
2424 1153 2617 1205 vestris
2636 1167 2734 1220 pro
2763 1151 3212 1219 persequentibus
3238 1167 3355 1213 vos,
3379 1154 3738 1220 quemadmo-

2154 1246 2280 1300 dum
2313 1241 2708 1312 deprecabatur
2736 1241 2998 1296 Dominus
3031 1256 3128 1310 pro
3178 1241 3624 1312 cruciﬁgentibus
3656 1246 3738 1298 di-

2153 1351 2321 1408 cens:
2356 1334 2540 1400 Pater,
2573 1334 2776 1388 dimitte
2806 1333 2910 1387 illis
2942 1333 3008 1387 ³⁰.
3046 1333 3239 1387 Beatus
3277 1333 3406 1386 item
3431 1332 3742 1402 Stephanus

2155 1427 2365 1482 veniant
2403 1442 2432 1479 a
2494 1425 2720 1481 Domino
2782 1435 2971 1480 nostro
3027 1426 3268 1494 petebat,
3333 1436 3499 1496 atque
3548 1427 3738 1479 orabat

2156 1532 2254 1585 pro
2287 1515 2654 1584 lapidantibus
2687 1515 2910 1570 dicens:
2943 1515 3192 1579 Domine,
3245 1531 3308 1568 ne
3331 1525 3604 1584 computes
3634 1517 3734 1570 illis

2155 1606 2252 1658 Itoc
2284 1615 2552 1673 peccatum
2580 1603 2646 1657 ³¹.
2691 1601 2746 1657 Si
2776 1615 2955 1658 autem
2990 1605 3104 1659 hate
3135 1614 3188 1658 et
3209 1603 3568 1658 similiainter
3589 1609 3736 1675 quie-

2160 1706 2265 1749 tem
2299 1696 2587 1750 meditatus
2623 1695 2787 1750 fuerit
2819 1695 3190 1750 monachusin
3227 1709 3324 1748 sua
3367 1695 3528 1762 cella,
3552 1711 3734 1751 corro-

2087 1773 2127 1828 Β
2159 1787 2464 1852 horabitur,
2490 1796 2546 1842 et
2571 1788 2784 1840 cunctis
2832 1787 2886 1840 iu
2931 1785 3172 1839 Domino.
3214 1785 3581 1841 dominabitur
3617 1805 3735 1858 pas-

2156 1878 2400 1934 sionihus
2431 1887 2528 1946 ;et
2553 1895 2659 1934 non
2693 1877 2868 1932 solum
2905 1878 3177 1933 neminem
3230 1877 3426 1946 injuria
3485 1878 3732 1946 lacesset,

2155 1979 2248 2024 aut
2268 1969 2502 2039 cuipiam
2529 1969 2938 2040 indignabitur,
2988 1969 3076 2023 vel
3111 1968 3310 2023 malum
3357 1985 3456 2040 pro
3481 1971 3624 2024 man
3656 1986 3736 2025 re-

2157 2061 2392 2127 tribuet;
2426 2061 2522 2114 sed
2559 2075 2884 2130 magnopere
2912 2060 3190 2130 gaudebit,
3226 2071 3282 2115 et
3315 2060 3531 2114 honoris
3565 2062 3736 2116 habe-

2154 2151 2232 2206 hit
2260 2151 2398 2217 loco,
2454 2167 2511 2208 se
2561 2151 2876 2222 opprobriis
2923 2161 2977 2207 et
3019 2151 3234 2222 injuriis
3289 2151 3438 2208 allici.
3475 2152 3557 2206 Ad
3593 2153 3736 2208 hanc

2157 2243 2411 2296 virtutem
2441 2257 2615 2312 usque
2661 2243 2914 2313 pervenit.
2939 2243 3242 2297 monachus
3293 2243 3348 2297 in
3381 2243 3515 2298 cella
3544 2259 3644 2298 sua
3672 2246 3746 2299 ob

2154 2335 2419 2404 quietem,
2452 2334 2770 2403 patientiam
2800 2343 2854 2389 et
2888 2333 3331 2404 adimpletionem
3373 2335 3738 2390 observantiae

2155 2433 2550 2494 praeceptorum
2582 2423 2808 2487 Christi,
2861 2438 2980 2493 quae
3025 2434 3154 2479 sunt
3189 2423 3478 2492 jejunium,
3540 2429 3742 2493 oratio,

2156 2514 2437 2568 meditatio
2472 2525 2526 2568 et
2558 2515 2780 2584 reliqua:
2811 2516 3042 2569 virtutes
3117 2528 3244 2569 utea
3275 2517 3457 2584 quiete
3480 2518 3738 2571 exoriun-

2156 2614 2261 2658 tur.
2313 2605 2526 2674 Optitne
2579 2606 2745 2676 igitur
2800 2606 2936 2660 dixit
3001 2606 3188 2660 beatus
3244 2606 3408 2661 abbas
3433 2609 3750 2663 Antonius:

2157 2696 2224 2752 Si
2247 2697 2532 2750 monac/tus
2567 2697 2830 2750 continere
2857 2713 2960 2750 non
3007 2705 3175 2764 potest
3235 2697 3467 2768 linguam
3493 2716 3644 2753 suam
3679 2707 3746 2758 ab

2156 2788 2395 2858 injuriis,
2431 2788 2848 2842 murmuratione
2889 2797 3044 2856 atque
3081 2788 3227 2857 gula,
3269 2805 3436 2857 neque
3476 2807 3508 2843 a
3545 2789 3750 2842 talions

2155 2897 2246 2935 ror
2281 2883 2551 2935 continere
2576 2881 2747 2946 valet;
2780 2879 2964 2935 saltem
2999 2891 3254 2944 quantum
3283 2881 3419 2948 potis
3447 2890 3550 2945 est,
3575 2881 3739 2950 quieti

2154 2971 2359 3025 studeat
2391 2981 2440 3026 et
2469 2971 2702 3025 silentio.

2755 3062 3132 3132 Interrogatio.

2225 3154 2458 3210 Profecti
2490 3165 2619 3210 sunt
2644 3156 2840 3210 fratres
2871 3155 3092 3224 quidam
3133 3153 3430 3223 aliquando
3461 3157 3527 3208 ad
3552 3153 3726 3208 abba-

2151 3255 2260 3312 tem
2290 3249 2607 3312 Antonium,
2643 3258 2697 3303 et
2735 3250 2992 3304 dixerunt
3045 3249 3121 3303 illi
3155 3264 3169 3300 :
3204 3248 3286 3300 Da
3343 3249 3491 3302 nobis
3535 3266 3738 3317 prtere-

2149 3350 2293 3408 ptum
2327 3340 2561 3408 aliquod,
2599 3351 2653 3392 ut
2689 3357 2949 3394 seruemus
2985 3339 3141 3395 illud.
3171 3341 3270 3408 Qui
3295 3345 3371 3394 ait
3397 3341 3503 3396 illis
3535 3356 3549 3392 :
3585 3341 3740 3396 Scri-

2153 3441 2300 3497 ptum
2334 3441 2419 3485 εει
2471 3432 2524 3485 in
2561 3431 2858 3502 Exaugelio
2890 3449 2904 3485 :
2936 3431 2994 3487 Si
3015 3433 3132 3502 quis
3161 3443 3208 3486 te
3238 3435 3548 3502 percusserit
3580 3449 3741 3499 super

2154 3535 2315 3573 unam
2350 3521 2646 3589 maxillam,
2675 3534 2810 3576 verte
2837 3522 2917 3575 illi
2968 3526 3188 3576 alteram
3210 3524 3274 3577 ³².
3306 3523 3405 3589 Qui
3440 3525 3736 3592 responde-

2155 3621 2280 3667 runt
2329 3613 2424 3668 ei:
2461 3613 2577 3669 Hoc
2623 3631 2954 3686 nequaquam
3006 3615 3181 3684 facere
3219 3633 3520 3684 possumus.
3580 3614 3739 3672 Tunc

2151 3707 2229 3758 ait
2259 3705 2366 3761 illis
2403 3721 2567 3761 senex
2603 3724 2616 3761 :
2656 3706 2718 3762 Si
2743 3723 2847 3761 non
2877 3710 3094 3775 potestis
3132 3721 3324 3762 uertere
3339 3710 3586 3772 alteram,
3617 3724 3743 3761 sus-

2152 3800 2311 3850 tinete
2347 3799 2594 3866 primam.
2628 3798 2886 3853 Dixerunt
2934 3801 2982 3854 ei
3046 3819 3059 3854 :
3096 3799 3277 3870 Neque
3309 3799 3404 3852 hoc
3459 3817 3749 3867 possumus

2153 3889 2349 3957 facere.
2387 3890 2593 3957 Quibus
2629 3893 2703 3945 ait
2735 3910 2748 3945 :
2787 3891 2848 3947 Si
2882 3909 3046 3962 neque
3078 3895 3174 3945 hoc
3227 3892 3375 3944 aliud
3407 3894 3626 3958 potestis
3660 3895 3744 3961 [a-

2153 3999 2286 4048 cere,
2323 3984 2509 4037 saltem
2551 4000 2614 4038 ne
2659 3985 3051 4053 repereutiatis,
3091 3987 3181 4054 qui
3229 4001 3316 4038 vos
3349 3998 3746 4052 percusserunt.

2151 4077 2253 4142 Qui
2279 4076 2531 4131 dixerunt
2557 4093 2572 4132 :
2602 4074 2783 4148 Neque
2814 4080 2910 4132 hoc
2939 4094 3214 4148 possumus
3243 4077 3436 4146 facere.
3472 4077 3622 4132 Tunc
3650 4093 3741 4133 ve-

2153 4169 2420 4224 nerabilis
2459 4185 2627 4225 senex
2663 4170 2926 4241 discipulo
2969 4186 3068 4225 suo
3135 4172 3250 4225 ait:
3284 4169 3428 4220 [ιω-α
3482 4169 3740 4238 fratribus

2151 4259 2265 4312 istis
2307 4260 2409 4312 cibi
2455 4260 2677 4330 aliquid,
2706 4261 2830 4330 quia
2860 4272 3139 4331 a'grotant.
3171 4261 3305 4328 Quid
3358 4259 3476 4314 hanc
3518 4263 3742 4318 denotat

2151 4357 2322 4408 sancti
2353 4351 2531 4408 Patris
2561 4355 2866 4408 sententia?

2789 4444 3094 4515 Responsio.
3192 4517 3197 4522 ἢ

2225 4538 2356 4593 Cibo
2395 4537 2483 4595 hic
2512 4539 2731 4594 denotat
2763 4555 2924 4611 opera
2951 4540 3200 4606 fratrum,
3224 4551 3276 4597 et
3305 4543 3582 4598 seniorum
3607 4559 3743 4600 ora-

2155 4631 2326 4684 tiones
2361 4645 2426 4684 ac
2456 4645 2670 4701 preces,
2707 4631 2956 4700 idemque
2983 4643 3064 4688 est
3098 4649 3162 4688 ac
3194 4633 3240 4689 si
3259 4633 3475 4688 dixisset
3505 4652 3520 4688 :
3553 4635 3612 4688 Si
3633 4652 3740 4689 ne-

2151 4738 2256 4792 que
2289 4723 2424 4789 hmc,
2451 4738 2627 4792 neque
2659 4724 2748 4778 illa
2790 4724 2971 4780 facere
3011 4727 3266 4795 potestis,
3297 4725 3540 4781 oratione
3576 4727 3739 4783 vobis

2156 4832 2292 4886 Opus
2338 4828 2440 4873 est.
2489 4817 2622 4871 Nam
2659 4821 3114 4889 qnetnadmodum
3164 4820 3351 4891 trgroti
3400 4822 3530 4878 cibo
3577 4831 3737 4893 egent

2154 4906 2407 4976 peculiari
2436 4906 2562 4961 dum
2595 4918 2884 4978 aegrotant,
2919 4910 2988 4964 ob
3024 4909 3396 4965 infirmitatem
3439 4913 3734 4976 stomachi,

2155 4998 2243 5066 qui
2298 5013 2654 5068 quoscunque
2707 5000 2858 5054 cibos
2910 5015 3127 5055 sumere
3174 5017 3278 5055 non
3307 5012 3392 5054 est
3421 5013 3582 5070 aptus
3611 5019 3624 5054 :
3657 5001 3730 5053 ita

2153 5091 2307 5145 vobis
2341 5092 2536 5160 quibus
2567 5091 2822 5160 cogitatio
2867 5101 2978 5146 tam
3009 5093 3222 5146 infirma
3254 5103 3359 5159 est,
3391 5104 3448 5146 ut
3478 5107 3575 5147 nec
3605 5108 3729 5161 par-

2155 5187 2263 5234 tctn
2323 5181 2540 5252 quidem
2592 5193 2988 5253 praeceptorum
3036 5183 3244 5237 Domini
3293 5182 3464 5236 nostri
3513 5194 3728 5236 scrvare

2158 5272 2421 5340 valeatis,
2468 5273 2700 5328 sanitate
2737 5282 2792 5328 et
2836 5275 3118 5328 curatione
3168 5274 3475 5327 animarum
3528 5285 3728 5327 vestra-

2156 5377 2274 5417 rutn
2301 5377 2436 5434 opus
2463 5373 2564 5429 est,
2605 5378 2799 5434 nempe
2831 5364 3167 5420 orationibus
3211 5362 3432 5418 Patrum
3469 5363 3561 5434 qui
3593 5365 3725 5418 hanc

2154 5456 2306 5511 vobis
2336 5457 2626 5525 impetrent
2664 5456 2936 5526 precibus.

2181 5675 2278 5728 "1|
2320 5676 2442 5727 tlnr.
2488 5690 2539 5739 v,
2580 5674 2663 5739 Ν,
2699 5674 2781 5728 15.
2859 5675 2900 5705 ’⁷
2938 5674 3093 5727 llont.
3131 5689 3246 5738 \‘lll,
3289 5672 3373 5728 l7.
3453 5673 3557 5727 "ll
3598 5671 3732 5726 Tim.

2297 5743 2544 5800 “Matth.
2578 5760 2624 5808 ν,
2669 5745 2772 5803 '59;
2801 5743 2926 5799 Luc.
2969 5758 3038 5806 γι,
3069 5741 3159 5798 ‘29.
