3976 6204
204 190 226 247 i
238 195 348 248 089

810 311 1184 386 Interrogatio.

279 396 421 452 Dixit
455 408 686 460 sanctus
715 401 885 458 abbas
914 405 1186 463 Antonius
1213 425 1226 461 :
1265 409 1385 464 Vidi
1415 428 1592 467 omnes
1614 414 1800 468 diabo-

197 486 236 537 li
278 486 494 553 laqueos
535 505 694 560 super
724 500 865 546 terra
905 503 1156 561 structos,
1194 498 1529 571 ingemuique
1578 503 1718 568 ideo,
1747 514 1796 557 et

195 579 314 633 dixi
341 596 358 633 :
399 578 493 634 Var
513 584 685 651 generi
710 584 942 642 humano
963 589 984 642 .'
1010 592 1127 660 quis
1158 593 1345 662 poterit
1376 593 1509 662 eripi
1539 595 1604 648 ab
1632 595 1747 650 istis
1769 598 1794 650 ?

198 669 272 722 lit
304 672 558 728 dixerunt
584 675 751 731 mihi:
777 675 1071 736 Humilitas
1101 683 1269 738 salvat
1313 685 1378 739 ab
1414 686 1550 751 istis,
1589 705 1682 743 nec
1723 692 1793 744 ad

194 760 346 815 illam
377 766 668 835 pertingere
708 769 899 826 valent.
944 771 1224 841 Quomodo
1257 777 1391 832 vidit
1439 789 1663 836 sanctus
1692 782 1792 837 iste

191 853 420 923 laqueos
469 859 666 914 diaboli
701 879 716 926 ;
761 865 1180 934 sensibiliterne,
1221 885 1288 923 an
1319 870 1792 931 intellectualiler?

188 954 245 999 et
273 949 494 1017 quinam
523 960 648 1004 sunt
671 952 769 1020 illi,
797 956 886 1024 qui
913 957 1165 1014 dixerunt
1195 962 1294 1031 ipsi
1322 979 1337 1018 :
1364 963 1656 1021 Humilitas
1677 969 1786 1022 sal-

186 1049 275 1091 vat
300 1039 364 1091 ab
389 1041 528 1106 istis,
567 1057 659 1096 nec
694 1045 762 1098 ad
789 1045 940 1100 illam
959 1051 1496 1124 pertingereoa/ent?

817 1137 1136 1208 Responsio.

266 1225 447 1279 Abbas
501 1224 816 1283 Macharius
871 1231 1064 1300 major,
1113 1233 1433 1309 Egyptius,
1487 1241 1784 1313 discipulus

187 1317 404 1372 abbatis
448 1319 697 1388 Antonii,
732 1324 864 1378 vidit
905 1341 1123 1397 quoque
1167 1333 1217 1385 in
1261 1334 1478 1390 deserto
1536 1336 1780 1392 interiori

188 1408 429 1479 Scythiae
480 1426 673 1467 oumes
719 1412 941 1484 laqueos
983 1421 1317 1488 passionum,
1353 1440 1489 1494 quos
1536 1427 1669 1482 vidit
1716 1441 1781 1483 eo

189 1511 431 1572 tempore
465 1501 522 1556 S.
571 1503 740 1560 abbas
793 1506 1082 1563 Antonius.
1118 1511 1265 1567 Vidit
1310 1515 1508 1587 quippe
1558 1515 1779 1573 Macha-

189 1596 302 1648 rius
340 1595 582 1651 diabolos
635 1596 688 1651 in
751 1599 1115 1658 similitudine
1177 1604 1406 1662 duorum
1471 1610 1776 1676 hominum,

184 1702 414 1756 quorum
444 1703 582 1744 imus
607 1689 879 1759 perforata
903 1704 1022 1749 erat
1048 1695 1268 1752 indutus
1295 1710 1467 1766 veste,
1501 1703 1588 1758 cui
1619 1703 1770 1774 quae-
1810 1700 1852 1756 Β

181 1781 305 1832 dam
350 1781 686 1837 diversorum
735 1782 980 1840 colorum
1042 1799 1200 1844 erant
1252 1792 1489 1861 inserta;
1546 1796 1774 1852 alterius

175 1867 383 1926 detrita
443 1884 588 1929 veste
638 1885 809 1932 totum
860 1894 1059 1949 corpus
1106 1884 1576 1942 eircumamictum
1630 1899 1770 1953 erat,

180 1963 528 2037 habebatque
559 1979 673 2024 rete
703 1971 976 2041 quoddam
1009 1976 1370 2046 ampullarum
1397 1980 1611 2050 plenum
1645 1997 1658 2034 :
1688 1983 1772 2038 his

178 2058 482 2114 accedebat
514 2061 678 2127 alius,
709 2066 802 2136 qui
832 2067 932 2122 alis
961 2069 1132 2124 instar
1167 2073 1489 2142 operimenti
1522 2085 1772 2147 contege~

181 2150 362 2205 batur.
398 2149 514 2206 llos
541 2153 763 2222 quidem
798 2157 1160 2226 corporaliter
1190 2161 1362 2217 oculis
1385 2164 1664 2233 corporeis
1691 2165 1769 2219 vi-

177 2242 254 2295 dit
277 2242 448 2297 abbas
481 2244 818 2314 Macharius;
860 2261 1085 2308 sanctus
1135 2267 1263 2308 vero
1301 2255 1569 2312 Antonius
1600 2257 1768 2312 abbas

177 2334 337 2389 oculo
377 2336 684 2395 intellectus
725 2340 862 2396 vidit
899 2357 996 2413 per
1051 2345 1272 2400 modum
1306 2346 1534 2403 visionis
1576 2364 1766 2405 omnes

179 2431 398 2495 laqueos
431 2427 550 2484 illos
593 2430 792 2486 diaboli
842 2448 978 2502 quos
1010 2451 1230 2505 semper
1262 2440 1548 2496 monachis
1581 2443 1762 2506 struit,

175 2534 241 2573 ac
255 2534 351 2574 eos
369 2520 485 2576 istis
502 2524 782 2593 aucupari,
803 2525 1018 2583 irretire
1042 2537 1206 2599 atque
1227 2530 1486 2600 impedire
1507 2533 1766 2588 obnititur

173 2611 241 2664 ab
271 2611 464 2667 itinere
495 2614 822 2682 perﬁciendo
851 2617 903 2672 in
937 2619 1022 2674 via
1054 2621 1291 2687 virtutis,
1311 2624 1470 2678 sicuti
1503 2625 1761 2696 scriptum

172 2709 259 2754 est
287 2717 302 2755 ι
336 2700 397 2754 In
434 2704 512 2755 via
538 2720 652 2758 mea
680 2707 1068 2764 absconderant
1106 2711 1236 2765 mihi
1265 2711 1502 2784 laqueos,
1529 2722 1578 2768 et
1610 2715 1762 2784 funes

171 2795 517 2847 extenderunt
565 2795 744 2851 itineri
805 2814 916 2854 meo
947 2800 1012 2855 ⁸³.
1050 2801 1200 2857 Vidit
1236 2804 1422 2875 itaque
1455 2820 1643 2861 omnes
1685 2807 1761 2860 la-

170 2895 339 2949 queos
371 2882 573 2939 diaboli
626 2901 790 2955 super
845 2900 988 2946 terra
1043 2902 1283 2948 structos
1322 2908 1389 2949 eo
1442 2895 1603 2951 modo
1651 2912 1760 2966 quo

169 2987 295 3031 suos
339 2974 568 3034 tendunt
625 2976 757 3036 feris
802 2991 1112 3040 venatores.
1140 2983 1294 3053 Quod
1332 2985 1546 3057 quidem
1574 2988 1760 3046 videns

915 199 972 254 S.
1013 198 1290 257 ANTONll
1331 203 1399 261 Μ.
1444 198 1744 261 ΛΒΒΑΤΙΒ,

1873 207 2316 272 NTENTIARUM
2357 216 2749 280 EXPOSI'LO.

3363 244 3501 302 1090

1821 331 1866 386 Α
1898 326 2168 384 internum
2246 340 2524 389 certamen
2576 336 2900 407 intellectus,
2938 343 3111 413 quies,
3160 352 3333 408 oratio
3384 361 3500 414 sine

1907 419 2317 481 intermissione
2346 442 2470 481 cum
2510 429 2750 498 perlecta
2782 431 3114 505 humilitate,
3148 454 3374 499 cunctas
3404 463 3498 504 su-

1903 522 2097 582 perant
2149 518 2436 584 passiones
2481 535 2547 576 ac
2593 521 2896 593 daemones,
2933 543 3036 585 nec
3069 533 3135 586 ad
3168 538 3496 596 monachum

1902 603 1990 660 his
2019 608 2306 676 prteditum
2340 612 2650 684 pertingere
2679 617 2884 686 valent,
2909 627 3368 692 quemadmodum
3399 648 3498 688 an-

1902 695 2004 765 geli
2047 696 2104 753 S.
2131 699 2370 758 Antonio
2394 705 2579 761 abbati
2607 707 2880 766 dixerunt.

2503 817 2881 894 Interrogatio.

1970 903 2113 960 Dixit
2145 905 2203 960 S.
2236 907 2506 966 Antonius
2536 914 2706 969 abbas
2738 938 2750 972 :
2777 915 2838 972 Si
2863 925 3193 980 caruerimus
3241 933 3490 986 certami-

1897 1011 1987 1059 ne,
2019 996 2306 1065 plurimum
2357 1002 2504 1058 nobis
2551 1007 2839 1063 timendum
2893 1024 3006 1080 est;
3050 1033 3242 1089 nosque
3285 1035 3486 1090 oportet

1893 1089 2046 1144 valde
2070 1091 2347 1148 humiliari
2376 1113 2554 1162 coram
2577 1099 2706 1163 Deo,
2738 1105 2864 1173 quia
2897 1123 3014 1160 cum
3043 1108 3150 1176 ipse
3174 1113 3298 1167 bene
3317 1132 3484 1185 agno-

1892 1193 2004 1236 scot
2043 1194 2278 1240 nostram
2323 1188 2713 1260 inﬁrmitatem,
2745 1211 2840 1250 nos
2873 1211 3105 1269 proteget
3146 1204 3332 1258 dextra
3362 1223 3482 1267 sua,

1893 1283 1940 1327 ct
1985 1277 2240 1332 custodiet
2270 1295 2289 1333 :
2319 1289 2374 1334 at
2418 1283 2465 1335 si
2515 1285 2760 1352 superbia
2795 1289 3100 1358 efferamur,
3135 1311 3283 1349 suam
3320 1314 3351 1350 a
3386 1312 3482 1349 no-

1895 1365 1978 1419 bis
2007 1371 2236 1425 retrahet
2267 1375 2663 1454 protectionem,
2699 1391 2746 1433 et
2775 1382 3079 1448 peribimus.
3110 1383 3366 1452 Quisnam
3397 1401 3479 1445 est

1898 1457 2057 1529 hujus
2089 1461 2231 1518 beati
2262 1468 2547 1524 sententiae
2574 1473 2804 1528 sensus?

2533 1580 2835 1652 Responsio.

1956 1661 2067 1719 Nos
2095 1665 2370 1726 humiliari
2415 1687 2631 1746 semper
2667 1689 2900 1749 oportet,
2958 1692 3061 1738 tam
3094 1694 3337 1760 tempore
3368 1707 3468 1747 an-

1882 1757 2199 1827 gustiarum,
2238 1763 2602 1824 tribulationis
2633 1786 2696 1826 ac
2731 1776 3294 1851 certaminum,quam
3332 1794 3469 1840 tem-

1881 1864 2013 1919 pore
2051 1853 2199 1922 pacis
2233 1865 2288 1911 et
2318 1859 2520 1928 quietis
2550 1877 2578 1915 a
2613 1865 3038 1935 certatninibus;
3067 1874 3268 1928 etenim
3319 1879 3465 1932 omni

1882 1950 2128 2012 tempore
2164 1945 2472 2005 humilitate
2504 1953 2660 2008 nobis
2690 1969 2828 2023 opus
2871 1969 2975 2013 est.
3011 1960 3462 2035 Quandoquidem

1880 2031 1995 2087 haec
2034 2041 2278 2105 tempore
2304 2041 2621 2097 certaminis
2647 2045 2806 2100 nobis
2831 2048 3035 2115 pra-bet
3072 2031 3466 2122 epam—addit-

1877 2138 1986 2192 que
2036 2125 2206 2181 robur
2247 2128 2314 2185 ad
2345 2132 2687 2189 subeundum
2719 2137 3000 2206 patientia:
3032 2143 3241 2210 pondus
3278 2159 3293 2197 :
3323 2154 3463 2200 tem~

1879 2227 2012 2283 pore
2039 2231 2168 2272 vero
2203 2219 2350 2288 pacis
2382 2230 2437 2276 et
2466 2224 2673 2293 quietis
2706 2243 2736 2280 a
2782 2231 3184 2296 certaminibus,
3219 2249 3317 2288 nos
3351 2243 3467 2289 tuc-

1877 2315 1964 2360 tur
1993 2322 2022 2360 a
2063 2312 2343 2380 superbia,
2379 2321 2433 2367 et
2460 2316 2692 2371 sustinet
2733 2334 2802 2373 ne
2847 2322 3124 2377 cadatnus.
3155 2323 3222 2378 Et
3245 2325 3462 2393 quidem

1874 2408 2097 2470 propter
2145 2401 2566 2460 dissolutionem
2617 2418 2859 2463 nostram
2898 2419 2953 2464 et
2986 2413 3314 2468 oblivionem
3355 2431 3460 2483 qua

1871 2492 2114 2559 capimur
2141 2491 2262 2560 Dei,
2302 2495 2614 2554 humilitate
2647 2514 2866 2570 semper
2913 2502 3068 2558 nobis
3097 2518 3233 2572 opus
3256 2513 3360 2570 est,
3401 2515 3459 2557 ut

1872 2593 2055 2638 nostra
2077 2587 2294 2654 cognita
2321 2588 2638 2646 iulirmitate
2673 2607 2894 2662 operam
2922 2593 3212 2649 humilitati
3243 2595 3457 2662 demus,

1869 2684 1926 2729 et
1979 2678 2288 2746 superbiam
2322 2682 2647 2738 amoliamur
2675 2700 2702 2738 a
2737 2685 2915 2742 nobis.
2948 2685 3090 2742 Deus
3117 2704 3370 2758 namque,
3401 2701 3461 2744 ut

1869 2767 2014 2822 Omni
2067 2779 2310 2840 tempore
2349 2774 2614 2844 angustiis
2665 2793 3001 2847 premamur,
3054 2779 3279 2834 minime
3324 2784 3457 2848 vult,

1869 2856 1963 2910 sed
1990 2871 2086 2912 sua
2118 2858 2390 2916 interdum
2429 2865 2631 2934 pietate
2665 2875 2721 2922 et
2750 2866 3040 2922 clementia
3073 2885 3171 2923 nus
3198 2872 3454 2942 protegit,

1867 2963 2189 3020 cessareque
2230 2950 2361 3008 facit
2405 2969 2436 3010 a
2479 2954 2636 3013 nobis
2686 2968 2985 3016 certauuua
3042 2963 3356 3033 passionum
3401 2969 3457 3011 et

682 3086 746 3126 π
785 3038 1758 3143 usuusu:gingiuis...‘1;;
1787 3064 1830 3120 c
1866 3038 2204 3143 ἀίδυοιεπωςι
2233 3045 2638 3143 Ρνυί¹ῗ¹ίξ²¹ίθ¹ῗῗῖ
2677 3045 2734 3102 δε
3253 3066 3445 3126 vis“

167 3158 305 3211 sium
336 3168 390 3213 et
420 3159 656 3228 retimn;
689 3163 889 3232 quibus
921 3167 967 3220 si
995 3167 1160 3222 semel
1208 3169 1425 3239 capitur
1452 3169 1589 3238 fera,
1630 3187 1757 3240 per-

165 3248 378 3304 dillieile
421 3252 650 3306 evadere
685 3257 882 3320 peterit
922 3257 992 3312 ob
1042 3275 1202 3314 ausas
1261 3265 1438 3319 varias
1493 3275 1549 3320 et
1585 3281 1758 3322 nexus

165 3340 510 3410 multiplices.
548 3343 748 3398 Abbati
783 3354 962 3401 autent
999 3347 1235 3406 Antonio
1274 3368 1395 3409 sese
1438 3355 1756 3412 obtulerunt

161 3445 332 3507 super
361 3440 560 3486 terram
603 3435 844 3490 onmium
884 3439 1208 3507 passionum
1257 3447 1504 3515 corporis
1539 3458 1594 3503 et
1631 3450 1753 3504 ani-

163 3538 268 3577 ma:
317 3527 547 3592 species,
578 3529 782 3598 quibus
812 3529 1015 3586 diaboli
1067 3549 1381 3606 oppugnant
1412 3545 1750 3609 monachos;

160 3626 218 3669 et
244 3615 378 3670 vidit
410 3628 627 3674 sanctos
665 3621 890 3692 angelos
918 3625 1007 3693 qui
1048 3626 1148 3680 sibi
1167 3628 1410 3698 singulos
1436 3633 1749 3701 passionum

160 3707 388 3777 laqueos
439 3710 760 3768 nominatim
833 3717 1209 3784 ostendebant,
1260 3735 1452 3792 nempe
1499 3723 1747 3793 laqueum

158 3800 367 3856 amoris
399 3804 602 3858 ventris
640 3821 734 3860 seu
781 3807 938 3876 gulae,
987 3810 1191 3865 amoris
1248 3814 1512 3882 pecuniae,
1549 3818 1750 3874 amoris

159 3891 566 3960 fornicationis,
602 3897 778 3953 inanis
808 3898 1016 3968 gloriae,
1039 3903 1308 3972 superbia:
1332 3914 1388 3960 et
1415 3905 1745 3976 reliquarum

159 3985 498 4052 passionum.
537 3986 904 4046 Ostenderuut
936 3991 1008 4046 illi
1047 4003 1310 4062 praeterea
1342 4009 1538 4052 omnes
1577 4007 1742 4066 artes,

157 4076 386 4132 techuas
411 4094 476 4133 ac
504 4083 748 4148 astutias,
779 4085 980 4154 quibus
1031 4087 1218 4142 hostes
1247 4103 1376 4145 suos
1411 4098 1630 4146 struunt
1665 4091 1746 4146 la-

156 4185 330 4238 queos
377 4181 432 4224 et
473 4173 718 4239 insidias,
762 4177 962 4243 quibus
1016 4177 1315 4248 impediant
1367 4179 1589 4248 fratres,
1619 4182 1745 4237 illa-

154 4271 378 4328 queent,
418 4264 802 4336 retardentque
845 4267 912 4321 ab
950 4269 1146 4325 itinere
1176 4286 1370 4340 magno
1398 4274 1601 4328 amoris
1624 4273 1738 4330 Dei.

153 4353 285 4407 llaec
311 4369 433 4408 cum
464 4355 767 4414 admiratus
790 4371 950 4424 esset,
985 4371 1039 4416 et
1070 4373 1290 4430 stupore
1321 4364 1625 4433 perculsus,
1655 4367 1740 4421 in-

148 4448 382 4516 gemuit,
414 4459 467 4503 ct
513 4449 663 4506 ﬂevit
705 4452 927 4508 dicens:
971 4453 1062 4510 νω
1095 4456 1241 4511 nobis
1285 4458 1576 4526 monachis,
1613 4476 1742 4532 quo-

146 4546 312 4594 modo
361 4558 638 4610 possumus
685 4546 922 4611 expediri
971 4558 1017 4601 et
1057 4549 1254 4604 salvari
1285 4553 1350 4602 ab
1385 4551 1622 4607 omnibus
1661 4553 1742 4608 Itis

145 4634 378 4702 laqueis,
406 4637 533 4704 quin
557 4638 880 4707 capiamur?
907 4641 1171 4696 Dixerunt
1206 4641 1282 4697 illi
1311 4644 1484 4713 angeli
1517 4661 1530 4697 :
1560 4643 1745 4698 Humi-

142 4731 280 4779 tttas
309 4729 374 4779 ab
413 4729 496 4784 Itis
534 4732 773 4785 omnibus
812 4731 1018 4798 salvat;
1052 4743 1100 4789 et
1129 4735 1219 4803 qui
1245 4735 1337 4789 illa
1361 4746 1438 4790 est
1464 4739 1736 4806 praeditus,

147 4819 370 4874 minime
398 4823 548 4876 cadet
581 4834 671 4876 aut
702 4823 1098 4893 illaqueabitur.
1125 4827 1198 4882 At
1225 4843 1332 4882 non
1365 4829 1477 4884 sola
1521 4830 1740 4885 humili-

145 4922 266 4966 tate
302 4916 549 4984 superari
597 4917 878 4985 passiones
905 4927 958 4974 et
995 4905 1289 4990 dte'inones,
1321 4921 1611 4988 dixerunt;
1643 4939 1738 4980 ve-

145 5014 275 5060 rum
323 5006 430 5061 alia
479 5022 695 5079 quoque
739 5024 904 5082 Opera
936 5019 991 5066 et
1019 5013 1316 5069 certamina
1345 5030 1449 5069 una
1485 5031 1606 5072 cum
1643 5019 1741 5072 hu-

139 5095 384 5152 militate
437 5100 810 5169 requiruntur.
855 5101 1134 5172 Siquidem
1187 5104 1463 5164 humilitas
1512 5111 1624 5165 sola
1668 5125 1734 5166 ac

140 5201 250 5256 per
273 5202 354 5252 se,
390 5190 588 5246 nullius
615 5201 701 5247 est
721 5193 1068 5251 emolumenti
1095 5213 1109 5263 ;
1137 5213 1300 5267 opera
1328 5214 1456 5255 vero
1479 5202 1596 5258 sine
1627 5203 1731 5258 hu-

139 5279 386 5336 militate
415 5283 548 5338 nihil
573 5294 836 5355 prosunt;
872 5294 1000 5342 sunt
1027 5288 1172 5344 enim
1204 5291 1409 5361 aliaque
1455 5291 1566 5359 illa,
1601 5310 1729 5350 caro

139 5383 296 5427 terra
352 5373 507 5429 salita
547 5383 602 5432 et
642 5393 748 5433 non
798 5378 934 5446 sale,
977 5379 1217 5452 adeoque
1259 5381 1419 5439 facile
1477 5383 1728 5443 ftetorem

134 5463 428 5519 contrahit
452 5475 507 5520 et
539 5467 928 5540 corrumpitur.
967 5466 1156 5542 Itaque
1179 5486 1346 5543 Opera
1383 5476 1720 5545 corporalia,

212 5625 258 5661 ⁸³
283 5633 428 5694 Psal.
462 5652 684 5711 cxxxnx,
715 5644 766 5700 6.

1861 3138 1916 3184 et
1959 3132 2278 3187 certaminis
2323 3133 2391 3188 ad
2444 3135 2808 3192 humilitatem
2859 3141 3191 3197 recurrimus
3235 3157 3457 3214 propter

1859 3223 2099 3290 pericula
2153 3233 2207 3279 et
2247 3223 2629 3294 diﬂicultates;
2676 3239 2920 3299 tempore
2943 3248 3071 3288 vero
3103 3238 3456 3307 tranquillita-

1861 3308 1930 3364 tis
1963 3318 2019 3362 et
2052 3310 2364 3367 securitatis
2388 3328 2417 3367 a
2450 3317 2844 3375 certaminibus
2877 3321 3043 3376 Deum
3077 3323 3453 3382 obliviscimur

1856 3407 1911 3455 et
1948 3399 2225 3458 ederimur
2273 3406 2528 3474 superbia
2561 3424 2577 3462 :
2607 3423 2760 3464 suam
2793 3413 2982 3481 procul
3029 3415 3196 3471 dubio
3222 3434 3251 3473 a
3283 3422 3441 3476 uoltis

1855 3495 2142 3550 contrahet
2199 3499 2612 3566 protectionem,
2650 3510 2707 3557 et
2757 3503 2909 3559 ruina
2949 3521 3015 3561 ac
3065 3509 3447 3580 desperatione

1859 3586 2175 3654 peribimus.
2210 3587 2428 3647 Nullum
2466 3594 2631 3664 igitur
2663 3604 2875 3665 tempus
2925 3606 3030 3664 est,
3081 3616 3188 3670 quo
3231 3603 3451 3657 humili-

1856 3685 1962 3732 tate
1997 3679 2153 3734 nobis
2185 3695 2322 3750 opus
2362 3698 2466 3737 non
2505 3685 2606 3750 sit;
2645 3688 3102 3755 quemadmodum
3135 3694 3282 3748 omni
3327 3694 3446 3750 loco

1851 3777 1906 3823 et
1941 3769 2268 3826 omnibusin
2299 3774 2608 3831 actionibus
2637 3791 2699 3830 ea
2735 3778 2956 3835 omnino
2989 3781 3312 3850 indigemus.

2448 3887 2824 3961 Interrogatio.

1925 3977 2156 4045 Quidam
2184 3981 2460 4038 seniorum
2506 3985 2800 4055 postulavit
2835 4001 2865 4041 a
2899 3986 3029 4054 Deo,
3060 3999 3116 4044 ut
3146 3989 3220 4046 illi
3254 4000 3438 4049 osten-

1847 4069 2002 4127 deret
2047 4088 2236 4128 omnes
2290 4073 2510 4133 Patres:
2564 4078 2653 4147 qui
2702 4090 2882 4135 autem
2929 4097 3022 4138 eos
3065 4098 3254 4141 omnes
3277 4086 3436 4155 vidit,

1847 4175 2047 4235 prteter
2092 4165 2152 4220 S.
2205 4165 2457 4222 abbatem
2492 4168 2826 4238 Antonium;
2870 4183 2927 4230 et
2974 4175 3114 4232 dixit
3169 4187 3299 4235 tunc
3342 4180 3436 4237 ille

1845 4257 1938 4330 qui
1983 4273 2079 4314 eos
2128 4259 2228 4330 ipsi
2259 4263 2616 4317 ostenderat:
2645 4260 2747 4318 Ubi
2765 4274 2840 4319 est
2871 4265 3036 4335 Deus,
3068 4269 3139 4323 ibi
3165 4281 3238 4325 est
3268 4271 3433 4326 abbas

1844 4351 2127 4405 Antonius.
2167 4349 2449 4417 Quomodo
2481 4353 2615 4408 vidit
2646 4369 2835 4412 omnes
2888 4357 3101 4427 Patres,
3159 4370 3214 4416 ct
3262 4377 3434 4432 quare

1773 4419 1818 4474 Β
1848 4457 1952 4498 non
1987 4443 2119 4499 vidit
2151 4444 2402 4501 abbatem
2437 4444 2778 4504 Antonium?

2487 4559 2793 4632 Responsio.

1921 4650 2014 4706 Vel
2051 4652 2293 4708 senioris
2333 4653 2641 4711 intellectus
2671 4657 2722 4710 in
2767 4658 3072 4725 paradisum
3105 4671 3290 4731 raptus
3323 4674 3426 4728 est,

1844 4747 1898 4794 ct
1937 4741 2007 4795 ibi
2042 4742 2174 4796 vidit
2201 4741 2436 4809 Patres;
2474 4745 2556 4798 vel
2595 4744 2694 4811 ipsi
2732 4743 2920 4800 Patres
2951 4761 3215 4804 venerunt
3259 4753 3325 4806 ad
3359 4754 3425 4806 il-

1843 4831 1990 4901 lum;
2027 4834 2110 4888 vel
2145 4833 2368 4905 angelus
2403 4835 2642 4890 ostendit
2693 4835 2813 4892 illos
2865 4837 2963 4907 ipsi
3010 4843 3305 4896 secundum
3335 4861 3425 4899 or-

1846 4927 2001 4982 dines
2029 4927 2328 4982 visionum.
2353 4926 2468 4982 Non
2502 4937 2584 4982 est
2614 4937 2792 4984 autem
2831 4930 2981 4988 visus
3013 4933 3061 4988 ei
3111 4935 3276 4991 abbas
3308 4936 3423 4992 An-

1848 5018 2028 5073 tonius
2053 5019 2264 5073 duabus
2290 5016 2360 5074 de
2385 5019 2585 5083 causis,
2619 5028 2733 5075 tum
2757 5032 2977 5092 propter
2999 5027 3418 5093 magnitudinem

1843 5109 2069 5166 honoris
2103 5108 2160 5165 S.
2193 5109 2410 5167 abbatis
2437 5110 2681 5180 Antonii,
2708 5122 2819 5168 tum
2851 5122 2908 5169 ut
2932 5115 3310 5174 humiliaretur
3336 5135 3424 5175 sc-

1843 5204 1966 5260 nior
2010 5203 2120 5267 ille,
2156 5212 2211 5260 et
2245 5219 2350 5259 non
2391 5202 2678 5260 eii'erretur
2720 5207 2994 5274 superbia,
3030 5210 3172 5277 quod
3198 5209 3422 5267 vidisset

1843 5310 2034 5350 omnes
2055 5295 2265 5351 Patres.
2293 5292 2428 5350 Nam
2469 5309 2531 5351 ea
2564 5294 2769 5351 visione
2803 5294 3024 5352 Patrum
3057 5297 3317 5355 instruxit
3359 5301 3421 5355 il-

1842 5387 1951 5443 lum
1983 5385 2140 5453 Deus,
2184 5395 2242 5441 ut
2268 5385 2412 5458 ipsos
2449 5385 2775 5450 imitaretur,
2804 5385 2922 5456 ejus
2949 5386 3254 5457 adimplens
3276 5391 3419 5461 peti-

1841 5482 2066 5538 tionem.
2094 5479 2248 5547 Quod
2284 5493 2412 5537 vero
2442 5491 2547 5534 non
2578 5475 2839 5533 meruerit
2881 5474 3143 5532 visionem
3169 5477 3416 5550 Antonii,
