3990 6210
460 231 586 287 1)(31

1552 223 1827 280 PATRES
1869 221 2168 278 ᾸΞΕῩΡΤΙΙ
2205 221 2478 277 ΞΑΞΟΗΙΛ
2522 220 2608 276 IV.

3587 219 3721 275 10‘)!

452 351 596 406 ratio
631 346 748 412 fuit,
783 357 840 401 ιιι
877 354 1163 416 appareret.
1191 345 1434 402 defectus
1475 344 1730 408 senioris,
1763 357 1869 413 quo
1903 357 2029 397 eva-
2068 352 2113 407 Α
2143 342 2318 397 ederet
2354 350 2638 394 mercedem
2673 355 2841 392 suam.
2887 337 3145 392 Similiter
3192 354 3282 391 nos
3308 353 3510 407 quoque
3546 336 3723 390 divina

453 443 606 497 deret
641 441 952 512 superbiam
982 447 1036 494 et
1071 439 1471 493 lmmiliaretur.

1058 531 1408 601 Interrogatio
1419 569 1432 583 .

531 626 813 682 Profectus
856 633 940 680 est
976 623 1268 693 aliquando
1324 622 1496 676 abbas
1531 619 1856 674 Ammonius
1893 618 2042 689 virgo

456 722 522 775 ad
559 721 808 772 abbatem
845 715 1159 779 Antonium,
1191 725 1246 768 et
1276 713 1418 769 dixit
1458 713 1507 768 ei
1542 734 1555 768 ;
1598 711 1762 765 Video
1812 727 1892 765 me
1941 713 2041 765 ha-

457 816 572 868 bere
608 811 762 880 plura
798 827 976 879 opera,
1016 824 1174 879 quam
1229 819 1284 860 tu
1329 806 1520 869 habes;
1570 804 1830 874 quomodo
1881 805 2044 873 igitur

456 905 624 973 magis
673 901 973 971 evulgatum
1026 909 1101 954 est
1159 915 1344 953 nomen
1406 908 1557 951 tuum
1613 897 1749 948 inter
1786 895 2041 958 homines,

454 1011 614 1065 quam
660 994 878 1048 meum?
909 989 1212 1061 Respondit
1248 990 1322 1044 illi
1351 988 1619 1043 Antonius
1651 1003 1665 1038 :
1697 987 1837 1052 Quia
1879 986 2042 1056 diligo

459 1089 648 1152 Deum,
687 1085 803 1154 plus
829 1101 984 1155 quant
1012 1095 1089 1137 tu.
1121 1081 1404 1150 Quodnam
1437 1089 1523 1136 est
1561 1078 1689 1134 dicti
1727 1077 1885 1147 hujus
1917 1091 2044 1148 pro—

456 1180 690 1252 positum
709 1179 731 1233 ?

1093 1269 1400 1339 Responsio.

534 1370 644 1425 Nec
683 1368 850 1424 abbas
878 1365 1200 1421 Ammonius
1228 1365 1342 1418 suis
1379 1363 1646 1434 gloriatus
1682 1371 1766 1418 est
1803 1360 2044 1432 profecto

457 1463 735 1532 operibus,
788 1473 888 1514 nec
937 1473 1032 1513 sua
1075 1457 1245 1512 abbas
1287 1457 1558 1513 Antonius
1605 1455 1918 1518 dilectione,
1950 1453 2044 1510 sed

456 1569 648 1608 eorum
714 1551 846 1605 dicti
911 1547 963 1603 id
1015 1548 1349 1619 prepositum
1391 1547 1679 1603 fuit.Cum
1729 1546 1902 1601 sancti
1959 1544 2044 1601 isti

459 1645 619 1714 primi
668 1643 869 1698 fuerint
898 1642 1236 1696 institutores
1270 1639 1548 1710 regiminis
1597 1639 1955 1694 monacbatus
1988 1645 2044 1692 et

2144 448 2322 486 sumus
2357 431 2514 485 relati
2537 430 2950 499 dispensatione,
2973 429 3094 500 quia
3119 429 3273 482 initio
3324 444 3608 495 operemur
3639 428 3728 480 bo-

2143 539 2268 576 num
2301 522 2439 593 quod
2487 537 2592 574 non
2627 521 2878 585 ridemus,
2919 536 2981 574 ne
3015 520 3190 573 beatos
3227 535 3323 573 nos
3367 520 3512 586 ipsos
3538 519 3734 573 habea-

2142 631 2280 680 mus,
2305 623 2615 682 pereantque
2647 622 2922 681 prapterea
2950 626 3109 680 opera
3134 623 3346 675 nostra;
3382 611 3608 679 ideoque
3631 613 3732 662 ati-
3805 621 3815 632 ·

2142 706 2354 776 quando
2383 705 2439 759 in
2474 704 2718 758 sordidas
2747 703 3032 757 incidimus
3065 702 3410 771 cogitationes
3442 701 3644 760 solum.
3677 713 3730 752 ut

2142 810 2233 848 eas
2262 795 2493 850 uidentes
2529 803 2726 848 nosmet
2751 793 2892 864 ipsos
2944 792 3405 861 reprehendamus.
3435 789 3538 844 lla:
3561 801 3730 843 autem

2142 889 2375 943 sordida:
2421 888 2788 960 cogitationes,
2847 887 3054 941 modici
3101 887 3220 940 boni
3261 885 3404 954 quod
3449 901 3739 952 operantur

2144 988 2267 1032 sunt
2310 978 2676 1033 velamentum.
2717 977 2992 1048 Siquidem
3047 977 3199 1030 homo
3257 976 3348 1046 qui
3399 975 3739 1040 semetipsum

2145 1072 2506 1140 reprehendit,
2555 1087 2705 1126 suam
2763 1071 3058 1124 mercedem
3111 1084 3448 1139 nequaquam
3511 1068 3739 1120 amittit.

2147 1163 2370 1233 Expone
2397 1164 2552 1220 nobis
2592 1147 2724 1234 quid
2753 1162 2889 1218 lucri
2921 1172 3008 1217 est
3040 1161 3093 1214 in
3126 1163 3226 1216 hoc
3253 1159 3446 1214 dicto?

2786 1255 3090 1324 Responsio.
3439 1312 3443 1315 _

2216 1348 2271 1405 id
2302 1359 2525 1421 propter
2561 1365 2666 1404 non
2699 1357 2982 1404 merentur
3011 1361 3202 1402 omnes
3235 1345 3406 1400 sancti
3436 1344 3627 1398 videre
3657 1344 3746 1396 vi-

2145 1444 2362 1510 siones;
2414 1459 2591 1516 neque
2641 1444 2784 1513 quod
2837 1452 3135 1513 Operantur
3182 1443 3404 1504 bonum,
3436 1449 3492 1494 et.
3520 1449 3749 1508 paratas

2146 1537 2540 1606 promissiones
2573 1535 2762 1592 vident
2803 1535 3185 1605 spiritualiter,
3225 1534 3328 1589 etsi
3378 1533 3645 1599 operibus
3692 1542 3748 1584 et

2147 1628 2440 1684 virtutibus
2489 1628 2598 1682 sint
2650 1627 3096 1683 cumulatissimi.
3139 1625 3201 1678 Et
3241 1639 3373 1679 sane
3428 1639 3537 1677 non
3592 1623 3748 1691 quod

458 1711 727 1793 incolatus
772 1735 1097 1800 solitudinis,
1126 1733 1191 1787 ad
1229 1732 1459 1787 invicem
1513 1733 1828 1803 perquirere
1876 1731 2048 1785 inteu-
2079 1711 2120 1766 η
2155 1719 2298 1776 Deus
2331 1735 2520 1774 eorum
2551 1734 2654 1773 ιιοη
2689 1716 2905 1772 lenimur
2935 1716 3256 1778 νίτιιιιὶὺιιε,
3289 1723 3346 1768 οι
3374 1712 3639 1783 operibus
3669 1713 3747 1764 εἰ·

460 1828 678 1893 debaut,
707 1836 762 1881 et
786 1827 891 1882 hoc
917 1826 1171 1881 omnibus
1196 1824 1411 1894 aperire
1446 1822 1730 1878 monachis
1753 1825 2046 1877 documen-

462 1931 598 1984 tum,
636 1919 777 1990 quod
820 1917 1028 1973 scilicet
1069 1916 1312 1987 regimen
1356 1915 1666 1969 intellectus
1697 1912 2049 1984 priestantius

460 2012 533 2066 sit
564 2011 822 2080 operibus
867 2008 1138 2078 corporis.
1180 2006 1427 2076 Namque
1463 2006 1772 2061 intellectus
1805 2004 2045 2074 regimen

460 2104 647 2173 dirigit
693 2102 1010 2170 extollitque
1064 2098 1315 2154 monachi
1375 2107 1611 2152 mentem
1664 2098 1731 2150 ad
1786 2095 2046 2150 altissima

464 2197 556 2252 Dei
593 2196 796 2250 amoris
823 2211 838 2260 ;
871 2207 1066 2264 nempe
1093 2193 1284 2262 dignus
1315 2189 1548 2246 edicitur
1576 2189 1784 2245 visione
1815 2185 2048 2242 manife-

462 2290 713 2346 stationis
736 2288 853 2356 ejus
895 2288 946 2340 in
987 2285 1212 2340 lumine.
1247 2283 1422 2354 Opera
1457 2282 1675 2352 quidem
1744 2279 2049 2350 corporalia

462 2382 787 2437 monachum
827 2395 855 2432 a
891 2377 1236 2448 passionibus
1275 2373 1524 2444 corporis
1582 2372 1886 2435 vindicant,
1919 2385 2052 2426 con-

465 2475 685 2530 ﬁrmant
711 2473 762 2527 in
793 2470 1110 2534 virtutibus,
1140 2469 1308 2523 robur
1339 2467 1571 2521 afferunt
1603 2468 1670 2520 ad
1701 2463 2052 2532 cxpellendas

461 2564 956 2636 concupiscentias,
996 2569 1051 2618 et
1094 2559 1311 2630 corpori
1345 2558 1547 2613 addunt
1577 2555 1892 2626 puritatem.
1921 2551 2054 2608 Cer-

465 2669 646 2712 tamen
669 2670 799 2710 vero
829 2652 1135 2708 intellectus
1168 2659 1404 2705 mentem
1440 2647 1761 2702 corroborat
1789 2643 2053 2697 adversus

465 2746 733 2811 diabolus,
759 2756 812 2800 et
844 2743 1201 2814 cogitationes
1241 2741 1307 2795 ab
1343 2739 1429 2793 bis
1453 2737 1830 2800 subinductas,
1869 2744 1923 2790 et
1956 2749 2055 2804 pu-

474 2839 690 2893 ritatem
723 2833 1041 2891 reconciliat
1086 2833 1288 2895 cordis,
1318 2829 1459 2899 quod
1508 2833 1672 2883 robur
1695 2842 1724 2881 a
1766 2827 2054 2882 dilectione

466 2929 718 2998 acquirit,
745 2940 800 2982 et
828 2927 1047 2994 dignum
1076 2924 1307 2979 eﬂicitur
1331 2920 1598 2992 spirituali
1623 2919 1910 2990 regimine.
1943 2919 2054 2972 Nec

464 3021 643 3076 omnis
665 3019 960 3074 virtutibus
986 3016 1195 3088 prmditi
1225 3023 1278 3071 et
1310 3014 1586 3084 diligentis
1619 3012 1927 3076 Dominum,
1954 3027 2053 3065 ne-
2079 3047 2124 3107 ο

464 3131 619 3172 cesso
643 3124 724 3170 est
759 3115 958 3169 famam
994 3113 1139 3167 inter
1164 3111 1413 3168 homines
1469 3107 1765 3179 divulgari;
1799 3123 1920 3160 nam
1955 3109 2051 3161 ab-

470 3209 566 3263 bas
612 3207 814 3261 Paulus
863 3206 1117 3276 princeps
1168 3204 1546 3269 eretnitarum,
1576 3213 1632 3256 et
1658 3204 2049 3256 monachorum

468 3296 861 3366 primogenitus
893 3299 1077 3364 (quem
1115 3295 1282 3349 abbas
1308 3294 1577 3348 Antonius
1612 3293 1783 3347 Eliam
1822 3293 2052 3363 prapbe-

469 3395 579 3436 tam
618 3383 912 3452 aliquando
961 3381 1271 3452 appellavit,
1301 3381 1598 3450 aliquando
1643 3378 1912 3434 Joannem
1944 3379 2052 3434 Ba-

470 3475 715 3543 plistant,
766 3471 990 3526 Paulum
1077 3473 1380 3540 apostolum
1437 3469 1770 3540 aliquando),
1814 3471 2052 3548 quandiu

471 3567 626 3631 vixit,
668 3564 976 3620 hominibus
1018 3563 1244 3618 minime
1282 3563 1536 3619 innotuit.
1575 3561 1793 3629 Verum,
1845 3573 1904 3617 ut
1939 3565 2052 3633 jam

470 3658 606 3722 dixi,
639 3657 730 3712 isti
764 3656 868 3710 duo
896 3653 1093 3710 Patres
1137 3656 1454 3726 perquirere
1498 3654 1788 3710 voluerunt
1818 3656 1885 3711 ab
1917 3656 2056 3710 iuvi—

469 3768 610 3815 eem,
650 3761 857 3819 nosque
885 3747 1100 3814 docere,
1140 3748 1412 3818 quodnam
1463 3747 1700 3818 regimen
1735 3748 1840 3804 alio
1871 3750 2054 3804 excel-

472 3841 585 3896 sius
616 3839 687 3894 sit
715 3857 730 3907 ;
763 3839 1067 3910 corporale,
1113 3854 1180 3894 an
1215 3839 1516 3909 spirituale,
1542 3841 1684 3910 quod
1717 3850 1799 3897 est
1828 3841 2054 3896 interius

474 3935 757 4002 latensque
815 3943 1094 3988 certamen
1135 3933 1358 3999 mentis,
1400 3943 1451 3988 et
1498 3935 1615 3989 sine
1657 3935 2057 3990 intermissione

472 4029 648 4083 oratio
677 4041 740 4080 ac
769 4025 1050 4080 meditatio
1085 4023 1209 4092 Dei;
1242 4039 1360 4095 quae
1386 4041 1508 4080 eum
1533 4035 1904 4080 consummata
1939 4026 2055 4082 fue-

478 4122 606 4187 rint,
635 4120 850 4174 elevant
889 4118 1224 4173 intellectum
1271 4118 1517 4172 monachi
1547 4118 1613 4174 ad
1642 4118 1884 4188 spiritale
1912 4119 2057 4189 regi-

477 4232 622 4278 men,
651 4215 794 4285 quod
839 4222 920 4269 est
951 4211 1212 4283 spiritalis
1245 4211 1440 4276 oratio,
1477 4212 1762 4266 admiratio
1790 4212 1908 4277 Dei,
1941 4212 2057 4282 ejus

475 4307 636 4372 visio,
668 4313 721 4360 et
747 4303 961 4358 Domini
1013 4303 1185 4356 nostri
1221 4301 1314 4356 Dei
1347 4301 1528 4371 glorim
1561 4300 1949 4368 rnaniiestatio,
1971 4301 2053 4356 cui

480 4401 596 4455 laus
630 4400 680 4453 in
720 4397 915 4452 szecula
942 4395 1284 4450 saeculorum.
1316 4395 1508 4449 Amen.

1078 4482 1448 4552 Interrogatio.

551 4579 693 4635 Dixit
814 4576 984 4632 abbas
1015 4574 1303 4637 Antonius,
1334 4573 1477 4643 quod
1513 4571 1658 4627 Deus
1693 4588 1799 4628 non
1835 4576 2063 4644 permit-

481 4676 546 4729 tit
594 4671 810 4728 diabolo
863 4669 1033 4724 ardua
1083 4665 1222 4721 bella
1271 4663 1474 4720 inferre
1519 4666 1855 4737 generationi
1913 4667 2060 4732 huic,

481 4766 606 4838 quia
648 4766 859 4819 inlirma
889 4772 992 4818 est.

1123 4851 1426 4921 Responsio.

555 4951 698 5008 Deus
721 4948 938 5020 quidem
973 4945 1132 5017 hujus
1154 4946 1444 5002 miseretur
1473 4944 1841 5016 generationis
1875 4962 1888 5000 :
1926 4959 2064 5015 qua-

484 5058 545 5100 re
573 5059 691 5098 eam
720 5041 840 5112 plus
873 5039 1040 5095 nimio
1072 5039 1251 5109 urgeri
1278 5052 1307 5093 a
1338 5037 1566 5094 diabolis
1590 5037 1812 5093 minime
1843 5039 2068 5108 permit-

488 5137 570 5201 tit,
607 5135 734 5206 quia
765 5148 866 5189 nos
895 5131 1078 5187 delicit
1122 5129 1272 5185 calor
1300 5129 1609 5196 cbaritatis,
1637 5139 1690 5184 et
1722 5129 1930 5184 amoris
1967 5129 2068 5183 bo-

487 5239 679 5280 norum
708 5237 967 5296 operum;
1000 5221 1227 5292 ideoque
1257 5220 1542 5276 remissius
1586 5237 1686 5278 nos
1730 5221 1929 5276 diaboli
1973 5236 2070 5290 op-

487 5328 728 5390 pugnant
770 5317 840 5375 ob
885 5316 1314 5373 imbecillitatem
1360 5326 1625 5381 nostram,
1655 5325 1710 5370 et
1749 5315 2065 5371 dissolutio-

489 5425 612 5465 nem
620 5448 635 5465 ο

1093 5498 1464 5569 Interrogatio.

559 5591 698 5656 Quid
727 5601 810 5647 est
834 5591 983 5658 illud,
1023 5593 1167 5662 quod
1219 5593 1355 5648 dixit
1383 5592 1551 5648 abbas
1592 5593 1903 5649 Antonius:
1944 5594 2066 5652 Nisi

482 5671 709 5740 iumenti
731 5683 918 5741 velaret
949 5683 1126 5742 oculos
1151 5685 1382 5750 molitor,
1408 5695 1806 5756 converteretur,
1825 5698 1871 5742 et
1921 5704 2068 5743 com-

2151 1811 2204 1866 bi
2267 1811 2604 1880 cmuplaceat
2651 1809 2844 1866 :absit
2893 1819 2950 1862 ut
2997 1808 3238 1877 Optimus
3299 1805 3458 1858 bonis
3511 1813 3751 1858 servata:

2153 1901 2422 1955 mercedis
2452 1901 2751 1969 quidquam
2795 1899 3106 1953 diminuat!
3143 1888 3237 1952 sed
3278 1896 3334 1950 id
3358 1894 3507 1960 facit,
3548 1908 3616 1946 ne
3643 1909 3744 1947 su-

2151 1995 2336 2063 perbia
2373 1993 2694 2059 oderantur,
2730 2004 2783 2048 et
2817 1994 2990 2047 virtus
3027 2007 3217 2046 eorum
3269 2000 3456 2061 pereat
3493 1990 3747 2058 penitus,

2151 2096 2203 2140 et
2233 2086 2436 2154 paratis
2465 2087 2806 2155 servatisque
2839 2087 2919 2140 eis
2951 2085 3234 2154 priventur
3267 2083 3436 2148 bonis,
3469 2095 3535 2135 ac
3568 2080 3753 2134 alieni

2152 2177 2460 2234 eﬂieiantur
2489 2194 2517 2232 a
2547 2179 2722 2247 gratia
2756 2178 2868 2234 Dei.
2889 2177 3256 2245 Quamobrem
3287 2175 3383 2230 etsi
3410 2181 3753 2243 operatores

2153 2274 2266 2328 sint
2306 2283 2613 2343 navemque
2661 2288 2882 2343 operam
2928 2272 3225 2327 virtutibus
3254 2310 3269 2333 ,
3320 2279 3372 2324 et
3419 2283 3515 2323 eos
3562 2277 3755 2322 servet

2156 2366 2327 2432 Deus;
2355 2367 2624 2434 permittit
2675 2375 2853 2420 tamen
2887 2365 3206 2435 aliquando,
3238 2373 3294 2418 ut
3325 2378 3420 2419 eos
3444 2360 3758 2432 corripiant

2157 2459 2449 2524 daemones,
2481 2469 2537 2514 et
2567 2459 2810 2530 iujiciant
2844 2459 2925 2515 eis
2948 2459 3198 2514 sordidas
3244 2457 3630 2528 cogitationes,
3661 2465 3755 2508 aut

2159 2552 2428 2616 timorem,
2480 2563 2575 2607 aut
2628 2553 2841 2623 ﬂagella
2895 2563 2953 2606 ttt
3007 2567 3160 2608 suam
3216 2557 3520 2623 agnoscant
3575 2549 3756 2604 imbe-

2158 2645 2462 2711 cillitatem,
2497 2655 2551 2701 et
2581 2646 2682 2701 sibi
2723 2661 2941 2715 semper
2972 2654 3227 2709 caveant;
3266 2660 3389 2699 nam
3421 2643 3668 2714 quandiu
3700 2644 3753 2696 in

2159 2739 2356 2793 nmndo
2387 2740 2704 2809 superstites
2751 2746 2899 2805 sunt,
2940 2739 3047 2794 vita
3101 2753 3289 2794 eorum
3325 2737 3601 2792 versatilis
3644 2750 3753 2790 est.

2157 2829 2624 2896 Quemadmodum
2679 2843 2859 2887 autem
2905 2834 3146 2902 ipsorum
3180 2846 3407 2902 operum
3439 2846 3641 2900 seopus
3673 2843 3758 2885 est

2158 2922 2439 2978 meditatio
2482 2924 2629 2990 boni,
2667 2924 2810 2994 quod
2859 2925 2970 2979 illis
3020 2934 3300 2980 servatum
3347 2933 3434 2979 est
3483 2941 3583 2995 pro
3622 2926 3756 2994 ipsis

2157 3015 2432 3085 operibus,
2466 3025 2520 3071 et
2553 3017 2832 3072 meditatio
2858 3017 3004 3088 iugis
3028 3019 3210 3087 operis
3228 3019 3295 3072 ad
3332 3019 3750 3088 acqnisitionem

2159 3107 2286 3162 boni
2318 3125 2332 3162 :
2360 3108 2434 3163 ita
2460 3108 2744 3164 meditatio
2777 3125 3002 3165 suorum
3039 3111 3348 3165 defectuum
3377 3126 3444 3165 ac
3475 3112 3756 3181 impoten-

2160 3199 2249 3253 tia:
2281 3211 2522 3256 removet
2558 3200 2677 3254 illos
2710 3217 2740 3255 a
2771 3202 3049 3272 superbia,
3083 3209 3138 3257 et
3155 3201 3338 3264 edicit,
3367 3213 3425 3256 ut
3458 3219 3622 3258 omne
3653 3205 3758 3257 Im-

2159 3291 2410 3346 militatis
2463 3293 2802 3346 meditentur
2859 3308 3050 3362 genus,
3113 3302 3453 3364 caveantquc
3501 3294 3630 3357 sibi,
3691 3313 3758 3349 ne

2160 3397 2314 3437 suam
2361 3383 2612 3438 amittant
2653 3385 2907 3441 virtutem
2954 3400 3022 3442 eo
3077 3399 3343 3457 tempore,
3387 3403 3494 3458 quo
3549 3391 3752 3459 dltplvt

2161 3475 2415 3545 gaudium
2467 3485 2593 3531 sunt
2638 3479 2985 3534 consecuturi
3035 3495 3067 3534 a
3121 3480 3352 3536 Domino
3396 3491 3589 3538 nostro
3621 3482 3756 3538 Jesu

2161 3566 2382 3624 Christo
2405 3567 2460 3624 in
2493 3583 2668 3641 regno
2698 3571 2964 3628 cmlorum
2992 3572 3108 3628 sine
3150 3573 3278 3629 line.

2768 3664 3144 3737 Interrogatio.

2242 3751 2395 3808 Venit
2441 3755 2612 3810 abbas
2657 3755 2896 3811 Ellenius
2932 3772 2962 3812 e
3005 3757 3161 3828 Syria
3201 3760 3266 3813 ad
3295 3759 3550 3814 abbatem
3583 3762 3752 3814 Anto-

2165 3843 2344 3910 nium;
2379 3846 2462 3900 cui
2498 3846 2614 3899 viso
2655 3847 2794 3901 dixit
2841 3848 3011 3902 abbas
3055 3849 3360 3904 Antonius:
3395 3851 3540 3905 Bene
3583 3857 3759 3907 venias

2163 3937 2311 3990 sidus
2349 3938 2694 4002 matutinum,
2722 3941 2860 4009 quod
2907 3957 3058 3996 mane
3104 3945 3296 3996 oritur.
3327 3942 3425 3997 Cui
3467 3948 3750 4011 reSpoudit

2166 4028 2333 4083 abbas
2363 4029 2603 4085 Ellenius
2629 4048 2642 4084 :
2671 4029 2824 4086 Salve
2863 4045 2919 4086 tu
2959 4049 3195 4103 quoque,
3219 4033 3464 4089 columna
3510 4038 3752 4098 lumims,

2164 4136 2282 4190 qua!
2310 4121 2486 4176 orbant
2523 4131 2785 4177 terrarum
2820 4123 3106 4181 decoravit.
3142 4126 3274 4192 Quis
3326 4137 3410 4180 est
3463 4130 3568 4183 iste
3614 4130 3754 4183 Elle-

2167 4209 2321 4264 nius?
2347 4220 2400 4264 et
2433 4227 2530 4266 cur
2564 4211 2638 4266 ita
2668 4212 2816 4267 illum
2846 4215 3036 4269 beatus
3064 4215 3389 4285 appellavit?

2799 4303 3107 4372 Responsio.

2092 4409 2140 4468 ι)
2240 4392 2482 4449 Ellenius
2511 4396 2613 4452 iste
2644 4407 2763 4452 erat
2789 4400 3127 4467 temporibus
3166 4400 3225 4455 S.
3252 4401 3476 4459 Antonii
3517 4405 3756 4468 abbatis.

2167 4497 2220 4542 et
2241 4488 2468 4558 aequalis
2487 4489 2585 4556 ipsi
2609 4489 2777 4558 gradu
2806 4500 2860 4544 et
2887 4493 3162 4561 operibus.
3186 4492 3338 4549 llunc
3362 4496 3762 4550 Constantinus

2167 4580 2462 4648 imperator
2492 4581 2665 4635 vietor
2717 4582 2954 4637 laudavit
2991 4584 3176 4639 dicens
3213 4601 3228 4638 :
3264 4584 3477 4640 Gratias
3502 4604 3604 4656 ago
3643 4589 3758 4642 Do-

2165 4672 2306 4725 mino
2341 4671 2568 4736 Christo,
2618 4675 2757 4744 quod
2807 4675 2909 4728 tria
2961 4676 3138 4730 dirina
3189 4677 3468 4732 luminaria
3529 4682 3645 4735 sint
3705 4684 3759 4734 iu

2170 4763 2345 4818 diebus
2373 4766 2523 4829 meis,
2557 4765 2754 4820 scilicet
2789 4765 2852 4821 Β.
2877 4767 3037 4823 abbas
3084 4769 3364 4838 Antonius,
3399 4771 3560 4825 abbas
3605 4772 3755 4827 Elle-

2167 4857 2286 4911 nius
2319 4866 2367 4912 et
2394 4857 2553 4912 abbas
2585 4858 2876 4915 Euchinus.
2915 4861 3006 4916 Isti
3057 4864 3204 4918 enim
3233 4866 3530 4921 monachos
3561 4881 3753 4922 Omnes

2169 4949 2260 5020 qui
2294 4965 2360 5005 eo
2395 4961 2637 5021 tempore
2675 4955 2930 5009 vivebant
2967 4957 3188 5026 notique
3220 4968 3403 5021 erant,
3434 4958 3596 5031 longe
3626 4977 3752 5030 pne-

2169 5043 2456 5100 cellebant.
2510 5046 2641 5101 Eum
2675 5057 2852 5104 autem
2909 5052 3197 5119 appellavit
3259 5055 3426 5108 abbas
3488 5055 3752 5108 Antonius

2169 5136 2316 5191 sidus
2349 5140 2668 5192 matutinum
2697 5141 2766 5195 ob
2801 5157 3055 5211 magnum
3104 5144 3344 5214 regimen
3376 5185 3388 5207 ,
3415 5147 3540 5215 quia
3568 5161 3752 5217 quem-

2170 5230 2460 5285 admodum
2512 5234 2839 5287 matutinum
2897 5233 3049 5290 sidus
3087 5247 3288 5291 cratera
3320 5238 3502 5290 sidera
3544 5240 3753 5306 magni-

2173 5320 2360 5375 tudine
2389 5331 2445 5376 el
2480 5320 2681 5377 lumine
2717 5324 2996 5394 prccccllit,
3035 5326 3105 5379 ita
3148 5329 3317 5382 abbas
3343 5328 3584 5383 Ellenius
3621 5346 3745 5400 pras-

2169 5411 2401 5468 cellebat
2439 5413 2643 5469 lumine
2691 5417 2882 5485 gratiae
2933 5417 3171 5487 reliquos
3210 5435 3402 5474 omnes
3458 5426 3752 5475 monachos

2171 5503 2290 5572 ejus
2337 5506 2618 5574 temporis.
2659 5504 2864 5564 Volens
2914 5519 3096 5564 autem
3149 5510 3236 5564 ille
3293 5527 3518 5582 quoque
3568 5524 3749 5567 notum

2173 5591 2352 5649 facere
2391 5597 2571 5652 abbati
2601 5596 2857 5664 Antonio,
2903 5600 3045 5671 quod
3073 5601 3295 5658 minime
3327 5619 3387 5659 se
3419 5604 3614 5661 lateret
3644 5619 3753 5658 ma-

2175 5687 2396 5757 gnitudo
2425 5687 2540 5759 ejus
2569 5690 2849 5761 regiminis
2882 5704 2937 5748 et
2970 5693 3190 5752 luminis
3223 5695 3417 5769 gloria,
3468 5697 3754 5769 appellavit
