3990 6210
319 254 339 309 1
351 254 456 314 093

1080 257 1138 312 S.
1181 257 1457 314 ANTONII
1493 259 1560 314 Μ.
1598 259 1888 314 ABBATIS
1925 259 2444 318 RESPON510NES
2471 263 2808 329 QUxEDA-ll.

3420 281 3550 337 l09i

309 381 428 420 eum
454 365 747 420 columnam
788 365 1001 422 lttrniuis
1026 385 1142 438 qtae
1190 373 1452 428 decoravit
1485 376 1657 429 orbem
1708 387 1869 430 terra-
1913 382 1958 438 Λ
1991 378 2128 443 loca,
2156 379 2530 435 existimantes
2563 395 2622 435 se
2670 383 2904 451 requiem
2940 396 3192 442 nacturos
3227 405 3255 442 a
3300 398 3578 452 certami-.

309 476 444 514 rum.

907 555 1279 627 Interrogatio.

381 649 525 703 Dixit
565 649 735 704 abbas
773 649 1038 702 Antonius
1066 664 1078 699 :
1107 647 1236 701 Ideo
1271 665 1371 702 non
1397 648 1720 717 proﬁcimus,
1747 650 1872 715 quia

307 744 536 807 gradum
578 749 625 792 et
665 739 896 792 ordinem
955 749 1190 791 nostrum
1239 738 1448 790 minime
1497 739 1873 808 cognoscimus,

309 847 470 898 neque
502 829 839 900 intelligimus
870 845 987 896 qua:
1032 829 1367 899 aggredimur
1398 844 1576 895 opera,
1623 834 1711 882 sed
1765 831 1876 884 sine

307 922 483 975 labore
506 921 740 976 virtutem
768 922 1010 990 consequi
1037 920 1293 973 volumus.
1325 918 1465 972 Nam
1495 922 1697 989 quoties
1731 921 1874 975 vitle-

307 1028 422 1066 mus
453 1013 751 1066 certaminis
786 1013 1119 1067 tentationem
1167 1012 1220 1064 in
1250 1013 1361 1064 loco
1397 1013 1464 1064 atl
1506 1027 1654 1079 quem
1705 1013 1874 1066 vocati

306 1119 504 1166 smnus,
527 1104 595 1155 ad
619 1104 780 1157 alium
819 1104 1276 1173 transtnigramus,
1311 1102 1673 1156 existimantes
1701 1103 1873 1155 locum

305 1208 414 1247 esse
433 1193 657 1260 aliouem
679 1195 731 1247 in
751 1210 851 1262 quo
869 1211 969 1248 non
996 1195 1059 1247 sit
1085 1193 1343 1247 diabolus.
1366 1191 1466 1257 Qui
1491 1192 1629 1244 norit
1659 1192 1871 1257 bellum,

305 1295 601 1341 constanter
633 1288 684 1336 in
711 1283 818 1337 Deo
855 1285 1115 1347 decertat;
1143 1282 1390 1351 quoniam
1421 1280 1671 1334 Dominus
1702 1297 1876 1334 noster

304 1377 438 1430 dixit
465 1390 484 1428 :
523 1372 710 1443 Utique
730 1391 941 1442 regnum
965 1373 1061 1428 Dei
1089 1375 1140 1428 in
1166 1375 1306 1428 vobis
1329 1383 1403 1426 est
1422 1373 1490 1424 ³⁸.
1523 1373 1662 1439 Quid
1703 1373 1873 1442 signi-

309 1465 431 1518 licat
459 1463 542 1518 his
570 1463 788 1516 verbis?

579 1605 582 1608 .
934 1553 1232 1622 Responsio.

374 1648 504 1715 Ejus
526 1649 816 1705 verborum
848 1648 894 1703 is
921 1663 1112 1704 sensus
1147 1657 1251 1703 est.
1269 1648 1424 1714 Quod
1455 1648 1665 1706 scilicet
1694 1659 1870 1706 trans-

1987 469 2143 530 nibus
2181 480 2234 525 et
2269 472 2521 524 solatium
2554 488 2584 524 a
2645 474 3083 541 cogitationibus,
3123 481 3558 550 transmigrandn

1982 561 2048 614 de
2085 579 2188 615 uno
2213 563 2266 616 in
2299 563 2460 616 alium
2504 564 2700 630 locum,
2729 575 2786 620 et
2811 567 2874 620 de
2911 583 3015 622 una
3069 569 3121 622 in
3174 571 3334 625 aliam
3379 576 3559 640 regin-

1983 668 2122 706 ncm.
2163 653 2521 720 Quamobrem
2547 657 2907 725 persistannis
2955 658 3007 714 in
3045 660 3175 716 locis
3224 666 3465 730 nostris;
3501 677 3560 722 (ἰ

1982 744 2025 796 si
2081 753 2353 798 certamen
2401 745 2484 798 vel
2539 747 2768 801 tentatio
2813 764 2911 803 nos
2940 750 3315 820 aggrediatur,
3343 753 3563 824 jejuac~

1983 850 2122 897 mus.
2173 851 2426 902 oremus,
2484 852 2622 907 genu
2659 837 2957 908 ﬂectamus,
3014 841 3327 911 adoremus,
3365 858 3550 900 nostra

1981 929 2252 995 pulsemus
2283 937 2499 997 pectora
2537 943 2719 984 coram
2767 946 2928 986 cruce
2978 933 3188 992 Domini
3227 937 3395 992 nostri
3427 976 3442 1001 ,
3499 945 3560 990 et

1979 1018 2236 1088 lacrymis
2265 1021 2552 1088 cordisque
2584 1020 2768 1075 dolore
2811 1025 3140 1092 postulemus
3166 1044 3322 1098 opem
3353 1028 3421 1082 ab
3462 1028 3554 1081 illo

1977 1119 2031 1166 et
2061 1111 2290 1166 Salutem
2318 1128 2334 1175 ;
2363 1113 2616 1180 quoniam
2645 1115 2788 1167 onmi
2826 1125 3065 1184 tempore
3101 1121 3254 1174 nobis
3286 1121 3459 1185 adest,
3496 1130 3549 1175 et

1978 1204 2030 1256 in
2061 1204 2214 1258 nobis
2265 1204 2487 1258 habitat.
2525 1203 2795 1274 Scriptura
2845 1209 2986 1261 enim
3022 1221 3104 1263 est
3137 1229 3153 1268 :
3188 1210 3444 1266 Dominus
3471 1222 3552 1265 est

1973 1310 2134 1362 prape
2155 1296 2404 1348 contritas
2441 1297 2615 1360 corde,
2671 1307 2716 1350 et
2751 1298 2970 1352 humiles
3019 1303 3209 1368 spiritu
3265 1302 3450 1356 liberat
3480 1303 3551 1348 ³⁸.

1977 1385 2122 1439 Dixit
2171 1400 2385 1456 quoque
2440 1387 2697 1441 Dominus
2752 1402 2934 1443 uoster
2967 1405 2980 1442 :
3013 1389 3244 1460 Regnum
3279 1393 3374 1446 Dei
3408 1395 3552 1449 intra

1975 1491 2060 1527 vos
2092 1484 2167 1528 est
2198 1475 2266 1540 ³⁸,
2306 1475 2356 1529 id
2391 1484 2497 1538 est,
2539 1476 2590 1529 in
2623 1477 2773 1530 vobis
2820 1478 3021 1533 habito.
3072 1481 3310 1550 Regnum
3353 1484 3550 1552 quipp:

1977 1566 2067 1621 Dei
2101 1577 2182 1622 est
2204 1567 2450 1622 Christus
2480 1567 2559 1639 (ut
2591 1568 2782 1622 asserit
2807 1582 3025 1626 sanctus
3066 1571 3418 1641 Macharius),
3449 1577 3539 1642 qui

1977 1656 2027 1708 in
2061 1658 2213 1713 nobis
2239 1673 2453 1726 seraper
2482 1658 2706 1714 habitat.
2739 1660 2934 1716 Beatus
2961 1678 3171 1731 quoque
3201 1663 3399 1718 Paulus
3429 1665 3538 1718 ait:

304 1741 596 1811 migramus
635 1742 704 1797 de
738 1741 858 1796 loco
889 1741 942 1796 in
981 1741 1178 1806 locum,
1211 1741 1276 1795 ad
1309 1743 1656 1811 qmcrendum
1694 1743 1868 1798 locum
1905 1720 1942 1772 Β
1978 1745 2230 1812 Nescitis,
2270 1749 2394 1816 quia
2429 1746 2664 1800 Christus
2692 1747 2889 1802 habitat
2932 1720 2993 1803 iii
3028 1720 3170 1805 vobis
3199 1751 3282 1804 ³τῖ
3308 1753 3416 1806 Nec
3457 1752 3508 1804 ill
3537 1771 3546 1795 τ

299 1834 534 1903 aliquem
564 1834 614 1888 in
649 1849 755 1904 quo
783 1849 888 1890 non
916 1835 984 1889 sit
1009 1834 1280 1899 diabolus;
1322 1849 1446 1888 cum
1470 1849 1600 1890 vero
1629 1834 1874 1889 videmus

300 1928 618 1983 certaminis
669 1927 1021 1983 tentationem
1065 1942 1130 1983 eo
1177 1927 1338 1982 etiam
1381 1927 1584 1984 inloco
1619 1928 1684 1982 ad
1713 1942 1870 1996 quem

300 2031 401 2073 nos
425 2017 768 2086 contulimus,
808 2019 916 2074 alio
950 2020 1317 2075 concedimus.
1353 2021 1423 2073 At
1452 2019 1540 2089 qui
1580 2020 1726 2073 novit
1763 2019 1875 2073 bel-

301 2109 430 2174 lum,
459 2109 532 2164 ibi
581 2109 636 2163 in
677 2108 786 2165 Deo
817 2109 1078 2174 decertat,
1109 2111 1220 2165 ncc'
1250 2110 1411 2166 alium
1442 2111 1635 2180 qumrit
1671 2110 1869 2165 locum.

297 2201 506 2256 Asscrti
537 2209 715 2255 autem
749 2200 891 2256 illius
941 2201 1152 2257 Domini
1186 2202 1355 2257 nostri
1385 2219 1400 2255 :
1430 2201 1622 2272 Utique
1655 2218 1872 2271 regnum

298 2289 397 2345 Dei
433 2291 486 2344 in
504 2291 642 2345 vobis
662 2301 758 2358 est,
781 2295 824 2346 is
849 2301 932 2347 est
961 2307 1180 2356 sensus,
1220 2293 1363 2362 quod
1396 2307 1588 2362 nempe
1629 2302 1873 2359 Oporteat

299 2387 359 2433 ut
397 2393 494 2433 nos
543 2379 789 2434 monachi
836 2381 927 2450 qui
967 2396 998 2436 e
1049 2381 1249 2436 mundo
1296 2382 1498 2450 egressi
1551 2396 1773 2445 sumus,
1819 2391 1874 2438 et

296 2482 516 2524 crucem
563 2471 892 2540 portavimus
942 2482 1181 2526 nostram
1229 2471 1382 2541 juxta
1429 2472 1635 2526 Domini
1698 2473 1866 2528 nostri

299 2568 662 2630 praeceptum,
697 2568 750 2616 et
781 2561 1004 2632 vestigia
1037 2560 1154 2629 ejus
1185 2562 1356 2618 secuti
1402 2578 1623 2626 sumus,
1677 2564 1728 2618 in
1762 2580 1870 2620 uno

297 2667 707 2720 permaneamus
763 2651 924 2720 loco,
976 2662 1035 2709 et
1086 2653 1154 2708 de
1210 2663 1515 2709 nostrarum
1568 2654 1868 2710 animarum

294 2743 464 2798 simus
487 2743 700 2797 solliciti
736 2743 929 2808 salute,
960 2757 1024 2798 ac
1049 2754 1243 2820 cuncta
1289 2743 1652 2800 sustineamus
1689 2754 1868 2800 certa-

293 2834 460 2887 mina.
488 2833 712 2901 l‘mpter
743 2835 836 2890 Dei
869 2850 1107 2890 amorem
1156 2835 1384 2905 ejusque
1428 2835 1865 2905 adimpletionem

291 2922 588 2979 voluntatis
615 2939 732 2994 quze
770 2924 822 2978 in
872 2925 1039 2994 ipsius
1077 2935 1471 2995 praeceptorum
1513 2926 1861 2982 observantia

1978 1838 2028 1890 in
2063 1837 2218 1892 nobis
2254 1838 2462 1892 habitat
2497 1840 2801 1904 duntaxat,
2833 1841 2927 1894 sed
2978 1856 3076 1896 nos
3123 1857 3335 1911 quoque
3363 1843 3414 1896 in
3456 1843 3547 1897 illo

1976 1943 2274 1992 manemus,
2320 1941 2375 1983 ut
2425 1931 2536 1999 ipse
2572 1935 2644 1986 ait
2678 1950 2690 1986 :
2730 1931 2935 1986 Manete
2965 1949 3018 1986 tn
3051 1949 3149 1999 me,
3185 1943 3230 1986 et
3257 1951 3345 2003 ego
3371 1934 3422 1986 in
3453 1951 3535 1986 vo-

1976 2019 2053 2072 bis
2083 2019 2148 2073 ³⁸.
2178 2019 2374 2074 Beatus
2413 2021 2541 2076 item
2571 2024 2706 2078 dixit
2751 2023 2916 2077 David
2950 2042 2966 2078 :
3009 2025 3135 2078 Esto
3164 2026 3292 2078 milti
3331 2025 3538 2078 habita-

1973 2107 2171 2171 culum,
2213 2109 2280 2162 ad
2306 2115 2442 2179 quod
2484 2112 2624 2164 omni
2659 2121 2886 2180 tempore
2915 2113 3200 2181 ingrediar,
3236 2122 3282 2165 et
3316 2113 3541 2180 pra‘cipe

1972 2199 2195 2252 salutem
2227 2216 2415 2253 meum.
2449 2200 2505 2255 Si
2545 2202 2706 2271 igitur
2750 2201 2801 2255 in
2842 2203 2952 2257 Deo
2990 2203 3318 2266 habitamus,
3362 2212 3418 2258 et
3447 2217 3542 2256 nos

1977 2291 2100 2345 item
2132 2291 2202 2344 illi
2234 2307 2422 2346 sumus
2473 2293 2858 2356 habitaculum,
2894 2293 3173 2347 Dominum
3207 2303 3447 2348 nostrum
3479 2309 3542 2344 ne

1976 2379 2337 2448 relinquamus
2362 2388 2601 2449 tempore
2627 2381 3005 2444 teutationum,
3039 2363 3444 2434 tribulationum
3481 2394 3542 2432 nc

1973 2470 2364 2537 certaminum,
2431 2481 2488 2525 et
2537 2472 2642 2526 alio
2697 2473 3142 2542 transmigrantes
3188 2471 3437 2526 solatium
3487 2481 3542 2523 et

1970 2576 2123 2633 opem
2151 2577 2180 2615 a
2213 2562 2520 2633 regionibus
2551 2573 2606 2619 et
2629 2562 2763 2618 locis
2791 2577 3126 2632 quaeramus;
3147 2563 3240 2617 sed
3268 2563 3319 2616 in
3345 2562 3541 2614 nostris

1972 2667 2285 2707 maneamus
2335 2651 2485 2718 locis,
2526 2661 2582 2707 et
2629 2653 2955 2723 postulemus
2986 2667 3014 2705 a
3049 2651 3276 2706 Domino
3327 2651 3537 2705 inhabi-

1972 2753 2115 2798 tante
2153 2742 2205 2796 in
2248 2742 2426 2806 nobis,
2467 2751 2524 2797 ut
2561 2758 2659 2798 nos
2688 2744 2963 2808 vindicet,
2993 2752 3048 2798 et
3086 2743 3344 2796 auxilium
3381 2740 3535 2796 feret.

1969 2833 2048 2887 Ad
2109 2833 2260 2898 hmc,
2318 2833 2568 2888 Patrihus
2599 2835 2795 2889 nostris
2829 2834 3180 2904 cogitationes
3238 2833 3540 2901 aperiemus

1973 2933 2205 2987 nostras.
2239 2935 2292 2980 et
2340 2926 2576 2996 ipsorum
2609 2927 2920 2980 orationum
2964 2941 3122 2994 opem
3169 2924 3536 2994 imploremus.

293 3016 684 3082 manifestatur,
705 3016 884 3071 omnia
915 3017 1067 3072 nobis
1094 3019 1369 3073 subeunda
1397 3027 1523 3073 sunt
1561 3017 1860 3072 certamina
1891 3049 1934 3106 ο
1971 3013 2310 3072 Snstinentes
2358 3017 2518 3088 igitur
2559 3019 2611 3072 in
2662 3018 2792 3072 locis
2843 3019 3078 3083 nostris,
3132 3015 3198 3070 ad
3248 3014 3540 3070 Salvatoi'is

295 3107 755 3177 tentationesque;
791 3108 902 3163 sint
939 3107 1041 3162 illa:
1075 3123 1104 3162 a
1135 3109 1504 3179 passiouibns,
1545 3109 1659 3163 sive
1689 3124 1718 3160 a
1755 3107 1864 3162 dae-

296 3201 561 3268 monibus,
613 3201 728 3257 sive
761 3217 789 3255 a
839 3200 994 3256 malis
1027 3201 1356 3256 hominibus.
1411 3199 1489 3254 Ne
1519 3214 1650 3270 ergo
1689 3199 1864 3268 ignari

294 3290 495 3356 simus,
533 3292 674 3360 quod
725 3292 810 3348 isti
857 3292 1086 3360 imperiti
1138 3292 1279 3347 bello
1322 3291 1568 3346 saltitent
1621 3299 1677 3344 ut
1730 3289 1860 3356 pulli

294 3382 518 3436 sartince
552 3380 784 3437 ferendae
802 3382 942 3437 haud
973 3384 1196 3449 assueti,
1221 3391 1274 3437 et
1309 3383 1377 3438 ad
1407 3382 1511 3436 alia
1535 3382 1861 3437 contendant

379 3533 425 3564 ”
457 3533 588 3588 Luc.
626 3549 760 3601 XVII,
791 3534 884 3589 21.
977 3535 1023 3568 ³³
1051 3533 1192 3590 Psal.
1229 3550 1423 3600 sunt,
1458 3534 1545 3588 19.

1647 3535 1692 3567 ⁸⁸
1721 3533 1850 3590 Luc.
1896 3549 2026 3602 svrt,
2056 3534 2147 3591 2|.

1973 3107 2142 3163 nostri
2185 3123 2400 3179 semper
2430 3109 2804 3178 confugiamus
2849 3110 3237 3177 protectioncm
3276 3122 3288 3158 :
3327 3114 3382 3159 et
3414 3119 3540 3174 pro-

1971 3197 2111 3254 fecto
2141 3199 2372 3254 victores
2404 3215 2502 3254 nos
2553 3197 2748 3254 elliciet
2784 3200 2834 3252 in
2868 3199 3118 3253 omnibus
3157 3194 3539 3251 certaminibus

1969 3289 2185 3344 nostris.

2165 3379 2647 3452 Interrogationum
2685 3392 2730 3435 et
2763 3379 3169 3451 Responsionum
3199 3376 3341 3441 ﬁnis.

2226 3535 2316 3590 ³⁷1
2350 3537 2478 3593 Cor.
2524 3553 2609 3602 tu,
2672 3535 2756 3590 16.
2869 3535 2914 3567 ³⁸
2953 3533 3108 3592 Joan.
3162 3551 3249 3600 sv,
3280 3535 3334 3587 4.

1043 3882 2202 4010 INTERROGATIONES
2275 3886 2802 3990 QUIEDAM
2889 3981 2902 3989 ν

482 4077 532 4137 Α
575 4073 832 4137 diversis
861 4075 964 4135 SS.
993 4074 1155 4136 Patri
1191 4081 1404 4137 nostro
1427 4073 1632 4136 abbati
1662 4071 1934 4136 Antonio
1960 4072 2163 4149 facta},
2193 4082 2450 4155 ejusque
2477 4073 2555 4136 ad
2585 4072 2836 4136 easdem
2866 4075 3334 4155 responsiones.

1879 4227 1946 4243 —

357 4351 582 4418 Quidam
639 4351 807 4407 frater
852 4352 1204 4420 interrogavit
1253 4352 1506 4408 abbatem
1536 4354 1852 4424 Antonium,
1885 4388 1930 4444 ι)
1958 4355 2076 4422 Quo
2129 4369 2290 4423 opere
2324 4352 2486 4407 homo
2518 4351 2729 4421 placere
2760 4360 2935 4421 potest
2981 4351 3122 4406 Deo?
3177 4351 3475 4422 Respondit
3511 4371 3526 4408 :

287 4445 512 4500 dicens:
551 4442 686 4511 Quid
731 4442 960 4510 iaciam,
998 4453 1056 4497 ut
1108 4444 1378 4498 inveniam
1425 4445 1853 4501 misericordiam

286 4538 424 4604 apud
451 4536 616 4591 Deum
637 4535 670 4606 2,
691 4534 988 4605 Respondit
1017 4535 1066 4589 ei
1098 4545 1318 4591 sanctus
1356 4551 1542 4604 senex,
1579 4545 1633 4590 et
1665 4538 1800 4591 dixit
1836 4555 1850 4591 :

286 4626 435 4691 Quod
459 4628 550 4681 tibi
569 4625 709 4690 dico,
731 4630 826 4681 hoc
849 4627 1122 4695 diligenter
1140 4643 1286 4682 serva
1309 4644 1328 4682 :
1367 4627 1685 4697 Quocunque
1707 4629 1850 4692 ieris,

287 4719 452 4772 Deum
483 4731 602 4774 ante
651 4721 826 4774 oculos
876 4736 1076 4789 semper
1102 4721 1280 4787 ponito
1299 4733 1319 4774 :
1349 4720 1692 4789 quodcunque
1724 4737 1851 4788 opus

281 4809 487 4878 feceris,
527 4811 713 4866 adhibe
742 4811 834 4864 tibi
864 4811 1212 4865 testimonium
1253 4825 1318 4862 ea:
1353 4810 1642 4878 Srripturis
1669 4824 1686 4861 :
1719 4823 1764 4864 et
1795 4813 1850 4864 in

279 4915 580 4970 quocunque
613 4902 929 4955 ltabitaveris
961 4900 1097 4966 loco,
1142 4916 1437 4968 persevera,
1469 4917 1558 4955 nec
1597 4901 1716 4956 inde
1746 4905 1847 4956 cito

283 4990 489 5060 migras.
520 4989 646 5044 llaec
674 4993 777 5045 tria
816 5009 958 5046 serva
985 5010 1003 5048 :
1037 4992 1283 5063 quiescas.

351 5081 706 5154 Interrogavit
729 5083 1019 5152 aliquando
1047 5083 1214 5137 abbas
1262 5082 1425 5137 Bemo
1459 5083 1709 5139 abbatem
1737 5085 1847 5138 An-

279 5174 506 5240 tonium,
547 5177 674 5244 quid
712 5176 811 5230 sibi
852 5175 1155 5230 iaciendum
1197 5174 1268 5227 sit
1315 5175 1381 5228 ad
1408 5176 1842 5244 consequendam

276 5264 634 5328 salutem;cui
662 5265 938 5333 respondit
961 5277 1127 5318 senex
1161 5265 1350 5318 beatus
1379 5280 1392 5317 :
1431 5263 1495 5318 In
1513 5265 1724 5333 justitia
1752 5276 1843 5320 tua

277 5371 338 5407 ne
359 5355 1006 5426 conﬁdas;prtetcritorum
1023 5365 1352 5423 peccatorum
1384 5372 1494 5409 vere
1514 5356 1840 5426 tcpteniteut;

274 5449 530 5516 linguam,
569 5466 658 5503 cor
681 5460 728 5505 et
755 5459 974 5504 ventrem
1001 5451 1222 5503 contine.

344 5539 816 5610 lnterrogaverunt
865 5554 987 5595 eum
1039 5555 1254 5611 quoque
1293 5540 1491 5598 lratrcs
1546 5541 1834 5598 dicentes:

375 5691 420 5724 ³⁹
463 5692 620 5753 Deut.
649 5708 723 5762 vr,
761 5695 814 5751 5.
889 5698 935 5731 ⁸ο
973 5695 1113 5754 Psal.
1159 5712 1268 5767 su,
1295 5698 1353 5752 2.

1958 4445 2068 4500 Lex
2092 4455 2140 4501 et
2169 4462 2296 4513 opus
2327 4445 2598 4499 cltaritatis
2629 4453 2704 4497 est
2752 4444 2886 4497 bona
2935 4444 3173 4498 voluntas
3197 4484 3212 4508 ,
3260 4460 3376 4513 qua:
3418 4443 3528 4498 Deo

1957 4538 2336 4608 perfectissime
2358 4538 2546 4606 placet.
2603 4535 2755 4590 Ilanc
2785 4552 2900 4590 vero
2927 4536 3193 4605 adimplet,
3227 4537 3315 4606 qui
3365 4536 3528 4590 Deum

1946 4627 2148 4698 jugiter
2182 4629 2364 4682 laudat
2395 4629 2605 4682 mundis
2633 4629 3056 4698 cogitationibus,
3089 4644 3205 4696 qua:
3233 4629 3528 4696 producunt

1955 4721 2260 4773 memoriam
2311 4719 2403 4773 Dei
2447 4729 2496 4773 et
2530 4721 2835 4773 memoriam
2867 4718 3118 4770 bonorum
3145 4733 3263 4788 qua:
3287 4719 3524 4784 promisit

1953 4823 2001 4868 ct
2033 4814 2299 4868 nobiscum
2330 4811 2602 4881 complevit
2632 4823 2776 4874 opere
2809 4851 2824 4876 ,
2871 4819 2917 4863 et
2971 4825 3124 4878 quam
3173 4809 3282 4863 lucc
3337 4826 3525 4878 magna

1953 4904 2078 4958 sint.
2121 4902 2206 4957 Ea:
2236 4903 2420 4956 ltorum
2449 4901 2582 4954 enim
2629 4901 2727 4952 hac
2771 4901 3020 4952 memoria
3053 4899 3295 4952 exoritur
3338 4901 3392 4952 in
3426 4902 3521 4952 lio-

1953 4991 2090 5045 mine
2112 4991 2418 5060 hujusmodi
2456 5000 2703 5057 perpetua
2733 4987 2942 5041 dilectio
2962 4988 3124 5056 juxta
3159 4989 3520 5057 pra'scriptum

1951 5082 2086 5135 illud
2115 5095 2133 5133 :
2166 5099 2183 5129 ι
2217 5081 2391 5150 Dilige
2426 5080 2706 5134 Dominum
2729 5078 2918 5160 .Deum
2952 5091 3097 5132 tuum
3128 5095 3192 5134 ex
3233 5089 3341 5134 toto
3368 5086 3523 5134 corde

1952 5182 2064 5237 tuo,
2109 5182 2155 5225 ct
2186 5187 2252 5226 ea:
2287 5180 2395 5224 tota
2440 5171 2617 5222 anima
2653 5180 2764 5233 tua,
2811 5181 2856 5222 et
2911 5185 2976 5222 ex
3023 5181 3132 5224 tota
3181 5171 3368 5224 virtute
3394 5171 3457 5224 ³³.
3499 5194 3516 5224 ι

1951 5265 2218 5332 Scriptum
2251 5279 2456 5333 quoque
2504 5270 2624 5317 est:
2658 5280 2676 5313 ι
2713 5262 2864 5317 Sicut
2919 5263 3182 5318 desiderat
3233 5279 3410 5316 cervus
3452 5267 3520 5316 ad

1947 5357 2114 5428 fontes
2158 5372 2448 5424 aquarum,
2495 5356 2570 5408 ita
2610 5365 2686 5409 est
2713 5356 3027 5408 desiderium
3060 5355 3248 5408 animte
3285 5371 3414 5408 mea!
3438 5341 3519 5408 ad

1947 5460 2015 5516 te,
2048 5448 2268 5502 Domine
2293 5446 2360 5503 ιθ.
2415 5465 2434 5499 s
2482 5445 2600 5502 Hoc
2653 5449 2827 5517 itaque
2871 5464 3000 5516 opus
3028 5489 3042 5513 ,
3095 5457 3141 5500 et
3181 5447 3316 5500 ltanc
3355 5447 3518 5518 legem

1945 5541 2320 5611 aditnpleamus
2366 5551 2565 5612 Oportet
2618 5540 2863 5609 Domino,
2922 5551 2977 5597 ut
3027 5544 3091 5597 de
3124 5542 3272 5598 nobis
3318 5543 3516 5598 dictant
