3990 6210
452 255 587 313 1095

1538 239 1812 301 PATRES
1844 199 2143 298 tacuerit
2187 239 2462 299 siccum
2506 237 2596 296 tv.

3587 246 3606 301 l
3619 246 3717 304 035

447 374 581 428 illud
614 369 851 438 Apostoli
882 366 1160 436 impleatur
1182 365 1224 396 δι
1256 380 1271 419 ;
1304 382 1321 415 ι
1367 362 1510 428 Quid
1548 378 1796 431 separare
1826 378 1906 415 me
1935 378 2028 430 po-
2057 366 2106 422 Α
2133 359 2392 431 lacrymis
2434 354 2728 414 uberrimis
2775 350 2852 412 ita
2903 354 2990 412 vir
3016 354 3110 412 Dei
3143 358 3463 428 respondit:
3499 362 3719 430 Tempus

449 468 576 520 terit
607 483 639 518 a
678 464 934 518 charitate
963 459 1200 514 Christi?
1232 457 1382 512 Certe
1413 472 1574 526 neque
1614 455 1979 508 tribulationes
2008 493 2022 518 ,

453 573 615 627 neque
657 570 925 615 mtrrores,
968 567 1130 621 neque
1177 548 1364 620 fames,
1405 564 1568 616 neque
1598 547 1838 613 nuditas,
1867 561 2030 615 neque

453 646 734 715 angustiae,
771 657 932 708 neque
957 641 1186 711 gladius,
1214 655 1376 709 neque
1402 640 1561 707 ignis.
1597 656 1617 691 ι
1656 679 1658 682 μ

525 737 912 804 Interrogatus,
944 731 986 786 si
1012 732 1134 801 quis
1157 732 1393 785 dixerit:
1428 729 1543 784 Non
1575 729 1838 799 accipiam
1865 727 2027 799 quid-

454 843 614 898 quam
647 842 675 879 a
707 825 986 888 fratribus,
1037 838 1213 894 neque
1260 823 1398 878 dabo
1425 823 1506 878 eis
1528 822 1822 892 quidquam
1849 839 1865 889 ;
1899 821 2032 876 mihi

454 928 634 974 autem
693 931 811 971 mea
869 915 1178 971 sutﬁciunt:
1216 914 1488 984 quomodo
1549 923 1765 970 nosmet
1812 928 2034 969 servare

453 1012 745 1066 debeamus
781 1010 848 1065 ab
879 1025 936 1064 re
969 1007 1299 1077 huiusmodi,
1348 1005 1509 1060 Pater
1539 1006 1755 1061 uoster?
1789 1005 2034 1075 Respon-

454 1101 533 1153 dit
561 1117 574 1154 :
613 1099 740 1153 Filii
780 1102 900 1165 mei,
929 1100 1021 1169 qui
1041 1099 1300 1168 ejusmodi
1332 1107 1429 1164 est,
1463 1098 1630 1152 durus
1661 1110 1735 1152 est
1773 1100 1951 1163 corde,
1983 1106 2032 1152 et

453 1195 686 1246 animum
721 1202 774 1245 ut
813 1193 890 1245 leo
929 1193 1117 1245 induit.
1155 1190 1295 1244 Nunt
1326 1191 1610 1260 quomodo,
1641 1192 1732 1263 qui
1767 1202 1842 1245 est
1884 1192 2032 1259 ejus-

453 1285 620 1345 modi,
651 1285 808 1338 vitam
839 1300 994 1353 agere
1023 1282 1128 1336 vult
1157 1283 1208 1335 in
1231 1283 1328 1336 hoc
1359 1283 1555 1336 mundo
1592 1285 1784 1353 absque
1817 1283 2034 1336 miseri-

454 1374 633 1426 cordia
659 1374 684 1426 .’
746 1372 933 1442 Itaque
973 1373 1071 1426 iste
1112 1373 1313 1426 alienus
1348 1371 1634 1426 censendus
1666 1381 1742 1426 est
1767 1371 1829 1425 ab
1862 1373 2032 1426 omni-

454 1465 548 1518 bus
579 1465 746 1518 bonis.

525 1561 906 1629 InterrOgaltts,
948 1560 1228 1626 Quomodo
1259 1558 1381 1630 quis
1410 1558 1676 1613 inservire
1704 1558 1902 1612 debeat
1927 1556 2037 1612 fra-

455 1653 674 1707 tribus?
710 1653 1050 1723 Respondit:
1086 1651 1303 1705 Fratres
1342 1652 1433 1722 qui
1463 1652 1654 1706 servire
1699 1651 1883 1705 volunt
1919 1653 2036 1718 {ra-

2134 453 2297 506 veniet
2347 449 2656 520 aliquando,
2710 447 2814 518 ﬁlii
2847 447 3204 516 dilectissimi,
3233 467 3353 503 cum
3401 450 3723 510 solitudines

2135 542 2493 612 derelinquent
2543 543 2819 606 monachi,
2869 558 3154 612 earumque
3200 541 3316 596 loco
3369 543 3722 612 opulentiores

2136 641 2382 702 appetent
2407 633 2662 697 civitates,
2687 631 2861 702 ibique
2896 647 2991 700 pro
3020 633 3101 685 his
3125 632 3320 687 deserti
3369 634 3639 702 speluncis
3665 655 3724 691 ac

2137 721 2338 777 cellulis
2371 722 2597 792 superba
2628 721 2929 777 excitabunt
2963 723 3192 789 trdificia
3223 726 3470 778 certatim
3491 765 3509 790 ,
3546 741 3723 797 regum

2136 814 2439 869 mmulantia
2473 812 2707 883 palatia;
2731 830 2826 882 pro
2865 822 3173 884 paupertate
3205 815 3515 870 divitiarum
3539 833 3729 869 eumu-

2136 904 2421 959 landarum
2476 907 2707 958 studium
2753 905 2979 975 gliscet;
3030 905 3302 959 humilitas
3335 906 3389 958 in
3419 908 3727 974 superbiam

2136 1007 2367 1052 vertetur
2393 997 2606 1061 cordis;
2639 998 2968 1067 inﬂabantur
2998 999 3216 1053 scientia
3245 993 3421 1064 multi,
3455 1002 3554 1054 sed
3577 1001 3730 1057 bonis

2135 1088 2423 1143 secundum
2461 1090 2733 1143 scientiam
2771 1092 2914 1143 nuda
2953 1090 3234 1159 operibus;
3281 1091 3524 1147 charitas
3549 1094 3733 1162 defer-

2137 1191 2336 1246 vescet;
2363 1192 2556 1235 crescet
2601 1197 2695 1248 pro
2733 1181 3040 1250 frugalitate
3070 1199 3222 1237 amor
3253 1187 3472 1246 ventris,
3513 1195 3566 1241 et
3590 1186 3736 1241 deli-

2137 1273 2427 1327 catioribus
2458 1274 2587 1328 cibis
2621 1290 2724 1328 non
2760 1275 2933 1328 minus
2968 1290 3149 1329 eorum
3180 1275 3353 1344 plures
3378 1294 3594 1347 Operam
3631 1297 3736 1335 na-

2137 1363 2326 1417 vabunt
2349 1381 2508 1434 quam
2537 1366 2796 1419 mundani
2826 1366 2945 1433 ipsi,
2979 1382 3010 1419 a
3041 1367 3227 1436 quibus
3258 1368 3492 1438 religiosi
3512 1371 3595 1426 illi
3619 1375 3731 1426 alio

2140 1455 2274 1510 nihil
2297 1457 2696 1527 distinguentur
2723 1474 2881 1527 quant
2910 1458 3095 1512 habitu
3134 1469 3180 1514 et
3229 1459 3476 1528 cucullo;
3507 1473 3561 1518 et
3605 1482 3732 1519 cum

2138 1546 2245 1600 sint
2285 1547 2343 1600 in
2373 1548 2545 1603 medio
2571 1549 2776 1610 mundi,
2836 1565 2924 1602 eos
2971 1565 3075 1604 non
3113 1551 3323 1618 pudebit
3347 1553 3487 1621 [also
3518 1561 3737 1611 nomine

2141 1639 2429 1693 monachos
2461 1641 2638 1695 vocari
2671 1650 2722 1694 et
2758 1641 3056 1696 solitarios.
3111 1640 3501 1700 Gloriabuntur
3552 1649 3737 1703 adhuc

454 1743 648 1810 tribus,
680 1745 903 1796 serviant
941 1752 996 1795 ut
1031 1743 1166 1796 servi
1199 1741 1427 1794 dominis
1450 1741 1582 1804 suis,
1614 1750 1662 1793 et
1692 1741 2038 1810 quemadmo-
2069 1732 2113 1786 B
2141 1729 2369 1785 dicentes
2390 1747 2409 1786 :
2458 1749 2478 1782 ι
2515 1729 2624 1800 Ego
2649 1749 2764 1786 sum
2796 1731 2976 1798 Pauli,
3011 1743 3059 1788 et
3082 1751 3174 1804 ego
3191 1735 3376 1806 Apollo
3400 1737 3491 1804 "‘;
3534 1757 3553 1790 ι
3576 1746 3739 1810 quasi

455 1836 581 1888 dum
631 1835 834 1889 servivit
881 1833 1140 1888 Dominus
1192 1832 1351 1888 Petro
1395 1832 1617 1901 principi
1647 1831 2038 1900 apostolorum;

452 1926 546 1994 qui
569 1924 683 1976 licet
709 1923 964 1976 Dominus
999 1931 1192 1976 essetet
1225 1931 1434 1976 creator
1460 1920 1629 1986 illius,
1661 1920 1814 1974 vilem
1844 1919 2042 1985 pratsti-

454 2016 515 2067 tit
540 2017 586 2069 ei
611 2016 929 2069 servitutem.
949 2011 1152 2081 Quibus
1183 2014 1432 2068 indicavit
1451 2015 1599 2066 nobis
1624 2012 1904 2077 Dominus,
1939 2027 2042 2065 non

455 2106 628 2158 ntinus
661 2106 978 2160 inhumanos
1014 2121 1123 2160 esse
1150 2120 1237 2158 eos
1262 2105 1352 2173 qui
1374 2104 1675 2158 servitute»:
1713 2103 1812 2156 sibi
1837 2103 2040 2156 exhibi-

456 2204 563 2246 tam
596 2204 859 2258 recusant,
890 2203 936 2247 et
971 2193 1168 2247 nemini
1214 2193 1519 2261 permittunt
1550 2201 1604 2244 ut
1640 2193 1716 2246 eis
1765 2192 2040 2257 inserviat,

454 2283 532 2336 uti
553 2299 608 2336 se
636 2282 822 2336 Petrus
845 2281 1178 2346 continebat;
1220 2298 1375 2351 quam
1401 2281 1490 2350 qui
1524 2281 1782 2348 fratribus
1826 2282 1937 2335 suis
1962 2284 2044 2336 in-

453 2374 648 2426 servire
678 2371 1063 2440 dedignantur:
1097 2370 1437 2440 quamobrem
1469 2370 1555 2422 isti
1581 2382 1782 2438 partem
1813 2387 1915 2426 non
1948 2371 2045 2425 ha-

454 2463 642 2516 bebunt
667 2479 782 2516 cum
823 2461 1067 2529 Domino,
1118 2473 1172 2515 ut
1203 2461 1456 2516 Dominus
1494 2461 1654 2516 Petro
1698 2465 1772 2517 ait
1805 2463 1874 2530 δ’,
1917 2465 2044 2532 quia

455 2558 565 2626 ipse
598 2555 856 2610 Dominus
901 2566 956 2608 ut
1003 2557 1220 2611 invicem
1275 2572 1337 2609 ac
1385 2566 1568 2609 mutua
1597 2557 1905 2623 serviamus,
1951 2574 2044 2611 nos

455 2649 659 2703 docuit.

527 2739 917 2810 lutermgatus,
941 2738 1224 2806 Quodnam
1259 2737 1330 2794 sit
1365 2739 1618 2808 gaudium
1669 2749 1892 2810 propter
1941 2738 2044 2794 Do-

457 2831 689 2897 minum,
721 2842 775 2885 ct
798 2844 1046 2899 quantum
1084 2829 1331 2885 facienda
1358 2831 1512 2885 nobis
1535 2832 1662 2896 sint,
1692 2832 1887 2900 quibus
1916 2845 2046 2885 con-

460 2937 756 2993 sequamur
793 2921 998 2975 vitam?
1032 2921 1331 2991 Respondit
1364 2938 1378 2974 :
1415 2921 1741 2992 Prtrceptum
1769 2921 2044 2994 quodcun-

457 3032 557 3086 que
572 3030 721 3084 Opere
751 3014 1060 3083 completum
1085 3030 1203 3068 cum
1223 3015 1416 3084 gaudio
1446 3016 1501 3068 in
1523 3014 1747 3084 gloriam
1777 3013 2041 3079 Dei,illud

463 3114 543 3160 est
578 3105 832 3174 gaudium
867 3115 1083 3174 prapter
1104 3103 1412 3159 Dominum.
1449 3103 1592 3158 Nam
1636 3106 1750 3175 ejus
1784 3114 2045 3176 pra'cepttt

457 3206 791 3264 exsequentes
817 3205 864 3248 et
897 3196 1266 3264 adimplentes,
1297 3197 1626 3267 gaudeamus
1648 3207 1890 3268 oportet;
1921 3215 2046 3252 con-

459 3297 565 3349 tra,
593 3287 716 3337 dum
746 3300 808 3337 ea
830 3301 932 3338 non
965 3286 1288 3354 per/icimus,
1322 3289 1743 3342 contristanduns
1772 3290 1920 3343 nobis
1943 3299 2044 3344 est.

462 3374 640 3438 Quare
668 3374 854 3426 ltvtitia
883 3375 1121 3426 cordium
1174 3383 1474 3428 nostrorum
1521 3385 1784 3444 prwcepta
1835 3377 2046 3447 exsequi

457 3475 783 3535 satagamus,
812 3476 867 3518 ut
899 3476 1081 3519 mutuo
1121 3467 1550 3535 congratulemur
1586 3467 1642 3520 in
1669 3466 1932 3532 Domino;
1955 3469 2045 3522 sed

457 3557 681 3611 multant
717 3573 1015 3622 caveamus,
1049 3573 1112 3612 ne
1140 3559 1265 3611 dum
1294 3557 1610 3628 gaudemus,
1651 3559 1892 3628 superbia
1919 3559 2047 3629 e/I‘e-

461 3667 661 3717 rantur,
686 3651 775 3704 sed
803 3650 1132 3719 confidamus
1162 3651 1218 3704 in
1246 3649 1492 3707 Domino.

531 3739 936 3810 Interrogatus,
999 3739 1167 3795 Nobis
1205 3739 1566 3796 ridendunme
1615 3751 1697 3795 est
1761 3743 2046 3813 unquam?

461 3832 803 3903 Respondit:
854 3831 1113 3887 Dominus
1161 3844 1336 3886 noster
1370 3835 1588 3886 damnat
1641 3835 1872 3889 ridentes
1918 3836 2059 3889 dum'

459 3927 630 3980 dicit:
664 3943 683 3977 ι
724 3924 1034 3985 I’lorabitis.
1063 3936 1112 3978 et
1145 3925 1374 3994 ﬂebitis;
1422 3925 1652 3979 mundus
1682 3942 1800 3980 vero
1845 3927 2046 3997 gaude-

461 4020 530 4072 bit
555 4017 601 4049 "
626 4035 670 4072 ει
704 4017 850 4086 ﬁdeli
882 4031 1002 4086 ergo
1027 4014 1282 4070 monacho
1315 4031 1417 4068 non
1447 4025 1520 4068 est
1553 4016 1852 4070 ridendum.
1901 4015 2044 4070 Nam

459 4110 724 4172 ploremus
755 4113 959 4171 oportet
990 4121 1147 4174 super
1191 4121 1280 4159 eos
1319 4106 1409 4176 qui
1452 4105 1809 4172 blasphemant
1860 4115 2044 4158 contra

464 4203 654 4264 Deum,
689 4199 805 4262 eius
834 4197 1282 4268 transgredientes
1315 4198 1499 4266 legem,
1532 4207 1579 4249 et
1632 4211 1790 4262 super
1827 4211 1913 4248 eos
1955 4196 2046 4263 qui

463 4295 517 4347 in
545 4292 770 4362 peccatis
807 4290 1089 4362 patrandis
1139 4299 1300 4342 totam
1342 4303 1493 4341 suam
1521 4287 1818 4355 transigunt
1842 4290 1998 4340 vitam
2023 4305 2043 4353 ;

463 4387 708 4456 ﬂeamus,
741 4393 786 4436 et
815 4383 1102 4450 ploremus,
1137 4379 1404 4449 Deumque
1444 4379 1645 4449 iugiter
1683 4379 2018 4446 deprecemur

464 4493 526 4530 ne
553 4477 606 4529 in
627 4474 855 4542 peccatis
880 4480 1221 4540 perseverent,
1247 4481 1296 4524 et
1323 4468 1722 4540 comprehendat
1753 4469 1872 4524 illos
1901 4488 2038 4526 mors

461 4575 584 4620 ante
610 4562 987 4634 ptenitentiam.

534 4657 1018 4726 lutet-rogaverunt
1067 4651 1362 4723 aliquando
1425 4653 1669 4724 discipuli
1720 4654 1939 4724 quidam
1972 4655 2038 4710 D.

462 4750 756 4806 Antonium
784 4749 1060 4813 abbatem,
1100 4761 1222 4801 cum
1262 4745 1506 4800 viderent
1530 4747 1582 4800 in
1613 4747 1843 4802 desertis
1885 4748 2041 4801 innu-

464 4843 778 4899 tnerabilent
814 4841 958 4895 illam
997 4839 1398 4895 multitudinem
1432 4840 1822 4896 monachorum
1851 4883 1866 4905 ,
1931 4840 2041 4895 vir-

464 4936 668 4991 tutibus
737 4933 989 4988 omnibus
1036 4941 1090 4988 ct
1137 4933 1445 4987 sanctitatis
1491 4933 1748 5003 operibus
1787 4934 2036 4988 certatim

465 5045 656 5099 magno
689 5044 812 5084 cum
847 5027 1059 5084 fervore
1085 5028 1414 5090 studentem,
1445 5037 1604 5096 atque
1644 5028 1900 5081 dixerunt
1921 5028 1994 5082 illi
2023 5043 2038 5080 :

463 5119 653 5187 Pater,
673 5121 835 5175 diune
863 5133 1248 5191 permansuros
1273 5127 1356 5174 est
1403 5120 1490 5174 hic
1529 5120 1777 5174 fervoret
1798 5120 2036 5174 studium

463 5214 791 5280 solitudinis,
826 5213 1178 5282 paupertatis,
1213 5211 1556 5276 humilitatis,
1590 5212 1900 5276 charitatis,
1928 5214 2041 5267 tru-

464 5306 720 5375 gatitatis,
755 5322 817 5362 ac
854 5305 1186 5375 reliquarum
1214 5303 1452 5360 omnium
1503 5304 1790 5371 virtutum,
1840 5305 2037 5374 quibus

475 5400 682 5454 intinita
738 5399 854 5455 lucc
896 5400 1284 5469 propemodum
1327 5396 1713 5452 monachorum
1748 5397 2035 5454 multitudo

464 5505 684 5560 opetam
715 5500 877 5547 navat
926 5491 1210 5563 impense?
1258 5491 1352 5546 llis
1397 5503 1502 5544 non
1537 5489 1653 5544 sine
1689 5489 1939 5561 suspiriis
1979 5498 2036 5544 ct

2022 4421 2037 4447 ’
2072 4426 2117 4481 D

2144 1835 2262 1874 vero
2297 1831 2406 1874 tota
2445 1822 2807 1892 religiositatis
2848 1824 2985 1877 ratio
3019 1825 3073 1878 in
3100 1825 3549 1894 pra’decessorum
3602 1848 3732 1886 con-

2143 1913 2297 1965 sistat
2325 1915 2658 1979 auctoritate,
2693 1925 2740 1969 et
2769 1932 2873 1970 non
2899 1933 3044 1970 secus
3070 1918 3135 1972 de
3166 1921 3277 1972 suis
3329 1919 3581 1978 Patribus
3603 1925 3737 1994 glo—

2145 2004 2376 2071 riantur,
2411 2021 2475 2058 ac
2515 2005 2580 2059 de
2627 2008 2930 2062 Abrahamo
2962 2019 3176 2077 parente
3210 2010 3407 2066 Judwi.
3437 2012 3593 2067 Inter
3635 2021 3744 2071 hac

2145 2104 2319 2149 tamen
2354 2095 2568 2165 quidam
2592 2107 2742 2152 erunt
2772 2115 2832 2153 eo
2873 2109 3102 2167 tempore
3127 2100 3279 2172 longe
3306 2103 3446 2159 nobis
3477 2105 3741 2164 melioer

2145 2197 2298 2257 atque
2331 2187 2704 2256 perfectiores;
2729 2189 2854 2257 quia
2887 2206 2906 2240 t
2939 2188 3159 2245 Beatior
3186 2193 3274 2248 ille
3303 2205 3376 2249 est
3415 2197 3504 2266 qui
3553 2204 3742 2268 potuit

2146 2278 2469 2348 transgredi,
2498 2288 2546 2333 et
2582 2296 2682 2334 non
2722 2290 2800 2336 est
2832 2291 3226 2352 transgressus;
3271 2287 3446 2356 facere
3485 2293 3653 2357 mala,
3687 2307 3740 2346 ct

2146 2381 2249 2420 non
2269 2367 2390 2435 fecit
2422 2367 2468 2400 “
2489 2407 2504 2434 ,
2547 2387 2565 2420 ι
2598 2385 2756 2438 quant
2785 2372 2874 2440 qui
2893 2371 3182 2428 multarunt
3212 2377 3470 2433 bonorum
3500 2383 3741 2438 trahitur

2147 2458 2385 2520 exemplo
2413 2460 2483 2512 ad
2522 2460 2732 2515 bonum.
2768 2461 2909 2517 Hinc
2947 2462 3090 2529 Noe,
3126 2467 3356 2524 Abraltce
3385 2482 3436 2525 et
3461 2472 3599 2528 Lath
3645 2479 3741 2547 qui

2145 2550 2286 2605 inter
2323 2552 2575 2619 pessimos
2621 2553 2949 2610 innocentem
2989 2561 3340 2615 traduxerunt
3386 2565 3554 2620 vitam
3604 2572 3744 2624 satis

2146 2657 2418 2712 superque,
2445 2643 2656 2712 justitia
2683 2645 2977 2702 celebratur
3015 2649 3071 2702 in
3096 2649 3409 2721 Scripturis.

2217 2733 2909 2810 Conveneruntaliquando
2935 2741 3126 2800 Patres
3154 2747 3220 2801 ad
3247 2747 3306 2804 S.
3337 2749 3590 2806 abbatem
3619 2755 3740 2808 An-

2119 2904 2122 2906 q
2149 2828 2379 2893 Ionium,
2412 2837 2470 2884 ut
2504 2845 2753 2900 quamam
2780 2833 3041 2890 virtutum
3059 2840 3301 2894 omnium
3327 2843 3738 2903 absolutissima

2148 2925 2319 2982 esset,
2349 2933 2579 2989 quaequo
2611 2921 2938 2976 monachum
2974 2923 3042 2978 ab
3067 2928 3320 2982 omnibus
3345 2930 3520 2985 hostis
3553 2947 3742 2988 serva-

2150 3017 2234 3062 rct
2263 3008 2489 3080 laqueis,
2523 3012 2929 3083 disquirerent;
2967 3024 3022 3071 et
3051 3031 3238 3072 eorum
3262 3027 3644 3098 unusquisque
3669 3041 3734 3081 ea

2148 3116 2268 3170 qua:
2296 3102 2396 3157 sibi
2431 3113 2575 3159 recta
2607 3106 2956 3172 videbantur,
3013 3109 3167 3165 dixit.
3209 3111 3574 3178 Quamobrem
3614 3120 3743 3186 qni-

2151 3194 2274 3248 dam
2315 3194 2581 3265 jejunium
2611 3205 2666 3251 et
2693 3197 2908 3268 vigilias
2945 3202 2998 3254 in
3038 3203 3283 3257 oratione
3315 3203 3634 3273 laudarunt,
3671 3220 3736 3263 ut

2148 3299 2269 3354 qua:
2302 3286 2542 3358 dirigunt
2567 3289 2943 3360 cogitationes,
2981 3293 3232 3349 subtilem
3252 3295 3491 3352 alliciunt
3517 3299 3742 3356 intelle-

2147 3385 2315 3443 ctum,
2345 3386 2401 3431 et
2423 3378 2636 3434 facilem
2667 3383 2902 3438 reddunt
2926 3385 3129 3440 homini
3149 3391 3214 3440 ad
3235 3387 3400 3442 Deum
3428 3405 3738 3448 accessum.

2147 3463 2254 3521 Alii
2307 3478 2683 3537 paupertatem
2716 3474 3170 3530 commendarunt
3199 3487 3255 3532 et
3284 3494 3464 3534 rerum
3490 3490 3743 3538 terrena-

2151 3573 2270 3611 rum
2302 3569 2704 3632 contemptum,
2751 3578 2815 3619 ex
2875 3581 2982 3637 quo
3011 3570 3376 3638 tranquillior,
3429 3575 3622 3642 purior
3673 3593 3741 3633 ac

2149 3648 2372 3706 liberior
2429 3667 2458 3706 a
2520 3656 2810 3710 mundanis
2877 3659 3027 3714 curis
3103 3661 3409 3719 intellectus
3457 3666 3739 3733 edicitur,

2149 3743 2393 3814 adeoque
2436 3745 2652 3803 facilior
2705 3749 2954 3805 redditur
3003 3751 3078 3806 illi
3118 3755 3185 3808 ad
3232 3753 3400 3810 Deum
3448 3773 3739 3816 accessus.

2149 3833 2404 3892 Nonnulli
2456 3838 2713 3896 virtutem
2768 3841 3159 3899 misericordia:
3190 3847 3454 3902 virtutum
3490 3852 3739 3906 omnium

2146 3929 2652 3996 praestantissimum
2687 3947 2809 3989 esse
2841 3935 3117 4002 volebant,
3151 3937 3274 4007 quia
3301 3939 3566 3998 Dominus
3591 3944 3739 4000 dicet

2151 4021 2617 4088 misericordibus,
2654 4025 2728 4078 uti
2758 4025 3030 4094 pollicitus
3064 4038 3147 4082 est
3176 4046 3190 4084 :
3235 4029 3441 4100 Venite,
3475 4035 3740 4092 benedicti

2148 4109 2335 4166 Patris
2381 4113 2520 4179 mei,
2565 4116 2828 4184 possidete
2874 4133 3090 4188 regnum
3136 4133 3382 4188 paratum
3422 4127 3567 4182 vobis
3614 4141 3741 4184 ante

2147 4205 2574 4260 constitutionem
2622 4209 2802 4262 steculi
2825 4208 3015 4264 “.Alii
3057 4211 3163 4265 alia
3193 4213 3475 4285 dixerunt;
3513 4229 3624 4274 tum
3657 4223 3740 4276 ait

2149 4294 2207 4349 S.
2245 4294 2415 4350 abbas
2447 4296 2717 4353 Antonius
2751 4315 2764 4352 :
2795 4299 2990 4356 Omnes
3017 4320 3152 4374 quas
3217 4313 3548 4364 memorastis
3621 4313 3737 4366 vir-

2149 4398 2282 4441 tutes
2306 4388 2606 4444 utilissima:
2630 4401 2773 4456 sunt,
2795 4392 3002 4465 illisque
3023 4399 3376 4466 querentibus
3407 4400 3581 4456 Deum
3605 4422 3738 4473 opus

2147 4489 2245 4545 est,
2272 4489 2318 4535 et
2353 4481 2444 4552 qui
2473 4483 2756 4537 vehementi
2785 4486 2854 4538 ad
2878 4503 2995 4540 eum
3033 4490 3314 4544 accedendi
3348 4493 3582 4562 ﬂagrant
3638 4498 3733 4550 de-

2147 4571 2362 4636 siderio,
2413 4573 2477 4626 iis
2514 4573 2744 4645 indigent
2775 4580 3010 4634 omnino.
3065 4581 3256 4638 Verum
3286 4579 3459 4656 plures
3508 4603 3738 4658 conspe—

2149 4664 2321 4717 ximus
2347 4680 2442 4717 sua
2461 4665 2777 4722 ditat-crasse
2815 4686 3036 4739 corpora
3067 4677 3226 4729 nimio
3241 4678 3464 4746 jejunio,
3503 4677 3735 4747 vigiliis,

2153 4757 2208 4808 in
2261 4757 2570 4812 solitudines
2626 4777 2851 4829 secessu,
2908 4766 3130 4838 itemque
3177 4773 3462 4824 maximam
3511 4789 3738 4829 navasse

2155 4863 2364 4916 cperam
2387 4848 2678 4919 laboribus,
2702 4859 3022 4925 paupertati,
3040 4864 3357 4932 contemptui
3389 4880 3564 4916 rerum
3587 4883 3736 4919 mun-

2143 4939 2451 5006 danorum;
2493 4952 2547 4995 ut
2579 4961 2670 4998 nec
2700 4963 2760 5000 ea
2789 4947 2892 5002 sibi
2927 4950 3275 5006 adsciscerent
3320 4956 3509 5024 quibus
3542 4959 3596 5011 in
3625 4961 3731 5011 dics

2147 5047 2276 5100 Opus
2305 5043 2402 5098 est,
2449 5035 2540 5088 sed
2587 5038 2764 5092 omnia
2810 5056 2928 5111 qua:
2967 5045 3329 5110 possidebant,
3369 5061 3648 5118 erogarunt
3677 5050 3728 5102 in

2145 5137 2418 5192 pauperes.
2477 5123 2673 5180 Tamen
2706 5138 2816 5197 post
2870 5131 2981 5185 hcec
3037 5136 3217 5189 omnia
3272 5137 3608 5192 declinarunt
3661 5139 3728 5191 ad

2149 5215 2347 5301 malum
2367 5227 2414 5271 et
2439 5220 2778 5290 ceciderunt;
2809 5241 2871 5279 ac
2895 5227 3090 5295 privati
3121 5231 3403 5285 virtutibus
3425 5233 3536 5286 illis
3563 5234 3731 5287 omni-

2152 5307 2269 5375 bus,
2301 5311 2502 5381 reprobi
2523 5313 2696 5381 e/fecti
2723 5329 2866 5374 sunt.
2901 5318 3000 5376 Rei
3026 5333 3202 5378 autem
3231 5325 3391 5395 hujus
3425 5326 3578 5382 nullo
3611 5343 3722 5395 pro-

2151 5397 2285 5467 fecto
2320 5403 2428 5457 alia
2463 5404 2566 5473 [uit
2601 5423 2784 5476 causa,
2814 5412 2916 5466 nisi
2940 5415 3080 5482 quod
3109 5417 3300 5470 virtute
3320 5417 3655 5472 discretionis
3683 5426 3730 5470 et

2148 5497 2440 5562 prudentia
2467 5501 2755 5570 caruerint,
2787 5520 2951 5577 eaque
3003 5524 3108 5562 non
3143 5510 3250 5562 sint
3297 5510 3405 5568 usi.
3434 5510 3567 5565 lItrc
3591 5527 3730 5563 nant-

607 5608 760 5694 l'tqm.
795 5624 908 5676 vtn,
939 5608 1008 5665 55
1033 5625 1150 5680 sqq.
1227 5608 1271 5640 δ’
1297 5605 1454 5663 loan.
1489 5621 1605 5673 ιιιιι,
1635 5606 1688 5661 8.
1731 5606 1776 5640 ⁸³
1802 5604 1955 5662 Joan.
1993 5621 2100 5674 xw,
2131 5607 2222 5664 ΞΟ.
2294 5610 2359 5644 ⁸³⁸
2389 5610 2555 5674 lCor.
2590 5631 2628 5682 I,
2657 5615 2742 5670 ιε.
2819 5618 2865 5651 δ”
2890 5619 3052 5676 Eccli.
3091 5635 3241 5694 χκεςι,
3293 5623 3373 5678 l0.
3457 5621 3502 5654 "
3545 5615 3722 5676 Matth.

465 5689 588 5740 xxv,
623 5677 650 5732 3
667 5676 710 5732 ί.
