3990 6210
366 285 500 342 1097

1481 283 1538 337 s.
1581 285 1859 344 ANTONII
1907 289 2112 348 mera
2153 291 2478 361 QUIEDAM.

3500 303 3634 359 1098

359 415 460 476 que
484 403 578 457 illa
617 414 712 467 est,
736 421 855 474 qun'
892 406 1154 458 hominem
1185 421 1278 474 per
1314 406 1448 459 viam
1479 418 1675 460 rectam
1706 409 1947 463 incedere
1979 416 2021 474 Α
2051 415 2336 482 prop/tela",
2368 424 2412 467 et
2439 415 2576 483 quod
2609 416 2936 472 victimarum
2960 420 3224 477 oblatione
3267 424 3322 476 id
3372 435 3636 493 pra'stau-

359 498 536 552 edocet
591 513 654 550 ac
685 497 925 560 instruit,
967 506 1014 549 et
1061 497 1125 548 ab
1167 498 1378 565 obliqua
1412 499 1698 551 declinare.
1738 497 1947 552 Etenim

365 587 406 642 si
425 604 516 656 per
531 589 728 655 regiam
751 588 1114 641 incesserimus
1142 589 1298 648 uiam,
1327 591 1593 655 rapiemur
1623 606 1972 660 nequaquam‘

363 677 426 732 ab
457 679 855 732 insidiatoribus
887 681 1088 732 dextra:
1132 696 1346 732 excessu
1377 681 1747 743 abstinentiae;
1786 697 1949 749 neque

365 769 427 824 ab
462 771 854 824 insidiatoribus
883 771 1114 824 sinistra:
1155 772 1488 842 negligentia,
1542 775 1746 826 incuria
1797 783 1843 826 et
1877 791 1951 827 re—

364 862 626 914 missione.
651 863 904 915 Discrctio
927 865 1114 932 quippe
1136 863 1315 916 oculus
1341 873 1418 916 est
1443 864 1635 916 aniuue
1659 874 1708 917 et
1734 864 1948 917 lucerna

363 951 497 1020 ejus,
552 956 993 1022 quemadmodum
1039 973 1057 1005 ε
1101 953 1299 1007 Oculus
1328 954 1541 1008 lucerna
1568 965 1642 1007 est
1666 955 1900 1023 corporis
1927 972 1946 1010 .'

363 1047 408 1099 si
442 1057 616 1100 autem
647 1048 828 1100 oculus
867 1048 1073 1101 lucidus
1112 1048 1295 1116 fuerit,
1331 1063 1518 1114 corpus
1552 1064 1755 1118 quoque
1781 1059 1946 1101 totum

363 1135 597 1190 lucidum
639 1141 771 1203 erit;
795 1143 839 1193 si
869 1157 983 1193 vero
1011 1143 1333 1204 tenebrosus,
1363 1150 1525 1192 totum
1556 1142 1715 1192 etiam
1756 1155 1946 1206 corpus

361 1231 690 1283 tenebrosum
718 1234 833 1295 erit,
876 1251 893 1282 ι
932 1235 1064 1284 sicut
1095 1231 1148 1284 in
1193 1248 1344 1285 sacro
1377 1231 1658 1299 Evangeiio
1692 1231 1944 1284 Dominus

359 1321 492 1374 dixit
525 1321 590 1375 “.
611 1322 930 1376 Discretione
959 1323 1167 1394 quidem
1187 1323 1495 1393 pet-vestigat
1516 1324 1669 1375 homo
1700 1340 1823 1376 suas
1855 1339 1944 1377 ιό-

359 1411 607 1478 luntates,
637 1415 777 1467 dicta
811 1415 1070 1482 factaque,
1097 1425 1142 1468 et
1172 1417 1236 1468 ab
1261 1416 1501 1468 omnibus
1525 1415 1589 1467 iis
1615 1415 1802 1467 recedit
1827 1431 1944 1483 qua:

357 1519 390 1554 a
428 1500 539 1555 Deo
583 1513 840 1557 ainovent.
880 1504 1208 1559 Discretione
1254 1506 1498 1574 singulas
1547 1521 1601 1557 se
1645 1506 1942 1558 adorieutes

359 1594 523 1648 hostis
549 1594 766 1662 fraudes
795 1597 1019 1665 protelat
1052 1609 1099 1651 et
1133 1599 1406 1662 emolitur,
1443 1609 1489 1651 et
1521 1614 1638 1668 qua:
1665 1598 1796 1651 bona
1821 1609 1939 1652 sunt

357 1685 609 1740 discernit
643 1705 672 1740 a
706 1689 878 1743 malis.
929 1689 1151 1760 Liquida
1183 1706 1208 1742 e
1251 1689 1415 1743 sacris
1440 1688 1656 1743 Litteris
1686 1690 1742 1741 id
1772 1699 1936 1756 patet.

2055 504 2156 556 tius
2183 515 2312 558 esset
2341 525 2357 558 :
2391 505 2510 559 hinc
2547 506 2708 560 Deum
2733 508 2802 561 ad
2829 511 2965 563 iram
3010 527 3068 564 eo
3101 514 3417 578 provocavit,
3456 531 3558 584 quo
3587 533 3632 569 et

2052 595 2256 660 placere
2275 600 2530 663 putabat;
2563 599 2776 668 ideoque
2814 617 2970 672 regno
2993 603 3187 672 ejectus
3214 615 3310 659 est.
3344 606 3631 675 Apostolus

2052 689 2416 742 discretionem
2465 691 2808 758 magistram.
2861 702 2910 744 et
2962 696 3230 748 rectricein
3273 697 3389 750 vita:
3441 711 3632 751 ttostt‘rt'

2053 780 2303 850 appellat,
2355 782 2516 850 juxta
2575 783 2707 835 illud
2766 783 3106 850 Scriptura':
3142 805 3160 839 ‹
3200 786 3465 842 Rectorem
3526 807 3627 843 non

2051 871 2296 926 habentes
2327 874 2641 926 deciduntut
2667 873 2873 935 folium.
2916 895 2934 928 ι
2977 876 3177 932 Eadem
3217 879 3495 950 Scriptura
3523 885 3632 936 dis~

2051 964 2332 1016 cretionem
2379 966 2658 1020 consilium
2687 984 2889 1037 quoque
2919 969 3166 1036 appellat,
3187 975 3545 1042 pnecipitqne,
3569 992 3630 1027 ne

2052 1056 2338 1124 quidquam
2373 1058 2564 1128 absque
2593 1061 2812 1114 consilio
2837 1074 3144 1132 peragatur,
3178 1077 3232 1116 ut
3256 1081 3348 1118 nec
3373 1067 3447 1120 vel
3475 1068 3630 1134 spiri-

2049 1149 2245 1202 tualem
2294 1159 2472 1218 potant
2507 1152 2865 1219 la'tiﬁcantem
2893 1171 2984 1208 cor
3008 1155 3236 1211 hominis
3272 1158 3418 1211 nobis
3460 1159 3630 1213 bibere

2049 1239 2309 1306 permittat
2342 1241 2533 1306 absque
2565 1243 2805 1308 consilio,
2835 1261 2954 1297 cum
2980 1245 3121 1298 dicat
3152 1265 3168 1300 :
3200 1265 3218 1298 ι
3253 1245 3485 1301 Consilio
3511 1264 3629 1316 per-

2048 1332 2491 1402 agequodcunque
2511 1335 2713 1403 peragis
2728 1336 2792 1388 *7.
2808 1354 2826 1386 ι
2848 1335 2915 1389 Et
2938 1350 2956 1388 :
2976 1355 2994 1388 ε
3021 1337 3252 1391 Consilio
3270 1339 3378 1391 bibe
3395 1339 3589 1393 vinum.
3604 1358 3624 1390 ι

2050 1419 2186 1475 Item
2215 1424 2360 1476 nobis
2385 1425 2513 1478 dicit
2547 1424 2853 1494 Scriptura,
2883 1430 3021 1498 quod
3050 1430 3486 1497 quemadmodum
3511 1430 3631 1484 civi-

2049 1520 2208 1564 tatem
2245 1512 2454 1566 minime
2488 1516 2748 1569 munita-nt
2772 1519 3066 1589 quicunque
3095 1518 3201 1572 vult
3237 1519 3547 1590 ingreditur,
3581 1530 3628 1573 et

2046 1603 2227 1671 diripit
2258 1605 2370 1673 ejus
2394 1606 2662 1661 thesauros
2688 1627 2708 1675 ;
2742 1612 2815 1664 ita
2849 1621 2922 1666 est
2951 1611 3129 1679 homo,
3155 1613 3243 1682 qui
3291 1615 3495 1684 negotia
3527 1630 3622 1667 sua

2047 1693 2240 1763 absque
2271 1696 2489 1750 consilio
2525 1713 2794 1766 operatur.

353 1777 494 1832 Sani
517 1797 606 1833 rea'
632 1779 822 1847 Israel,
853 1799 968 1836 cuin
997 1783 1094 1837 ltac
1127 1784 1377 1836 caruisset
1404 1781 1644 1846 lucerna,
1682 1781 1942 1836 intellectu
1972 1751 2016 1807 Β
2054 1783 2203 1839 Finis
2232 1787 2719 1860 lnterrogationmm
2753 1795 2818 1848 ad
2850 1796 3250 1850 sanctissimum
3278 1796 3494 1852 Patrem
3530 1811 3629 1851 no-

356 1873 720 1927 obtenebratus
738 1884 834 1940 est,
865 1892 955 1929 nec
982 1875 1209 1944 percepit
1261 1884 1536 1943 propterea
1562 1873 1825 1944 quomodo
1850 1875 1942 1925 ob-

357 1973 585 2015 servaret
619 1965 758 2033 quod
776 1966 984 2020 dixerat
1007 1967 1085 2019 illi
1119 1967 1258 2021 Deus
1289 1985 1381 2035 per
1402 1967 1636 2037 linguam
1671 1966 1940 2021 Samuelis

438 2123 482 2152 “
507 2124 692 2179 Matth.
724 2140 796 2189 rt,
830 2123 921 2187 22,
958 2122 1048 2179 ‘25.
1125 2122 1172 2156 "’
1211 2123 1376 2180 Eceli.
1413 2139 1584 2190 xxx",
1619 2123 1708 2177 25.

2121 1885 2294 1928 strqu
2315 1877 2564 1932 abbatem
2593 1883 2907 1949 Antonium,
2943 1894 2997 1938 et
3018 1885 3134 1954 ejus
3163 1885 3620 1955 Responsionum.

2118 1964 2405 2024 Orationes
2439 1968 2584 2024 illius
2604 1972 2712 2026 sint
2736 1973 3040 2029 nobiscum.

2127 2314 2181 2319 ο.-
2203 2316 2260 2322 --.
2285 2317 2312 2321 ....
2333 2318 2336 2319 ν
2361 2314 2447 2322 «..⁶-
2468 2317 2562 2322 .-.-.-

2638 2318 2674 2323 ηλ
2701 2319 2728 2324 Α-
2743 2319 2748 2323 .
2771 2320 2887 2328 -~_~
2905 2323 3168 2330 _._.-_..-_.-__
3213 2323 3608 2351 --__——_~—-—=

2638 2336 3508 2350 -——-——-——-———-—.————v—————-—

875 2467 1170 2527 RELATA
1220 2465 1322 2526 EX
1368 2465 1626 2527 EODEM
1678 2464 1938 2525 comae
1990 2463 2088 2526 DE
2132 2466 2378 2527 BEATO
2415 2463 2745 2529 ANTONIO
2792 2472 3104 2532 ABBATE.
3143 2452 3146 2455 “

432 2731 590 2786 Venit
629 2729 918 2798 aliquando
956 2728 1138 2785 senior
1176 2727 1393 2798 quidam
1424 2736 1584 2784 aetate
1614 2724 1896 2785 confectus
1919 2771 1934 2798 ,

350 2841 562 2897 onagro
597 2817 858 2891 insiden's,
883 2825 948 2879 ad
991 2826 1207 2879 beatum
1249 2823 1499 2878 abbatem
1540 2824 1838 2878 Antonium
1883 2825 1936 2880 in

350 2926 651 2974 desertum.
686 2916 854 2982 Quem
902 2930 1024 2969 cum
1073 2915 1302 2969 vidisset
1343 2915 1426 2969 vir
1480 2915 1572 2969 Dei
1623 2915 1934 2982 Antonius,

351 3013 430 3065 ait
461 3029 474 3064 :
515 3009 808 3063 Maximum
847 3008 930 3060 hic
965 3015 1040 3060 est
1076 3005 1312 3061 volumen
1337 3048 1352 3074 ,
1387 3009 1477 3061 sed
1510 3024 1579 3061 an
1615 3009 1934 3074 salvabitur,

1972 2638 2050 2660 ~

2043 2731 2302 2786 ducerent
2329 2772 2344 2797 ,
2370 2730 2467 2785 "sed
2501 2730 2720 2794 acriter,
2749 2738 2803 2784 et
2833 2729 2952 2800 plus
2971 2743 3126 2799 atquo
3155 2729 3299 2784 illum
3330 2735 3627 2801 arguebant

2041 2824 2320 2877 dicentes:
2353 2820 2503 2876 Talia
2533 2829 2588 2876 et
2623 2823 2747 2876 talia
2793 2823 3160 2892 perpetrasti;
3201 2823 3288 2878 ille
3321 2840 3447 2878 vero
3491 2827 3622 2880 nihil

2036 2915 2264 2971 istorum
2291 2929 2349 2969 se
2377 2921 2716 2983 perpetrasse
2741 2923 3054 2969 constanter
3079 2916 3458 2982 I'eSpOndebat.
3483 2913 3618 2971 Dent

2033 3008 2149 3062 bwc
2216 3006 2443 3074 ﬁebant,
2495 3020 2624 3061 casu
2682 3005 2870 3060 aderat
2925 3005 3092 3061 abbas
3146 3006 3465 3071 Bebnudus,
3529 3007 3622 3078 qui

352 3104 558 3173 ignoro.
584 3102 721 3155 Tum
748 3101 944 3155 accidit
979 3099 1181 3154 factum
1214 3101 1518 3169 quoddam,
1557 3110 1609 3156 et
1638 3101 1930 3171 adimpleta
1969 3133 2010 3190 ο
2045 3098 2351 3168 exetnplutn
2401 3096 2709 3168 hujusmodi
2745 3097 2880 3151 dixit
2913 3097 3056 3151 illis:
3094 3096 3214 3152 Vidi
3253 3098 3526 3153 hominem
3570 3101 3623 3154 in

352 3205 480 3250 sunt
509 3195 670 3248 verba
699 3192 871 3248 Beati.

437 3285 711 3340 Venerunt
750 3298 966 3355 quoque
1016 3281 1306 3352 aliquando
1355 3283 1552 3338 fratres
1600 3285 1820 3353 quidam
1873 3285 1941 3340 ad

352 3379 534 3434 locuti:
565 3379 774 3432 abbatis
803 3376 1053 3437 Antonii,
1088 3383 1146 3428 ut
1173 3374 1321 3428 illum
1349 3375 1697 3430 consulerent
1721 3375 1791 3430 de
1820 3376 1941 3444 qui-

351 3471 580 3527 busdam
616 3469 1083 3540 phantasmatibus
1105 3483 1224 3538 qua:
1256 3468 1508 3523 videbant
1531 3511 1544 3534 ,
1577 3479 1740 3539 atque
1770 3471 1939 3524 inter-

358 3570 613 3628 rcgarent
636 3600 649 3624 ,
681 3577 748 3613 an
783 3573 911 3612 vera
941 3569 1125 3612 essent
1155 3558 1236 3610 vel
1269 3573 1296 3608 a
1331 3558 1566 3611 diabolo.
1592 3557 1686 3612 lsti
1716 3560 1932 3611 asinum

353 3668 540 3707 secum
575 3653 888 3714 habebant,
917 3651 1009 3720 qui
1045 3659 1292 3705 mortuus
1317 3651 1480 3704 estin
1513 3651 1619 3702 via.
1647 3649 1781 3704 Cum
1810 3664 1940 3716 ergo

355 3746 732 3816 pervenissent
765 3747 830 3798 ad
862 3759 1079 3810 senem,
1116 3743 1192 3795 ait
1217 3741 1362 3795 illis:
1398 3740 1674 3806 Quomodo
1703 3751 1938 3794 mortuus

349 3847 427 3891 est
458 3838 640 3890 asinus
670 3848 838 3890 vester
864 3837 920 3890 in
952 3837 1034 3889 via
1058 3837 1084 3890 7
1111 3835 1208 3900 Qui
1241 3833 1526 3890 dixerunt:
1553 3831 1708 3888 Unde
1741 3832 1938 3886 novisti

355 3931 490 3996 hoc,
525 3928 691 3983 Pater
723 3929 955 3984 noster?
988 3927 1323 3996 ltespOndit:
1361 3926 1568 3978 Diaboli
1609 3927 1662 3979 id
1693 3923 1822 3978 mihi
1854 3925 1936 3978 in-

349 4024 620 4076 dicarunt.
657 4022 760 4087 Qui
792 4023 1046 4076 dixerunt
1075 4037 1088 4074 :
1124 4019 1233 4074 Nos
1261 4035 1476 4087 quoque
1506 4019 1753 4072 venimus
1781 4017 1848 4073 de
1879 4034 1938 4072 re

355 4115 666 4184 huiusmodi
703 4117 1078 4184 interrogare,
1120 4121 1178 4166 et
1219 4111 1503 4165 consulere
1549 4121 1640 4176 te;
1674 4111 1933 4180 quoniam

357 4207 602 4262 videmus
649 4207 1062 4276 phantasmata,
1103 4218 1224 4274 quae
1269 4204 1561 4272 aliquando
1593 4217 1718 4257 vera
1755 4204 1937 4258 dicere

353 4298 605 4352 videntur
629 4315 648 4353 :
681 4298 802 4352 ideo
831 4297 1085 4352 timemus
1105 4336 1122 4362 ,
1156 4311 1223 4352 ne
1251 4297 1600 4365 decipiantur.
1633 4295 1784 4348 Tunc
1813 4309 1938 4348 san-

355 4403 476 4448 ctus
502 4407 670 4448 senex
690 4433 706 4458 ,
731 4407 887 4463 aequo
913 4392 1096 4446 animo
1119 4406 1214 4447 eos
1228 4391 1634 4454 essebortatur,
1653 4389 1779 4459 quia
1808 4399 1936 4444 sunt

2047 3190 2232 3245 littore
2267 3190 2434 3243 maris
2471 3191 2783 3243 immersum
2825 3191 2876 3243 in
2911 3203 3069 3244 caeno
3104 3206 3274 3261 usque
3307 3192 3372 3245 ad
3409 3206 3622 3262 genua;

2042 3293 2098 3338 et
2146 3283 2423 3338 venientes
2457 3281 2675 3351 quidam
2714 3292 2769 3336 ut
2803 3282 2876 3336 illi
2926 3298 3082 3352 apem
3116 3281 3348 3348 ferrent,
3405 3285 3620 3338 imn'ter'

2043 3386 2234 3430 serunt
2265 3376 2415 3429 illum
2448 3389 2621 3444 usque
2650 3375 2718 3428 ad
2755 3375 3030 3429 humeros.
3061 3373 3302 3430 Audiens
3332 3387 3510 3430 autem
3537 3378 3628 3428 ab-

2049 3468 2145 3523 bas
2171 3468 2440 3522 Antonius
2472 3468 2574 3522 boc
2601 3467 2806 3522 dictqu
2836 3467 3048 3522 abbatis
3065 3467 3304 3522 Belmudi
3335 3471 3496 3524 dixit:
3526 3469 3628 3524 Hie

2040 3569 2116 3613 est
2141 3560 2220 3613 vir
2243 3571 2424 3628 potens
2452 3575 2673 3626 sanare,
2699 3571 2746 3614 et
2777 3560 2982 3615 salvare
3007 3562 3235 3615 animas.
3261 3563 3622 3628 Quamobrem

2049 3650 2248 3706 fratres
2280 3653 2567 3705 verborum
2602 3669 2721 3721 qum
2775 3653 3061 3716 dixerant,
3107 3657 3352 3722 poutituit
3377 3697 3392 3722 ,
3429 3666 3484 3711 et
3535 3674 3626 3710 vo-

2040 3740 2125 3793 nia
2153 3755 2182 3792 a
2216 3740 2381 3794 fratre
2411 3741 2674 3808 postulata
2699 3781 2712 3805 ,
2746 3744 3075 3796 reduxerunt
3102 3745 3167 3796 ad
3197 3746 3474 3814 preprium
3509 3763 3626 3800 nio-

2041 3834 2358 3887 nasterlum.

2108 3924 2320 3980 Accidit
2353 3925 2643 3993 aliquando
2681 3924 2835 3979 fratri
2874 3926 3090 3982 cuidam
3128 3928 3354 3982 tentatio
3389 3929 3440 3983 in
3477 3945 3617 4000 qun-

2038 4016 2160 4070 dam
2193 4017 2552 4080 monasterio,
2583 4018 2671 4084 qui
2699 4017 2823 4070 inde
2847 4028 3129 4088 propterea
3153 4020 3357 4089 ejectus
3381 4032 3480 4076 est.
3515 4023 3611 4076 llic

2038 4108 2091 4162 in
2126 4117 2361 4162 montem
2395 4109 2461 4161 ad
2497 4110 2744 4162 abbatem
2775 4110 3069 4165 Antonium
3097 4113 3374 4186 perrexit,
3408 4114 3619 4169 habita-

2038 4201 2222 4270 vitque
2257 4200 2328 4254 ibi
2363 4209 2573 4271 tempus
2600 4201 2850 4271 aliquod,
2880 4213 3001 4271 post
3029 4205 3172 4274 quod
3215 4206 3425 4262 remisit
3473 4207 3620 4262 illum

2053 4291 2246 4347 Beatus
2279 4292 2345 4346 ad
2375 4307 2531 4347 suum
2565 4295 2956 4348 monasterium
2983 4312 2997 4363 ;
3030 4310 3188 4363 quem
3220 4298 3493 4368 suscipere
3531 4316 3630 4354 no-

2038 4384 2285 4449 luerunt,
2317 4385 2412 4439 sed
2438 4384 2760 4455 expulerunt
2784 4401 2995 4442 rursus.
3025 4385 3124 4454 Qui
3157 4402 3404 4444 reversus
3433 4389 3498 4443 ad
3529 4393 3627 4444 ab-

355 4501 386 4539 a
419 4485 674 4548 diabolo;
712 4495 768 4542 et
815 4483 1219 4556 congratulatus
1263 4493 1349 4539 est
1399 4483 1556 4553 ipsis.
1594 4482 1726 4536 Dum
1762 4491 1940 4536 autem
1972 4473 2019 4531 D
2049 4475 2227 4532 batem
2269 4477 2564 4533 Antonium
2614 4478 2750 4532 dixit
2799 4478 2916 4534 illi:
2970 4479 3270 4534 Noluerunt
3320 4495 3405 4536 me
3458 4482 3630 4536 sust-i-

353 4578 822 4644 confabulabatur,
861 4577 992 4631 vidit
1026 4585 1335 4632 venatorem
1379 4575 1637 4641 ferarum,
1666 4583 1716 4628 et
1750 4574 1936 4628 volens

352 4687 510 4726 suum
541 4671 883 4742 fratrumque
909 4671 1123 4726 illorum
1152 4669 1315 4726 solari
1347 4669 1585 4722 animum
1608 4706 1625 4733 ,
1653 4666 1790 4721 dixit
1817 4667 1892 4721 illi
1918 4683 1932 4720 :

351 4762 400 4817 0
432 4775 669 4830 venator,
705 4780 838 4832 pone
869 4764 1118 4834 sagittam
1149 4763 1202 4814 in
1237 4777 1366 4814 arcu
1397 4771 1485 4813 tuo
1505 4799 1521 4825 ,
1554 4768 1601 4812 et
1633 4758 1845 4812 intende
1873 4757 1935 4810 il-

347 4851 458 4904 lum
486 4867 506 4917 ;
540 4853 628 4921 qui
669 4852 920 4906 intendit.
951 4851 1051 4907 Cui
1101 4853 1179 4905 ait
1212 4849 1416 4904 Beatus
1445 4867 1457 4901 :
1507 4847 1695 4901 Adhuc
1738 4847 1932 4916 fortius

349 4944 584 4994 intende.
631 4941 967 5012 Respondit:
1006 4941 1064 4997 Si
1099 4942 1380 4995 intendere
1415 4940 1534 5010 plus
1566 4954 1727 5008 quam
1778 4952 1937 5006 opor-

351 5043 425 5086 t:-t
451 5071 468 5097 ,
495 5033 774 5102 frangetur
796 5051 976 5090 arcus.
1005 5033 1158 5089 Tunc
1180 5049 1342 5087 senex
1376 5033 1449 5084 ait
1475 5049 1489 5086 :
1526 5031 1610 5084 Ita
1634 5039 1753 5084 sunt
1777 5045 1934 5097 opera

353 5125 484 5192 Dei,
517 5128 642 5196 quia
676 5128 720 5180 si
756 5129 1037 5182 terminum
1072 5135 1433 5195 transgressus
1469 5123 1629 5191 fuerit
1662 5122 1848 5183 homo,
1884 5129 1934 5172 et

350 5218 668 5286 oupresserit
694 5219 887 5288 fratres
908 5258 924 5283 ,
957 5219 1110 5270 citius
1135 5218 1488 5285 frangentur:
1521 5229 1730 5268 necesse
1769 5212 1934 5281 igitur

348 5316 426 5363 est
461 5312 534 5364 eis
562 5311 876 5382 quandoque
910 5308 1202 5379 indulgere.

426 5399 827 5456 Fornicationis
880 5401 1172 5469 aliquando
1226 5397 1573 5453 insimulatus
1622 5405 1703 5452 est
1763 5396 1931 5450 frater

351 5492 571 5562 quidam
605 5497 656 5547 in
686 5509 784 5549 suo
809 5492 1170 5557 monasterio,
1204 5491 1296 5561 qui
1325 5491 1611 5561 egrediens
1637 5488 1760 5543 inde
1789 5489 1936 5541 venit

350 5586 417 5638 ad
460 5586 631 5638 locum
663 5585 875 5639 abbatis
897 5582 1136 5638 Antonii.
1174 5580 1326 5635 Hunc
1359 5579 1633 5635 subsecuti
1663 5588 1791 5634 sunt
1820 5579 1932 5633 fra-

347 5673 603 5744 tres‘ei-ts
640 5675 952 5730 inertasterii
980 5717 994 5740 ,
1029 5684 1078 5726 et
1110 5688 1174 5724 en
1207 5682 1504 5739 venerunt,
1548 5680 1604 5726 ut
1658 5670 1805 5726 il!utn
1843 5687 1926 5728 rc-

593 5776 672 5834 ΡΑ
692 5791 865 5835 ιιιοι..
910 5773 1030 5833 Gn.
1082 5769 1209 5832 XL.

2045 4583 2198 4637 pere,
2262 4567 2424 4624 Pater
2488 4571 2581 4626 mi.
2637 4569 2726 4625 Ille
2779 4585 2906 4628 vero
2963 4573 3156 4628 iterum
3218 4575 3428 4630 remisit
3482 4575 3626 4629 illum

2045 4663 2231 4718 dicens
2265 4663 2566 4719 fratribus:
2603 4663 2771 4719 Navis
2800 4665 3138 4735 naufragium
3166 4683 3323 4734 passa
3351 4677 3426 4721 est
3455 4680 3502 4722 et
3528 4670 3624 4737 ja—

2044 4765 2282 4824 cturam,
2319 4766 2367 4811 et
2412 4757 2497 4811 vix
2531 4756 2695 4810 multo
2731 4755 2912 4811 labore
2953 4759 3006 4812 in
3051 4769 3264 4827 portum
3315 4759 3427 4828 ipsa
3476 4763 3625 4816 navis

2041 4849 2240 4912 erasit;
2276 4864 2411 4902 nunc
2443 4849 2581 4918 quod
2617 4848 2878 4902 saluatum
2910 4859 3026 4914 est,
3061 4854 3218 4904 vultis
3264 4868 3350 4906 vos
3390 4854 3627 4907 submer-

2038 4941 2206 5008 gere?
2239 4938 2316 4993 Illi
2362 4954 2490 5009 ergo
2522 4956 2643 4993 cum
2693 4942 3102 5007 cognovissent,
3142 4958 3264 4996 eum
3317 4944 3386 4998 ab
3432 4944 3626 4999 abbate

2039 5028 2276 5081 Antonio
2322 5027 2490 5081 fuisse
2546 5028 2868 5090 remissum.
2919 5031 3101 5086 Statim
3146 5045 3506 5104 susceperunt
3539 5036 3623 5106 ip-

2039 5133 2155 5173 Sum
2193 5134 2313 5172 cum
2343 5121 2560 5188 gaudio.

2113 5209 2248 5264 Tres
2282 5213 2527 5267 seniores
2565 5213 2792 5284 singulis
2825 5216 2985 5270 annis
3018 5217 3189 5274 semel
3223 5218 3498 5289 proficisci
3533 5236 3624 5277 so-

2043 5302 2226 5357 lebant
2261 5305 2327 5358 ad
2362 5303 2423 5358 B.
2460 5307 2712 5362 abbatem
2747 5310 3036 5363 Antonium
3065 5351 3080 5377 ,
3117 5326 3148 5366 e
3182 5313 3384 5380 quibus
3412 5316 3520 5368 duo
3556 5315 3589 5367 il

2045 5395 2154 5449 lum
2185 5395 2249 5449 de
2281 5397 2395 5450 suis
2425 5399 2838 5464 cogitationibus
2866 5410 2921 5455 et
2951 5403 3256 5457 animarum
3284 5405 3457 5459 salute
3490 5423 3625 5460 con-

2043 5489 2293 5544 sulebant
2319 5505 2333 5554 ;
2362 5492 2554 5546 tertius
2582 5507 2710 5546 vero
2738 5494 2935 5549 silebat
2961 5508 3227 5564 perpetuo
3253 5536 3267 5561 ,
3299 5505 3354 5551 et
3383 5498 3450 5552 de
3477 5500 3620 5552 nulla

2042 5581 2364 5636 cantabatur
2401 5597 2477 5637 re.
2510 5581 2638 5637 Post
2671 5585 2895 5638 multum
2927 5596 3109 5642 autem
3147 5588 3405 5657 temporis
3438 5591 3513 5642 ait
3551 5591 3622 5642 ill'

2041 5674 2209 5732 abbas
2251 5676 2557 5734 Antonius:
2589 5675 2807 5733 Iamdiu
2853 5680 2918 5733 ad
2961 5695 3040 5734 me
3083 5681 3262 5748 venis,
3298 5694 3343 5734 et
3377 5687 3441 5735 de
3480 5685 3623 5736 nulla

3287 5775 3364 5839 35
