3976 6204
401 260 423 315 l
436 255 541 315 099

1530 246 1800 303 PATRES
1828 241 2132 304 EG'YPTII
2159 243 2441 304 ’δείξαι
2473 245 2559 303 ιγ.

3544 248 3690 303 “80

403 394 456 428 re
489 392 566 428 me
596 372 883 442 interrogas
909 373 932 427 ἴ
970 369 1306 443 Respondit:
1358 368 1567 426 Sull‘teit
1611 369 1738 423 mihi
1767 410 1782 435 ,
1823 367 1985 423 Pater
2017 378 2059 427 Α
2104 382 2311 421 marum
2343 367 2673 423 contexeuda
2703 367 2860 422 folia:
2893 381 3079 423 rursus
3099 365 3355 435 surgebat
3380 374 3437 419 et
3459 364 3690 431 orabat,

405 466 476 521 tui
502 502 515 524 .
558 474 610 521 te
642 465 845 519 videre.

476 557 707 626 Quidam
763 556 958 611 fratres
1005 571 1069 613 cx
1122 555 1362 628 Scythiae
1411 554 1704 612 solitudine
1751 552 1975 625 proiecti

406 660 534 706 sunt
574 650 640 704 ad
674 648 731 704 S.
767 648 1017 704 abbatem
1062 647 1388 707 Antonium.
1432 655 1489 701 et
1530 659 1827 701 conscensa
1864 644 1986 699 navi

408 742 730 796 invenerunt
762 755 946 794 senem
974 740 1263 810 quemdam
1295 755 1363 794 ex
1395 738 1647 794 Patribus
1681 750 1841 809 quem
1878 751 1987 792 non

406 831 807 905 cognoscebant
826 872 841 897 ,
868 831 1008 886 idem
1039 831 1140 887 iter
1162 823 1530 902 arripientem.
1555 832 1691 887 Cum
1715 845 1843 900 ergo
1866 845 1992 885 con-

406 923 677 979 sedissent
712 921 912 978 fratres
948 923 1001 977 in
1040 923 1199 988 navi,
1237 923 1307 979 de
1354 922 1574 978 Patrum
1613 922 1783 993 gestis
1824 921 1987 976 verba

410 1017 590 1074 facere
616 1017 795 1072 exorsi
825 1025 951 1072 sunt
970 1056 986 1081 ,
1011 1027 1070 1071 et
1095 1017 1159 1071 de
1187 1016 1484 1087 Scripturis
1512 1031 1574 1072 ac
1597 1015 1852 1086 operibus
1878 1029 1991 1069 ma-

411 1122 576 1162 nuum
624 1105 998 1161 conferebant.
1045 1105 1224 1161 Senex
1260 1120 1390 1160 vero
1424 1104 1514 1160 ille
1547 1106 1662 1159 haec
1694 1104 1878 1158 ontnia
1912 1113 1993 1156 la-

410 1210 544 1251 cens
572 1196 844 1250 audiebat.
875 1195 1275 1250 Descendentes
1301 1210 1329 1249 e
1360 1195 1484 1249 navi
1513 1203 1881 1265 cognoverunt
1908 1207 1994 1248 se-

412 1303 533 1342 nem
564 1286 715 1342 illum
745 1285 935 1342 eodem
967 1287 1299 1342 contendere
1330 1286 1532 1343 itinere
1560 1288 1626 1341 ad
1656 1286 1715 1341 S.
1740 1287 1991 1340 abbatem

412 1380 725 1434 Antonium.
756 1377 891 1434 Cum
922 1393 987 1433 eo
1019 1378 1201 1448 itaque
1227 1379 1638 1447 pervenissent,
1666 1387 1723 1433 et
1754 1378 1998 1448 aspexis-

412 1478 495 1523 set
525 1482 619 1523 eos
649 1467 708 1525 S;
752 1468 1061 1532 Antonius,
1106 1468 1184 1523 ait
1233 1468 1339 1524 illis
1377 1466 1675 1525 fratribus:
1726 1470 1996 1538 Optimum

412 1560 656 1615 comitem
681 1558 824 1614 nacti
851 1559 973 1614 estis
1000 1559 1139 1613 hunc
1168 1575 1364 1614 senem.
1394 1558 1463 1613 Et
1490 1559 1624 1615 dixit
1653 1561 1769 1615 seni
1798 1576 1812 1613 :
1846 1559 1999 1629 Opti-

415 1669 524 1707 mos
569 1653 781 1707 comites
842 1661 1028 1706 nactus
1070 1663 1127 1706 tu
1173 1669 1376 1723 quoque
1420 1669 1509 1718 es,
1560 1651 1743 1709 Pater.
1774 1652 1872 1709 Cui
1911 1667 1996 1707 re-

2089 468 2145 512 et
2178 468 2290 529 tum
2322 460 2473 529 operi
2506 458 2869 515 incumbebat.
2902 456 3005 525 Qui
3041 466 3219 512 autem
3255 457 3372 511 haec
3401 455 3645 509 faciebat
3669 498 3687 521 ,

2092 548 2315 618 angelus
2345 558 2466 604 erat
2501 546 2593 603 Dei
2621 547 2918 615 immissus,
2944 556 3005 601 ut
3030 546 3241 602 animos
3268 545 3490 599 adderet
3512 543 3692 599 Aulo.

2093 644 2205 706 nio,
2225 652 2279 697 et
2307 643 2569 699 excitaret
2597 644 2662 698 ad
2699 642 3093 698 fortitudinem.
3112 639 3266 695 Tunc
3285 639 3484 709 aitipsi
3519 654 3696 707 ange-

2092 734 2177 788 lus
2203 733 2291 790 ille
2320 753 2334 789 :
2366 737 2453 790 Ita
2484 735 2593 804 fac,
2612 734 2825 798 Antoni,
2844 744 2891 788 et
2919 732 3224 788 salvaberis.
3249 730 3456 798 Quibus
3486 730 3700 783 auditis

2091 822 2250 877 valde
2274 823 2510 894 gavisus,
2542 834 2594 879 et
2631 824 2874 878 imitatus
2899 838 3035 893 opus
3068 822 3230 887 illius,
3263 821 3508 876 salvatus
3543 831 3662 875 est.

2164 913 2359 968 Fertur
2404 912 2657 983 juvenem
2693 914 2981 984 quemdam
3005 914 3331 969 monachum
3358 912 3702 968 miraculum

2098 1006 2150 1060 iu
2181 1006 2264 1061 via
2287 1016 2657 1078 perpetrasse,
2680 1006 3000 1062 videntibus
3023 1006 3332 1063 senioribus
3356 1006 3704 1076 quibusdam

2098 1098 2203 1153 iter
2246 1098 2597 1154 facientibus.
2651 1088 2970 1154 Miraculum
3001 1108 3179 1153 autem
3210 1097 3520 1166 huiusmodi
3551 1095 3666 1150 fuit
3686 1114 3703 1149 :

2090 1187 2232 1243 Cum
2268 1187 2338 1243 ob
2365 1190 2598 1245 nimiam
2640 1189 3025 1245 lassitudinem
3072 1189 3288 1244 itineris
3315 1188 3574 1243 sederent
3611 1203 3711 1242 se-

2094 1277 2280 1334 niores
2309 1280 2528 1349 quidam
2559 1280 2612 1334 in
2641 1280 2766 1345 via,
2800 1280 3057 1350 praecepit
3084 1278 3301 1347 juvenis
3344 1279 3438 1332 ille
3467 1277 3710 1349 onagris

2098 1371 2188 1440 qui
2223 1369 2294 1424 ibi
2330 1385 2497 1441 prope
2527 1371 2860 1441 pascebant,
2915 1380 2974 1425 ut
3023 1369 3303 1425 venientes
3342 1378 3711 1438 asportarent

2102 1463 2350 1520 seniores
2374 1463 2502 1518 illos
2528 1464 2600 1518 ad
2630 1462 2749 1518 loca
2775 1478 2874 1518 sua
2901 1478 2917 1526 ;
2947 1462 3089 1532 quod
3120 1460 3303 1516 statim
3331 1461 3525 1530 onagri
3555 1475 3710 1531 prm-

2102 1555 2380 1609 stiterunt.
2412 1551 2566 1620 Quod
2600 1552 2845 1608 seniores
2878 1550 2938 1606 S.
2967 1550 3148 1606 abbati
3182 1548 3457 1615 Antonio,
3494 1563 3560 1603 eo
3592 1563 3708 1617 ap-

2104 1644 2372 1714 pelleutes
2399 1684 2413 1708 ,
2447 1643 2779 1698 indicarunt.
2815 1641 2923 1709 Qui
2954 1642 3031 1696 ait
3065 1640 3169 1696 illis
3199 1658 3212 1694 :
3252 1637 3445 1711 Utique
3475 1657 3710 1709 compa:-

324 1728 331 1738 ’
413 1744 634 1816 spondit
680 1758 849 1801 senex
875 1761 890 1800 :
922 1743 1122 1814 Optimi
1156 1743 1374 1815 quidem
1410 1746 1497 1800 isti
1531 1757 1692 1812 sunt,
1722 1746 1817 1802 sed
1854 1746 1997 1815 ipso-
2030 1727 2073 1782 Β
2102 1737 2240 1791 ratio
2266 1737 2508 1791 monachi
2534 1735 2694 1805 hujus
2717 1751 2871 1806 penes
2896 1751 2978 1788 me
3002 1735 3259 1787 instarest
3280 1733 3423 1787 navis
3443 1731 3709 1785 omnibus

414 1854 535 1894 rum
558 1838 751 1894 domus
770 1835 932 1905 janua
959 1844 1111 1891 caret
1137 1855 1150 1891 :
1178 1852 1346 1907 quare
1366 1837 1460 1907 qui
1489 1837 1763 1893 stabulum
1793 1837 1999 1907 ingredi

414 1928 564 1997 vult,
593 1938 649 1985 et
681 1928 893 1983 asinum
924 1927 1138 1982 solvere
1169 1938 1223 1983 et
1252 1928 1557 1993 abducere,
1592 1928 1796 1982 nullum
1833 1928 2002 1984 habe-

419 2022 495 2075 bit
521 2020 923 2090 prohibentem.
953 2020 1160 2085 Quibus
1186 2034 1353 2075 senex
1384 2019 1648 2075 innuebat
1670 2060 1685 2086 ,
1712 2034 1806 2076 eos
1840 2020 1998 2076 obvia

415 2124 642 2182 qumque
672 2109 871 2179 linguis
908 2109 1222 2179 protulisse.

486 2200 684 2257 Fertur
719 2201 942 2256 fratrem
972 2202 1283 2272 quemdam,
1313 2206 1514 2261 mundo
1533 2216 1860 2279 contempto,
1883 2222 2002 2263 om-

428 2297 520 2349 nia
554 2310 676 2364 quae
703 2293 1052 2363 possidebat,
1086 2295 1299 2351 modico
1329 2295 1394 2349 ad
1423 2298 1671 2368 proprias
1702 2298 1999 2354 necessita«

424 2400 505 2443 tes
533 2385 899 2442 sublevandas
932 2393 1163 2448 retento,
1217 2400 1472 2457 erogasse
1505 2387 1558 2442 in
1606 2404 1914 2459 pauperes,
1947 2398 2002 2445 et

419 2479 485 2532 ad
519 2476 578 2532 S.
616 2477 912 2531 Antoniqu
960 2491 1021 2532 se
1059 2477 1355 2548 recepisse.
1405 2477 1576 2544 Quem
1608 2495 1731 2533 cum
1779 2480 2002 2536 intuitus

420 2577 566 2624 esset
612 2583 808 2632 senex,
845 2576 900 2621 et
933 2566 1082 2620 illum
1131 2568 1511 2636 cognovisset,
1545 2569 1620 2624 ait
1657 2569 1728 2624 illi
1758 2588 1771 2624 :
1820 2570 1883 2626 Si
1923 2571 2001 2626 vis

418 2660 534 2724 ﬁeri
567 2661 887 2720 monachus.
922 2658 1054 2711 vade
1084 2657 1154 2710 ad
1188 2656 1295 2711 tale
1329 2658 1611 2728 Oppidum,
1642 2677 1753 2715 eme
1779 2678 1999 2728 carnes,

419 2750 681 2805 subtiliter
704 2749 909 2803 disseca
929 2786 946 2813 ,
990 2758 1037 2802 et
1081 2759 1268 2803 exutus
1295 2751 1517 2804 vestibus
1542 2752 1800 2819 suspende
1825 2768 1853 2806 e
1881 2751 2003 2806 bra-

406 2849 552 2904 chiis
595 2857 642 2903 et
683 2847 964 2913 manibus,
1003 2856 1054 2901 et
1097 2846 1199 2901 ltuc
1245 2860 1516 2905 revertere.
1561 2847 1718 2918 Quod
1752 2850 2004 2919 prmstitit

422 2943 589 2997 Pater
628 2939 756 3007 ille,
801 2950 860 2995 ut
924 2954 1091 2996 senex
1135 2951 1509 3011 pra‘ceperat;
1557 2943 1653 2998 sed
1695 2958 1763 2997 en
1807 2959 2000 3007 canes,

420 3049 548 3089 ares
578 3044 634 3089 et
660 3031 958 3089 crabrones
993 3032 1146 3087 illum
1173 3033 1567 3100 circumdant,
1593 3044 1648 3092 et
1671 3035 1889 3090 vulnera
1920 3018 2003 3091 in;

422 3125 612 3194 ﬂigunt
635 3124 900 3177 manibus.
927 3121 1061 3178 Cum
1089 3131 1273 3177 autem
1299 3124 1642 3192 pervenisset
1674 3125 1742 3180 ad
1778 3139 1962 3181 senem
1988 3165 2005 3190 ,

424 3226 479 3265 σαι
521 3213 924 3282 interrogatus,
971 3230 1038 3267 an
1092 3213 1310 3269 fecisset
1338 3214 1481 3283 quod
1526 3216 1604 3270 illi
1634 3226 2007 3286 prazceperat,

422 3306 681 3375 conqueri
724 3306 921 3374 coepit,
969 3305 1261 3360 ostendens
1307 3306 1528 3361 vulnera
1561 3323 1680 3363 sua.
1712 3308 1811 3363 Cui
1840 3308 2010 3364 abbas

422 3395 690 3452 Antonius
716 3396 824 3451 ait:
851 3394 955 3461 Qui
979 3396 1235 3448 mundum
1264 3398 1551 3450 contemnit
1576 3439 1591 3464 ,
1618 3400 1716 3452 etsi
1742 3399 2006 3453 modicum

423 3488 674 3552 retineat,
716 3487 790 3540 ita
827 3488 989 3541 evenit
1024 3487 1146 3552 illi;
1191 3486 1554 3543 vulnerabitur
1586 3490 1723 3543 enim
1761 3506 1794 3543 a
1823 3490 2009 3545 diabo-

421 3580 521 3645 lis,
549 3588 595 3633 et
623 3578 990 3632 certaminibus
1018 3578 1335 3633 dilaceratus
1361 3580 1681 3634 succumbet.

502 3670 695 3725 Fertur
723 3671 789 3725 de
812 3669 868 3724 S.
905 3672 1099 3725 abbate
1133 3671 1389 3734 Antonio,
1424 3672 1591 3740 quod,
1636 3688 1756 3727 cum
1795 3674 1846 3729 itt
1880 3674 2013 3729 soli-

428 3768 615 3823 tudine
636 3767 866 3822 sedisset
886 3765 1197 3837 aliquando,
1217 3773 1271 3819 et
1295 3765 1740 3834 pusillanimitate
1764 3782 1828 3823 ac
1857 3770 2012 3825 taedio

428 3858 654 3915 allectus
687 3866 867 3925 esset,
898 3867 1062 3927 atque
1093 3857 1346 3912 tenebras
1373 3858 1473 3926 ipsi
1503 3857 1862 3915 obduxissent
1894 3859 2013 3929 ejus

368 4014 374 4019 η
430 3950 829 4022 cogitationes,
862 3949 1111 4019 querelas
1142 3947 1366 4002 fundere
1398 3948 1463 4002 ad
1493 3948 1661 4003 Deum
1713 3951 1915 4021 erepit,
1949 3965 2012 4008 ac

428 4044 610 4097 dicere
636 4059 650 4095 :
691 4039 913 4095 Domine
938 4081 954 4104 ,
987 4040 1099 4095 vola
1125 4040 1360 4107 salvari,
1390 4041 1479 4094 sed
1504 4042 1853 4110 cogitationes
1883 4060 2012 4099 mea:

428 4140 758 4201 nequaquam
800 4132 929 4184 mihi
982 4131 1312 4200 permittunt.
1362 4130 1503 4197 Quid
1540 4148 1664 4202 ergo
1716 4132 1911 4202 faciam
1949 4136 2015 4191 de

426 4222 752 4292 passionibtts
780 4221 943 4286 meis,
975 4233 1018 4276 et
1054 4224 1316 4291 quomodo
1350 4224 1642 4279 salvabor?
1676 4226 1742 4280 Et
1775 4226 1898 4284 inde
1927 4245 2015 4285 se-

426 4312 626 4367 cedens
668 4310 941 4382 paululum
988 4312 1130 4367 sedit
1160 4312 1265 4366 alio
1296 4312 1349 4367 in
1382 4312 1501 4368 loco
1532 4332 1546 4380 ;
1591 4324 1647 4370 et
1684 4331 1816 4373 ecce
1862 4320 2010 4375 videt

2102 1838 2305 1886 onusta?
2322 1831 2507 1896 bonis;
2528 1830 2619 1884 sed
2646 1846 2713 1883 an
2737 1828 2883 1883 salva
2908 1829 2976 1882 ad
2999 1836 3209 1897 portum
3237 1826 3476 1896 appellet,
3494 1825 3709 1879 nescio.

2102 1921 2231 1976 Post
2264 1921 2485 1991 ’aliquod
2533 1929 2714 1975 autem
2749 1919 3011 1989 temporis
3036 1959 3051 1984 ,
3083 1918 3283 1972 factum
3320 1917 3714 1974 nescientibus

2104 2015 2162 2071 S.
2206 2013 2385 2069 Patris
2427 2012 2737 2084 discipulis,
2789 2026 2920 2067 ecce
2952 2010 3168 2080 plorare
3212 2024 3408 2076 senex,
3454 2007 3715 2076 capillos

2100 2107 2334 2162 evellere
2358 2146 2373 2172 ,
2406 2115 2460 2160 et
2512 2105 2785 2175 ingemere
2814 2104 3026 2159 fortiter
3049 2101 3377 2171 aggreditur.
3400 2099 3495 2155 Cui
3525 2099 3719 2154 disci-

2105 2197 2216 2268 puli
2256 2197 2448 2251 aiunt:
2483 2195 2644 2262 Quid,
2680 2194 2863 2257 Pater,
2913 2190 3441 2261 habesHlespondit
3471 2206 3653 2245 senex
3691 2209 3709 2245 :

2106 2276 2305 2359 Magna
2344 2285 2597 2341 Ecclesia:
2643 2287 2887 2341 columna
2934 2287 3118 2340 cecidit
3169 2290 3265 2339 hac
3308 2286 3435 2338 liora
3460 2326 3476 2346 ,
3510 2299 3715 2354 nempe

2093 2377 2302 2449 juvenis
2335 2377 2425 2429 ille
2456 2376 2545 2430 cui
2596 2376 2899 2431 obedierunt
2935 2377 3162 2446 onagri:
3206 2377 3295 2430 sed
3338 2374 3584 2442 festinate
3612 2377 3721 2429 ad‘

2102 2469 2252 2523 illum
2273 2509 2289 2535 ,
2320 2477 2368 2524 et
2395 2467 2520 2539 quid
2559 2469 2634 2523 rei
2666 2469 2858 2522 accidit
2894 2469 2974 2522 illi
3010 2469 3197 2523 videte.
3234 2465 3472 2520 Profecti
3504 2476 3703 2522 autem

2104 2561 2352 2633 discipuli
2382 2561 2707 2617 invenerunt
2736 2561 3061 2616 monachum
3095 2560 3375 2616 sedentem
3402 2574 3566 2629 super
3592 2569 3716 2615 sto-

2104 2668 2221 2718 rea,
2256 2654 2565 2726 plorantem
2604 2668 2668 2708 ac
2694 2662 2999 2722 gementem
3030 2668 3128 2723 pro
3154 2658 3381 2719 peccato
3408 2652 3551 2720 quod
3578 2667 3713 2721 per-

2098 2755 2427 2818 petraverat.
2474 2746 2579 2813 Qui
2624 2760 2747 2800 cum
2794 2745 3021 2799 vidisset
3050 2743 3343 2813 discipulos
3401 2744 3588 2806 senis,
3624 2743 3713 2797 ait

2109 2837 2214 2892 illis
2242 2855 2256 2892 :
2288 2835 2498 2907 Bogate
2542 2850 2726 2890 senem
2746 2875 2763 2903 ,
2790 2850 2975 2904 quaeso
2997 2875 3013 2901 ,
3041 2844 3100 2890 ut
3130 2834 3261 2890 mihi
3298 2849 3328 2888 a
3362 2832 3473 2888 Deo
3508 2834 3713 2902 depre-

2106 2939 2262 2987 cetur
2296 2931 2485 2986 decem
2520 2928 2732 2982 dierum
2764 2927 2887 2982 vita:
2916 2927 3147 2997 spatium
3172 2966 3189 2991 ,
3223 2934 3282 2979 ut
3309 2924 3700 2993 paenitentiam

2112 3038 2289 3093 agam.
2325 3020 2430 3076 Sed
2468 3029 2593 3075 ante
2627 3018 2871 3090 quinque
2899 3018 3017 3073 dies
3045 3016 3297 3072 decessit.

2181 3113 2375 3170 Fertur
2415 3112 2477 3169 S.
2529 3113 2845 3175 Antonium,
2879 3111 3182 3181 perculsum
3230 3112 3523 3181 aliquando
3571 3126 3710 3180 pro-

2111 3209 2376 3265 luuditate
2415 3207 2745 3278 judiciorum
2795 3206 2886 3260 Dei
2917 3206 3141 3276 ejusque
3184 3206 3656 3276 dispensatiounm
3682 3245 3705 3271 .

2118 3317 2306 3357 orasse
2337 3311 2498 3371 atque
2548 3299 2749 3354 dixisse
2777 3314 2791 3351 :
2823 3298 3044 3353 Domine
3069 3338 3085 3362 ,
3113 3298 3374 3368 quomodo
3426 3299 3711 3351 hominum

2124 3393 2340 3465 quidam
2371 3392 2439 3445 ad
2471 3400 2782 3445 senectutem
2812 3392 3116 3460 perreniant
3138 3378 3195 3445 Iet
3223 3391 3539 3458 decrepitam
3568 3405 3712 3444 atta-

2111 3495 2212 3540 tem
2232 3524 2247 3550 ,
2278 3483 2371 3537 alii
2397 3482 2625 3551 infantes
2657 3483 2955 3535 moriuntur
2984 3491 3035 3536 et
3065 3483 3204 3536 brevi
3236 3482 3454 3537 vivunt?
3478 3484 3549 3535 Et
3580 3499 3713 3549 quo-

2111 3576 2267 3630 modo
2309 3590 2558 3644 pauperes
2608 3574 2822 3644 quidam
2865 3582 3022 3638 sunt,
3061 3573 3157 3628 alii
3201 3590 3317 3629 vero
3358 3576 3551 3628 divites
3576 3574 3604 3626 .’
3636 3572 3710 3626 Et

2112 3667 2370 3732 quomodo
2401 3666 2615 3736 tyranni
2650 3674 2695 3719 et
2736 3681 3063 3735 oppressores
3091 3679 3476 3736 prosperantur
3520 3684 3589 3720 ac
3628 3668 3714 3721 di-

2112 3768 2315 3825 tantur,
2334 3757 2471 3828 justi
2502 3772 2620 3811 vero
2646 3758 3026 3826 conﬂictantur
3051 3757 3490 3813 tribulationibus
3540 3768 3592 3814 et
3630 3760 3716 3813 in—

2116 3854 2238 3923 opia
2265 3852 2291 3905 ?
2318 3851 2451 3906 Cum
2482 3858 2661 3904 autem
2700 3849 2792 3903 diu
2834 3849 3156 3918 pensitanda
3202 3851 3519 3918 laboraret,
3556 3852 3716 3906 venit

2113 3947 2181 4002 ad
2213 3946 2361 4000 illum
2391 3959 2495 3999 vox
2525 3944 2710 3998 dicens
2735 3961 2748 3997 :
2780 3943 3014 4009 Antoni,
3037 3943 3273 4013 prospice
3301 3944 3396 3997 tibi
3416 3984 3435 4009 ,
3466 3952 3521 3998 et
3550 3943 3715 4015 justi.

2114 4038 2196 4093 cia
2229 4036 2326 4091 Dei
2360 4053 2424 4091 ne
2453 4036 2812 4107 pervestiges.-

2185 4128 2380 4184 Fertur
2413 4130 2470 4185 S.
2503 4116 2750 4183 abbatem
2786 4126 3082 4182 Antonium
3117 4127 3362 4183 dixisse:
3405 4126 3529 4183 Vidi
3584 4129 3709 4198 Spio

2117 4222 2276 4276 ritum
2317 4220 2416 4275 Dei
2453 4220 2848 4274 descendentem
2890 4235 3052 4286 super
3080 4231 3183 4274 tres
3220 4235 3479 4290 personas
3502 4259 3519 4283 ,
3551 4235 3711 4288 super

2116 4313 2354 4367 abbatem
2394 4310 2783 4374 Athanasium,
2812 4320 2861 4364 et
2891 4312 3048 4364 datus
3079 4320 3154 4365 est
3188 4313 3238 4364 ei
3264 4313 3709 4379 patriarchatus;

429 4407 701 4462 hominem
728 4405 1014 4475 quemdam
1038 4415 1208 4460 totum
1238 4417 1556 4476 occupatum
1586 4408 1637 4463 iu
1668 4409 1854 4468 labore
1901 4429 2013 4468 ma—
2040 4406 2086 4463 D
2115 4420 2269 4475 super
2306 4404 2544 4459 abbatem
2590 4402 2971 4468 Pacltontium,
3004 4413 3055 4457 et
3083 4404 3241 4458 datus
3263 4413 3338 4460 est
3366 4406 3417 4460 ei
3442 4406 3711 4475 primatus

428 4510 593 4551 unum
614 4508 870 4558 suarum,
895 4494 985 4563 qui
1014 4502 1124 4548 tum
1151 4494 1429 4565 surgebat,
1452 4495 1643 4550 relicto
1663 4510 1860 4567 opere,
1882 4514 2009 4557 ora-

428 4588 550 4653 bat,
587 4588 893 4656 iterumque
929 4585 1310 4641 revertebatur
1344 4588 1409 4639 ad
1443 4601 1578 4656 opus
1601 4627 1615 4652 ,
1665 4603 1858 4660 nempe
1899 4592 2007 4659 pal.

2120 4497 2496 4554 cmnobitarum
2517 4512 2537 4560 ;
2559 4511 2712 4560 super
2736 4493 2976 4548 abbatem
3002 4494 3339 4549 lladtarium
3361 4535 3375 4560 ,
3399 4507 3449 4549 et
3475 4496 3607 4549 data
3628 4504 3712 4549 est

2119 4592 2167 4644 ei
2194 4589 2370 4660 gratia
2401 4587 2758 4642 curationum.

1354 4755 1690 4816 MONACIIO
1728 4758 2066 4829 QUOMODO
2100 4764 2230 4822 EST
2284 4760 2779 4820 PSALLENDUM.

496 4903 688 4961 iunior
712 4899 931 4973 quidam
960 4899 1260 4972 monachus
1283 4938 1298 4963 ,
1335 4896 1395 4951 Β.
1434 4898 1654 4954 Antonii
1688 4899 1898 4956 abbatis
1926 4901 2010 4955 di-

425 4994 702 5067 scipulus,
743 4991 942 5046 missus
986 4996 1073 5044 est
1098 4986 1398 5059 aliquando
1435 5002 1465 5041 a
1499 4988 1762 5058 nntgistro
1784 5028 1800 5055 ,
1840 4998 1896 5044 ut
1927 5007 2015 5046 se-

413 5103 550 5145 nem
583 5083 906 5141 monachum
926 5122 942 5147 ,
975 5082 1234 5134 virtutum
1265 5078 1532 5133 celebrem
1596 5078 1739 5133 fatua
1764 5119 1780 5144 ,
1812 5080 2015 5135 invise-

430 5177 547 5248 nit;
579 5177 676 5252 qui
708 5190 834 5231 cum
868 5173 1017 5229 illum
1052 5172 1279 5228 adiisset
1315 5181 1480 5241 atque
1515 5171 1846 5237 salutasset,
1883 5174 1960 5228 ait
1995 5191 2008 5227 :

429 5270 704 5339 Quamuis
727 5267 902 5333 uales,
937 5265 1102 5321 Pater
1130 5266 1203 5319 uti
1227 5265 1255 5321 2
1289 5262 1555 5327 Pessime,
1589 5264 1874 5333 respondit
1920 5279 2013 5319 sc-

430 5366 570 5419 uior.
594 5361 946 5434 Currjunior
995 5357 1194 5430 lnquit.
1215 5358 1359 5423 Quia
1381 5397 1396 5424 ,
1424 5356 1605 5413 subdit
1628 5357 1833 5423 senior,
1860 5359 2017 5413 trice-

426 5470 592 5509 simus
618 5456 800 5524 agitur
817 5452 939 5521 jam
967 5468 1141 5509 annos
1160 5492 1175 5515 .
1206 5465 1272 5505 es
1297 5465 1403 5522 quo
1433 5465 1553 5502 sum
1596 5449 1651 5504 in
1689 5449 1786 5504 hoc
1812 5449 2016 5505 deserto

431 5543 697 5617 rdigianis
740 5558 907 5614 om;
948 5551 1123 5598 tamen
1168 5550 1277 5598 toto
1320 5541 1420 5598 hoc
1454 5551 1693 5613 tempore
1739 5542 2009 5599 orationes

516 5723 562 5760 ⁵⁸
592 5726 727 5785 Psal,
759 5739 927 5781 cxvut
950 5766 963 5789 ,
1000 5726 1088 5781 ει.

2121 4918 2249 4957 mea:
2292 4908 2415 4956 sunt
2462 4912 2650 4954 contra
2703 4914 2829 4954 me:
2883 4915 3004 4952 nam
3050 4899 3283 4971 quotidie
3322 4911 3513 4956 memet
3543 4904 3710 4972 ipsum

2121 5008 2282 5048 orans
2311 4990 2568 5046 maledico
2597 5008 2616 5057 ;
2649 4990 2812 5045 Deum
2837 5029 2853 5053 .
2890 5005 2953 5042 ne
2978 4991 3288 5045 misereatur
3317 4994 3417 5046 mei
3440 5035 3457 5057 ,
3495 5011 3711 5063 precor;

2119 5093 2167 5140 et
2192 5100 2368 5138 omnes
2390 5084 2596 5138 demum
2619 5098 2794 5151 preces
2815 5098 2944 5137 mete
2965 5092 3089 5137 sunt
3121 5086 3451 5138 mendacium
3473 5101 3539 5139 ac
3561 5087 3713 5139 uerba

2120 5176 2324 5231 inania.
2349 5174 2559 5244 Quibus
2584 5173 2845 5230 attonitus
2866 5175 3047 5232 verbis
3070 5178 3370 5231 monachus
3392 5177 3483 5232 ille
3506 5175 3710 5245 iunior,

2124 5269 2239 5323 ait:
2272 5268 2547 5335 Quomodo
2571 5268 2718 5330 hcce,
2747 5265 2907 5322 Pater
2936 5269 3009 5321 mi
3034 5271 3060 5324 7
3092 5267 3266 5333 Quia,
3305 5270 3598 5339 respondit
3639 5285 3715 5323 sc-

2127 5357 2266 5422 ninr',
2297 5355 2505 5411 declina
2537 5373 2569 5411 a
2600 5355 2864 5411 mandatis
2895 5354 3027 5423 Dei,
3052 5367 3222 5411 tamen
3244 5356 3525 5424 psallendo
3552 5357 3712 5411 dico:

2130 5467 2149 5499 ι
2183 5448 2502 5504 Maledictns
2523 5486 2537 5511 ,
2565 5448 2663 5517 qui
2687 5447 2918 5503 declinat
2946 5467 2978 5503 α
3008 5450 3274 5504 mandatis
3307 5450 3414 5503 tuis
3449 5448 3520 5502 ⁸³.
3550 5469 3571 5501 ι
3604 5447 3719 5502 lni-

2116 5544 2342 5616 quimtes
2394 5554 2630 5618 perpetro
2662 5584 2677 5614 ,
2747 5554 2855 5600 tum
2890 5545 3107 5602 ,catttito
3150 5560 3172 5601 :
3212 5563 3231 5596 τ
3270 5542 3354 5601 Ne
3408 5546 3720 5601 miserearis
