3976 6204
306 260 438 316 1101

1296 256 1663 317 VARIORUM
1701 259 2007 318 REGULE
2042 262 2134 318 AD
2160 263 2551 320 MONACHOS.

3427 263 3561 318 “03

285 374 552 439 omnibus,
584 374 674 443 qui
703 384 984 444 operantur
1009 372 1333 443 iniquitatem
1351 374 1417 431 δ’.
1447 394 1466 428 υ
1496 374 1773 431 Mendacia
1807 376 1886 445 ef-
1911 387 1960 445 Α
1988 378 2223 435 laborem
2277 362 2486 447 meum,
2540 389 2590 435 et
2641 381 2849 434 dimitte
2892 380 3019 433 mihi
3063 379 3304 433 universa
3345 390 3561 445 peccata

291 466 426 535 {utio
452 506 469 533 ,
495 475 543 520 et
572 481 667 519 oro
699 465 865 519 Deum
893 478 912 518 :
964 482 984 516 ι
1016 464 1211 519 Perdes
1243 482 1420 521 omnes
1465 467 1556 537 qui
1590 466 1878 538 loquuntur

286 558 627 612 mendacium
657 557 727 611 ⁸⁸.
758 576 781 609 s
813 554 975 610 Totus
1005 554 1121 611 sum
1161 556 1216 610 in
1254 557 1383 611 cibis
1430 559 1784 627 apparandis,
1828 567 1878 612 et

283 649 433 719 gula:
475 648 806 717 crapulatque
857 648 1102 717 deditus,
1152 650 1486 716 impudenter
1534 667 1714 705 corum
1771 651 1878 705 Deo

293 736 506 805 fundo:
551 756 569 790 ι
601 736 804 792 Oblitus
834 753 952 792 sum
991 738 1260 795 comedere
1295 755 1485 808 partem
1532 757 1705 796 meum
1752 741 1821 794 ".
1854 760 1874 793 ι

300 831 542 901 Pigritic
565 847 629 884 ac
659 846 840 883 somno
865 832 995 884 satis
1023 829 1291 900 indulgeo,
1324 842 1376 885 et
1400 832 1580 886 media
1599 833 1767 903 ferme
1796 834 1882 888 die

287 923 516 976 decanto
545 920 688 975 Deo:
715 940 735 972 ι
766 920 945 976 Media
975 929 1123 975 nocte
1149 922 1426 991 surgebam
1441 923 1510 978 ad
1530 924 1879 993 conﬁtendum

285 1013 388 1067 tibi
425 1015 490 1066 ⁸³.
522 1030 546 1063 s
582 1012 839 1068 Sedulam
888 1012 1083 1081 requiei
1121 1028 1254 1066 navo
1289 1028 1498 1081 operam
1540 1025 1591 1068 et
1625 1013 1881 1084 jucunda:

288 1106 444 1168 uitae,
479 1104 812 1187 laboremque
853 1102 1101 1172 refugio;
1133 1113 1294 1174 alque
1314 1104 1500 1183 psallo
1545 1115 1699 1161 tum:
1731 1123 1750 1156 ε
1776 1103 1884 1159 La-

288 1196 475 1250 boravi
502 1196 559 1249 in
595 1197 787 1266 gemitu
816 1212 930 1250 meo
957 1195 1024 1248 ⁵³.
1056 1213 1075 1246 i
1094 1192 1258 1248 ‘Risui
1279 1236 1294 1262 ,
1324 1195 1531 1250 laetitia
1555 1213 1616 1249 ac
1641 1197 1880 1251 omnibus

288 1288 581 1343 mundanis
612 1288 867 1343 illecebris
896 1290 1124 1358 impense
1153 1292 1336 1344 studeo
1363 1306 1382 1352 ;
1429 1289 1538 1343 alta
1578 1299 1754 1343 tamen
1790 1290 1879 1344 in:-

287 1393 419 1437 tono
444 1398 561 1436 uoce
583 1398 602 1436 :
633 1399 653 1433 ‹
683 1380 925 1435 Fuerunt
957 1381 1084 1436 mihi
1102 1381 1362 1451 olacryma:
1399 1395 1530 1436 mea!
1568 1397 1759 1450 panes,
1796 1381 1883 1435 die

286 1491 360 1529 ac
390 1487 538 1529 nocte
566 1474 634 1527 “.
665 1493 685 1527 ο
716 1473 822 1529 Cor
852 1489 1021 1527 meum
1061 1474 1115 1528 in
1145 1474 1426 1529 mundanis
1456 1472 1802 1543 dignitatibus
1832 1481 1881 1527 et

294 1564 581 1618 honoribus
612 1563 891 1630 captandis
924 1572 1089 1618 totum
1119 1573 1192 1618 est
1221 1563 1441 1632 inﬁxum
1463 1605 1478 1627 ,
1516 1575 1564 1617 et
1603 1564 1774 1617 media
1809 1563 1879 1616 ad

289 1665 486 1709 metant
515 1670 717 1721 semper
758 1655 1087 1720 meditatur;
1115 1656 1368 1709 audacter
1407 1654 1755 1708 nihilominus
1792 1669 1880 1708 oc-

1982 488 2096 526 mea
2118 472 2188 527 ".
2220 491 2240 526 s
2268 470 2376 529 Cor
2401 489 2573 527 meum
2598 473 2667 527 ad
2697 473 2877 527 divina
2903 470 3259 540 suscipienda,
3288 484 3565 540 exsequen-

1981 565 2151 632 daque
2176 564 2276 619 Dei
2306 565 2559 620 mandata
2593 581 2925 635 nequaquam
2955 572 3205 633 paratum
3241 570 3361 626 est;
3395 560 3564 632 psallo

1982 666 2199 712 tamen:
2230 676 2249 709 s
2285 654 2546 711 Paratum
2585 673 2677 711 cor
2717 672 2920 722 meum,
2962 654 3137 719 Deus,
3181 664 3430 723 paratum
3476 669 3567 706 cor

1981 764 2153 803 meum
2200 749 2270 806 ⁸⁸.
2298 769 2317 803 s
2359 748 2494 804 Cum
2525 748 2636 803 lia:c
2683 765 2805 819 ergo
2842 749 2917 802 ita
2942 764 3052 803 sese
3090 747 3357 812 habeant,
3398 761 3566 800 nonne

1982 839 2110 892 mihi
2143 840 2433 893 timendum
2460 851 2533 915 est
2557 880 2572 906 ,
2598 840 2738 909 quod
2769 837 2970 909 frustra
2995 838 3226 893 stadium
3255 838 3354 892 hoc
3374 852 3564 891 cucur-

1984 929 2164 983 rissent
2187 970 2201 995 ,
2233 929 2542 984 delusissem
2573 930 2872 994 ueritatem,
2917 937 2966 983 et
3004 928 3213 996 praemii
3253 926 3368 982 loco
3409 928 3566 982 meri-

1983 1025 2066 1070 tus
2096 1032 2257 1070 essent
2288 1018 2547 1087 supplicia
2570 1017 2597 1071 2’

2053 1105 2135 1161 Ad
2172 1107 2288 1163 haec
2316 1107 2502 1176 junior
2531 1108 2607 1162 ait
2643 1108 2943 1162 monachus
2972 1123 2985 1159 :
3022 1108 3187 1160 Pater
3219 1107 3331 1171 mi,
3370 1109 3470 1162 ista
3500 1107 3565 1164 de

1984 1216 2039 1253 se
2072 1199 2186 1268 ipso
2211 1200 2427 1268 protulit
2466 1200 2635 1255 David
2656 1241 2670 1265 ,
2708 1217 2812 1254 non
2855 1203 3062 1270 quidem
3089 1201 3153 1255 de
3196 1200 3343 1256 nobis
3379 1217 3565 1255 mona-

1984 1291 2115 1345 chis.
2145 1289 2244 1346 Cui
2280 1306 2389 1347 non
2425 1292 2543 1347 sine
2574 1291 2824 1360 suspiriis
2865 1300 2921 1346 et
2985 1289 3276 1346 uberrimis
3312 1290 3565 1362 Iacryntis

1985 1382 2264 1452 respondit
2314 1382 2501 1438 senior
2544 1381 2677 1438 ille:
2726 1380 2834 1436 Fili
2878 1382 2984 1448 mi,
3031 1390 3169 1436 certe
3216 1381 3319 1435 nisi
3344 1398 3406 1436 ea
3447 1398 3565 1451 qua:

1978 1474 2112 1530 olim
2155 1492 2269 1531 vere
2305 1476 2370 1531 de
2412 1492 2467 1530 se
2504 1477 2616 1542 ipso
2656 1477 2842 1529 cecinit
2868 1474 3077 1543 David,
3116 1492 3373 1548 nunquos
3402 1477 3564 1529 etiam

1984 1568 2048 1623 de
2075 1568 2220 1623 nobis
2250 1584 2363 1623 vere
2392 1584 2646 1621 canamus
2673 1608 2686 1629 ,
2722 1584 2838 1621 cum
2871 1584 2931 1621 ea
2967 1568 3021 1620 in
3057 1577 3236 1620 nostra
3264 1566 3564 1631 orciuamus

1984 1672 2207 1726 persona
2227 1698 2243 1724 ,
2267 1667 2317 1711 et
2338 1656 2529 1711 iisdem
2558 1656 2724 1710 verbis
2758 1656 2923 1710 Deum
2953 1656 3323 1728 alloquamur;
3351 1656 3567 1709 menda-

285 1748 416 1799 ~cino
442 1762 620 1799 coram
653 1745 759 1799 Deo
779 1761 798 1800 :
826 1762 847 1798 ι
876 1745 1153 1800 Μεάἱιαιὶο
1184 1747 1357 1801 cordis
1388 1747 1489 1800 mei
1521 1747 1574 1799 in
1604 1754 1879 1813 conspectu
1918 1733 1957 1790 Β
1988 1748 2071 1801 cia
2093 1748 2432 1815 effundimus,
2452 1747 2575 1818 quia
2599 1747 2787 1800 veritas
2811 1757 2886 1801 est
2910 1786 2924 1811 ,
2952 1757 3007 1800 ut
3033 1744 3186 1800 verba
3217 1747 3564 1814 respondeant

294 1849 388 1892 tuo
416 1855 613 1906 semper
640 1838 708 1893 ⁸⁸.
742 1856 761 1890 ι
787 1837 987 1908 Jejuno
1030 1838 1140 1907 fere
1188 1856 1453 1908 nunquam
1499 1849 1589 1891 aut
1634 1853 1790 1901 raro,
1826 1847 1872 1890 et

288 1930 656 2000 impinguatus
704 1947 767 1983 ac
800 1930 1219 1996 ualentissimus,
1248 1930 1429 2000 e/futio
1450 1943 1469 1982 :
1499 1949 1519 1982 ‹
1548 1929 1731 1986 Genua
1761 1945 1876 1983 mea

298 2024 572 2093 inﬁrmata
598 2033 718 2077 sunt
753 2041 783 2077 a
804 2018 1010 2093 jejunio
1039 2022 1105 2075 ⁸⁸.
1141 2041 1159 2074 s
1187 2021 1441 2092 Superbia
1469 2023 1680 2093 eﬂ‘eror,
1708 2028 1881 2076 totus-

282 2132 398 2187 que
436 2116 657 2171 scientia
707 2117 875 2170 instar
902 2116 1041 2171 asini
1070 2117 1202 2170 utris
1228 2133 1342 2170 sum
1377 2117 1617 2186 inﬂatus,
1650 2115 1881 2169 nullout-

282 2225 397 2279 «que
427 2209 557 2263 ueris
584 2208 731 2263 bonis
762 2209 1001 2273 operibus
1033 2209 1098 2263 do
1131 2225 1372 2279 cperam,
1404 2206 1608 2261 labores
1636 2207 1877 2276 refugio;

284 2302 534 2372 supplico
567 2309 740 2355 tamen
774 2300 940 2356 Deum
967 2315 986 2355 :
1015 2318 1036 2352 ς
1082 2298 1208 2354 Vide
1237 2300 1591 2354 humilitatem
1631 2315 1797 2352 meam
1826 2308 1874 2351 et

1983 1837 2139 1909 [actis
2156 1854 2180 1902 ;
2204 1848 2359 1909 atque
2388 1839 2463 1892 ita
2487 1839 2752 1892 orationes
2780 1849 2972 1893 nostra:
2998 1836 3149 1892 verba
3177 1848 3326 1891 erunt
3354 1837 3562 1893 inania.

1985 1929 2240 1985 lmonou
2268 1930 2422 1984 verba
2455 1938 2661 1984 tantum
2701 1930 2884 1983 inania
2907 1968 2922 1991 ,
2972 1929 3063 1984 sed
3107 1938 3296 1984 contra
3331 1945 3467 1994 nos;
3504 1945 3568 1983 ac

1987 2021 2257 2075 uerissime
2295 2020 2430 2075 illud
2459 2021 2522 2073 de
2554 2020 2703 2073 nobis
2733 2022 3111 2089 pra’dt'cabt'lttr
3136 2020 3372 2090 ejusdem
3407 2018 3566 2073 Daui—

1934 2151 1948 2163 .
1985 2110 2075 2166 dis
2099 2127 2119 2167 :
2149 2130 2168 2162 ι
2205 2110 2268 2165 Ει
2299 2111 2468 2163 oratio
2486 2109 2601 2179 ejus
2626 2109 2720 2179 ﬁat
2750 2111 2801 2163 in
2830 2120 3097 2178 peccatum
3123 2110 3190 2164 5’.
3220 2127 3243 2163 s
3269 2107 3405 2162 Item
3434 2107 3567 2160 illud

1983 2204 2231 2271 sapientis
2279 2201 2577 2258 Salomonis
2614 2216 2632 2255 :
2665 2219 2685 2251 ε
2716 2199 2897 2257 Oratio
2957 2200 3070 2271 ejus
3122 2202 3219 2256 erit
3268 2200 3565 2254 exsecrabi-

1982 2297 2046 2350 lis
2070 2297 2134 2350 (⁵⁸.
2162 2315 2180 2348 ι

365 2454 409 2487 δ’
444 2452 587 2511 Psal.
612 2472 779 2520 um,
805 2455 860 2510 6.
939 2452 984 2486 '°
1025 2452 1164 2509 PsnL
1198 2469 1249 2516 ν,
1287 2454 1339 2508 7.
1414 2454 1459 2486 "
1501 2451 1644 2505 Psal.
1675 2467 1749 2517 (η,
1784 2450 1837 2506 5.

2000 2449 2139 2504 Psal.
2164 2465 2336 2504 cum
2361 2491 2376 2508 .
2404 2449 2497 2502 ϐξ.
2567 2448 2620 2481 ⁸³
2658 2446 2802 2501 Psal.
2834 2464 2884 2502 νει
2909 2489 2923 2513 ,
2959 2447 3011 2501 7.
3078 2447 3136 2520 _“
3174 2446 3313 2520 Psnl.
3353 2462 3475 2510 xu,
3509 2446 3563 2520 ξ.

284 2527 345 2558 ³⁸⁸
389 2525 528 2582 Psnl.
598 2543 762 2589 ut”,
830 2526 913 2580 15.

294 2599 344 2629 ⁸⁵
390 2596 543 2652 Prov.
583 2613 773 2662 3mm,
810 2597 864 2650 9.

306 2789 1477 2830 wﬂu—mh—
1536 2813 1599 2820 .—

638 2812 1477 2826 ρ-Δοσ-..αοω--υμ-μ-
1536 2813 1599 2820 .-

835 2814 1241 2825 .._.._._———-

990 2525 1036 2556 “
1076 2523 1216 2581 l'sal.
1282 2540 1453 2589 cvm,
1516 2522 1608 2577 94.
1683 2522 1725 2553 ⁸⁷
1768 2520 1878 2576 Psai

1984 2536 2122 2587 xxiv,
2185 2522 2270 2576 18.
2345 2522 2393 2552 ⁸⁸
2431 2520 2572 2575 i’sal.
2626 2533 2772 2583 cm,
2828 2519 2881 2573 2.

2954 2520 3006 2551 ⁵⁸
3070 2518 3214 2573 Psal.
3275 2532 3446 2581 (λιιι,
3510 2517 3562 2569 7.

1602 2777 3563 2820 Μ

1625 2954 1764 2996 ANNO
1806 2954 1988 2994 0031131
2016 2953 2262 2994 CCCLXV“

828 3130 992 3286 S.
1086 3122 2087 3284 THEODORI
2194 3092 3007 3277 ABBATIS

497 3443 1081 3538 EPISTOLA
1136 3443 1286 3532 AD
1342 3439 1742 3533 OMNIA
1814 3429 2629 3526 MONASTERIA.
2715 3430 2862 3517 DE
2937 3424 3383 3517 PASCHA

374 3657 513 3717 Fide
555 3660 877 3732 Potmlogia‘.
922 3659 1125 3715 Latina:
1164 3667 1299 3715 tam.
1348 3652 1576 3721 XXIII,
1600 3652 1700 3707 col.
1722 3650 1816 3708 99.
1842 3646 2074 3774 -ῖι
2114 3654 2291 3700 exstat
2314 3645 2369 3698 iu
2401 3643 2553 3699 Actis
2588 3649 2902 3698 sanctorum
2926 3638 3173 3696 Boiiaud.
3196 3638 3272 3692 ad
3296 3636 3435 3693 diem
3463 3638 3498 3692 9

635 4130 740 4193 SS.
772 4127 1089 4191 PATRUM
1117 4120 1589 4197 SERAPIONIS,
1618 4117 1968 4190 MACARII,
1999 4109 2441 4184 PAPHNUTII,
2472 4105 2787 4170 MACARII
2830 4099 3233 4176 ALTERIUS,

1241 4326 1710 4423 BEGULA
1781 4323 1931 4413 AD
2002 4302 2659 4479 MQNACHOS

1048 4548 1178 4605 Vide
1235 4547 1474 4619 ejusdem
1518 4541 1841 4612 Patrolugiac
1895 4537 2104 4595 Latina
2158 4545 2289 4590 tam.
2315 4530 2482 4599 CIII,
2525 4529 2627 4587 col.
2657 4528 2787 4586 ‘55.

530 4723 3165 4763 MM

754 4896 1025 4987 ALIA
1097 4853 1583 4983 Punuu
1675 4883 2139 4976 BEGULA
2226 4879 2371 4968 AD
2442 4872 3097 4969 MONACHOS
3566 4845 3575 4851 '

1639 5057 1764 5115 Vide
1792 5056 1946 5121 ibid.,
1985 5053 2086 5110 col.
2118 5052 2242 5109 hi.

309 5263 532 5278 ψ

540 5262 958 5277 w

308 5278 447 5299 ..-

1650 5236 3553 5275 W

764 5398 1236 5495 REGULA
1304 5395 1578 5487 ALIA
1658 5386 2522 5486 ORIENTALIUM
2616 5383 3111 5476 P’ATRUM

1619 5539 1749 5595 Vide
1785 5537 1943 5599 ibid..
1988 5536 2093 5591 col.
2134 5535 2256 5591 475.
