3968 6210
367 241 3635 313 W

1654 428 1790 467 ANNO
1835 425 2014 465 IIOMINI
2070 424 2316 463 CCCLX!"

1109 611 1281 788 s.
1389 453 2098 784 ISAIAS
2187 451 2902 777 ‘ABBAS

1709 1078 2317 1254 NOTI'I‘IA

1244 1312 1545 1374 (Cannam,
1581 1309 1680 1357 νει.
1711 1307 1852 1356 Patr.
1884 1302 2131 1363 Biblioth,
2159 1311 2192 1353 t.
2223 1303 2326 1363 ΠΙ,
2353 1302 2575 1366 Prolog,
2605 1316 2652 1366 p.
2683 1303 2767 1364 rt.)

448 1631 487 1685 I.
517 1628 684 1683 Isaias
716 1623 884 1677 abbas
919 1615 1352 1675 anachoreticam
1388 1613 1551 1667 vitam
1580 1612 1632 1666 in
1679 1611 1823 1665 Seeti
1853 1610 1954 1664 du-
1988 1615 2033 1670 Α
2063 1609 2237 1663 dictus
2292 1609 2624 1663 Anianensis
2662 1608 2713 1663 in
2774 1608 2960 1664 codice
2996 1608 3320 1680 Regularum
3355 1611 3675 1669 Ilolstenia-

381 1730 523 1778 stse
551 1718 803 1782 traditur,
837 1715 962 1769 dum
1025 1710 1202 1765 adhuc
1237 1711 1288 1761 in
1330 1706 1468 1760 vivis
1520 1713 1702 1776 ageret
1737 1702 1960 1772 Magnus

382 1814 732 1875 Athanasius,
780 1817 837 1864 ut
897 1821 962 1860 ex
1008 1801 1296 1858 Ammonis
1347 1797 1587 1867 episc0pi
1645 1793 1866 1865 epistola
1895 1794 1960 1845 ad

377 1904 741 1976 Theophilum
799 1894 1224 1952 Alexandrinum
1255 1890 1533 1944 erudimur
1563 1885 1661 1955 (α).
1700 1883 1867 1976 llaudr
1889 1891 1964 1936 ta-

383 2013 503 2054 men
539 1975 894 2062 compertum
938 1987 1221 2045 habemus,
1279 1995 1406 2034 num
1458 1979 1559 2033 iste
1593 1976 1760 2030 lsaias
1821 1975 1960 2028 idem

384 2087 546 2143 fuerit
571 2100 690 2138 cum
720 2096 784 2135 eo
816 2079 902 2147 qui
936 2075 1088 2130 Ptesii
1124 2073 1289 2126 frater
1340 2070 1506 2124 fuisse
1532 2067 1868 2138 perhibetur,
1899 2065 1964 2117 de

382 2195 490 2250 quo
519 2175 682 2231 multa
706 2171 975 2228 Palladius
1006 2169 1103 2239 (ὑ).
1133 2161 1323 2236 Neque
1368 2165 1495 2217 item
1547 2167 1780 2225 constat,
1806 2173 1872 2211 an
1899 2157 1964 2211 de

386 2283 570 2330 nostro
595 2266 1021 2326 arcbimandrita
1050 2263 1254 2319 mentio
1287 2259 1553 2314 habeatur
1588 2255 1640 2309 in
1675 2251 1966 2324 ApOphtlte-

381 2363 645 2437 gmatibus
667 2360 887 2414 Patrum
923 2355 1016 2425 (c).
1041 2353 1170 2420 Qua:
1194 2360 1372 2406 tamen
1402 2347 1555 2402 Isaiae
1581 2343 1964 2437 abbatisrdicta

387 2436 583 2513 ibidem
621 2459 949 2510 enarrantur
979 2446 1081 2519 (cl),
1114 2446 1230 2498 viro
1261 2443 1420 2497 beato
1448 2441 1513 2493 de
1541 2453 1648 2507 quo
1671 2436 1963 2505 loquimur,

389 2549 587 2604 rectius
616 2544 847 2600 fortasse
884 2537 1203 2596 ascribenda
1242 2534 1364 2604 quis
1420 2530 1638 2585 dixerit.
1677 2527 1804 2596 Ejus
1833 2541 1968 2596 quo-

385 2658 489 2711 quc
522 2638 766 2693 meminit
810 2648 930 2689 cum
984 2629 1141 2685 laude
1193 2626 1533 2695 Nicephorus
1589 2620 1885 2676 monachus
1913 2618 1965 2673 in

387 2729 646 2799 npttSCttIO
676 2727 747 2780 De
781 2723 1018 2779 custodia
1042 2721 1237 2784 cordis,
1267 2718 1408 2788 quod
1435 2713 1662 2770 Possino
1688 2721 1966 2780 acceptum

387 2819 677 2872 referimus
707 2815 798 2885 (ε).
865 2815 940 2868 De
993 2827 1059 2868 eo
1093 2819 1352 2881 praeterea
1387 2809 1587 2862 mentio
1629 2806 1769 2875 apud
1815 2804 1969 2858 [luli-

386 2927 516 2964 num
538 2909 604 2980 (Γ)
626 2918 681 2964 et
705 2905 1006 2962 Palladium
1027 2905 1122 2974 (g).
1153 2903 1282 2969 Quae
1314 2915 1474 2970 porro
1502 2900 1566 2952 de
1594 2909 1780 2951 nostro
1808 2897 1966 2952 beato

2071 1716 2141 1754 no
2176 1698 2262 1770 (ἱ).
2299 1698 2548 1768 Capitula
2596 1700 2829 1768 denique
2864 1716 2956 1755 XIX
3012 1701 3078 1754 de
3130 1701 3374 1771 religiosa
3404 1708 3675 1760 exercita-

2069 1793 2208 1845 tione
2246 1801 2295 1846 et
2340 1793 2528 1860 quiete,
2581 1806 2701 1861 quae
2728 1791 2914 1848 Graece
2942 1808 3006 1848 ac
3051 1792 3244 1850 Latine
3271 1795 3494 1852 Parisiis
3520 1815 3672 1853 anno

2071 1885 2209 1940 1684
2244 1887 2296 1940 in
2327 1885 2517 1958 vulgus
2541 1885 2859 1955 prodierunt
2893 1900 3020 1940 cura
3055 1895 3110 1940 et
3143 1888 3322 1941 studio
3350 1888 3495 1944 Petri
3530 1890 3676 1946 Pos-

2071 1975 2173 2031 sini
2211 1977 2298 2046 (j).
2329 1977 2457 2044 Qua-
2479 1976 2695 2046 quidem
2736 1977 2918 2031 omnia
2962 1977 3125 2032 simul
3153 1977 3366 2032 collecta
3403 1988 3575 2048 atque
3609 1981 3670 2034 in

2072 2070 2339 2123 sectiones
2387 2069 2663 2138 distincta,
2703 2069 2844 2139 typis
2883 2070 3264 2125 committenda
3299 2070 3668 2128 tradidimus.

2063 2160 2186 2216 Non
2219 2171 2300 2217 est
2334 2162 2419 2217 hic
2471 2173 2649 2216 autem
2687 2162 3146 2233 praetereundum,
3183 2161 3426 2234 Capitula
3468 2164 3671 2219 Possi-

2073 2252 2233 2306 niana
2266 2253 2399 2308 nihil
2426 2253 2567 2307 aliud
2591 2268 2714 2308 esse
2741 2269 2901 2323 quam
2919 2263 3172 2323 excerpta
3195 2269 3260 2308 ex
3288 2253 3522 2308 laudatis
3547 2270 3670 2309 ora-

2077 2344 2313 2399 tionibus
2342 2360 2472 2398 xxrx
2526 2360 2555 2398 a
2594 2343 2730 2398 Zino
2763 2343 3029 2412 evulgatis
3067 2361 3080 2397 :
3115 2343 3260 2412 quod
3303 2345 3525 2414 quidem
3558 2362 3669 2399 non

2078 2437 2237 2492 modo
2286 2437 2573 2502 editorem,
2633 2436 2728 2491 sed
2784 2435 3185 2491 Tillemontium
3232 2437 3418 2504 etiam,
3474 2437 3672 2492 Fabri-

2075 2530 2218 2585 cium
2272 2529 2512 2598 aliosque
2570 2529 2830 2584 hactenus
2861 2529 3035 2583 latuit.
3084 2526 3389 2598 Utrobique
3438 2545 3569 2584 vero
3601 2531 3674 2584 ad

2076 2621 2299 2677 Iimbum
2328 2621 2443 2679 loca
2500 2623 2856 2678 indicavimus
2892 2645 2904 2678 :
2942 2624 2992 2676 in
3026 2622 3380 2678 Orationibus
3405 2624 3670 2678 nimirum

2077 2713 2333 2768 lectorem
2383 2715 2450 2767 ad
2483 2715 2746 2784 capitula.
2773 2715 3130 2781 remittentes,
3161 2731 3266 2785 quo
3315 2716 3506 2772 Gra'ca
3537 2732 3674 2772 con-

2075 2809 2254 2863 sulere
2283 2807 2487 2875 valeat;
2531 2810 2582 2862 in
2615 2807 2864 2877 capitulis
2899 2818 3076 2863 autem
3117 2811 3183 2863 ad
3215 2808 3526 2874 Orationes,
3561 2825 3675 2879 quo

2076 2909 2286 2954 constet
2333 2899 2474 2954 unde
2533 2915 2626 2954 sua
2685 2899 3046 2968 desmnpserit
3101 2901 3532 2956 consarcinator.
3589 2902 3673 2955 Ex

390 3003 550 3057 Patre
580 3016 610 3055 a
643 2998 916 3056 veteribus
959 2998 1268 3060 traduntur,
1311 2992 1595 3062 diligenter
1642 2988 1776 3042 satis
1802 3003 1968 3044 excu-
2002 2981 2046 3035 Β
2079 2994 2178 3047 hac
2207 3006 2370 3061 porro
2403 2990 2652 3046 instituta
2686 2990 2974 3046 collatione
3026 2991 3152 3046 illud
3186 2994 3459 3047 commodi
3490 3009 3674 3048 emcr-

393 3097 455 3148 tit
487 3090 860 3146 Tillemoutius
887 3088 986 3160 (It).

463 3185 524 3238 II.
558 3183 846 3246 Craterum,
893 3191 953 3234 ut
985 3181 1050 3234 ad
1081 3179 1412 3250 propositum
1468 3189 1714 3235 nostrum
1760 3174 1976 3249 protiius

394 3279 740 3338 accedamus,
789 3273 878 3341 qui
935 3272 1061 3326 vita:
1123 3272 1478 3326 sanctimonia
1530 3270 1755 3326 ﬂorebat
1787 3268 1972 3331 Isaias,

396 3367 569 3433 ipsum
619 3376 836 3431 quoque
881 3360 1161 3428 praeceptis
1209 3360 1577 3428 institutisque
1627 3361 1826 3414 fratres
1867 3359 1974 3412 im-

396 3459 584 3514 buisse
633 3455 877 3524 quicum
913 3451 1058 3506 eoin
1105 3450 1391 3505 solitudine
1437 3450 1718 3520 degebant,
1744 3448 1977 3504 Joannes

395 3547 761 3606 Amiocbeuus
787 3543 1011 3597 antistes
1041 3541 1368 3614 posteritatis
1393 3543 1673 3595 memoriae
1701 3553 1978 3594 commen—

395 3642 562 3705 davit,
618 3639 672 3694 in
723 3635 966 3691 oratione
1029 3634 1276 3703 superius
1323 3635 1475 3689 nobis
1521 3633 1734 3687 laudata
1792 3632 1879 3686 ubi
1912 3631 1979 3687 de

395 3729 631 3784 Macario
662 3725 917 3797 Egyptio
951 3723 1116 3778 verba
1169 3722 1415 3778 fecimus.
1450 3721 1525 3775 Ibi
1551 3737 1780 3790 namque
1811 3720 1978 3775 libros

396 3834 726 3878 enumerans
773 3816 1034 3872 divinitus
1089 3815 1398 3884 inspiratos,
1461 3812 1675 3883 βίϐλους
1725 3811 1979 3867 θεοπνεύ-

397 3928 580 3978 στους,
613 3926 750 3982 quos
774 3908 948 3964 sancti
973 3922 1129 3962 senes
1155 3905 1333 3962 Sectis
1359 3905 1748 3972 conscripsere,
1785 3905 1976 3958 librum

397 4003 560 4056 etiam
615 4007 878 4053 memorat
935 3996 1104 4050 sancti
1149 3994 1334 4060 Isaiae,
1373 3993 1465 4046 τοῦ
1522 3993 1667 4047 ὁσίου
1716 3995 1974 4047 Ἡσαΐους

396 4091 486 4159 qui
521 4100 801 4159 propterea
836 4087 976 4143 inter
1007 4085 1266 4140 Ecclesia:
1292 4083 1585 4153 scriptores
1621 4086 1978 4140 recensendos

391 4185 517 4254 jure
547 4183 812 4235 videatur.

466 4275 694 4328 Exstant
746 4273 928 4341 itaque
980 4271 1080 4326 sub
1109 4268 1226 4339 ejus
1255 4269 1470 4324 nomine
1521 4266 1797 4322 Orationes
1826 4283 1975 4331 xxix,

397 4381 530 4434 quas
556 4380 620 4418 ex
651 4363 834 4416 codice
854 4363 1041 4416 Gratco
1081 4361 1405 4430 pervetustis
1449 4359 1849 4413 characteribus
1884 4374 1978 4412 ex-

395 4469 546 4511 arato
571 4455 775 4524 primus
801 4452 991 4507 Latine
1018 4455 1182 4508 vertit
1213 4453 1552 4521 vngavilque
1575 4451 1811 4504 chetiis
1833 4466 1971 4506 anno

397 4545 537 4600 1574
571 4543 761 4598 Petrus
817 4544 1137 4598 Franciscus
1167 4544 1333 4598 Zinus
1359 4543 1708 4598 Veronensis.
1739 4544 1832 4598 Ila:
1869 4562 1966 4598 au-

397 4652 503 4693 tem
535 4639 818 4694 Orationes
849 4638 899 4691 in
953 4638 1130 4692 varias
1160 4636 1378 4691 Patrum
1431 4637 1788 4692 bibliothecas
1821 4637 1970 4691 dein-

396 4747 523 4800 ceps
580 4732 760 4785 illatae.
820 4728 1092 4784 Habemus
1148 4741 1405 4798 prmterea
1457 4729 1694 4798 ejusdem
1760 4730 1970 4784 abbatis

394 4824 543 4878 Isaia:
588 4823 854 4891 I’rwrepta
885 4837 976 4877 seu
999 4821 1230 4877 Consilia
1281 4836 1469 4887 vant,
1504 4823 1676 4890 posita
1707 4821 1969 4874 tironibus

395 4915 447 4965 in
508 4913 845 4978 rnonacltatn,
885 4926 1004 4980 qua:
1047 4911 1204 4966 nobis
1255 4912 1489 4965 servuit
1545 4922 1764 4965 sanctus
1798 4909 1972 4964 Bene-

463 5071 541 5141 (rt)
571 5071 820 5141 Ammon.
853 5069 1190 5141 episl._apud
1221 5069 1506 5141 "Bollaudﬁ
1559 5079 1686 5123 lout.
1727 5067 1786 5122 III
1820 5067 1964 5130 Maii,

362 5139 684 5220 λιιιςιιιιηεὸςξῚ)Δ
775 5155 895 5220 xxiv
924 5139 1096 5220 et
1128 5142 1178 5192 in
1210 5140 1334 5201 fine,
1363 5140 1478 5220 μί]
1497 5141 1541 5220 I.

379 5207 407 5262 ἷ’
459 5207 540 5281 (ὁ)
578 5207 779 5265 Ρειιιιιῖΐ.
827 5209 962 5281 ll_ist.
999 5207 1185 5281 Lana.
1229 5207 1534 5281 cap.i5_et
1569 5207 1667 5281 lii,
1696 5222 1815 5278 pag.
1841 5208 1964 5281 916.

377 5286 382 5294 ‘
463 5277 533 5349 (ε)
567 5281 822 5348 Amphtlt.
850 5278 1270 5342 Patr.,(loteler.
1289 5277 1432 5333 illan.
1460 5277 1600 5332 Eccl.
1628 5277 1743 5342 (in,
1771 5277 1898 5334 tom.
1927 5279 1968 5344 I,

398 5363 518 5418 pag.
545 5352 670 5420 5786,
697 5351 724 5420 ᾗ
749 5367 824 5404 ιιι.

463 5423 540 5482 (dt
566 5418 726 5488 Ibid.,
762 5437 879 5488 pag.
915 5418 1176 5474 liii-“7.

464 5493 532 5558 te)
562 5487 771 5558 fessio.
817 5487 969 5558 Thes.
1008 5500 1191 5554 ascet.,
1223 5503 1342 5558 pag.
1374 5487 1500 5543 M7.

463 5556 529 5629 υ)
558 5555 735 5612 Rufin.
775 5558 826 5612 in
868 5557 969 5614 th.
1005 5558 1176 5625 Patr.,
1204 5555 1388 5628 libftt,
1414 5574 1531 5631 cap.
1567 5557 1650 5627 l0,
1682 5573 1804 5630 pag.
1831 5558 1957 5615 558.

2077 3100 2204 3154 gere
2233 3099 2390 3141 nemo
2427 3099 2531 3139 non
2570 3084 2736 3152 videt,
2792 3084 3026 3155 pretium
3078 3085 3326 3140 videlicet
3363 3100 3470 3139 non
3508 3087 3676 3140 mini-

2080 3187 2226 3230 m‘um
2272 3191 2394 3231 cum
2453 3175 2694 3230 Ziniame
2744 3177 3012 3243 versioui,
3068 3188 3182 3232 tum
3236 3178 3468 3232 maxime
3525 3178 3672 3232 beati

2077 3266 2228 3322 Isaiae
2259 3268 2416 3322 dictis
2441 3267 2740 3334 accedere;
2800 3269 2969 3324 donec
2995 3270 3307 3345 earumdem
3343 3269 3673 3324 Orationnm

2081 3369 2259 3414 textus
2284 3361 2495 3430 integer
2525 3361 2815 3430 aliquando
2859 3361 2910 3416 in
2941 3361 3174 3416 medium
3213 3361 3460 3430 prodeat.

2153 3449 2236 3505 III.
2273 3451 2493 3506 Interim
2548 3467 2678 3507 vero
2729 3469 2827 3523 pro
2855 3456 3024 3510 nostri
3075 3455 3236 3510 ollicii
3285 3459 3520 3519 ratione,
3549 3470 3676 3522 quas

2080 3540 2147 3596 ad
2198 3539 2512 3596 Orationem
2560 3557 2630 3595 xx
2680 3542 2866 3597 Graeca
2926 3552 3222 3613 pertinent,
3273 3560 3338 3599 ex
3381 3545 3676 3598 Parallelia

2083 3633 2483 3687 Damaseenicis
2538 3634 2943 3704 descripsimus,
2992 3644 3048 3689 et
3075 3636 3302 3705 vulgatae
3334 3636 3675 3704 interpreta-

2083 3725 2213 3779 tioni
2248 3727 2616 3795 opposuimus.
2672 3727 2868 3782 Nostra
2916 3739 3178 3797 prmterea
3213 3731 3477 3783 interesse
3512 3729 3678 3782 duxi-

2081 3832 2222 3881 mus,
2271 3817 2373 3871 alia
2409 3819 2662 3873 nonnulla
2717 3819 2804 3876 hic
2833 3821 3080 3889 proferre
3105 3821 3302 3891 quibus
3339 3821 3548 3890 aliquot
3567 3825 3676 3875 ba-

2082 3922 2267 3961 rumce
2305 3906 2623 3964 Orstionum
2685 3909 2820 3965 locis
2871 3913 2986 3965 sive
3043 3909 3230 3964 Grzeca
3289 3912 3673 3975 restituantur,

2080 3997 2194 4051 sive
2224 3999 2600 4067 interpretatio
2619 3999 2967 4056 reformetur.
2997 4000 3064 4054 Et
3097 4003 3331 4070 primum
3360 3999 3583 4068 quidem
3615 4001 3670 4053 in

2081 4085 2339 4146 Oratione
2367 4107 2458 4146 vnt
2494 4090 2566 4162 (lt)
2595 4106 2662 4146 ex
2691 4109 2791 4147 ms.
2827 4091 3140 4147 Colbcrtino
3173 4092 3308 4149 hanc
3343 4089 3498 4146 Isai:e
3547 4106 3672 4145 sen-

2089 4181 2306 4233 tuttiam
2339 4183 2392 4235 in
2440 4179 2646 4238 Latinis
2675 4182 2907 4251 vulgatis
2961 4183 3252 4237 admodum
3292 4182 3668 4252 depravatam,

2089 4271 2160 4324 ita
2224 4273 2483 4326 describit
2503 4271 2804 4329 Cotelcrius
2840 4273 2900 4344 (ι)
2935 4288 2949 4327 :
2981 4273 3112 4327 Ἐὰν
3160 4273 3270 4346 γάρ
3302 4291 3388 4337 τις
3415 4273 3672 4344 νηστεύει

2087 4361 2145 4427 ἓξ
2179 4362 2257 4429 ἓξ,
2297 4364 2388 4416 καὶ
2411 4363 2550 4434 ἐκδῷ
2579 4366 2769 4418 ἑαυτὸν
2801 4368 2881 4429 εἰς
2913 4366 3183 4436 μεγάλους
3211 4365 3413 4429 κόπους
3456 4365 3552 4418 καὶ
3583 4366 3674 4417 ὲν-

2078 4453 2256 4516 τολὰς,
2289 4454 2446 4517 ἐκτὸς
2497 4455 2593 4525 τῆς
2617 4455 2736 4508 ὁδοῦ
2771 4456 2958 4522 αὑτοῦ,
3006 4458 3208 4520 πάντες
3236 4458 3285 4509 oi
3320 4457 3475 4509 κόποι
3495 4455 3667 4507 αὐταῦ

2082 4545 2302 4615 μάταιοί
2349 4546 2507 4599 εἰσιν.
2565 4546 2676 4600 Iloc
2715 4557 2844 4603 est:
2888 4547 3029 4600 Nam
3085 4550 3130 4600 si
3179 4550 3294 4617 quis
3320 4547 3520 4615 jejuna
3569 4561 3668 4611 per

2077 4651 2168 4687 sea:
2198 4635 2329 4694 dies,
2362 4645 2410 4688 et
2439 4651 2493 4688 se
2541 4637 2746 4705 magnis
2777 4636 3044 4690 laboribus
3081 4654 3144 4690 ac
3179 4637 3445 4705 praeceptis
3475 4636 3665 4698 declat,

2077 4740 2224 4778 extra
2273 4727 2412 4780 viam
2439 4743 2616 4791 suam,
2672 4745 2848 4782 omnes
2901 4729 3104 4782 labores
3158 4729 3270 4797 ejus
3300 4730 3478 4780 inanes
3520 4741 3663 4782 sunt.

2076 4819 2241 4872 Zinus
2278 4819 2548 4888 interpres
2587 4838 2598 4873 :
2642 4818 2796 4884 Quod
2835 4821 2879 4873 si
2914 4821 3029 4889 quis
3082 4823 3196 4873 sine
3223 4819 3543 4880 humilitate,
3593 4821 3666 4872 vel

2077 4911 2287 4981 iejnniis
2325 4911 2627 4979 incumbat,
2682 4913 2758 4967 vel
2797 4929 2908 4967 sese
2953 4914 3275 4967 vehementer
3311 4912 3532 4982 a/ﬂzgat,
3591 4912 3668 4964 rel

2145 5070 2220 5138 (ῃ)
2262 5069 2463 5124 Pallad.
2501 5070 2643 5124 Ilist.
2685 5071 2870 5135 Lutts.,
2904 5088 3022 5138 cap.
3059 5071 3149 5132 55,
3176 5087 3228 5138 p.
3259 5069 3384 5124 989.

2146 5141 2221 5210 (Ιι)
2254 5140 2465 5210 Tillem.
2525 5141 2686 5194 Μέιιι.
2743 5145 2891 5204 ρετίη
2937 5153 3066 5194 ιοιιι.
3116 5141 3222 5203 VII,
3275 5157 3394 5210 pag.
3437 5139 3566 5195 430.
3612 5149 3666 5191 et

2075 5209 2208 5264 lout.
2237 5209 2362 5275 V’Iii,
2391 5227 2509 5280 pag.
2535 5212 2637 5264 447
2660 5227 2706 5262 et
2747 5211 2866 5276 789,
2909 5222 3022 5264 ιιοι.
3049 5212 3107 5275 ‘2,
3131 5229 3222 5262 sur
3245 5210 3301 5263 S.
3335 5209 3586 5280 l-‘ambon.

2144 5283 2204 5349 (ἰ)
2236 5279 2475 5335 Ηῦιδιὲιι.
2505 5283 2634 5334 Cod.
2677 5282 2831 5349 Reg.,
2866 5295 3004 5350 part.
3034 5296 3073 5342 1,
3111 5297 3228 5347 pag.
3264 5279 3456 5334 15-22.

2145 5352 2214 5420 (j)
2254 5351 2461 5405 Possitt.
2505 5350 2657 5404 Thes.
2684 5366 2866 5416 (tacet,
2895 5367 3015 5421 pag.
3045 5350 3308 5405 515-525.

2147 5424 2219 5492 (lt)
2259 5423 2358 5477 lsa.
2400 5421 2552 5492 Otjat.
2589 5437 2705 5492 vnt,
2735 5421 2761 5492 §
2790 5423 2838 5492 Ir.
2870 5438 2920 5490 p.
2949 5423 3079 5476 ‘289.

2142 5487 2394 5565 (1)(10101.
2429 5491 2576 5548 Man.
2611 5487 2758 5547 Eccl:
2790 5487 2909 5559 Cri,
2947 5503 3075 5548 tom.
3106 5495 3145 5558 t,
3178 5505 3299 5561 pag.
3331 5487 3444 5546 80L
