3976 6204
260 338 405 397 1105

1301 343 1361 399 S.
1413 342 1616 400 lSAlA-J
1652 330 1947 401 ABBATIS
1978 345 2395 405 ORATIONES.

3409 349 3546 405 “(‘6

253 454 514 508 mandata
545 462 765 508 conetur
783 455 1054 511 obseruare
1070 472 1091 523 ;
1112 459 1226 529 ejus
1263 460 1446 517 inanes
1487 478 1598 517 esse
1621 462 1846 518 labores.
1882 476 1925 532 Α
1951 475 2116 534 potest
2140 483 2284 521 meus
2310 485 2421 523 esse
2435 468 2785 536 discipulus‘.
2803 491 2820 523 ι
2841 469 3016 537 Quam
3041 467 3191 531 dicit,
3219 476 3272 520 ut
3301 467 3547 523 tollamus

257 545 473 613 Quibus
512 544 777 615 recitatis,
819 547 998 619 Vides,
1040 550 1214 621 inquit
1248 551 1327 606 vir
1359 551 1450 608 ille
1479 554 1851 622 doctissimus,

257 647 518 704 quantum
540 637 747 691 intersit
799 635 1013 695 Gra'cos
1042 654 1282 697 auctores
1339 660 1437 698 suo
1467 644 1647 715 lingua
1693 647 1858 702 editos

220 772 227 776 .
261 730 477 785 habere.
503 728 653 783 Alter
672 728 823 784 locus
851 747 916 785 ex
952 731 1103 789 lsaite
1134 734 1391 791 Oratione
1416 753 1539 792 ικιί
1576 737 1649 793 De
1702 739 1855 793 dictis

260 838 383 881 qua:
417 818 614 875 Petrus
641 822 804 876 abbas
845 825 1143 895 discipulus
1173 829 1288 897 ejus
1318 844 1384 883 ea:
1417 830 1514 884 illo
1562 833 1781 900 accepit,
1808 842 1853 886 et

263 912 452 966 litteris
503 914 882 970 conmendavit
917 917 1023 986 (a),
1061 918 1115 973 in
1168 918 1388 975 laudato
1422 922 1609 978 codice
1637 923 1856 980 Colber-

259 1002 395 1066 tino,
427 1002 530 1058 sub
567 1005 743 1071 titulo,
771 1003 969 1080 Θρῆνοι
994 1007 1088 1063 τοῦ
1110 1009 1258 1065 assa
1297 1011 1543 1079 Ἡσαΐου,
1569 1014 1648 1068 sic
1673 1028 1733 1069 se
1761 1016 1857 1069 ba-

261 1095 350 1151 bet
386 1097 458 1167 (b)
503 1099 779 1171 εΔένδρον
838 1103 1195 1175 ποτιζόμενον
1257 1104 1379 1160 καθ’
1430 1106 1663 1179 ἡμέραν,
1725 1110 1856 1162 πότε

259 1189 573 1262 ξηραίνεται
632 1194 798 1248 αὐτοῦ
854 1198 888 1267 ή
941 1197 1067 1269 ῥίζα
1114 1201 1194 1264 εις
1232 1200 1294 1253 τὸ
1342 1201 1434 1274 ’μὴ
1500 1202 1857 1274 καρποφορῆ-

259 1298 353 1335 aut
376 1300 391 1346 ;
424 1280 536 1338 Hoc
565 1295 651 1340 est
679 1302 693 1338 :
730 1287 903 1340 Arbor
930 1304 1049 1356 quae
1072 1291 1306 1359 quotidie
1340 1292 1617 1361 irrigatur,
1643 1294 1854 1360 quando

258 1376 453 1429 arescit
476 1377 636 1432 radix
655 1378 795 1444 eius,
851 1389 906 1433 ut
930 1380 1161 1449 fructum
1184 1400 1286 1438 non
1321 1385 1597 1455 proferat?
1621 1384 1698 1440 Ita
1725 1401 1856 1442 vero

257 1464 426 1520 Zinus
459 1466 731 1538 interpres
780 1485 795 1523 :
833 1470 1007 1526 Arbor
1042 1489 1165 1543 qua:
1185 1456 1470 1544 irrigatur,
1502 1493 1605 1531 non
1636 1479 1852 1545 arescit,

259 1560 353 1611 sed
381 1558 611 1627 fructum
640 1560 820 1629 a/Tert.
855 1561 1120 1618 Observat
1142 1566 1375 1635 denique
1405 1567 1546 1622 idem
1573 1568 1637 1623 ν.
1665 1568 1727 1624 C.
1757 1568 1853 1639 (ε),

260 1647 313 1700 ἱιι
337 1644 535 1703 Catena
563 1648 808 1704 Corderii
842 1652 908 1705 ad
934 1650 1095 1708 Luca:
1127 1668 1237 1717 xlv,
1260 1654 1329 1709 27
1356 1656 1506 1728 (pag.
1532 1657 1683 1728 473),
1716 1658 1857 1714 hanc

257 1740 584 1794 sententiam
647 1741 875 1811 proferri
957 1744 1105 1799 vt-lut
1164 1744 1320 1802 Isaiae
1408 1748 1849 1821 archiepiscopi:

1964 572 2192 619 crucem,
2244 557 2349 610 nisi
2381 569 2437 612 ut
2490 576 2635 613 mens
2664 561 2878 615 assidue
2938 556 3137 629 vigilet,
3174 568 3223 611 et
3267 558 3548 613 uirtutibus

1963 645 2279 703 incumbat?
2319 648 2364 701 A
2389 665 2544 703 cruce
2570 666 2674 704 non
2702 650 2948 718 discedit,
2993 648 3085 720 qui
3120 648 3247 701 vitia
3284 649 3550 716 persequi-

1962 746 2051 791 tur
2095 741 2262 795 donec
2317 758 2379 795 ea
2433 742 2677 811 pro/liget
2721 760 2782 796 uc
2842 752 3051 811 superet
3077 753 3100 793 :
3128 739 3304 793 nullus
3339 738 3548 807 dubito,

1962 828 2091 897 quin
2143 829 2457 885 abbreviata
2505 833 2776 901 scriptura
2807 831 2926 885 viro
2958 831 3118 887 docto
3152 825 3327 881 fraudi
3364 825 3545 889 fuerit,

1963 930 2016 974 ut
2047 921 2535 977 archimandritam
2574 923 2626 978 in
2660 923 3131 992 archiepiscopum
3183 927 3545 973 converteret.

1964 1013 2087 1068 llaec
2111 1013 2201 1069 ille
2237 1031 2251 1068 :
2287 1028 2395 1084 quo
2427 1014 2646 1085 quidem
2677 1012 2906 1069 fortasse
2937 1018 3212 1076 monente,
3240 1010 3379 1065 idem
3409 1008 3548 1064 Cor-

1960 1105 2095 1160 derii
2129 1115 2372 1161 erratum
2406 1107 2615 1161 notavit
2649 1114 2834 1175 postea
2866 1105 3150 1159 Fabricius
3179 1100 3272 1172 (e).

2032 1197 2118 1254 IV.
2152 1198 2422 1254 Caeterum
2456 1208 2654 1269 praeter
2702 1203 2837 1253 duas
2862 1198 2979 1252 illas
3003 1193 3242 1265 ejusdem
3273 1191 3423 1247 isaia:
3448 1190 3548 1246 ab-

1960 1289 2103 1342 batis
2128 1287 2451 1356 sententias,
2491 1303 2628 1359 quas
2660 1302 2726 1342 ex
2761 1285 2985 1341 Joannis
3019 1280 3341 1340 Damasceni
3368 1278 3549 1333 Sacris

1962 1379 2247 1436 Parallelis
2294 1381 2591 1450 descriptas
2639 1378 2778 1435 infra
2825 1375 3147 1449 protulimus
3200 1386 3267 1430 ac
3328 1368 3549 1439 reliquis

1957 1472 2076 1544 ejus
2096 1473 2333 1542 scriptis
2352 1471 2699 1542 subjecimus,
2727 1470 2925 1541 quippe
2953 1483 3071 1539 quae
3101 1468 3159 1521 in
3190 1462 3419 1536 vulgatis
3455 1475 3550 1516 co.

1958 1567 2170 1622 dicibus
2200 1580 2307 1621 non
2337 1572 2686 1635 compareant
2712 1580 2728 1631 ;
2756 1562 3026 1619 nonnulla:
3056 1568 3318 1628 praeterea
3350 1567 3549 1612 occur.

1958 1667 2085 1714 runt
2119 1659 2262 1729 apud
2309 1659 2605 1715 Antonium
2644 1656 2914 1713 Melissam
2957 1655 3046 1728 (ι’).
3083 1654 3175 1725 qui
3207 1668 3235 1707 a
3283 1652 3547 1717 magistro

1958 1764 2058 1806 suo
2086 1750 2425 1808 Damasceno
2449 1751 2674 1807 edoctus
2716 1749 2881 1804 Locos
2911 1760 3211 1803 communes
3246 1740 3541 1797 contexuit.

257 1830 491 1897 Qualem
528 1843 702 1887 autem
724 1851 932 1890 crucem
957 1837 1085 1892 dicit
1121 1847 1174 1891 ut
1201 1838 1520 1909 bojulentus,
1575 1843 1679 1897 nisi
1724 1860 1850 1898 con-
1880 1871 1925 1926 Β
1956 1841 2096 1910 Quin
2130 1852 2188 1899 et
2234 1843 2341 1898 alia
2391 1842 2565 1899 nostri
2613 1842 2757 1897 beati
2793 1836 3242 1895 archimandritas
3285 1830 3545 1904 opuscula

258 1926 537 1980 tinentiam
565 1944 597 1981 a
618 1927 968 1997 passionibus,
1006 1930 1170 1986 donec
1192 1947 1336 1987 mens
1375 1933 1496 1993 illas
1525 1936 1730 2004 penitus
1755 1952 1873 1991 exo-

260 2016 495 2085 stirpet?
535 2016 751 2087 Verum,
798 2019 993 2092 inquit,
1029 2021 1463 2093 quandoquidem
1496 2025 1650 2079 Isaiae
1681 2024 1849 2080 abba-

259 2109 332 2163 tis
367 2108 620 2164 Oratione
643 2126 732 2165 xxr
775 2111 851 2182 (ά)
879 2125 945 2166 ex
972 2110 1089 2166 Zini
1150 2113 1400 2169 versione
1431 2114 1690 2182 scriptum
1720 2117 1869 2187 legi-.

259 2212 379 2255 tur:
410 2220 429 2252 ι
461 2202 565 2267 Qui
587 2218 690 2256 non
713 2203 846 2257 tollit
869 2218 1075 2258 crucem
1107 2219 1255 2258 suam
1285 2215 1332 2259 et
1359 2206 1709 2276 sequiturme,
1744 2223 1869 2261 non.

333 2361 350 2391 ¹
375 2359 510 2416 Luc.
541 2376 655 2428 xw,
686 2359 779 2415 27.

322 2521 408 2664 fa)
434 2521 536 2577 lsa.
565 2520 719 2577 Orat.
758 2538 905 2588 xxvu,
939 2522 1054 2644 gi,
1084 2538 1203 2593 pag.
1231 2522 1355 2578 5l6.

352 2592 404 2664 ὁ)
428 2592 600 2664 βοιβι.
636 2593 669 2646 Ι.
702 2607 772 2653 e..
802 2608 921 2663 pag.
953 2593 1077 2664 A09.

352 2592 404 2663 b)
428 2592 600 2663 Cotel.
636 2593 669 2646 I.
702 2607 772 2653 e..
802 2608 921 2663 pag.
946 2592 1077 2649 809.

330 2661 403 2734 (ρ)
431 2661 508 2734 ld-
532 2662 569 2716 ιο
588 2679 689 2734 ,σοι
716 2661 839 2734 pag.
867 2662 990 2734 sos.

327 2731 409 2805 (ά)
440 2733 544 2788 Isa.
571 2730 727 2790 Orat.
765 2730 883 2799 χίι,
917 2732 947 2806 §
974 2732 1029 2800 4,
1061 2748 1184 2805 pag.
1219 2733 1345 2793 502.

1952 1933 2253 1989 etiamnum
2287 1936 2489 1991 inedita
2513 1944 2754 1998 exstare,
2793 1942 2993 2005 praeter
3022 1929 3297 1984 laudatum
3329 1922 3547 1981 Cotcleo

1955 2027 2094 2079 rium
2131 2026 2230 2097 (g),
2269 2027 2423 2082 testis
2471 2034 2556 2083 est
2609 2025 2849 2096 locuples
2908 2020 3235 2077 Bibliotheca
3272 2015 3548 2072 bibliothe-

1954 2133 2135 2172 carum
2187 2119 2690 2188 manuseriptorum,
2720 2133 2752 2173 a
2793 2116 2863 2174 cl.
2896 2111 3298 2171 Montfaucouio
3329 2107 3550 2165 concin-

1954 2218 2103 2264 nata.

2034 2522 2104 2595 (e)
2130 2523 2294 2579 Fsbr.
2321 2519 2609 2595 Βίριεστη
2628 2529 2778 2595 Διριιι.
2804 2518 3088 2595 νιιιηρηκ,
3106 2519 3233 2595 εὸϐξ.

2044 2588 2101 2661 Τ)
2136 2595 2342 2649 Anton.
2375 2593 2595 2657 Meliss.,
2628 2591 2700 2645 lib
2732 2605 2770 2651 ι.
2802 2606 2921 2662 cap.
2946 2590 3036 2656 59,
3070 2588 3159 2657 52,
3195 2590 3287 2646 58.

2032 2596 2310 2736 ἓςμέοιει.
2348 2667 2385 2719 l.
2418 2679 2492 2730 c.,
2530 2678 2653 2735 pag.
2678 2661 2803 2716 808.

2057 2663 2310 2736 g).Cotel.
2348 2667 2385 2719 Ι.
2418 2679 2492 2730 c.,
2530 2678 2653 2735 pag.
2678 2661 2803 2716 808.

1147 3107 1287 3229 B.
1393 3100 1869 3233 ISAI/E
1983 3099 2672 3230 ABBATIS-

1261 3298 1269 3305 “
1458 3360 2339 3545 ORATIONES.

888 3698 1160 3759 θιιΑΤιο·
1180 3701 1218 3756 Ι.

417 3793 683 3862 Praecpta
708 3793 776 3846 ad
806 3794 997 3864 fratres
1029 3796 1120 3866 qui
1150 3810 1268 3848 cum
1293 3794 1404 3864 ipso
1430 3796 1686 3853 vivebant.

340 3879 383 3933 1.
414 3880 519 3947 Qui
568 3895 778 3935 mecum
810 3895 1030 3937 manere
1062 3882 1245 3948 vultis,
1280 3883 1487 3949 audite,
1512 3900 1719 3955 quasso,
1750 3902 1846 3956 per

268 3973 464 4028 Deum.
499 3972 555 4027 In
590 3973 724 4028 cella
750 3973 984 4044 quisque
1013 3989 1109 4029 sua
1142 3974 1309 4045 degat
1333 3989 1457 4030 eum
1493 3976 1689 4032 timore
1734 3979 1850 4032 Dei.

265 4066 417 4136 Opus
461 4081 717 4121 manuum
767 4075 1072 4122 vestrarum
1130 4076 1351 4137 propter
1398 4069 1489 4123 Dei
1543 4071 1853 4126 mandatum

273 4172 343 4212 ne
379 4157 767 4213 contemnatis.
802 4157 998 4213 Curam
1035 4158 1307 4229 propriam
1332 4168 1391 4215 et-
1421 4160 1726 4216 orationem
1769 4176 1859 4218 as-

274 4250 489 4309 siduam
531 4265 598 4306 ne
626 4249 936 4321 negligatis.
969 4249 1077 4305 Cor
1106 4252 1174 4306 ab
1203 4251 1399 4307 alienis
1429 4252 1857 4323 cogitationibus

274 4342 567 4408 custodite,
614 4341 748 4397 nihil
792 4341 859 4397 de
897 4340 1006 4396 ullo
1037 4341 1257 4397 homine
1293 4352 1387 4396 aut
1433 4343 1654 4413 negotio
1703 4342 1868 4414 hujus

274 4437 459 4493 saeculi
502 4437 742 4497 solliciti.
778 4437 1007 4508 Semper
1062 4438 1288 4509 quaerite
1336 4438 1609 4506 quomodo
1637 4452 1860 4509 prOgre-

277 4528 528 4593 diamini,
562 4537 617 4584 et
647 4543 745 4583 vos
772 4528 1092 4594 emendetis,
1128 4542 1249 4583 cum
1286 4528 1451 4582 animi
1483 4528 1667 4584 dolore
1700 4538 1752 4585 et
1784 4529 1863 4583 la-

278 4619 505 4690 crymis,
531 4629 588 4675 et
615 4618 910 4675 afﬂictione
944 4620 1113 4674 Deum
1147 4620 1523 4685 obsecrantes,
1553 4630 1611 4673 ut
1642 4631 1861 4690 peccata

278 4712 434 4767 vobis
477 4712 783 4777 condonet,
829 4721 885 4767 et
924 4713 977 4765 in
1021 4709 1262 4764 futurum
1302 4711 1573 4766 custodiat
1609 4726 1739 4777 vos,
1796 4727 1864 4766 ne

1884 3710 1926 3766 C
1961 3703 2223 3773 nisiquid
2258 3703 2374 3773 ipse
2414 3716 2509 3757 vos
2545 3710 2718 3774 roget.
2748 3700 2858 3757 Sua
2894 3703 3089 3773 singuli
3128 3704 3463 3760 hebdomada
3494 3705 3547 3759 in

1959 3795 2150 3849 timore
2183 3792 2277 3847 Dei
2319 3792 2399 3848 sic
2440 3792 2605 3847 victui
2638 3792 2952 3847 necessaria
2989 3793 3205 3863 reliquis
3240 3804 3452 3863 parent,
3491 3805 3551 3851 ut

1955 3902 2026 3944 tte
2066 3885 2282 3941 interim
2317 3884 2590 3955 propriam
2630 3884 2797 3940 animi
2833 3899 3021 3940 curam
3060 3884 3340 3954 abiit-iant.
3378 3886 3552 3945 Nemo

1959 3980 2010 4034 in
2047 3979 2232 4034 fratris
2276 3976 2361 4032 sui
2395 3977 2587 4032 cellam
2625 3977 2980 4048 ingrediatur.
3009 3975 3086 4032 Ne
3115 3979 3320 4033 curetis
3362 3988 3554 4036 mutuo

1958 4069 2054 4124 vos
2085 4075 2209 4126 ante
2246 4065 2574 4138 praeﬁnitum
2611 4073 2826 4137 tempus
2861 4066 3199 4137 conspicere.
3240 4065 3360 4122 Noli
3396 4068 3549 4123 iuve-

1959 4161 2160 4231 stigare
2185 4174 2311 4230 qua:
2332 4158 2515 4214 caeteri
2550 4172 2716 4228 opera
2754 4156 3006 4222 fecerint,
3032 4173 3207 4230 neque
3235 4169 3415 4216 utrum
3448 4160 3553 4215 fra-

1929 4261 2046 4306 .ter
2090 4250 2213 4322 plus
2248 4263 2411 4321 quam
2444 4256 2522 4315 tu,
2557 4264 2626 4304 an
2672 4258 2726 4304 tu
2784 4264 2946 4320 quam
2995 4249 3084 4306 ille
3132 4250 3420 4313 laboraris.
3470 4254 3551 4307 Ad

1960 4358 2099 4414 opus
2145 4350 2431 4408 exeuntes,
2474 4357 2506 4396 a
2548 4340 2757 4397 desidia
2794 4350 2851 4397 et
2895 4341 3202 4413 arrogantia
3235 4350 3444 4398 cavete.
3486 4340 3557 4397 Et

1962 4436 2336 4508 unusquisque
2367 4450 2490 4503 cum
2529 4435 2724 4491 timore
2755 4433 2848 4491 Dei
2878 4436 3124 4490 atteadat
3160 4434 3288 4500 sibi,
3322 4444 3379 4491 et
3402 4435 3551 4504 operi

1963 4545 2219 4585 manuum
2266 4543 2508 4597 suarum,
2560 4536 2724 4599 atque
2764 4526 3099 4584 meditationi
3131 4536 3186 4583 et
3215 4528 3409 4584 animae
3443 4542 3556 4583 sua:

1963 4623 2018 4678 in
2067 4621 2407 4678 abscondito.
2453 4621 2589 4678 Cum
2631 4621 2923 4676 dimittitur
2973 4622 3344 4690 congregatio,
3395 4629 3489 4675 aut
3523 4635 3554 4672 a

1969 4729 2157 4769 mensa
2193 4713 2544 4786 consurgitis,
2586 4713 2732 4769 inter
2774 4728 2870 4768 vos
2906 4725 2974 4767 ne
3012 4713 3209 4768 divinis
3238 4713 3456 4782 quidem
3489 4712 3556 4766 de

278 4804 332 4858 in
364 4803 554 4858 eadem
585 4814 802 4859 rursum
829 4804 1102 4860 incidatis.
1128 4802 1272 4858 Mors
1288 4802 1442 4859 vobis
1468 4802 1713 4873 quotidie
1739 4811 1866 4858 ante
1968 4807 2129 4862 rebus
2175 4806 2555 4876 colloquentes.
2595 4802 2963 4868 considentis;
2993 4801 3087 4858 sed
3130 4818 3282 4857 suam
3325 4801 3556 4872 quisque

279 4894 466 4951 oculos
494 4903 761 4949 versetur.
794 4893 869 4948 Ea
915 4908 1010 4948 vos
1049 4908 1178 4948 cura
1215 4892 1488 4961 sollicitet,
1522 4894 1790 4963 quomodo
1834 4908 1868 4950 e
1967 4898 2159 4955 cellam
2208 4905 2387 4969 petat,
2440 4895 2623 4967 ibique
2666 4894 2845 4964 lugeat
2892 4903 3110 4964 peccata
3147 4908 3269 4949 sua.
3315 4890 3468 4958 Quod
3506 4892 3555 4946 si

279 4999 509 5053 corpore
551 4983 792 5050 exealis,
840 4983 1113 5054 quomodo
1164 4990 1458 5053 potestates
1504 4986 1864 5041 tenebrarum
1904 5055 1925 5057 _
1983 4990 2284 5045 necessitas
2320 4986 2652 5057 colloquium
2686 4986 2889 5055 exiget,
2922 4983 3251 5052 paucissima
3292 4997 3417 5038 cum
3458 4982 3556 5036 bu-

281 5075 533 5143 evitelis,
585 5091 707 5146 quae
756 5077 810 5132 in
857 5092 984 5131 aere
1030 5077 1182 5132 vobis
1233 5086 1541 5132 occurrent.
1591 5077 1870 5144 Quomodo
1903 5055 1947 5111 θ
1979 5083 2215 5138 utilitate
2240 5090 2296 5136 et
2327 5080 2608 5149 religione,
2638 5088 2895 5147 tauquam
2933 5076 3043 5131 Deo
3076 5084 3367 5145 praesente,
3395 5073 3556 5129 collo-

282 5180 467 5221 coram
507 5164 617 5222 Deo
656 5168 971 5223 consistatis
1004 5167 1056 5221 in
1088 5168 1363 5223 horrendo
1401 5168 1491 5223 illo
1523 5168 1713 5239 iudicii
1755 5170 1881 5238 die,.
1977 5170 2226 5242 quimiui.
2276 5170 2388 5226 Nec
2439 5169 2543 5225 ulla
2585 5170 2652 5224 de
2698 5183 2758 5224 re
2805 5167 3137 5235 contendite,
3187 5178 3281 5220 aut
3319 5166 3588 5257 cuipiam.

282 5276 404 5314 cum
438 5274 536 5328 pro
565 5260 829 5331 cujusque
864 5276 1028 5332 opere
1062 5271 1118 5317 et
1157 5277 1412 5318 sermone
1454 5274 1509 5318 et
1543 5264 1876 5334 cogitatione
1977 5262 2276 5327 detraltite,
2322 5269 2418 5316 aut
2444 5274 2776 5332 quemquam
2824 5258 3101 5327 iudicate;
3141 5265 3235 5311 aut
3271 5270 3558 5323 sermone,

283 5349 478 5403 merita
514 5352 734 5420 praemia
780 5351 1109 5406 tribuantur.
1152 5350 1347 5407 Omnia
1388 5354 1526 5407 enim
1569 5363 1691 5407 sunt
1724 5356 1872 5409 nuda
1977 5355 2232 5429 animove
2275 5351 2586 5422 quempiam
2633 5349 2987 5412 contemnite.
3033 5356 3127 5402 aut
3172 5347 3240 5402 de
3283 5362 3558 5417 quoquam

280 5450 327 5492 et
370 5450 552 5508 aperta
580 5440 749 5496 oculis
773 5441 887 5512 ejus
914 5443 954 5508 ³,
988 5442 1073 5497 cui
1110 5439 1264 5497 vobis
1300 5442 1570 5499 reddenda
1595 5452 1680 5498 est
1708 5439 1867 5500 ratio.

285 5530 340 5584 In
392 5545 578 5587 mensa
630 5542 686 5587 et
731 5532 1151 5605 congregatione
1198 5531 1330 5588 nihil
1378 5533 1709 5604 loquamini,
1765 5534 1867 5590 nisi

289 5640 484 5696 magna
502 5635 733 5697 urgente
755 5626 1096 5683 necessitate.
1124 5623 1447 5683 Psallcntem
1471 5641 1537 5683 ne
1558 5626 1866 5698 corrigatis,

349 5784 367 5811 ’
400 5783 559 5841 Hebr.
605 5798 679 5846 tv,
712 5781 793 5837 l5.

1981 5445 2109 5500 tnali
2170 5444 2371 5514 aliquid
2411 5442 2788 5515 suspicamini.
2833 5438 2943 5494 Nec
2984 5441 3322 5495 mendacium
3355 5454 3421 5494 ex
3465 5453 3589 5509 ore,

1982 5549 2168 5593 vestro
2191 5538 2522 5609 egrediatur.
2551 5534 2663 5590 Nec
2691 5534 2856 5604 loqui,
2878 5544 2971 5609 sunt
2989 5533 3179 5587 audire
3201 5530 3381 5587 velitis
3405 5528 3549 5601 quid

1984 5643 2144 5699 quam
2190 5628 2333 5700 quod
2383 5643 2485 5685 non
2534 5625 2807 5699 expediat.
2852 5623 3052 5680 Malitia
3094 5625 3146 5680 in
3183 5624 3347 5680 corde
3383 5627 3559 5677 vestro
