3968 6210
439 326 579 384 ιλιι-ι

1531 325 1799 382 ΡΑΤΒΕΒ
1840 326 2142 384 ᾸΞΟΥΡΤΙΙ
2188 329 2458 388 ελείυιι
2496 332 2581 388 Π.

3552 337 3578 389 ι
3605 335 3717 390 ιειε

438 457 508 498 ne
544 443 798 510 resideat,
841 457 1016 513 neque
1045 442 1250 508 odium,
1289 458 1464 514 neque
1503 444 1700 499 invidia
1753 442 2016 500 adversus
2045 447 2091 504 Δ
2121 454 2259 515 tem,
2310 457 2369 502 ut
2413 462 2605 503 omnes
2656 447 3028 502 immnnditias
3073 447 3543 516 concupiscamus.
3607 449 3710 502 Es-

437 551 767 604 proximum.

510 627 575 682 Il.
620 627 793 683 Unum
836 626 892 681 in
927 641 1023 682 ore
1051 633 1381 696 promptum,
1408 625 1550 679 aliud
1575 625 1626 680 in
1657 626 1837 681 animo
1863 625 2013 680 clau-

434 736 553 775 sum
599 733 667 775 ne
708 719 972 774 habeatis.
1019 718 1162 774 Deus
1216 718 1358 773 enim
1403 735 1505 772 non
1557 719 1814 773 irridetur
1845 718 1886 786 ³,
1917 719 2011 773 sed

433 811 612 866 omnia
650 819 759 864 tam
800 808 1017 864 occulta
1055 824 1220 879 quam
1271 809 1557 865 manifesta
1593 810 1869 880 perspicit.
1903 808 2010 863 Coo

433 901 723 970 gitationes
754 909 810 956 et
837 901 1155 956 ainictioues
1176 911 1228 956 et
1250 901 1586 970 suspiciones
1613 910 1821 956 vestras
1845 901 2013 955 nolite

435 993 791 1056 abscondere,
823 992 915 1046 sed
947 1006 1043 1046 eas
1071 990 1252 1046 abbati
1277 1000 1464 1046 vestro
1493 999 1714 1046 cunctas
1741 992 2016 1056 indicate;

433 1092 484 1138 et
516 1085 662 1154 quod
693 1085 762 1140 ab
808 1085 928 1154 ipso
954 1085 1176 1150 auditis,
1216 1084 1268 1140 id
1299 1100 1423 1139 cum
1455 1084 1561 1139 ﬁde
1596 1085 1877 1156 percipite.
1909 1085 2013 1140 Ca-

435 1186 576 1240 vete,
611 1191 678 1231 ne
725 1175 980 1230 mandata
1026 1192 1142 1231 mea
1191 1177 1498 1247 negligatis,
1541 1179 1756 1246 quando
1800 1192 2008 1232 mecum

435 1264 618 1320 vivere
651 1267 999 1323 decrevistis.
1031 1269 1086 1324 Si
1119 1268 1261 1323 enim
1289 1284 1349 1322 ea
1382 1269 1758 1332 servaveritis,
1783 1283 1881 1338 ego
1915 1283 2012 1337 pro

434 1353 588 1408 vobis
619 1354 727 1408 Deo
755 1355 1019 1411 rationem
1055 1357 1276 1412 reddam
1303 1373 1318 1423 ;
1349 1359 1432 1412 sin
1467 1373 1530 1413 ea
1567 1373 1672 1412 non
1701 1357 2010 1412 servaveri-

436 1442 524 1507 tis,
565 1459 592 1498 a
626 1445 782 1500 vobis
813 1454 870 1502 et
921 1448 988 1503 de
1027 1448 1358 1518 negligentia
1395 1457 1594 1512 vestra,
1622 1458 1675 1502 et
1719 1448 1786 1503 de
1819 1447 2011 1501 inertia

435 1549 556 1589 mea
589 1536 734 1590 ratio
763 1547 1060 1606 repetetur.
1096 1537 1196 1605 Qui
1232 1539 1481 1592 mandata
1515 1553 1638 1592 mea,
1666 1537 2013 1602 custodierit,

434 1633 543 1680 tam
577 1626 631 1682 in
669 1628 904 1694 occulto,
949 1646 1110 1700 quam
1144 1631 1196 1684 in
1241 1629 1553 1694 manifesto,
1586 1629 1845 1685 Dominus
1871 1629 2016 1685 Deus

432 1718 699 1773 custodiet
734 1720 906 1789 ipsum
955 1723 1021 1777 ab
1051 1721 1194 1777 omni
1239 1721 1398 1786 malo,
1433 1730 1487 1776 et
1523 1731 1770 1792 proteget
1798 1733 1922 1776 eum
1958 1720 2009 1774 in

438 1807 588 1863 omni
617 1811 914 1867 tentatione
944 1819 1051 1865 tam
1080 1811 1315 1877 occulta,
1345 1827 1508 1882 quam
1529 1790 1844 1870 manifesta.
1875 1811 2009 1867 Bor-
2041 1790 2090 1847 Β

436 1908 521 1955 ter
551 1915 664 1969 vos,
695 1901 890 1956 fratres
928 1903 1055 1968 mei,
1089 1911 1147 1956 ut
1177 1903 1568 1969 consideretis,
1597 1918 1695 1958 cur
1736 1919 1767 1958 e
1809 1903 2010 1958 mundo

435 1990 791 2045 recesseritis.
831 1990 1033 2046 Salutis
1059 2001 1255 2046 vestra:
1281 2006 1466 2045 curam
1507 1992 1673 2061 agite,
1706 2007 1773 2046 ne
1802 2007 2006 2046 renun-

436 2081 589 2136 tiatio
613 2092 791 2137 ve5tra
826 2083 1001 2137 inanis
1028 2083 1140 2148 sit;
1174 2093 1228 2138 et
1254 2084 1306 2137 in
1331 2095 1619 2153 conspectu
1651 2082 1745 2138 Dei
1789 2093 1843 2137 et
1879 2098 2009 2138 san-

433 2179 644 2225 ctorum
677 2170 816 2239 ejus,
854 2173 944 2242 qui
996 2181 1218 2243 propter
1263 2174 1437 2243 ipsum
1487 2175 1686 2228 mundo
1733 2176 2012 2229 renuntia-

389 2267 392 2270 ’
433 2271 630 2316 verunt
673 2262 965 2333 atllictique
1004 2274 1156 2332 sunt,
1182 2266 1535 2322 erubescatis.
1569 2267 1622 2320 lu
1657 2282 1722 2322 eo
1754 2269 2006 2323 virtutem

430 2352 588 2408 sitam
619 2356 948 2424 existimate,
981 2357 1024 2412 si
1053 2373 1081 2411 a
1107 2359 1551 2414 contentionibus
1581 2361 1918 2430 temperetis,
1964 2363 2006 2416 si

431 2459 519 2500 res
545 2446 799 2502 adversas
830 2464 988 2519 arquo
1018 2451 1200 2504 animo
1231 2451 1534 2519 patiamini,
1561 2452 1603 2507 si
1644 2453 2006 2507 humilitatem

429 2535 721 2604 excolatis,
750 2536 794 2590 si
824 2539 1149 2593 omnibusin
1186 2541 1346 2593 rebus
1371 2540 1702 2594 voluntatem
1735 2541 2007 2610 propriam

430 2627 730 2700 abneget-is,
758 2631 802 2684 si
830 2630 1054 2701 justitia!
1078 2641 1276 2686 vestra;
1301 2632 1526 2688 minime
1554 2635 1842 2688 conﬁdatis
1866 2651 1880 2700 ;
1915 2635 2007 2688 sed

436 2731 656 2788 peccata
686 2730 863 2775 vestra
888 2737 1100 2792 semper
1127 2733 1251 2778 ante
1279 2724 1465 2778 oculos
1489 2725 1755 2779 habeatis.
1776 2726 2008 2779 Recrea-

431 2812 527 2877 tio,
573 2815 701 2868 mihi
735 2818 961 2879 credite,
1005 2825 1055 2871 et
1083 2816 1369 2883 relaxatio,
1393 2829 1448 2873 et
1476 2821 1651 2874 inanis
1685 2819 1856 2890 gloria
1891 2835 2008 2876 omo

433 2920 552 2959 ueni
584 2909 834 2962 monachi
869 2909 1102 2966 fructum
1152 2911 1457 2966 excutiunt.

1028 3025 1288 3082 ORATIO
1326 3022 1389 3079 II.

784 3137 860 3192 De
887 3149 1053 3193 mente
1078 3141 1362 3194 secundum
1390 3149 1660 3198 naturam.

506 3247 545 3308 I.
591 3250 724 3306 Nolo
774 3266 868 3306 vos
923 3254 1194 3323 ignorare,
1247 3254 1465 3321 fratres,
1519 3255 1709 3322 Deum,
1766 3273 1888 3313 cum
1958 3259 2010 3312 in

432 3341 701 3409 principio
747 3343 1023 3398 hominem
1058 3345 1293 3411 fecisset,
1335 3361 1456 3400 eum
1488 3351 1740 3402 sensibus
1790 3350 2016 3419 integris

433 3441 489 3484 et
538 3441 748 3484 natura:
803 3434 1228 3501 congruentibus
1281 3436 1334 3488 in
1385 3438 1640 3504 paradiso
1688 3438 2010 3494 collocasse.

437 3517 635 3575 Verum
674 3530 858 3589 postea
911 3536 1072 3590 quam
1109 3523 1311 3577 audivit
1361 3523 1507 3578 illum
1549 3541 1576 3578 a
1622 3541 1728 3594 quo
1759 3528 2014 3597 deceptus

437 3611 562 3678 fuit,
593 3626 783 3667 Omnes
826 3613 942 3683 ejus
975 3629 1169 3669 sensus
1210 3615 1261 3668 in
1295 3615 1538 3671 habitum
1571 3629 1774 3674 naturae
1803 3631 2016 3676 centra-

437 3704 576 3760 rium
617 3704 864 3758 conversi
899 3712 1048 3768 sunt,
1084 3715 1137 3760 et
1182 3706 1298 3775 ipse
1338 3722 1368 3761 e
1410 3707 1581 3776 gloria
1629 3725 1729 3764 sua
1775 3710 2014 3780 dejectus

434 3805 539 3851 est.
571 3795 638 3849 At
678 3797 937 3851 Dominus
970 3807 1158 3852 noster
1191 3813 1382 3869 magna
1435 3799 1700 3870 impulsus
1746 3803 2013 3858 charitate

436 3886 871 3940 misericordiam
901 3902 1052 3942 suam
1083 3902 1208 3959 erga
1243 3903 1416 3957 genus
1444 3888 1736 3943 lmmanum
1768 3891 2012 3944 declara-

437 3979 534 4033 vit.
571 3976 805 4033 Verbum
847 3981 990 4033 enim
1027 3995 1175 4046 caro,
1206 3979 1256 4034 id
1297 3989 1381 4035 est
1421 3980 1692 4049 perfectus
1743 3983 1901 4037 homo
1934 3982 2016 4035 fa-

437 4081 583 4124 ctum
629 4080 734 4134 est,
777 4071 1029 4126 omnibus
1074 4074 1125 4126 in
1164 4073 1325 4127 rebus
1368 4072 1523 4126 nobis
1558 4073 1757 4137 simile,
1786 4083 2015 4144 excepto

435 4165 662 4228 peccato
701 4159 746 4225 ‘,
789 4171 848 4216 ut
897 4174 993 4229 per
1037 4172 1285 4216 sanctum
1343 4178 1543 4232 corpus
1604 4180 1758 4216 suum
1813 4179 1910 4219 nos
1961 4165 2012 4217 in

439 4255 727 4325 pristinum
769 4265 975 4309 natura:
1026 4264 1227 4310 statum
1276 4265 1578 4311 revocaret.
1623 4255 1836 4312 Homini
1868 4258 2012 4312 enim
2086 4271 2090 4274 ·

437 4346 728 4401 ostendens
762 4347 1192 4400 misericordiam
1217 4362 1390 4411 suam,
1428 4348 1643 4401 reduxit
1675 4363 1797 4400 eum
1832 4349 1883 4401 in
1917 4363 2013 4417 pa-

2119 541 2284 594 animi
2321 540 2593 596 armulatio
2618 549 2825 595 natura:
2850 553 3178 609 congruens,
3211 539 3328 593 sine
3354 553 3458 607 qua
3491 551 3603 592 non
3639 539 3680 592 li

2117 640 2207 684 eet
2260 631 2313 685 in
2361 630 2529 685 Deum
2575 628 2845 701 progredi.
2887 627 3093 682 Idcirco
3130 627 3477 693 ternulamini,
3523 625 3708 694 inquit

2125 722 2436 790 Apostolus,
2463 723 2601 775 dona
2621 719 2992 790 prrrstamiora
3007 720 3047 772 ⁸.
3081 719 3267 772 Divina
3291 719 3404 772 haec
3421 717 3711 772 azmulatie

2123 811 2345 888 deﬂexit
2366 828 2396 867 e
2417 822 2557 868 statu
2590 811 2849 876 naturali,
2885 819 2941 864 ιιι
2971 810 3170 865 mutuis
3202 825 3300 865 nos
3328 808 3707 864 aemulationi.

2117 905 2218 960 bus
2245 914 2296 959 et
2323 905 2526 959 invidia
2551 915 2602 960 et
2631 903 2924 959 mendaciis
2939 917 3331 974 Oppnguemus.

2188 993 2256 1048 11.
2285 994 2378 1048 Est
2408 995 2605 1049 mentis
2627 993 2758 1048 iraa
2784 1002 2990 1048 natura:
3011 994 3221 1046 ratione
3246 991 3468 1046 minime
3493 989 3712 1054 aliena,

2120 1086 2239 1143 sine
2279 1101 2384 1158 qua
2411 1088 2637 1142 castitas
2676 1085 2876 1139 homini
2912 1101 3016 1139 non
3047 1094 3282 1148 constat,
3316 1084 3418 1138 hoc
3448 1091 3555 1147 est,
3595 1083 3712 1136 nisi

2122 1180 2384 1233 adversus
2415 1181 2624 1233 semina
2654 1194 2774 1248 qua:
2797 1181 2865 1235 ab
2889 1179 3111 1233 inimico
3134 1178 3185 1231 in
3218 1191 3313 1230 nos
3338 1183 3713 1245 sparguntur,

2117 1270 2420 1326 irascamur
2445 1273 2930 1341 :quemadmodum
2975 1270 3208 1325 Phinees
3232 1270 3252 1300 ⁷
3279 1267 3418 1322 filius
3441 1265 3713 1329 Eleazar,

2116 1361 2378 1430 ejusmodi
2413 1362 2492 1415 ira
2521 1371 2823 1415 commotus
2846 1363 3119 1416 hominem
3152 1357 3311 1413 simul
3341 1372 3462 1411 cum
3494 1355 3711 1410 femina

2115 1454 2463 1518 coniodit,.et
2498 1455 2574 1508 ira
2612 1453 2823 1509 Domini
2854 1468 2882 1507 a
2920 1451 3116 1523 pop‘ulo
3146 1465 3243 1506 suo
3276 1449 3526 1504 recessit.
3571 1446 3709 1502 "ac

2115 1546 2271 1599 nobis
2321 1545 2398 1598 ira
2432 1558 2498 1598 eo
2535 1557 2796 1598 conversa
2834 1550 2945 1607 est,
2978 1551 3036 1595 ιιι
3078 1541 3340 1610 proximis
3382 1538 3589 1592 nostris
3636 1539 3709 1592 de

2115 1634 2279 1686 rebus
2306 1631 2638 1702 quibuslibet
2663 1632 2842 1685 stultis
2864 1643 2917 1684 et
2944 1630 3222 1685 inutilibus
3247 1628 3566 1685 irascamur.
3602 1629 3707 1682 Est

2115 1724 2296 1779 odium
2326 1723 2486 1778 animi
2517 1721 2815 1777 secundum
2838 1730 3108 1784 naturam,
3133 1735 3240 1790 quo
3269 1719 3415 1773 Elias
3441 1719 3704 1772 inventos

2112 1831 2300 1871 omnes
2349 1815 2695 1886 turpitudinis
2742 1814 3034 1885 prophetas
3076 1812 3352 1868 interfecit
3383 1813 3451 1866 ".
3492 1811 3704 1867 Eodem

2112 1920 2166 1963 et
2222 1907 2440 1963 Samuel
2485 1910 2538 1964 in
2576 1907 2726 1979 Agag
2771 1921 2949 1975 regem
2984 1905 3201 1960 Amalec
3244 1905 3450 1960 exarsit
3483 1902 3526 1958 ⁸.
3564 1901 3706 1957 Sine

2113 2001 2214 2056 hoc
2242 2003 2296 2055 in
2326 2000 2700 2055 adversarium
2734 2001 2880 2065 odio,
2910 1999 3075 2052 animi
3109 1995 3278 2066 gloria
3304 2011 3407 2049 non
3440 1997 3705 2050 declara-

2113 2100 2220 2147 tur.
2277 2089 2471 2146 Verum
2513 2089 2616 2144 hoc
2647 2089 2802 2143 nobis
2831 2091 3014 2142 odium
3041 2097 3234 2143 contra
3275 2099 3514 2139 naturam
3556 2100 3708 2139 con-
3791 2137 3796 2142 _

2113 2198 2328 2237 versum
2364 2192 2469 2248 est,
2501 2193 2555 2236 et
2583 2183 2704 2236 ideo
2746 2181 3052 2251 proximum
3085 2178 3298 2231 odimus
3323 2186 3480 2245 atque
3508 2176 3704 2243 despi-

2111 2275 2318 2339 cimus,
2374 2281 2428 2328 et
2480 2273 2711 2347 virtutes
2749 2286 2935 2326 omnes
2982 2269 3338 2324 inseclamur.
3386 2268 3478 2322 Est
3525 2267 3699 2320 animi

2111 2365 2275 2420 elatio
2301 2366 2352 2419 in
2380 2365 2563 2419 hostes
2589 2364 2811 2417 minime
2837 2371 3044 2415 natura;
3069 2359 3364 2420 contraria,
3400 2372 3562 2426 quam
3594 2354 3701 2410 Job

2112 2473 2232 2514 cum
2268 2455 2582 2518 invenisset,
2625 2453 2859 2507 inimicis
2896 2452 3008 2506 suis
3043 2451 3346 2504 convicium
3381 2448 3510 2502 fecit
3544 2467 3558 2501 :
3593 2447 3710 2502 Πυι

2112 2547 2301 2609 mines,
2344 2543 2615 2614 inquiens,
2651 2542 2854 2595 sordidi
2886 2551 2932 2594 et
2978 2539 3168 2609 objecti
3207 2549 3361 2609 atque
3401 2538 3709 2607 indigentes

2115 2637 2256 2689 omni
2291 2636 2443 2700 bono,
2476 2649 2602 2703 quos
2636 2633 2875 2700 indignos
2907 2631 3204 2684 existimavi
3224 2645 3416 2697 ponere
3449 2645 3569 2682 cum
3607 2644 3700 2681 ca-

2113 2726 2265 2780 nibus
2300 2727 2469 2794 gregis
2507 2724 2605 2777 mei
2627 2723 2669 2775 θ.
2699 2722 2820 2776 Haec
2849 2736 2946 2775 nos
2970 2721 3136 2774 animi
3162 2721 3468 2775 sublimitas
3497 2719 3700 2776 defecit

2113 2820 2374 2872 adversus
2405 2817 2678 2882 inimicos,
2718 2825 2772 2869 et
2811 2813 3084 2869 lmmiliati
3119 2827 3308 2866 sumus
3334 2811 3572 2866 inimicis
3600 2827 3702 2864 no.

2113 2911 2273 2977 stris,
2302 2926 2423 2964 cum
2475 2908 2740 2979 proximis
2787 2915 2966 2960 autem
3017 2905 3253 2975 superbe
3291 2904 3700 2968 contendimus,

2113 3013 2170 3061 et
2206 3019 2306 3060 nos
2351 3019 2460 3074 prm
2502 3003 2610 3058 illis
2649 3001 2825 3073 justos
2869 2999 3268 3054 existimamus.
3313 2996 3430 3064 Qua
3472 2999 3700 3066 quidem

2036 3129 2078 3185 ο
2119 3095 2375 3163 superbia
2429 3094 2572 3148 Deus
2610 3093 2770 3147 nobis
2818 3091 3072 3145 inimicus
3117 3087 3364 3142 cliicitur.
3418 3085 3699 3154 Ejusmodi

2115 3187 2283 3241 animi
2338 3185 2651 3240 affectiones
2698 3199 2820 3238 eum
2870 3182 3091 3236 homine
3126 3188 3321 3234 creatae
3362 3189 3511 3242 sunt,
3560 3192 3702 3246 quas

2122 3277 2234 3343 ille,
2273 3291 2396 3330 cum
2429 3292 2494 3330 ex
2525 3260 2916 3328 arbore'vctita
2947 3269 3294 3335 comedisset,
3329 3269 3380 3322 in
3415 3269 3590 3335 turpia
3617 3267 3696 3320 vi-

2115 3368 2185 3422 tia
2224 3367 2599 3422 commutavit.
2653 3363 2776 3418 Iitec
2829 3378 2949 3429 nos,
2996 3361 3194 3415 fratres
3244 3359 3573 3420 charissimi,
3623 3373 3695 3410 ex

2115 3459 2312 3513 minus
2361 3458 2562 3512 nostris
2606 3457 2907 3520 deleamus,
2938 3463 2992 3508 et
3020 3453 3263 3508 colamus
3295 3467 3357 3507 ea
3387 3466 3504 3520 qum
3535 3450 3696 3504 nobis

2115 3551 2166 3604 in
2192 3558 2381 3605 sancto
2406 3565 2636 3620 corpore
2661 3564 2758 3602 suo
2785 3547 3045 3601 Dominus
3070 3556 3251 3600 noster
3271 3544 3428 3600 Jesus
3441 3543 3697 3599 Christus

2113 3642 2374 3698 ostendit.
2411 3641 2646 3697 Sanctus
2674 3641 2761 3694 ille
2786 3651 2888 3703 est,
2918 3647 2974 3693 et
2999 3639 3050 3692 in
3083 3638 3284 3692 sanctis
3328 3635 3559 3690 habitat.
3603 3635 3699 3688 At-

2116 3735 2402 3788 tendamus
2439 3731 2595 3786 nobis
2624 3730 2754 3800 ipsis
2786 3739 2841 3784 et
2861 3743 3081 3799 operam
3111 3727 3326 3792 demus,
3360 3737 3417 3779 ut
3455 3726 3566 3779 Deo
3597 3739 3697 3794 pro

2122 3826 2327 3880 viribus
2390 3823 2728 3893 placeamus,
2775 3821 2931 3874 bonis
2985 3818 3244 3888 operibus
3291 3818 3694 3872 incumbentes.

2115 3913 2306 3971 Omnia
2342 3913 2519 3968 studia
2553 3921 2606 3966 et
2649 3927 2810 3967 curas
2841 3919 3056 3964 nostras
3091 3910 3476 3979 ponderemus,
3509 3907 3579 3961 ad
3611 3923 3696 3963 re-

2115 4018 2366 4076 ctamque
2400 4005 2616 4059 natura!
2650 4004 2919 4058 rationem
2957 4018 3020 4058 ac
3065 4016 3312 4057 normam
3361 4001 3697 4070 redigamus,

2117 4109 2176 4153 ut
2210 4098 2550 4152 inveniamus
2582 4095 3012 4149 misericordiam
3039 4093 3092 4146 in
3118 4091 3206 4146 die
3236 4090 3556 4146 tentatiouis
3578 4105 3701 4159 quae

2116 4189 2233 4244 orbi
2276 4189 2522 4244 imminet
2561 4187 2815 4241 universo
2866 4187 2931 4240 ιθ.
2968 4185 3062 4240 Dei
3107 4183 3442 4251 benignitate
3485 4195 3700 4250 semper

2117 4282 2442 4351 indigemus,
2474 4295 2592 4350 qure
2620 4280 2921 4334 infirmitati
2957 4289 3155 4332 nostra:
3175 4278 3311 4333 ferat
3352 4277 3614 4330 auxilium
3645 4285 3700 4328 et

2121 4373 2315 4428 liberet
2358 4387 2458 4427 nos
2495 4375 2562 4426 ab
2608 4372 2843 4428 inimicis
2881 4374 3116 4428 nostris:
3154 4372 3411 4442 quoniam
3455 4369 3572 4437 ejus
3620 4378 3701 4422 est

442 4443 708 4499 radisum.
752 4442 842 4498 Sic
880 4443 1022 4496 enim
1058 4457 1152 4497 eos
1195 4443 1286 4511 qui
1330 4445 1446 4512 ejus
1481 4443 1632 4512 sequi
1669 4444 1918 4514 vestigia,
1961 4453 2012 4498 et

2120 4465 2384 4535 potentia,
2411 4473 2466 4519 et
2497 4465 2754 4519 auxilium
2791 4474 2846 4520 et
2876 4465 3163 4535 imperium
3199 4465 3252 4519 in
3294 4463 3491 4519 szecnla
3524 4476 3699 4515 sarcu-

443 4535 716 4592 mandatis
759 4549 880 4604 qua;
926 4533 1084 4588 nobis
1123 4533 1270 4586 dedit
1313 4535 1533 4588 obedire
1559 4533 1766 4596 volunt,
1811 4535 2017 4589 excita-

433 4629 534 4694 vit,
579 4634 637 4681 ut
661 4640 754 4681 eos
785 4625 1003 4680 vincere
1030 4624 1262 4691 valeant,
1299 4624 1389 4694 qui
1428 4639 1526 4679 nos
1563 4639 1594 4679 e
1621 4624 1790 4695 gloria
1828 4634 2012 4680 nostra

442 4721 778 4791 deiecerunt.
809 4716 1055 4773 Tradidit
1091 4717 1255 4770 etiam
1303 4716 1458 4770 nobis
1502 4725 1745 4770 sanctam
1788 4717 1880 4771 Dei
1911 4732 2008 4771 co-

439 4812 582 4869 lendi
615 4815 876 4867 rationem
905 4811 1186 4882 legemque
1211 4825 1421 4880 puram,
1451 4818 1512 4863 ut
1538 4809 1589 4864 in
1615 4809 1765 4864 illum
1807 4819 2013 4863 natura:

441 4914 643 4961 statum
677 4907 840 4960 homo
871 4913 1182 4959 revertatur
1219 4903 1274 4957 in
1315 4918 1423 4972 quo
1458 4901 1632 4958 fuerat
1671 4917 1702 4956 a
1749 4901 1859 4956 Deo
1891 4916 2018 4956 con-

443 5000 689 5056 stitutus.
722 4997 956 5054 Proinde
983 4997 1076 5067 qui
1109 4997 1223 5051 vult
1250 4996 1376 5051 illuc
1399 4996 1598 5062 redire,
1625 4996 1671 5050 is
1691 4995 1868 5050 omnis
1899 5010 2019 5049 car-

443 5093 530 5147 nis
559 5105 670 5145 sua:
725 5098 968 5160 amputat
1007 5087 1338 5151 voluntates,
1371 5097 1432 5141 ut
1476 5101 1711 5140 mentem
1761 5101 1914 5140 suam
1967 5087 2020 5139 iu

443 5193 642 5239 statum
689 5181 975 5252 pristinum
1027 5179 1254 5250 redigat.
1306 5179 1404 5234 Est
1442 5177 1768 5233 desiderium
1815 5186 2021 5232 naturai

443 5275 801 5338 conveniens,
821 5273 940 5329 sine
962 5288 1068 5343 quo
1093 5288 1192 5328 nec
1215 5273 1450 5327 charitas
1477 5271 1528 5326 in
1556 5269 1724 5325 Deum
1749 5269 2018 5325 consistit.

447 5362 656 5419 Idcirco
708 5364 894 5419 Daniel
926 5371 1150 5418 vocatus
1190 5371 1273 5417 est
1306 5363 1385 5416 rir
1427 5360 1808 5414 desideriorum
1843 5357 1888 5411 ⁸.
1922 5357 2021 5413 De-

447 5453 708 5508 siderium
739 5455 840 5510 hoc
885 5454 1138 5509 inimicus
1168 5452 1223 5507 in
1260 5452 1458 5506 ftedam
1495 5449 1719 5503 mutavit
1755 5447 2021 5515 cupidita-

545 5672 566 5702 ³
600 5672 720 5726 Cal.
763 5690 838 5738 vi,
880 5673 930 5726 7.
1027 5675 1048 5704 ⁸
1092 5674 1251 5729 llebr.
1285 5689 1356 5734 Iv.
1397 5671 1484 5725 15.
1591 5671 1612 5702 ⁸
1647 5671 1779 5723 Dan.
1824 5687 1900 5736 ix,
1931 5670 2020 5724 23.

445 5755 606 5808 xvm,
653 5745 742 5798 40.
815 5743 838 5774 ⁸
873 5745 887 5796 Ι
919 5743 1047 5812 Iicg.
1092 5761 1178 5809 xv,
1219 5745 1305 5798 55.
1380 5745 1400 5774 ³
1437 5741 1535 5796 Job
1577 5757 1704 5805 xxx,
1748 5742 1871 5806 l,'2.

2117 4559 2312 4615 lorum.
2341 4557 2534 4613 Amen.

2714 4664 2970 4721 ORATIO
3007 4664 3098 4720 111.

2474 4773 2555 4828 Ad
2591 4773 2783 4844 fratres
2813 4775 3056 4845 juniorea
3078 4775 3364 4829 institutio.

2192 4889 2234 4944 ι.
2276 4887 2564 4944 Humilitas
2610 4887 2661 4942 in
2705 4889 2894 4958 primis
2945 4897 3029 4942 est
3073 4887 3413 4950 necessaria,
3460 4887 3606 4956 quod
3651 4886 3699 4938 in

2123 4984 2266 5038 omni
2293 4996 2543 5038 sermone
2567 4981 2852 5036 dicendum
2880 4991 2981 5035 est.
3009 4979 3320 5036 [Inutilitale
3346 4980 3492 5034 enim
3518 4994 3700 5034 omnes

2129 5073 2431 5128 adversarii
2465 5084 2612 5128 artes
2633 5083 2976 5142 superantur.
3006 5072 3201 5129 Omnia
3221 5089 3341 5142 quae
3370 5073 3465 5127 tibi
3498 5071 3700 5142 agenda

2124 5175 2260 5222 sunt
2298 5167 2584 5236 diligenter
2619 5165 2884 5236 expende,
2915 5166 3051 5220 utin
3087 5166 3271 5221 verbis
3312 5167 3417 5220 tuis
3445 5178 3702 5220 constans

2129 5258 2448 5315 inveniaris.
2472 5257 2636 5313 Serva
2669 5259 2987 5329 gravitatem
3019 5256 3072 5311 in
3099 5258 3247 5312 vultu
3273 5275 3290 5324 ;
3314 5272 3438 5326 erga
3463 5257 3704 5326 hospites

2133 5359 2287 5406 utere
2323 5351 2754 5416 mansuetudine,
2792 5362 2851 5407 ut
2877 5351 2971 5407 Dei
2997 5353 3158 5405 timor
3185 5363 3356 5405 tecum
3390 5349 3621 5404 habitet.
3652 5349 3705 5402 Si

2130 5457 2254 5498 cum
2297 5442 2556 5500 fratribus
2605 5444 2705 5498 iter
2757 5444 3085 5515 susceperis,
3123 5445 3193 5498 ita
3236 5454 3286 5499 te
3325 5442 3618 5507 confirma,
3654 5451 3709 5494 ut

2133 5670 2154 5700 ⁸
2193 5669 2353 5722 ICor.
2383 5686 2482 5731 xit,
2526 5671 2611 5726 51.
2721 5671 2740 5702 ’
2783 5669 3090 5739 Nunnsxv,
3135 5671 3185 5734 τ’,
3231 5667 3283 5723 8.
3389 5670 3432 5700 "
3473 5664 3539 5721 III
3576 5669 3702 5738 Reg.
3781 5672 3792 5685 '

1975 5742 2017 5773 "
2059 5741 2189 5797 Luc.
2234 5756 2346 5808 xxi,
2391 5741 2478 5794 ‘26.
