3968 6210
347 315 480 371 ιιυῡ

1371 313 1430 370 S.
1475 313 1677 369 ΙΞΑΙίΕ
1717 313 2007 368 ΑΒΒΑΤΙδ
2043 315 2450 374 ORATIONES.

3459 339 3593 394 illi)

344 443 544 486 taceas.
583 429 641 483 lu
681 441 874 483 ttinere
909 444 1061 484 mens
1087 430 1140 483 in
1185 429 1363 484 varias
1393 439 1574 499 partes
1608 445 1672 484 ne
1719 431 1918 483 distra-
1951 430 2002 485 Α
2028 431 2176 483 enim
2205 433 2513 488 rationibus
2533 438 2712 490 studio
2742 439 2958 508 pietatis
2981 443 3338 503 adolescentia
3361 457 3588 518 ptolii-it.

343 528 525 589 batur,
561 522 656 578 sed
704 531 877 578 tecum
921 523 1038 590 ipse
1081 522 1383 587 meditare,
1446 531 1540 576 aut
1593 521 1701 576 Deo
1757 521 1918 576 funde

343 631 531 684 preces
561 616 614 671 in
640 617 802 671 corde
828 625 939 670 tuo.
977 613 1299 686 Ubicunque
1325 614 1631 682 diverteris,
1665 629 1920 683 arrogan-

345 711 474 761 tiam
509 707 638 774 vita,
677 716 736 761 et»
757 705 1009 762 omnibus
1039 706 1092 760 in
1138 707 1296 761 rebus
1334 705 1633 762 modestum
1674 721 1738 760 ac
1767 721 1918 760 vere-

343 800 578 856 cundum
611 808 661 855 te
700 800 900 869 praebe.
943 800 1027 855 Ad
1071 799 1123 854 id
1153 800 1293 868 quod
1333 798 1428 854 tibi
1461 798 1763 869 appositqu
1801 798 1918 853 fue-

344 890 434 957 rit,
485 889 566 945 sic
601 905 822 944 manum
856 891 1157 956 extendito,
1215 900 1471 961 tanquam
1507 891 1669 945 edere
1697 898 1918 945 coactus

342 983 436 1036 sis.
469 982 526 1035 Si
549 980 734 1049 junior
757 997 838 1046 es,
869 997 936 1037 ne
962 983 1163 1037 audeas
1199 982 1414 1053 corpori
1438 982 1666 1037 alterius
1697 996 1915 1036 manum

343 1071 620 1126 adhibere.
659 1071 794 1139 Quo—
829 1074 881 1128 in
917 1073 1032 1128 loco
1069 1074 1164 1130 tibi
1196 1084 1278 1128 est
1317 1074 1715 1138 dormiendum,
1755 1073 1916 1142 pallio

340 1172 392 1218 te
427 1172 590 1233 atque
631 1164 795 1219 alium
833 1181 900 1221 ne
939 1167 1308 1236 cooperueris.
1343 1167 1646 1236 Antequam
1686 1175 1734 1220 te
1764 1167 1914 1221 cubi-

340 1264 450 1307 tum
488 1255 762 1322 conferas,
815 1258 1010 1313 multas
1061 1257 1225 1313 funde
1270 1273 1460 1329 preces
1503 1259 1555 1312 in
1590 1260 1755 1313 corde
1798 1268 1916 1313 tuo.

340 1345 394 1400 Si
428 1347 495 1401 de
533 1348 618 1402 via
663 1350 846 1404 fessus
878 1349 997 1404 oleo
1037 1351 1312 1420 paululum
1355 1351 1749 1419 ungivvolueris
1787 1366 1912 1420 pro-

337 1448 458 1505 pter
488 1439 698 1495 itineris
744 1441 1003 1507 laborem,
1048 1443 1218 1512 pedes
1257 1455 1376 1496 tuos
1421 1452 1624 1496 tantum
1661 1445 1741 1498 sic
1785 1445 1909 1512 ungi

336 1531 608 1596 permitte,
641 1544 696 1586 ut
727 1548 824 1587 eos
861 1535 1028 1604 retcgi
1075 1538 1334 1590 verearis.
1379 1536 1574 1590 Totum
1621 1551 1749 1590 vero
1789 1551 1911 1589 cor-

334 1636 434 1689 pus
474 1624 600 1693 ungi
635 1640 701 1680 ne
733 1627 1068 1695 permiseris,
1105 1628 1206 1683 nisi
1239 1628 1658 1683 necessitasaut
1690 1629 1911 1682 morbus

333 1711 592 1780 impellat.
627 1713 681 1769 Si
720 1717 786 1769 ad
814 1727 868 1770 te
900 1716 953 1770 in
983 1717 1116 1772 cella
1148 1725 1234 1771 tua
1266 1727 1692 1772 commorantem
1740 1717 1910 1772 frater

331 1806 648 1875 peregrinus
687 1811 1004 1875 accesserit,
1041 1811 1180 1864 idem
1222 1811 1296 1865 illi
1343 1809 1580 1866 omnium
1628 1809 1902 1874 exhibete,

329 1892 558 1964 oleoque
609 1898 772 1965 pedes
814 1899 931 1970 ejus
973 1901 1248 1971 inungito,
1284 1917 1347 1956 ac
1396 1902 1562 1956 dicito
1611 1901 1904 1955 ebaritatis

329 1985 502 2051 gratia
528 2003 541 2038 :
569 1986 781 2053 Frater,
812 1992 1030 2061 suscipe
1066 2007 1256 2061 parum
1292 1991 1417 2057 olei,
1450 2001 1504 2045 et
1528 2005 1727 2059 corpus
1756 2003 1902 2044 tuum

327 2088 476 2126 cura.
507 2076 658 2142 Quod
701 2082 744 2134 si
786 2098 908 2136 cum
951 2085 1138 2152 quiete
1163 2084 1398 2139 noluerit
1430 2085 1700 2154 accipere,
1733 2083 1901 2137 mole~

325 2177 444 2222 stus
477 2168 550 2222 illi
584 2187 650 2225 ne
678 2183 814 2227 esto.
855 2175 924 2228 At
966 2175 1010 2230 si
1045 2190 1208 2231 senex
1245 2179 1350 2231 erit
1377 2179 1727 2245 exercitatus,
1772 2195 1905 2250 coge

327 2256 528 2326 ipsum,
564 2268 620 2313 ut
652 2269 821 2316 totum
857 2279 918 2318 se
962 2267 1088 2336 ungi
1125 2269 1424 2336 permittat.
1459 2268 1516 2324 Si
1561 2270 1627 2323 ad
1660 2286 1899 2325 mensam

324 2365 447 2404 cum
504 2352 765 2408 fratribus
809 2355 1117 2424 junioribus
1162 2359 1536 2427 discubueris,
1588 2379 1652 2416 ne
1702 2364 1905 2418 dixeris

326 2443 508 2497 animo
528 2454 648 2507 .tuo,
673 2447 943 2505 Comede:
975 2450 1066 2504 sed
1091 2462 1307 2522 peccata
1344 2463 1428 2507 tua
1459 2455 1550 2508 tibi
1586 2457 1637 2510 in
1670 2469 1900 2512 mentem

326 2549 544 2602 revoca,
588 2553 658 2594 ne
695 2544 945 2597 comedas
987 2558 1108 2598 eum
1153 2546 1443 2614 voluptate.
1489 2548 1700 2602 Manum
1752 2563 1896 2606 tuam

324 2637 452 2684 ante
482 2640 532 2687 te
558 2631 728 2687 solum
773 2639 1050 2705 protende.
1095 2638 1158 2693 Si
1185 2641 1311 2710 quid
1347 2651 1526 2698 autem
1567 2655 1692 2699 ante
1734 2645 1896 2699 alium

323 2723 556 2789 positum
599 2735 706 2787 est,
754 2729 820 2781 ad
851 2729 902 2781 id
947 2745 1163 2786 manum
1209 2733 1422 2802 injicias
1461 2751 1611 2791 cave.
1671 2737 1894 2792 Pallium

321 2821 574 2883 contegat
608 2819 771 2882 pedes
807 2827 944 2875 tuos.
977 2820 1160 2877 Genua
1204 2833 1291 2878 tua
1329 2826 1441 2880 sint
1487 2827 1631 2882 inter
1667 2843 1728 2883 se
1763 2844 1896 2884 con-

317 2900 524 2968 juncta.
573 2904 667 2960 Sin
713 2907 950 2976 hospites
991 2911 1194 2968 fuerint
1240 2918 1334 2985 qui
1382 2927 1694 2983 vescuntur,
1739 2921 1896 2975 hilari

323 2995 468 3048 vultu
505 3001 807 3052 necessaria
843 3001 946 3056 illis
975 3006 1350 3065 subministra.
1380 3009 1445 3064 Et
1472 3026 1594 3066 cum
1624 3013 1785 3068 edere
1809 3015 1897 3068 de-

1941 1767 1988 1820 Β

2031 520 2164 574 Cum
2204 524 2404 590 aliquid
2454 527 2703 582 manibus
2734 531 2840 586 tuis
2870 535 3142 604 operaris,
3177 539 3226 592 itt
3269 539 3458 596 timore
3497 543 3590 598 Dei

2028 610 2366 680 diligentiam
2396 616 2612 682 adhibe,
2644 635 2728 687 ne,
2764 622 2807 676 si
2841 625 3115 696 negligens
3155 630 3251 697 sis,
3294 632 3589 702 ignorantia

2024 717 2237 771 pecces.
2271 704 2404 760 Cum
2446 722 2582 777 opus
2623 711 2842 781 aliquod
2874 717 3056 784 discis,
3097 723 3414 791 magistrum
3456 742 3588 782 oon-

2024 793 2161 860 sule,
2189 805 2245 850 et
2273 813 2338 850 ne
2361 800 2618 856 erubesce
2644 805 2837 871 saepius
2863 807 3011 863 illum
3037 826 3216 880 orare,
3250 823 3307 869 ut
3330 832 3426 886 pro
3455 819 3589 874 cha-

2025 884 2184 941 ritate
2223 887 2428 954 videat,
2466 901 2686 948 rectene
2730 895 2857 950 illud
2891 913 2949 955 se
2977 901 3193 969 habeat,
3225 884 3412 964 necne.
3439 909 3495 964 Si
3536 919 3590 967 te

2020 975 2072 1029 in
2131 992 2295 1046 opere
2341 993 2661 1053 occupatum
2710 992 2980 1045 vocaverit
3008 991 3173 1049 frater
3218 1005 3359 1064 tuus,
3401 1001 3590 1057 sedulo

2024 1065 2144 1121 vide
2190 1069 2319 1137 quid
2352 1072 2512 1138 velit;
2547 1083 2600 1128 et
2636 1091 2796 1146 opere
2824 1089 2912 1136 tuo
2942 1082 3271 1152 intermisso,
3303 1088 3452 1145 illum
3489 1095 3589 1148 ad-

2011 1157 2161 1227 jttva.
2207 1159 2340 1215 Cum
2383 1178 2414 1218 o
2459 1181 2642 1223 mensa
2692 1171 2886 1239 surgis,
2927 1172 2978 1227 in
3005 1175 3192 1231 cellam
3235 1189 3378 1236 tuam
3407 1182 3588 1254 ingre-

2018 1252 2172 1318 dere,
2215 1263 2268 1307 et
2316 1257 2566 1324 precibus
2610 1259 2878 1328 incumbe,
2920 1281 3020 1320 nec
3065 1284 3187 1323 cum
3232 1271 3340 1327 illis
3365 1252 3587 1331 conside

2015 1341 2105 1409 qui
2152 1342 2244 1395 tibi
2293 1360 2395 1397 non
2436 1359 2678 1415 prosunt.
2705 1349 2856 1414 Quod
2897 1353 2939 1407 si
2986 1355 3050 1407 de
3088 1356 3199 1410 Deo
3227 1373 3383 1414 senes
3420 1361 3586 1417 collo-

2017 1443 2276 1501 quantur,
2306 1438 2553 1492 abbatem
2583 1449 2731 1495 tuum
2756 1457 3113 1513 roga,.tttrum
3144 1449 3234 1504 tibi
3256 1452 3585 1508 audiendum

2014 1526 2116 1590 sit,
2180 1543 2244 1582 an
2285 1532 2517 1585 eundum
2559 1536 2621 1588 ad
2664 1536 2891 1603 cellam;
2934 1549 2986 1593 et
3037 1542 3178 1610 quod
3223 1542 3311 1598 ille
3351 1544 3584 1613 dixerit,

2015 1615 2205 1674 facito.
2254 1620 2309 1674 Si
2368 1631 2416 1675 te
2466 1623 2646 1692 aliquo
2691 1629 2933 1695 miserit,
2979 1647 3139 1700 roga,
3183 1642 3256 1687 ιιι,
3286 1644 3338 1688 te
3391 1636 3584 1692 diverti

2015 1706 2262 1773 velit;.et
2310 1726 2428 1780 quze
2476 1713 2565 1767 tibi
2602 1718 2853 1773 mandata
2886 1721 2996 1784 det,
3027 1722 3309 1792 diligenter
3341 1725 3587 1781 animad-

1994 1788 2186 1864 verte,
2222 1815 2289 1853 ne
2341 1802 2459 1870 plus
2503 1805 2750 1861 minusve
2793 1808 2980 1863 facias.
3029 1811 3154 1878 Quae
3196 1812 3327 1870 foris
3360 1816 3583 1872 audive-

2015 1889 2110 1954 ris,
2140 1906 2202 1945 ca
2241 1906 2518 1950 revertens
2563 1899 2762 1954 nemini
2797 1900 3020 1959 dixeris.
3067 1902 3120 1958 Si
3156 1920 3314 1960 aures
3345 1917 3464 1962 tuas
3489 1923 3585 1962 cu-

2019 1983 2299 2049 stodieris,
2346 1986 2522 2058 lingua
2556 1998 2642 2043 tua
2677 2007 2779 2044 non
2810 1995 3080 2062 peccabit.
3114 1995 3169 2050 Si
3201 2012 3312 2050 rem
3348 1998 3582 2066 aliquam

2015 2075 2118 2141 vis,
2146 2087 2199 2131 et
2245 2093 2364 2132 eam
2408 2081 2453 2133 is
2481 2097 2602 2135 cum
2636 2098 2741 2152 quo
2772 2085 3002 2151 habitas,
3034 2087 3218 2152 nollet,
3262 2091 3474 2146 remitte
3508 2092 3581 2145 illi

2013 2169 2344 2224 voluntatem
2381 2182 2550 2239 tuam,
2583 2191 2646 2228 ne
2672 2179 2945 2234 contentio
2980 2182 3280 2248 oboriatur,
3323 2199 3455 2239 neve
3479 2183 3579 2238 fra-

2017 2270 2096 2315 ter
2148 2275 2268 2317 ttms
2306 2267 2516 2320 tristitia
2551 2268 2848 2326 adiciatne.

2087 2355 2167 2409 lll.
2216 2354 2457 2423 llospitio
2491 2371 2773 2430 susceptus
2803 2379 2831 2416 a
2861 2363 3031 2420 fratre
3064 2376 3174 2431 tuo,
3210 2385 3276 2423 ne
3321 2370 3449 2438 quid
3480 2370 3580 2434 illi,

2011 2455 2070 2499 ut
2110 2449 2447 2515 peregrinus,
2467 2453 2769 2521 przecipias,
2804 2471 2905 2511 neu
2932 2457 3064 2512 velis
3093 2459 3208 2527 ipse
3235 2475 3485 2529 praeesse.
3519 2464 3572 2518 lit

2013 2554 2199 2593 eorum
2245 2556 2522 2597 sermones
2561 2546 2882 2614 quibuscum
2916 2549 3146 2616 habitas,
3200 2568 3264 2606 ne
3311 2563 3364 2608 te
3396 2563 3454 2608 ut
3489 2570 3582 2609 so-

2009 2630 2148 2684 cium
2193 2641 2248 2685 et
2290 2648 2472 2701 parem
2518 2635 2782 2694 intrudas.
2821 2641 2876 2694 Si
2915 2643 3057 2711 quid
3089 2643 3179 2697 tibi
3209 2647 3582 2702 commiserint

2007 2722 2148 2788 quod
2185 2722 2297 2791 ipse
2349 2724 2506 2788 nolis,
2543 2740 2718 2795 pugna
2762 2743 2883 2782 cum
2933 2731 3208 2788 voluntate
3265 2743 3352 2788 tua
3397 2737 3575 2805 quoad

2009 2812 2178 2882 ipsam
2212 2829 2458 2884 superes,
2495 2833 2560 2870 ne
2598 2818 2801 2889 atlligas
2827 2835 2941 2885 eos,
2980 2832 3032 2874 et
3069 2824 3382 2879 modestiam
3420 2828 3582 2882 amit-

2005 2913 2090 2958 tas
2125 2914 2295 2972 tuam,
2339 2915 2394 2961 et
2424 2907 2663 2976 quietam
2697 2909 2934 2978 ipsorum
2962 2918 3406 2970 consuetudinem
3452 2933 3576 2986 per-

2010 2996 2210 3053 turbes.
2245 2997 2303 3053 Si
2343 2997 2516 3054 frater
2557 3015 2787 3071 quocum
2839 3003 3071 3070 habitas,
3125 3005 3327 3076 aliquid
3380 3009 3480 3062 sibi
3521 3020 3579 3063 ut

323 3085 537 3151 sierint,
569 3089 662 3143 dic.
687 3089 791 3145 illis
817 3092 1036 3160 iterum,
1062 3111 1127 3151 ac
1153 3098 1312 3154 tertio
1346 3119 1358 3154 :
1390 3101 1669 3157 Comedite
1694 3103 1890 3170 adhuc,

2009 3089 2342 3159 prospicias,
2383 3091 2482 3145 abs
2527 3101 2577 3145 te
2608 3093 2854 3162 petierit;
2890 3094 3030 3162 quod
3075 3095 3282 3162 possis,
3328 3095 3378 3150 id
3415 3095 3577 3151 facito

318 3180 544 3237 obsecro
609 3197 725 3248 vos,
778 3187 1094 3253 pauxillum.
1147 3189 1289 3245 Inter
1329 3195 1655 3248 vescendum
1711 3197 1898 3252 oculos

321 3282 440 3327 tuos
493 3273 546 3327 in
594 3277 900 3344 proximum
943 3294 1009 3331 ne
1052 3281 1370 3349 conjeceris,
1415 3300 1549 3340 neve
1591 3289 1898 3356 respexeris

322 3364 427 3418 huc
457 3376 510 3419 et
530 3367 678 3430 illuc,
709 3385 884 3438 neque
915 3373 1078 3426 verba
1106 3374 1269 3428 stulta
1293 3377 1609 3443 protuleris.
1641 3380 1720 3432 Ad
1765 3381 1894 3435 nihil

319 3455 460 3523 quod
494 3457 626 3512 velis
674 3475 893 3515 manum
929 3465 1178 3531 extende,
1204 3467 1303 3522 nisi
1332 3470 1481 3538 prius
1507 3473 1658 3527 dicas
1684 3491 1697 3527 :
1728 3472 1898 3528 Bene-

320 3547 504 3604 dicite.
544 3549 678 3606 Cum
719 3569 915 3624 aquam
965 3556 1134 3622 bibis,
1187 3569 1376 3628 guttur
1428 3571 1574 3615 tuum
1622 3580 1688 3617 ne
1744 3567 1896 3620 sinas

320 3656 508 3696 sonum
541 3647 722 3710 edere,
748 3659 808 3701 ut
833 3649 1008 3702 solent
1038 3651 1285 3706 homines
1314 3652 1586 3721 vulgares.
1618 3652 1675 3708 Si
1707 3656 1757 3708 in
1794 3658 1896 3710 fra-

324 3743 465 3788 trum
514 3750 771 3793 conscssu
823 3740 1014 3809 pituita
1059 3741 1221 3796 fuerit
1265 3743 1493 3798 molesta
1526 3744 1641 3809 tibi,
1681 3760 1798 3799 eam
1840 3748 1894 3802 in

321 3838 507 3878 eorum
545 3838 854 3897 conspectu.
887 3846 954 3884 ne
990 3832 1216 3902 projice,
1274 3834 1372 3888 sed
1417 3835 1566 3890 foras
1610 3836 1892 3904 egredere,

321 3915 500 3987 ibique
542 3926 593 3973 te
622 3933 881 3991 cxpurga.
917 3921 1026 3976 Nec
1051 3938 1250 3992 corpus
1284 3935 1433 3979 tuutn
1473 3941 1704 3995 expone,
1738 3936 1796 3981 ut
1824 3928 1894 3983 ab

317 4003 638 4062 hominibus
665 4009 928 4065 videatur.
970 4011 1036 4066 Si
1053 4014 1318 4069 oscitandi
1361 4024 1412 4071 te
1441 4016 1707 4085 cupiditas
1743 4017 1894 4073 inva-

317 4097 470 4165 serit,
495 4113 559 4153 os
589 4099 830 4156 clausum
861 4104 1098 4172 contine,
1127 4113 1181 4160 et
1213 4105 1322 4160 abs-
1348 4115 1397 4161 te
1424 4106 1616 4177 fugiet.
1655 4106 1732 4163 Ne
1762 4126 1892 4180 ape-

321 4192 492 4248 rueris
524 4208 584 4248 os
627 4201 773 4248 tuum
807 4205 864 4249 ut
916 4196 1122 4252 rideas:
1168 4206 1250 4253 est
1277 4199 1420 4254 enim
1458 4201 1510 4255 id
1542 4202 1709 4257 animi
1747 4203 1894 4258 solu-

321 4281 492 4338 tioris.
528 4282 585 4339 Si
619 4285 862 4354 proximi,
891 4287 967 4341 tui
1002 4298 1096 4342 aut
1136 4298 1364 4357 vestem,
1409 4302 1502 4346 aut
1547 4309 1761 4362 zonam,
1801 4305 1898 4349 aut.

316 4374 602 4441 cucullam,
639 4384 732 4431 aut
776 4379 918 4433 aliud
969 4381 1245 4451 quidpiam
1311 4384 1534 4450 videris,
1578 4387 1629 4441 id
1661 4403 1730 4442 ne
1761 4403 1892 4443 con-

2004 3197 2126 3236 cum
2163 3183 2362 3238 timore
2393 3183 2508 3237 Dei.
2547 3183 2603 3238 Si
2636 3185 2777 3254 quod
2811 3200 2946 3255 opus
2983 3185 3288 3242 faciendum
3318 3198 3422 3251 est,
3467 3205 3579 3242 ont-

2004 3288 2100 3328 nes
2128 3274 2218 3344 qui
2246 3274 2405 3328 simul
2439 3274 2638 3341 vivitis,
2665 3291 2883 3331 manum
2919 3277 3243 3345 admovete;
3274 3295 3430 3335 nemo
3455 3295 3574 3335 eor-

2003 3367 2116 3434 pori
2147 3381 2246 3420 suo
2273 3375 2484 3436 parcat,
2511 3384 2578 3424 ne
2598 3369 2824 3424 aliorum
2846 3370 3181 3424 conscientia
3206 3371 3572 3442 perturbetur.

1999 3455 2133 3509 Cum
2180 3473 2338 3512 mane
2373 3461 2567 3526 surgis,
2602 3460 2843 3532 quotidie
2869 3461 3021 3532 prius
3052 3476 3212 3530 quam
3244 3462 3311 3515 ad
3354 3477 3489 3531 opus
3528 3472 3576 3516 te

2001 3549 2274 3614 conferas,
2318 3566 2436 3620 quae
2483 3551 2573 3606 Dei
2631 3561 2759 3607 sunt
2797 3555 3079 3609 meditare.
3119 3553 3253 3608 Cum
3304 3569 3398 3609 seu
3432 3569 3576 3622 spor-

2003 3640 2136 3704 tula,
2172 3657 2266 3696 seu
2311 3657 2425 3704 vas,
2460 3659 2552 3698 seu
2583 3645 2710 3713 quid
2739 3645 2880 3699 aliud
2912 3645 3215 3700 faciendum
3243 3654 3350 3710 est,
3382 3645 3435 3698 id
3477 3647 3576 3698 im-

2002 3730 2154 3803 pigre
2177 3747 2297 3786 cum
2327 3733 2606 3800 diligentia
2636 3734 2820 3789 facito.
2853 3734 2908 3788 Si
2935 3736 3064 3804 quid
3094 3735 3340 3804 estquod
3367 3736 3572 3790 lucrum

2003 3821 2214 3886 afferat,
2259 3823 2480 3877 fratrem
2517 3825 2712 3878 adhibe
2757 3825 2990 3889 socium,
3024 3835 3080 3878 et
3109 3842 3175 3879 ne
3210 3826 3473 3881 invideas.
3515 3826 3569 3880 Si

2000 3930 2136 3984 OptlS
2175 3902 2265 3970 est
2297 3915 2510 3984 aliquod
2555 3931 2804 3985 parvum,
2849 3925 2901 3970 et
2952 3933 3090 3972 unus
3138 3917 3288 3971 alteri
3342 3919 3571 3975 dixerit:

2002 4005 2235 4074 Recede,
2262 4007 2452 4069 frater,
2477 4022 2722 4077 operare,
2739 4022 2838 4075 ego
2855 4007 3000 4062 solus
3017 4008 3120 4063 hoc
3143 4009 3338 4063 faciam
3361 4027 3375 4075 ;
3407 4025 3564 4079 pare:

2004 4099 2093 4168 qui
2123 4100 2266 4152 enim
2298 4109 2471 4168 paret,
2507 4101 2553 4154 is
2582 4115 2809 4168 magnus
2833 4111 2939 4154 est.
2962 4100 3016 4156 Si
3043 4101 3114 4155 ad
3149 4109 3199 4156 te
3228 4101 3397 4155 frater
3422 4116 3576 4171 pere-

2004 4192 2190 4262 grinus
2232 4193 2461 4258 accedit,
2508 4193 2627 4247 laeta
2665 4195 2836 4262 ipsum
2877 4194 3016 4249 facie
3043 4196 3213 4250 saluta
3247 4207 3407 4265 atque
3433 4213 3574 4252 com-

2005 4284 2266 4352 plectere,
2287 4293 2342 4338 et
2375 4299 2536 4354 quam
2564 4294 2738 4356 gestat
2766 4287 3056 4349 sarcinam,
3084 4304 3206 4342 cum
3236 4289 3431 4358 gaudio
3463 4291 3574 4360 ipse

2000 4375 2231 4444 suscipe.
2276 4374 2341 4428 Et
2391 4375 2442 4430 in
2497 4376 2613 4446 ejus
2661 4377 2902 4432 discessu
2946 4394 3158 4433 rursum
3205 4380 3343 4435 idem
3385 4381 3569 4436 facito.

317 4469 585 4539 cupiam.
618 4469 804 4540 Neque
835 4471 1031 4526 similia
1058 4473 1153 4528 ubi
1191 4475 1302 4543 ipse
1333 4477 1647 4547 conﬁciens,
1683 4458 1970 4535 l,wﬁinjD
2008 4464 2274 4518 Salutatio
2318 4475 2496 4520 autem
2547 4476 2636 4521 tua
2681 4469 2753 4522 sit
2798 4483 2920 4524 cum
2962 4471 3371 4527 mansuetudine
3413 4482 3463 4528 et
3509 4473 3575 4526 ti—

317 4557 538 4630 dulgeas
568 4561 871 4630 cupiditati.
917 4561 976 4617 Si
1016 4563 1208 4619 librum
1238 4565 1331 4620 tibi
1368 4566 1486 4636 ipse
1527 4572 1890 4640 compegeris,

290 4641 372 4705 'in
410 4666 474 4706 eo
509 4667 575 4708 ne
619 4653 836 4710 labores
863 4657 1218 4724 exornando;
1260 4668 1340 4713 est
1366 4660 1508 4713 enim
1545 4660 1732 4713 vitium
1766 4677 1896 4731 pne-

315 4742 432 4800 rile.

385 4835 448 4893 ll.
485 4837 540 4894 Si
573 4839 752 4910 aliqua
797 4840 851 4896 in
880 4857 936 4897 re
979 4842 1271 4907 erraveris,
1311 4844 1604 4900 mendacio
1648 4861 1714 4899 ue
1747 4858 1894 4915 tegas

319 4944 558 4986 errorem
589 4939 766 4995 tuum,
791 4933 886 4986 sed
910 4934 1280 5002 ptenitentiam
1309 4950 1475 5005 agens
1499 4937 1714 4991 veniam
1743 4947 1884 5006 pete,

321 5026 370 5073 et
399 5033 556 5074 error
602 5020 695 5076 tibi
729 5021 1058 5076 remittetur.
1094 5022 1151 5078 Si
1187 5022 1307 5092 quis
1344 5032 1394 5077 te
1434 5023 1620 5078 durius
1651 5021 1891 5092 compel-

318 5109 461 5175 larit,
512 5126 581 5167 ne
627 5112 858 5167 extollas
907 5112 1168 5167 adversus
1224 5113 1371 5167 illum
1413 5128 1509 5168 eor
1565 5123 1746 5179 tutnn,
1798 5115 1891 5166 sed

313 5220 534 5274 operam
571 5207 657 5274 da,
683 5219 740 5263 ut
773 5207 844 5261 illi
870 5207 1173 5262 satisfacias
1197 5219 1320 5263 ante
1346 5222 1505 5277 quam
1530 5208 1744 5263 animus
1768 5217 1892 5262 tutis

324 5299 631 5369 indignetur
663 5319 675 5353 :
707 5299 790 5356 ira
816 5301 960 5356 enim
992 5318 1059 5356 ex
1092 5303 1269 5358 studio
1299 5302 1376 5375 (I)
1413 5303 1679 5373 provenit.
1706 5302 1760 5356 Si
1795 5302 1892 5356 ali—

313 5406 416 5460 qua
449 5392 504 5447 in
537 5410 595 5448 re
637 5393 719 5448 vel
749 5393 896 5462 jure,
937 5393 1021 5448 vel
1050 5393 1245 5463 injuria
1277 5396 1345 5450 ab
1369 5395 1555 5464 aliquo
1591 5394 1888 5466 reprehen-

310 5499 407 5539 sus
453 5485 650 5553 fueris,
697 5501 764 5542 ne
809 5485 1168 5556 perturberis,
1208 5488 1302 5544 sed
1347 5490 1717 5558 ptettitentiam
1765 5503 1886 5560 age,

314 5573 538 5649 ignosce
563 5617 579 5642 ,
623 5578 890 5648 inquiens,
923 5577 1052 5633 inihi
1077 5596 1093 5644 ;
1119 5595 1224 5634 non
1273 5581 1501 5652 amplius
1543 5581 1757 5638 faciant.
1797 5581 1890 5637 llis

387 5730 462 5802 (ι)
511 5731 593 5786 Ex
632 5734 821 5787 studio.
855 5734 934 5788 Au
989 5747 1052 5787 cx
1095 5733 1253 5787 odio?

2003 4571 2150 4610 more
2199 4554 2316 4621 Dei,
2364 4571 2432 4611 ne
2473 4555 2791 4614 offendatur.
2827 4561 2971 4617 Cave
3018 4578 3085 4619 ne
3119 4563 3266 4619 illum
3307 4565 3375 4620 de
3413 4565 3574 4621 rebus

2003 4648 2283 4704 inutilibus
2310 4650 2634 4723 interroges,
2663 4655 2755 4708 sed
2802 4669 2924 4708 eum
2960 4657 3026 4710 ad
3055 4658 3354 4712 orationem
3383 4657 3568 4711 invita.

2003 4739 2066 4792 Et
2099 4748 2282 4807 postea
2317 4756 2476 4810 quam
2506 4745 2726 4809 sederit,
2755 4746 3025 4815 quomodo
3056 4762 3114 4802 se
3145 4749 3340 4803 habeat
3367 4763 3569 4816 quaere,

1999 4841 2054 4885 et
2085 4833 2217 4885 nihil
2243 4834 2498 4904 amplius,
2536 4835 2628 4889 sed
2670 4835 2908 4890 libellum
2938 4837 2987 4890 ei
3019 4837 3253 4908 aliquem
3286 4838 3566 4906 legendum

1998 4923 2197 4992 praibe.
2231 4921 2326 4974 Sin
2371 4922 2547 4977 fessus
2582 4923 2744 4977 fuerit
2781 4924 2848 4978 de
2884 4925 2994 4987 via,
3024 4925 3107 4981 fac
3141 4937 3199 4982 ut
3227 4929 3492 4998 quiescat,
3517 4942 3571 4986 et

2003 5015 2166 5084 pedes
2199 5015 2313 5085 ejus
2341 5015 2482 5069 lava.
2514 5014 2572 5070 Si
2603 5018 2762 5071 verba
2795 5018 3078 5087 protulerit
3109 5035 3215 5075 non
3245 5023 3571 5076 convenien-

1996 5108 2092 5169 tia,
2127 5121 2286 5159 mnne
2330 5107 2502 5176 ipsum
2537 5123 2658 5160 cum
2689 5109 2987 5164 charitate:
3018 5110 3258 5182 Ignosce,
3295 5114 3569 5182 inquiens,

1997 5201 2127 5253 mihi
2157 5217 2171 5264 ;
2206 5199 2454 5253 infirmus
2480 5215 2620 5265 sum,
2645 5210 2698 5254 et
2733 5202 2918 5258 isthtec
2939 5200 3082 5258 ferre
3107 5219 3212 5259 non
3238 5220 3476 5274 possunt.
3509 5207 3567 5262 Si

1999 5305 2200 5358 pauper
2225 5299 2330 5356 est,
2355 5299 2408 5344 et
2432 5291 2651 5345 sordida
2677 5291 2837 5348 habet
2865 5292 3207 5358 vestimenta,
3232 5311 3293 5350 ea
3322 5305 3374 5350 tu
3391 5295 3565 5352 ablue.

2001 5379 2056 5434 Si
2089 5396 2260 5450 vagus
2292 5391 2375 5436 est
2407 5391 2461 5437 et
2495 5383 2807 5450 circulator,
2840 5393 2896 5439 et
2941 5385 3148 5454 aliquos
3179 5388 3316 5455 apud
3351 5397 3401 5442 te
3435 5387 3568 5444 fide-

1997 5471 2074 5528 les
2108 5473 2295 5536 ltahes,
2331 5488 2452 5528 eum
2494 5474 2544 5528 in
2580 5482 2934 5542 conspectum
2967 5491 3152 5530 eorum
3198 5493 3262 5532 ne
3291 5477 3563 5544 adducito,

1996 5566 2089 5623 sed
2134 5564 2561 5621 ttiisericordiatn
2595 5565 2646 5620 in
2679 5564 2826 5620 illum
2859 5567 3126 5622 051cudtto
3158 5583 3278 5624 Ullll
3311 5566 3403 5624 Dei
3435 5567 3566 5623 cltu-
