3968 6210
361 235 492 295 ΗΝ

1420 232 1698 291 PATRES
1737 234 2046 291 ᾹΞΟΥΡΤΙΙ
2087 236 2358 294 διεριιι
2401 235 2487 291 ιν.

3487 232 3663 290 ηις

366 354 549 407 litate.
593 347 686 410 Sin
732 349 939 411 frater,
991 357 1043 401 et
1084 356 1304 417 propter
1351 348 1517 403 Deum
1557 352 1755 422 qutcrit
1797 352 1939 423 apud
1969 356 2014 413 Α
2046 353 2225 407 cibum
2253 362 2535 422 capturus,
2564 347 2823 418 intelligis
2857 347 3056 403 ibidem
3091 345 3373 402 ntulit-rent
3406 348 3654 403 adfutu-

361 454 416 499 te
444 442 730 513 hospitari,
754 456 821 495 ne
844 452 1061 495 avertas
1091 438 1283 494 faciem
1309 450 1457 495 tuam
1483 442 1551 497 ab
1577 460 1665 508 eo,
1689 445 1784 499 sed
1813 460 1938 500 cum

364 538 551 592 lrctitia
585 536 733 590 ilium
770 534 1005 601 suscipe,
1044 543 1247 590 etcum
1293 534 1545 591 fidelibus
1576 539 1668 607 qui
1704 539 1846 608 apud
1889 549 1940 594 te

360 629 718 690 diverterunt,
750 625 998 679 admitte.
1030 623 1089 679 Si
1132 626 1413 682 mendicus
1438 637 1541 694 est,
1587 645 1816 684 vacuum
1844 631 1940 687 abs

360 735 411 777 te
453 737 519 776 ne
550 721 843 784 dimiseris,
878 721 972 775 sed
1010 720 1447 777 benedictionem
1477 737 1638 793 quam
1670 724 1764 779 tibi
1797 723 1940 780 Deus

362 813 507 867 dedit
544 812 747 882 aliquid
784 811 1085 882 impertire,
1124 821 1181 866 ιιι
1208 813 1454 870 declares
1495 829 1559 870 ea
1605 829 1724 884 Quae
1750 817 1939 882 babes,

2047 461 2197 509 ram,
2236 460 2303 500 ne
2343 445 2629 499 considcas
2655 442 2764 496 ullo
2808 442 2987 497 modo.
3021 438 3206 495 Satius
3237 440 3383 493 enim
3424 451 3543 503 est,
3588 449 3653 493 ut

2043 553 2166 591 eum
2199 538 2289 608 qui
2326 547 2378 592 te
2404 536 2678 602 invitavit,
2711 534 2981 599 oii‘endas,
3011 549 3171 603 quam
3202 542 3263 588 ut
3295 532 3510 589 occulte
3542 547 3651 586 cor

2047 636 2201 681 tuum
2235 627 2539 682 committat
2570 627 2920 682 adulterium.
2949 624 3029 680 Ne
3060 632 3236 679 vestes
3266 623 3485 694 quidem
3518 637 3651 675 mu-

2047 719 2241 775 lierum
2267 762 2283 786 ,
2318 720 2363 775 si
2394 719 2507 774 fieri
2544 727 2757 788 potest,
2807 717 3063 788 aspicias.
3105 716 3164 771 Si
3211 727 3264 771 te
3300 713 3499 770 mulier
3533 713 3651 768 iter

2047 810 2336 866 facientem
2389 811 2747 876 salutaverit,
2794 808 3062 878 responde
3106 806 3181 862 illi
3216 807 3269 860 in
3308 806 3476 860 corde
3505 816 3647 868 tno,

2044 903 2139 958 sed
2170 902 2357 959 oculos
2391 903 2538 957 humi
2568 902 2776 958 defixos
2827 910 2968 956 tene.
3011 899 3069 956 Si
3116 915 3239 956 cum
3282 898 3501 955 seniore
3531 897 3656 950 iter

2044 992 2205 1057 I‘acis,
2234 995 2529 1059 sarcinam,
2562 994 2607 1050 si
2644 1009 2764 1064 qua:
2796 993 3018 1049 ferenda
3047 1000 3159 1058 est,
3196 1006 3265 1047 ne
3301 992 3450 1046 sinas
3477 988 3652 1043 illum

2043 1086 2266 1143 omnino
2322 1097 2555 1157 gestare.
2609 1086 2705 1142 Sin
2739 1086 2973 1154 aequales
3002 1086 3139 1141 estis
3160 1125 3175 1149 ,
3206 1099 3325 1140 eam
3357 1083 3518 1137 ambo
3554 1082 3647 1134 vi-

2043 1180 2226 1234 cissim
2256 1188 2466 1250 gestate
2490 1220 2505 1245 ,
2539 1180 2613 1235 ita
2645 1188 2822 1237 tamen
2843 1223 2860 1249 ,
2897 1189 2957 1236 ut
2991 1193 3202 1249 semper
3231 1186 3460 1233 onustus
3488 1190 3648 1246 pne.

2042 1272 2219 1327 cedat.

359 922 463 960 non
504 919 626 959 esse
671 914 783 971 tua,
827 905 921 959 sed
959 905 1099 959 dona
1132 904 1251 959 Dei.
1287 906 1343 960 Si
1376 904 1546 961 frater
1571 909 1713 977 apud
1759 918 1811 963 te
1842 908 1943 963 ali-

358 997 488 1066 quid
522 996 858 1069 deposuerit,
905 997 1032 1051 illnd
1078 1011 1147 1052 ne
1186 999 1427 1068 aperias,
1468 999 1569 1054 nisi
1618 1002 1733 1071 ipse
1773 1001 1937 1058 adsit.

359 1088 417 1142 Si
451 1090 748 1158 pretiosum
778 1088 979 1159 aliquid
1014 1088 1179 1157 inest,
1214 1090 1298 1145 dic
1344 1090 1486 1147 eiut
1523 1091 1575 1147 id
1621 1101 1850 1165 reponat
1885 1093 1939 1149 in

361 1195 521 1234 liiﬂlill
555 1190 665 1235 tua.

432 1271 517 1325 IV.
561 1272 617 1327 Si
669 1287 891 1343 peregre
935 1273 1284 1343 proﬁciscens
1321 1276 1608 1335 diverteris
1650 1280 1789 1350 apud
1837 1281 1938 1335 ali-

358 1378 552 1430 quem,
586 1372 640 1416 et
686 1363 774 1417 ille
818 1364 978 1419 domo
1011 1366 1342 1435 egrediatur,
1395 1376 1450 1423 et
1494 1377 1544 1424 te
1573 1369 1746 1424 solum
1777 1370 1938 1425 relin-

359 1462 521 1520 quat,
563 1454 749 1508 oculos
796 1462 915 1509 tuos
957 1471 1026 1511 ne
1068 1457 1372 1524 sustuleris,
1405 1469 1499 1527 ut,
1534 1476 1655 1531 quae
1683 1461 1758 1516 lbi
1787 1473 1951 1527 sunt,

361 1561 486 1600 vasa
533 1556 588 1601 et
625 1546 1011 1617 supellectilem
1065 1550 1321 1621 aspicias.
1376 1552 1690 1610 Fenestram
1726 1566 1819 1611 aut
1856 1571 1948 1611 aro

359 1655 480 1693 cam
521 1652 616 1697 aut
647 1641 842 1697 librum
890 1644 1134 1713 aperias,
1179 1662 1330 1703 cave.
1377 1647 1528 1703 Illunt
1565 1660 1742 1707 autem
1787 1668 1946 1722 egre-

360 1732 594 1786 dieutem
626 1748 719 1787 ora
743 1772 759 1796 ,
786 1742 840 1789 et
864 1734 907 1789 si
941 1735 1143 1805 aliquid
1178 1739 1272 1793 tibi
1301 1741 1481 1806 operis
1510 1743 1862 1811 commiserit,
1895 1745 1946 1799 id

363 1823 525 1878 facito
560 1822 865 1892 diligenter.
908 1824 1185 1896 Incognita
1218 1843 1286 1883 ne
1319 1827 1578 1885 laudaris.
1610 1831 1740 1899 Quae
1787 1835 1946 1889 audi-

362 1914 531 1979 veris,
557 1929 619 1968 ea
645 1931 919 1984 nunquam
945 1929 1090 1972 certa
1115 1927 1280 1989 atque
1310 1933 1598 1991 perspecta
1621 1938 1687 1977 ne
1713 1923 1947 1979 afﬁrma-

362 2007 527 2060 veris.
567 2004 848 2063 Neminem
885 2019 1105 2078 propter
1137 2010 1381 2066 habitum
1415 2023 1719 2070 contemne.
1754 2016 1814 2070 Si
1863 2017 1946 2073 vel

362 2112 559 2166 aquam
590 2098 800 2165 hauris,
831 2101 915 2156 vel
941 2101 1088 2158 aliud
1116 2102 1392 2173 quidpiam
1427 2106 1547 2161 usui
1574 2109 1944 2164 necessarium

362 2190 500 2258 agis,
536 2204 604 2245 ne
636 2191 711 2246 sis
747 2192 1046 2263 negligens,
1079 2194 1173 2249 sed
1199 2211 1227 2249 a
1261 2195 1372 2250 Deo
1407 2205 1459 2252 te
1490 2198 1730 2268 conspici
1758 2215 1944 2254 recor-

362 2284 512 2336 dare.
545 2281 603 2335 Si
625 2282 677 2336 in
706 2282 836 2338 cella
867 2291 956 2337 tua
992 2299 1151 2339 vacas
1172 2286 1496 2355 precationi,
1533 2302 1665 2343 cave
1692 2289 1745 2344 id
1775 2289 1946 2345 facias

365 2374 715 2445 negligenter,
748 2391 836 2443 ne,
874 2377 1000 2431 dum
1034 2378 1118 2433 vis
1156 2378 1321 2434 Deum
1369 2379 1640 2437 honorare
1664 2421 1679 2444 ,
1715 2396 1838 2437 eum
1878 2385 1945 2439 ad

364 2466 700 2528 iracundiam
733 2482 1031 2538 provoces;
1070 2469 1163 2524 sed
1198 2479 1281 2525 sta
1311 2469 1364 2524 in
1403 2472 1596 2527 timore
1626 2473 1720 2528 Dei
1747 2492 1760 2528 :
1790 2491 1858 2530 ne
1895 2485 1947 2530 te

363 2558 535 2623 ipsum
581 2557 644 2611 ad
695 2558 956 2628 parietem
990 2559 1248 2626 inclines;
1305 2574 1374 2615 ne
1419 2560 1491 2615 ita
1539 2570 1748 2618 statuas
1783 2565 1946 2634 pedes

366 2660 522 2715 tuos,
574 2658 635 2705 ut
679 2650 732 2704 in
770 2666 876 2707 uno
910 2660 1056 2716 stes,
1094 2661 1151 2707 et
1193 2652 1422 2707 alterum
1459 2653 1650 2718 tollas,
1692 2664 1750 2708 ut
1794 2655 1943 2709 stulti

365 2741 588 2795 faciunt.
629 2742 735 2797 Cor
765 2752 911 2796 tuum
952 2743 1025 2798 ita
1058 2743 1324 2800 confirma
1345 2784 1360 2811 ,
1391 2759 1459 2800 ne
1484 2745 1728 2801 ambules
1767 2746 1819 2799 in
1853 2762 1946 2803 vo-

366 2836 571 2889 luntate
604 2841 716 2900 tua,
751 2843 810 2887 ut
833 2834 1161 2891 sacrificium
1188 2844 1336 2891 tuum
1373 2836 1482 2892 Deo
1508 2837 1576 2892 sit
1605 2847 1842 2910 gratum.
1884 2839 1942 2894 Si

366 2922 597 2988 psallitis
648 2922 791 2979 inter
819 2940 916 2980 vos
938 2966 952 2990 ,
998 2940 1188 2995 preces
1214 2926 1445 2996 quisque
1483 2942 1611 2983 suas
1646 2928 1942 2998 persolvat.

2352 1422 2359 1429 ,
2645 1359 2913 1418 ORATIO
2944 1361 3029 1416 IV.

2398 1454 2538 1519 Quid
2578 1455 2633 1507 in
2672 1456 2857 1509 itinere
2891 1453 3288 1507 observandum.

2118 1547 2158 1601 I.
2204 1546 2285 1614 Si,
2327 1564 2450 1602 cum
2485 1548 2589 1602 iter
2624 1545 2800 1600 facitis
2822 1588 2836 1612 ,
2879 1555 2964 1599 est
2995 1544 3190 1614 aliquis
3220 1544 3361 1598 inter
3396 1559 3494 1598 vos
3531 1562 3647 1599 tm-

2052 1641 2313 1707 bccilliur,
2359 1640 2523 1694 sinite
2571 1639 2721 1693 illttm
2769 1639 3000 1707 praeire,
3036 1647 3094 1690 ut
3146 1636 3189 1690 si
3233 1637 3425 1691 sedere
3477 1638 3643 1705 velit,

2050 1732 2239 1801 possit.
2291 1731 2385 1786 Sin
2432 1731 2628 1785 iterum
2675 1728 2981 1799 contingit,
3023 1742 3146 1782 cttm
3191 1727 3439 1795 juniores
3470 1729 3649 1796 sitis,

2049 1823 2205 1878 vobis
2243 1823 2479 1893 primum
2522 1821 2589 1876 ad
2631 1835 2875 1876 mensam
2922 1818 3370 1875 discumbendum
3409 1819 3512 1881 sit.
3546 1821 3653 1876 ver

2051 1931 2243 1972 manus
2271 1917 2339 1971 ad
2371 1914 2611 1986 patinam
2655 1914 2988 1970 admovenda
3007 1954 3025 1981 ,
3053 1914 3221 1969 semel
3251 1912 3301 1966 id
3329 1914 3488 1968 facite
3509 1955 3526 1980 ,
3562 1930 3655 1971 ne

2048 2009 2092 2064 si
2139 2017 2266 2064 ante
2310 2009 2501 2064 horam
2538 2007 2914 2074 accesseritis,
2961 2006 3366 2078 perturbemiui.
3423 2005 3639 2062 Verum

2049 2101 2095 2156 si
2136 2101 2257 2170 quis
2291 2115 2433 2154 nunc
2478 2099 2686 2167 primus
2717 2096 3039 2170 ingreditur,
3087 2096 3225 2152 alius
3250 2097 3377 2150 alias
3416 2096 3645 2166 primus

2052 2192 2402 2263 ingrediatur.
2442 2190 2501 2246 Si
2540 2192 2607 2245 de
2648 2190 3066 2261 cogitationibus
3106 2189 3214 2244 tuis
3239 2203 3422 2243 senem
3454 2188 3646 2242 inter-.

2052 2301 2231 2355 rogas,
2263 2292 2317 2340 et
2358 2300 2481 2339 eum
2515 2284 2580 2339 ad
2608 2299 2669 2361 ea
2711 2298 2835 2355 quae
2880 2282 3083 2338 dixeris
3116 2280 3466 2337 custodienda
3505 2281 3642 2336 [ideo

2054 2377 2155 2432 lem
2184 2392 2305 2432 esse
2348 2376 2703 2448 cognoveris,
2742 2376 2983 2429 animum
3029 2373 3105 2429 illi
3153 2384 3299 2428 tuum
3329 2372 3500 2427 libere
3540 2388 3653 2442 ρει-ι.

2054 2466 2290 2522 tefacito.
2327 2466 2383 2521 Si
2427 2466 2609 2521 fratris
2653 2466 2728 2520 tui
2772 2474 3053 2532 peccatum
3096 2465 3407 2528 audiveris,
3452 2463 3508 2518 id
3543 2478 3647 2518 ne-

2052 2558 2184 2613 mini
2232 2559 2687 2623 communicaris;
2744 2566 2829 2612 cst
2877 2557 3022 2611 enim
3077 2571 3225 2611 mors
3287 2564 3400 2608 tua.
3461 2552 3521 2609 Si
3571 2554 3650 2609 de

2050 2650 2470 2721 cogitationibus
2498 2650 2698 2720 quibus
2726 2649 3074 2725 Oppugnaris,
3107 2648 3270 2718 aliqui
3306 2646 3633 2717 colloquan-

2052 2751 2159 2807 tur,
2187 2759 2281 2798 eos
2316 2758 2383 2798 ne
2414 2758 2573 2798 cures
2599 2743 2790 2797 audire
2812 2781 2828 2807 ,
2863 2756 2930 2796 ne
2967 2741 3062 2797 tibi
3105 2740 3303 2796 bellum
3335 2741 3634 2795 excitetur.

2049 2834 2293 2890 Orationi
2326 2834 2641 2904 frequenter
2674 2834 2964 2898 incumbe;
3010 2846 3131 2887 nam
3159 2831 3358 2886 anima:
3402 2842 3511 2887 tuae
3547 2832 3641 2887 lu:

2048 2935 2134 2982 est
2155 2926 2348 2982 oratio.
2384 2926 2638 2994 Quotidie
2667 2941 2788 2997 qua:
2812 2925 3144 2995 peccaveris,
3181 2924 3399 2996 cogita;
3431 2926 3649 2980 etenim

364 3016 425 3071 Si
465 3017 782 3086 peregrinus
820 3018 1016 3089 aliquis
1039 3020 1214 3086 adest,
1245 3030 1431 3092 rogate
1455 3021 1604 3076 illum
1646 3038 1766 3077 cum
1809 3023 1942 3077 clta-
1973 3039 2019 3095 ο.
2049 3018 2095 3074 si
2127 3032 2225 3087 pro
2266 3018 2502 3086 peccatis
2543 3018 2649 3073 tuis
2677 3016 3075 3085 deprecaberis,
3109 3015 3251 3071 Deus
3279 3032 3341 3071 ea
3376 3017 3474 3072 tibi
3506 3033 3640 3072 con-

365 3110 543 3174 ritate,
576 3117 635 3163 ut
663 3123 728 3164 eo
759 3110 874 3180 ipse
901 3127 1123 3168 munere
1143 3111 1420 3183 fungatur,
1448 3113 1610 3185 idque
1648 3113 1722 3169 illi
1752 3116 1941 3170 iterum

363 3215 427 3255 ac
463 3203 622 3256 tertio
655 3201 818 3257 dicite
863 3204 981 3259 sine
1012 3206 1375 3260 contentione.
1409 3203 1469 3259 In
1500 3206 1635 3261 ltora
1685 3205 1951 3261 sacrificii

367 3295 555 3349 resiste
585 3294 1034 3362 cogitationibus,
1079 3305 1139 3351 ut
1181 3312 1372 3351 sensus
1417 3307 1539 3353 tuos
1568 3298 1851 3366 continens
1892 3299 1943 3352 in

362 3402 550 3442 amore
582 3386 696 3452 Dei,
742 3388 1013 3457 mysteriis
1051 3387 1245 3459 dignus
1273 3387 1527 3444 eiiiciaris
1549 3430 1564 3455 ,
1605 3398 1659 3444 et
1688 3391 1945 3447 Dominus

366 3489 669 3534 tuas'cnret
702 3479 1070 3549 aegritudines.
1116 3478 1288 3546 Cave,
1331 3496 1400 3536 ne
1448 3496 1645 3553 corpus
1697 3491 1844 3537 tuum
1890 3487 1943 3538 ln

363 3570 612 3626 sordibus
646 3570 919 3640 abiectum
954 3571 1268 3643 relinquens
1300 3573 1370 3629 ab
1393 3573 1540 3628 inani
1586 3574 1754 3646 gloria
1786 3575 1949 3630 sedu-

364 3665 528 3719 caris.
569 3663 669 3731 Qui
708 3663 895 3734 junior
923 3673 1036 3730 est,
1071 3677 1268 3733 corpus
1303 3665 1357 3719 in
1391 3665 1541 3721 omni
1587 3668 1822 3738 negligat
1852 3666 1949 3723 de-

366 3757 674 3823 formitate;
706 3757 759 3811 id
782 3758 924 3812 enim
952 3757 1029 3811 illi
1064 3760 1301 3827 prodest.
1330 3758 1429 3826 Qui
1451 3757 1636 3827 junior
1664 3769 1766 3825 est,
1803 3775 1946 3814 nun-

365 3864 525 3917 quam
557 3849 843 3918 pulcltrum
885 3849 1075 3904 induat
1108 3852 1513 3915 vestimentum,
1560 3850 1664 3905 nisi
1700 3850 1850 3920 prius
1879 3852 1947 3906 ad

363 3939 574 3994 virilem
610 3948 820 3994 tetatem
848 3940 1157 4011 pervenerit
1190 3956 1205 3993 :
1251 3940 1351 3994 hac
1379 3939 1522 3993 enim
1557 3949 1679 4010 eget
1713 3939 1801 3994 ille
1832 3954 1947 3994 tne-

367 4032 565 4085 dicina.
599 4031 680 4085 Ad
711 4032 929 4086 tertium
957 4047 1127 4102 usque
1154 4033 1434 4103 cyathum,
1462 4032 1506 4087 si
1538 4032 1590 4087 id
1624 4032 1951 4087 valetudinis

367 4126 505 4178 ratio
528 4122 784 4194 postulat,
813 4124 996 4177 vinum
1022 4122 1193 4178 bibat.
1229 4122 1425 4178 Dentes
1455 4123 1507 4177 in
1531 4124 1642 4178 risu
1672 4138 1949 4193 nunquam

367 4217 601 4285 aperiat.
647 4215 862 4271 Faciem
915 4213 1068 4270 humi
1124 4228 1236 4285 prae
1283 4214 1608 4269 verecundia
1654 4213 1946 4268 demissam

369 4317 565 4364 teneat.
598 4308 772 4363 Iturus
798 4306 1041 4363 cubitum
1084 4321 1219 4361 zona
1256 4321 1351 4360 sua
1381 4306 1705 4375 pracinctus
1734 4305 1825 4361 sit.
1858 4305 1950 4360 Sic

2054 3110 2298 3167 donabit.
2333 3110 2389 3165 Si
2420 3110 2543 3181 quis
2579 3124 2761 3164 coram
2788 3118 2840 3164 te
2862 3108 3098 3177 loquitur
3119 3110 3381 3165 adversus
3407 3108 3637 3164 fratrem

2053 3219 2209 3258 suum
2232 3245 2248 3270 ,
2283 3218 2414 3259 cave
2449 3212 2631 3258 taceas
2662 3216 2773 3271 pra:
2802 3202 3025 3271 pudore,
3061 3210 3155 3256 aut
3186 3202 3261 3256 illi
3289 3202 3639 3265 assentiaris,

2055 3309 2121 3350 ne
2153 3309 2345 3365 pecces
2374 3294 2639 3349 adversus
2677 3294 2843 3349 Deum
2878 3313 2891 3349 ε
2925 3295 3020 3349 sed
3055 3310 3177 3349 cum
3197 3294 3497 3349 humilitate
3521 3293 3647 3357 dic,

2053 3387 2278 3459 Ignosce
2315 3386 2479 3453 mihi,
2504 3385 2708 3453 frater,
2760 3385 2943 3442 infelix
2978 3401 3077 3457 ego
3103 3402 3255 3452 sum;
3284 3395 3340 3442 et
3365 3386 3480 3441 haec
3513 3401 3641 3455 qua

2054 3481 2295 3550 loqueris
2324 3494 2441 3534 mea
2470 3487 2617 3540 sunt.
2659 3489 2712 3533 et
2745 3495 2809 3534 ea
2846 3479 2990 3534 ferre
3018 3495 3123 3534 non
3154 3493 3394 3548 possum.
3427 3478 3484 3533 Si
3529 3478 3641 3532 fra-

2059 3582 2140 3628 tcr
2178 3582 2230 3628 te
2265 3570 2480 3640 laeserit,
2509 3580 2566 3627 et
2591 3571 2788 3641 aliquis
2819 3571 2887 3627 de
2915 3571 3005 3625 illo
3031 3587 3215 3625 coram
3243 3580 3296 3627 te
3319 3572 3461 3627 male
3487 3573 3641 3626 dixe-

2058 3665 2150 3728 rit.
2183 3680 2280 3721 cor
2308 3674 2458 3720 tuum
2497 3664 2730 3729 custodi,
2765 3680 2834 3719 ne
2878 3665 3081 3718 malitia
3112 3663 3167 3718 in
3197 3679 3262 3719 eo
3307 3675 3639 3731 renovetur;

2056 3768 2108 3815 et
2134 3770 2479 3829 peccatorum
2505 3766 2718 3813 tuorum
2749 3757 2801 3811 in
2825 3758 2919 3812 Dci
2943 3767 3236 3827 conspectu
3261 3758 3642 3826 reminiscere,

2059 3860 2119 3906 ut
2156 3850 2403 3921 ignoscat
2435 3850 2553 3904 tibi.
2604 3847 2685 3903 Ne
2720 3848 2917 3903 malum
2961 3865 3058 3919 pro
3090 3847 3232 3903 malo
3272 3850 3482 3904 tribuas
3513 3865 3645 3919 pro-

2058 3943 2205 3997 ximo
2238 3950 2328 3996 tuo
2353 3942 2429 4018 “.t
2445 3940 2503 3996 Si
2532 3954 2652 3995 cum
2698 3939 2960 3995 fratribus
2999 3941 3198 4008 ignotis
3220 3942 3387 4012 teque
3419 3942 3644 3996 minori-

2057 4034 2159 4090 bus
2188 4034 2291 4089 iter
2331 4030 2490 4097 facis,
2523 4048 2616 4089 eos
2655 4042 2716 4087 ut
2747 4031 2981 4101 majores
3012 4033 3241 4089 honora.
3287 4031 3446 4100 Quod
3487 4034 3534 4089 si
3573 4035 3641 4088 ad

2059 4127 2296 4182 amicum
2335 4136 2486 4181 tuum
2514 4125 2823 4189 diverteris,
2854 4142 2949 4181 eos
2975 4127 3071 4182 tibi
3105 4126 3360 4181 omnibus
3389 4127 3446 4181 in
3482 4126 3644 4182 rebus

2057 4226 2346 4289 antepone,
2374 4226 2434 4274 ut
2461 4227 2518 4275 et
2548 4219 2600 4274 itt
2630 4234 2818 4275 mensa
2843 4219 2992 4290 prius
3015 4220 3379 4286 diseumbant,
3410 4231 3468 4276 et
3493 4221 3643 4291 prius

2059 4310 2196 4367 cibis
2257 4326 2454 4366 manus
2499 4314 2860 4380 admoveant,
2913 4328 2980 4367 ne
3027 4324 3249 4383 propter
3299 4322 3355 4368 te
3402 4313 3641 4384 suscepti

369 4411 648 4458 assuescat
680 4415 914 4466 manus,
969 4414 1038 4454 ne
1080 4400 1225 4455 intro
1273 4398 1537 4454 ferantur.
1589 4397 1752 4453 Multa
1801 4400 1944 4454 enim
1983 4402 2024 4456 υ
2054 4400 2219 4461 fuisse
2248 4403 2562 4469 videantur,
2594 4403 2689 4459 sed
2718 4413 2905 4459 contra
2948 4405 3164 4475 potius,
3210 4419 3303 4460 eos
3344 4405 3641 4470 honorans,

370 4493 531 4548 habet
557 4507 753 4562 corpus
784 4491 947 4556 vitia,
998 4504 1119 4558 qua:
1150 4489 1361 4560 perficit
1399 4491 1631 4546 animus.
1666 4488 1720 4545 In
1755 4488 1951 4547 itinere

373 4593 604 4648 tantum,
637 4596 743 4637 non
778 4593 958 4637 autem
1012 4580 1067 4635 in
1105 4580 1241 4636 cella
1279 4581 1583 4637 sandalium
1620 4582 1780 4638 ferat.
1815 4583 1951 4641 Cum

371 4676 633 4738 ambulat,
668 4688 862 4729 manus
888 4676 955 4729 ad
983 4687 1172 4729 zonam
1199 4671 1342 4728 inter
1376 4687 1435 4728 se
1463 4674 1782 4743 coniunctas
1811 4691 1955 4731 com-

371 4776 557 4833 ponat,
586 4781 760 4835 neqne
789 4765 908 4820 illas
940 4765 1242 4832 concutiat,
1273 4774 1332 4819 ut
1369 4765 1546 4823 solent
1590 4767 1840 4824 homines
1870 4784 1955 4824 so-

373 4860 616 4914 lutiores.
653 4858 709 4913 Si
752 4873 874 4913 cum
923 4857 1218 4927 majoribus
1250 4857 1355 4914 lter
1393 4858 1547 4922 facit,
1581 4874 1649 4914 ne
1684 4861 1954 4929 prtecedat

368 4951 609 5007 omnino.
638 4951 693 5007 Si
724 4952 771 5007 is
792 4950 881 5021 qui
909 4948 1085 5020 major
1107 4960 1211 5016 est,
1241 4951 1507 5017 consistit,
1540 4959 1593 5005 et
1621 4934 1949 5022 cum‘aliquo

372 5049 629 5120 loquitur,
669 5055 725 5102 tu
759 5062 827 5102 ne
857 5054 1180 5111 contemne,
1218 5056 1313 5100 aut
1345 5046 1603 5112 conside,
1632 5046 1730 5102 sed
1766 5047 1952 5101 tandiu

369 5150 475 5206 sta,
511 5140 688 5212 quoad
722 5140 809 5194 ille
843 5138 969 5209 quid
1002 5138 1098 5195 tibi
1142 5138 1407 5209 agendum
1448 5137 1557 5205 sit,
1592 5138 1758 5193 dicat.
1806 5139 1861 5195 Si
1898 5142 1951 5195 itt

372 5235 648 5289 civitatem
680 5241 773 5288 aut
797 5231 977 5301 vicum
1010 5226 1400 5302 proﬁcisceris,
1429 5231 1568 5287 oculi
1599 5232 1674 5286 tui
1700 5231 1952 5287 deorsum

373 5325 680 5394 aspiciant,
710 5341 777 5380 ne
808 5326 994 5381 hostes
1030 5324 1126 5380 tibi
1168 5325 1221 5380 in
1268 5323 1402 5379 cella
1434 5326 1686 5380 suscites.
1720 5324 1954 5396 Peregre

373 5416 728 5490 proficiscens
771 5436 839 5473 ne
872 5420 1110 5475 dormias
1156 5418 1208 5472 in
1257 5418 1581 5488 cujusquam
1615 5418 1809 5484 domo,
1862 5418 1950 5472 ttbi

376 5526 470 5565 cor
499 5510 704 5578 peccati
744 5512 1043 5578 periculum
1079 5509 1414 5567 reformidet.
1450 5509 1507 5565 Si
1537 5508 1720 5579 aliquo
1752 5509 1805 5565 in
1837 5508 1955 5566 loco

454 5662 491 5697 ¹¹
540 5661 695 5719 liom.
737 5680 832 5732 xu,
859 5665 903 5717 7.

2057 4496 2285 4553 ostende
2326 4506 2377 4552 te
2415 4504 2638 4568 propter
2684 4496 2805 4552 illos
2855 4496 3287 4552 misericordiam
3339 4496 3634 4564 accepisse.

2058 4587 2115 4643 Si
2140 4604 2262 4643 cum
2285 4586 2455 4644 fratre
2483 4596 2538 4643 te
2567 4587 2621 4641 in
2644 4587 2788 4642 viam
2817 4588 3052 4652 dederis,
3084 4597 3136 4643 et
3166 4587 3372 4642 amicus
3392 4586 3485 4640 tibi
3515 4585 3637 4640 fue-

2058 4683 2129 4736 rit
2156 4680 2472 4736 invisendus
2492 4718 2508 4744 ,
2556 4694 2782 4734 causam
2831 4679 2979 4749 aperi
3015 4677 3170 4733 fratri
3203 4688 3331 4744 tuo,
3359 4688 3412 4733 et
3442 4678 3531 4733 die
3560 4677 3639 4732 illi

2058 4774 2327 4843 tantisper
2351 4782 2412 4827 ut
2440 4771 2650 4826 sedeat.
2683 4770 2837 4839 Quod
2862 4771 2907 4826 si
2942 4780 2993 4826 te
3018 4771 3248 4836 amicus,
3277 4779 3335 4824 ut
3361 4772 3642 4834 comedas.

2056 4867 2295 4936 coegerit
2316 4907 2330 4932 ,
2357 4880 2489 4921 cave
2519 4880 2585 4920 ne
2618 4865 2748 4936 quid
2792 4878 2855 4919 os
2898 4872 3047 4917 tuum
3076 4863 3414 4934 ingrediatur
3471 4865 3644 4932 prius-

2056 4975 2216 5030 quam
2248 4959 2479 5013 advoces
2510 4955 2733 5012 fratrem
2780 4965 2960 5019 tuum,
3003 4963 3062 5008 ut
3106 4953 3271 5008 simul
3303 4954 3553 5024 quiescat
3592 4964 3641 5007 et

2058 5046 2355 5106 recreetur.
2885 5044 2892 5051 ’

2124 5142 2190 5199 II.
2234 5142 2290 5197 Si
2314 5157 2435 5198 cum
2464 5141 2707 5214 pluribus
2732 5140 2990 5196 fratribus
3016 5140 3122 5195 iter
3140 5140 3418 5210 ingressus
3452 5136 3638 5201 fueris,

2056 5244 2110 5290 et
2147 5235 2353 5305 pudore
2387 5232 2681 5288 detinearis
2707 5272 2723 5297 ,
2757 5246 2868 5302 quo
2899 5231 3081 5286 minus
3107 5246 3203 5287 eos
3255 5239 3432 5283 tecum
3476 5228 3642 5306 ducas

2058 5328 2123 5382 ad
2155 5326 2389 5382 amicum
2420 5335 2616 5392 tuum,
2667 5326 2792 5394 quia
2831 5324 2986 5379 multi
3031 5324 3172 5391 sint,
3213 5336 3378 5387 cave,
3410 5335 3479 5375 ne
3511 5334 3642 5372 con-

2059 5428 2270 5473 temnas
2302 5432 2426 5486 eos,
2448 5425 2505 5473 et
2520 5415 2659 5472 clam
2679 5416 2884 5473 relictis
2924 5414 3033 5471 illis
3076 5413 3322 5470 discedas
3362 5420 3456 5465 aut
3492 5423 3641 5465 cont-

2058 5513 2187 5569 edas
2230 5531 2242 5568 :
2289 5512 2383 5568 sed
2424 5526 2538 5579 cos,
2570 5509 2698 5581 quid
2730 5510 2825 5567 tibi
2874 5508 3141 5580 agendum
3170 5506 3275 5575 sit,
3302 5502 3558 5570 consule,
3587 5508 3642 5555 ct
