3968 6210
272 311 411 368 “l3

1358 310 1416 365 S.
1459 309 1661 365 ιειιιε
1702 310 1995 370 ΑΒΒᾹΤΙΒ
2033 314 2442 372 ORATIONES.

269 430 410 497 quod
456 428 556 497 ipsi
592 426 864 493 dixerint,
908 442 1028 499 age.
1061 426 1118 483 in
1153 429 1238 484 via
1280 439 1462 485 autem
1494 445 1560 486 ne
1602 431 1698 486 tibi
1739 431 1852 500 ipse
1881 434 1924 491 Α
1958 434 2267 490 misericors
2304 443 2388 490 est
2435 416 2576 488 enim
2643 433 2695 488 in
2749 433 3026 491 hominum
3084 434 3417 491 infirmitate.
3471 438 3527 493 Si

268 535 485 590 parcas,
517 519 737 574 servilia
770 535 1031 590 respuens
1059 522 1383 579 ministeria.
1421 520 1655 592 Peregre
1689 523 1852 592 proii-

269 615 505 673 c'scens.
533 611 577 667 si
615 612 752 680 apud
783 613 1007 667 fratrem
1049 614 1319 672 divertere
1370 616 1638 681 volueris,
1668 625 1722 671 et
1762 616 1851 670 ille

268 703 504 772 hospitio
541 713 591 759 te
636 704 913 774 suscipere
954 707 1245 772 recusarit,
1281 716 1335 762 et
1378 706 1424 761 is
1460 716 1642 776 postea
1681 708 1759 762 vel
1796 709 1848 762 in

268 797 351 848 via
389 795 482 849 libi
526 796 715 850 obvius
758 796 960 864 fuerit,
1004 797 1087 853 vel
1119 798 1184 852 ad
1224 809 1274 853 te
1317 799 1601 855 diverterit
1650 802 1853 870 impru-

267 890 421 952 dens,
448 903 568 943 eum
596 889 883 958 benignius
914 890 1309 962 ltumaniusque
1330 902 1579 948 tractato.
1609 892 1665 948 Si
1689 910 1849 964 quem

271 976 364 1030 tibi
402 978 681 1046 acceperis
712 979 1037 1046 detraxisse,
1069 990 1123 1037 et
1164 984 1347 1053 aliquo
1383 986 1435 1038 in
1480 983 1601 1040 lo’co
1629 998 1852 1055 congre-

268 1068 492 1121 diamini
521 1109 536 1135 ,
568 1070 649 1122 vel
687 1070 751 1124 ad
800 1081 851 1127 te
886 1072 1001 1141 ipse
1027 1074 1335 1141 diverterit,
1364 1075 1590 1131 hilarem
1614 1087 1668 1130 et
1693 1076 1850 1132 beni-

267 1148 430 1227 gnum
476 1160 549 1214 illi
576 1176 673 1231 pro
710 1164 918 1219 viribus
946 1165 1152 1221 vultum
1180 1167 1427 1233 ostende,
1461 1183 1633 1237 neque
1661 1166 1770 1233 illa,
1803 1167 1849 1223 si

271 1250 570 1317 audivisti,
619 1268 1059 1311 commemorans
1103 1274 1325 1329 qurere,
1372 1275 1470 1314 cur
1516 1260 1589 1314 ita
1638 1260 1849 1316 locutus

270 1342 389 1399 sit:
435 1360 559 1398 nam
609 1355 667 1400 ut
709 1347 760 1401 in
802 1347 1112 1405 Proverbiis
1150 1350 1409 1421 scriptum
1437 1362 1564 1407 est:
1614 1350 1717 1417 Qui
1742 1368 1853 1406 me-

272 1451 388 1489 mor
426 1448 498 1490 est
525 1437 871 1507 injuriarum,
902 1440 1115 1511 iniquus
1139 1453 1217 1498 est
1261 1444 1324 1497 ¹².
1359 1443 1414 1497 Si
1444 1443 1645 1499 fratres
1685 1444 1847 1508 estis,

270 1536 325 1583 et
354 1542 577 1600 peregre
611 1532 1018 1601 proficiscentes
1068 1534 1135 1589 ad
1194 1533 1418 1589 fratrem
1454 1550 1745 1604 pauperem
1774 1534 1851 1589 di-

274 1620 522 1683 vertitis,
572 1638 638 1676 ne
686 1620 939 1693 adligatis
978 1639 1101 1679 eum
1149 1623 1310 1681 rebus
1356 1623 1711 1686 necessariis,
1754 1623 1849 1678 sed

269 1725 362 1769 eas
391 1711 545 1767 vobis
579 1714 768 1778 emite,
788 1723 847 1771 ut
869 1714 917 1770 ei
945 1730 1160 1786 qucque
1189 1717 1322 1772 satis
1347 1716 1478 1778 sint,
1510 1714 1849 1784 hostiitiuque

268 1818 334 1859 ac
390 1814 532 1860 tecto
572 1807 811 1862 contenti
853 1818 1028 1864 estote
1063 1810 1204 1880 quod
1251 1809 1557 1865 invenistis.
1594 1807 1650 1862 Si
1691 1824 1848 1863 senes

267 1897 479 1966 aliquos
520 1897 612 1952 tibi
656 1910 808 1955 notos
843 1900 1129 1968 inviseris,
1177 1911 1233 1957 et
1276 1912 1455 1958 tecum
1504 1901 1708 1956 fuerint
1758 1902 1847 1957 alii

267 1990 490 2046 senibus
534 1991 738 2062 ignoti,
786 2008 855 2048 ne
904 1993 1232 2063 colloquaris
1284 2006 1336 2048 tn
1379 2011 1501 2050 cum
1542 1994 1761 2050 senibus
1797 1996 1849 2050 in

267 2090 554 2151 conSpectu
597 2083 872 2153 ipsorum,
908 2085 1005 2138 sed
1043 2084 1195 2140 sinas
1234 2100 1329 2140 eos
1364 2085 1528 2156 loqui.
1561 2085 1617 2140 Si
1650 2084 1867 2141 fratres.

268 2181 443 2225 tecum
462 2172 726 2240 habitant,
750 2189 938 2230 eorum
963 2189 1149 2230 curam
1173 2192 1298 2246 gere
1323 2176 1637 2246 diligenter,
1666 2178 1848 2233 sciens

268 2275 319 2323 te
350 2279 448 2333 pro
483 2265 616 2332 ipsis
659 2268 766 2322 Deo
813 2269 1077 2324 rationem
1120 2268 1485 2325 redditurum.
1528 2271 1586 2325 Si
1623 2280 1844 2340 propter

270 2354 436 2409 Deum
498 2357 733 2426 aliquem
774 2360 827 2412 in
883 2359 1058 2413 locum
1095 2362 1428 2429 secesseris,
1469 2378 1537 2418 ne
1575 2379 1845 2418 commer-

268 2444 408 2501 cium
460 2443 610 2499 ineas
641 2460 763 2501 cum
798 2448 990 2504 incolis
1022 2450 1168 2506 illius
1203 2450 1303 2506 loci
1326 2491 1345 2518 ,
1396 2467 1532 2508 neve
1581 2468 1702 2508 cum
1742 2453 1846 2509 illis

268 2550 548 2596 sermones
578 2539 864 2607 conferas;
899 2543 1072 2598 satius
1103 2544 1247 2599 enim
1287 2545 1427 2601 forte
1473 2545 1544 2601 sit
1591 2547 1683 2602 tibi
1718 2562 1844 2603 cum

269 2623 372 2683 illis
423 2641 541 2680 esse
594 2629 683 2691 qui
730 2633 993 2701 sanguine
1026 2634 1119 2689 tibi
1168 2636 1441 2706 conjuncti
1491 2645 1638 2693 sunt.
1690 2638 1747 2694 Si
1789 2640 1841 2695 in

266 2724 502 2769 montem
536 2714 868 2787 asCenderis,
912 2734 968 2777 ιιι
1009 2726 1197 2781 b‘atres
1231 2727 1281 2781 in
1315 2730 1660 2784 monasteriis
1701 2730 1842 2785 invi-

264 2821 371 2872 sas,
407 2808 547 2877 apud
583 2823 741 2879 quem
782 2812 1067 2871 diverteris
1090 2831 1327 2882 maneas,
1365 2835 1540 2890 neque
1571 2822 1638 2876 ad
1676 2822 1840 2878 alium

264 2897 531 2965 discedas,
573 2901 674 2956 nisi
705 2904 854 2971 prius
883 2920 1035 2977 roges
1064 2922 1209 2972 eum,
1241 2918 1418 2964 utrum
1464 2912 1593 2967 velit
1618 2930 1686 2970 an
1710 2928 1840 2971 non.

264 2990 412 3062 Quod
451 2993 496 3047 si
526 2994 796 3069 noluerit,
827 3013 893 3053 ne
926 3000 1196 3070 relinquas
1222 3001 1369 3056 illum
1390 3044 1408 3071 ,
1442 3005 1546 3059 nisi
1586 3020 1708 3060 eum
1746 3006 1841 3061 tibi

1956 541 2115 580 vacas
2141 525 2548 590 exercitationi,
2581 540 2643 579 ea
2676 540 2771 580 cor
2811 534 2957 579 tuum
2991 541 3057 581 ne
3086 526 3346 581 innitatur
3369 538 3528 598 atque

1954 614 2222 678 coniidat,
2255 615 2347 669 sed
2394 614 2708 685 cogitationi
2746 623 2850 669 tua:
2882 615 3067 681 dicas,
3105 615 3249 670 Deus
3287 634 3381 686 per
3409 633 3529 671 cor-

1953 708 2101 775 poris
2133 705 2474 761 alllietionem
2522 707 2705 762 audiet
2752 707 3023 763 miseriam
3070 724 3265 763 meam.
3309 710 3365 764 Si
3408 711 3530 780 quis

1954 809 2007 852 te
2044 796 2282 853 affecerit
2317 798 2638 852 contumelia
2665 838 2680 863 ,
2715 813 2783 853 ne
2822 799 3153 868 respondeas
3182 801 3291 864 illi,
3322 802 3413 857 sed
3450 812 3529 857 ta-

1952 889 2092 944 citus
2117 900 2290 944 tecum
2325 891 2437 958 ipse
2466 890 2746 943 considera
2769 930 2787 954 ,
2814 904 2881 944 an
2910 905 3036 944 vera
3065 880 3176 946 Sint
3199 908 3318 961 qua!
3344 894 3526 961 audis;

1952 991 2008 1037 et
2039 983 2083 1036 si
2116 997 2240 1037 vera
2269 993 2431 1047 sunt,
2462 982 2833 1050 paenitentiam
2861 997 2959 1050 age
2983 1022 2999 1045 ,
3028 992 3082 1037 et
3131 982 3270 1038 Dens
3303 985 3527 1039 misere-

1951 1073 2099 1129 bitur
2137 1075 2235 1132 tui.
2284 1073 2340 1128 Si
2387 1090 2508 1129 cum
2558 1072 2815 1128 fratribus
2862 1072 2964 1127 iter
3014 1072 3248 1140 faciens,
3295 1076 3526 1146 aliquem

1952 1166 2095 1221 inter
2143 1182 2235 1221 eos
2267 1177 2458 1221 nactus
2503 1166 2709 1231 fueris,
2754 1179 2912 1233 quem
2958 1166 3010 1219 in
3054 1164 3165 1220 Deo
3196 1167 3424 1237 diligas,
3462 1184 3529 1223 ne

1951 1257 2175 1313 liberius
2204 1274 2326 1314 cum
2368 1258 2460 1312 illo
2490 1257 2706 1314 caeteris
2751 1257 3059 1312 videntibus
3089 1259 3434 1328 culloquaris,
3462 1274 3530 1315 ne

1950 1345 2092 1399 forte
2119 1346 2191 1400 sit
2222 1348 2361 1403 inter
2384 1349 2528 1417 ipsos
2563 1350 2808 1407 inlirmus
2833 1351 3101 1422 quispiam
3133 1351 3223 1421 qui
3262 1351 3378 1405 zelo
3415 1366 3529 1405 mo-

1952 1439 2162 1507 riatur;
2204 1450 2258 1494 et
2292 1450 2345 1495 tu
2394 1452 2674 1511 peccatum
2714 1443 2841 1512 ejus
2868 1444 3157 1509 sustineas,
3191 1444 3444 1513 quoniam
3476 1444 3526 1499 ei

1951 1528 2210 1598 peccandi
2254 1531 2595 1587 occasionem
2631 1532 2894 1587 obtulisti.
2928 1533 3060 1587 Cum
3095 1532 3162 1587 ad
3197 1532 3405 1601 aliquos
3443 1532 3526 1587 di-

1951 1624 2139 1689 vertis,
2168 1638 2234 1679 ne
2262 1635 2543 1695 exspectes
2567 1667 2583 1693 ,
2616 1636 2677 1680 ut
2705 1626 2774 1682 ab
2811 1627 2915 1682 illis
2961 1641 3084 1682 cum
3125 1627 3322 1696 gaudio
3353 1627 3529 1682 susci-

1953 1716 2149 1785 piaris;
2179 1725 2234 1770 at
2262 1717 2306 1770 si
2343 1727 2393 1771 te
2434 1718 2799 1788 susceperint,
2826 1719 3174 1788 Deo‘gratias
3201 1734 3348 1788 agas.
3385 1717 3441 1773 Si
3475 1729 3528 1774 te

1955 1805 2007 1858 in
2036 1806 2164 1860 cella
2194 1807 2361 1876 quieti
2402 1818 2680 1863 vacantem
2713 1813 2932 1865 morbus
2971 1810 3262 1875 invaserit,
3294 1824 3362 1865 ne
3392 1824 3525 1863 con-

1951 1895 2098 1950 cidas
2127 1898 2337 1962 animo,
2382 1898 2474 1950 sed
2516 1912 2614 1967 age
2638 1900 2842 1968 gratias
2885 1898 3016 1955 Deo.
3066 1900 3121 1955 Si
3166 1916 3261 1957 cor
3289 1897 3526 1953 senseris

1951 1996 2390 2056 consternatum,
2439 1990 2525 2044 dic
2574 1990 2690 2044 illi:
2726 1989 2915 2046 Nonne
2963 1994 3185 2047 morbus
3232 1994 3321 2048 hic
3359 1995 3526 2049 levior

1954 2080 2047 2134 tibi
2082 2086 2164 2135 'est
2196 2096 2354 2150 quam
2404 2081 2666 2151 gehenna,
2703 2082 2756 2136 in
2788 2098 2971 2152 quam,
3014 2085 3117 2139 nisi
3164 2094 3215 2140 te
3262 2086 3525 2155 patienter

1949 2181 2369 2242 constanterque
2385 2176 2549 2245 geris,
2570 2175 2856 2231 introibis?
2882 2186 3043 2247 atque
3069 2178 3140 2232 ita
3160 2180 3524 2247 conquiescet.

1951 2263 2008 2320 Si
2039 2265 2177 2333 apud
2210 2264 2402 2320 fratres
2430 2267 2733 2334 diverteris,
2765 2278 2819 2324 et
2847 2284 3032 2324 eorum
3066 2270 3263 2342 aliquis
3286 2270 3523 2326 dixerit:

1950 2354 2049 2410 Hic
2075 2371 2173 2427 ego
2205 2357 2438 2426 quietem
2471 2375 2575 2413 non
2607 2361 2835 2429 reperio,
2873 2362 3120 2416 habitare
3158 2373 3333 2417 tecum
3367 2363 3524 2430 volo;

1950 2456 2003 2499 tu
2038 2447 2089 2501 id
2127 2446 2175 2500 ei
2213 2462 2279 2501 ne
2314 2448 2658 2517 permiseris,
2699 2465 2766 2504 ne
2802 2450 3023 2520 reliquis
3063 2452 3140 2507 sis
3180 2450 3524 2508 otTendiculo.

1949 2537 2046 2592 Sin
2086 2537 2323 2592 dixerit:
2358 2536 2438 2593 Ob
2457 2526 2577 2592 rem
2606 2541 2872 2595 occultam
2907 2543 3134 2596 moritur
3167 2542 3347 2597 anima
3385 2558 3527 2612 mea,

1944 2627 1992 2682 ei
2017 2628 2081 2681 da
2113 2626 2321 2695 locum,
2356 2637 2413 2682 ut
2445 2628 2570 2682 inde
2605 2629 2799 2697 abeat;
2829 2630 2922 2686 sed
2949 2631 3089 2701 apud
3125 2640 3178 2687 te
3206 2647 3425 2689 manere
3458 2651 3525 2691 ne

1946 2720 2253 2792 permittas.

2016 2811 2101 2867 ιν.
2141 2812 2274 2867 Cum
2309 2815 2361 2868 in
2390 2813 2524 2869 cella
2558 2822 2644 2869 tua
2677 2815 2909 2884 quietem
2947 2823 3000 2869 et
3041 2815 3314 2871 silentium
3355 2817 3516 2884 colis,

1944 2904 1998 2959 in
2043 2905 2162 2960 cibo
2210 2906 2426 2959 modum
2479 2905 2713 2975 aliquem
2751 2922 2945 2971 serva,
2984 2917 3043 2962 ut
3094 2922 3292 2978 corpus
3328 2910 3522 2963 habeat

1945 3013 2083 3085 qum,
2110 2999 2420 3053 necessaria
2456 3010 2619 3066 sunt,
2650 3010 2705 3054 et
2754 3001 2824 3055 ibi
2864 3000 2916 3054 in
2954 3000 3139 3055 divino
3169 3001 3315 3056 cultu
3354 3004 3525 3071 possit

265 3094 345 3140 est
380 3086 710 3142 abeundum.
741 3086 797 3142 Si
838 3090 1028 3144 cellam
1066 3095 1119 3146 in
1150 3109 1254 3162 qua
1293 3095 1484 3161 degas,
1523 3098 1798 3166 acceperis
1821 3140 1837 3164 ,
1869 3124 1915 3184 Β
1949 3093 2233 3150 inservire.
2288 3093 2431 3149 Nihil
2464 3104 2677 3159 autem,
2707 3110 2802 3150 seu
2834 3097 3031 3151 bonum
3064 3110 3159 3150 seu
3192 3096 3388 3149 malum
3431 3097 3524 3163 sit,

265 3176 460 3233 inultos
498 3178 591 3233 tibi
622 3180 829 3236 amicos
860 3197 928 3237 ne
981 3185 1272 3246 asciveris.
1318 3203 1455 3241 unus
1488 3188 1581 3242 tibi
1612 3190 1681 3244 sit
1710 3196 1843 3249 satis

265 3279 483 3339 propter
522 3270 889 3328 infirmitatem
913 3314 929 3341 ,
965 3285 1018 3331 et
1056 3290 1344 3333 successus
1385 3279 1457 3333 tui
1499 3278 1733 3336 fructum
1778 3298 1849 3340 ne

265 3360 501 3415 amittas.

334 3450 421 3507 lll.
463 3451 519 3507 Si
574 3455 795 3525 pauperi
848 3456 1222 3526 benefeceris,
1271 3475 1337 3515 ne
1382 3477 1544 3519 voces
1589 3464 1735 3519 illum
1776 3465 1843 3521 ad

264 3561 421 3615 Opus,
457 3562 522 3601 ne
556 3548 869 3603 beneﬁcium
901 3552 1094 3620 perdas
1122 3553 1267 3622 quod
1297 3554 1350 3611 in
1385 3571 1507 3610 eum
1541 3560 1842 3613 contulisti.

228 3638 322 3692 ‘Si
358 3639 411 3693 in
449 3641 831 3696 monasterium
869 3642 962 3696 tibi
1003 3642 1246 3713 ignotum
1282 3644 1574 3710 introieris,
1620 3648 1710 3702 ubi
1743 3649 1839 3703 tibi

263 3746 485 3786 manere
532 3733 903 3801 permittetur;
941 3733 1016 3789 ibi
1065 3749 1224 3789 mane
1257 3751 1432 3805 neque
1459 3737 1619 3793 aliam
1651 3740 1704 3794 in
1737 3741 1848 3795 cel-

263 3820 366 3874 lam
403 3822 681 3892 ingredere
703 3863 718 3886 ,
747 3822 850 3877 nisi
887 3823 1213 3878 accersaris.
1263 3823 1319 3878 Si
1350 3824 1682 3894 propinquos
1711 3828 1842 3882 reli-

261 3913 460 3992 quisti,
491 3923 549 3968 ut
587 3925 807 3984 propter
848 3915 1012 3970 Deum
1052 3915 1106 3970 in
1149 3914 1438 3971 solitudine
1467 3918 1723 3987 degeres,
1753 3933 1845 3977 eo-

263 4022 380 4060 rum
422 4017 472 4061 te
508 4005 780 4062 desiderio
808 4008 924 4077 capi
956 4024 1024 4063 ne
1052 4008 1387 4078 permiseris.
1434 4006 1491 4063 Si
1527 4018 1578 4064 te
1619 4012 1672 4065 in
1710 4009 1838 4067 cella

263 4109 687 4154 commorautem
718 4101 888 4169 patris
931 4108 1021 4155 aut
1058 4101 1249 4154 matris
1294 4103 1701 4159 commiseratio
1742 4105 1847 4161 sti-

263 4191 570 4256 mulaverit,
607 4200 699 4244 aut
727 4190 909 4246 fratris
943 4191 1217 4246 sororisve
1258 4192 1581 4260 recordatio,
1615 4206 1708 4249 aut
1746 4196 1847 4250 ini-

262 4282 553 4337 sericordia
584 4282 841 4345 filiorum,
866 4291 959 4337 aut
984 4284 1170 4338 uxoris
1199 4283 1526 4341 desiderium
1552 4301 1568 4351 ;
1597 4285 1691 4341 tibi
1718 4298 1846 4344 ante

262 4374 473 4430 oculos.
492 4389 631 4445 pone
673 4383 975 4428 extremum
1010 4374 1134 4429 vitae.
1174 4374 1316 4429 diem
1348 4385 1508 4445 atque
1536 4376 1760 4447 judicii,
1791 4380 1842 4431 in

1947 3185 2170 3240 comede
2227 3200 2347 3239 cum
2395 3185 2751 3240 delectatione
2781 3196 2838 3239 et
2882 3194 3071 3257 gustus
3117 3184 3411 3255 voluptate.
3469 3184 3523 3242 Si

1947 3277 2241 3332 necessitas
2266 3287 2443 3346 coget,
2476 3276 2671 3332 fratres
2699 3285 2794 3331 aut
2815 3277 3125 3332 coenobium
3159 3277 3384 3342 invisas,
3407 3293 3551 3355 cor--

1945 3369 2064 3438 pori
2117 3376 2208 3422 tuo
2256 3367 2387 3422 nihil
2433 3369 2575 3439 quod
2610 3368 2657 3423 ei
2700 3368 2996 3438 jucundum
3062 3368 3132 3423 sit
3204 3369 3411 3425 tribuas
3462 3369 3524 3423 ad

1945 3460 2311 3526 saturitatem,
2339 3469 2400 3515 ut
2426 3459 2679 3517 libentius
2702 3459 2768 3514 ad
2796 3458 3045 3515 cellulam
3071 3468 3395 3528 revertatur,
3428 3476 3528 3516 nec

1946 3560 1999 3605 te
2033 3553 2245 3621 prodat.
2289 3553 2346 3607 Si
2382 3554 2656 3608 daemones
2697 3554 2969 3609 suaserint
3012 3554 3193 3609 animo
3234 3560 3325 3608 tuo
3373 3560 3433 3607 ut
3477 3560 3531 3608 te

1946 3630 2109 3711 supra
2154 3645 2298 3698 vires
2332 3659 2589 3699 exerceas
2621 3652 2775 3708 tuas,
2805 3658 2900 3699 eos
2935 3659 3001 3697 ne
3032 3643 3312 3698 audieris:
3354 3641 3531 3697 solent

1946 3731 2091 3787 enim
2128 3732 2403 3786 hominem
2434 3733 2503 3786 ad
2531 3747 2594 3786 ea
2622 3746 2744 3801 qua:
2773 3739 3029 3800 praestare
3066 3748 3170 3787 non
3200 3740 3416 3803 potest,
3448 3731 3529 3785 in-

1948 3824 2141 3886 citare,
2164 3831 2227 3878 ut
2259 3822 2311 3876 in
2341 3836 2533 3876 manus
2555 3836 2745 3876 eorum
2773 3822 2993 3884 incidat,
3028 3831 3085 3877 et
3109 3822 3211 3892 ipsi
3237 3824 3528 3892 gaudeant.

1949 3914 2128 3971 Semel
2157 3914 2212 3969 in
2250 3914 2338 3968 die
2366 3915 2624 3980 comede,
2655 3922 2706 3968 ct
2737 3914 2953 3983 corpori
2994 3915 3139 3985 quod
3184 3916 3232 3969 ei
3280 3929 3531 3969 necessa-

1947 4007 2087 4061 rium
2113 4012 2198 4060 est
2226 4006 2426 4072 tribue,
2454 4012 2512 4059 ut
2537 4004 2590 4059 in
2617 4005 2880 4060 exercitio
2903 4016 2993 4059 tuo
3013 4006 3099 4076 pio
3120 4005 3316 4061 durare
3339 4019 3528 4073 queas.

1950 4098 2153 4170 Vigiliat
2173 4100 2464 4169 prudenter
2482 4112 2631 4164 vaca,
2652 4112 2751 4153 nec
2772 4098 3004 4168 quietem
3032 4098 3395 4154 necessariam
3412 4111 3532 4154 cor-

1948 4191 2065 4262 pori
2094 4206 2250 4262 nega,
2281 4191 2374 4245 sed
2399 4204 2523 4245 cum
2547 4189 2959 4245 mansuetudine
2981 4200 3037 4246 et
3065 4190 3405 4246 considerate
3422 4189 3531 4260 pie-

1952 4282 2079 4336 tatis
2111 4281 2347 4336 studium
2378 4281 2758 4352 complectere,
2800 4295 2870 4337 ne
2906 4282 3071 4337 nimia
3104 4282 3281 4350 vigilia
3310 4282 3525 4337 animus

1950 4375 2298 4442 perturbetur
2334 4383 2389 4429 et
2420 4389 2450 4430 e
2471 4374 2647 4430 Stadio
2680 4374 2871 4444 fugiat.
2900 4373 3086 4431 Noctis
3119 4374 3396 4429 dimidium
3444 4373 3532 4443 pio

262 4481 372 4537 quo
401 4466 497 4520 tibi
529 4480 718 4521 eorum
753 4480 910 4520 nemo
956 4463 1167 4520 laturus
1210 4475 1295 4521 est
1331 4466 1631 4533 auxilium,
1662 4478 1717 4523 et.
1748 4482 1843 4523 eos
1878 4459 1920 4514 Ι)
1950 4467 2084 4522 satis
2106 4479 2190 4522 est
2215 4467 2499 4534 exercitio,
2522 4467 2804 4522 dimidium
2830 4467 3061 4523 alterum
3086 4467 3328 4537 corporis
3351 4468 3524 4535 quieti

265 4567 319 4613 te
351 4556 640 4628 reliquisse
683 4556 904 4611 minime
933 4557 1240 4625 pteuitebit.
1272 4556 1327 4611 Si
1373 4558 1425 4612 in
1467 4558 1601 4614 cella
1639 4569 1727 4612 tua
1759 4575 1846 4615 se-

264 4650 398 4706 dens
428 4651 743 4717 memineris
766 4650 996 4721 alicujus
1023 4665 1053 4705 a
1095 4666 1203 4721 quo
1245 4651 1414 4707 fueris
1443 4650 1669 4708 affectus
1708 4653 1841 4724 inju-

262 4745 367 4806 ria,
398 4759 585 4814 surge,
618 4751 673 4797 et
701 4756 767 4797 ex
799 4750 909 4796 toto
952 4742 1114 4810 corde
1142 4751 1234 4797 tuo
1267 4743 1457 4808 Deum,
1491 4751 1548 4798 ut
1579 4744 1653 4798 illi
1690 4745 1845 4812 igno-

262 4845 378 4892 scat
399 4876 419 4902 ι
445 4838 741 4907 deprecare
763 4877 777 4900 ,
806 4847 862 4892 et
891 4835 1112 4891 ultionis
1143 4835 1240 4891 abs
1288 4844 1339 4890 te
1369 4834 1539 4904 fugiet
1569 4836 1844 4905 cogitatio.

262 4929 319 4984 Si
390 4929 457 4982 ad
504 4928 904 5000 percipiendam
968 4927 1350 4999 mysteriorum
1411 4927 1847 4986 communionem

260 5020 521 5085 accedis,
574 5035 763 5076 omnes
810 5031 931 5076 tuas
973 5019 1332 5091 cogitationes
1378 5019 1641 5090 observa,
1688 5036 1756 5076 ne
1794 5023 1848 5088 in

256 5111 521 5179 judicium
576 5126 693 5165 eam
747 5112 1036 5182 percipias.
1103 5110 1170 5181 Si.
1220 5120 1381 5166 noctu
1442 5112 1850 5167 consuetudinis

262 5201 647 5272 imaginatione
690 5202 936 5267 tentaris,
983 5200 1193 5256 custodi
1237 5216 1333 5263 cor
1362 5210 1548 5269 tuum,
1584 5217 1651 5257 ne
1678 5202 1850 5258 inter-

262 5294 351 5350 diu
382 5295 718 5358 consideret,
751 5293 927 5364 qnalis
964 5308 1032 5353 ea
1064 5308 1350 5362 corporum
1382 5293 1543 5349 fuerit
1573 5294 1845 5362 imagina-

263 5387 359 5450 tio,
388 5398 551 5457 atque
575 5388 646 5441 ita
682 5401 743 5441 ea
777 5385 1108 5454 cogitatione
1133 5384 1534 5453 cuinqnineris,
1574 5384 1850 5454 Deumque

262 5495 523 5550 provoces
553 5482 619 5533 ad
660 5478 1089 5549 indignationem
1113 5518 1126 5540 .
1155 5479 1248 5533 sed
1284 5478 1512 5549 supplex
1544 5487 1670 5532 ante
1703 5478 1852 5533 illum

260 5573 557 5644 procnmlie
605 5571 657 5625 in
696 5580 808 5626 toto
854 5572 1016 5627 corde
1065 5578 1187 5639 tuo,
1226 5580 1280 5628 et
1327 5569 1674 5628 auxiliabitur
1719 5567 1854 5627 tibi:

340 5727 383 5762 "
421 5730 576 5785 l‘rov.
618 5744 713 5795 xu,
753 5730 833 5787 ισ.

1948 4562 2295 4615 concedatur.
2333 4558 2496 4615 Binas
2534 4569 2825 4630 antequam
2854 4561 3100 4616 cubitum
3128 4573 3221 4614 eas
3242 4599 3258 4624 ,
3293 4559 3531 4624 orando,

1948 4649 2333 4719 psallendoque
2379 4650 2544 4705 horas
2592 4664 2875 4706 consume.
2913 4649 3105 4704 Postea
3158 4648 3379 4719 quiesce
3406 4701 3418 4714 ,
3477 4656 3533 4700 et

1948 4757 2069 4796 cum
2093 4749 2144 4797 te
2164 4740 2420 4795 Dominus
2451 4741 2795 4805 excitaverit,
2827 4740 3224 4809 precationibus
3246 4736 3533 4804 diligenter

1951 4834 2221 4889 incumbe.
2248 4832 2305 4889 Si
2333 4848 2531 4901 corpus
2557 4843 2706 4888 tuum
2734 4832 2945 4903 pigrum
2972 4830 3193 4897 videris,
3222 4830 3293 4883 illi
3324 4828 3489 4882 dicito
3513 4847 3529 4885 :

1952 4925 2046 4981 Vis
2080 4926 2148 4980 ad
2196 4925 2362 4981 breve
2408 4934 2618 4995 tempus
2669 4934 2917 4996 torpere,
2955 4932 3013 4978 et
3062 4938 3187 4977 mox
3236 4919 3423 4993 projiei
3477 4923 3530 4977 in

1952 5018 2202 5073 tenebras
2237 5016 2575 5071 exteriores?
2609 5014 2666 5072 Si
2701 5025 2751 5071 te
2794 5015 3071 5085 paululum
3123 5015 3409 5078 excitabis,
3436 5031 3532 5069 ro-

1950 5109 2054 5164 bur
2093 5116 2148 5163 et
2172 5108 2329 5176 .vires
2358 5107 2669 5163 advenient.
2701 5105 2778 5162 Ne
2810 5108 2964 5162 ineas
3004 5122 3125 5162 cum
3156 5105 3263 5160 illis
3298 5107 3533 5161 homini-

1950 5199 2053 5256 bus
2077 5200 2396 5267 amicitiam,
2419 5201 2511 5271 qui
2540 5199 2630 5255 tibi
2656 5209 2780 5255 sunt
2800 5199 3029 5255 aliorum
3054 5198 3216 5253 etiam
3250 5198 3530 5254 hominum

1956 5292 2377 5346 familiaritatem
2403 5282 2866 5356 conciliaturi,‘ne
2904 5289 2998 5343 tibi
3031 5285 3197 5343 nimia
3230 5286 3554 5344 celebritas'

1955 5387 2335 5440 detrimentum
2387 5382 2596 5439 afferat.
2633 5381 2689 5436 Si
2737 5381 2789 5436 in
2829 5380 3157 5437 monasterio
3194 5396 3293 5451 es,
3332 5391 3387 5438 et
3414 5398 3532 5438 ser-

1954 5491 2078 5529 vum
2108 5475 2309 5540 habes,
2350 5474 2402 5528 in
2435 5489 2594 5544 quem
2635 5472 2921 5544 imperium
2955 5486 3214 5529 exerceas
3235 5514 3250 5540 ,
3287 5473 3529 5530 habitum

1956 5567 2123 5625 allicis
2165 5566 2521 5635 contumelia;
2558 5564 2642 5623 sin
2676 5580 2801 5623 eum
2834 5572 2893 5622 ιιι
2939 5562 3161 5623 fratrem
3206 5566 3381 5637 diligis
3407 5608 3421 5635 ,
3474 5567 3526 5622 in
