3968 6210
407 280 547 338 {IIS

1512 295 1783 355 PATRES
1819 300 2115 357 IEGYPTlI
2142 304 2422 361 ‘SIECULI
2463 306 2550 363 IV.

3432 284 3440 291 ’
3531 302 3704 369 ttts

414 410 593 500 bienni
627 419 816 500 peccas
846 409 947 500 nisi
983 424 1103 464 eum
1146 415 1515 482 manumittis,
1547 430 1605 473 ut
1649 419 1786 476 liber
1814 423 1988 480 disce-
2021 430 2060 485 Α
2092 427 2447 498 cogitationes
2486 445 2614 484 suas
2660 431 2818 500 tegit,
2851 444 2945 485 seu
2986 430 3138 486 malae
3162 471 3177 495 ,
3215 447 3307 486 seu
3340 430 3492 485 bona-
3530 448 3647 487 sint
3675 473 3695 499 ,

409 497 524 553 dat.
557 494 711 564 Quod
741 498 787 553 si
821 499 949 554 velit
987 505 1281 558 monachus
1317 503 1618 579 ﬁeri,'ipse
1654 511 1890 583 viderit;
1936 526 1988 570 tu

408 588 626 658 quidem
653 604 720 645 ne
761 593 1075 661 permiseris
1135 605 1192 651 ut
1238 605 1414 655 tecum
1478 613 1730 671 maneat,
1761 606 1811 661 id
1847 611 1990 663 enim

412 697 517 738 non
552 684 771 752 evpcdit
798 686 998 742 animae
1025 694 1152 744 tuas.

484 772 548 828 ν.
593 774 647 829 Si
683 776 735 830 in
771 778 892 832 loco
928 780 1129 835 celebri
1169 797 1372 854 corpus
1402 792 1551 842 tuum
1583 787 1796 861 aflligis,
1828 805 1883 849 et
1913 795 1992 848 id-

411 866 561 922 circo
591 877 643 923 te
671 869 920 927 homines
946 874 1273 929 aemulantur
1314 886 1370 933 et
1410 879 1703 950 honorant,
1745 901 1868 941 eum
1904 905 1993 944 re-

413 959 634 1029 linque,
681 971 735 1018 et
769 964 878 1020 alio
922 965 1309 1037 proﬁciscere,
1351 987 1421 1027 ne
1464 972 1617 1028 labor
1657 986 1777 1031 tuus
1819 979 1994 1036 inanis

415 1053 702 1113 efﬁciatur.
755 1057 907 1124 Quod
953 1058 998 1113 si
1051 1059 1267 1117 inanem
1324 1064 1550 1133 gloriam
1600 1069 1879 1140 subegisti,
1930 1088 1997 1128 ne

415 1149 670 1204 attendas
697 1152 826 1217 quid
861 1152 1107 1210 homines
1132 1157 1313 1210 dicant
1341 1167 1433 1211 aut
1451 1157 1675 1226 faciant,
1695 1163 1790 1217 sed
1816 1166 1995 1219 omnia

419 1240 564 1295 refer
591 1243 656 1295 ad
686 1240 779 1298 Dei
830 1246 1277 1303 muniﬁcentiam.
1317 1247 1374 1304 Si
1418 1253 1618 1307 mundo
1658 1257 1995 1323 renuntiasti,

421 1331 517 1386 tibi
566 1332 696 1387 nihil
740 1335 963 1391 omnino
1011 1352 1252 1395 reserva.
1311 1341 1368 1396 Si
1412 1350 1464 1397 te
1518 1347 1744 1413 vagandi
1794 1348 2001 1418 cupidi-

423 1432 507 1476 tas
548 1423 843 1491 invaserit,
880 1440 1074 1495 corpus
1131 1429 1184 1482 in
1237 1443 1402 1500 opere
1469 1448 1722 1489 manuum
1784 1444 1996 1490 tuarum

420 1512 595 1584 atilige
645 1516 1059 1586 vehementius;
1112 1528 1173 1575 ut
1221 1520 1274 1576 in
1325 1522 1519 1578 cellula
1564 1534 1650 1583 tua
1682 1545 1803 1585 cum
1848 1546 2000 1586 manv

419 1606 702 1662 suetudine
748 1609 1125 1678 conquiescas,
1183 1623 1238 1667 et.
1282 1615 1545 1675 comedas
1579 1635 1771 1690 panem
1825 1632 1995 1677 ιιιιιιιι.

422 1696 480 1751 Si
510 1707 565 1750 ut
594 1711 755 1766 opera
787 1706 876 1752 tua
916 1699 1120 1755 vendas
1141 1741 1159 1766 ,
1188 1700 1263 1755 ad
1289 1708 1486 1763 orbem.
1514 1710 1899 1778 proﬁcisceris,
1933 1727 2000 1767 ne

2094 524 2344 591 gaudium
2392 524 2715 592 percipiunt.
2754 523 2897 578 Cave
2926 523 3245 594 diligenter,
3278 540 3400 579 cum
3435 524 3502 578 ad
3529 540 3701 579 coan-

2096 616 2404 670 tnunionem
2458 617 2706 681 accedis,
2757 630 2825 672 ne
2868 617 2995 686 quid
3031 618 3251 672 malitiae
3309 617 3514 672 habeas
3558 633 3697 672 cum

2097 711 2264 764 fratre
2290 718 2415 775 tuo;
2441 710 2522 765 sic
2550 710 2694 765 enim
2722 718 2777 765 te
2799 711 2977 779 ipsum
3002 708 3307 779 decipis..Si
3335 709 3504 765 verba
3528 708 3696 764 Scri-

2096 811 2269 871 ptura!
2320 800 2416 856 tibi
2469 799 2760 872 pateﬁunt,
2807 812 2867 857 ιιι
2910 817 2974 857 ea
3032 802 3209 871 possis
3245 802 3312 856 ad
3362 801 3699 871 allegoriam

2102 891 2424 965 transferre,
2446 893 2500 961 id
2525 892 2709 948 facito.
2739 891 2842 949 Sed
2873 908 3026 958 cave,
3050 909 3119 948 ne
3147 893 3380 949 litteram
3407 893 3701 957 destruas,

2098 998 2233 1039 neve
2261 983 2439 1038 sensui
2472 992 2562 1038 tuo
2587 984 2758 1053 magis
2783 983 2995 1049 credas,
3022 998 3183 1053 quam
3208 995 3409 1038 sanctae
3433 982 3703 1051 Scriptu-

2098 1090 2208 1140 rte;
2258 1074 2309 1129 id
2352 1076 2496 1130 enim
2542 1075 2806 1145 superbia:
2844 1086 2928 1130 est
2977 1084 3376 1146 argumentum.
3409 1074 3466 1129 Si
3517 1073 3720 1129 frater.

2100 1174 2225 1220 tuus
2254 1167 2433 1221 verbis
2464 1167 2718 1235 deceptus
2758 1166 3160 1234 haereticorum,
3195 1182 3225 1221 a
3268 1176 3416 1221 recta
3453 1165 3565 1220 ﬁde
3597 1181 3703 1249 per

2100 1258 2517 1328 imprudentiam
2563 1259 3009 1325 discesserit,ad
3039 1272 3270 1329 eamque
3314 1275 3517 1315 rursus
3550 1259 3702 1314 resi-

2098 1350 2312 1421 piscens
2345 1362 2665 1414 revertatur,
2698 1367 2820 1407 eum
2855 1361 2908 1406 tu
2947 1367 3022 1408 ne
3042 1352 3391 1421 despexeris;
3423 1352 3701 1422 ignoran-

2103 1443 2171 1495 tia
2218 1442 2362 1496 enim
2411 1443 2702 1496 aberravit.
2740 1442 2915 1507 Cave,
2966 1459 3035 1498 ne
3081 1441 3433 1497 defendendae
3465 1442 3699 1511 quidem

2103 1533 2223 1586 ﬁdei
2254 1547 2415 1589 causa
2452 1548 2573 1587 cum
2605 1533 2873 1588 luereticis
2902 1532 3260 1603 colloquaris,
3298 1550 3368 1589 ne
3400 1533 3545 1588 forte
3579 1549 3703 1589 scr—

2102 1636 2292 1678 mones
2335 1623 2571 1694 ipsorum
2610 1624 2792 1678 animo
2851 1634 2940 1679 tuo
2979 1625 3125 1681 virus
3169 1624 3479 1681 infundant.
3524 1624 3584 1681 Si
3629 1625 3702 1679 li-

2104 1718 2258 1769 brntn
2297 1715 2569 1771 inveneris
2598 1717 2689 1786 qui
2721 1732 2841 1772 esse
2875 1717 3090 1773 dicatur
3115 1718 3522 1783 haereticorum,
3564 1734 3703 1773 cave

421 1792 487 1844 de
510 1791 684 1860 Ρτεῑῖθ
710 1791 1043 1858 comend”.
1069 1803 1130 1852 nt
1163 1801 1339 1855 solent
1379 1803 1628 1858 homines
1672 1804 1962 1861 saeculares
1984 1847 2000 1870 ,
2037 1775 2075 1827 υ
2107 1822 2173 1861 ne
2201 1806 2350 1860 illum
2386 1807 2565 1877 legas,
2602 1824 2669 1862 ne
2708 1822 2914 1863 veneno
2943 1807 3230 1862 mortifero
3267 1824 3364 1864 cor
3394 1817 3550 1862 tuum
3593 1809 3703 1862 im-

421 1884 515 1938 sed
542 1900 604 1939 ea
634 1888 805 1944 vende
839 1905 960 1945 cum
1015 1897 1399 1968 simplicitate,
1451 1915 1518 1954 ne
1548 1902 1697 1957 celltn
1745 1914 1849 1959 tuae
1886 1902 2000 1961 fru-

422 1984 567 2030 Cmm
596 1980 836 2044 amittas.
880 1984 939 2045 Si
969 1992 1111 2062 cogit
1159 1994 1455 2048 necessitas
1508 2003 1565 2048 ιιι
1611 1997 1810 2065 aliquid
1852 2014 2004 2055 emas

422 2066 744 2147 aliquando,
778 2096 898 2135 eme
940 2083 1056 2137 sine
1102 2088 1481 2154 contentione;
1532 2104 1600 2143 ne
1651 2090 1800 2144 dicas
1836 2114 1848 2148 :
1888 2091 2000 2146 Non

423 2182 624 2235 emam,
645 2170 746 2226 nisi
770 2173 937 2237 tanti;
964 2175 1056 2228 sed
1086 2176 1149 2229 da
1169 2179 1308 2246 quod
1323 2179 1540 2246 petitur,
1560 2181 1602 2233 si
1623 2181 1789 2235 habes
1806 2201 1820 2250 ;
1836 2184 1878 2238 si
1898 2200 2002 2239 non

425 2259 611 2324 habes,
637 2278 757 2316 cum
784 2263 1001 2320 silentio
1028 2266 1261 2323 discede.
1297 2269 1447 2337 Quod
1468 2272 1511 2325 si
1538 2282 1590 2326 te
1624 2275 1876 2344 cogitatio
1904 2280 2017 2330 ειμι.

425 2353 743 2423 mulaverit,
773 2358 938 2413 dicito
977 2379 992 2417 :
1030 2361 1263 2418 Omnino
1325 2365 1437 2434 jam
1492 2356 1664 2422 factus
1706 2385 1821 2422 smn
1864 2371 2003 2426 sicut

424 2460 616 2503 Omnes
637 2452 830 2517 sancti,
854 2456 943 2522 qui
970 2458 1154 2510 tentati
1176 2456 1454 2513 lueruntin
1482 2471 1816 2530 paupertate,
1836 2464 2004 2520 donec

424 2553 612 2594 eorum
661 2545 995 2612 propositum
1047 2547 1201 2602 ﬁdele
1257 2549 1396 2607 Deus
1432 2552 1673 2619 invenit,
1723 2564 1776 2609 et
1821 2557 2003 2611 eduxit

425 2647 522 2688 eos
557 2635 611 2688 in
662 2635 1031 2693 latitudinem.
1073 2640 1128 2695 Si
1175 2644 1312 2711 apud
1360 2652 1413 2697 te
1458 2642 1628 2699 frater
1672 2646 1868 2718 aliquid
1912 2651 2005 2703 dc-

424 2726 687 2793 posuerit,
721 2736 774 2781 et
798 2729 977 2783 eotibi
1006 2731 1079 2785 sit
1106 2748 1264 2799 opus,
1297 2733 1427 2788 illud
1467 2735 1570 2789 nisi
1600 2738 1750 2805 prius
1780 2738 2003 2793 fratrem

428 2819 728 2887 rogaveris,
760 2836 825 2875 ne
845 2824 1167 2893 eontingito.
1201 2824 1258 2878 Si
1296 2836 1345 2880 te
1371 2825 1551 2898 aliquo
1573 2830 2003 2898 proﬁciscentem

425 2911 662 2965 oraverit
711 2910 899 2982 frater,
946 2914 1048 2970 sibi
1109 2925 1168 2971 ttt
1225 2917 1427 2988 aliquid
1478 2936 1666 2987 emas,
1716 2921 1759 2975 si
1810 2923 1904 2976 tibi
1953 2923 2006 2977 id

426 3017 608 3058 emere
631 3014 804 3074 potes,
829 3021 948 3062 eme
979 3016 1032 3061 et
1066 3009 1162 3064 illi.
1197 3010 1291 3065 Sin
1328 3022 1506 3066 autem
1538 3027 1660 3067 cum
1697 3012 1816 3067 aliis
1848 3014 2003 3078 vivis,

2106 1898 2268 1968 pleat,
2307 1899 2400 1954 sed
2434 1900 2485 1953 in
2522 1914 2583 1953 ca
2619 1899 2864 1955 doctrina
2911 1916 3072 1971 quam
3114 1901 3167 1955 in
3208 1899 3449 1956 Ecclesia
3494 1911 3695 1956 sancta

2105 1992 2359 2057 didicisti,
2403 1993 2475 2046 ita
2510 1993 2763 2063 persiste,
2792 2003 2854 2048 ut
2909 1995 2956 2049 ei
2994 1993 3125 2048 nihil
3177 1994 3369 2058 addas,
3415 1993 3558 2047 nihil
3600 1994 3702 2048 de-

2107 2084 2309 2137 trahas.
2340 2084 2588 2138 Abhorre
2615 2100 2643 2137 a
2678 2084 2796 2140 falsi
2832 2086 3068 2142 nominis
3099 2086 3320 2142 scientia
3340 2126 3355 2152 ,
3380 2101 3502 2155 qua:
3532 2100 3698 2140 sana:

2105 2174 2384 2239 doctrinae,
2419 2185 2477 2230 ut
2506 2175 2681 2244 inquit
2703 2177 2990 2246 Apostolus
3026 2177 3092 2242 ”,
3134 2178 3466 2232 adversatur.
3511 2175 3575 2230 Si
3602 2176 3703 2245 ju-

2106 2267 2226 2319 nior
2249 2281 2308 2321 es
2337 2275 2390 2320 et
2420 2282 2616 2337 corpus
2654 2279 2800 2322 tuum
2831 2268 3068 2323 nondum
3104 2269 3156 2323 in
3186 2270 3501 2323 servitutem
3533 2268 3707 2323 rede-

2106 2356 2254 2427 gisti,
2290 2357 2446 2412 audis
2473 2368 2652 2412 autem
2692 2359 2919 2414 eximias
2951 2368 3162 2429 patrum
3196 2360 3442 2422 virtutes,
3469 2360 3540 2412 ad
3577 2359 3699 2413 illas

2107 2462 2175 2501 nc
2215 2446 2284 2500 ita
2320 2448 2638 2511 contendas,
2673 2460 2731 2503 ut
2759 2465 2853 2504 eas
2885 2462 2935 2504 te
2968 2450 3020 2503 in
3049 2450 3160 2504 otio
3194 2459 3250 2504 ct
3278 2450 3463 2519 quiete
3492 2465 3697 2504 conse-

2106 2539 2196 2608 qui
2226 2554 2385 2608 posse
2418 2542 2679 2596 conﬁdas.
2708 2541 2820 2595 Nisi
2846 2543 2988 2596 enim
3021 2542 3140 2597 illas
3169 2543 3423 2605 colueris,
3466 2559 3578 2597 non
3612 2559 3701 2597 as-

2106 2633 2372 2700 sequeris.
2417 2631 2570 2701 Quod
2625 2635 2666 2688 si
2713 2635 2967 2699 colueris,
3006 2644 3197 2704 sponte
3226 2637 3291 2695 ad
3337 2645 3390 2689 te
3423 2636 3561 2703 ipsa:
3610 2651 3701 2689 ve.

2108 2724 2277 2777 nient.

2184 2833 2294 2889 Vll.
2332 2836 2413 2888 Ab
2443 2836 2635 2891 inertia
2687 2838 2827 2906 fuge,
2869 2846 3126 2908 quantum
3170 2849 3348 2907 potes;
3397 2839 3517 2894 [nec
3553 2838 3715 2894 enim.

2108 2928 2358 2981 monachi
2390 2930 2619 2981 fructum
2652 2929 2932 2999 disperdit.
2972 2929 3026 2983 Si
3058 2944 3179 2983 cum
3209 2928 3373 2982 animi
3406 2931 3701 2998 perturba-

2113 3021 2345 3075 tionibus
2390 3030 2443 3074 et
2472 3020 2618 3074 vitiis
2657 3035 2900 3090 pugnas,
2941 3037 3005 3074 ne
3046 3019 3236 3086 deﬁce,
3275 3022 3368 3074 sed
3415 3032 3467 3073 te
3522 3021 3698 3088 ipsum

428 3093 482 3148 id
535 3105 732 3163 praeter
773 3112 959 3152 eorum
1009 3105 1333 3158 sententiam
1382 3119 1449 3159 ne
1491 3104 1682 3161 feceris
1705 3147 1719 3171 ,
1773 3122 1838 3160 ne
1884 3118 2003 3162 tuos
2033 3127 2077 3184 ο
2110 3123 2389 3183 prosterne
2418 3126 2600 3166 coram
2632 3112 2769 3168 Deo:
2796 3110 2911 3165 Non
2945 3126 3185 3182 possum,
3216 3113 3468 3180 inquiens
3496 3112 3551 3164 in
3586 3122 3703 3165 toto

427 3181 672 3240 offendas
712 3190 1147 3246 contubernales.
1194 3194 1249 3248 Si
1290 3209 1393 3263 qua
1426 3195 1751 3250 necessitate
1784 3208 2005 3252 coactus

430 3277 483 3329 in
513 3279 743 3345 patriant
787 3281 1168 3353 proﬁcisceris,
1202 3288 1415 3342 custodi
1451 3298 1501 3344 te
1531 3291 1598 3345 ab
1625 3291 1708 3347 bis
1747 3294 1836 3362 qui
1880 3310 2007 3348 san-

430 3369 592 3438 guine
622 3368 714 3424 tibi
739 3372 1017 3441 conjuncti
1052 3386 1199 3434 sunt.
1230 3393 1296 3431 nc
1325 3379 1547 3435 liberius
1575 3398 1694 3436 cum
1724 3384 1857 3452 ipsis
1887 3402 2007 3439 vcr-

430 3458 603 3525 seris,
655 3476 1030 3520 sermonemve
1071 3465 1338 3523 conferas.
1393 3469 1449 3525 Si
1500 3473 1627 3543 quid
1692 3476 1784 3530 tibi
1841 3477 2007 3532 frater

430 3550 885 3622 commodaverit,
916 3570 983 3610 ne
1019 3556 1142 3609 illud
1177 3559 1455 3632 negligas,
1483 3565 1576 3618 sed
1612 3564 1879 3637 integrum
1921 3585 2010 3624 ceu

432 3641 620 3698 leriter
659 3643 876 3701 reddas.
908 3644 964 3701 Si
1014 3649 1431 3708 instrumentum
1476 3664 1559 3710 est
1599 3656 1814 3727 aliquod
1857 3661 2006 3729 operi

433 3734 834 3802 necessarium,
908 3736 1073 3794 simul
1132 3755 1196 3795 ac
1243 3757 1379 3807 opus
1431 3744 1764 3813 confeceris,
1824 3750 2007 3805 redde.

430 3826 585 3894 Quod
632 3828 680 3883 si
721 3829 818 3884 abs
859 3840 912 3886 te
945 3830 1104 3886 fuerit
1135 3833 1479 3890 confractum
1529 3848 1623 3893 aut
1657 3848 2007 3911 corruptum,

437 3917 617 3982 reﬁce,
654 3929 748 3975 aut
776 3920 918 3976 aliud
947 3923 1139 3978 melius
1167 3927 1415 3984 restitue.
1447 3927 1505 3985 Si
1541 3930 1669 4001 quid
1697 3937 2009 3986 commoda-

431 4012 595 4076 veris,
643 4022 736 4067 aut
778 4024 966 4070 mutuo
995 4014 1208 4073 dederis
1249 4018 1403 4075 fratri
1440 4031 1531 4076 tuo
1571 4024 1825 4094 pauperi,
1868 4025 2010 4094 quod

432 4102 520 4159 ille
554 4114 787 4173 nequeat
844 4109 1102 4175 reddere,
1162 4127 1229 4166 ne
1281 4112 1487 4183 allligas
1536 4130 1695 4179 eum,
1750 4114 2012 4171 accrbcvc

431 4195 653 4269 exigas,
697 4212 792 4253 seu
822 4201 1082 4268 pecunia,
1118 4218 1210 4257 seu
1241 4205 1432 4271 vestis,
1460 4220 1554 4261 seu
1590 4207 1720 4276 quid
1750 4207 1891 4263 aliud
1918 4208 2010 4276 sit,

432 4287 573 4358 quod
599 4287 647 4342 ei
689 4288 909 4345 dedisti.

504 4376 592 4435 Vl.
637 4380 695 4436 Si
726 4382 958 4453 aliquem
1000 4386 1051 4439 in
1100 4383 1281 4441 locum
1310 4386 1375 4440 ad
1413 4385 1768 4443 habitandum
1802 4396 1852 4444 te
1881 4404 2011 4444 con-

2107 3207 2272 3261 corde
2306 3214 2417 3272 tuo,
2450 3222 2546 3276 per
2587 3222 2671 3260 me
2708 3207 2995 3273 resistere;
3025 3215 3079 3259 tu
3133 3205 3265 3258 mihi
3322 3204 3548 3269 misero,
3595 3204 3698 3257 Do-

2109 3297 2275 3362 mine,
2306 3296 2385 3351 fer
2414 3297 2668 3351 auxilium
2695 3315 2709 3351 :
2759 3306 2814 3352 et
2852 3296 3157 3366 superabis.
3191 3293 3249 3349 Si
3284 3295 3380 3350 tibi
3411 3295 3467 3349 in
3498 3295 3717 3349 cellula

2109 3388 2464 3442 commoranti
2496 3390 2702 3444 semina
2736 3389 3082 3460 turpitudinis
3119 3388 3179 3444 in
3204 3389 3366 3443 corde
3388 3398 3474 3442 tuo
3501 3403 3698 3455 sparsa

2112 3480 2330 3544 fu‘erint,
2360 3481 2488 3536 totis
2511 3482 2719 3538 viribus
2750 3482 3042 3547 contende,
3072 3496 3142 3538 ne
3168 3480 3498 3546 coalescant,
3532 3490 3699 3550 atque

2110 3572 2376 3642 imperent
2425 3573 2544 3628 tibi.
2605 3574 2899 3657 Considera
2960 3573 3127 3628 Deum
3178 3586 3298 3627 esse
3346 3582 3697 3641 praesentem.

2111 3666 2262 3734 Cujus
2296 3666 2465 3720 oculis
2503 3676 2721 3735 pateant
2749 3680 2810 3720 ea
2846 3680 2967 3734 quae
3023 3669 3073 3719 in
3113 3665 3278 3719 corde
3301 3662 3566 3732 loqueris.
3613 3661 3701 3716 Sic

2113 3756 2276 3827 igitur
2306 3757 2542 3811 animam
2583 3768 2725 3811 tuam
2766 3756 3041 3828 alloquere
3077 3773 3090 3809 :
3132 3758 3190 3810 Si
3219 3757 3294 3810 tui
3336 3756 3548 3810 similes
3579 3771 3700 3809 eru-

2114 3847 2291 3903 bescis
2322 3856 2659 3917 peceatores,
2690 3848 2997 3918 metuisque
3023 3863 3087 3903 ne
3112 3848 3331 3902 videant
3354 3845 3558 3918 ﬂagitia
3590 3858 3698 3908 tua,

2112 3948 2313 4008 quanto
2357 3939 2527 4009 magis
2559 3938 2727 3994 Deum
2763 3939 2943 3993 vereri
2974 3940 3160 4005 debes,
3202 3939 3289 3994 cui
3341 3948 3470 3993 sunt
3516 3939 3698 3991 omnia

2114 4031 2437 4086 manifesta?
2493 4031 2571 4086 Ex
2635 4033 2736 4089 hac
2786 4032 3221 4087 consideratione
3279 4031 3443 4084 timor
3494 4028 3591 4084 Dei
3651 4030 3698 4082 in

2112 4124 2288 4177 anima
2324 4124 2627 4190 excitatur;
2657 4124 2740 4179 cui
2786 4125 2830 4179 si
2864 4123 3143 4187 innitaris,
3188 4121 3450 4176 adversus
3484 4131 3699 4191 pertur-

2112 4214 2359 4269 bationes
2382 4214 2676 4269 immobilis
2704 4215 3070 4285 permanebis.
3099 4212 3374 4283 Scriptum
3406 4221 3492 4267 est
3512 4210 3656 4266 enim
3680 4228 3696 4266 ;

2115 4301 2219 4369 Qui
2268 4303 2620 4373 conﬁduntin
2674 4304 2926 4369 Domino,
2970 4303 3108 4358 sicut
3151 4320 3298 4357 mons
3348 4301 3481 4358 Sion
3528 4319 3550 4358 :
3599 4318 3697 4356 non

2113 4393 2516 4448 commovebitur
2552 4395 2606 4449 in
2645 4402 2928 4465 a’ternum,
2965 4396 3055 4465 qui
3098 4394 3301 4447 habitat
3336 4393 3390 4446 in
3435 4391 3698 4447 Hierusa-

434 4471 642 4539 tulcris,
676 4484 729 4528 et
754 4475 947 4529 cellam
982 4479 1278 4547 acceperis,
1311 4486 1366 4534 et
1389 4480 1707 4535 aediﬁcando
1732 4490 2003 4552 sumptum
2041 4467 2083 4522 D
2114 4488 2213 4542 lem
2235 4487 2303 4543 “.
2340 4488 2398 4543 Si
2446 4488 2498 4542 in
2531 4486 2921 4544 exercitatione
2945 4488 3018 4541 ita
3058 4486 3268 4541 resistis
3290 4485 3598 4553 tentationi,
3645 4496 3701 4540 ut

431 4559 648 4625 feceris,
684 4576 913 4633 eamque
957 4575 1143 4636 postea
1188 4567 1502 4639 reliqueris,
1546 4578 1599 4625 et
1637 4581 1761 4642 post
1791 4572 2008 4643 aliquod

434 4663 645 4724 tempus
679 4666 959 4714 revertens
992 4658 1045 4714 in
1079 4674 1142 4715 ea
1176 4658 1394 4715 fratrem
1429 4660 1760 4717 habitantem
1794 4664 2011 4721 invene-

432 4743 529 4811 ris,
564 4761 630 4802 ne
665 4748 902 4818 cxpellas
937 4765 1087 4815 eum,
1113 4752 1208 4808 sed
1235 4752 1396 4807 aliaat
1434 4754 1528 4808 tibi
1558 4755 1748 4811 cellam
1775 4771 2010 4827 quaeras,

433 4852 501 4893 ne
529 4839 581 4894 in
613 4841 777 4896 Deum
821 4857 1033 4912 pecces.
1063 4843 1215 4913 Quod
1251 4847 1295 4901 si
1333 4857 1524 4917 sponte
1554 4864 1646 4903 sua
1680 4849 1810 4905 velit
1838 4850 2014 4905 disce-

433 4933 579 4994 dere.
618 4932 878 4990 innocens
908 4937 1039 4992 eris.
1091 4937 1221 5005 Qua!
1250 4949 1427 4994 autem
1479 4940 1530 4994 in
1576 4940 1712 4996 cella
1740 4951 1849 5006 _tua
1885 4941 2014 4996 reli-

432 5023 616 5089 quisti,
660 5025 704 5079 si
748 5026 887 5081 torte
916 5026 983 5081 ab
1015 5042 1078 5084 eo
1105 5039 1423 5101 consumpta
1456 5042 1615 5100 sunt,
1648 5049 1715 5088 ne
1744 5024 2039 5103 requiras.

433 5111 488 5167 Si
533 5129 561 5167 a
597 5112 728 5169 cella
765 5124 852 5170 tua
887 5118 1243 5187 migraveris,
1276 5138 1396 5193 qua:
1428 5126 1482 5178 in
1514 5138 1577 5180 ea
1609 5133 1735 5180 sunt
1768 5127 1888 5181 usui
1922 5141 2013 5182 ne-

432 5208 694 5271 cessaria,
741 5224 809 5264 ne
854 5218 1031 5266 tecum
1085 5206 1390 5283 e‘xportato,
1441 5216 1535 5271 sed
1592 5214 1741 5270 fratri
1790 5217 2013 5287 pauperi

436 5296 756 5367 relinquito;
787 5312 842 5357 et
869 5302 1011 5358 Deus
1042 5304 1136 5359 tibi
1170 5306 1476 5376 ubicunque
1522 5307 1742 5377 vixeris,
1775 5310 2014 5378 provide-

437 5384 536 5438 hit.
573 5386 938 5459 Cogitationes
978 5411 1097 5467 qua:
1133 5406 1182 5452 te
1223 5407 1553 5468 oppugnant,
1588 5415 1776 5455 omnes
1818 5401 2013 5454 seniori

438 5476 748 5549 patefacere
778 5500 846 5539 ne
876 5489 1167 5543 erubescas
1189 5528 1204 5553 ,
1235 5490 1280 5545 si
1321 5490 1402 5545 vis
1447 5490 1735 5547 levationis
1763 5492 2014 5549 solatium

420 5563 713 5660 “invenire:
756 5574 1027 5632 daemones
1081 5579 1224 5634 enim
1271 5593 1374 5635 non
1405 5580 1505 5637 nisi
1540 5596 1606 5637 ex
1664 5583 1882 5641 bomiue
1925 5585 2018 5655 qui

512 5729 555 5764 ⁸³
586 5728 604 5785 l
636 5729 775 5787 Tim.
819 5747 894 5800 vt,
934 5731 1035 5801 20;
1087 5750 1126 5800 ι,
1170 5735 1251 5789 l0.
1333 5737 1374 5768 ἰ
1413 5734 1553 5794 Psal.
1580 5754 1759 5805 caxtv,
1802 5740 1851 5807 l,
1894 5741 1947 5794 2.

2116 4575 2291 4648 frangi
2339 4577 2721 4648 debilitarique
2779 4575 3026 4631 videatur
3090 4592 3153 4631 ac
3214 4576 3582 4636 retrocedere,
3628 4590 3699 4628 ne

2118 4667 2411 4737 triumphet
2442 4682 2538 4721 cor
2568 4676 2741 4734 tuum,
2775 4676 2868 4721 aut
2897 4666 3217 4734 extollatun;
3256 4668 3516 4722 dzrmones
3544 4664 3697 4717 enim

2117 4757 2383 4828 fugientes
2415 4758 2637 4814 insidias
2666 4767 2904 4827 struunt,
2935 4769 2988 4813 et
3021 4759 3263 4829 praelium
3292 4757 3455 4830 priori
3486 4757 3700 4827 pericu-

2117 4846 2285 4903 losius
2314 4859 2534 4920 parant,
2571 4860 2695 4920 post
2734 4851 3006 4906 civitatem
3043 4852 3230 4920 copias
3274 4850 3328 4905 in
3379 4849 3602 4908 insidiis.
3628 4850 3699 4901 lo-

2116 4949 2259 5007 cant,
2284 4942 2614 5013 jubentque,
2650 4957 2717 4997 ne
2748 4942 3031 5012 prodeant,
3066 4942 3168 4997 nisi
3208 4956 3329 4997 cum
3364 4955 3462 4995 eos
3494 4939 3694 5009 fugien-

2119 5041 2199 5090 tes
2237 5048 2332 5089 cor
2361 5043 2506 5088 tuum
2540 5022 2873 5105 persequens
2901 5033 3228 5100 insolescat;
3261 5040 3371 5087 tum
3407 5045 3537 5085 vero
3572 5044 3695 5082 con-

2116 5136 2358 5198 surgant,
2393 5135 2453 5183 ut
2481 5128 2667 5183 anima
2702 5127 2887 5184 infelix
2928 5130 3300 5184 circumventa
3332 5126 3535 5181 nullum
3576 5138 3694 5193 per-

2118 5219 2320 5292 fugium
2350 5219 2568 5275 habeat.
2606 5218 2918 5290 Perfugium
2951 5219 3117 5291 igitur
3147 5228 3202 5274 et
3232 5214 3692 5289 propugnaculum

2124 5321 2270 5366 tuum
2307 5312 2398 5379 sit,
2448 5322 2507 5367 ut
2554 5313 2607 5368 in
2649 5320 2762 5368 toto
2810 5312 2973 5368 corde
3008 5323 3100 5367 tuo
3147 5310 3376 5382 supplex
3422 5309 3489 5362 ad
3537 5306 3697 5360 Deum

2125 5404 2389 5467 aecedas,
2423 5413 2480 5458 et
2508 5418 2665 5473 opem
2694 5401 2812 5473 ejus
2845 5401 3102 5472 implores
3123 5442 3139 5468 ,
3174 5410 3230 5455 et
3270 5396 3521 5453 liberabit
3553 5404 3605 5450 te
3635 5405 3697 5444 ex

2124 5498 2376 5552 omnibus
2423 5495 2917 5568 impugnationibus
2947 5494 3173 5549 inimici.
3212 5491 3268 5546 Si
3299 5491 3469 5546 Deum
3514 5500 3696 5559 precu-

2131 5588 2205 5642 ris
2235 5598 2289 5643 ut
2328 5597 2379 5643 te
2409 5588 2601 5643 liberet
2640 5604 2668 5641 a
2708 5585 3034 5653 tcntatione,
3065 5596 3120 5642 et
3157 5599 3261 5641 non
3294 5580 3604 5644 cxaudiris,
3633 5587 3697 5630 ιιι
