3968 6210
326 327 463 399 rm

1395 327 1461 384 S.
1495 328 1697 385 ISAiAI
1738 325 2034 384 ABBATIS
2070 324 2476 383 ORATIONES.

3356 360 3369 369 ι
3448 326 3586 384 1138

324 448 660 517 ἀνθρωπικῶς
706 444 942 499 animum
964 463 988 510 ;.
1017 447 1163 501 novit
1213 448 1357 500 enim
1393 448 1566 519 magis
1609 464 1772 518 quam
1827 456 1904 509 ttt,
1936 449 1984 507 Α
2016 445 2249 499 Eunmor
2279 446 2466 514 ﬂurios
2491 442 2763 507 Cltuzant;
2790 454 2837 497 et
2872 454 2992 496 sunt
3025 442 3132 495 illic
3164 458 3324 512 usque
3357 449 3423 496 nd
3453 462 3588 511 pit.»-

324 539 451 609 quid
481 534 735 604 expediat
762 535 878 591 tibi.
910 534 989 591 Ne
1021 537 1224 592 dixeris
1266 538 1429 610 igitur
1458 556 1474 595 :
1505 540 1617 595 Hoc
1653 538 1785 594 mihi
1818 534 1907 602 da,

326 640 417 685 aut
440 629 597 684 aufer
623 626 756 682 illud
791 642 829 681 ι
861 641 981 693 me;
1014 627 1118 683 sed
1146 627 1223 682 ita
1247 643 1471 697 precare
1493 645 1513 684 :
1539 630 1760 684 Domine
1784 627 1910 684 Jesu

327 719 561 783 Christe,
591 717 784 788 adjuva
823 733 950 783 me;
990 733 1057 773 ne
1092 720 1241 774 siuas
1269 735 1355 774 me
1383 735 1613 789 peccare
1654 723 1911 775 adversus

330 820 402 867 te.
434 812 476 865 A
521 820 668 866 recta
703 810 792 865 via
839 807 1053 873 deﬁesi.
1096 825 1165 866 ne
1193 810 1472 880 permittas
1511 827 1599 867 me
1627 812 1778 882 sequi
1818 827 1915 866 vo-

332 901 589 955 luntatem
620 916 835 967 meam;
882 916 951 956 ne
994 902 1221 971 patiaris
1250 917 1336 958 me
1374 902 1553 972 perire
1594 903 1647 957 in
1682 903 1917 973 peccatis

335 992 500 1058 meis;
549 992 810 1047 miserere
857 1005 1146 1056 creatus-1e,
1206 1008 1278 1048 ne
1323 993 1594 1062 despicias
1627 1008 1747 1062 me,
1788 994 1915 1063 quia

319 1083 580 1151 inﬁrmus
614 1098 775 1151 sum;
807 1098 874 1140 ne
926 1084 1270 1155 derelinquas
1305 1100 1411 1150 me,
1450 1088 1701 1155 quoniam
1747 1088 1816 1138 ad
1867 1095 1917 1138 te

333 1172 543 1242 confugi
577 1172 620 1204 ¹⁸
653 1190 669 1227 :
702 1173 906 1228 medere
934 1174 1127 1227 animo
1161 1191 1311 1237 metu,
1343 1177 1466 1244 quia
1491 1175 1697 1243 peccavi
1732 1175 1823 1227 tibi
1849 1173 1914 1227 ".

334 1260 401 1315 In
440 1274 715 1333 conspectu
761 1275 856 1318 tuo
878 1276 998 1317 sunt
1028 1279 1205 1320 omnes
1242 1267 1333 1336 qui
1365 1265 1614 1318 tribulam
1649 1278 1728 1319 me
1755 1264 1817 1317 ”.
1851 1265 1920 1319 Et

337 1368 442 1407 non
478 1365 555 1408 est
588 1355 655 1408 ad
693 1370 852 1423 quem
883 1354 1233 1425 confugiam,
1272 1356 1377 1411 nisi
1418 1359 1484 1409 ad
1530 1365 1621 1420 te,
1670 1356 1916 1411 Domine.

339 1443 496 1499 Salva
517 1460 625 1509 me,
653 1460 863 1516 qmeso,
898 1446 1147 1512 Domine,
1176 1462 1273 1516 per
1294 1447 1720 1502 misericordiam
1750 1458 1917 1504 tuam.

339 1536 750 1607 Confuudantur
793 1556 971 1594 omnes
1013 1549 1067 1595 et
1109 1542 1456 1601 erubescant.
1491 1541 1583 1609 qui
1633 1540 1922 1608 insurgunt

342 1625 604 1682 adversus
622 1640 732 1694 me,
757 1629 848 1697 qui
877 1631 1585 1699 queruntnuimam'meam,
1615 1637 1673 1682 ut
1698 1630 1918 1697 perdunt

340 1714 492 1770 illam
522 1716 587 1770 “.
622 1716 725 1782 Tu,
775 1716 1027 1782 Domine,
1071 1728 1226 1788 potes
1266 1719 1482 1785 omnia,
1518 1727 1571 1773 et
1610 1733 1704 1788 per
1747 1728 1801 1772 te
1840 1725 1923 1771 est

2010 545 2204 590 sentem
2235 537 2393 589 diem.
2443 531 2590 587 Tunc
2634 534 2776 586 misit
2817 534 3154 601 Assyriorum
3200 548 3291 587 rex
3318 549 3347 587 c
3382 534 3589 603 populis

2011 627 2143 691 suis,
2186 625 2274 695 qui
2299 624 2553 676 habitaret
2578 622 2637 676 in
2658 633 2798 675 terra
2838 618 3038 683 Israel,
3063 632 3108 674 et
3132 637 3285 675 suum
3314 623 3413 675 sibi
3439 624 3586 691 quis-

2010 731 2109 786 que
2141 713 2379 783 sculptile
2416 712 2674 780 confecit,
2716 721 2764 765 et
2798 712 3032 764 adoravit
3064 712 3196 764 illud
3216 752 3232 777 ,
3256 723 3307 765 et
3333 728 3448 767 ecce
3482 713 3591 767 illic

2011 815 2134 861 sunt
2177 821 2338 875 usque
2390 804 2460 857 ad
2490 802 2818 857 hodiernum
2872 803 3011 856 diem
3041 803 3108 855 “.
3158 803 3281 858 iitec
3334 804 3593 874 Ephraim

2014 896 2374 964 contigerunt,
2414 897 2539 965 quia
2571 894 2844 964 oppressit
2889 896 3258 950 adversarium
3298 911 3453 951 suum
3475 937 3492 964 ,
3524 909 3579 953 et

2010 986 2274 1057 judicium
2315 987 2676 1042 conculcavil.

2089 1077 2179 1133 1x.
2212 1080 2597 1142 Considerate,
2638 1077 2983 1143 citatissimi,
3042 1078 3171 1147 quid
3221 1079 3300 1134 eis
3332 1079 3593 1134 acciderit

2017 1172 2112 1240 qni
2138 1171 2505 1226 voluntatibus
2535 1171 2648 1226 suis
2678 1171 2833 1224 malis
2859 1169 3218 1233 indulserunt,
3242 1180 3295 1225 et
3321 1171 3593 1241 propriam

2020 1262 2408 1317 conscientiam
2448 1261 2856 1316 conculcarunt.
2888 1259 2968 1313 Ne
3011 1260 3327 1314 teumlemur
3364 1276 3479 1325 eos,
3510 1262 3597 1314 tli-

2021 1351 2325 1419 lectissimi,
2361 1352 2456 1407 sed
2486 1366 2677 1406 omnes
2708 1350 2887 1418 potius
2922 1360 3141 1405 sanctos
3172 1349 3466 1415 imitemur,
3504 1353 3601 1421 qui

2020 1446 2086 1500 ad
2128 1454 2354 1500 mortem
2393 1460 2560 1513 usque
2588 1456 2808 1514 peccato
2844 1459 2948 1497 non
2985 1444 3467 1513 obtemperatum,
3501 1446 3596 1498 sed

2022 1526 2223 1589 saucia:
2248 1549 2363 1589 sum
2385 1534 2730 1589 conscientiae
2757 1542 3073 1604 paruerunt,
3100 1544 3151 1588 el
3179 1535 3333 1603 regni
3357 1536 3604 1590 caelestis

2025 1624 2394 1678 [nereditatem
2483 1633 2828 1693 acceperunt.
2891 1623 3093 1678 Eorum
3154 1625 3298 1679 enim
3367 1625 3603 1695 quisque

2024 1725 2182 1770 :etate
2213 1729 2311 1769 sua
2341 1714 2611 1784 perlectus
2644 1714 2744 1768 fuit
2774 1716 3065 1770 charitate.
3096 1714 3162 1770 Et
3201 1716 3419 1770 nomina
3455 1717 3601 1784 ipso-

341 1806 509 1877 gloria
553 1807 664 1862 Deo
705 1816 759 1863 et
800 1807 970 1876 Patri,
1006 1785 1088 1865 eti
1115 1811 1339 1882 spiritui
1392 1820 1580 1866 sancto
1612 1785 1681 1865 in
1722 1810 1919 1865 menta
1953 1785 1994 1838 Β
2025 1820 2141 1858 rum
2185 1803 2330 1859 nulla
2375 1821 2611 1875 unquam
2645 1806 2845 1862 delebit
2873 1807 3097 1863 oblivio.
3133 1805 3383 1876 Figuram
3413 1807 3601 1862 dilecti

343 1896 685 1954 saeculorum.
739 1899 934 1955 Amen.
968 1899 1121 1957 Tunc
1159 1903 1492 1957 conscientia
1533 1910 1622 1957 tua
1656 1899 1792 1955 clam
1842 1900 1921 1952 lo-

340 1994 539 2058 quetur
569 1990 621 2044 in
650 1990 813 2045 corde
846 2002 960 2054 tuo,
988 2000 1043 2046 et
1062 2007 1284 2047 causam
1320 1992 1547 2062 aperiet,
1569 1990 1918 2062 quamobrem

345 2088 399 2133 te
434 2094 538 2133 non
586 2082 841 2134 exaudiat
886 2082 1043 2136 Deus.
1082 2081 1254 2136 Tuum
1291 2083 1455 2152 igitur
1495 2082 1604 2150 jam
1643 2081 1748 2136 erit
1776 2079 1922 2152 quod

343 2167 433 2223 illa
465 2169 691 2233 dixerit,
721 2170 772 2225 id
804 2186 926 2225 non-
952 2170 1243 2243 negligere,
1270 2172 1366 2227 sed
1409 2172 1588 2227 lacere
1614 2172 1918 2243 diligenter.

344 2255 488 2314 Fieri
520 2260 663 2314 enim
696 2276 801 2315 non
835 2270 1016 2330 potest
1039 2302 1055 2325 ,
1105 2263 1157 2317 si
1197 2264 1364 2317 Deum
1393 2263 1555 2318 homo
1591 2263 1761 2326 audit,
1791 2262 1924 2326 quin

351 2350 491 2405 Deus
525 2350 797 2406 hominem
831 2355 1110 2409 exaudiat.
1140 2353 1329 2422 Neque
1354 2355 1496 2409 enim
1530 2362 1613 2408 est
1643 2351 1825 2421 procul
1854 2352 1922 2405 ab

352 2439 590 2493 homine.
632 2440 738 2495 Sed
784 2442 1089 2501 voluntates
1132 2453 1332 2499 nostra:
1381 2443 1430 2498 ei
1481 2443 1769 2497 contraria;
1811 2458 1920 2498 non

353 2531 671 2598 permittunt
714 2539 772 2584 ut
815 2532 904 2585 ille
953 2549 1047 2586 nos
1093 2534 1295 2587 audiat.
1337 2533 1506 2589 Nemo
1568 2543 1619 2587 te
1660 2533 1914 2601 decipiat.

352 2618 813 2687 Quemadmodum
841 2623 984 2678 enim
1012 2625 1129 2678 sine
1151 2625 1355 2679 semine
1373 2633 1426 2678 et
1449 2639 1583 2692 aqua
1612 2639 1715 2677 non
1751 2631 1926 2691 potest

352 2723 481 2777 ager
507 2724 573 2763 ex
613 2724 671 2763 se
702 2708 934 2765 fructum
970 2711 1110 2766 ferre
1138 2729 1154 2768 :
1187 2713 1267 2766 sic
1293 2712 1453 2765 homo
1480 2713 1596 2765 sine
1638 2709 1925 2765 :tﬁlictione

350 2807 511 2866 atque
535 2798 837 2854 humilitate
869 2800 1009 2854 ferre
1041 2800 1270 2855 fructum
1304 2802 1602 2857 non‘vitlet.

426 2885 558 2941 Vill.
593 2887 648 2941 In
687 2888 778 2942 Dei
834 2889 1063 2957 timore,
1114 2890 1311 2946 fratres
1342 2891 1669 2957 charissimi,
1699 2906 1923 2946 manca—

350 2996 495 3049 Inus,
532 2990 586 3036 et
628 2981 858 3037 virtutes
887 2984 1192 3041 excoleutes
1222 2985 1425 3040 nullum
1451 2986 1794 3043 conscientiae
1832 3000 1926 3038 no-

351 3084 478 3129 sua:
527 3073 908 3129 oﬂ'endiculum
952 3078 1333 3147 praebeamus,
1356 3079 1451 3133 sed
1495 3078 1765 3133 nobismet
1798 3077 1926 3147 ipsis

353 3165 697 3218 attendamus
724 3163 776 3217 in
811 3164 1004 3218 timore
1028 3165 1141 3230 Dei,
1162 3167 1337 3220 donec
1365 3165 1478 3233 ipsa
1506 3179 1719 3233 quoque
1744 3163 1923 3217 nobis-

355 3271 476 3310 eum
516 3256 685 3310 libera
729 3255 832 3320 sit,
862 3266 1022 3325 atque
1047 3255 1120 3309 ita
1144 3254 1428 3323 conjuncta
1453 3293 1470 3320 ,
1505 3266 1564 3311 ut
1594 3256 1748 3310 nobis
1776 3255 1931 3309 dein-

355 3360 483 3414 ceps
529 3360 712 3401 custos
759 3346 851 3412 sit,
898 3348 1255 3417 ostendatque
1303 3364 1332 3403 a
1383 3348 1580 3418 quibus
1622 3361 1927 3402 caveamus.

358 3436 509 3505 Quod
546 3439 592 3493 si
631 3437 681 3493 ei
719 3454 911 3508 parere
945 3430 1303 3505 uoluerimus,
1342 3455 1444 3495 nos
1489 3439 1833 3511 derelinquet
1867 3453 1931 3493 ac

359 3531 601 3597 deseret,
634 3540 687 3585 et
720 3531 1019 3586 incidemus
1048 3530 1101 3584 in
1135 3545 1326 3585 manus
1354 3532 1690 3586 inimicorum
1726 3541 1934 3586 nostro-

360 3637 511 3687 rum,
542 3620 629 3691 qui
661 3621 829 3675 nostri
863 3631 1046 3688 postea
1108 3636 1212 3675 non
1271 3621 1702 3685 miserebuntur,
1743 3636 1935 3689 quem-

360 3713 642 3768 admodum
703 3711 883 3766 docuit
928 3726 1028 3765 nos
1101 3710 1410 3763 Dominus:
1453 3708 1602 3771 Esto,
1660 3710 1931 3773 inquiens,

360 3821 479 3860 cum
517 3805 821 3859 adversario
866 3814 954 3856 tuo
997 3802 1346 3866 consentiens,
1378 3802 1504 3854 dum
1533 3817 1586 3855 es
1619 3801 1672 3854 in
1702 3801 1783 3854 via
1814 3816 1930 3854 cum

359 3915 454 3964 eo,
482 3913 544 3952 ne
584 3897 717 3967 forte
751 3895 927 3950 tradat
972 3906 1019 3948 te
1073 3895 1406 3949 adversarius
1438 3893 1644 3963 judici,
1677 3902 1724 3945 et
1767 3892 1936 3961 judea:

359 3990 549 4045 tradat.
565 3998 611 4043 te
633 3988 891 4050 ministro,
917 3996 965 4041 et
989 3987 1045 4040 in
1075 4001 1334 4038 carcerem
1360 3984 1606 4038 mittaris.
1629 3983 1793 4036 Amen
1818 3982 1935 4036 dico

362 4081 478 4146 tibi,
516 4097 619 4134 non
648 4078 812 4132 exibis
841 4078 982 4142 inde,
1014 4078 1178 4130 donec
1214 4076 1402 4129 reddas
1438 4075 1772 4128 novissimum
1804 4090 1936 4145 qua-

361 4172 600 4226 drantem
628 4169 695 4223 ".
721 4168 1045 4222 Adversaria
1076 4167 1274 4221 dicitur
1300 4166 1651 4230 conscientia,
1682 4167 1933 4237 quoniam

363 4259 833 4332 homiuicupienti
866 4259 1043 4313 facere
1072 4259 1252 4313 carnis
1281 4258 1608 4312 voluntatem
1632 4297 1647 4322 ,
1681 4261 1936 4313 adversa-

367 4362 475 4410 tur.
506 4353 634 4422 Qua:
657 4351 873 4422 quidem
897 4351 1235 4415 adversaria,
1267 4351 1368 4405 nisi
1402 4365 1522 4404 cum
1545 4364 1606 4404 ea
1632 4351 1793 4404 homo
1815 4365 1938 4404 con-

2025 1894 2189 1948 .IaCob
2221 1893 2586 1964 suscipiamus
2609 1934 2626 1959 ,
2669 1895 2759 1965 qui
2810 1898 3125 1965 parentibus
3155 1897 3270 1950 suis
3301 1897 3598 1951 secundum

2029 1986 2190 2039 Deum
2205 1985 2518 2039 iri-omnibus
2538 1985 2795 2041 ebedivit.
2815 1987 2937 2054 Qui,
2960 1996 3179 2056 accepta
3201 1987 3607 2051 benedictione,

2026 2079 2193 2131 voluit
2222 2077 2278 2131 in
2311 2077 2750 2145 Mesopotamiam
2788 2080 3078 2147 proﬁcisci,
3110 2088 3167 2133 ut
3195 2079 3298 2134 sibi
3329 2079 3465 2133 ﬁlios
3492 2079 3602 2134 illic

2033 2177 2367 2237 procrearet.
2426 2167 2613 2238 Neque
2669 2170 2811 2224 enim
2871 2170 3009 2224 ﬁlios
3055 2170 3276 2240 gignere
3322 2168 3491 2224 voluit
3533 2185 3602 2224 ex

2031 2260 2240 2315 ﬁliabus
2284 2259 2761 2325 Chananazornm,
2814 2263 2908 2331 qui
2958 2277 3079 2317 cum
3128 2262 3441 2333 parentibus
3490 2261 3613 2317 suis

2029 2351 2440 2406 contenderant.
2489 2351 2640 2406 Tunc
2670 2362 2920 2421 suscepto
2957 2351 3147 2406 baculo
3189 2362 3243 2405 et
3288 2350 3392 2407 olei
3442 2350 3603 2406 leuti-

2028 2441 2172 2505 cula,
2200 2441 2345 2495 venit
2375 2440 2428 2493 in
2463 2437 2635 2493 locum
2668 2440 2878 2504 Bclhel,
2910 2443 3050 2510 quod
3084 2441 3352 2511 signiﬁcat
3390 2442 3607 2495 domum

2032 2531 2145 2595 Dei,
2185 2540 2238 2585 et
2266 2531 2334 2585 ibi
2366 2531 2635 2589 dormivit.
2668 2531 2904 2603 viditque
2930 2542 3089 2588 noctu
3118 2532 3412 2588 secundum
3448 2532 3605 2601 quie-

2031 2635 2134 2679 tem
2167 2623 2388 2691 ﬁguram
2425 2623 2583 2678 scalae
2611 2624 2676 2678 de
2705 2624 2843 2679 cmlo
2889 2625 2941 2679 in
2970 2634 3170 2679 terram
3200 2639 3370 2693 usque
3398 2623 3596 2693 pertin-

2031 2717 2239 2786 gentis,
2270 2725 2323 2769 et
2363 2717 2579 2784 angelos
2613 2715 2703 2770 Dei
2739 2729 2836 2785 per
2876 2731 2993 2771 eam
3027 2715 3385 2771 ascendentes
3412 2731 3477 2770 ac
3511 2715 3603 2783 de-

2032 2808 2387 2872 scendentes;
2423 2807 2678 2861 Dominus
2710 2816 2886 2862 autem
2916 2815 2971 2861 et
2992 2807 3152 2862 scalae
3180 2807 3507 2861 innitebatur
3536 2806 3607 2860 η.

2035 2895 2157 2950 lia‘c
2180 2896 2346 2964 ﬁgura
2372 2896 2708 2950 demonstrat
2751 2897 2824 2951 illi
2850 2897 2940 2967 qui
2967 2897 3072 2952 Deo
3103 2897 3291 2966 incipit
3321 2897 3608 2960 inservire,

2034 2987 2088 3042 in
2144 2987 2411 3058 principio
2465 2989 2681 3057 quidem
2732 2990 2993 3044 virtutum
3042 2990 3275 3058 speciem
3318 3003 3605 3057 apparere,

2036 3094 2169 3148 quas
2201 3080 2302 3133 nisi
2332 3079 2618 3147 diligenter
2650 3081 2969 3146 excoluerit,
3002 3081 3069 3134 ad
3101 3081 3265 3136 Deum
3311 3096 3416 3134 nun
3451 3090 3607 3148 pote-

2037 3171 2106 3225 rit
2128 3171 2430 3240 pervenire.
2466 3172 2712 3227 Surrexit
2759 3181 2937 3226 autem
2968 3171 3155 3237 Jacob,
3196 3182 3249 3227 et
3282 3172 3454 3227 lmdus
3484 3187 3607 3227 cum

2038 3261 2144 3315 Deo
2180 3261 2485 3327 percussit,
2522 3269 2579 3314 nt
2608 3271 2751 3317 esset
2778 3277 2972 3318 servus
2997 3261 3143 3330 ejus,
3181 3273 3235 3316 ct
3268 3261 3612 3318 conﬁrmavit

2033 3369 2154 3406 cum
2203 3352 2371 3417 Deus,
2404 3353 2540 3424 Ego,
2585 3354 2854 3422 inquiens,
2899 3370 2986 3408 ero
3037 3363 3203 3406 tecum
3249 3360 3298 3406 et
3349 3361 3398 3407 te
3432 3360 3611 3405 custo-

2033 3446 2174 3499 diam
2205 3445 2271 3500 ²³.
2309 3444 2462 3500 Tunc
2497 3446 2550 3499 in
2604 3444 3049 3515 Mesopotamiam
3097 3444 3407 3515 prolectus,
3438 3453 3495 3496 ut
3537 3441 3608 3496 ibi

2034 3553 2256 3591 uxorem
2290 3536 2538 3604 duceret,
2562 3553 2683 3592 cum
2713 3537 2911 3592 Rachel
2934 3537 3156 3591 vidisset
3179 3536 3339 3590 ﬁliam
3362 3534 3610 3589 avunculi

2035 3629 2138 3689 sui,
2164 3628 2352 3681 dilexit
2380 3643 2524 3691 eam,
2549 3638 2602 3681 ct
2624 3638 2829 3696 septem
2864 3643 3033 3682 annos
3055 3627 3279 3681 servivit
3306 3637 3521 3694 propter
3550 3626 3614 3678 il-

2035 3716 2163 3769 lam.
2195 3718 2523 3785 Quanquam
2544 3733 2648 3771 non
2690 3718 2841 3785 prius
2874 3717 2921 3770 ei
2955 3716 3079 3769 data
3114 3715 3234 3780 fuit,
3264 3730 3425 3783 quam
3460 3713 3611 3768 Liatn

2040 3822 2265 3861 uxorem
2315 3809 2604 3876 acciperet.
2638 3808 2703 3862 Et
2740 3807 2940 3862 Rachel
2965 3814 3080 3860 erat
3107 3807 3327 3861 sterilis.
3373 3805 3617 3875 Mesopo-

2039 3899 2204 3953 tamia
2248 3912 2441 3953 nomen
2471 3914 2534 3953 ex
2571 3913 2636 3952 eo
2667 3900 2862 3953 sortita
2896 3907 3000 3964 est,
3028 3898 3171 3967 quod
3204 3897 3275 3952 sit
3310 3897 3449 3951 inter
3478 3897 3619 3953 duos

2036 3989 2227 4045 ﬂuvios
2277 3988 2407 4055 sita,
2464 4003 2654 4058 nempe
2709 3989 2852 4044 inter
2901 3988 3102 4060 Tigrim
3142 3999 3197 4043 et
3254 3988 3615 4057 Euphratem.

2036 4082 2194 4137 Prior
2235 4080 2435 4135 labitur
2480 4095 2511 4135 e
2560 4079 2778 4149 regione
2819 4080 3193 4151 Assyriorum,
3222 4077 3358 4133 alter
3402 4077 3621 4132 initium

2043 4190 2148 4228 non
2183 4174 2370 4239 habet,
2405 4172 2498 4226 sed
2547 4172 2746 4226 dicitur
2786 4169 2956 4225 ﬁuens
2986 4170 3039 4225 in
3090 4170 3391 4226 latitudine.
3440 4170 3625 4241 Tigris

2039 4274 2122 4320 cst
2164 4265 2431 4332 discretio,
2477 4261 2775 4334 Euphrates
2821 4274 2996 4317 autem
3043 4262 3332 4317 humilitas.
3370 4262 3460 4317 Lia
3492 4277 3619 4317 cor—

2038 4360 2187 4429 poris
2215 4357 2454 4413 laborutn
2478 4364 2660 4428 typum
2688 4357 2855 4428 gerit;
2886 4354 3084 4411 Rachel
3111 4365 3290 4411 autem
3318 4370 3459 4410 vera:
3487 4369 3625 4410 con-

365 4446 600 4513 sentiat,
643 4447 806 4502 tradit
846 4460 969 4501 eum
1023 4442 1257 4498 inimicis
1292 4443 1482 4512 ipsius.
1525 4440 1730 4497 Idcirco
1768 4440 1937 4498 Oseas
1975 4465 2023 4522 ε)
2049 4449 2437 4520 templationis.
2471 4448 2594 4504 llaec
2627 4448 2827 4503 homini
2858 4447 3175 4518 contingunt
3217 4448 3269 4502 iu
3314 4445 3623 4518 Mesopota-

364 4542 750 4595 commiserans
785 4536 1037 4606 Ephraim
1061 4574 1078 4600 ,
1119 4534 1370 4589 diccbat:
1396 4532 1662 4604 Oppressit
1697 4533 1939 4587 adversa-

366 4632 503 4686 rium
533 4645 709 4694 suum,
732 4639 778 4683 et
813 4608 1132 4681 conculcaait
1148 4624 1437 4695 judicium.
1489 4622 1736 4689 Quwsivit
1764 4622 1938 4694 Αἶαν-

364 4733 547 4791 ptum,
601 4733 647 4775 et
700 4720 748 4775 vi
803 4719 991 4773 ductus
1039 4727 1112 4772 est
1157 4715 1227 4769 ad
1263 4713 1600 4785 Assyrios".
1647 4713 1937 4785 Egyptum

366 4814 582 4886 quaerit,
609 4813 699 4883 qui
728 4813 909 4867 carnis
937 4811 1049 4865 vult
1079 4807 1260 4862 facere
1287 4804 1638 4859 voluntatem.
1665 4803 1727 4859 Vi
1759 4816 1935 4859 autem

366 4909 584 4965 ducitur
614 4906 678 4959 ad
711 4904 981 4976 Assyrios,
1007 4918 1130 4957 eum
1161 4899 1245 4955 vel
1268 4899 1477 4965 volens,
1506 4897 1591 4952 vel
1619 4899 1820 4953 invitus
1844 4897 1942 4952 ini-

365 4999 527 5054 micis
558 4992 742 5052 servit.
775 4993 1003 5066 Operam
1038 4994 1248 5057 demus,
1282 4992 1479 5046 fratres
1514 4989 1845 5058 charissimi,
1874 5007 1943 5046 nc

366 5094 420 5147 in
454 5104 649 5146 manus
681 5088 975 5144 voluntatis
1005 5097 1203 5140 nostra:
1233 5081 1529 5139 secundum
1555 5095 1776 5135 carnem
1812 5080 1945 5136 inci-

366 5184 579 5246 damus,
612 5199 678 5236 ne
703 5182 944 5250 captivos
979 5194 1076 5233 nos
1107 5179 1159 5231 in
1191 5176 1465 5246 Assyriam
1494 5172 1685 5239 ducat;
1717 5188 1813 5226 nos
1844 5186 1943 5226 au-

364 5285 473 5330 tem
514 5271 709 5327 acerba
750 5270 838 5324 illa
872 5267 1035 5324 verba
1067 5267 1351 5321 audiamus
1397 5281 1412 5319 :
1463 5261 1614 5318 Venit
1648 5277 1741 5317 rex
1784 5262 1944 5332 Assy.

365 5370 569 5421 riorum
594 5364 650 5418 in
682 5373 875 5417 terram
919 5358 1124 5424 Israel,
1156 5367 1204 5413 et
1239 5357 1468 5426 captivos
1508 5357 1665 5410 duxit
1689 5355 1946 5423 Ephraim

364 5468 415 5513 et
458 5451 636 5513 Israel
662 5453 713 5507 in
748 5450 1033 5521 Assyrios;
1070 5458 1116 5503 et
1152 5447 1321 5519 posuit
1364 5462 1452 5502 eos
1479 5446 1637 5518 juxta
1684 5443 1868 5521 Eleum
1898 5456 1947 5501 et

485 5666 529 5697 ¹⁸
569 5661 716 5719 Psal.
755 5676 920 5725 cum,
947 5661 999 5717 9.
1081 5660 1124 5692 "‘
1164 5658 1303 5713 Psal.
1338 5676 1428 5722 ιιι.
1466 5659 1520 5713 5.

371 5731 418 5769 ⁸⁸
456 5733 599 5794 05cc
645 5745 763 5798 vlt,
808 5733 892 5787 ii.
992 5733 1033 5765 "
1081 5730 1144 5785 ιν
1189 5731 1318 5801 licg.
1363 5745 1519 5795 xm,
1550 5727 1610 5795 6,
1643 5728 1732 5796 9.5,
1773 5730 1873 5785 ‘25.

1600 5658 1642 5690 ¹⁷
1683 5658 1824 5714 Psal.
1867 5655 2168 5719 t.xvttt.2l.

1969 5732 2013 5763 "
2054 5727 2189 5785 Gen.
2233 5741 2425 5797 simu,
2474 5727 2492 5780 ι
2539 5743 2658 5798 sqq.

2051 4541 2157 4595 mia
2193 4541 2577 4606 commoranti,
2602 4549 2661 4595 ut
2690 4555 2809 4596 cum
2837 4540 3164 4596 discretione
3192 4540 3403 4595 labores
3428 4553 3622 4606 corpo-

2053 4648 2175 4686 reos
2217 4632 2518 4701 suscipiat,
2567 4632 2763 4703 quibus
2801 4632 2986 4688 hostes
3026 4633 3274 4703 Assyrios
3319 4633 3527 4696 vincat,
3564 4639 3619 4683 et

2050 4739 2174 4777 cum
2216 4721 2520 4801 humilitate
2554 4723 2621 4778 ad
2655 4737 2839 4778 veram
2881 4722 3390 4792 contemplationem
3430 4735 3622 4791 pervc-

2049 4816 2182 4869 Dial.

2126 4902 2197 4957 Χ.
2234 4898 2497 4957 Cmterum
2540 4902 2735 4959 Rachel
2788 4899 2927 4956 ﬁlios
2957 4918 3060 4957 non
3090 4900 3307 4972 genuit,
3331 4911 3625 4971 antequam

2056 5002 2271 5061 pareret
2300 4991 2417 5055 Lia,
2451 5005 2502 5047 ct
2535 4991 2704 5047 .Iacob
2744 4993 2855 5062 ipse
2889 4993 3138 5048 serviret.
3172 4990 3248 5046 Ex
3287 5007 3393 5063 quo
3421 4993 3623 5048 intelli-

2057 5083 2233 5151 gimus
2279 5084 2583 5147 hominem,
2630 5084 2732 5138 nisi
2782 5085 2931 5152 prius
2977 5084 3188 5139 labores
3217 5084 3269 5137 in
3312 5084 3625 5141 excolendis

2055 5175 2342 5229 virtutibus
2385 5174 2694 5245 protulerit,
2731 5190 2837 5229 non
2870 5191 3027 5245 posse
3063 5179 3128 5230 ad
3170 5191 3308 5231 verte
3339 5176 3623 5245 perfectio.

2054 5267 2138 5322 nis
2167 5266 2472 5321 libertatem
2496 5266 2758 5336 aspirare.
2789 5266 2997 5324 Uxores
3021 5276 3175 5341 erant
3205 5269 3375 5323 amba:
3405 5271 3625 5339 quidem

2052 5357 2238 5421 Jacob,
2265 5359 2357 5412 sed
2390 5358 2476 5413 ille
2507 5360 2678 5429 magis
2718 5358 2923 5413 Rachel
2952 5375 3113 5430 quam
3153 5358 3303 5413 Liam
3334 5361 3624 5431 diligebat;

2056 5449 2307 5519 quoniam
2349 5447 2443 5502 Lia
2473 5449 2627 5520 lippis
2659 5460 2770 5504 erat
2805 5448 2994 5515 oculis,
3038 5448 3229 5504 Rachel
3261 5452 3450 5506 decora
3486 5450 3623 5522 facit

2278 5655 2319 5686 ³³
2372 5654 2511 5710 Psal.
2558 5671 2746 5711 κιςιι.
2807 5653 2889 5708 iii.
2972 5656 3015 5687 "
3053 5654 3242 5715 Matth.
3286 5671 3334 5722 v,
3387 5653 3478 5721 25,
3519 5651 3615 5707 2'5.

2278 5741 2425 5781 tvut.
2474 5727 2492 5780 ι
2539 5743 2658 5781 sun.
2739 5726 2784 5758 "
2816 5725 2940 5780 ibid.
2996 5725 3076 5781 l5.
