  <div class='ocr_page' id='page_1' title='image "/cluster/home/n/w/nwhite01/storage/ocr_20150623/40/hvd.32044073501843/567.png"; bbox 0 0 3968 6210; ppageno 0'>
   <div class='ocr_carea' id='block_1_1' title="bbox 395 291 533 346">
    <p class='ocr_par' dir='ltr' id='par_1_1' title="bbox 395 291 533 346">
     <span class='ocr_line' id='line_1_1' title="bbox 395 291 533 346; baseline 0 0"><span class='ocrx_word' id='word_1_1' title='bbox 395 291 533 346; x_wconf 79' lang='lat' dir='ltr'><strong>Hl9</strong></span> 
     </span>
    </p>
   </div>
   <div class='ocr_carea' id='block_1_2' title="bbox 1551 285 2608 350">
    <p class='ocr_par' dir='ltr' id='par_1_2' title="bbox 1551 285 2608 350">
     <span class='ocr_line' id='line_1_2' title="bbox 1551 285 2608 350; baseline 0.006 -8"><span class='ocrx_word' id='word_1_2' title='bbox 1551 287 1826 343; x_wconf 78' lang='lat' dir='ltr'><strong>PATRES</strong></span> <span class='ocrx_word' id='word_1_3' title='bbox 1864 285 2164 345; x_wconf 67' lang='lat' dir='ltr'><strong>)EGYPTII</strong></span> <span class='ocrx_word' id='word_1_4' title='bbox 2209 290 2476 349; x_wconf 48' lang='lat' dir='ltr'><strong>SIECITH</strong></span> <span class='ocrx_word' id='word_1_5' title='bbox 2524 296 2608 350; x_wconf 86' lang='lat' dir='ltr'><strong>IV.</strong></span> 
     </span>
    </p>
   </div>
   <div class='ocr_carea' id='block_1_3' title="bbox 3542 305 3691 359">
    <p class='ocr_par' dir='ltr' id='par_1_3' title="bbox 3542 305 3691 359">
     <span class='ocr_line' id='line_1_3' title="bbox 3542 305 3691 359; baseline 0.013 -2"><span class='ocrx_word' id='word_1_6' title='bbox 3542 305 3691 359; x_wconf 75' lang='lat'><strong>“‘20</strong></span> 
     </span>
    </p>
   </div>
   <div class='ocr_carea' id='block_1_4' title="bbox 391 404 3690 482">
    <p class='ocr_par' dir='ltr' id='par_1_4' title="bbox 391 404 3690 482">
     <span class='ocr_line' id='line_1_4' title="bbox 391 404 3690 482; baseline 0.002 -19"><span class='ocrx_word' id='word_1_7' title='bbox 391 418 442 463; x_wconf 79' lang='lat' dir='ltr'><strong>et</strong></span> <span class='ocrx_word' id='word_1_8' title='bbox 468 417 680 460; x_wconf 78' lang='lat' dir='ltr'><strong>venusta</strong></span> <span class='ocrx_word' id='word_1_9' title='bbox 713 415 923 474; x_wconf 71' lang='lat' dir='ltr'><strong>aspectu</strong></span> <span class='ocrx_word' id='word_1_10' title='bbox 951 407 1016 461; x_wconf 74' lang='lat'><strong>“.</strong></span> <span class='ocrx_word' id='word_1_11' title='bbox 1044 404 1247 459; x_wconf 89' lang='lat' dir='ltr'><strong>Prioris</strong></span> <span class='ocrx_word' id='word_1_12' title='bbox 1273 407 1458 458; x_wconf 80' lang='lat' dir='ltr'><strong>uxoris</strong></span> <span class='ocrx_word' id='word_1_13' title='bbox 1489 405 1632 458; x_wconf 79' lang='lat' dir='ltr'><strong>oculi</strong></span> <span class='ocrx_word' id='word_1_14' title='bbox 1663 404 1790 475; x_wconf 81' lang='lat' dir='ltr'><strong>lippi</strong></span> <span class='ocrx_word' id='word_1_15' title='bbox 1824 405 1992 474; x_wconf 85' lang='lat' dir='ltr'><strong>signi-</strong></span> <span class='ocrx_word' id='word_1_16' title='bbox 2023 405 2066 460; x_wconf 80' lang='grc' dir='ltr'><strong>Α</strong></span> <span class='ocrx_word' id='word_1_17' title='bbox 2098 418 2430 477; x_wconf 69' lang='lat' dir='ltr'><strong>conaturque</strong></span> <span class='ocrx_word' id='word_1_18' title='bbox 2460 411 2526 464; x_wconf 89' lang='lat' dir='ltr'><strong>ad</strong></span> <span class='ocrx_word' id='word_1_19' title='bbox 2564 411 2790 481; x_wconf 80' lang='lat' dir='ltr'><strong>pristina</strong></span> <span class='ocrx_word' id='word_1_20' title='bbox 2821 422 3038 482; x_wconf 83' lang='lat' dir='ltr'><strong>peccata</strong></span> <span class='ocrx_word' id='word_1_21' title='bbox 3080 413 3335 470; x_wconf 83' lang='lat' dir='ltr'><strong>reducere</strong></span> <span class='ocrx_word' id='word_1_22' title='bbox 3367 434 3381 470; x_wconf 88' lang='lat'><strong>:</strong></span> <span class='ocrx_word' id='word_1_23' title='bbox 3414 417 3508 470; x_wconf 90' lang='lat' dir='ltr'><strong>sed</strong></span> <span class='ocrx_word' id='word_1_24' title='bbox 3537 420 3690 474; x_wconf 88' lang='lat' dir='ltr'><strong>illam</strong></span> 
     </span>
    </p>
   </div>
   <div class='ocr_carea' id='block_1_5' title="bbox 393 499 1984 568">
    <p class='ocr_par' dir='ltr' id='par_1_5' title="bbox 393 499 1984 568">
     <span class='ocr_line' id='line_1_5' title="bbox 393 499 1984 568; baseline -0.001 -14"><span class='ocrx_word' id='word_1_25' title='bbox 393 499 559 554; x_wconf 78' lang='lat' dir='ltr'><strong>ficant</strong></span> <span class='ocrx_word' id='word_1_26' title='bbox 592 499 864 553; x_wconf 75' lang='lat' dir='ltr'><strong>hominem</strong></span> <span class='ocrx_word' id='word_1_27' title='bbox 907 499 1032 552; x_wconf 92' lang='lat' dir='ltr'><strong>dum</strong></span> <span class='ocrx_word' id='word_1_28' title='bbox 1075 499 1128 552; x_wconf 94' lang='lat' dir='ltr'><strong>in</strong></span> <span class='ocrx_word' id='word_1_29' title='bbox 1165 499 1411 568; x_wconf 82' lang='lat' dir='ltr'><strong>corporis</strong></span> <span class='ocrx_word' id='word_1_30' title='bbox 1447 499 1724 554; x_wconf 78' lang='lat' dir='ltr'><strong>laboribus</strong></span> <span class='ocrx_word' id='word_1_31' title='bbox 1756 515 1984 565; x_wconf 80' lang='lat' dir='ltr'><strong>occapa-</strong></span> 
     </span>
    </p>
   </div>
   <div class='ocr_carea' id='block_1_6' title="bbox 395 589 1983 657">
    <p class='ocr_par' dir='ltr' id='par_1_6' title="bbox 395 589 1983 657">
     <span class='ocr_line' id='line_1_6' title="bbox 395 589 1983 657; baseline 0.002 -15"><span class='ocrx_word' id='word_1_32' title='bbox 395 600 516 654; x_wconf 87' lang='lat' dir='ltr'><strong>tttr,</strong></span> <span class='ocrx_word' id='word_1_33' title='bbox 564 591 799 644; x_wconf 88' lang='lat' dir='ltr'><strong>nondum</strong></span> <span class='ocrx_word' id='word_1_34' title='bbox 845 605 1031 644; x_wconf 80' lang='lat' dir='ltr'><strong>veram</strong></span> <span class='ocrx_word' id='word_1_35' title='bbox 1078 591 1593 657; x_wconf 89' lang='lat' dir='ltr'><strong>contemplationem</strong></span> <span class='ocrx_word' id='word_1_36' title='bbox 1632 591 1853 645; x_wconf 90' lang='lat' dir='ltr'><strong>intueri.</strong></span> <span class='ocrx_word' id='word_1_37' title='bbox 1891 589 1983 645; x_wconf 85' lang='lat' dir='ltr'><strong>ln-</strong></span> 
     </span>
    </p>
   </div>
   <div class='ocr_carea' id='block_1_7' title="bbox 394 681 1984 755">
    <p class='ocr_par' dir='ltr' id='par_1_7' title="bbox 394 681 1984 755">
     <span class='ocr_line' id='line_1_7' title="bbox 394 681 1984 755; baseline 0.004 -21"><span class='ocrx_word' id='word_1_38' title='bbox 394 681 727 736; x_wconf 87' lang='lat' dir='ltr'><strong>termittendi</strong></span> <span class='ocrx_word' id='word_1_39' title='bbox 762 692 892 737; x_wconf 91' lang='lat' dir='ltr'><strong>sunt</strong></span> <span class='ocrx_word' id='word_1_40' title='bbox 931 683 1113 752; x_wconf 80' lang='lat' dir='ltr'><strong>igitur.</strong></span> <span class='ocrx_word' id='word_1_41' title='bbox 1149 685 1408 750; x_wconf 76' lang='lat' dir='ltr'><strong>Quamvis</strong></span> <span class='ocrx_word' id='word_1_42' title='bbox 1439 686 1584 738; x_wconf 89' lang='lat' dir='ltr'><strong>enim</strong></span> <span class='ocrx_word' id='word_1_43' title='bbox 1625 685 1840 755; x_wconf 87' lang='lat' dir='ltr'><strong>paulum</strong></span> <span class='ocrx_word' id='word_1_44' title='bbox 1873 701 1984 740; x_wconf 87' lang='lat' dir='ltr'><strong>ces-</strong></span> 
     </span>
    </p>
   </div>
   <div class='ocr_carea' id='block_1_8' title="bbox 397 761 1984 836">
    <p class='ocr_par' dir='ltr' id='par_1_8' title="bbox 397 761 1984 836">
     <span class='ocr_line' id='line_1_8' title="bbox 397 761 1984 836; baseline 0.004 -11"><span class='ocrx_word' id='word_1_45' title='bbox 397 772 664 836; x_wconf 71' lang='lat' dir='ltr'><strong>saverint,</strong></span> <span class='ocrx_word' id='word_1_46' title='bbox 696 773 917 827; x_wconf 77' lang='lat' dir='ltr'><strong>dabitur</strong></span> <span class='ocrx_word' id='word_1_47' title='bbox 960 785 1138 830; x_wconf 90' lang='lat' dir='ltr'><strong>tamen</strong></span> <span class='ocrx_word' id='word_1_48' title='bbox 1173 777 1238 829; x_wconf 90' lang='lat' dir='ltr'><strong>ad</strong></span> <span class='ocrx_word' id='word_1_49' title='bbox 1285 777 1404 830; x_wconf 93' lang='lat' dir='ltr'><strong>illos</strong></span> <span class='ocrx_word' id='word_1_50' title='bbox 1450 761 1676 830; x_wconf 83' lang='lat' dir='ltr'><strong>reditus.</strong></span> <span class='ocrx_word' id='word_1_51' title='bbox 1712 777 1984 832; x_wconf 69' lang='lat' dir='ltr'><strong>Prmbebit</strong></span> 
     </span>
    </p>
   </div>
   <div class='ocr_carea' id='block_1_9' title="bbox 393 865 1983 937">
    <p class='ocr_par' dir='ltr' id='par_1_9' title="bbox 393 865 1983 937">
     <span class='ocr_line' id='line_1_9' title="bbox 393 865 1983 937; baseline 0.005 -21"><span class='ocrx_word' id='word_1_52' title='bbox 393 865 538 916; x_wconf 83' lang='lat' dir='ltr'><strong>enim</strong></span> <span class='ocrx_word' id='word_1_53' title='bbox 571 865 688 919; x_wconf 87' lang='lat' dir='ltr'><strong>viro</strong></span> <span class='ocrx_word' id='word_1_54' title='bbox 716 881 813 919; x_wconf 87' lang='lat' dir='ltr'><strong>suo</strong></span> <span class='ocrx_word' id='word_1_55' title='bbox 849 866 942 920; x_wconf 89' lang='lat' dir='ltr'><strong>Lia</strong></span> <span class='ocrx_word' id='word_1_56' title='bbox 975 868 1231 937; x_wconf 87' lang='lat' dir='ltr'><strong>Zelpham</strong></span> <span class='ocrx_word' id='word_1_57' title='bbox 1265 869 1541 932; x_wconf 86' lang='lat' dir='ltr'><strong>ancillam,</strong></span> <span class='ocrx_word' id='word_1_58' title='bbox 1567 878 1729 937; x_wconf 83' lang='lat' dir='ltr'><strong>atque</strong></span> <span class='ocrx_word' id='word_1_59' title='bbox 1759 870 1828 923; x_wconf 89' lang='lat' dir='ltr'><strong>ita</strong></span> <span class='ocrx_word' id='word_1_60' title='bbox 1861 886 1983 924; x_wconf 91' lang='lat' dir='ltr'><strong>rur-</strong></span> 
     </span>
    </p>
   </div>
   <div class='ocr_carea' id='block_1_10' title="bbox 394 957 1980 1030">
    <p class='ocr_par' dir='ltr' id='par_1_10' title="bbox 394 957 1980 1030">
     <span class='ocr_line' id='line_1_10' title="bbox 394 957 1980 1030; baseline 0.004 -20"><span class='ocrx_word' id='word_1_61' title='bbox 394 974 510 1010; x_wconf 85' lang='lat' dir='ltr'><strong>sum</strong></span> <span class='ocrx_word' id='word_1_62' title='bbox 560 957 757 1012; x_wconf 87' lang='lat' dir='ltr'><strong>liberos</strong></span> <span class='ocrx_word' id='word_1_63' title='bbox 807 960 984 1026; x_wconf 90' lang='lat' dir='ltr'><strong>tollet;</strong></span> <span class='ocrx_word' id='word_1_64' title='bbox 1037 961 1359 1030; x_wconf 88' lang='lat' dir='ltr'><strong>vocabitque</strong></span> <span class='ocrx_word' id='word_1_65' title='bbox 1405 977 1601 1016; x_wconf 86' lang='lat' dir='ltr'><strong>nomen</strong></span> <span class='ocrx_word' id='word_1_66' title='bbox 1659 961 1786 1029; x_wconf 86' lang='lat' dir='ltr'><strong>lilii,</strong></span> <span class='ocrx_word' id='word_1_67' title='bbox 1824 965 1980 1030; x_wconf 81' lang='lat' dir='ltr'><strong>Aser,</strong></span> 
     </span>
    </p>
   </div>
   <div class='ocr_carea' id='block_1_11' title="bbox 393 1051 1981 1124">
    <p class='ocr_par' dir='ltr' id='par_1_11' title="bbox 393 1051 1981 1124">
     <span class='ocr_line' id='line_1_11' title="bbox 393 1051 1981 1124; baseline 0.006 -24"><span class='ocrx_word' id='word_1_68' title='bbox 393 1051 535 1120; x_wconf 90' lang='lat' dir='ltr'><strong>quod</strong></span> <span class='ocrx_word' id='word_1_69' title='bbox 584 1062 665 1105; x_wconf 91' lang='lat' dir='ltr'><strong>est</strong></span> <span class='ocrx_word' id='word_1_70' title='bbox 715 1054 927 1106; x_wconf 68' lang='lat' dir='ltr'><strong>divitior.</strong></span> <span class='ocrx_word' id='word_1_71' title='bbox 979 1053 1148 1107; x_wconf 89' lang='lat' dir='ltr'><strong>Porro</strong></span> <span class='ocrx_word' id='word_1_72' title='bbox 1195 1070 1316 1109; x_wconf 92' lang='lat' dir='ltr'><strong>cum</strong></span> <span class='ocrx_word' id='word_1_73' title='bbox 1360 1071 1553 1124; x_wconf 88' lang='lat' dir='ltr'><strong>parere</strong></span> <span class='ocrx_word' id='word_1_74' title='bbox 1599 1055 1821 1110; x_wconf 84' lang='lat' dir='ltr'><strong>desierit</strong></span> <span class='ocrx_word' id='word_1_75' title='bbox 1865 1057 1981 1122; x_wconf 86' lang='lat' dir='ltr'><strong>Lia,</strong></span> 
     </span>
    </p>
   </div>
   <div class='ocr_carea' id='block_1_12' title="bbox 400 1145 1984 1220">
    <p class='ocr_par' dir='ltr' id='par_1_12' title="bbox 400 1145 1984 1220">
     <span class='ocr_line' id='line_1_12' title="bbox 400 1145 1984 1220; baseline 0.006 -22"><span class='ocrx_word' id='word_1_76' title='bbox 400 1157 524 1198; x_wconf 92' lang='lat' dir='ltr'><strong>tunc</strong></span> <span class='ocrx_word' id='word_1_77' title='bbox 567 1145 706 1200; x_wconf 88' lang='lat' dir='ltr'><strong>Deus</strong></span> <span class='ocrx_word' id='word_1_78' title='bbox 737 1149 1115 1202; x_wconf 87' lang='lat' dir='ltr'><strong>recordahitur</strong></span> <span class='ocrx_word' id='word_1_79' title='bbox 1151 1150 1378 1204; x_wconf 82' lang='lat' dir='ltr'><strong>Rachel.</strong></span> <span class='ocrx_word' id='word_1_80' title='bbox 1413 1149 1545 1204; x_wconf 92' lang='lat' dir='ltr'><strong>Cum</strong></span> <span class='ocrx_word' id='word_1_81' title='bbox 1579 1150 1742 1220; x_wconf 83' lang='lat' dir='ltr'><strong>igitur</strong></span> <span class='ocrx_word' id='word_1_82' title='bbox 1773 1151 1984 1207; x_wconf 84' lang='lat' dir='ltr'><strong>labores</strong></span> 
     </span>
    </p>
   </div>
   <div class='ocr_carea' id='block_1_13' title="bbox 396 1240 1985 1311">
    <p class='ocr_par' dir='ltr' id='par_1_13' title="bbox 396 1240 1985 1311">
     <span class='ocr_line' id='line_1_13' title="bbox 396 1240 1985 1311; baseline 0.005 -21"><span class='ocrx_word' id='word_1_83' title='bbox 396 1240 642 1306; x_wconf 85' lang='lat' dir='ltr'><strong>corporis</strong></span> <span class='ocrx_word' id='word_1_84' title='bbox 684 1255 876 1294; x_wconf 91' lang='lat' dir='ltr'><strong>sensus</strong></span> <span class='ocrx_word' id='word_1_85' title='bbox 914 1241 1287 1305; x_wconf 87' lang='lat' dir='ltr'><strong>edomuerint,</strong></span> <span class='ocrx_word' id='word_1_86' title='bbox 1323 1252 1378 1295; x_wconf 91' lang='lat' dir='ltr'><strong>ct</strong></span> <span class='ocrx_word' id='word_1_87' title='bbox 1425 1257 1454 1296; x_wconf 90' lang='lat' dir='ltr'><strong>a</strong></span> <span class='ocrx_word' id='word_1_88' title='bbox 1491 1243 1985 1311; x_wconf 77' lang='lat' dir='ltr'><strong>perturbationibus</strong></span> 
     </span>
    </p>
   </div>
   <div class='ocr_carea' id='block_1_14' title="bbox 399 1329 1984 1404">
    <p class='ocr_par' dir='ltr' id='par_1_14' title="bbox 399 1329 1984 1404">
     <span class='ocr_line' id='line_1_14' title="bbox 399 1329 1984 1404; baseline 0.004 -22"><span class='ocrx_word' id='word_1_89' title='bbox 399 1329 771 1395; x_wconf 83' lang='lat' dir='ltr'><strong>liberaverint,</strong></span> <span class='ocrx_word' id='word_1_90' title='bbox 822 1341 948 1386; x_wconf 92' lang='lat' dir='ltr'><strong>tunc</strong></span> <span class='ocrx_word' id='word_1_91' title='bbox 993 1346 1122 1386; x_wconf 87' lang='lat' dir='ltr'><strong>vera</strong></span> <span class='ocrx_word' id='word_1_92' title='bbox 1154 1334 1543 1401; x_wconf 79' lang='lat' dir='ltr'><strong>contemplatio</strong></span> <span class='ocrx_word' id='word_1_93' title='bbox 1590 1335 1760 1404; x_wconf 88' lang='lat' dir='ltr'><strong>aperit</strong></span> <span class='ocrx_word' id='word_1_94' title='bbox 1801 1336 1984 1388; x_wconf 87' lang='lat' dir='ltr'><strong>animo</strong></span> 
     </span>
    </p>
   </div>
   <div class='ocr_carea' id='block_1_15' title="bbox 399 1422 1981 1493">
    <p class='ocr_par' dir='ltr' id='par_1_15' title="bbox 399 1422 1981 1493">
     <span class='ocr_line' id='line_1_15' title="bbox 399 1422 1981 1493; baseline 0.004 -22"><span class='ocrx_word' id='word_1_95' title='bbox 399 1422 648 1490; x_wconf 71' lang='lat' dir='ltr'><strong>gloriam.</strong></span> <span class='ocrx_word' id='word_1_96' title='bbox 689 1423 768 1477; x_wconf 84' lang='lat' dir='ltr'><strong>Ac</strong></span> <span class='ocrx_word' id='word_1_97' title='bbox 816 1426 1030 1479; x_wconf 89' lang='lat' dir='ltr'><strong>tametsi</strong></span> <span class='ocrx_word' id='word_1_98' title='bbox 1079 1426 1172 1480; x_wconf 87' lang='lat' dir='ltr'><strong>lilii</strong></span> <span class='ocrx_word' id='word_1_99' title='bbox 1205 1425 1313 1480; x_wconf 67' lang='lat' dir='ltr'><strong>Lia:</strong></span> <span class='ocrx_word' id='word_1_100' title='bbox 1353 1425 1522 1481; x_wconf 81' lang='lat' dir='ltr'><strong>Jacob</strong></span> <span class='ocrx_word' id='word_1_101' title='bbox 1567 1436 1724 1481; x_wconf 91' lang='lat' dir='ltr'><strong>erant</strong></span> <span class='ocrx_word' id='word_1_102' title='bbox 1763 1427 1981 1493; x_wconf 81' lang='lat' dir='ltr'><strong>auxilio,</strong></span> 
     </span>
    </p>
   </div>
   <div class='ocr_carea' id='block_1_16' title="bbox 400 1517 1978 1589">
    <p class='ocr_par' dir='ltr' id='par_1_16' title="bbox 400 1517 1978 1589">
     <span class='ocr_line' id='line_1_16' title="bbox 400 1517 1978 1589; baseline 0.004 -22"><span class='ocrx_word' id='word_1_103' title='bbox 400 1525 576 1569; x_wconf 80' lang='lat' dir='ltr'><strong>tamen</strong></span> <span class='ocrx_word' id='word_1_104' title='bbox 625 1517 857 1570; x_wconf 83' lang='lat' dir='ltr'><strong>maxime</strong></span> <span class='ocrx_word' id='word_1_105' title='bbox 905 1519 1144 1572; x_wconf 89' lang='lat' dir='ltr'><strong>omnium</strong></span> <span class='ocrx_word' id='word_1_106' title='bbox 1189 1519 1386 1589; x_wconf 85' lang='lat' dir='ltr'><strong>Joseph</strong></span> <span class='ocrx_word' id='word_1_107' title='bbox 1428 1521 1702 1588; x_wconf 82' lang='lat' dir='ltr'><strong>diligebat.</strong></span> <span class='ocrx_word' id='word_1_108' title='bbox 1753 1519 1810 1574; x_wconf 85' lang='lat' dir='ltr'><strong>Id</strong></span> <span class='ocrx_word' id='word_1_109' title='bbox 1867 1530 1978 1586; x_wconf 85' lang='lat' dir='ltr'><strong>est,</strong></span> 
     </span>
    </p>
   </div>
   <div class='ocr_carea' id='block_1_17' title="bbox 399 1605 1972 1677">
    <p class='ocr_par' dir='ltr' id='par_1_17' title="bbox 399 1605 1972 1677">
     <span class='ocr_line' id='line_1_17' title="bbox 399 1605 1972 1677; baseline 0.006 -21"><span class='ocrx_word' id='word_1_110' title='bbox 399 1605 647 1673; x_wconf 78' lang='lat' dir='ltr'><strong>quamvis</strong></span> <span class='ocrx_word' id='word_1_111' title='bbox 685 1610 928 1677; x_wconf 89' lang='lat' dir='ltr'><strong>corporis</strong></span> <span class='ocrx_word' id='word_1_112' title='bbox 957 1609 1168 1666; x_wconf 84' lang='lat' dir='ltr'><strong>labores</strong></span> <span class='ocrx_word' id='word_1_113' title='bbox 1200 1613 1267 1666; x_wconf 91' lang='lat' dir='ltr'><strong>ab</strong></span> <span class='ocrx_word' id='word_1_114' title='bbox 1298 1612 1522 1667; x_wconf 89' lang='lat' dir='ltr'><strong>inimico</strong></span> <span class='ocrx_word' id='word_1_115' title='bbox 1562 1605 1834 1667; x_wconf 82' lang='lat' dir='ltr'><strong>hominem</strong></span> <span class='ocrx_word' id='word_1_116' title='bbox 1875 1612 1972 1666; x_wconf 89' lang='lat' dir='ltr'><strong>de-</strong></span> 
     </span>
    </p>
   </div>
   <div class='ocr_carea' id='block_1_18' title="bbox 400 1699 1980 1776">
    <p class='ocr_par' dir='ltr' id='par_1_18' title="bbox 400 1699 1980 1776">
     <span class='ocr_line' id='line_1_18' title="bbox 400 1699 1980 1776; baseline 0.004 -26"><span class='ocrx_word' id='word_1_117' title='bbox 400 1699 642 1765; x_wconf 75' lang='lat' dir='ltr'><strong>fendant,</strong></span> <span class='ocrx_word' id='word_1_118' title='bbox 687 1708 864 1756; x_wconf 89' lang='lat' dir='ltr'><strong>tamen</strong></span> <span class='ocrx_word' id='word_1_119' title='bbox 914 1719 1039 1756; x_wconf 86' lang='lat' dir='ltr'><strong>vera</strong></span> <span class='ocrx_word' id='word_1_120' title='bbox 1072 1703 1458 1774; x_wconf 81' lang='lat' dir='ltr'><strong>contemplatio</strong></span> <span class='ocrx_word' id='word_1_121' title='bbox 1515 1705 1794 1776; x_wconf 88' lang='lat' dir='ltr'><strong>conjungit</strong></span> <span class='ocrx_word' id='word_1_122' title='bbox 1834 1705 1980 1759; x_wconf 90' lang='lat' dir='ltr'><strong>illum</strong></span> 
     </span>
    </p>
   </div>
   <div class='ocr_carea' id='block_1_19' title="bbox 400 1791 1982 1866">
    <p class='ocr_par' dir='ltr' id='par_1_19' title="bbox 400 1791 1982 1866">
     <span class='ocr_line' id='line_1_19' title="bbox 400 1791 1982 1866; baseline 0.006 -24"><span class='ocrx_word' id='word_1_123' title='bbox 400 1805 520 1843; x_wconf 87' lang='lat' dir='ltr'><strong>cutn</strong></span> <span class='ocrx_word' id='word_1_124' title='bbox 559 1792 685 1846; x_wconf 91' lang='lat' dir='ltr'><strong>Deo.</strong></span> <span class='ocrx_word' id='word_1_125' title='bbox 728 1791 1086 1863; x_wconf 89' lang='lat' dir='ltr'><strong>Posteaquam</strong></span> <span class='ocrx_word' id='word_1_126' title='bbox 1132 1796 1262 1850; x_wconf 91' lang='lat' dir='ltr'><strong>vidit</strong></span> <span class='ocrx_word' id='word_1_127' title='bbox 1307 1795 1538 1866; x_wconf 83' lang='lat' dir='ltr'><strong>.loseph,</strong></span> <span class='ocrx_word' id='word_1_128' title='bbox 1579 1798 1777 1852; x_wconf 78' lang='lat' dir='ltr'><strong>reverti</strong></span> <span class='ocrx_word' id='word_1_129' title='bbox 1814 1795 1982 1851; x_wconf 91' lang='lat' dir='ltr'><strong>voluit</strong></span> 
     </span>
    </p>
   </div>
   <div class='ocr_carea' id='block_1_20' title="bbox 399 1882 1982 1957">
    <p class='ocr_par' dir='ltr' id='par_1_20' title="bbox 399 1882 1982 1957">
     <span class='ocr_line' id='line_1_20' title="bbox 399 1882 1982 1957; baseline 0.004 -23"><span class='ocrx_word' id='word_1_130' title='bbox 399 1882 467 1936; x_wconf 85' lang='lat' dir='ltr'><strong>ad</strong></span> <span class='ocrx_word' id='word_1_131' title='bbox 503 1894 754 1950; x_wconf 84' lang='lat' dir='ltr'><strong>parentes</strong></span> <span class='ocrx_word' id='word_1_132' title='bbox 781 1901 935 1952; x_wconf 91' lang='lat' dir='ltr'><strong>suos,</strong></span> <span class='ocrx_word' id='word_1_133' title='bbox 966 1902 1085 1939; x_wconf 90' lang='lat' dir='ltr'><strong>cum</strong></span> <span class='ocrx_word' id='word_1_134' title='bbox 1121 1888 1304 1956; x_wconf 90' lang='lat' dir='ltr'><strong>utique</strong></span> <span class='ocrx_word' id='word_1_135' title='bbox 1329 1889 1429 1942; x_wconf 90' lang='lat' dir='ltr'><strong>sibi</strong></span> <span class='ocrx_word' id='word_1_136' title='bbox 1455 1903 1577 1942; x_wconf 90' lang='lat' dir='ltr'><strong>cum</strong></span> <span class='ocrx_word' id='word_1_137' title='bbox 1611 1897 1798 1942; x_wconf 88' lang='lat' dir='ltr'><strong>natum</strong></span> <span class='ocrx_word' id='word_1_138' title='bbox 1826 1903 1982 1957; x_wconf 83' lang='lat' dir='ltr'><strong>aspe-</strong></span> 
     </span>
    </p>
   </div>
   <div class='ocr_carea' id='block_1_21' title="bbox 401 1973 1979 2044">
    <p class='ocr_par' dir='ltr' id='par_1_21' title="bbox 401 1973 1979 2044">
     <span class='ocr_line' id='line_1_21' title="bbox 401 1973 1979 2044; baseline 0.005 -18"><span class='ocrx_word' id='word_1_139' title='bbox 401 1973 590 2041; x_wconf 76' lang='lat' dir='ltr'><strong>xisset,</strong></span> <span class='ocrx_word' id='word_1_140' title='bbox 633 1976 722 2044; x_wconf 85' lang='lat' dir='ltr'><strong>qui</strong></span> <span class='ocrx_word' id='word_1_141' title='bbox 758 1991 850 2030; x_wconf 78' lang='lat' dir='ltr'><strong>rex</strong></span> <span class='ocrx_word' id='word_1_142' title='bbox 885 1977 1019 2030; x_wconf 86' lang='lat' dir='ltr'><strong>foret</strong></span> <span class='ocrx_word' id='word_1_143' title='bbox 1057 1979 1200 2032; x_wconf 90' lang='lat' dir='ltr'><strong>inter</strong></span> <span class='ocrx_word' id='word_1_144' title='bbox 1230 1980 1424 2034; x_wconf 82' lang='lat' dir='ltr'><strong>fratres</strong></span> <span class='ocrx_word' id='word_1_145' title='bbox 1455 1995 1601 2036; x_wconf 90' lang='lat' dir='ltr'><strong>suos.</strong></span> <span class='ocrx_word' id='word_1_146' title='bbox 1633 1979 1766 2034; x_wconf 82' lang='lat' dir='ltr'><strong>Cum</strong></span> <span class='ocrx_word' id='word_1_147' title='bbox 1797 1991 1979 2034; x_wconf 89' lang='lat' dir='ltr'><strong>autem</strong></span> 
     </span>
    </p>
   </div>
   <div class='ocr_carea' id='block_1_22' title="bbox 399 2064 1980 2138">
    <p class='ocr_par' dir='ltr' id='par_1_22' title="bbox 399 2064 1980 2138">
     <span class='ocr_line' id='line_1_22' title="bbox 399 2064 1980 2138; baseline 0.005 -22"><span class='ocrx_word' id='word_1_148' title='bbox 399 2064 530 2118; x_wconf 86' lang='lat' dir='ltr'><strong>dicit</strong></span> <span class='ocrx_word' id='word_1_149' title='bbox 559 2073 854 2118; x_wconf 82' lang='lat' dir='ltr'><strong>torrentem</strong></span> <span class='ocrx_word' id='word_1_150' title='bbox 881 2064 1044 2121; x_wconf 85' lang='lat' dir='ltr'><strong>Jacob</strong></span> <span class='ocrx_word' id='word_1_151' title='bbox 1068 2082 1257 2122; x_wconf 87' lang='lat' dir='ltr'><strong>omnes</strong></span> <span class='ocrx_word' id='word_1_152' title='bbox 1285 2083 1412 2122; x_wconf 91' lang='lat' dir='ltr'><strong>suas</strong></span> <span class='ocrx_word' id='word_1_153' title='bbox 1443 2069 1628 2138; x_wconf 89' lang='lat' dir='ltr'><strong>copias</strong></span> <span class='ocrx_word' id='word_1_154' title='bbox 1672 2069 1980 2137; x_wconf 88' lang='lat' dir='ltr'><strong>trajecisse,</strong></span> 
     </span>
    </p>
   </div>
   <div class='ocr_carea' id='block_1_23' title="bbox 400 2155 1979 2230">
    <p class='ocr_par' dir='ltr' id='par_1_23' title="bbox 400 2155 1979 2230">
     <span class='ocr_line' id='line_1_23' title="bbox 400 2155 1979 2230; baseline 0.003 -20"><span class='ocrx_word' id='word_1_155' title='bbox 400 2155 684 2223; x_wconf 85' lang='lat' dir='ltr'><strong>solumque</strong></span> <span class='ocrx_word' id='word_1_156' title='bbox 745 2158 1109 2223; x_wconf 83' lang='lat' dir='ltr'><strong>remansisse,</strong></span> <span class='ocrx_word' id='word_1_157' title='bbox 1173 2168 1226 2214; x_wconf 90' lang='lat' dir='ltr'><strong>et</strong></span> <span class='ocrx_word' id='word_1_158' title='bbox 1276 2159 1671 2214; x_wconf 89' lang='lat' dir='ltr'><strong>benedictionis</strong></span> <span class='ocrx_word' id='word_1_159' title='bbox 1723 2162 1979 2230; x_wconf 75' lang='lat' dir='ltr'><strong>gaudium</strong></span> 
     </span>
    </p>
   </div>
   <div class='ocr_carea' id='block_1_24' title="bbox 400 2249 1980 2326">
    <p class='ocr_par' dir='ltr' id='par_1_24' title="bbox 400 2249 1980 2326">
     <span class='ocr_line' id='line_1_24' title="bbox 400 2249 1980 2326; baseline 0.004 -26"><span class='ocrx_word' id='word_1_160' title='bbox 400 2249 731 2326; x_wconf 71' lang='lat' dir='ltr'><strong>percepisse,</strong></span> <span class='ocrx_word' id='word_1_161' title='bbox 773 2249 988 2304; x_wconf 82' lang='lat' dir='ltr'><strong>dicente</strong></span> <span class='ocrx_word' id='word_1_162' title='bbox 1023 2251 1250 2306; x_wconf 92' lang='lat' dir='ltr'><strong>Domino</strong></span> <span class='ocrx_word' id='word_1_163' title='bbox 1287 2269 1300 2307; x_wconf 74' lang='grc' dir='ltr'><strong><em>τ</em></strong></span> <span class='ocrx_word' id='word_1_164' title='bbox 1349 2250 1473 2306; x_wconf 86' lang='lat' dir='ltr'><strong>Non</strong></span> <span class='ocrx_word' id='word_1_165' title='bbox 1519 2254 1620 2308; x_wconf 81' lang='lat' dir='ltr'><strong>erit</strong></span> <span class='ocrx_word' id='word_1_166' title='bbox 1660 2255 1754 2308; x_wconf 87' lang='lat' dir='ltr'><strong>tibi</strong></span> <span class='ocrx_word' id='word_1_167' title='bbox 1796 2271 1980 2308; x_wconf 83' lang='lat' dir='ltr'><strong>nomen</strong></span> 
     </span>
    </p>
   </div>
   <div class='ocr_carea' id='block_1_25' title="bbox 397 2339 1980 2416">
    <p class='ocr_par' dir='ltr' id='par_1_25' title="bbox 397 2339 1980 2416">
     <span class='ocr_line' id='line_1_25' title="bbox 397 2339 1980 2416; baseline 0.005 -23"><span class='ocrx_word' id='word_1_168' title='bbox 397 2339 562 2396; x_wconf 78' lang='lat' dir='ltr'><strong>Jacob</strong></span> <span class='ocrx_word' id='word_1_169' title='bbox 587 2379 601 2403; x_wconf 94' lang='lat'><strong>,</strong></span> <span class='ocrx_word' id='word_1_170' title='bbox 629 2342 718 2394; x_wconf 84' lang='lat' dir='ltr'><strong>sed</strong></span> <span class='ocrx_word' id='word_1_171' title='bbox 753 2339 922 2395; x_wconf 80' lang='lat' dir='ltr'><strong>Israel</strong></span> <span class='ocrx_word' id='word_1_172' title='bbox 950 2343 1018 2409; x_wconf 79' lang='lat'><strong>&quot;,</strong></span> <span class='ocrx_word' id='word_1_173' title='bbox 1049 2341 1214 2398; x_wconf 83' lang='lat' dir='ltr'><strong>Jaeob</strong></span> <span class='ocrx_word' id='word_1_174' title='bbox 1246 2345 1548 2414; x_wconf 90' lang='lat' dir='ltr'><strong>appellatus</strong></span> <span class='ocrx_word' id='word_1_175' title='bbox 1578 2355 1692 2412; x_wconf 92' lang='lat' dir='ltr'><strong>est,</strong></span> <span class='ocrx_word' id='word_1_176' title='bbox 1725 2347 1980 2416; x_wconf 91' lang='lat' dir='ltr'><strong>quoniam</strong></span> 
     </span>
    </p>
   </div>
   <div class='ocr_carea' id='block_1_26' title="bbox 399 2431 1982 2508">
    <p class='ocr_par' dir='ltr' id='par_1_26' title="bbox 399 2431 1982 2508">
     <span class='ocr_line' id='line_1_26' title="bbox 399 2431 1982 2508; baseline 0.006 -23"><span class='ocrx_word' id='word_1_177' title='bbox 399 2431 799 2500; x_wconf 85' lang='lat' dir='ltr'><strong>supplantavit,</strong></span> <span class='ocrx_word' id='word_1_178' title='bbox 855 2435 1031 2503; x_wconf 87' lang='lat' dir='ltr'><strong>quoad</strong></span> <span class='ocrx_word' id='word_1_179' title='bbox 1085 2435 1466 2492; x_wconf 85' lang='lat' dir='ltr'><strong>benedictione</strong></span> <span class='ocrx_word' id='word_1_180' title='bbox 1512 2438 1704 2508; x_wconf 87' lang='lat' dir='ltr'><strong>dignus</strong></span> <span class='ocrx_word' id='word_1_181' title='bbox 1758 2437 1982 2494; x_wconf 86' lang='lat' dir='ltr'><strong>effectus</strong></span> 
     </span>
    </p>
   </div>
   <div class='ocr_carea' id='block_1_27' title="bbox 399 2529 1980 2600">
    <p class='ocr_par' dir='ltr' id='par_1_27' title="bbox 399 2529 1980 2600">
     <span class='ocr_line' id='line_1_27' title="bbox 399 2529 1980 2600; baseline 0.005 -24"><span class='ocrx_word' id='word_1_182' title='bbox 399 2535 514 2588; x_wconf 85' lang='lat' dir='ltr'><strong>est,</strong></span> <span class='ocrx_word' id='word_1_183' title='bbox 549 2535 604 2578; x_wconf 91' lang='lat' dir='ltr'><strong>et</strong></span> <span class='ocrx_word' id='word_1_184' title='bbox 648 2540 842 2581; x_wconf 88' lang='lat' dir='ltr'><strong>sensus</strong></span> <span class='ocrx_word' id='word_1_185' title='bbox 896 2541 1025 2581; x_wconf 90' lang='lat' dir='ltr'><strong>suos</strong></span> <span class='ocrx_word' id='word_1_186' title='bbox 1069 2529 1326 2590; x_wconf 84' lang='lat' dir='ltr'><strong>servavit.</strong></span> <span class='ocrx_word' id='word_1_187' title='bbox 1379 2529 1469 2600; x_wconf 91' lang='lat' dir='ltr'><strong>qui</strong></span> <span class='ocrx_word' id='word_1_188' title='bbox 1519 2540 1674 2584; x_wconf 88' lang='lat' dir='ltr'><strong>erant</strong></span> <span class='ocrx_word' id='word_1_189' title='bbox 1727 2531 1777 2584; x_wconf 89' lang='lat' dir='ltr'><strong>in</strong></span> <span class='ocrx_word' id='word_1_190' title='bbox 1818 2547 1980 2584; x_wconf 90' lang='lat' dir='ltr'><strong>manu</strong></span> 
     </span>
    </p>
   </div>
   <div class='ocr_carea' id='block_1_28' title="bbox 402 2612 1982 2688">
    <p class='ocr_par' dir='ltr' id='par_1_28' title="bbox 402 2612 1982 2688">
     <span class='ocr_line' id='line_1_28' title="bbox 402 2612 1982 2688; baseline 0.006 -22"><span class='ocrx_word' id='word_1_191' title='bbox 402 2612 628 2668; x_wconf 85' lang='lat' dir='ltr'><strong>inimici.</strong></span> <span class='ocrx_word' id='word_1_192' title='bbox 679 2613 1038 2684; x_wconf 85' lang='lat' dir='ltr'><strong>Posteaquam</strong></span> <span class='ocrx_word' id='word_1_193' title='bbox 1095 2619 1256 2688; x_wconf 82' lang='lat' dir='ltr'><strong>igitur</strong></span> <span class='ocrx_word' id='word_1_194' title='bbox 1295 2620 1506 2673; x_wconf 85' lang='lat' dir='ltr'><strong>liberati</strong></span> <span class='ocrx_word' id='word_1_195' title='bbox 1565 2629 1712 2685; x_wconf 91' lang='lat' dir='ltr'><strong>sunt,</strong></span> <span class='ocrx_word' id='word_1_196' title='bbox 1757 2631 1982 2675; x_wconf 88' lang='lat' dir='ltr'><strong>vocatus</strong></span> 
     </span>
    </p>
   </div>
   <div class='ocr_carea' id='block_1_29' title="bbox 402 2703 1982 2768">
    <p class='ocr_par' dir='ltr' id='par_1_29' title="bbox 402 2703 1982 2768">
     <span class='ocr_line' id='line_1_29' title="bbox 402 2703 1982 2768; baseline 0.004 -12"><span class='ocrx_word' id='word_1_197' title='bbox 402 2712 487 2758; x_wconf 69' lang='lat' dir='ltr'><strong>est</strong></span> <span class='ocrx_word' id='word_1_198' title='bbox 522 2703 706 2768; x_wconf 90' lang='lat' dir='ltr'><strong>Israel,</strong></span> <span class='ocrx_word' id='word_1_199' title='bbox 750 2706 851 2761; x_wconf 85' lang='lat' dir='ltr'><strong>hoc</strong></span> <span class='ocrx_word' id='word_1_200' title='bbox 889 2717 975 2760; x_wconf 87' lang='lat' dir='ltr'><strong>est</strong></span> <span class='ocrx_word' id='word_1_201' title='bbox 1012 2723 1155 2760; x_wconf 86' lang='lat' dir='ltr'><strong>mens</strong></span> <span class='ocrx_word' id='word_1_202' title='bbox 1184 2708 1350 2762; x_wconf 85' lang='lat' dir='ltr'><strong>Deum</strong></span> <span class='ocrx_word' id='word_1_203' title='bbox 1379 2708 1578 2763; x_wconf 82' lang='lat' dir='ltr'><strong>videns.</strong></span> <span class='ocrx_word' id='word_1_204' title='bbox 1612 2707 1822 2764; x_wconf 81' lang='lat' dir='ltr'><strong>Etenim</strong></span> <span class='ocrx_word' id='word_1_205' title='bbox 1860 2725 1982 2762; x_wconf 88' lang='lat' dir='ltr'><strong>cum</strong></span> 
     </span>
    </p>
   </div>
   <div class='ocr_carea' id='block_1_30' title="bbox 402 2796 1981 2869">
    <p class='ocr_par' dir='ltr' id='par_1_30' title="bbox 402 2796 1981 2869">
     <span class='ocr_line' id='line_1_30' title="bbox 402 2796 1981 2869; baseline 0.003 -22"><span class='ocrx_word' id='word_1_206' title='bbox 402 2809 468 2847; x_wconf 90' lang='lat' dir='ltr'><strong>eo</strong></span> <span class='ocrx_word' id='word_1_207' title='bbox 499 2797 809 2863; x_wconf 83' lang='lat' dir='ltr'><strong>pervenerit</strong></span> <span class='ocrx_word' id='word_1_208' title='bbox 853 2811 1036 2858; x_wconf 90' lang='lat' dir='ltr'><strong>meus,</strong></span> <span class='ocrx_word' id='word_1_209' title='bbox 1070 2807 1124 2850; x_wconf 83' lang='grc' dir='ltr'>ιιι</span> <span class='ocrx_word' id='word_1_210' title='bbox 1150 2796 1462 2853; x_wconf 89' lang='lat' dir='ltr'><strong>Diviuitatis</strong></span> <span class='ocrx_word' id='word_1_211' title='bbox 1511 2798 1738 2869; x_wconf 78' lang='lat' dir='ltr'><strong>gloriam</strong></span> <span class='ocrx_word' id='word_1_212' title='bbox 1781 2799 1981 2863; x_wconf 81' lang='lat' dir='ltr'><strong>videat,</strong></span> 
     </span>
    </p>
   </div>
   <div class='ocr_carea' id='block_1_31' title="bbox 403 2885 1982 2960">
    <p class='ocr_par' dir='ltr' id='par_1_31' title="bbox 403 2885 1982 2960">
     <span class='ocr_line' id='line_1_31' title="bbox 403 2885 1982 2960; baseline 0.003 -22"><span class='ocrx_word' id='word_1_213' title='bbox 403 2885 663 2940; x_wconf 85' lang='lat' dir='ltr'><strong>metuitur</strong></span> <span class='ocrx_word' id='word_1_214' title='bbox 689 2886 756 2940; x_wconf 88' lang='lat' dir='ltr'><strong>ab</strong></span> <span class='ocrx_word' id='word_1_215' title='bbox 787 2886 1025 2944; x_wconf 83' lang='lat' dir='ltr'><strong>inimico.</strong></span> <span class='ocrx_word' id='word_1_216' title='bbox 1070 2889 1328 2954; x_wconf 84' lang='lat' dir='ltr'><strong>Quamvis</strong></span> <span class='ocrx_word' id='word_1_217' title='bbox 1363 2889 1526 2960; x_wconf 89' lang='lat' dir='ltr'><strong>igitur</strong></span> <span class='ocrx_word' id='word_1_218' title='bbox 1570 2891 1754 2944; x_wconf 88' lang='lat' dir='ltr'><strong>veniat</strong></span> <span class='ocrx_word' id='word_1_219' title='bbox 1794 2890 1846 2943; x_wconf 91' lang='lat' dir='ltr'><strong>in</strong></span> <span class='ocrx_word' id='word_1_220' title='bbox 1892 2904 1982 2943; x_wconf 87' lang='lat' dir='ltr'><strong>oc-</strong></span> 
     </span>
    </p>
   </div>
   <div class='ocr_carea' id='block_1_32' title="bbox 402 2979 1984 3049">
    <p class='ocr_par' dir='ltr' id='par_1_32' title="bbox 402 2979 1984 3049">
     <span class='ocr_line' id='line_1_32' title="bbox 402 2979 1984 3049; baseline 0.003 -17"><span class='ocrx_word' id='word_1_221' title='bbox 402 2994 617 3032; x_wconf 83' lang='lat' dir='ltr'><strong>cursum</strong></span> <span class='ocrx_word' id='word_1_222' title='bbox 650 2979 766 3049; x_wconf 83' lang='lat' dir='ltr'><strong>ejus</strong></span> <span class='ocrx_word' id='word_1_223' title='bbox 800 2980 936 3034; x_wconf 80' lang='lat' dir='ltr'><strong>Esau</strong></span> <span class='ocrx_word' id='word_1_224' title='bbox 978 2995 1100 3034; x_wconf 91' lang='lat' dir='ltr'><strong>cum</strong></span> <span class='ocrx_word' id='word_1_225' title='bbox 1140 2982 1455 3047; x_wconf 86' lang='lat' dir='ltr'><strong>acerbitate,</strong></span> <span class='ocrx_word' id='word_1_226' title='bbox 1505 2981 1782 3038; x_wconf 89' lang='lat' dir='ltr'><strong>humilitas</strong></span> <span class='ocrx_word' id='word_1_227' title='bbox 1816 2980 1984 3037; x_wconf 83' lang='lat' dir='ltr'><strong>Jacob</strong></span> 
     </span>
    </p>
   </div>
   <div class='ocr_carea' id='block_1_33' title="bbox 2089 503 3690 580">
    <p class='ocr_par' dir='ltr' id='par_1_33' title="bbox 2089 503 3690 580">
     <span class='ocr_line' id='line_1_33' title="bbox 2089 503 3690 580; baseline 0.006 -24"><span class='ocrx_word' id='word_1_228' title='bbox 2089 503 2296 571; x_wconf 73' lang='lat' dir='ltr'><strong>repellit</strong></span> <span class='ocrx_word' id='word_1_229' title='bbox 2316 504 2529 557; x_wconf 85' lang='lat' dir='ltr'><strong>assidua</strong></span> <span class='ocrx_word' id='word_1_230' title='bbox 2549 520 2669 558; x_wconf 91' lang='lat' dir='ltr'><strong>cum</strong></span> <span class='ocrx_word' id='word_1_231' title='bbox 2691 503 2800 559; x_wconf 92' lang='lat' dir='ltr'><strong>Deo</strong></span> <span class='ocrx_word' id='word_1_232' title='bbox 2820 505 3184 572; x_wconf 83' lang='lat' dir='ltr'><strong>familiaritas,</strong></span> <span class='ocrx_word' id='word_1_233' title='bbox 3203 522 3364 576; x_wconf 88' lang='lat' dir='ltr'><strong>quam</strong></span> <span class='ocrx_word' id='word_1_234' title='bbox 3385 519 3690 580; x_wconf 86' lang='lat' dir='ltr'><strong>temperan-</strong></span> 
     </span>
    </p>
   </div>
   <div class='ocr_carea' id='block_1_34' title="bbox 2088 597 3689 672">
    <p class='ocr_par' dir='ltr' id='par_1_34' title="bbox 2088 597 3689 672">
     <span class='ocr_line' id='line_1_34' title="bbox 2088 597 3689 672; baseline 0.006 -23"><span class='ocrx_word' id='word_1_235' title='bbox 2088 597 2157 649; x_wconf 86' lang='lat' dir='ltr'><strong>tia</strong></span> <span class='ocrx_word' id='word_1_236' title='bbox 2185 597 2372 667; x_wconf 79' lang='lat' dir='ltr'><strong>gignit.</strong></span> <span class='ocrx_word' id='word_1_237' title='bbox 2403 600 2813 668; x_wconf 87' lang='lat' dir='ltr'><strong>temperantiam</strong></span> <span class='ocrx_word' id='word_1_238' title='bbox 2833 613 2994 668; x_wconf 88' lang='lat' dir='ltr'><strong>porro</strong></span> <span class='ocrx_word' id='word_1_239' title='bbox 3017 602 3258 669; x_wconf 90' lang='lat' dir='ltr'><strong>corporis</strong></span> <span class='ocrx_word' id='word_1_240' title='bbox 3275 599 3496 656; x_wconf 82' lang='lat' dir='ltr'><strong>alllictio</strong></span> <span class='ocrx_word' id='word_1_241' title='bbox 3525 607 3689 672; x_wconf 83' lang='lat' dir='ltr'><strong>parit.</strong></span> 
     </span>
    </p>
   </div>
   <div class='ocr_carea' id='block_1_35' title="bbox 2088 689 3692 764">
    <p class='ocr_par' dir='ltr' id='par_1_35' title="bbox 2088 689 3692 764">
     <span class='ocr_line' id='line_1_35' title="bbox 2088 689 3692 764; baseline 0.004 -20"><span class='ocrx_word' id='word_1_242' title='bbox 2088 689 2182 744; x_wconf 89' lang='lat' dir='ltr'><strong>llis</strong></span> <span class='ocrx_word' id='word_1_243' title='bbox 2214 692 2509 745; x_wconf 89' lang='lat' dir='ltr'><strong>rationibus</strong></span> <span class='ocrx_word' id='word_1_244' title='bbox 2535 691 2695 746; x_wconf 89' lang='lat' dir='ltr'><strong>Israel</strong></span> <span class='ocrx_word' id='word_1_245' title='bbox 2728 692 3010 747; x_wconf 84' lang='lat' dir='ltr'><strong>liberatur.</strong></span> <span class='ocrx_word' id='word_1_246' title='bbox 3043 693 3106 746; x_wconf 87' lang='lat' dir='ltr'><strong>Et</strong></span> <span class='ocrx_word' id='word_1_247' title='bbox 3133 703 3257 748; x_wconf 89' lang='lat' dir='ltr'><strong>tunc</strong></span> <span class='ocrx_word' id='word_1_248' title='bbox 3285 695 3452 749; x_wconf 88' lang='lat' dir='ltr'><strong>homo</strong></span> <span class='ocrx_word' id='word_1_249' title='bbox 3483 697 3692 764; x_wconf 80' lang='lat' dir='ltr'><strong>gratias</strong></span> 
     </span>
    </p>
   </div>
   <div class='ocr_carea' id='block_1_36' title="bbox 2087 783 3693 854">
    <p class='ocr_par' dir='ltr' id='par_1_36' title="bbox 2087 783 3693 854">
     <span class='ocr_line' id='line_1_36' title="bbox 2087 783 3693 854; baseline 0.004 -20"><span class='ocrx_word' id='word_1_250' title='bbox 2087 783 2194 852; x_wconf 87' lang='lat' dir='ltr'><strong>agit</strong></span> <span class='ocrx_word' id='word_1_251' title='bbox 2211 784 2319 837; x_wconf 91' lang='lat' dir='ltr'><strong>Deo</strong></span> <span class='ocrx_word' id='word_1_252' title='bbox 2337 802 2349 836; x_wconf 90' lang='lat'><strong>:</strong></span> <span class='ocrx_word' id='word_1_253' title='bbox 2369 783 2499 854; x_wconf 86' lang='lat' dir='ltr'><strong>Ego,</strong></span> <span class='ocrx_word' id='word_1_254' title='bbox 2519 783 3170 854; x_wconf 84' lang='lat' dir='ltr'><strong>iuqniens,inlirmussum</strong></span> <span class='ocrx_word' id='word_1_255' title='bbox 3189 793 3237 838; x_wconf 89' lang='lat' dir='ltr'><strong>et</strong></span> <span class='ocrx_word' id='word_1_256' title='bbox 3257 785 3693 846; x_wconf 84' lang='lat' dir='ltr'><strong>imhecillus,sed</strong></span> 
     </span>
    </p>
   </div>
   <div class='ocr_carea' id='block_1_37' title="bbox 2089 875 3691 946">
    <p class='ocr_par' dir='ltr' id='par_1_37' title="bbox 2089 875 3691 946">
     <span class='ocr_line' id='line_1_37' title="bbox 2089 875 3691 946; baseline 0.005 -20"><span class='ocrx_word' id='word_1_257' title='bbox 2089 885 2140 927; x_wconf 91' lang='lat' dir='ltr'><strong>tu</strong></span> <span class='ocrx_word' id='word_1_258' title='bbox 2170 875 2384 944; x_wconf 75' lang='lat' dir='ltr'><strong>atljutor</strong></span> <span class='ocrx_word' id='word_1_259' title='bbox 2408 891 2556 930; x_wconf 90' lang='lat' dir='ltr'><strong>meus</strong></span> <span class='ocrx_word' id='word_1_260' title='bbox 2574 893 2600 929; x_wconf 90' lang='lat' dir='ltr'><strong>a</strong></span> <span class='ocrx_word' id='word_1_261' title='bbox 2627 877 2976 946; x_wconf 76' lang='lat' dir='ltr'><strong>generatione</strong></span> <span class='ocrx_word' id='word_1_262' title='bbox 2999 877 3049 928; x_wconf 93' lang='lat' dir='ltr'><strong>in</strong></span> <span class='ocrx_word' id='word_1_263' title='bbox 3073 876 3492 943; x_wconf 81' lang='lat' dir='ltr'><strong>generationem.</strong></span> <span class='ocrx_word' id='word_1_264' title='bbox 3535 875 3691 934; x_wconf 86' lang='lat' dir='ltr'><strong>Talis</strong></span> 
     </span>
    </p>
   </div>
   <div class='ocr_carea' id='block_1_38' title="bbox 2089 967 3689 1038">
    <p class='ocr_par' dir='ltr' id='par_1_38' title="bbox 2089 967 3689 1038">
     <span class='ocr_line' id='line_1_38' title="bbox 2089 967 3689 1038; baseline 0 -16"><span class='ocrx_word' id='word_1_265' title='bbox 2089 967 2187 1022; x_wconf 85' lang='lat' dir='ltr'><strong>fuit</strong></span> <span class='ocrx_word' id='word_1_266' title='bbox 2220 981 2272 1024; x_wconf 92' lang='lat' dir='ltr'><strong>et</strong></span> <span class='ocrx_word' id='word_1_267' title='bbox 2308 983 2535 1038; x_wconf 84' lang='lat' dir='ltr'><strong>magnus</strong></span> <span class='ocrx_word' id='word_1_268' title='bbox 2569 970 2828 1038; x_wconf 87' lang='lat' dir='ltr'><strong>propheta</strong></span> <span class='ocrx_word' id='word_1_269' title='bbox 2871 968 3050 1031; x_wconf 86' lang='lat' dir='ltr'><strong>Elias,</strong></span> <span class='ocrx_word' id='word_1_270' title='bbox 3088 971 3176 1037; x_wconf 92' lang='lat' dir='ltr'><strong>qui</strong></span> <span class='ocrx_word' id='word_1_271' title='bbox 3214 984 3405 1022; x_wconf 82' lang='lat' dir='ltr'><strong>omnes</strong></span> <span class='ocrx_word' id='word_1_272' title='bbox 3441 971 3689 1036; x_wconf 87' lang='lat' dir='ltr'><strong>turpitu-</strong></span> 
     </span>
    </p>
   </div>
   <div class='ocr_carea' id='block_1_39' title="bbox 2087 1061 3692 1131">
    <p class='ocr_par' dir='ltr' id='par_1_39' title="bbox 2087 1061 3692 1131">
     <span class='ocr_line' id='line_1_39' title="bbox 2087 1061 3692 1131; baseline 0.001 -18"><span class='ocrx_word' id='word_1_273' title='bbox 2087 1063 2232 1116; x_wconf 82' lang='lat' dir='ltr'><strong>diuis</strong></span> <span class='ocrx_word' id='word_1_274' title='bbox 2276 1065 2568 1131; x_wconf 77' lang='lat' dir='ltr'><strong>prophetas</strong></span> <span class='ocrx_word' id='word_1_275' title='bbox 2605 1063 2704 1115; x_wconf 81' lang='lat' dir='ltr'><strong>sibi</strong></span> <span class='ocrx_word' id='word_1_276' title='bbox 2743 1061 3097 1114; x_wconf 82' lang='lat' dir='ltr'><strong>adversantes</strong></span> <span class='ocrx_word' id='word_1_277' title='bbox 3137 1061 3317 1115; x_wconf 87' lang='lat' dir='ltr'><strong>delere</strong></span> <span class='ocrx_word' id='word_1_278' title='bbox 3363 1077 3466 1114; x_wconf 91' lang='lat' dir='ltr'><strong>non</strong></span> <span class='ocrx_word' id='word_1_279' title='bbox 3507 1064 3692 1129; x_wconf 87' lang='lat' dir='ltr'><strong>potuit</strong></span> 
     </span>
    </p>
   </div>
   <div class='ocr_carea' id='block_1_40' title="bbox 2087 1150 3686 1223">
    <p class='ocr_par' dir='ltr' id='par_1_40' title="bbox 2087 1150 3686 1223">
     <span class='ocr_line' id='line_1_40' title="bbox 2087 1150 3686 1223; baseline 0 -19"><span class='ocrx_word' id='word_1_280' title='bbox 2087 1154 2235 1223; x_wconf 72' lang='lat' dir='ltr'><strong>prius</strong></span> <span class='ocrx_word' id='word_1_281' title='bbox 2278 1167 2438 1222; x_wconf 90' lang='lat' dir='ltr'><strong>quam</strong></span> <span class='ocrx_word' id='word_1_282' title='bbox 2472 1152 2752 1206; x_wconf 77' lang='lat' dir='ltr'><strong>duodecim</strong></span> <span class='ocrx_word' id='word_1_283' title='bbox 2805 1150 3068 1219; x_wconf 89' lang='lat' dir='ltr'><strong>lapidibus</strong></span> <span class='ocrx_word' id='word_1_284' title='bbox 3109 1150 3282 1205; x_wconf 89' lang='lat' dir='ltr'><strong>altare</strong></span> <span class='ocrx_word' id='word_1_285' title='bbox 3307 1160 3686 1218; x_wconf 80' lang='lat' dir='ltr'><strong>construeret,</strong></span> 
     </span>
    </p>
   </div>
   <div class='ocr_carea' id='block_1_41' title="bbox 2087 1243 3686 1316">
    <p class='ocr_par' dir='ltr' id='par_1_41' title="bbox 2087 1243 3686 1316">
     <span class='ocr_line' id='line_1_41' title="bbox 2087 1243 3686 1316; baseline -0.001 -17"><span class='ocrx_word' id='word_1_286' title='bbox 2087 1254 2140 1299; x_wconf 89' lang='lat' dir='ltr'><strong>et</strong></span> <span class='ocrx_word' id='word_1_287' title='bbox 2173 1245 2332 1315; x_wconf 74' lang='lat' dir='ltr'><strong>lignis</strong></span> <span class='ocrx_word' id='word_1_288' title='bbox 2371 1248 2644 1316; x_wconf 87' lang='lat' dir='ltr'><strong>congestis</strong></span> <span class='ocrx_word' id='word_1_289' title='bbox 2693 1259 2887 1312; x_wconf 85' lang='lat' dir='ltr'><strong>aquam</strong></span> <span class='ocrx_word' id='word_1_290' title='bbox 2931 1243 3273 1306; x_wconf 87' lang='lat' dir='ltr'><strong>iufumleret,</strong></span> <span class='ocrx_word' id='word_1_291' title='bbox 3324 1255 3378 1297; x_wconf 90' lang='lat' dir='ltr'><strong>ct</strong></span> <span class='ocrx_word' id='word_1_292' title='bbox 3426 1255 3686 1298; x_wconf 88' lang='lat' dir='ltr'><strong>sanctum</strong></span> 
     </span>
    </p>
   </div>
   <div class='ocr_carea' id='block_1_42' title="bbox 2087 1337 3688 1407">
    <p class='ocr_par' dir='ltr' id='par_1_42' title="bbox 2087 1337 3688 1407">
     <span class='ocr_line' id='line_1_42' title="bbox 2087 1337 3688 1407; baseline -0.002 -15"><span class='ocrx_word' id='word_1_293' title='bbox 2087 1339 2416 1392; x_wconf 84' lang='lat' dir='ltr'><strong>sacrificium</strong></span> <span class='ocrx_word' id='word_1_294' title='bbox 2451 1339 2752 1407; x_wconf 89' lang='lat' dir='ltr'><strong>imponeret</strong></span> <span class='ocrx_word' id='word_1_295' title='bbox 2790 1339 2856 1391; x_wconf 75' lang='lat'><strong>”.</strong></span> <span class='ocrx_word' id='word_1_296' title='bbox 2894 1337 2959 1391; x_wconf 87' lang='lat' dir='ltr'><strong>Et</strong></span> <span class='ocrx_word' id='word_1_297' title='bbox 2993 1337 3131 1407; x_wconf 91' lang='lat' dir='ltr'><strong>ignis</strong></span> <span class='ocrx_word' id='word_1_298' title='bbox 3161 1337 3375 1390; x_wconf 85' lang='lat' dir='ltr'><strong>divinus</strong></span> <span class='ocrx_word' id='word_1_299' title='bbox 3415 1353 3688 1390; x_wconf 71' lang='lat' dir='ltr'><strong>consum-</strong></span> 
     </span>
    </p>
   </div>
   <div class='ocr_carea' id='block_1_43' title="bbox 2089 1427 3684 1497">
    <p class='ocr_par' dir='ltr' id='par_1_43' title="bbox 2089 1427 3684 1497">
     <span class='ocr_line' id='line_1_43' title="bbox 2089 1427 3684 1497; baseline 0.002 -18"><span class='ocrx_word' id='word_1_300' title='bbox 2089 1429 2194 1497; x_wconf 84' lang='lat' dir='ltr'><strong>psit</strong></span> <span class='ocrx_word' id='word_1_301' title='bbox 2225 1427 2414 1491; x_wconf 86' lang='lat' dir='ltr'><strong>altare,</strong></span> <span class='ocrx_word' id='word_1_302' title='bbox 2457 1437 2512 1482; x_wconf 89' lang='lat' dir='ltr'><strong>et</strong></span> <span class='ocrx_word' id='word_1_303' title='bbox 2546 1444 2664 1494; x_wconf 79' lang='lat' dir='ltr'><strong>quae</strong></span> <span class='ocrx_word' id='word_1_304' title='bbox 2699 1442 2862 1497; x_wconf 86' lang='lat' dir='ltr'><strong>super</strong></span> <span class='ocrx_word' id='word_1_305' title='bbox 2900 1427 3054 1480; x_wconf 87' lang='lat' dir='ltr'><strong>altari</strong></span> <span class='ocrx_word' id='word_1_306' title='bbox 3088 1434 3245 1479; x_wconf 91' lang='lat' dir='ltr'><strong>erant</strong></span> <span class='ocrx_word' id='word_1_307' title='bbox 3292 1427 3489 1495; x_wconf 85' lang='lat' dir='ltr'><strong>posita.</strong></span> <span class='ocrx_word' id='word_1_308' title='bbox 3523 1427 3684 1482; x_wconf 86' lang='lat' dir='ltr'><strong>Tunc</strong></span> 
     </span>
    </p>
   </div>
   <div class='ocr_carea' id='block_1_44' title="bbox 2091 1512 3680 1581">
    <p class='ocr_par' dir='ltr' id='par_1_44' title="bbox 2091 1512 3680 1581">
     <span class='ocr_line' id='line_1_44' title="bbox 2091 1512 3680 1581; baseline 0 -16"><span class='ocrx_word' id='word_1_309' title='bbox 2091 1512 2340 1565; x_wconf 82' lang='lat' dir='ltr'><strong>fiduciam</strong></span> <span class='ocrx_word' id='word_1_310' title='bbox 2377 1513 2607 1581; x_wconf 88' lang='lat' dir='ltr'><strong>sumpsit</strong></span> <span class='ocrx_word' id='word_1_311' title='bbox 2637 1523 2825 1567; x_wconf 87' lang='lat' dir='ltr'><strong>contra</strong></span> <span class='ocrx_word' id='word_1_312' title='bbox 2859 1512 3199 1566; x_wconf 76' lang='lat' dir='ltr'><strong>adversarios</strong></span> <span class='ocrx_word' id='word_1_313' title='bbox 3241 1527 3403 1577; x_wconf 92' lang='lat' dir='ltr'><strong>suos,</strong></span> <span class='ocrx_word' id='word_1_314' title='bbox 3458 1522 3512 1566; x_wconf 93' lang='lat' dir='ltr'><strong>et</strong></span> <span class='ocrx_word' id='word_1_315' title='bbox 3553 1530 3680 1565; x_wconf 81' lang='lat' dir='ltr'><strong>cum</strong></span> 
     </span>
    </p>
   </div>
   <div class='ocr_carea' id='block_1_45' title="bbox 2088 1603 3682 1673">
    <p class='ocr_par' dir='ltr' id='par_1_45' title="bbox 2088 1603 3682 1673">
     <span class='ocr_line' id='line_1_45' title="bbox 2088 1603 3682 1673; baseline 0.001 -17"><span class='ocrx_word' id='word_1_316' title='bbox 2088 1618 2183 1658; x_wconf 87' lang='lat' dir='ltr'><strong>eos</strong></span> <span class='ocrx_word' id='word_1_317' title='bbox 2220 1605 2285 1656; x_wconf 87' lang='lat' dir='ltr'><strong>ad</strong></span> <span class='ocrx_word' id='word_1_318' title='bbox 2323 1605 2757 1658; x_wconf 88' lang='lat' dir='ltr'><strong>internecionem</strong></span> <span class='ocrx_word' id='word_1_319' title='bbox 2793 1617 2962 1671; x_wconf 87' lang='lat' dir='ltr'><strong>usque</strong></span> <span class='ocrx_word' id='word_1_320' title='bbox 2997 1604 3304 1664; x_wconf 81' lang='lat' dir='ltr'><strong>tlelevisset,</strong></span> <span class='ocrx_word' id='word_1_321' title='bbox 3333 1603 3536 1670; x_wconf 80' lang='lat' dir='ltr'><strong>gratias</strong></span> <span class='ocrx_word' id='word_1_322' title='bbox 3565 1607 3682 1673; x_wconf 81' lang='lat' dir='ltr'><strong>egit</strong></span> 
     </span>
    </p>
   </div>
   <div class='ocr_carea' id='block_1_46' title="bbox 2094 1693 3681 1765">
    <p class='ocr_par' dir='ltr' id='par_1_46' title="bbox 2094 1693 3681 1765">
     <span class='ocr_line' id='line_1_46' title="bbox 2094 1693 3681 1765; baseline 0.001 -15"><span class='ocrx_word' id='word_1_323' title='bbox 2094 1697 2199 1750; x_wconf 91' lang='lat' dir='ltr'><strong>Deo</strong></span> <span class='ocrx_word' id='word_1_324' title='bbox 2228 1694 2367 1762; x_wconf 86' lang='lat' dir='ltr'><strong>:Tu,</strong></span> <span class='ocrx_word' id='word_1_325' title='bbox 2397 1696 2664 1765; x_wconf 89' lang='lat' dir='ltr'><strong>inquiens,</strong></span> <span class='ocrx_word' id='word_1_326' title='bbox 2698 1696 2751 1749; x_wconf 92' lang='lat' dir='ltr'><strong>in</strong></span> <span class='ocrx_word' id='word_1_327' title='bbox 2789 1696 2872 1750; x_wconf 89' lang='lat' dir='ltr'><strong>his</strong></span> <span class='ocrx_word' id='word_1_328' title='bbox 2902 1695 3150 1750; x_wconf 82' lang='lat' dir='ltr'><strong>omnibus</strong></span> <span class='ocrx_word' id='word_1_329' title='bbox 3173 1710 3252 1749; x_wconf 90' lang='lat' dir='ltr'><strong>es.</strong></span> <span class='ocrx_word' id='word_1_330' title='bbox 3286 1693 3558 1764; x_wconf 88' lang='lat' dir='ltr'><strong>Scriptum</strong></span> <span class='ocrx_word' id='word_1_331' title='bbox 3589 1708 3681 1751; x_wconf 54' lang='lat' dir='ltr'><strong>est</strong></span> 
     </span>
    </p>
   </div>
   <div class='ocr_carea' id='block_1_47' title="bbox 2087 1788 3676 1859">
    <p class='ocr_par' dir='ltr' id='par_1_47' title="bbox 2087 1788 3676 1859">
     <span class='ocr_line' id='line_1_47' title="bbox 2087 1788 3676 1859; baseline -0.001 -15"><span class='ocrx_word' id='word_1_332' title='bbox 2087 1790 2230 1844; x_wconf 87' lang='lat' dir='ltr'><strong>enim</strong></span> <span class='ocrx_word' id='word_1_333' title='bbox 2279 1805 2402 1844; x_wconf 90' lang='lat' dir='ltr'><strong>eum</strong></span> <span class='ocrx_word' id='word_1_334' title='bbox 2457 1791 2596 1844; x_wconf 86' lang='lat' dir='ltr'><strong>inter</strong></span> <span class='ocrx_word' id='word_1_335' title='bbox 2633 1803 2805 1859; x_wconf 79' lang='lat' dir='ltr'><strong>genua</strong></span> <span class='ocrx_word' id='word_1_336' title='bbox 2858 1803 2953 1844; x_wconf 86' lang='lat' dir='ltr'><strong>sua</strong></span> <span class='ocrx_word' id='word_1_337' title='bbox 3010 1788 3200 1842; x_wconf 89' lang='lat' dir='ltr'><strong>faciem</strong></span> <span class='ocrx_word' id='word_1_338' title='bbox 3249 1790 3511 1858; x_wconf 85' lang='lat' dir='ltr'><strong>posuisse.</strong></span> <span class='ocrx_word' id='word_1_339' title='bbox 3557 1789 3676 1843; x_wconf 78' lang='lat' dir='ltr'><strong>Nisi</strong></span> 
     </span>
    </p>
   </div>
   <div class='ocr_carea' id='block_1_48' title="bbox 2083 1877 3670 1950">
    <p class='ocr_par' dir='ltr' id='par_1_48' title="bbox 2083 1877 3670 1950">
     <span class='ocr_line' id='line_1_48' title="bbox 2083 1877 3670 1950; baseline -0.005 -12"><span class='ocrx_word' id='word_1_340' title='bbox 2083 1882 2226 1938; x_wconf 87' lang='lat' dir='ltr'><strong>enim</strong></span> <span class='ocrx_word' id='word_1_341' title='bbox 2284 1895 2436 1936; x_wconf 89' lang='lat' dir='ltr'><strong>mens</strong></span> <span class='ocrx_word' id='word_1_342' title='bbox 2467 1880 2754 1950; x_wconf 86' lang='lat' dir='ltr'><strong>diligenter</strong></span> <span class='ocrx_word' id='word_1_343' title='bbox 2793 1877 2932 1932; x_wconf 88' lang='lat' dir='ltr'><strong>inter</strong></span> <span class='ocrx_word' id='word_1_344' title='bbox 2971 1893 3161 1933; x_wconf 86' lang='lat' dir='ltr'><strong>sensus</strong></span> <span class='ocrx_word' id='word_1_345' title='bbox 3201 1892 3328 1931; x_wconf 90' lang='lat' dir='ltr'><strong>suos</strong></span> <span class='ocrx_word' id='word_1_346' title='bbox 3360 1878 3426 1932; x_wconf 89' lang='lat' dir='ltr'><strong>sit</strong></span> <span class='ocrx_word' id='word_1_347' title='bbox 3458 1884 3670 1932; x_wconf 82' lang='lat' dir='ltr'><strong>consti-</strong></span> 
     </span>
    </p>
   </div>
   <div class='ocr_carea' id='block_1_49' title="bbox 2087 1971 3676 2042">
    <p class='ocr_par' dir='ltr' id='par_1_49' title="bbox 2087 1971 3676 2042">
     <span class='ocr_line' id='line_1_49' title="bbox 2087 1971 3676 2042; baseline 0 -16"><span class='ocrx_word' id='word_1_348' title='bbox 2087 1980 2229 2037; x_wconf 92' lang='lat' dir='ltr'><strong>tuta,</strong></span> <span class='ocrx_word' id='word_1_349' title='bbox 2260 1982 2314 2026; x_wconf 89' lang='lat' dir='ltr'><strong>et</strong></span> <span class='ocrx_word' id='word_1_350' title='bbox 2361 1972 2540 2027; x_wconf 84' lang='lat' dir='ltr'><strong>sobria</strong></span> <span class='ocrx_word' id='word_1_351' title='bbox 2592 1982 2849 2041; x_wconf 87' lang='lat' dir='ltr'><strong>castaque</strong></span> <span class='ocrx_word' id='word_1_352' title='bbox 2895 1971 3076 2042; x_wconf 84' lang='lat' dir='ltr'><strong>vigilet</strong></span> <span class='ocrx_word' id='word_1_353' title='bbox 3128 1972 3371 2037; x_wconf 78' lang='lat' dir='ltr'><strong>assidue,</strong></span> <span class='ocrx_word' id='word_1_354' title='bbox 3404 1983 3676 2026; x_wconf 80' lang='lat' dir='ltr'><strong>:cternam</strong></span> 
     </span>
    </p>
   </div>
   <div class='ocr_carea' id='block_1_50' title="bbox 2085 2063 3665 2132">
    <p class='ocr_par' dir='ltr' id='par_1_50' title="bbox 2085 2063 3665 2132">
     <span class='ocr_line' id='line_1_50' title="bbox 2085 2063 3665 2132; baseline 0 -15"><span class='ocrx_word' id='word_1_355' title='bbox 2085 2080 2190 2117; x_wconf 92' lang='lat' dir='ltr'><strong>non</strong></span> <span class='ocrx_word' id='word_1_356' title='bbox 2237 2066 2546 2132; x_wconf 86' lang='lat' dir='ltr'><strong>assequitur</strong></span> <span class='ocrx_word' id='word_1_357' title='bbox 2586 2063 2934 2128; x_wconf 87' lang='lat' dir='ltr'><strong>felicitatem,</strong></span> <span class='ocrx_word' id='word_1_358' title='bbox 2968 2079 3087 2132; x_wconf 84' lang='lat' dir='ltr'><strong>quae</strong></span> <span class='ocrx_word' id='word_1_359' title='bbox 3128 2065 3268 2118; x_wconf 90' lang='lat' dir='ltr'><strong>hanc</strong></span> <span class='ocrx_word' id='word_1_360' title='bbox 3313 2064 3384 2117; x_wconf 90' lang='lat' dir='ltr'><strong>illi</strong></span> <span class='ocrx_word' id='word_1_361' title='bbox 3432 2064 3665 2132; x_wconf 80' lang='lat' dir='ltr'><strong>gloriam</strong></span> 
     </span>
    </p>
   </div>
   <div class='ocr_carea' id='block_1_51' title="bbox 2083 2154 3668 2225">
    <p class='ocr_par' dir='ltr' id='par_1_51' title="bbox 2083 2154 3668 2225">
     <span class='ocr_line' id='line_1_51' title="bbox 2083 2154 3668 2225; baseline 0.001 -16"><span class='ocrx_word' id='word_1_362' title='bbox 2083 2155 2260 2209; x_wconf 39' lang='lat' dir='ltr'><strong>alit-rt.</strong></span> <span class='ocrx_word' id='word_1_363' title='bbox 2293 2154 2358 2208; x_wconf 87' lang='lat' dir='ltr'><strong>Et</strong></span> <span class='ocrx_word' id='word_1_364' title='bbox 2383 2155 2426 2209; x_wconf 91' lang='lat' dir='ltr'><strong>si</strong></span> <span class='ocrx_word' id='word_1_365' title='bbox 2475 2155 2723 2214; x_wconf 84' lang='lat' dir='ltr'><strong>minister</strong></span> <span class='ocrx_word' id='word_1_366' title='bbox 2753 2154 2880 2210; x_wconf 70' lang='lat' dir='ltr'><strong>Elite</strong></span> <span class='ocrx_word' id='word_1_367' title='bbox 2914 2156 3228 2225; x_wconf 88' lang='lat' dir='ltr'><strong>prospiciat,</strong></span> <span class='ocrx_word' id='word_1_368' title='bbox 3275 2166 3322 2210; x_wconf 90' lang='lat' dir='ltr'><strong>et</strong></span> <span class='ocrx_word' id='word_1_369' title='bbox 3363 2156 3566 2208; x_wconf 89' lang='lat' dir='ltr'><strong>nullum</strong></span> <span class='ocrx_word' id='word_1_370' title='bbox 3595 2172 3668 2210; x_wconf 69' lang='lat' dir='ltr'><strong>ex</strong></span> 
     </span>
    </p>
   </div>
   <div class='ocr_carea' id='block_1_52' title="bbox 2086 2247 3668 2317">
    <p class='ocr_par' dir='ltr' id='par_1_52' title="bbox 2086 2247 3668 2317">
     <span class='ocr_line' id='line_1_52' title="bbox 2086 2247 3668 2317; baseline -0.001 -15"><span class='ocrx_word' id='word_1_371' title='bbox 2086 2259 2292 2316; x_wconf 77' lang='lat' dir='ltr'><strong>St&#39;plem</strong></span> <span class='ocrx_word' id='word_1_372' title='bbox 2319 2247 2466 2302; x_wconf 82' lang='lat' dir='ltr'><strong>vitiis</strong></span> <span class='ocrx_word' id='word_1_373' title='bbox 2490 2261 2820 2317; x_wconf 83' lang='lat' dir='ltr'><strong>consurgere</strong></span> <span class='ocrx_word' id='word_1_374' title='bbox 2853 2248 3052 2312; x_wconf 89' lang='lat' dir='ltr'><strong>videat,</strong></span> <span class='ocrx_word' id='word_1_375' title='bbox 3085 2259 3211 2302; x_wconf 91' lang='lat' dir='ltr'><strong>tunc</strong></span> <span class='ocrx_word' id='word_1_376' title='bbox 3241 2250 3410 2302; x_wconf 88' lang='lat' dir='ltr'><strong>cernit</strong></span> <span class='ocrx_word' id='word_1_377' title='bbox 3440 2263 3668 2317; x_wconf 87' lang='lat' dir='ltr'><strong>parvam</strong></span> 
     </span>
    </p>
   </div>
   <div class='ocr_carea' id='block_1_53' title="bbox 2086 2339 3672 2410">
    <p class='ocr_par' dir='ltr' id='par_1_53' title="bbox 2086 2339 3672 2410">
     <span class='ocr_line' id='line_1_53' title="bbox 2086 2339 3672 2410; baseline 0 -14"><span class='ocrx_word' id='word_1_378' title='bbox 2086 2343 2281 2396; x_wconf 88' lang='lat' dir='ltr'><strong>nubem</strong></span> <span class='ocrx_word' id='word_1_379' title='bbox 2313 2343 2487 2396; x_wconf 90' lang='lat' dir='ltr'><strong>instar</strong></span> <span class='ocrx_word' id='word_1_380' title='bbox 2520 2340 2753 2395; x_wconf 90' lang='lat' dir='ltr'><strong>hominis</strong></span> <span class='ocrx_word' id='word_1_381' title='bbox 2781 2355 2846 2395; x_wconf 81' lang='lat' dir='ltr'><strong>ex</strong></span> <span class='ocrx_word' id='word_1_382' title='bbox 2891 2339 3029 2394; x_wconf 88' lang='lat' dir='ltr'><strong>mari</strong></span> <span class='ocrx_word' id='word_1_383' title='bbox 3068 2356 3261 2410; x_wconf 90' lang='lat' dir='ltr'><strong>aquam</strong></span> <span class='ocrx_word' id='word_1_384' title='bbox 3304 2339 3619 2395; x_wconf 85' lang='lat' dir='ltr'><strong>afferentetn</strong></span> <span class='ocrx_word' id='word_1_385' title='bbox 3656 2360 3672 2396; x_wconf 90' lang='lat'><strong>:</strong></span> 
     </span>
    </p>
   </div>
   <div class='ocr_carea' id='block_1_54' title="bbox 2085 2432 3676 2504">
    <p class='ocr_par' dir='ltr' id='par_1_54' title="bbox 2085 2432 3676 2504">
     <span class='ocr_line' id='line_1_54' title="bbox 2085 2432 3676 2504; baseline 0.002 -21"><span class='ocrx_word' id='word_1_386' title='bbox 2085 2433 2228 2504; x_wconf 84' lang='lat' dir='ltr'><strong>quod</strong></span> <span class='ocrx_word' id='word_1_387' title='bbox 2265 2432 2530 2502; x_wconf 89' lang='lat' dir='ltr'><strong>Spiritum</strong></span> <span class='ocrx_word' id='word_1_388' title='bbox 2566 2442 2816 2487; x_wconf 91' lang='lat' dir='ltr'><strong>sanctum</strong></span> <span class='ocrx_word' id='word_1_389' title='bbox 2864 2432 3134 2503; x_wconf 87' lang='lat' dir='ltr'><strong>signiticat</strong></span> <span class='ocrx_word' id='word_1_390' title='bbox 3167 2433 3218 2487; x_wconf 94' lang='lat' dir='ltr'><strong>in</strong></span> <span class='ocrx_word' id='word_1_391' title='bbox 3263 2432 3447 2488; x_wconf 87' lang='lat' dir='ltr'><strong>animo</strong></span> <span class='ocrx_word' id='word_1_392' title='bbox 3486 2445 3676 2487; x_wconf 92' lang='lat' dir='ltr'><strong>nostro</strong></span> 
     </span>
    </p>
   </div>
   <div class='ocr_carea' id='block_1_55' title="bbox 2086 2524 3674 2596">
    <p class='ocr_par' dir='ltr' id='par_1_55' title="bbox 2086 2524 3674 2596">
     <span class='ocr_line' id='line_1_55' title="bbox 2086 2524 3674 2596; baseline -0.001 -16"><span class='ocrx_word' id='word_1_393' title='bbox 2086 2527 2584 2596; x_wconf 87' lang='lat' dir='ltr'><strong>conquiescentem.</strong></span> <span class='ocrx_word' id='word_1_394' title='bbox 2633 2524 2690 2580; x_wconf 85' lang='lat' dir='ltr'><strong>In</strong></span> <span class='ocrx_word' id='word_1_395' title='bbox 2724 2526 2823 2580; x_wconf 91' lang='lat' dir='ltr'><strong>hoc</strong></span> <span class='ocrx_word' id='word_1_396' title='bbox 2851 2525 2996 2580; x_wconf 90' lang='lat' dir='ltr'><strong>enim</strong></span> <span class='ocrx_word' id='word_1_397' title='bbox 3033 2526 3137 2580; x_wconf 86' lang='lat' dir='ltr'><strong>sita</strong></span> <span class='ocrx_word' id='word_1_398' title='bbox 3177 2535 3259 2579; x_wconf 89' lang='lat' dir='ltr'><strong>est</strong></span> <span class='ocrx_word' id='word_1_399' title='bbox 3298 2524 3563 2590; x_wconf 85' lang='lat' dir='ltr'><strong>felicitas,</strong></span> <span class='ocrx_word' id='word_1_400' title='bbox 3614 2539 3674 2579; x_wconf 89' lang='lat' dir='ltr'><strong>ut</strong></span> 
     </span>
    </p>
   </div>
   <div class='ocr_carea' id='block_1_56' title="bbox 2087 2617 3664 2687">
    <p class='ocr_par' dir='ltr' id='par_1_56' title="bbox 2087 2617 3664 2687">
     <span class='ocr_line' id='line_1_56' title="bbox 2087 2617 3664 2687; baseline -0.003 -17"><span class='ocrx_word' id='word_1_401' title='bbox 2087 2628 2269 2672; x_wconf 89' lang='lat' dir='ltr'><strong>nostra</strong></span> <span class='ocrx_word' id='word_1_402' title='bbox 2306 2617 2528 2672; x_wconf 85' lang='lat' dir='ltr'><strong>virtutis</strong></span> <span class='ocrx_word' id='word_1_403' title='bbox 2562 2617 2736 2672; x_wconf 88' lang='lat' dir='ltr'><strong>studia</strong></span> <span class='ocrx_word' id='word_1_404' title='bbox 2782 2617 2989 2687; x_wconf 86' lang='lat' dir='ltr'><strong>integra</strong></span> <span class='ocrx_word' id='word_1_405' title='bbox 3035 2627 3197 2686; x_wconf 89' lang='lat' dir='ltr'><strong>atque</strong></span> <span class='ocrx_word' id='word_1_406' title='bbox 3239 2627 3498 2687; x_wconf 86' lang='lat' dir='ltr'><strong>perpetua</strong></span> <span class='ocrx_word' id='word_1_407' title='bbox 3534 2620 3664 2682; x_wconf 81' lang='lat' dir='ltr'><strong>sint,</strong></span> 
     </span>
    </p>
   </div>
   <div class='ocr_carea' id='block_1_57' title="bbox 2085 2707 3672 2777">
    <p class='ocr_par' dir='ltr' id='par_1_57' title="bbox 2085 2707 3672 2777">
     <span class='ocr_line' id='line_1_57' title="bbox 2085 2707 3672 2777; baseline -0.002 -13"><span class='ocrx_word' id='word_1_408' title='bbox 2085 2718 2138 2764; x_wconf 88' lang='lat' dir='ltr'><strong>et</strong></span> <span class='ocrx_word' id='word_1_409' title='bbox 2169 2723 2235 2762; x_wconf 88' lang='lat' dir='ltr'><strong>ne</strong></span> <span class='ocrx_word' id='word_1_410' title='bbox 2267 2718 2603 2762; x_wconf 86' lang='lat' dir='ltr'><strong>revertamur</strong></span> <span class='ocrx_word' id='word_1_411' title='bbox 2631 2707 2695 2761; x_wconf 90' lang='lat' dir='ltr'><strong>ad</strong></span> <span class='ocrx_word' id='word_1_412' title='bbox 2730 2721 2814 2774; x_wconf 88' lang='lat' dir='ltr'><strong>ea,</strong></span> <span class='ocrx_word' id='word_1_413' title='bbox 2851 2721 3082 2776; x_wconf 90' lang='lat' dir='ltr'><strong>quorum</strong></span> <span class='ocrx_word' id='word_1_414' title='bbox 3111 2707 3323 2761; x_wconf 91' lang='lat' dir='ltr'><strong>veniam</strong></span> <span class='ocrx_word' id='word_1_415' title='bbox 3357 2709 3672 2777; x_wconf 84' lang='lat' dir='ltr'><strong>impetravi-</strong></span> 
     </span>
    </p>
   </div>
   <div class='ocr_carea' id='block_1_58' title="bbox 2088 2797 3674 2854">
    <p class='ocr_par' dir='ltr' id='par_1_58' title="bbox 2088 2797 3674 2854">
     <span class='ocr_line' id='line_1_58' title="bbox 2088 2797 3674 2854; baseline 0.001 -2"><span class='ocrx_word' id='word_1_416' title='bbox 2088 2816 2224 2854; x_wconf 90' lang='lat' dir='ltr'><strong>mus.</strong></span> <span class='ocrx_word' id='word_1_417' title='bbox 2273 2799 2330 2854; x_wconf 89' lang='lat' dir='ltr'><strong>Si</strong></span> <span class='ocrx_word' id='word_1_418' title='bbox 2363 2801 2507 2854; x_wconf 90' lang='lat' dir='ltr'><strong>enim</strong></span> <span class='ocrx_word' id='word_1_419' title='bbox 2551 2798 2768 2853; x_wconf 88' lang='lat' dir='ltr'><strong>labores</strong></span> <span class='ocrx_word' id='word_1_420' title='bbox 2800 2814 2860 2852; x_wconf 89' lang='lat' dir='ltr'><strong>ac</strong></span> <span class='ocrx_word' id='word_1_421' title='bbox 2891 2797 3071 2852; x_wconf 89' lang='lat' dir='ltr'><strong>studia</strong></span> <span class='ocrx_word' id='word_1_422' title='bbox 3107 2808 3289 2852; x_wconf 91' lang='lat' dir='ltr'><strong>nostra</strong></span> <span class='ocrx_word' id='word_1_423' title='bbox 3329 2798 3440 2852; x_wconf 87' lang='lat' dir='ltr'><strong>Deo</strong></span> <span class='ocrx_word' id='word_1_424' title='bbox 3473 2800 3674 2854; x_wconf 87' lang='lat' dir='ltr'><strong>fuerint</strong></span> 
     </span>
    </p>
   </div>
   <div class='ocr_carea' id='block_1_59' title="bbox 2085 2893 3671 2963">
    <p class='ocr_par' dir='ltr' id='par_1_59' title="bbox 2085 2893 3671 2963">
     <span class='ocr_line' id='line_1_59' title="bbox 2085 2893 3671 2963; baseline -0.003 -15"><span class='ocrx_word' id='word_1_425' title='bbox 2085 2902 2332 2963; x_wconf 87' lang='lat' dir='ltr'><strong>accepta,</strong></span> <span class='ocrx_word' id='word_1_426' title='bbox 2368 2894 2665 2948; x_wconf 86' lang='lat' dir='ltr'><strong>adversarii</strong></span> <span class='ocrx_word' id='word_1_427' title='bbox 2701 2894 2869 2947; x_wconf 84' lang='lat' dir='ltr'><strong>nostri</strong></span> <span class='ocrx_word' id='word_1_428' title='bbox 2909 2908 3014 2946; x_wconf 87' lang='lat' dir='ltr'><strong>non</strong></span> <span class='ocrx_word' id='word_1_429' title='bbox 3057 2901 3312 2962; x_wconf 88' lang='lat' dir='ltr'><strong>poterunt</strong></span> <span class='ocrx_word' id='word_1_430' title='bbox 3344 2893 3671 2947; x_wconf 83' lang='lat' dir='ltr'><strong>consistere.</strong></span> 
     </span>
    </p>
   </div>
   <div class='ocr_carea' id='block_1_60' title="bbox 2085 2985 3673 3056">
    <p class='ocr_par' dir='ltr' id='par_1_60' title="bbox 2085 2985 3673 3056">
     <span class='ocr_line' id='line_1_60' title="bbox 2085 2985 3673 3056; baseline -0.003 -14"><span class='ocrx_word' id='word_1_431' title='bbox 2085 2986 2215 3042; x_wconf 89' lang='lat' dir='ltr'><strong>Cum</strong></span> <span class='ocrx_word' id='word_1_432' title='bbox 2245 2988 2389 3042; x_wconf 90' lang='lat' dir='ltr'><strong>enim</strong></span> <span class='ocrx_word' id='word_1_433' title='bbox 2437 2986 2671 3041; x_wconf 83' lang='lat' dir='ltr'><strong>viderint</strong></span> <span class='ocrx_word' id='word_1_434' title='bbox 2718 2985 2982 3040; x_wconf 89' lang='lat' dir='ltr'><strong>voluntati</strong></span> <span class='ocrx_word' id='word_1_435' title='bbox 3028 2987 3260 3056; x_wconf 88' lang='lat' dir='ltr'><strong>ipsorum</strong></span> <span class='ocrx_word' id='word_1_436' title='bbox 3308 2999 3336 3037; x_wconf 90' lang='lat' dir='ltr'><strong>a</strong></span> <span class='ocrx_word' id='word_1_437' title='bbox 3373 2985 3532 3039; x_wconf 87' lang='lat' dir='ltr'><strong>nobis</strong></span> <span class='ocrx_word' id='word_1_438' title='bbox 3570 3001 3673 3038; x_wconf 91' lang='lat' dir='ltr'><strong>non</strong></span> 
     </span>
    </p>
   </div>
   <div class='ocr_carea' id='block_1_61' title="bbox 404 3071 3670 3154">
    <p class='ocr_par' dir='ltr' id='par_1_61' title="bbox 404 3071 3670 3154">
     <span class='ocr_line' id='line_1_61' title="bbox 404 3071 3670 3154; baseline -0.002 -17"><span class='ocrx_word' id='word_1_439' title='bbox 404 3071 701 3138; x_wconf 66' lang='lat' dir='ltr'><strong>t’xslinsuil</strong></span> <span class='ocrx_word' id='word_1_440' title='bbox 731 3072 986 3126; x_wconf 57' lang='lat' dir='ltr'><strong>malitiam</strong></span> <span class='ocrx_word' id='word_1_441' title='bbox 1017 3073 1206 3142; x_wconf 71' lang='lat' dir='ltr'><strong>iPSiUS.</strong></span> <span class='ocrx_word' id='word_1_442' title='bbox 1237 3089 1336 3130; x_wconf 78' lang='lat' dir='ltr'><strong>nec</strong></span> <span class='ocrx_word' id='word_1_443' title='bbox 1366 3075 1434 3130; x_wconf 79' lang='lat' dir='ltr'><strong>ab</strong></span> <span class='ocrx_word' id='word_1_444' title='bbox 1460 3089 1522 3128; x_wconf 86' lang='lat' dir='ltr'><strong>eo</strong></span> <span class='ocrx_word' id='word_1_445' title='bbox 1547 3075 1776 3145; x_wconf 88' lang='lat' dir='ltr'><strong>amplius</strong></span> <span class='ocrx_word' id='word_1_446' title='bbox 1809 3091 1980 3145; x_wconf 88' lang='lat' dir='ltr'><strong>oppu-</strong></span> <span class='ocrx_word' id='word_1_447' title='bbox 2010 3095 2054 3154; x_wconf 69' lang='grc' dir='ltr'>ρ</span> <span class='ocrx_word' id='word_1_448' title='bbox 2086 3079 2448 3146; x_wconf 87' lang='lat' dir='ltr'><strong>obtemperari</strong></span> <span class='ocrx_word' id='word_1_449' title='bbox 2477 3118 2494 3143; x_wconf 89' lang='lat'><strong>,</strong></span> <span class='ocrx_word' id='word_1_450' title='bbox 2547 3088 2676 3134; x_wconf 92' lang='lat' dir='ltr'><strong>tunc</strong></span> <span class='ocrx_word' id='word_1_451' title='bbox 2729 3094 2826 3148; x_wconf 87' lang='lat' dir='ltr'><strong>per</strong></span> <span class='ocrx_word' id='word_1_452' title='bbox 2862 3093 2920 3132; x_wconf 90' lang='lat' dir='ltr'><strong>se</strong></span> <span class='ocrx_word' id='word_1_453' title='bbox 2961 3077 3345 3133; x_wconf 79' lang='lat' dir='ltr'><strong>dissolventur.</strong></span> <span class='ocrx_word' id='word_1_454' title='bbox 3383 3075 3670 3138; x_wconf 64' lang='lat' dir='ltr'><strong>Iuvat-alt.</strong></span> 
     </span>
    </p>
   </div>
   <div class='ocr_carea' id='block_1_62' title="bbox 404 3163 1982 3238">
    <p class='ocr_par' dir='ltr' id='par_1_62' title="bbox 404 3163 1982 3238">
     <span class='ocr_line' id='line_1_62' title="bbox 404 3163 1982 3238; baseline 0.005 -24"><span class='ocrx_word' id='word_1_455' title='bbox 404 3171 620 3230; x_wconf 83' lang='lat' dir='ltr'><strong>gnatur.</strong></span> <span class='ocrx_word' id='word_1_456' title='bbox 656 3163 806 3229; x_wconf 87' lang='lat' dir='ltr'><strong>Quod</strong></span> <span class='ocrx_word' id='word_1_457' title='bbox 839 3165 885 3219; x_wconf 83' lang='lat' dir='ltr'><strong>si</strong></span> <span class='ocrx_word' id='word_1_458' title='bbox 913 3165 1090 3220; x_wconf 87' lang='lat' dir='ltr'><strong>adhuc</strong></span> <span class='ocrx_word' id='word_1_459' title='bbox 1134 3167 1324 3222; x_wconf 71' lang='lat' dir='ltr'><strong>saeviat</strong></span> <span class='ocrx_word' id='word_1_460' title='bbox 1361 3166 1638 3232; x_wconf 91' lang='lat' dir='ltr'><strong>inimicus,</strong></span> <span class='ocrx_word' id='word_1_461' title='bbox 1685 3168 1900 3238; x_wconf 85' lang='lat' dir='ltr'><strong>projicit</strong></span> <span class='ocrx_word' id='word_1_462' title='bbox 1931 3167 1982 3222; x_wconf 90' lang='lat' dir='ltr'><strong>in</strong></span> 
     </span>
    </p>
   </div>
   <div class='ocr_carea' id='block_1_63' title="bbox 403 3255 1984 3330">
    <p class='ocr_par' dir='ltr' id='par_1_63' title="bbox 403 3255 1984 3330">
     <span class='ocr_line' id='line_1_63' title="bbox 403 3255 1984 3330; baseline 0.006 -26"><span class='ocrx_word' id='word_1_463' title='bbox 403 3262 692 3322; x_wconf 89' lang='lat' dir='ltr'><strong>conspectu</strong></span> <span class='ocrx_word' id='word_1_464' title='bbox 729 3255 844 3309; x_wconf 91' lang='lat' dir='ltr'><strong>Dei.</strong></span> <span class='ocrx_word' id='word_1_465' title='bbox 882 3255 945 3309; x_wconf 87' lang='lat' dir='ltr'><strong>Et</strong></span> <span class='ocrx_word' id='word_1_466' title='bbox 979 3272 1101 3312; x_wconf 85' lang='lat' dir='ltr'><strong>cum</strong></span> <span class='ocrx_word' id='word_1_467' title='bbox 1134 3259 1223 3313; x_wconf 88' lang='lat' dir='ltr'><strong>ille</strong></span> <span class='ocrx_word' id='word_1_468' title='bbox 1251 3275 1502 3328; x_wconf 86' lang='lat' dir='ltr'><strong>magnam</strong></span> <span class='ocrx_word' id='word_1_469' title='bbox 1537 3260 1716 3314; x_wconf 89' lang='lat' dir='ltr'><strong>videat</strong></span> <span class='ocrx_word' id='word_1_470' title='bbox 1758 3260 1984 3330; x_wconf 83' lang='lat' dir='ltr'><strong>gloriam</strong></span> 
     </span>
    </p>
   </div>
   <div class='ocr_carea' id='block_1_64' title="bbox 403 3347 1984 3420">
    <p class='ocr_par' dir='ltr' id='par_1_64' title="bbox 403 3347 1984 3420">
     <span class='ocr_line' id='line_1_64' title="bbox 403 3347 1984 3420; baseline 0.006 -25"><span class='ocrx_word' id='word_1_471' title='bbox 403 3359 564 3412; x_wconf 88' lang='lat' dir='ltr'><strong>quam</strong></span> <span class='ocrx_word' id='word_1_472' title='bbox 595 3349 824 3413; x_wconf 90' lang='lat' dir='ltr'><strong>accepit,</strong></span> <span class='ocrx_word' id='word_1_473' title='bbox 860 3347 908 3401; x_wconf 91' lang='lat' dir='ltr'><strong>ei</strong></span> <span class='ocrx_word' id='word_1_474' title='bbox 938 3349 1046 3402; x_wconf 89' lang='lat' dir='ltr'><strong>vim</strong></span> <span class='ocrx_word' id='word_1_475' title='bbox 1079 3349 1275 3403; x_wconf 75' lang='lat' dir='ltr'><strong>afferre</strong></span> <span class='ocrx_word' id='word_1_476' title='bbox 1305 3366 1410 3404; x_wconf 87' lang='lat' dir='ltr'><strong>non</strong></span> <span class='ocrx_word' id='word_1_477' title='bbox 1440 3360 1639 3420; x_wconf 89' lang='lat' dir='ltr'><strong>potest.</strong></span> <span class='ocrx_word' id='word_1_478' title='bbox 1670 3351 1811 3404; x_wconf 88' lang='lat' dir='ltr'><strong>Deus</strong></span> <span class='ocrx_word' id='word_1_479' title='bbox 1839 3351 1984 3404; x_wconf 91' lang='lat' dir='ltr'><strong>enim</strong></span> 
     </span>
    </p>
   </div>
   <div class='ocr_carea' id='block_1_65' title="bbox 405 3437 1984 3516">
    <p class='ocr_par' dir='ltr' id='par_1_65' title="bbox 405 3437 1984 3516">
     <span class='ocr_line' id='line_1_65' title="bbox 405 3437 1984 3516; baseline 0.004 -27"><span class='ocrx_word' id='word_1_480' title='bbox 405 3437 480 3490; x_wconf 87' lang='lat' dir='ltr'><strong>illi</strong></span> <span class='ocrx_word' id='word_1_481' title='bbox 517 3437 836 3506; x_wconf 90' lang='lat' dir='ltr'><strong>opitulatur,</strong></span> <span class='ocrx_word' id='word_1_482' title='bbox 869 3440 1011 3494; x_wconf 91' lang='lat' dir='ltr'><strong>sicut</strong></span> <span class='ocrx_word' id='word_1_483' title='bbox 1047 3442 1308 3510; x_wconf 89' lang='lat' dir='ltr'><strong>scriptum</strong></span> <span class='ocrx_word' id='word_1_484' title='bbox 1340 3452 1426 3498; x_wconf 83' lang='lat' dir='ltr'><strong>est</strong></span> <span class='ocrx_word' id='word_1_485' title='bbox 1455 3461 1469 3497; x_wconf 85' lang='lat'><strong>:</strong></span> <span class='ocrx_word' id='word_1_486' title='bbox 1505 3441 1773 3516; x_wconf 76' lang='lat' dir='ltr'><strong>Revertere</strong></span> <span class='ocrx_word' id='word_1_487' title='bbox 1797 3445 1852 3497; x_wconf 87' lang='lat' dir='ltr'><strong>in</strong></span> <span class='ocrx_word' id='word_1_488' title='bbox 1882 3455 1984 3498; x_wconf 80' lang='lat' dir='ltr'><strong>ter-</strong></span> 
     </span>
    </p>
   </div>
   <div class='ocr_carea' id='block_1_66' title="bbox 405 3533 2012 3597">
    <p class='ocr_par' dir='ltr' id='par_1_66' title="bbox 405 3533 2012 3597">
     <span class='ocr_line' id='line_1_66' title="bbox 405 3533 2012 3597; baseline 0.011 -19"><span class='ocrx_word' id='word_1_489' title='bbox 405 3544 519 3581; x_wconf 86' lang='lat' dir='ltr'><strong>ram</strong></span> <span class='ocrx_word' id='word_1_490' title='bbox 555 3533 905 3597; x_wconf 79' lang='lat' dir='ltr'><strong>generationis</strong></span> <span class='ocrx_word' id='word_1_491' title='bbox 937 3542 1070 3597; x_wconf 84' lang='lat' dir='ltr'><strong>tute,</strong></span> <span class='ocrx_word' id='word_1_492' title='bbox 1101 3542 1148 3587; x_wconf 84' lang='lat' dir='ltr'><strong>et</strong></span> <span class='ocrx_word' id='word_1_493' title='bbox 1182 3550 1270 3588; x_wconf 84' lang='lat' dir='ltr'><strong>ero</strong></span> <span class='ocrx_word' id='word_1_494' title='bbox 1298 3545 1463 3589; x_wconf 86' lang='lat' dir='ltr'><strong>tecum</strong></span> <span class='ocrx_word' id='word_1_495' title='bbox 1493 3535 1560 3592; x_wconf 80' lang='grc'><strong>³⁸.</strong></span> <span class='ocrx_word' id='word_1_496' title='bbox 1607 3535 1799 3590; x_wconf 88' lang='lat' dir='ltr'><strong>Postea</strong></span> <span class='ocrx_word' id='word_1_497' title='bbox 1839 3537 2012 3596; x_wconf 84' lang='lat' dir='ltr'><strong>venit.</strong></span> 
     </span>
    </p>
   </div>
   <div class='ocr_carea' id='block_1_67' title="bbox 405 3622 1984 3695">
    <p class='ocr_par' dir='ltr' id='par_1_67' title="bbox 405 3622 1984 3695">
     <span class='ocr_line' id='line_1_67' title="bbox 405 3622 1984 3695; baseline 0.004 -19"><span class='ocrx_word' id='word_1_498' title='bbox 405 3622 457 3676; x_wconf 92' lang='lat' dir='ltr'><strong>in</strong></span> <span class='ocrx_word' id='word_1_499' title='bbox 492 3622 707 3689; x_wconf 86' lang='lat' dir='ltr'><strong>Salem,</strong></span> <span class='ocrx_word' id='word_1_500' title='bbox 742 3633 792 3677; x_wconf 90' lang='lat' dir='ltr'><strong>et</strong></span> <span class='ocrx_word' id='word_1_501' title='bbox 820 3624 950 3678; x_wconf 90' lang='lat' dir='ltr'><strong>emit</strong></span> <span class='ocrx_word' id='word_1_502' title='bbox 991 3625 1061 3678; x_wconf 87' lang='lat' dir='ltr'><strong>ibi</strong></span> <span class='ocrx_word' id='word_1_503' title='bbox 1109 3641 1330 3695; x_wconf 85' lang='lat' dir='ltr'><strong>agrum,</strong></span> <span class='ocrx_word' id='word_1_504' title='bbox 1379 3636 1435 3680; x_wconf 90' lang='lat' dir='ltr'><strong>ct</strong></span> <span class='ocrx_word' id='word_1_505' title='bbox 1478 3626 1770 3681; x_wconf 73' lang='lat' dir='ltr'><strong>tedilicavit</strong></span> <span class='ocrx_word' id='word_1_506' title='bbox 1812 3628 1984 3682; x_wconf 88' lang='lat' dir='ltr'><strong>altare</strong></span> 
     </span>
    </p>
   </div>
   <div class='ocr_carea' id='block_1_68' title="bbox 406 3714 1982 3782">
    <p class='ocr_par' dir='ltr' id='par_1_68' title="bbox 406 3714 1982 3782">
     <span class='ocr_line' id='line_1_68' title="bbox 406 3714 1982 3782; baseline 0.004 -16"><span class='ocrx_word' id='word_1_507' title='bbox 406 3714 536 3766; x_wconf 85' lang='lat' dir='ltr'><strong>Deo.</strong></span> <span class='ocrx_word' id='word_1_508' title='bbox 573 3714 754 3768; x_wconf 82' lang='lat' dir='ltr'><strong>Salem</strong></span> <span class='ocrx_word' id='word_1_509' title='bbox 787 3728 870 3768; x_wconf 82' lang='lat' dir='ltr'><strong>est</strong></span> <span class='ocrx_word' id='word_1_510' title='bbox 898 3731 1023 3782; x_wconf 75' lang='lat' dir='ltr'><strong>pax.</strong></span> <span class='ocrx_word' id='word_1_511' title='bbox 1068 3715 1201 3769; x_wconf 90' lang='lat' dir='ltr'><strong>Cum</strong></span> <span class='ocrx_word' id='word_1_512' title='bbox 1245 3718 1388 3770; x_wconf 90' lang='lat' dir='ltr'><strong>enim</strong></span> <span class='ocrx_word' id='word_1_513' title='bbox 1421 3717 1580 3770; x_wconf 89' lang='lat' dir='ltr'><strong>homo</strong></span> <span class='ocrx_word' id='word_1_514' title='bbox 1616 3717 1810 3773; x_wconf 89' lang='lat' dir='ltr'><strong>bellum</strong></span> <span class='ocrx_word' id='word_1_515' title='bbox 1855 3736 1982 3774; x_wconf 84' lang='lat' dir='ltr'><strong>cva-</strong></span> 
     </span>
    </p>
   </div>
   <div class='ocr_carea' id='block_1_69' title="bbox 403 3804 1982 3880">
    <p class='ocr_par' dir='ltr' id='par_1_69' title="bbox 403 3804 1982 3880">
     <span class='ocr_line' id='line_1_69' title="bbox 403 3804 1982 3880; baseline 0.004 -22"><span class='ocrx_word' id='word_1_516' title='bbox 403 3804 559 3866; x_wconf 88' lang='lat' dir='ltr'><strong>serit,</strong></span> <span class='ocrx_word' id='word_1_517' title='bbox 595 3804 647 3857; x_wconf 92' lang='lat' dir='ltr'><strong>in</strong></span> <span class='ocrx_word' id='word_1_518' title='bbox 679 3819 787 3874; x_wconf 84' lang='lat' dir='ltr'><strong>quo</strong></span> <span class='ocrx_word' id='word_1_519' title='bbox 817 3804 1058 3860; x_wconf 87' lang='lat' dir='ltr'><strong>defendit</strong></span> <span class='ocrx_word' id='word_1_520' title='bbox 1089 3821 1210 3861; x_wconf 91' lang='lat' dir='ltr'><strong>eum</strong></span> <span class='ocrx_word' id='word_1_521' title='bbox 1256 3806 1430 3876; x_wconf 85' lang='lat' dir='ltr'><strong>Deus,</strong></span> <span class='ocrx_word' id='word_1_522' title='bbox 1480 3810 1625 3864; x_wconf 88' lang='lat' dir='ltr'><strong>venit</strong></span> <span class='ocrx_word' id='word_1_523' title='bbox 1665 3811 1730 3863; x_wconf 90' lang='lat' dir='ltr'><strong>ad</strong></span> <span class='ocrx_word' id='word_1_524' title='bbox 1772 3826 1982 3880; x_wconf 89' lang='lat' dir='ltr'><strong>pacem,</strong></span> 
     </span>
    </p>
   </div>
   <div class='ocr_carea' id='block_1_70' title="bbox 402 3895 1984 3967">
    <p class='ocr_par' dir='ltr' id='par_1_70' title="bbox 402 3895 1984 3967">
     <span class='ocr_line' id='line_1_70' title="bbox 402 3895 1984 3967; baseline 0.004 -17"><span class='ocrx_word' id='word_1_525' title='bbox 402 3905 454 3950; x_wconf 89' lang='lat' dir='ltr'><strong>et</strong></span> <span class='ocrx_word' id='word_1_526' title='bbox 511 3895 798 3951; x_wconf 89' lang='lat' dir='ltr'><strong>duodecim</strong></span> <span class='ocrx_word' id='word_1_527' title='bbox 851 3897 1120 3967; x_wconf 90' lang='lat' dir='ltr'><strong>lapidibus</strong></span> <span class='ocrx_word' id='word_1_528' title='bbox 1163 3898 1334 3954; x_wconf 87' lang='lat' dir='ltr'><strong>altare</strong></span> <span class='ocrx_word' id='word_1_529' title='bbox 1379 3900 1689 3964; x_wconf 89' lang='lat' dir='ltr'><strong>constituit,</strong></span> <span class='ocrx_word' id='word_1_530' title='bbox 1727 3912 1782 3956; x_wconf 87' lang='lat' dir='ltr'><strong>et</strong></span> <span class='ocrx_word' id='word_1_531' title='bbox 1829 3902 1984 3956; x_wconf 74' lang='lat' dir='ltr'><strong>ollert</strong></span> 
     </span>
    </p>
   </div>
   <div class='ocr_carea' id='block_1_71' title="bbox 405 3986 1983 4061">
    <p class='ocr_par' dir='ltr' id='par_1_71' title="bbox 405 3986 1983 4061">
     <span class='ocr_line' id='line_1_71' title="bbox 405 3986 1983 4061; baseline 0.003 -21"><span class='ocrx_word' id='word_1_532' title='bbox 405 4001 566 4054; x_wconf 80' lang='lat' dir='ltr'><strong>Super</strong></span> <span class='ocrx_word' id='word_1_533' title='bbox 597 3986 686 4042; x_wconf 91' lang='lat' dir='ltr'><strong>illo</strong></span> <span class='ocrx_word' id='word_1_534' title='bbox 719 4002 786 4042; x_wconf 82' lang='lat' dir='ltr'><strong>ex</strong></span> <span class='ocrx_word' id='word_1_535' title='bbox 825 3988 1100 4043; x_wconf 88' lang='lat' dir='ltr'><strong>laboribus</strong></span> <span class='ocrx_word' id='word_1_536' title='bbox 1129 3991 1410 4045; x_wconf 90' lang='lat' dir='ltr'><strong>servitutis</strong></span> <span class='ocrx_word' id='word_1_537' title='bbox 1445 4005 1604 4060; x_wconf 86' lang='lat' dir='ltr'><strong>quam</strong></span> <span class='ocrx_word' id='word_1_538' title='bbox 1643 3992 1698 4044; x_wconf 94' lang='lat' dir='ltr'><strong>in</strong></span> <span class='ocrx_word' id='word_1_539' title='bbox 1741 3989 1983 4061; x_wconf 77' lang='lat' dir='ltr'><strong>Mesopo—</strong></span> 
     </span>
    </p>
   </div>
   <div class='ocr_carea' id='block_1_72' title="bbox 406 4081 1980 4155">
    <p class='ocr_par' dir='ltr' id='par_1_72' title="bbox 406 4081 1980 4155">
     <span class='ocr_line' id='line_1_72' title="bbox 406 4081 1980 4155; baseline 0.004 -23"><span class='ocrx_word' id='word_1_540' title='bbox 406 4082 567 4133; x_wconf 88' lang='lat' dir='ltr'><strong>tamia</strong></span> <span class='ocrx_word' id='word_1_541' title='bbox 618 4081 880 4147; x_wconf 86' lang='lat' dir='ltr'><strong>servivit,</strong></span> <span class='ocrx_word' id='word_1_542' title='bbox 927 4082 981 4136; x_wconf 93' lang='lat' dir='ltr'><strong>in</strong></span> <span class='ocrx_word' id='word_1_543' title='bbox 1039 4084 1385 4154; x_wconf 89' lang='lat' dir='ltr'><strong>possessione</strong></span> <span class='ocrx_word' id='word_1_544' title='bbox 1435 4099 1596 4154; x_wconf 88' lang='lat' dir='ltr'><strong>quam</strong></span> <span class='ocrx_word' id='word_1_545' title='bbox 1645 4085 1882 4155; x_wconf 89' lang='lat' dir='ltr'><strong>possedit</strong></span> <span class='ocrx_word' id='word_1_546' title='bbox 1930 4087 1980 4140; x_wconf 88' lang='lat' dir='ltr'><strong>in</strong></span> 
     </span>
    </p>
   </div>
   <div class='ocr_carea' id='block_1_73' title="bbox 405 4175 984 4242">
    <p class='ocr_par' dir='ltr' id='par_1_73' title="bbox 405 4175 984 4242">
     <span class='ocr_line' id='line_1_73' title="bbox 405 4175 984 4242; baseline 0.007 -16"><span class='ocrx_word' id='word_1_547' title='bbox 405 4182 545 4227; x_wconf 90' lang='lat' dir='ltr'><strong>terra</strong></span> <span class='ocrx_word' id='word_1_548' title='bbox 589 4175 984 4242; x_wconf 86' lang='lat' dir='ltr'><strong>promissionis.</strong></span> 
     </span>
    </p>
   </div>
   <div class='ocr_carea' id='block_1_74' title="bbox 471 4263 1983 4337">
    <p class='ocr_par' dir='ltr' id='par_1_74' title="bbox 471 4263 1983 4337">
     <span class='ocr_line' id='line_1_74' title="bbox 471 4263 1983 4337; baseline 0.005 -21"><span class='ocrx_word' id='word_1_549' title='bbox 471 4265 563 4318; x_wconf 80' lang='lat' dir='ltr'><strong>Xl.</strong></span> <span class='ocrx_word' id='word_1_550' title='bbox 599 4263 748 4319; x_wconf 88' lang='lat' dir='ltr'><strong>Talis</strong></span> <span class='ocrx_word' id='word_1_551' title='bbox 785 4265 885 4320; x_wconf 85' lang='lat' dir='ltr'><strong>fuit</strong></span> <span class='ocrx_word' id='word_1_552' title='bbox 919 4275 974 4320; x_wconf 91' lang='lat' dir='ltr'><strong>et</strong></span> <span class='ocrx_word' id='word_1_553' title='bbox 1003 4267 1232 4324; x_wconf 88' lang='lat' dir='ltr'><strong>dilectus</strong></span> <span class='ocrx_word' id='word_1_554' title='bbox 1272 4269 1378 4324; x_wconf 88' lang='lat' dir='ltr'><strong>Deo</strong></span> <span class='ocrx_word' id='word_1_555' title='bbox 1409 4270 1602 4337; x_wconf 82' lang='lat' dir='ltr'><strong>Moses,</strong></span> <span class='ocrx_word' id='word_1_556' title='bbox 1642 4287 1761 4324; x_wconf 86' lang='lat' dir='ltr'><strong>cum</strong></span> <span class='ocrx_word' id='word_1_557' title='bbox 1798 4269 1983 4323; x_wconf 78' lang='lat' dir='ltr'><strong>eduxit</strong></span> 
     </span>
    </p>
   </div>
   <div class='ocr_carea' id='block_1_75' title="bbox 403 4357 1981 4430">
    <p class='ocr_par' dir='ltr' id='par_1_75' title="bbox 403 4357 1981 4430">
     <span class='ocr_line' id='line_1_75' title="bbox 403 4357 1981 4430; baseline 0.006 -22"><span class='ocrx_word' id='word_1_558' title='bbox 403 4357 657 4426; x_wconf 90' lang='lat' dir='ltr'><strong>p0pulum</strong></span> <span class='ocrx_word' id='word_1_559' title='bbox 701 4372 764 4412; x_wconf 82' lang='lat' dir='ltr'><strong>ex</strong></span> <span class='ocrx_word' id='word_1_560' title='bbox 811 4358 1063 4429; x_wconf 72' lang='lat' dir='ltr'><strong>1Egypto,</strong></span> <span class='ocrx_word' id='word_1_561' title='bbox 1096 4377 1326 4430; x_wconf 91' lang='lat' dir='ltr'><strong>eumque</strong></span> <span class='ocrx_word' id='word_1_562' title='bbox 1369 4363 1434 4418; x_wconf 89' lang='lat' dir='ltr'><strong>de</strong></span> <span class='ocrx_word' id='word_1_563' title='bbox 1476 4380 1634 4418; x_wconf 90' lang='lat' dir='ltr'><strong>tnanu</strong></span> <span class='ocrx_word' id='word_1_564' title='bbox 1683 4364 1981 4418; x_wconf 86' lang='lat' dir='ltr'><strong>Pharaonis</strong></span> 
     </span>
    </p>
   </div>
   <div class='ocr_carea' id='block_1_76' title="bbox 2091 3168 3672 3242">
    <p class='ocr_par' dir='ltr' id='par_1_76' title="bbox 2091 3168 3672 3242">
     <span class='ocr_line' id='line_1_76' title="bbox 2091 3168 3672 3242; baseline -0.004 -15"><span class='ocrx_word' id='word_1_565' title='bbox 2091 3174 2294 3242; x_wconf 87' lang='lat' dir='ltr'><strong>inquit,</strong></span> <span class='ocrx_word' id='word_1_566' title='bbox 2326 3172 2542 3226; x_wconf 85' lang='lat' dir='ltr'><strong>nomino</strong></span> <span class='ocrx_word' id='word_1_567' title='bbox 2585 3171 2801 3225; x_wconf 86' lang='lat' dir='ltr'><strong>deorum</strong></span> <span class='ocrx_word' id='word_1_568' title='bbox 2839 3181 3162 3235; x_wconf 78' lang='lat' dir='ltr'><strong>vestrorum,</strong></span> <span class='ocrx_word' id='word_1_569' title='bbox 3195 3178 3240 3223; x_wconf 78' lang='lat' dir='ltr'><strong>et</strong></span> <span class='ocrx_word' id='word_1_570' title='bbox 3287 3185 3378 3238; x_wconf 80' lang='lat' dir='ltr'><strong>ego</strong></span> <span class='ocrx_word' id='word_1_571' title='bbox 3423 3168 3672 3221; x_wconf 79' lang='lat' dir='ltr'><strong>invocabo</strong></span> 
     </span>
    </p>
   </div>
   <div class='ocr_carea' id='block_1_77' title="bbox 2089 3260 3672 3333">
    <p class='ocr_par' dir='ltr' id='par_1_77' title="bbox 2089 3260 3672 3333">
     <span class='ocr_line' id='line_1_77' title="bbox 2089 3260 3672 3333; baseline -0.003 -17"><span class='ocrx_word' id='word_1_572' title='bbox 2089 3282 2273 3318; x_wconf 76' lang='lat' dir='ltr'><strong>nomen</strong></span> <span class='ocrx_word' id='word_1_573' title='bbox 2328 3263 2538 3318; x_wconf 83' lang='lat' dir='ltr'><strong>Domini</strong></span> <span class='ocrx_word' id='word_1_574' title='bbox 2583 3264 2681 3317; x_wconf 76' lang='lat' dir='ltr'><strong>Dei</strong></span> <span class='ocrx_word' id='word_1_575' title='bbox 2732 3264 2866 3327; x_wconf 84' lang='lat' dir='ltr'><strong>mei;</strong></span> <span class='ocrx_word' id='word_1_576' title='bbox 2915 3273 2962 3315; x_wconf 85' lang='lat' dir='ltr'><strong>et</strong></span> <span class='ocrx_word' id='word_1_577' title='bbox 3000 3262 3292 3333; x_wconf 81' lang='lat' dir='ltr'><strong>quicunque</strong></span> <span class='ocrx_word' id='word_1_578' title='bbox 3323 3260 3581 3312; x_wconf 71' lang='lat' dir='ltr'><strong>audiverit</strong></span> <span class='ocrx_word' id='word_1_579' title='bbox 3618 3260 3672 3312; x_wconf 89' lang='lat' dir='ltr'><strong>in</strong></span> 
     </span>
    </p>
   </div>
   <div class='ocr_carea' id='block_1_78' title="bbox 2087 3351 3674 3425">
    <p class='ocr_par' dir='ltr' id='par_1_78' title="bbox 2087 3351 3674 3425">
     <span class='ocr_line' id='line_1_78' title="bbox 2087 3351 3674 3425; baseline -0.002 -16"><span class='ocrx_word' id='word_1_580' title='bbox 2087 3358 2224 3425; x_wconf 87' lang='lat' dir='ltr'><strong>igne,</strong></span> <span class='ocrx_word' id='word_1_581' title='bbox 2289 3358 2332 3410; x_wconf 94' lang='lat' dir='ltr'><strong>is</strong></span> <span class='ocrx_word' id='word_1_582' title='bbox 2383 3357 2482 3409; x_wconf 83' lang='lat' dir='ltr'><strong>erit</strong></span> <span class='ocrx_word' id='word_1_583' title='bbox 2543 3355 2800 3409; x_wconf 81' lang='lat' dir='ltr'><strong>Dominus</strong></span> <span class='ocrx_word' id='word_1_584' title='bbox 2837 3355 2978 3409; x_wconf 82' lang='lat' dir='ltr'><strong>Deus</strong></span> <span class='ocrx_word' id='word_1_585' title='bbox 3035 3355 3101 3409; x_wconf 76' lang='lat'><strong>&quot;.</strong></span> <span class='ocrx_word' id='word_1_586' title='bbox 3159 3352 3416 3418; x_wconf 80' lang='lat' dir='ltr'><strong>Quamvis</strong></span> <span class='ocrx_word' id='word_1_587' title='bbox 3471 3351 3674 3406; x_wconf 82' lang='lat' dir='ltr'><strong>animis</strong></span> 
     </span>
    </p>
   </div>
   <div class='ocr_carea' id='block_1_79' title="bbox 2087 3445 3669 3513">
    <p class='ocr_par' dir='ltr' id='par_1_79' title="bbox 2087 3445 3669 3513">
     <span class='ocr_line' id='line_1_79' title="bbox 2087 3445 3669 3513; baseline -0.006 -13"><span class='ocrx_word' id='word_1_588' title='bbox 2087 3445 2290 3500; x_wconf 89' lang='lat' dir='ltr'><strong>nostris</strong></span> <span class='ocrx_word' id='word_1_589' title='bbox 2321 3445 2594 3498; x_wconf 70' lang='lat' dir='ltr'><strong>daemones</strong></span> <span class='ocrx_word' id='word_1_590' title='bbox 2639 3455 2931 3513; x_wconf 81' lang='lat' dir='ltr'><strong>suggerant</strong></span> <span class='ocrx_word' id='word_1_591' title='bbox 2979 3446 3304 3497; x_wconf 89' lang='lat' dir='ltr'><strong>tentationes</strong></span> <span class='ocrx_word' id='word_1_592' title='bbox 3327 3481 3343 3504; x_wconf 90' lang='lat'><strong>,</strong></span> <span class='ocrx_word' id='word_1_593' title='bbox 3372 3455 3462 3496; x_wconf 87' lang='lat' dir='ltr'><strong>eas</strong></span> <span class='ocrx_word' id='word_1_594' title='bbox 3488 3451 3669 3494; x_wconf 89' lang='lat' dir='ltr'><strong>tamen</strong></span> 
     </span>
    </p>
   </div>
   <div class='ocr_carea' id='block_1_80' title="bbox 2088 3530 3674 3604">
    <p class='ocr_par' dir='ltr' id='par_1_80' title="bbox 2088 3530 3674 3604">
     <span class='ocr_line' id='line_1_80' title="bbox 2088 3530 3674 3604; baseline -0.001 -16"><span class='ocrx_word' id='word_1_595' title='bbox 2088 3534 2245 3588; x_wconf 89' lang='lat' dir='ltr'><strong>nobis</strong></span> <span class='ocrx_word' id='word_1_596' title='bbox 2275 3534 2458 3587; x_wconf 85' lang='lat' dir='ltr'><strong>invitis</strong></span> <span class='ocrx_word' id='word_1_597' title='bbox 2486 3535 2552 3587; x_wconf 89' lang='lat' dir='ltr'><strong>ad</strong></span> <span class='ocrx_word' id='word_1_598' title='bbox 2584 3535 2788 3587; x_wconf 83' lang='lat' dir='ltr'><strong>exitum</strong></span> <span class='ocrx_word' id='word_1_599' title='bbox 2819 3534 3116 3604; x_wconf 80' lang='lat' dir='ltr'><strong>perducere</strong></span> <span class='ocrx_word' id='word_1_600' title='bbox 3145 3539 3438 3602; x_wconf 86' lang='lat' dir='ltr'><strong>nequeunt.</strong></span> <span class='ocrx_word' id='word_1_601' title='bbox 3469 3530 3674 3587; x_wconf 88' lang='lat' dir='ltr'><strong>Omnes</strong></span> 
     </span>
    </p>
   </div>
   <div class='ocr_carea' id='block_1_81' title="bbox 2087 3624 3676 3695">
    <p class='ocr_par' dir='ltr' id='par_1_81' title="bbox 2087 3624 3676 3695">
     <span class='ocr_line' id='line_1_81' title="bbox 2087 3624 3676 3695; baseline -0.003 -15"><span class='ocrx_word' id='word_1_602' title='bbox 2087 3627 2162 3680; x_wconf 93' lang='lat' dir='ltr'><strong>illi</strong></span> <span class='ocrx_word' id='word_1_603' title='bbox 2195 3625 2410 3695; x_wconf 90' lang='lat' dir='ltr'><strong>quidem</strong></span> <span class='ocrx_word' id='word_1_604' title='bbox 2447 3625 2588 3679; x_wconf 90' lang='lat' dir='ltr'><strong>vires</strong></span> <span class='ocrx_word' id='word_1_605' title='bbox 2611 3626 2896 3679; x_wconf 88' lang='lat' dir='ltr'><strong>conferunt</strong></span> <span class='ocrx_word' id='word_1_606' title='bbox 2925 3641 3052 3680; x_wconf 91' lang='lat' dir='ltr'><strong>suas</strong></span> <span class='ocrx_word' id='word_1_607' title='bbox 3087 3641 3102 3691; x_wconf 90' lang='lat'><strong>;</strong></span> <span class='ocrx_word' id='word_1_608' title='bbox 3139 3624 3232 3680; x_wconf 88' lang='lat' dir='ltr'><strong>sed</strong></span> <span class='ocrx_word' id='word_1_609' title='bbox 3264 3640 3357 3680; x_wconf 90' lang='lat' dir='ltr'><strong>eos</strong></span> <span class='ocrx_word' id='word_1_610' title='bbox 3388 3640 3493 3678; x_wconf 88' lang='lat' dir='ltr'><strong>non</strong></span> <span class='ocrx_word' id='word_1_611' title='bbox 3526 3625 3676 3678; x_wconf 88' lang='lat' dir='ltr'><strong>audit</strong></span> 
     </span>
    </p>
   </div>
   <div class='ocr_carea' id='block_1_82' title="bbox 2090 3717 3674 3788">
    <p class='ocr_par' dir='ltr' id='par_1_82' title="bbox 2090 3717 3674 3788">
     <span class='ocr_line' id='line_1_82' title="bbox 2090 3717 3674 3788; baseline -0.003 -16"><span class='ocrx_word' id='word_1_612' title='bbox 2090 3718 2251 3772; x_wconf 91' lang='lat' dir='ltr'><strong>homo</strong></span> <span class='ocrx_word' id='word_1_613' title='bbox 2282 3717 2398 3782; x_wconf 89' lang='lat' dir='ltr'><strong>Dei,</strong></span> <span class='ocrx_word' id='word_1_614' title='bbox 2435 3719 2690 3788; x_wconf 88' lang='lat' dir='ltr'><strong>quoniam</strong></span> <span class='ocrx_word' id='word_1_615' title='bbox 2719 3719 2786 3773; x_wconf 89' lang='lat' dir='ltr'><strong>ab</strong></span> <span class='ocrx_word' id='word_1_616' title='bbox 2816 3717 2919 3772; x_wconf 91' lang='lat' dir='ltr'><strong>illis</strong></span> <span class='ocrx_word' id='word_1_617' title='bbox 2943 3719 3199 3773; x_wconf 90' lang='lat' dir='ltr'><strong>abhorret</strong></span> <span class='ocrx_word' id='word_1_618' title='bbox 3230 3733 3324 3771; x_wconf 90' lang='lat' dir='ltr'><strong>cor</strong></span> <span class='ocrx_word' id='word_1_619' title='bbox 3354 3718 3544 3787; x_wconf 91' lang='lat' dir='ltr'><strong>ipsius,</strong></span> <span class='ocrx_word' id='word_1_620' title='bbox 3568 3731 3674 3785; x_wconf 88' lang='lat' dir='ltr'><strong>quo</strong></span> 
     </span>
    </p>
   </div>
   <div class='ocr_carea' id='block_1_83' title="bbox 2087 3809 3674 3881">
    <p class='ocr_par' dir='ltr' id='par_1_83' title="bbox 2087 3809 3674 3881">
     <span class='ocr_line' id='line_1_83' title="bbox 2087 3809 3674 3881; baseline -0.003 -16"><span class='ocrx_word' id='word_1_621' title='bbox 2087 3811 2138 3865; x_wconf 91' lang='lat' dir='ltr'><strong>in</strong></span> <span class='ocrx_word' id='word_1_622' title='bbox 2186 3811 2288 3878; x_wconf 90' lang='lat' dir='ltr'><strong>Dei</strong></span> <span class='ocrx_word' id='word_1_623' title='bbox 2327 3811 2601 3866; x_wconf 87' lang='lat' dir='ltr'><strong>voluntate</strong></span> <span class='ocrx_word' id='word_1_624' title='bbox 2647 3813 2960 3881; x_wconf 82' lang='lat' dir='ltr'><strong>requiescit.</strong></span> <span class='ocrx_word' id='word_1_625' title='bbox 3007 3810 3284 3877; x_wconf 76' lang='lat' dir='ltr'><strong>Invocate,</strong></span> <span class='ocrx_word' id='word_1_626' title='bbox 3333 3809 3537 3880; x_wconf 86' lang='lat' dir='ltr'><strong>inquit,</strong></span> <span class='ocrx_word' id='word_1_627' title='bbox 3578 3827 3674 3861; x_wconf 89' lang='lat' dir='ltr'><strong>no-</strong></span> 
     </span>
    </p>
   </div>
   <div class='ocr_carea' id='block_1_84' title="bbox 2085 3899 3676 3972">
    <p class='ocr_par' dir='ltr' id='par_1_84' title="bbox 2085 3899 3676 3972">
     <span class='ocr_line' id='line_1_84' title="bbox 2085 3899 3676 3972; baseline -0.003 -16"><span class='ocrx_word' id='word_1_628' title='bbox 2085 3905 2229 3956; x_wconf 87' lang='lat' dir='ltr'><strong>mina</strong></span> <span class='ocrx_word' id='word_1_629' title='bbox 2261 3906 2477 3956; x_wconf 83' lang='lat' dir='ltr'><strong>deorum</strong></span> <span class='ocrx_word' id='word_1_630' title='bbox 2512 3911 2826 3966; x_wconf 78' lang='lat' dir='ltr'><strong>vestrorum,</strong></span> <span class='ocrx_word' id='word_1_631' title='bbox 2863 3915 2909 3956; x_wconf 81' lang='lat' dir='ltr'><strong>et</strong></span> <span class='ocrx_word' id='word_1_632' title='bbox 2949 3919 3042 3972; x_wconf 78' lang='lat' dir='ltr'><strong>ego</strong></span> <span class='ocrx_word' id='word_1_633' title='bbox 3077 3903 3324 3955; x_wconf 80' lang='lat' dir='ltr'><strong>invocabo</strong></span> <span class='ocrx_word' id='word_1_634' title='bbox 3359 3916 3550 3954; x_wconf 79' lang='lat' dir='ltr'><strong>nomen</strong></span> <span class='ocrx_word' id='word_1_635' title='bbox 3582 3899 3676 3953; x_wconf 79' lang='lat' dir='ltr'><strong>Dei</strong></span> 
     </span>
    </p>
   </div>
   <div class='ocr_carea' id='block_1_85' title="bbox 2085 3995 3060 4062">
    <p class='ocr_par' dir='ltr' id='par_1_85' title="bbox 2085 3995 3060 4062">
     <span class='ocr_line' id='line_1_85' title="bbox 2085 3995 3060 4062; baseline -0.003 -14"><span class='ocrx_word' id='word_1_636' title='bbox 2085 3999 2204 4050; x_wconf 55' lang='lat' dir='ltr'><strong>mei.</strong></span> <span class='ocrx_word' id='word_1_637' title='bbox 2241 3995 2392 4062; x_wconf 87' lang='lat' dir='ltr'><strong>Quod</strong></span> <span class='ocrx_word' id='word_1_638' title='bbox 2439 3996 2512 4050; x_wconf 92' lang='lat' dir='ltr'><strong>illi</strong></span> <span class='ocrx_word' id='word_1_639' title='bbox 2559 3995 2758 4049; x_wconf 89' lang='lat' dir='ltr'><strong>frustra</strong></span> <span class='ocrx_word' id='word_1_640' title='bbox 2797 3996 3060 4050; x_wconf 89' lang='lat' dir='ltr'><strong>fecerunt.</strong></span> 
     </span>
    </p>
   </div>
   <div class='ocr_carea' id='block_1_86' title="bbox 2158 4084 3674 4153">
    <p class='ocr_par' dir='ltr' id='par_1_86' title="bbox 2158 4084 3674 4153">
     <span class='ocr_line' id='line_1_86' title="bbox 2158 4084 3674 4153; baseline -0.005 -12"><span class='ocrx_word' id='word_1_641' title='bbox 2158 4087 2269 4141; x_wconf 77' lang='lat' dir='ltr'><strong>XII.</strong></span> <span class='ocrx_word' id='word_1_642' title='bbox 2310 4085 2436 4141; x_wconf 63' lang='lat' dir='ltr'><strong>llaec</strong></span> <span class='ocrx_word' id='word_1_643' title='bbox 2463 4086 2531 4140; x_wconf 91' lang='lat' dir='ltr'><strong>ad</strong></span> <span class='ocrx_word' id='word_1_644' title='bbox 2579 4086 2864 4140; x_wconf 88' lang='lat' dir='ltr'><strong>utilitatem</strong></span> <span class='ocrx_word' id='word_1_645' title='bbox 2915 4093 3163 4140; x_wconf 84' lang='lat' dir='ltr'><strong>nostram</strong></span> <span class='ocrx_word' id='word_1_646' title='bbox 3196 4084 3399 4153; x_wconf 88' lang='lat' dir='ltr'><strong>scripta</strong></span> <span class='ocrx_word' id='word_1_647' title='bbox 3432 4091 3585 4146; x_wconf 83' lang='lat' dir='ltr'><strong>sunt.</strong></span> <span class='ocrx_word' id='word_1_648' title='bbox 3621 4092 3674 4134; x_wconf 91' lang='lat' dir='ltr'><strong>ut</strong></span> 
     </span>
    </p>
   </div>
   <div class='ocr_carea' id='block_1_87' title="bbox 2086 4175 3674 4248">
    <p class='ocr_par' dir='ltr' id='par_1_87' title="bbox 2086 4175 3674 4248">
     <span class='ocr_line' id='line_1_87' title="bbox 2086 4175 3674 4248; baseline -0.004 -16"><span class='ocrx_word' id='word_1_649' title='bbox 2086 4193 2379 4248; x_wconf 88' lang='lat' dir='ltr'><strong>sequamur</strong></span> <span class='ocrx_word' id='word_1_650' title='bbox 2433 4193 2619 4232; x_wconf 90' lang='lat' dir='ltr'><strong>eorum</strong></span> <span class='ocrx_word' id='word_1_651' title='bbox 2673 4177 2924 4246; x_wconf 84' lang='lat' dir='ltr'><strong>vestigia,</strong></span> <span class='ocrx_word' id='word_1_652' title='bbox 2957 4177 3049 4245; x_wconf 90' lang='lat' dir='ltr'><strong>qui</strong></span> <span class='ocrx_word' id='word_1_653' title='bbox 3107 4176 3364 4229; x_wconf 84' lang='lat' dir='ltr'><strong>virtutum</strong></span> <span class='ocrx_word' id='word_1_654' title='bbox 3394 4175 3577 4228; x_wconf 91' lang='lat' dir='ltr'><strong>studio</strong></span> <span class='ocrx_word' id='word_1_655' title='bbox 3611 4175 3674 4226; x_wconf 90' lang='lat' dir='ltr'><strong>ad</strong></span> 
     </span>
    </p>
   </div>
   <div class='ocr_carea' id='block_1_88' title="bbox 2085 4265 3672 4337">
    <p class='ocr_par' dir='ltr' id='par_1_88' title="bbox 2085 4265 3672 4337">
     <span class='ocr_line' id='line_1_88' title="bbox 2085 4265 3672 4337; baseline -0.003 -15"><span class='ocrx_word' id='word_1_656' title='bbox 2085 4267 2396 4322; x_wconf 88' lang='lat' dir='ltr'><strong>felicitatem</strong></span> <span class='ocrx_word' id='word_1_657' title='bbox 2429 4269 2840 4323; x_wconf 90' lang='lat' dir='ltr'><strong>contenderunt.</strong></span> <span class='ocrx_word' id='word_1_658' title='bbox 2872 4266 3266 4337; x_wconf 85' lang='lat' dir='ltr'><strong>Confugiebant</strong></span> <span class='ocrx_word' id='word_1_659' title='bbox 3323 4266 3396 4319; x_wconf 92' lang='lat' dir='ltr'><strong>illi</strong></span> <span class='ocrx_word' id='word_1_660' title='bbox 3430 4267 3497 4319; x_wconf 88' lang='lat' dir='ltr'><strong>ad</strong></span> <span class='ocrx_word' id='word_1_661' title='bbox 3524 4265 3672 4319; x_wconf 78' lang='lat' dir='ltr'><strong>auxi-</strong></span> 
     </span>
    </p>
   </div>
   <div class='ocr_carea' id='block_1_89' title="bbox 2087 4359 3674 4430">
    <p class='ocr_par' dir='ltr' id='par_1_89' title="bbox 2087 4359 3674 4430">
     <span class='ocr_line' id='line_1_89' title="bbox 2087 4359 3674 4430; baseline -0.003 -16"><span class='ocrx_word' id='word_1_662' title='bbox 2087 4362 2214 4414; x_wconf 91' lang='lat' dir='ltr'><strong>lium</strong></span> <span class='ocrx_word' id='word_1_663' title='bbox 2249 4361 2362 4424; x_wconf 88' lang='lat' dir='ltr'><strong>Dei,</strong></span> <span class='ocrx_word' id='word_1_664' title='bbox 2393 4361 2444 4414; x_wconf 92' lang='lat' dir='ltr'><strong>iu</strong></span> <span class='ocrx_word' id='word_1_665' title='bbox 2469 4377 2641 4430; x_wconf 89' lang='lat' dir='ltr'><strong>eoque</strong></span> <span class='ocrx_word' id='word_1_666' title='bbox 2669 4376 2792 4430; x_wconf 89' lang='lat' dir='ltr'><strong>spes</strong></span> <span class='ocrx_word' id='word_1_667' title='bbox 2823 4375 2948 4415; x_wconf 87' lang='lat' dir='ltr'><strong>suas</strong></span> <span class='ocrx_word' id='word_1_668' title='bbox 2979 4375 3170 4414; x_wconf 90' lang='lat' dir='ltr'><strong>omnes</strong></span> <span class='ocrx_word' id='word_1_669' title='bbox 3194 4359 3559 4423; x_wconf 88' lang='lat' dir='ltr'><strong>collocabant,</strong></span> <span class='ocrx_word' id='word_1_670' title='bbox 3592 4359 3674 4410; x_wconf 88' lang='lat' dir='ltr'><strong>ni-</strong></span> 
     </span>
    </p>
   </div>
   <div class='ocr_carea' id='block_1_90' title="bbox 403 4436 3676 4523">
    <p class='ocr_par' dir='ltr' id='par_1_90' title="bbox 403 4436 3676 4523">
     <span class='ocr_line' id='line_1_90' title="bbox 403 4436 3676 4523; baseline 0 -21"><span class='ocrx_word' id='word_1_671' title='bbox 403 4449 684 4514; x_wconf 88' lang='lat' dir='ltr'><strong>liberavit,</strong></span> <span class='ocrx_word' id='word_1_672' title='bbox 746 4451 1064 4520; x_wconf 84' lang='lat' dir='ltr'><strong>trajecitqnc</strong></span> <span class='ocrx_word' id='word_1_673' title='bbox 1120 4451 1360 4507; x_wconf 79' lang='lat' dir='ltr'><strong>Rubrum</strong></span> <span class='ocrx_word' id='word_1_674' title='bbox 1430 4471 1576 4509; x_wconf 87' lang='lat' dir='ltr'><strong>mare</strong></span> <span class='ocrx_word' id='word_1_675' title='bbox 1631 4466 1685 4510; x_wconf 93' lang='lat' dir='ltr'><strong>et</strong></span> <span class='ocrx_word' id='word_1_676' title='bbox 1739 4456 1983 4516; x_wconf 83' lang='lat' dir='ltr'><strong>outnium</strong></span> <span class='ocrx_word' id='word_1_677' title='bbox 2021 4436 2062 4490; x_wconf 76' lang='grc' dir='ltr'>θ</span> <span class='ocrx_word' id='word_1_678' title='bbox 2095 4454 2165 4507; x_wconf 93' lang='lat' dir='ltr'><strong>hil</strong></span> <span class='ocrx_word' id='word_1_679' title='bbox 2188 4453 2392 4508; x_wconf 89' lang='lat' dir='ltr'><strong>viribus</strong></span> <span class='ocrx_word' id='word_1_680' title='bbox 2445 4453 2676 4523; x_wconf 86' lang='lat' dir='ltr'><strong>pr0priis</strong></span> <span class='ocrx_word' id='word_1_681' title='bbox 2705 4453 3057 4506; x_wconf 83' lang='lat' dir='ltr'><strong>confidentes.</strong></span> <span class='ocrx_word' id='word_1_682' title='bbox 3100 4451 3164 4505; x_wconf 83' lang='lat' dir='ltr'><strong>Et</strong></span> <span class='ocrx_word' id='word_1_683' title='bbox 3204 4451 3382 4504; x_wconf 87' lang='lat' dir='ltr'><strong>divina</strong></span> <span class='ocrx_word' id='word_1_684' title='bbox 3412 4451 3676 4521; x_wconf 83' lang='lat' dir='ltr'><strong>preteetio</strong></span> 
     </span>
    </p>
   </div>
   <div class='ocr_carea' id='block_1_91' title="bbox 407 4542 1986 4617">
    <p class='ocr_par' dir='ltr' id='par_1_91' title="bbox 407 4542 1986 4617">
     <span class='ocr_line' id='line_1_91' title="bbox 407 4542 1986 4617; baseline 0.006 -21"><span class='ocrx_word' id='word_1_685' title='bbox 407 4542 644 4596; x_wconf 89' lang='lat' dir='ltr'><strong>hostium</strong></span> <span class='ocrx_word' id='word_1_686' title='bbox 674 4557 894 4597; x_wconf 91' lang='lat' dir='ltr'><strong>suorum</strong></span> <span class='ocrx_word' id='word_1_687' title='bbox 936 4556 1166 4599; x_wconf 91' lang='lat' dir='ltr'><strong>mortem</strong></span> <span class='ocrx_word' id='word_1_688' title='bbox 1208 4549 1512 4617; x_wconf 77' lang='lat' dir='ltr'><strong>conspexit,</strong></span> <span class='ocrx_word' id='word_1_689' title='bbox 1544 4557 1599 4603; x_wconf 90' lang='lat' dir='ltr'><strong>et</strong></span> <span class='ocrx_word' id='word_1_690' title='bbox 1650 4549 1794 4603; x_wconf 89' lang='lat' dir='ltr'><strong>misit</strong></span> <span class='ocrx_word' id='word_1_691' title='bbox 1821 4549 1986 4605; x_wconf 80' lang='lat' dir='ltr'><strong>Josue</strong></span> 
     </span>
    </p>
   </div>
   <div class='ocr_carea' id='block_1_92' title="bbox 402 4635 1984 4708">
    <p class='ocr_par' dir='ltr' id='par_1_92' title="bbox 402 4635 1984 4708">
     <span class='ocr_line' id='line_1_92' title="bbox 402 4635 1984 4708; baseline 0.006 -21"><span class='ocrx_word' id='word_1_692' title='bbox 402 4643 462 4687; x_wconf 92' lang='lat' dir='ltr'><strong>ut</strong></span> <span class='ocrx_word' id='word_1_693' title='bbox 511 4635 766 4704; x_wconf 89' lang='lat' dir='ltr'><strong>perderet</strong></span> <span class='ocrx_word' id='word_1_694' title='bbox 809 4637 1054 4692; x_wconf 78' lang='lat' dir='ltr'><strong>Amalec.</strong></span> <span class='ocrx_word' id='word_1_695' title='bbox 1103 4636 1222 4708; x_wconf 80' lang='lat' dir='ltr'><strong>ipse</strong></span> <span class='ocrx_word' id='word_1_696' title='bbox 1268 4655 1392 4694; x_wconf 88' lang='lat' dir='ltr'><strong>vero</strong></span> <span class='ocrx_word' id='word_1_697' title='bbox 1434 4641 1486 4694; x_wconf 90' lang='lat' dir='ltr'><strong>in</strong></span> <span class='ocrx_word' id='word_1_698' title='bbox 1536 4642 1739 4696; x_wconf 82' lang='lat' dir='ltr'><strong>montis</strong></span> <span class='ocrx_word' id='word_1_699' title='bbox 1785 4643 1984 4696; x_wconf 85' lang='lat' dir='ltr'><strong>vertice</strong></span> 
     </span>
    </p>
   </div>
   <div class='ocr_carea' id='block_1_93' title="bbox 401 4729 1981 4799">
    <p class='ocr_par' dir='ltr' id='par_1_93' title="bbox 401 4729 1981 4799">
     <span class='ocr_line' id='line_1_93' title="bbox 401 4729 1981 4799; baseline 0.002 -16"><span class='ocrx_word' id='word_1_700' title='bbox 401 4729 682 4794; x_wconf 83' lang='lat' dir='ltr'><strong>constitit;</strong></span> <span class='ocrx_word' id='word_1_701' title='bbox 725 4740 780 4784; x_wconf 91' lang='lat' dir='ltr'><strong>et</strong></span> <span class='ocrx_word' id='word_1_702' title='bbox 826 4746 1022 4786; x_wconf 88' lang='lat' dir='ltr'><strong>manus</strong></span> <span class='ocrx_word' id='word_1_703' title='bbox 1061 4730 1177 4799; x_wconf 84' lang='lat' dir='ltr'><strong>ejus</strong></span> <span class='ocrx_word' id='word_1_704' title='bbox 1207 4732 1275 4786; x_wconf 89' lang='lat' dir='ltr'><strong>ab</strong></span> <span class='ocrx_word' id='word_1_705' title='bbox 1316 4733 1495 4786; x_wconf 86' lang='lat' dir='ltr'><strong>Aaron</strong></span> <span class='ocrx_word' id='word_1_706' title='bbox 1539 4743 1592 4786; x_wconf 89' lang='lat' dir='ltr'><strong>et</strong></span> <span class='ocrx_word' id='word_1_707' title='bbox 1635 4733 1710 4788; x_wconf 89' lang='lat' dir='ltr'><strong>0r</strong></span> <span class='ocrx_word' id='word_1_708' title='bbox 1747 4735 1981 4787; x_wconf 83' lang='lat' dir='ltr'><strong>sustine-</strong></span> 
     </span>
    </p>
   </div>
   <div class='ocr_carea' id='block_1_94' title="bbox 402 4821 1985 4895">
    <p class='ocr_par' dir='ltr' id='par_1_94' title="bbox 402 4821 1985 4895">
     <span class='ocr_line' id='line_1_94' title="bbox 402 4821 1985 4895; baseline 0.003 -20"><span class='ocrx_word' id='word_1_709' title='bbox 402 4821 619 4885; x_wconf 86' lang='lat' dir='ltr'><strong>bantur,</strong></span> <span class='ocrx_word' id='word_1_710' title='bbox 664 4836 732 4876; x_wconf 88' lang='lat' dir='ltr'><strong>ne</strong></span> <span class='ocrx_word' id='word_1_711' title='bbox 780 4837 845 4877; x_wconf 82' lang='lat' dir='ltr'><strong>ex</strong></span> <span class='ocrx_word' id='word_1_712' title='bbox 892 4824 1070 4878; x_wconf 89' lang='lat' dir='ltr'><strong>erucis</strong></span> <span class='ocrx_word' id='word_1_713' title='bbox 1113 4825 1295 4892; x_wconf 85' lang='lat' dir='ltr'><strong>specie</strong></span> <span class='ocrx_word' id='word_1_714' title='bbox 1333 4827 1384 4879; x_wconf 94' lang='lat' dir='ltr'><strong>in</strong></span> <span class='ocrx_word' id='word_1_715' title='bbox 1435 4841 1540 4895; x_wconf 89' lang='lat' dir='ltr'><strong>qtta</strong></span> <span class='ocrx_word' id='word_1_716' title='bbox 1592 4834 1748 4879; x_wconf 91' lang='lat' dir='ltr'><strong>erant</strong></span> <span class='ocrx_word' id='word_1_717' title='bbox 1780 4827 1985 4880; x_wconf 88' lang='lat' dir='ltr'><strong>consti-</strong></span> 
     </span>
    </p>
   </div>
   <div class='ocr_carea' id='block_1_95' title="bbox 405 4913 1984 4988">
    <p class='ocr_par' dir='ltr' id='par_1_95' title="bbox 405 4913 1984 4988">
     <span class='ocr_line' id='line_1_95' title="bbox 405 4913 1984 4988; baseline 0.002 -20"><span class='ocrx_word' id='word_1_718' title='bbox 405 4925 550 4978; x_wconf 73' lang='lat' dir='ltr'><strong>tutae,</strong></span> <span class='ocrx_word' id='word_1_719' title='bbox 579 4913 910 4970; x_wconf 87' lang='lat' dir='ltr'><strong>deciderent.</strong></span> <span class='ocrx_word' id='word_1_720' title='bbox 943 4915 1007 4969; x_wconf 85' lang='lat' dir='ltr'><strong>Et</strong></span> <span class='ocrx_word' id='word_1_721' title='bbox 1039 4932 1291 4971; x_wconf 87' lang='lat' dir='ltr'><strong>reversus</strong></span> <span class='ocrx_word' id='word_1_722' title='bbox 1313 4927 1397 4972; x_wconf 88' lang='lat' dir='ltr'><strong>est</strong></span> <span class='ocrx_word' id='word_1_723' title='bbox 1425 4916 1589 4972; x_wconf 87' lang='lat' dir='ltr'><strong>.Iosue</strong></span> <span class='ocrx_word' id='word_1_724' title='bbox 1614 4933 1735 4972; x_wconf 91' lang='lat' dir='ltr'><strong>cum</strong></span> <span class='ocrx_word' id='word_1_725' title='bbox 1767 4917 1984 4988; x_wconf 90' lang='lat' dir='ltr'><strong>gaudio,</strong></span> 
     </span>
    </p>
   </div>
   <div class='ocr_carea' id='block_1_96' title="bbox 402 5009 1988 5079">
    <p class='ocr_par' dir='ltr' id='par_1_96' title="bbox 402 5009 1988 5079">
     <span class='ocr_line' id='line_1_96' title="bbox 402 5009 1988 5079; baseline 0.001 -19"><span class='ocrx_word' id='word_1_726' title='bbox 402 5009 578 5064; x_wconf 75' lang='lat' dir='ltr'><strong>deleto</strong></span> <span class='ocrx_word' id='word_1_727' title='bbox 621 5011 861 5066; x_wconf 89' lang='lat' dir='ltr'><strong>Amalec.</strong></span> <span class='ocrx_word' id='word_1_728' title='bbox 899 5009 1052 5064; x_wconf 86' lang='lat' dir='ltr'><strong>Tunc</strong></span> <span class='ocrx_word' id='word_1_729' title='bbox 1096 5025 1259 5078; x_wconf 89' lang='lat' dir='ltr'><strong>super</strong></span> <span class='ocrx_word' id='word_1_730' title='bbox 1307 5022 1486 5064; x_wconf 89' lang='lat' dir='ltr'><strong>monte</strong></span> <span class='ocrx_word' id='word_1_731' title='bbox 1529 5011 1809 5066; x_wconf 87' lang='lat' dir='ltr'><strong>duodecim</strong></span> <span class='ocrx_word' id='word_1_732' title='bbox 1853 5011 1988 5079; x_wconf 85' lang='lat' dir='ltr'><strong>lapi-</strong></span> 
     </span>
    </p>
   </div>
   <div class='ocr_carea' id='block_1_97' title="bbox 403 5093 1982 5171">
    <p class='ocr_par' dir='ltr' id='par_1_97' title="bbox 403 5093 1982 5171">
     <span class='ocr_line' id='line_1_97' title="bbox 403 5093 1982 5171; baseline -0.001 -19"><span class='ocrx_word' id='word_1_733' title='bbox 403 5093 561 5156; x_wconf 86' lang='lat' dir='ltr'><strong>tltbus</strong></span> <span class='ocrx_word' id='word_1_734' title='bbox 614 5103 782 5156; x_wconf 84' lang='lat' dir='ltr'><strong>altare</strong></span> <span class='ocrx_word' id='word_1_735' title='bbox 819 5103 1146 5166; x_wconf 74' lang='lat' dir='ltr'><strong>construxit,</strong></span> <span class='ocrx_word' id='word_1_736' title='bbox 1181 5113 1226 5156; x_wconf 86' lang='lat' dir='ltr'><strong>et</strong></span> <span class='ocrx_word' id='word_1_737' title='bbox 1276 5103 1436 5156; x_wconf 89' lang='lat' dir='ltr'><strong>monti</strong></span> <span class='ocrx_word' id='word_1_738' title='bbox 1482 5119 1667 5156; x_wconf 87' lang='lat' dir='ltr'><strong>nomen</strong></span> <span class='ocrx_word' id='word_1_739' title='bbox 1717 5103 1982 5171; x_wconf 80' lang='lat' dir='ltr'><strong>imposuit,</strong></span> 
     </span>
    </p>
   </div>
   <div class='ocr_carea' id='block_1_98' title="bbox 402 5190 1983 5263">
    <p class='ocr_par' dir='ltr' id='par_1_98' title="bbox 402 5190 1983 5263">
     <span class='ocr_line' id='line_1_98' title="bbox 402 5190 1983 5263; baseline 0.003 -20"><span class='ocrx_word' id='word_1_740' title='bbox 402 5190 660 5246; x_wconf 85' lang='lat' dir='ltr'><strong>Dominus</strong></span> <span class='ocrx_word' id='word_1_741' title='bbox 682 5193 937 5262; x_wconf 78' lang='lat' dir='ltr'><strong>refugium</strong></span> <span class='ocrx_word' id='word_1_742' title='bbox 956 5210 1123 5248; x_wconf 85' lang='lat' dir='ltr'><strong>meum</strong></span> <span class='ocrx_word' id='word_1_743' title='bbox 1138 5194 1204 5258; x_wconf 77' lang='grc'><strong>⁸⁷,</strong></span> <span class='ocrx_word' id='word_1_744' title='bbox 1226 5194 1346 5262; x_wconf 86' lang='lat' dir='ltr'><strong>quia</strong></span> <span class='ocrx_word' id='word_1_745' title='bbox 1370 5208 1528 5247; x_wconf 87' lang='lat' dir='ltr'><strong>manu</strong></span> <span class='ocrx_word' id='word_1_746' title='bbox 1546 5193 1754 5248; x_wconf 81' lang='lat' dir='ltr'><strong>occulta</strong></span> <span class='ocrx_word' id='word_1_747' title='bbox 1779 5209 1983 5263; x_wconf 82' lang='lat' dir='ltr'><strong>pugna-</strong></span> 
     </span>
    </p>
   </div>
   <div class='ocr_carea' id='block_1_99' title="bbox 402 5284 1983 5358">
    <p class='ocr_par' dir='ltr' id='par_1_99' title="bbox 402 5284 1983 5358">
     <span class='ocr_line' id='line_1_99' title="bbox 402 5284 1983 5358; baseline 0.004 -23"><span class='ocrx_word' id='word_1_748' title='bbox 402 5284 476 5336; x_wconf 86' lang='lat' dir='ltr'><strong>vit</strong></span> <span class='ocrx_word' id='word_1_749' title='bbox 496 5285 634 5339; x_wconf 83' lang='lat' dir='ltr'><strong>Deus</strong></span> <span class='ocrx_word' id='word_1_750' title='bbox 663 5287 1040 5342; x_wconf 86' lang='lat' dir='ltr'><strong>cumAmalec.</strong></span> <span class='ocrx_word' id='word_1_751' title='bbox 1081 5288 1302 5342; x_wconf 84' lang='lat' dir='ltr'><strong>Amalec</strong></span> <span class='ocrx_word' id='word_1_752' title='bbox 1344 5287 1612 5358; x_wconf 81' lang='lat' dir='ltr'><strong>significat</strong></span> <span class='ocrx_word' id='word_1_753' title='bbox 1643 5287 1901 5340; x_wconf 81' lang='lat' dir='ltr'><strong>acediam.</strong></span> <span class='ocrx_word' id='word_1_754' title='bbox 1927 5287 1983 5341; x_wconf 86' lang='lat' dir='ltr'><strong>Si</strong></span> 
     </span>
    </p>
   </div>
   <div class='ocr_carea' id='block_1_100' title="bbox 404 5379 1985 5452">
    <p class='ocr_par' dir='ltr' id='par_1_100' title="bbox 404 5379 1985 5452">
     <span class='ocr_line' id='line_1_100' title="bbox 404 5379 1985 5452; baseline 0.004 -22"><span class='ocrx_word' id='word_1_755' title='bbox 404 5379 545 5431; x_wconf 86' lang='lat' dir='ltr'><strong>enim</strong></span> <span class='ocrx_word' id='word_1_756' title='bbox 583 5381 804 5451; x_wconf 71' lang='lat' dir='ltr'><strong>eruperit</strong></span> <span class='ocrx_word' id='word_1_757' title='bbox 837 5383 998 5437; x_wconf 90' lang='lat' dir='ltr'><strong>homo</strong></span> <span class='ocrx_word' id='word_1_758' title='bbox 1021 5397 1088 5436; x_wconf 78' lang='lat' dir='ltr'><strong>ex</strong></span> <span class='ocrx_word' id='word_1_759' title='bbox 1116 5383 1481 5436; x_wconf 82' lang='lat' dir='ltr'><strong>voluntatibus</strong></span> <span class='ocrx_word' id='word_1_760' title='bbox 1505 5382 1616 5436; x_wconf 87' lang='lat' dir='ltr'><strong>suis</strong></span> <span class='ocrx_word' id='word_1_761' title='bbox 1645 5380 1903 5452; x_wconf 71' lang='lat' dir='ltr'><strong>elfugere,</strong></span> <span class='ocrx_word' id='word_1_762' title='bbox 1931 5390 1985 5436; x_wconf 90' lang='lat' dir='ltr'><strong>ct</strong></span> 
     </span>
    </p>
   </div>
   <div class='ocr_carea' id='block_1_101' title="bbox 406 5469 1981 5546">
    <p class='ocr_par' dir='ltr' id='par_1_101' title="bbox 406 5469 1981 5546">
     <span class='ocr_line' id='line_1_101' title="bbox 406 5469 1981 5546; baseline 0.003 -24"><span class='ocrx_word' id='word_1_763' title='bbox 406 5471 472 5524; x_wconf 87' lang='lat' dir='ltr'><strong>ad</strong></span> <span class='ocrx_word' id='word_1_764' title='bbox 509 5469 671 5525; x_wconf 86' lang='lat' dir='ltr'><strong>Deum</strong></span> <span class='ocrx_word' id='word_1_765' title='bbox 705 5475 1032 5546; x_wconf 83' lang='lat' dir='ltr'><strong>confugerit,</strong></span> <span class='ocrx_word' id='word_1_766' title='bbox 1063 5476 1246 5533; x_wconf 87' lang='lat' dir='ltr'><strong>acedia</strong></span> <span class='ocrx_word' id='word_1_767' title='bbox 1285 5476 1336 5529; x_wconf 90' lang='lat' dir='ltr'><strong>in</strong></span> <span class='ocrx_word' id='word_1_768' title='bbox 1380 5473 1570 5544; x_wconf 85' lang='lat' dir='ltr'><strong>primis</strong></span> <span class='ocrx_word' id='word_1_769' title='bbox 1601 5489 1722 5528; x_wconf 88' lang='lat' dir='ltr'><strong>eutn</strong></span> <span class='ocrx_word' id='word_1_770' title='bbox 1755 5473 1981 5540; x_wconf 86' lang='lat' dir='ltr'><strong>invadit,</strong></span> 
     </span>
    </p>
   </div>
   <div class='ocr_carea' id='block_1_102' title="bbox 479 5653 970 5716">
    <p class='ocr_par' dir='ltr' id='par_1_102' title="bbox 479 5653 970 5716">
     <span class='ocr_line' id='line_1_102' title="bbox 479 5653 970 5716; baseline 0.004 -8"><span class='ocrx_word' id='word_1_771' title='bbox 479 5656 526 5688; x_wconf 73' lang='lat'><strong>”</strong></span> <span class='ocrx_word' id='word_1_772' title='bbox 550 5653 683 5709; x_wconf 80' lang='lat' dir='ltr'><strong>Gen.</strong></span> <span class='ocrx_word' id='word_1_773' title='bbox 728 5659 970 5716; x_wconf 73' lang='lat' dir='ltr'><strong>xxrx,l7.</strong></span> 
     </span>
    </p>
   </div>
   <div class='ocr_carea' id='block_1_103' title="bbox 415 5726 980 5798">
    <p class='ocr_par' dir='ltr' id='par_1_103' title="bbox 415 5726 980 5798">
     <span class='ocr_line' id='line_1_103' title="bbox 415 5726 980 5798; baseline 0.005 -19"><span class='ocrx_word' id='word_1_774' title='bbox 415 5739 566 5798; x_wconf 77' lang='lat' dir='ltr'><strong>seqq.</strong></span> <span class='ocrx_word' id='word_1_775' title='bbox 646 5726 691 5760; x_wconf 73' lang='grc' dir='ltr'><strong>υ</strong></span> <span class='ocrx_word' id='word_1_776' title='bbox 728 5727 858 5782; x_wconf 71' lang='lat' dir='ltr'><strong>ibid.</strong></span> <span class='ocrx_word' id='word_1_777' title='bbox 892 5729 980 5782; x_wconf 71' lang='lat' dir='ltr'><strong>et.</strong></span> 
     </span>
    </p>
   </div>
   <div class='ocr_carea' id='block_1_104' title="bbox 1081 5660 1668 5721">
    <p class='ocr_par' dir='ltr' id='par_1_104' title="bbox 1081 5660 1668 5721">
     <span class='ocr_line' id='line_1_104' title="bbox 1081 5660 1668 5721; baseline 0.007 -9"><span class='ocrx_word' id='word_1_778' title='bbox 1081 5662 1125 5693; x_wconf 81' lang='lat'><strong>&quot;</strong></span> <span class='ocrx_word' id='word_1_779' title='bbox 1168 5660 1303 5715; x_wconf 73' lang='lat' dir='ltr'><strong>Gen.</strong></span> <span class='ocrx_word' id='word_1_780' title='bbox 1359 5678 1535 5721; x_wconf 74' lang='lat' dir='ltr'><strong>xvxn.</strong></span> <span class='ocrx_word' id='word_1_781' title='bbox 1579 5662 1668 5716; x_wconf 68' lang='lat'><strong>‘28.</strong></span> 
     </span>
    </p>
   </div>
   <div class='ocr_carea' id='block_1_105' title="bbox 1064 5731 1660 5800">
    <p class='ocr_par' dir='ltr' id='par_1_105' title="bbox 1064 5731 1660 5800">
     <span class='ocr_line' id='line_1_105' title="bbox 1064 5731 1660 5800; baseline 0 -15"><span class='ocrx_word' id='word_1_782' title='bbox 1064 5733 1104 5761; x_wconf 82' lang='grc' dir='ltr'><strong>³ο</strong></span> <span class='ocrx_word' id='word_1_783' title='bbox 1136 5731 1275 5786; x_wconf 65' lang='lat' dir='ltr'><strong>l’s&#39;al.</strong></span> <span class='ocrx_word' id='word_1_784' title='bbox 1306 5749 1490 5800; x_wconf 69' lang='lat' dir='ltr'><strong>cxxvt,</strong></span> <span class='ocrx_word' id='word_1_785' title='bbox 1529 5735 1573 5800; x_wconf 93' lang='lat' dir='ltr'><strong>l,</strong></span> <span class='ocrx_word' id='word_1_786' title='bbox 1608 5736 1660 5786; x_wconf 72' lang='grc' dir='ltr'><strong>τε.</strong></span> 
     </span>
    </p>
   </div>
   <div class='ocr_carea' id='block_1_106' title="bbox 1781 5660 2008 5718">
    <p class='ocr_par' dir='ltr' id='par_1_106' title="bbox 1781 5660 2008 5718">
     <span class='ocr_line' id='line_1_106' title="bbox 1781 5660 2008 5718; baseline 0.009 -6"><span class='ocrx_word' id='word_1_787' title='bbox 1781 5663 1823 5695; x_wconf 79' lang='grc'><strong>²⁶</strong></span> <span class='ocrx_word' id='word_1_788' title='bbox 1874 5660 2008 5718; x_wconf 80' lang='lat' dir='ltr'><strong>Gen.</strong></span> 
     </span>
    </p>
   </div>
   <div class='ocr_carea' id='block_1_107' title="bbox 2055 5659 2305 5727">
    <p class='ocr_par' dir='ltr' id='par_1_107' title="bbox 2055 5659 2305 5727">
     <span class='ocr_line' id='line_1_107' title="bbox 2055 5659 2305 5727; baseline -0.008 -13"><span class='ocrx_word' id='word_1_789' title='bbox 2055 5674 2213 5727; x_wconf 67' lang='lat' dir='ltr'><strong>XXXI,</strong></span> <span class='ocrx_word' id='word_1_790' title='bbox 2252 5659 2305 5717; x_wconf 82' lang='lat'><strong>&#39;5.</strong></span> 
     </span>
    </p>
   </div>
   <div class='ocr_carea' id='block_1_108' title="bbox 2089 4542 3671 4600">
    <p class='ocr_par' dir='ltr' id='par_1_108' title="bbox 2089 4542 3671 4600">
     <span class='ocr_line' id='line_1_108' title="bbox 2089 4542 3671 4600; baseline -0.001 -4"><span class='ocrx_word' id='word_1_791' title='bbox 2089 4545 2187 4599; x_wconf 84' lang='lat' dir='ltr'><strong>fuit</strong></span> <span class='ocrx_word' id='word_1_792' title='bbox 2217 4546 2296 4600; x_wconf 90' lang='lat' dir='ltr'><strong>eis</strong></span> <span class='ocrx_word' id='word_1_793' title='bbox 2327 4546 2378 4600; x_wconf 92' lang='lat' dir='ltr'><strong>in</strong></span> <span class='ocrx_word' id='word_1_794' title='bbox 2406 4546 2680 4600; x_wconf 85' lang='lat' dir='ltr'><strong>civitatem</strong></span> <span class='ocrx_word' id='word_1_795' title='bbox 2709 4547 2988 4598; x_wconf 90' lang='lat' dir='ltr'><strong>munitam.</strong></span> <span class='ocrx_word' id='word_1_796' title='bbox 3023 4543 3279 4598; x_wconf 82' lang='lat' dir='ltr'><strong>Sciebant</strong></span> <span class='ocrx_word' id='word_1_797' title='bbox 3311 4546 3451 4598; x_wconf 84' lang='lat' dir='ltr'><strong>enim</strong></span> <span class='ocrx_word' id='word_1_798' title='bbox 3473 4559 3532 4596; x_wconf 89' lang='lat' dir='ltr'><strong>se</strong></span> <span class='ocrx_word' id='word_1_799' title='bbox 3555 4542 3671 4595; x_wconf 84' lang='lat' dir='ltr'><strong>sine</strong></span> 
     </span>
    </p>
   </div>
   <div class='ocr_carea' id='block_1_109' title="bbox 2093 4635 3669 4708">
    <p class='ocr_par' dir='ltr' id='par_1_109' title="bbox 2093 4635 3669 4708">
     <span class='ocr_line' id='line_1_109' title="bbox 2093 4635 3669 4708; baseline -0.003 -15"><span class='ocrx_word' id='word_1_800' title='bbox 2093 4639 2184 4693; x_wconf 89' lang='lat' dir='ltr'><strong>Dei</strong></span> <span class='ocrx_word' id='word_1_801' title='bbox 2230 4639 2480 4708; x_wconf 76' lang='lat' dir='ltr'><strong>prtcsidio</strong></span> <span class='ocrx_word' id='word_1_802' title='bbox 2532 4637 2662 4692; x_wconf 90' lang='lat' dir='ltr'><strong>nihil</strong></span> <span class='ocrx_word' id='word_1_803' title='bbox 2696 4654 2876 4708; x_wconf 88' lang='lat' dir='ltr'><strong>posse.</strong></span> <span class='ocrx_word' id='word_1_804' title='bbox 2932 4639 3191 4692; x_wconf 87' lang='lat' dir='ltr'><strong>Dicebant</strong></span> <span class='ocrx_word' id='word_1_805' title='bbox 3223 4655 3344 4692; x_wconf 90' lang='lat' dir='ltr'><strong>cum</strong></span> <span class='ocrx_word' id='word_1_806' title='bbox 3372 4635 3669 4690; x_wconf 84' lang='lat' dir='ltr'><strong>lnimilitate</strong></span> 
     </span>
    </p>
   </div>
   <div class='ocr_carea' id='block_1_110' title="bbox 2095 4728 3670 4800">
    <p class='ocr_par' dir='ltr' id='par_1_110' title="bbox 2095 4728 3670 4800">
     <span class='ocr_line' id='line_1_110' title="bbox 2095 4728 3670 4800; baseline -0.004 -14"><span class='ocrx_word' id='word_1_807' title='bbox 2095 4733 2182 4787; x_wconf 90' lang='lat' dir='ltr'><strong>illa</strong></span> <span class='ocrx_word' id='word_1_808' title='bbox 2220 4732 2441 4788; x_wconf 84' lang='lat' dir='ltr'><strong>Davidis</strong></span> <span class='ocrx_word' id='word_1_809' title='bbox 2463 4732 2624 4786; x_wconf 89' lang='lat' dir='ltr'><strong>verba</strong></span> <span class='ocrx_word' id='word_1_810' title='bbox 2689 4749 2702 4785; x_wconf 90' lang='lat'><strong>:</strong></span> <span class='ocrx_word' id='word_1_811' title='bbox 2740 4732 2862 4786; x_wconf 70' lang='lat' dir='ltr'><strong>Nisi</strong></span> <span class='ocrx_word' id='word_1_812' title='bbox 2899 4731 3154 4785; x_wconf 85' lang='lat' dir='ltr'><strong>Dominus</strong></span> <span class='ocrx_word' id='word_1_813' title='bbox 3210 4728 3541 4800; x_wconf 62' lang='lat' dir='ltr'><strong>a&#39;diﬁcat&#39;erit</strong></span> <span class='ocrx_word' id='word_1_814' title='bbox 3579 4728 3670 4780; x_wconf 83' lang='lat' dir='ltr'><strong>do—</strong></span> 
     </span>
    </p>
   </div>
   <div class='ocr_carea' id='block_1_111' title="bbox 2087 4817 3675 4891">
    <p class='ocr_par' dir='ltr' id='par_1_111' title="bbox 2087 4817 3675 4891">
     <span class='ocr_line' id='line_1_111' title="bbox 2087 4817 3675 4891; baseline -0.004 -13"><span class='ocrx_word' id='word_1_815' title='bbox 2087 4843 2252 4891; x_wconf 86' lang='lat' dir='ltr'><strong>mum,</strong></span> <span class='ocrx_word' id='word_1_816' title='bbox 2285 4826 2337 4878; x_wconf 89' lang='lat' dir='ltr'><strong>in</strong></span> <span class='ocrx_word' id='word_1_817' title='bbox 2362 4841 2550 4879; x_wconf 74' lang='lat' dir='ltr'><strong>vanum</strong></span> <span class='ocrx_word' id='word_1_818' title='bbox 2584 4823 2950 4878; x_wconf 80' lang='lat' dir='ltr'><strong>laboraverunt</strong></span> <span class='ocrx_word' id='word_1_819' title='bbox 2979 4825 3066 4891; x_wconf 86' lang='lat' dir='ltr'><strong>qui</strong></span> <span class='ocrx_word' id='word_1_820' title='bbox 3098 4824 3361 4890; x_wconf 59' lang='lat' dir='ltr'><strong>tt&#39;dv&#39;ﬁcant</strong></span> <span class='ocrx_word' id='word_1_821' title='bbox 3388 4836 3523 4874; x_wconf 80' lang='lat' dir='ltr'><strong>eam.</strong></span> <span class='ocrx_word' id='word_1_822' title='bbox 3557 4817 3675 4872; x_wconf 84' lang='lat' dir='ltr'><strong>Nisi</strong></span> 
     </span>
    </p>
   </div>
   <div class='ocr_carea' id='block_1_112' title="bbox 2094 4910 3674 4984">
    <p class='ocr_par' dir='ltr' id='par_1_112' title="bbox 2094 4910 3674 4984">
     <span class='ocr_line' id='line_1_112' title="bbox 2094 4910 3674 4984; baseline -0.006 -13"><span class='ocrx_word' id='word_1_823' title='bbox 2094 4917 2351 4971; x_wconf 85' lang='lat' dir='ltr'><strong>Dominus</strong></span> <span class='ocrx_word' id='word_1_824' title='bbox 2411 4916 2718 4969; x_wconf 81' lang='lat' dir='ltr'><strong>custodierit</strong></span> <span class='ocrx_word' id='word_1_825' title='bbox 2777 4917 3054 4976; x_wconf 82' lang='lat' dir='ltr'><strong>civitatem,</strong></span> <span class='ocrx_word' id='word_1_826' title='bbox 3097 4923 3298 4984; x_wconf 71' lang='lat' dir='ltr'><strong>(rustra</strong></span> <span class='ocrx_word' id='word_1_827' title='bbox 3346 4912 3525 4982; x_wconf 78' lang='lat' dir='ltr'><strong>vigilat</strong></span> <span class='ocrx_word' id='word_1_828' title='bbox 3590 4910 3674 4980; x_wconf 83' lang='lat' dir='ltr'><strong>qui</strong></span> 
     </span>
    </p>
   </div>
   <div class='ocr_carea' id='block_1_113' title="bbox 2095 5000 3675 5064">
    <p class='ocr_par' dir='ltr' id='par_1_113' title="bbox 2095 5000 3675 5064">
     <span class='ocr_line' id='line_1_113' title="bbox 2095 5000 3675 5064; baseline -0.006 -1"><span class='ocrx_word' id='word_1_829' title='bbox 2095 5011 2319 5064; x_wconf 77' lang='lat' dir='ltr'><strong>custodit</strong></span> <span class='ocrx_word' id='word_1_830' title='bbox 2349 5027 2464 5063; x_wconf 87' lang='lat' dir='ltr'><strong>eam</strong></span> <span class='ocrx_word' id='word_1_831' title='bbox 2497 5009 2565 5062; x_wconf 87' lang='grc'><strong>³⁰.</strong></span> <span class='ocrx_word' id='word_1_832' title='bbox 2627 5009 2682 5062; x_wconf 83' lang='lat' dir='ltr'><strong>Si</strong></span> <span class='ocrx_word' id='word_1_833' title='bbox 2739 5007 2880 5062; x_wconf 88' lang='lat' dir='ltr'><strong>enim</strong></span> <span class='ocrx_word' id='word_1_834' title='bbox 2915 5007 3110 5059; x_wconf 84' lang='lat' dir='ltr'><strong>viderit</strong></span> <span class='ocrx_word' id='word_1_835' title='bbox 3139 5006 3280 5059; x_wconf 85' lang='lat' dir='ltr'><strong>Deus</strong></span> <span class='ocrx_word' id='word_1_836' title='bbox 3308 5005 3548 5057; x_wconf 86' lang='lat' dir='ltr'><strong>animum</strong></span> <span class='ocrx_word' id='word_1_837' title='bbox 3580 5000 3675 5056; x_wconf 87' lang='lat' dir='ltr'><strong>sibi</strong></span> 
     </span>
    </p>
   </div>
   <div class='ocr_carea' id='block_1_114' title="bbox 2093 5095 3673 5171">
    <p class='ocr_par' dir='ltr' id='par_1_114' title="bbox 2093 5095 3673 5171">
     <span class='ocr_line' id='line_1_114' title="bbox 2093 5095 3673 5171; baseline -0.007 -16"><span class='ocrx_word' id='word_1_838' title='bbox 2093 5103 2312 5156; x_wconf 90' lang='lat' dir='ltr'><strong>omnino</strong></span> <span class='ocrx_word' id='word_1_839' title='bbox 2334 5117 2454 5156; x_wconf 82' lang='lat' dir='ltr'><strong>esse</strong></span> <span class='ocrx_word' id='word_1_840' title='bbox 2481 5101 2805 5171; x_wconf 84' lang='lat' dir='ltr'><strong>subjectum,</strong></span> <span class='ocrx_word' id='word_1_841' title='bbox 2843 5112 3018 5168; x_wconf 90' lang='lat' dir='ltr'><strong>neque</strong></span> <span class='ocrx_word' id='word_1_842' title='bbox 3052 5103 3103 5150; x_wconf 86' lang='lat' dir='ltr'><strong>in</strong></span> <span class='ocrx_word' id='word_1_843' title='bbox 3139 5098 3245 5150; x_wconf 88' lang='lat' dir='ltr'><strong>alio</strong></span> <span class='ocrx_word' id='word_1_844' title='bbox 3269 5111 3416 5166; x_wconf 88' lang='lat' dir='ltr'><strong>spem</strong></span> <span class='ocrx_word' id='word_1_845' title='bbox 3459 5095 3673 5153; x_wconf 84' lang='lat' dir='ltr'><strong>habere.</strong></span> 
     </span>
    </p>
   </div>
   <div class='ocr_carea' id='block_1_115' title="bbox 2093 5185 3679 5256">
    <p class='ocr_par' dir='ltr' id='par_1_115' title="bbox 2093 5185 3679 5256">
     <span class='ocr_line' id='line_1_115' title="bbox 2093 5185 3679 5256; baseline -0.006 -10"><span class='ocrx_word' id='word_1_846' title='bbox 2093 5195 2381 5248; x_wconf 84' lang='lat' dir='ltr'><strong>confirmat</strong></span> <span class='ocrx_word' id='word_1_847' title='bbox 2410 5209 2557 5256; x_wconf 90' lang='lat' dir='ltr'><strong>eum,</strong></span> <span class='ocrx_word' id='word_1_848' title='bbox 2611 5193 2798 5246; x_wconf 90' lang='lat' dir='ltr'><strong>dicens</strong></span> <span class='ocrx_word' id='word_1_849' title='bbox 2838 5208 2852 5245; x_wconf 90' lang='lat'><strong>:</strong></span> <span class='ocrx_word' id='word_1_850' title='bbox 2907 5188 2988 5244; x_wconf 86' lang='lat' dir='ltr'><strong>Ne</strong></span> <span class='ocrx_word' id='word_1_851' title='bbox 3021 5192 3228 5253; x_wconf 76' lang='lat' dir='ltr'><strong>timeas,</strong></span> <span class='ocrx_word' id='word_1_852' title='bbox 3281 5188 3359 5255; x_wconf 75' lang='lat' dir='ltr'><strong>[ili</strong></span> <span class='ocrx_word' id='word_1_853' title='bbox 3397 5188 3469 5240; x_wconf 73' lang='lat' dir='ltr'><strong>mi</strong></span> <span class='ocrx_word' id='word_1_854' title='bbox 3494 5185 3679 5252; x_wconf 70' lang='lat' dir='ltr'><strong>Iacob;</strong></span> 
     </span>
    </p>
   </div>
   <div class='ocr_carea' id='block_1_116' title="bbox 2091 5284 3676 5356">
    <p class='ocr_par' dir='ltr' id='par_1_116' title="bbox 2091 5284 3676 5356">
     <span class='ocr_line' id='line_1_116' title="bbox 2091 5284 3676 5356; baseline -0.008 -16"><span class='ocrx_word' id='word_1_855' title='bbox 2091 5304 2220 5356; x_wconf 80' lang='lat' dir='ltr'><strong>puer</strong></span> <span class='ocrx_word' id='word_1_856' title='bbox 2243 5285 2434 5353; x_wconf 81' lang='lat' dir='ltr'><strong>Israel,</strong></span> <span class='ocrx_word' id='word_1_857' title='bbox 2467 5303 2529 5339; x_wconf 89' lang='lat' dir='ltr'><strong>ne</strong></span> <span class='ocrx_word' id='word_1_858' title='bbox 2555 5287 2764 5352; x_wconf 83' lang='lat' dir='ltr'><strong>timeas,</strong></span> <span class='ocrx_word' id='word_1_859' title='bbox 2795 5286 3036 5356; x_wconf 88' lang='lat' dir='ltr'><strong>quoniam</strong></span> <span class='ocrx_word' id='word_1_860' title='bbox 3074 5284 3292 5336; x_wconf 78' lang='lat' dir='ltr'><strong>liberari</strong></span> <span class='ocrx_word' id='word_1_861' title='bbox 3324 5294 3392 5346; x_wconf 84' lang='lat' dir='ltr'><strong>te,</strong></span> <span class='ocrx_word' id='word_1_862' title='bbox 3433 5290 3482 5332; x_wconf 82' lang='lat' dir='ltr'><strong>et</strong></span> <span class='ocrx_word' id='word_1_863' title='bbox 3511 5295 3676 5332; x_wconf 62' lang='grc' dir='ltr'><strong>τοι-ατί</strong></span> 
     </span>
    </p>
   </div>
   <div class='ocr_carea' id='block_1_117' title="bbox 2098 5375 3676 5445">
    <p class='ocr_par' dir='ltr' id='par_1_117' title="bbox 2098 5375 3676 5445">
     <span class='ocr_line' id='line_1_117' title="bbox 2098 5375 3676 5445; baseline -0.007 -9"><span class='ocrx_word' id='word_1_864' title='bbox 2098 5399 2281 5437; x_wconf 80' lang='lat' dir='ltr'><strong>nomen</strong></span> <span class='ocrx_word' id='word_1_865' title='bbox 2315 5394 2502 5443; x_wconf 84' lang='lat' dir='ltr'><strong>tuum;</strong></span> <span class='ocrx_word' id='word_1_866' title='bbox 2561 5396 2704 5433; x_wconf 83' lang='lat' dir='ltr'><strong>meus</strong></span> <span class='ocrx_word' id='word_1_867' title='bbox 2757 5395 2809 5432; x_wconf 83' lang='lat' dir='ltr'><strong>es</strong></span> <span class='ocrx_word' id='word_1_868' title='bbox 2845 5389 2920 5432; x_wconf 88' lang='lat' dir='ltr'><strong>tu.</strong></span> <span class='ocrx_word' id='word_1_869' title='bbox 2962 5375 3031 5430; x_wconf 77' lang='lat' dir='ltr'><strong>Et</strong></span> <span class='ocrx_word' id='word_1_870' title='bbox 3073 5377 3116 5428; x_wconf 76' lang='lat' dir='ltr'><strong>si</strong></span> <span class='ocrx_word' id='word_1_871' title='bbox 3155 5391 3246 5445; x_wconf 83' lang='lat' dir='ltr'><strong>per</strong></span> <span class='ocrx_word' id='word_1_872' title='bbox 3279 5389 3470 5440; x_wconf 84' lang='lat' dir='ltr'><strong>aquam</strong></span> <span class='ocrx_word' id='word_1_873' title='bbox 3509 5381 3676 5425; x_wconf 86' lang='lat' dir='ltr'><strong>trans-</strong></span> 
     </span>
    </p>
   </div>
   <div class='ocr_carea' id='block_1_118' title="bbox 2089 5456 3682 5537">
    <p class='ocr_par' dir='ltr' id='par_1_118' title="bbox 2089 5456 3682 5537">
     <span class='ocr_line' id='line_1_118' title="bbox 2089 5456 3682 5537; baseline -0.011 -11"><span class='ocrx_word' id='word_1_874' title='bbox 2089 5475 2231 5537; x_wconf 79' lang='lat' dir='ltr'><strong>ieris,</strong></span> <span class='ocrx_word' id='word_1_875' title='bbox 2275 5483 2441 5527; x_wconf 88' lang='lat' dir='ltr'><strong>tecum</strong></span> <span class='ocrx_word' id='word_1_876' title='bbox 2467 5485 2604 5529; x_wconf 86' lang='lat' dir='ltr'><strong>sum.</strong></span> <span class='ocrx_word' id='word_1_877' title='bbox 2641 5477 2689 5522; x_wconf 85' lang='lat' dir='ltr'><strong>et</strong></span> <span class='ocrx_word' id='word_1_878' title='bbox 2734 5468 2887 5536; x_wconf 82' lang='lat' dir='ltr'><strong>[lttrii</strong></span> <span class='ocrx_word' id='word_1_879' title='bbox 2914 5475 2963 5521; x_wconf 85' lang='lat' dir='ltr'><strong>te</strong></span> <span class='ocrx_word' id='word_1_880' title='bbox 3000 5481 3100 5520; x_wconf 87' lang='lat' dir='ltr'><strong>non</strong></span> <span class='ocrx_word' id='word_1_881' title='bbox 3139 5464 3506 5519; x_wconf 69' lang='lat' dir='ltr'><strong>intercludant.</strong></span> <span class='ocrx_word' id='word_1_882' title='bbox 3545 5456 3682 5512; x_wconf 79' lang='lat' dir='ltr'><strong>Etsi</strong></span> 
     </span>
    </p>
   </div>
   <div class='ocr_carea' id='block_1_119' title="bbox 2414 5647 3678 5722">
    <p class='ocr_par' dir='ltr' id='par_1_119' title="bbox 2414 5647 3678 5722">
     <span class='ocr_line' id='line_1_119' title="bbox 2414 5647 3678 5722; baseline -0.01 -8"><span class='ocrx_word' id='word_1_883' title='bbox 2414 5659 2457 5690; x_wconf 77' lang='grc'><strong>’⁷</strong></span> <span class='ocrx_word' id='word_1_884' title='bbox 2502 5656 2667 5713; x_wconf 80' lang='lat' dir='ltr'><strong>Exod.</strong></span> <span class='ocrx_word' id='word_1_885' title='bbox 2715 5667 2847 5722; x_wconf 80' lang='lat' dir='ltr'><strong>xm,</strong></span> <span class='ocrx_word' id='word_1_886' title='bbox 2891 5653 2972 5708; x_wconf 76' lang='lat'><strong>15.</strong></span> <span class='ocrx_word' id='word_1_887' title='bbox 3075 5651 3119 5683; x_wconf 80' lang='grc'>⁸⁸</span> <span class='ocrx_word' id='word_1_888' title='bbox 3148 5649 3212 5706; x_wconf 88' lang='lat' dir='ltr'><strong>ill</strong></span> <span class='ocrx_word' id='word_1_889' title='bbox 3249 5647 3382 5721; x_wconf 68' lang='lat' dir='ltr'><strong>Reg.</strong></span> <span class='ocrx_word' id='word_1_890' title='bbox 3425 5663 3580 5714; x_wconf 79' lang='lat' dir='ltr'><strong>xvtn,</strong></span> <span class='ocrx_word' id='word_1_891' title='bbox 3625 5647 3678 5701; x_wconf 77' lang='lat' dir='ltr'><strong>i0</strong></span> 
     </span>
    </p>
   </div>
  </div>
