3968 6210
309 271 436 326 1191

1375 267 1430 321 S.
1478 255 1684 321 lSAlIE
1730 266 2021 323 ABBATIS
2062 269 2480 326 Ul‘tATIONES.

3447 280 3470 335 ί
3491 280 3587 336 12⁸3

302 406 395 458 ρει·
432 387 601 455 ignem
640 383 936 446 transieris,
974 399 1076 436 non
1105 383 1423 436 combureris
1461 400 1478 437 :
1507 386 1723 453 ﬂatnmu
1757 385 1889 439 enim
1924 393 1967 446 Α
1999 395 2082 443 ter
2112 397 2204 442 aut
2241 387 2406 442 facias
2434 398 2526 441 aut
2561 388 2735 455 dicas,
2763 399 2819 444 ut
2862 405 2924 445 ex
2957 392 3218 448 modestia
3252 396 3588 452 taciturnita-

304 495 407 535 non
437 489 619 532 exuret
646 485 694 529 te
727 491 744 528 :
778 475 900 544 quia
925 490 1022 542 ego
1049 473 1308 528 Dominus
1348 475 1490 530 Deus
1522 490 1641 530 mus
1664 475 1892 532 Sanctus

302 569 494 632 Israel,
521 567 731 622 salvam
760 576 809 620 te
834 567 900 620 ³¹.
936 567 1087 621 Hanc
1119 581 1302 622 vocem
1331 570 1543 623 animus
1575 569 1621 622 si
1645 571 1898 639 audierit,

303 660 468 714 audet
496 659 757 713 adversus
789 656 1058 712 inimicos.
1120 657 1250 723 Quis
1285 668 1382 723 est,
1432 660 1706 728 inquiens,
1738 678 1900 731 oppu-

305 762 495 820 gnator
523 752 709 804 meus?
761 751 1142 820 appropinquet
1181 751 1332 805 mihi.
1381 749 1515 805 Ecce
1551 751 1689 806 Deus
1742 755 1901 821 adju-

307 857 388 898 tor
420 861 563 899 meus
592 845 748 914 :quis
787 845 916 898 mihi
961 845 1205 899 nocebit?
1257 842 1392 898 Ecce
1437 863 1523 899 eos
1557 862 1734 900 omnes
1749 828 1898 902 ‘sicut

306 937 668 990 vestimentum
718 936 1132 1000 inveterascetis,
1187 945 1236 989 et
1269 945 1519 1005 tanquam
1552 937 1739 991 vellera
1769 939 1899 993 a'ti-

307 1044 404 1081 nea
430 1026 868 1081 corrodemini".
911 1026 1128 1082 Utinam
1164 1026 1406 1082 inveniat
1454 1044 1555 1083 nos
1601 1029 1741 1084 Deus
1775 1045 1894 1084 cum

307 1119 431 1186 illis,
467 1120 560 1188 qui
614 1119 923 1173 humilitate
953 1129 1081 1174 sunt
1133 1121 1369 1188 przediti,
1407 1129 1460 1173 et
1491 1122 1558 1174 ab
1584 1136 1646 1175 ea
1678 1136 1898 1176 servan-

307 1223 396 1266 tur
426 1213 720 1268 incolumes
754 1213 822 1266 ab
858 1213 1108 1267 omnibus
1153 1211 1348 1281 jaculis
1383 1213 1606 1277 inimici,
1635 1231 1731 1280 per
1766 1231 1895 1284 grn-

304 1307 435 1358 tiam
480 1303 596 1367 Dei,
632 1304 788 1373 cujus
817 1312 902 1358 est
925 1305 1188 1374 potentia,
1222 1314 1275 1358 et
1308 1303 1497 1374 gloria,
1527 1313 1581 1358 et
1607 1304 1893 1374 imperium

305 1397 357 1451 in
385 1397 576 1452 saecula
610 1397 958 1451 swculorutnl
992 1397 1186 1451 Amen.

927 1511 1184 1568 ORATIO
1227 1510 1290 1567 'v'.

301 1601 438 1667 ‘Qnre
470 1604 791 1658 observanda
843 1613 962 1658 sunt
1016 1605 1196 1686 iisqui
1242 1605 1399 1658 simul
1433 1607 1633 1674 inpare
1660 1605 1895 1658 habitare

359 1708 362 1712 -
977 1685 1213 1741 cupiunt.

357 1766 416 1820 «Ι.
446 1765 502 1820 Si
553 1765 716 1822 simul
769 1766 872 1820 iter
904 1766 1162 1833 feceritis,
1207 1767 1490 1833 attendite,
1536 1767 1580 1822 si
1606 1766 1728 1836 quis
1754 1766 1895 1820 inter
1929 1760 1967 1812 Β

300 1872 399 1911 vos
449 1860 521 1913 sit
574 1860 914 1923 imbecillior,
975 1868 1028 1913 et
1088 1858 1205 1927 ejus
1263 1860 1526 1914 rationem
1579 1859 1792 1922 habete,
1848 1857 1892 1911 si

295 1947 388 2002 vel
422 1948 643 2016 paulum
705 1949 896 2002 sedere
946 1948 1098 2013 velit,
1135 1959 1228 2002 aut
1259 1948 1463 2018 aliquid
1493 1958 1618 2002 ante
1644 1946 1896 2016 praescri-

295 2047 446 2108 ptam
479 2041 663 2092 horam
691 2047 928 2109 gustare.
957 2037 1013 2092 Si
1037 2039 1106 2095 ad
1123 2045 1257 2108 o‘pus
1279 2038 1584 2094 faciendum
1603 2039 1896 2107 proficisci-

295 2130 457 2195 mini,
490 2130 592 2184 sibi
626 2132 855 2199 quisque
907 2130 1173 2196 attendat,
1211 2145 1318 2185 non
1364 2141 1542 2184 autem
1590 2130 1744 2184 fratri
1768 2145 1892 2186 suo.

301 2222 378 2276 Ne
411 2223 536 2292 quis
585 2223 814 2277 alterum
849 2224 1045 2277 docere
1091 2225 1310 2288 audeat,
1373 2235 1464 2277 aut
1496 2224 1544 2277 ei
1596 2224 1892 2293 quidquam

294 2313 617 2382 praecipere.
641 2313 699 2367 Si
730 2313 870 2365 intra
901 2311 1092 2366 cellam
1137 2327 1272 2380 opus
1295 2313 1511 2380 aliquod
1543 2314 1747 2377 facitis,
1775 2328 1894 2382 per-

296 2405 524 2470 mittite,
557 2413 617 2458 ut
655 2404 885 2474 quisque
913 2404 1076 2458 faciat
1107 2405 1370 2458 arbitratu
1401 2419 1519 2458 suo.
1571 2405 1666 2459 Sin
1693 2405 1895 2474 aliquis

306 2497 503 2550 dixerit
532 2514 545 2549 :
607 2496 850 2551 Obsecro
883 2511 1000 2572 vos,
1033 2513 1118 2552 me
1165 2507 1222 2551 ut
1253 2498 1515 2565 doceatis,
1550 2513 1725 2567 neque
1747 2498 1892 2553 enim

303 2591 451 2654 seio;
485 2589 576 2658 qui
607 2589 748 2644 inter
781 2604 872 2644 vos
904 2591 1108 2660 peritus
1161 2599 1264 2656 est,
1306 2606 1374 2646 ne
1434 2591 1746 2658 reluctetur,
1799 2601 1894 2646 aut

300 2684 445 2738 scire
474 2697 540 2737 ne
567 2675 744 2753 neget.
806 2682 929 2737 Haec
961 2682 1106 2736 enim
1142 2698 1247 2737 non
1291 2693 1376 2738 est
1402 2684 1678 2738 humilitas
1707 2698 1896 2738 secun-

301 2775 428 2829 dum
456 2774 645 2828 Deum.
708 2774 763 2828 Si
822 2776 1018 2829 videris
1049 2774 1272 2831 fratrem
1311 2787 1458 2831 tuum
1490 2792 1626 2848 opus
1677 2776 1892 2848 aliquod

303 2867 615 2932 facientem,
669 2882 736 2921 ne
771 2868 975 2921 dixeris
998 2883 1119 2921 eum
1148 2883 1355 2933 errare,
1411 2881 1506 2924 aut
1540 2870 1673 2924 nihil
1699 2882 1881 2939 agere.

299 2959 458 3024 Quod
488 2958 534 3011 si
565 2960 680 3027 ipse
742 2968 791 3012 te
825 2961 1114 3029 rogaverit,
1158 2970 1214 3014 ut
1243 2977 1302 3015 se
1335 2962 1548 3024 doceas,
1590 2971 1649 3015 tu
1681 2976 1810 3016 vero
1838 2961 1890 3015 id

301 3068 408 3107 non
442 3051 658 3114 feceris,
719 3053 813 3106 sed
853 3055 1104 3119 tacueris,
1164 3057 1407 3110 ostendis
1437 3056 1488 3108 in
1531 3067 1586 3111 te
1636 3071 1741 3110 non
1771 3069 1892 3110 esse

2011 489 2169 550 teque
2205 489 2294 534 tua
2331 479 2522 534 incolae
2569 479 2802 535 fructum
2840 483 3160 553 percipiant.
3209 483 3413 539 Infirmi
3445 489 3585 542 enim

2001 579 2224 640 propter
2279 571 2459 625 cordis
2511 570 2934 625 imbecillitatem
2992 572 3150 628 facile
3219 574 3587 642 offenduntur,

2002 662 2128 732 quia
2167 677 2271 716 non
2306 661 2638 730 perspiciunt
2674 674 2897 732 peccata
2927 680 3044 719 sua.

2070 752 2134 808 ll.
2155 753 2402 806 Divinum
2430 752 2688 807 auxilium
2717 765 2770 808 et
2797 769 2946 824 Spes,
2972 761 3330 813 mansuetudo
3365 769 3418 814 ct
3451 763 3588 814 bona

2001 847 2356 913 conscientia,
2393 856 2446 900 et
2490 846 2723 915 propria:
2748 847 3043 903 voluntatis
3073 852 3326 906 omnibus
3355 852 3404 905 in
3429 853 3589 906 rebus

1999 937 2309 1006 abnegatio,
2337 947 2462 991 sunt
2491 936 2808 991 humilitatis
2832 937 3051 992 indicia.
3079 940 3401 1011 Arrogantia
3439 957 3585 1007 vero,

1999 1038 2054 1083 et
2083 1029 2386 1094 contentio,
2444 1037 2500 1083 et
2555 1029 2635 1084 sui
2674 1028 2845 1098 ipsius
2891 1031 3245 1110 existimatio,
3298 1034 3588 1101 fratrisque

1999 1120 2290 1188 despectio,
2314 1129 2369 1175 et
2398 1135 2519 1174 cum
2558 1121 2682 1189 quis
2714 1135 2778 1176 eo
2801 1131 3022 1191 propter
3052 1139 3108 1178 se
3134 1124 3332 1180 afﬂicto
3368 1141 3430 1180 ac
3463 1141 3587 1195 per-

1998 1215 2231 1278 turbato,
2263 1212 2393 1266 dicit
2430 1229 2443 1265 :
2489 1210 2629 1277 Quid
2666 1211 2733 1266 ad
2758 1212 2886 1268 me?
2917 1214 3054 1280 Quid
3080 1216 3208 1269 mihi
3243 1219 3435 1286 negotii
3467 1233 3587 1271 cum

1999 1303 2090 1358 illo
2129 1303 2248 1358 est?
2281 1305 2393 1358 lucc
2423 1304 2602 1357 omnia
2635 1306 2810 1359 cordis
2844 1305 3096 1359 duritiam
3129 1308 3421 1361 declarant.
3452 1308 3504 1362 Si
3535 1316 3588 1364 te

2004 1411 2143 1464 opus
2209 1395 2459 1459 faciente,
2509 1394 2680 1450 frater
2737 1397 2789 1450 in
2822 1396 3008 1451 cellam
3041 1408 3182 1452 tuam
3235 1381 3584 1469 ingrediatur,

1997 1501 2129 1539 Cave
2159 1501 2225 1540 ne
2256 1487 2495 1540 animum
2538 1496 2685 1540 tuum
2741 1501 2801 1541 ea
2862 1499 3088 1558 occupet
3125 1492 3400 1560 cogitatio,
3434 1501 3493 1546 ut
3533 1500 3586 1546 te

1997 1578 2116 1646 plus
2143 1593 2302 1646 quam
2333 1577 2479 1632 illum
2508 1579 2784 1632 laborasse
2819 1591 2998 1648 putes.
3033 1580 3088 1634 Si
3120 1598 3240 1635 cum
3274 1582 3444 1637 fratre
3476 1581 3584 1637 im-

1997 1669 2271 1724 becilliore
2293 1685 2428 1738 opus
2457 1669 2608 1734 facis,
2635 1685 2702 1723 ne
2727 1673 3045 1738 contendas,
3079 1682 3136 1726 ut
3162 1673 3279 1742 plus
3304 1691 3463 1742 quam
3496 1673 3587 1729 ille

2001 1762 2194 1818 fecisse
2227 1765 2469 1818 videare.
2528 1761 2583 1818 Si
2617 1779 2902 1819 commune
2942 1765 3154 1835 aliquod
3190 1783 3323 1836 Opus
3351 1767 3582 1834 efficitis,

2003 1855 2082 1908 sic
2118 1856 2169 1908 in
2216 1855 2344 1909 illud
2376 1855 2500 1910 totis
2530 1855 2734 1909 viribus
2782 1856 3056 1922 incumbe,
3103 1859 3311 1926 utquid
3347 1868 3422 1925 tu,
3455 1860 3583 1928 quid

2002 1947 2172 2001 frater
2219 1957 2342 2004 tuus
2394 1949 2446 2002 in
2507 1948 2846 2003 hebdomada
2901 1949 3242 2015 laboraverit,
3291 1950 3430 2004 scire
3478 1965 3582 2003 non

2002 2055 2161 2094 cures
2188 2056 2203 2105 ;
2237 2041 2475 2108 ineptum
2510 2052 2592 2094 est
2618 2042 2761 2095 enim
2789 2042 2839 2095 id
2872 2057 3136 2111 qmerere.
3167 2041 3221 2095 Si
3250 2043 3315 2096 ad
3345 2057 3480 2110 opus
3513 2042 3586 2095 fa-

2000 2129 2250 2183 ciendum
2279 2144 2400 2183 cum
2456 2129 2710 2186 fratribus
2746 2132 3130 2197 proficisceris,
3185 2146 3254 2186 ne
3284 2132 3498 2200 cupias,
3528 2142 3586 2185 ut

2001 2222 2174 2275 sciant
2209 2232 2260 2277 te
2287 2221 2527 2276 omnium
2583 2224 2817 2276 maxime
2878 2222 3158 2277 laborasse
3213 2227 3401 2291 :'0pus
3439 2224 3583 2276 enim

2003 2314 2145 2382 quod
2175 2314 2345 2368 homo
2399 2313 2526 2368 facit
2581 2315 2632 2368 in
2664 2315 2895 2379 occulto,
2948 2315 3205 2383 perspicit
3249 2314 3388 2370 Deus
3411 2315 3475 2368 ³³.
3525 2315 3582 2368 Si

2002 2405 2129 2475 quid
2165 2405 2259 2458 tibi
2297 2403 2465 2458 frater
2495 2405 2832 2473 responderit
2887 2406 3160 2470 acerbius,
3191 2404 3243 2458 id
3276 2421 3403 2458 cum
3445 2404 3586 2458 lacti-

2005 2498 2075 2550 tia
2104 2495 2338 2564 suscipe.
2373 2493 2431 2550 Si
2461 2496 2605 2550 enim
2655 2505 2802 2550 recto
2835 2496 2926 2550 Dei
2983 2494 3188 2564 judicio
3231 2497 3584 2566 c0gitationes

2003 2600 2125 2642 tuas
2162 2589 2518 2654 examinaris,
2551 2597 2603 2642 te
2641 2603 2896 2659 peccasse
2924 2589 3342 2644 animadvertes.
3373 2588 3428 2644 Si
3459 2605 3582 2644 cum

1999 2682 2272 2738 fratribus
2306 2681 2540 2748 habitas,
2603 2691 2658 2735 et
2701 2682 2915 2736 animus
2943 2690 2995 2736 te
3021 2682 3283 2747 stimulat,
3313 2695 3372 2736 ut
3395 2685 3584 2737 restri-

1996 2776 2146 2829 ctius
2181 2774 2373 2840 vivas;
2415 2773 2498 2826 dic
2529 2773 2711 2827 animo
2743 2783 2867 2826 tuo:
2897 2772 3086 2826 Frater
3113 2773 3198 2827 hic
3229 2773 3475 2827 infirtnus
3501 2783 3583 2827 est

2001 2867 2253 2922 dominus
2285 2882 2459 2922 meus.
2487 2865 2640 2931 Quod
2665 2867 2706 2919 si
2737 2867 3132 2935 temperantius
3160 2867 3378 2921 omnino
3404 2868 3584 2920 vivere

2002 2960 2311 3026 decrevisti,
2356 2960 2600 3014 cellulam
2644 2958 2737 3013 tibi
2796 2959 2960 3027 selige
3011 2959 3322 3027 separatim,
3373 2969 3427 3014 et
3476 2959 3582 3014 noli

2002 3051 2226 3107 fratrem
2283 3061 2431 3106 tuum
2475 3052 2746 3105 infirmum
2787 3049 3042 3118 affligere.
3082 3049 3138 3104 Si
3191 3049 3360 3104 frater
3393 3049 3583 3117 aliquis

304 3143 397 3197 Dei
424 3143 774 3207 charitntem,
801 3142 892 3196 sed
917 3145 1246 3211 nequitiam.
1270 3144 1326 3199 Si
1369 3144 1538 3200 frater
1566 3153 1688 3199 tuus
1711 3143 1886 3199 edulia
1917 3123 1962 3180 (ἶ
1996 3142 2315 3212 peregrinus
2355 3153 2514 3210 quem
2568 3141 2702 3194 vitio
2734 3139 2915 3210 aliquo
2969 3139 3216 3194 laborare
3241 3138 3581 3208 acceperitis,

299 3224 542 3288 haud-ita
575 3235 713 3286 bene
739 3233 965 3296 coxerit,
1003 3248 1071 3287 ne
1098 3234 1299 3288 dixeris
1325 3248 1447 3288 eum
1482 3234 1622 3288 male
1644 3235 1882 3298 coxisse;

304 3326 354 3379 id
377 3325 519 3380 enim
547 3339 692 3379 mors
736 3331 818 3378 est
851 3326 1044 3380 anima:
1078 3337 1181 3380 tua:
1214 3344 1227 3380 :
1264 3327 1358 3380 sed
1385 3326 1689 3392 considera,
1725 3341 1886 3396 quam

304 3417 587 3472 molestum
607 3427 661 3470 et
683 3429 848 3487 grave
877 3417 969 3471 tibi
1002 3416 1212 3482 fuisset,
1241 3419 1284 3472 si
1313 3418 1434 3487 quis
1468 3419 1518 3471 in
1549 3427 1601 3472 te
1630 3433 1695 3472 ea
1723 3421 1886 3472 verba

301 3510 725 3578 pronuntiasset,
760 3517 812 3563 et
847 3510 1115 3577 quiesces.
1160 3508 1303 3564 Inter
1327 3509 1660 3578 psallendum
1695 3510 1739 3564 si
1764 3509 1886 3579 quis

305 3604 358 3653 in
405 3601 583 3669 aliquo
616 3603 776 3655 verbo
813 3600 1101 3666 erraverit,
1157 3615 1226 3653 ne
1262 3601 1446 3653 statim
1479 3616 1600 3654 eum
1642 3602 1885 3667 corrigas

299 3706 464 3763 atque
487 3697 790 3763 perturbes.
847 3693 952 3750 Sed
980 3696 1024 3749 si
1080 3696 1303 3747 verbum
1350 3691 1695 3760 praeterierit,
1726 3707 1793 3745 ne
1817 3693 1886 3744 sit

294 3787 396 3840 tibi
423 3802 589 3844 curae.
623 3787 718 3842 Sin
756 3789 1048 3859 rogaverit,
1079 3796 1136 3840 ut
1159 3785 1420 3855 corrigas,
1446 3793 1694 3838 amanter
1728 3783 1779 3837 id
1805 3782 1885 3836 fa-

301 3879 429 3932 cito.
461 3878 516 3932 Si
546 3879 672 3947 quid
701 3880 752 3933 in
782 3895 966 3934 mensa
1003 3878 1188 3943 fuerit,
1229 3893 1258 3931 a
1289 3892 1396 3946 quo
1425 3875 1659 3929 fratrum
1687 3873 1884 3944 aliquis

300 3972 614 4036 abhorreat,
665 3987 732 4026 ne
760 3972 902 4026 dicat
939 3987 1004 4025 eo
1038 3985 1097 4025 se
1125 3970 1269 4024 vesci
1301 3985 1405 4024 non
1456 3981 1634 4038 posse,
1689 3969 1782 4022 sed
1817 3968 1915 4027 ad

304 4073 532 4117 mortem
588 4079 757 4135 usque
788 4064 889 4118 sibi
923 4064 1038 4134 ipse
1068 4065 1176 4119 vim
1222 4061 1431 4128 afferat,
1464 4057 1517 4116 ét
1555 4061 1696 4115 Deus
1735 4060 1880 4114 illum

301 4155 687 4211 consolabitur.
745 4156 803 4211 Si
857 4171 991 4226 Opus
1022 4156 1238 4225 aliquod
1271 4155 1432 4210 simul
1471 4153 1671 4218 facitis,
1697 4163 1755 4208 et
1788 4154 1884 4207 ali-

299 4249 422 4318 quis
450 4257 688 4303 vestrum
719 4249 902 4302 animo
934 4249 1127 4317 pusillo
1154 4249 1522 4303 desistendum
1550 4246 1618 4301 ab
1643 4246 1732 4301 illo
1756 4262 1881 4300 sua-

300 4341 454 4403 serit,
503 4355 625 4396 eum
687 4356 754 4396 ne
786 4341 1209 4411 reprehendatis,
1253 4341 1348 4394 sed
1395 4339 1595 4410 pariter
1630 4338 1877 4409 gaudete.

301 4431 358 4488 Si
417 4431 614 4488 fratres
652 4432 816 4502 aliqui
847 4433 912 4486 ad
961 4448 1055 4487 vos
1095 4432 1432 4496 diverterinl,
1489 4447 1581 4486 eos
1617 4433 1683 4485 de
1720 4432 1878 4486 rebus

301 4525 582 4581 inutilibus
611 4541 678 4580 ne
713 4524 1080 4595 interrogetis,
1136 4523 1373 4592 alioquin
1410 4522 1549 4593 apud
1586 4537 1678 4576 vos
1713 4523 1878 4577 relin-

299 4627 468 4688 quent
517 4617 854 4672 servitutem.
886 4616 1038 4682 Quod
1093 4617 1138 4669 si
1192 4616 1458 4685 quispiam
1519 4629 1586 4670 ex
1633 4615 1741 4670 illis
1779 4615 1881 4669 sibi

303 4723 604 4782 temperare
626 4711 950 4779 nequiverit,
991 4725 1097 4779 quo
1129 4710 1306 4764 minus
1346 4709 1504 4763 alicui
1539 4718 1777 4764 vestrum
1805 4710 1886 4762 di-

294 4816 390 4860 cat
416 4805 618 4875 aliquid
643 4805 835 4859 inutile
869 4813 922 4857 et
953 4803 1352 4872 perniciosum;
1377 4805 1422 4858 is
1451 4802 1541 4872 qui
1569 4801 1700 4856 illud
1733 4802 1886 4856 audi-

296 4899 461 4968 verit,
497 4899 720 4968 reliquis
749 4898 1007 4952 fratribus
1029 4911 1094 4951 ne
1123 4899 1330 4965 aperiat
1352 4912 1486 4959 rem,
1519 4911 1586 4950 ne
1623 4911 1886 4949 venenum

302 4988 649 5045 mortiferum
678 4992 886 5045 animos
915 5007 1100 5046 eorum
1137 4989 1432 5043 interimat.
1467 4987 1524 5042 Si
1559 4995 1608 5042 te
1659 5001 1884 5056 peregre

302 5081 574 5151 proﬁcisci
623 5084 918 5139 necessitas
947 5084 1206 5153 coegerit,
1237 5097 1302 5135 ne
1352 5081 1686 5151 perconteris
1721 5081 1882 5148 quid-

301 5193 486 5246 quam,
545 5181 686 5248 quod
729 5179 819 5232 tibi
853 5181 1108 5248 prodesse
1147 5187 1397 5244 nequeat,
1431 5187 1488 5226 ut.
1532 5175 1597 5226 ad
1626 5174 1876 5229 cellulam

305 5279 449 5320 tuam
480 5267 766 5322 incolumis
815 5278 1110 5321 revertare.
1168 5266 1321 5333 Quod
1358 5267 1402 5319 si
1431 5265 1515 5319 vel
1544 5266 1746 5318 invitus
1779 5265 1880 5318 ali-

301 5359 427 5426 quid
481 5359 740 5426 ejusmodi
806 5359 1097 5421 audiveris,
1154 5359 1205 5411 in
1263 5359 1481 5412 domum
1525 5344 1785 5411 reversus
1816 5371 1881 5411 ne

301 5449 561 5505 fratribus
593 5451 875 5506 nuntiaris.
906 5451 963 5505 Si
998 5452 1193 5521 hospes
1227 5449 1279 5504 in
1315 5449 1486 5504 aliena
1512 5449 1731 5519 regione
1756 5464 1883 5503 ver-

300 5544 466 5609 saris,
497 5559 871 5616 quemcunque
893 5544 948 5599 in
988 5544 1165 5600 locum
1196 5545 1430 5613 veneris,
1461 5544 1596 5598 nihil
1624 5559 1882 5614 arrogan-

373 5701 417 5731 ⁸¹
448 5701 552 5755 fsa.
585 5715 738 5770 x-Ltn,
769 5700 785 5753 ι
820 5702 870 5756 5.
950 5702 995 5735 "
1023 5700 1124 5757 lsa.
1163 5718 1215 5767 ι,
1247 5702 1302 5770 8,
1333 5700 1388 5758 9.

1991 3235 2132 3303 apud
2159 3249 2254 3288 vos
2308 3232 2610 3297 diverterit,
2646 3247 2712 3286 ne
2752 3231 3044 3300 exploratis
3072 3246 3193 3285 eum
3235 3229 3440 3293 verbis,
3479 3230 3582 3283 nisi

1992 3326 2181 3379 vitium
2241 3325 2357 3395 ejus
2405 3340 2527 3380 sese
2571 3327 2902 3396 apparuerit,
2935 3323 3029 3379 sed
3086 3333 3297 3389 cavete,
3341 3339 3407 3376 ne
3456 3323 3582 3392 quid

1986 3417 2204 3473 faciatis
2250 3418 2393 3490 quod
2439 3418 2483 3473 si
2533 3418 2707 3472 frater
2755 3416 3024 3482 rescierit,
3056 3415 3342 3484 affligatur.
3397 3414 3581 3483 Siqua

1989 3526 2048 3565 re
2088 3512 2182 3567 tibi
2209 3527 2346 3582 opus
2367 3520 2472 3577 est,
2502 3528 2569 3566 ne
2591 3526 2914 3566 succenseas
2947 3510 3102 3563 fratri
3139 3519 3252 3573 tuo,
3277 3508 3420 3577 quod
3453 3522 3576 3561 eatn

1988 3604 2084 3658 tibi
2131 3616 2324 3674 sponte
2376 3620 2482 3658 non
2515 3604 2911 3668 commodarit;
2973 3602 3066 3656 sed
3129 3617 3251 3655 cum
3307 3600 3500 3653 fiducia
3529 3609 3580 3654 et

1990 3697 2341 3765 simplicitate
2371 3713 2497 3766 roga
2536 3697 2708 3761 illtnn,
2740 3705 2799 3749 ut
2829 3710 2941 3748 rem
2971 3695 3063 3746 tibi
3091 3693 3456 3746 necessariam
3490 3693 3582 3746 tri-

1987 3787 2141 3841 buat.
2179 3786 2306 3841 Haec
2355 3786 2498 3841 enim
2535 3788 2587 3840 in
2619 3789 2782 3841 corde
2813 3793 2897 3839 est
2937 3785 3161 3838 castitas
3207 3793 3422 3850 sancta;
3459 3798 3581 3838 nam

1987 3878 2032 3933 si
2068 3879 2120 3932 id
2153 3879 2228 3933 illi
2256 3893 2360 3932 non
2392 3877 2738 3946 patefeceris,
2769 3877 2862 3931 sed
2895 3877 2947 3931 in
2976 3879 3136 3930 corde
3167 3885 3254 3929 tuo
3291 3891 3409 3930 cum
3440 3893 3581 3930 muro

1988 3985 2142 4026 mure
2199 3968 2599 4032 succensueris,
2655 3967 2916 4037 judicium
2973 3965 3071 4022 tibi
3121 3967 3234 4035 ipse
3278 3966 3580 4021 constituis.

1985 4065 2044 4121 Si
2076 4065 2219 4118 inter
2263 4077 2357 4116 vos
2396 4059 2651 4115 inciderit
2699 4074 2880 4114 sermo
2927 4061 2991 4114 de
3047 4059 3230 4128 aliquo
3285 4055 3582 4128 Scriptura:

1985 4159 2140 4225 loco,
2175 4158 2260 4213 cui
2316 4158 2465 4210 locus
2495 4154 2583 4209 ille
2619 4165 2779 4210 notus
2805 4161 2909 4217 est,
2942 4153 2987 4208 is
3010 4167 3131 4208 eum
3169 4152 3323 4207 fratri
3350 4167 3448 4207 suo
3476 4165 3588 4206 mo-

1985 4253 2136 4306 deste
2172 4250 2514 4320 benigneque
2554 4246 2813 4302 declaret.
2867 4246 2940 4300 Ea
2996 4261 3230 4315 namque
3286 4246 3583 4314 Scriptura:

1987 4342 2222 4396 maxima
2251 4342 2487 4411 cognitio
2519 4349 2626 4402 est,
2669 4349 2729 4393 ut
2757 4347 2808 4393 te
2844 4338 3104 4392 humilem
3138 4339 3384 4407 praebeas
3425 4336 3580 4389 fratri

1990 4447 2104 4491 tuo.
2127 4435 2427 4491 Considera
2452 4433 2718 4503 judicium
2748 4432 2900 4494 illud,
2944 4432 3008 4484 ad
3035 4431 3176 4501 quod
3203 4427 3473 4483 sistendus
3498 4441 3577 4490 es,

1991 4538 2045 4582 ct
2071 4544 2288 4599 operam
2331 4530 2419 4595 da,
2454 4543 2520 4581 ne
2578 4539 2758 4580 mutus
2790 4525 2860 4579 ibi
2892 4522 3336 4595 deprehendaris,
3371 4536 3473 4576 nec
3499 4521 3581 4574 nl-

1991 4622 2099 4676 lam
2159 4623 2211 4677 in
2263 4623 2352 4676 illa
2415 4624 2545 4676 hora
2592 4613 2933 4676 formidanda
2994 4618 3363 4674 defensionem
3427 4615 3580 4669 inve~

1994 4714 2131 4768 nias.

2067 4804 2153 4863 Ill.
2188 4805 2316 4873 Qua:
2365 4805 2546 4859 mundi
2575 4812 2721 4867 sunt,
2757 4817 2822 4856 ne
2853 4798 3120 4854 curiosius
3151 4796 3477 4867 inquiratis;
3512 4811 3577 4848 ne

1998 4899 2211 4954 latrinis
2241 4899 2445 4955 similes
2477 4899 2617 4965 silis,
2647 4898 2711 4951 ad
2752 4911 2890 4966 quas
2935 4895 3182 4950 homines
3210 4892 3493 4957 accedunt,
3520 4902 3580 4946 ut

1993 4994 2202 5048 ventris
2255 5007 2422 5046 onera
2453 4992 2746 5062 deponant,
2779 4999 2940 5056 atque
2994 4989 3065 5042 ita
3111 4986 3284 5041 fetore
3314 4995 3437 5039 sunt
3469 4984 3578 5054 ple-

1994 5101 2092 5139 nte.
2125 5083 2230 5138 Sed
2261 5092 2434 5137 estote
2460 5081 2640 5151 potius
2700 5079 2896 5149 templa
2945 5087 2998 5132 et
3027 5076 3217 5132 altaria
3245 5075 3335 5130 Dei
3369 5075 3420 5128 in
3452 5089 3578 5127 Satt-

1990 5177 2197 5238 ctitale,
2226 5177 2316 5228 ubi
2367 5189 2525 5227 mane
2573 5183 2624 5227 et
2672 5172 2881 5242 vesperi
2943 5170 3236 5242 thymiama
3277 5167 3572 5220 adolentur.

1990 5265 2276 5337 Nunquam
2317 5265 2488 5320 altare
2523 5265 2625 5319 hoc
2652 5265 2723 5318 sit
2776 5263 2892 5317 sine
2938 5261 3313 5332 thymiamate.
3350 5257 3578 5325 Semper

1989 5363 2163 5415 estote
2195 5362 2246 5413 in
2283 5353 2576 5428 conspectu
2608 5356 2699 5410 Dei
2737 5354 3086 5411 obsecrantes
3107 5368 3253 5417 eum,
3288 5362 3343 5405 et
3376 5351 3578 5420 gratias

1993 5461 2212 5522 agentes
2240 5467 2361 5506 cum
2413 5449 2763 5520 Simplicitate
2807 5457 2860 5502 et
2915 5447 3244 5510 sinceritate,
3288 5454 3394 5498 uta
3425 5443 3577 5497 vobis

1993 5545 2224 5615 accipiat
2260 5546 2400 5602 Deus
2433 5558 2492 5600 ea
2519 5555 2637 5614 quae
2669 5538 2950 5594 calliditati
2983 5548 3036 5593 et
3066 5536 3346 5608 sapientia:
3380 5535 3580 5590 dxtro-

1465 5701 1508 5734 ³³
1542 5700 1728 5758 Matth.
1767 5717 1836 5769 vr,
1863 5701 1894 5755 4
1947 5705 1997 5772 6,
2038 5705 2116 5757 l8.
