3968 6210
438 216 573 274 Ηὶὸ

1558 207 1826 264 PATRES
1882 205 2187 262 ᾸΞΟΥΡΤῙΙ
2230 207 2500 264 ΒᾸΞΕΠΙΛ
2541 209 2630 264 Ν.

3571 223 3711 281 ιιξξῑ

435 331 626 398 niueae,
689 339 739 386 et
775 329 1098 391 curiositati,
1167 337 1222 382 et
1271 327 1442 382 nimio
1499 327 1668 382 amori
1706 327 1786 381 sui
1847 325 2016 394 ipsius
2047 328 2092 384 Α
2121 325 2381 382 fratribus
2413 329 2733 396 quibuscum
2785 326 2988 382 vixisti.
3047 326 3124 382 Nc
3151 331 3383 386 audieris
3423 336 3712 396 inimicum

437 423 723 492 cordisque
756 423 973 476 malitia:
1001 429 1128 475 sunt
1153 419 1448 474 contraria.
1478 419 1570 473 llis
1597 419 1741 474 enim
1769 419 1861 488 qui
1893 427 2022 473 sunt

437 514 710 576 obstricti,
739 513 937 566 frustra
967 512 1240 576 laborant,
1266 522 1322 568 et
1349 514 1470 567 fluis
1501 527 1689 567 eorum
1726 510 2016 574 interitus;

437 606 528 673 qui
563 621 690 659 vero
718 592 880 658 Deum
914 604 1086 666 timet,
1118 615 1173 657 et
1208 605 1593 660 conscientiam
1628 605 1798 667 audit,
1836 603 1902 656 ab
1935 602 2019 656 his

438 697 689 749 nntnibus
723 696 1058 748 ablt'orrebit.
1096 695 1164 748 At
1213 685 1600 764 paterfamilias
1629 694 1803 756 abest,
1858 693 2021 746 miser

440 790 601 841 homo
633 789 849 840 domum
902 796 1273 842 constructam
1336 787 1497 840 habet
1547 800 1708 854 super
1743 783 2018 839 voluntate

436 895 556 944 sua,
614 891 667 934 et
716 880 956 949 loquitur
1006 897 1126 950 qua:
1151 896 1254 934 non
1282 880 1394 933 vult
1429 879 1480 932 itt
1510 894 1568 933 se
1596 879 1732 948 ipso,
1763 877 2018 946 quoniam

439 990 541 1024 non
568 973 729 1026 habet
757 988 850 1028 ror
876 974 926 1026 in
956 982 1219 1042 potestate
1247 987 1366 1036 sua,
1397 973 1493 1026 sed
1523 971 1573 1025 itt
1600 986 1760 1025 manu
1788 969 2016 1024 inimici.

436 1067 490 1118 Si
527 1067 592 1121 ad
619 1053 928 1135 eptts'exire
954 1065 1134 1129 vultis,
1199 1079 1334 1118 unus
1366 1063 1593 1118 alterum
1631 1078 1698 1116 ne
1734 1061 2016 1130 despiciat,

440 1175 614 1228 neque
670 1159 940 1228 relinquat
997 1159 1219 1212 fratrem
1265 1172 1446 1220 suum,
1486 1165 1544 1211 ut
1586 1157 1638 1211 in
1674 1156 1806 1211 cella
1835 1173 1863 1210 a
1890 1172 2020 1212 con-

438 1250 661 1304 scientia
691 1250 1014 1304 stimuletur.
1039 1249 1142 1303 Sed
1164 1266 1286 1304 cum
1315 1260 1562 1304 amanter
1584 1249 1661 1303 sic
1682 1248 2016 1318 alloquatur:

441 1341 532 1398 Vis
562 1351 618 1396 ιιι
643 1343 942 1397 exeamus?
972 1345 1122 1409 Quod
1177 1343 1220 1395 si
1258 1341 1478 1395 fratrem
1509 1357 1664 1396 suum
1689 1356 1753 1395 eo
1782 1350 2028 1408 tempore

437 1432 615 1486 minus
645 1432 884 1501 quietum
947 1433 1242 1502 aspexerit,
1297 1443 1390 1486 aut
1427 1447 1655 1502 corpore
1701 1432 2016 1497 invalidum,

437 1537 505 1578 ue
543 1523 833 1577 contendat
879 1533 1001 1577 tunc
1056 1538 1176 1577 esse
1223 1523 1619 1589 discedendum,
1681 1523 1774 1578 sed
1827 1523 2020 1592 paulu.

438 1617 544 1668 tum
578 1614 812 1677 differat,
840 1624 892 1669 et
939 1631 1059 1668 cum
1093 1614 1361 1668 cbaritate
1395 1615 1460 1668 ad
1489 1614 1738 1669 cellulam
1769 1624 2019 1669 reverta—

2123 417 2468 482 suadeutetn,
2503 425 2562 470 ut
2588 415 2807 470 simules
2849 427 2901 470 te
2943 416 3262 473 a-fratribus
3289 421 3540 478 affectum
3566 427 3712 496 inju-

2129 507 2204 559 ria
2241 520 2270 559 a
2300 505 2497 576 quibus
2547 505 2868 561 beneficium
2897 509 3176 578 accepisti,
3214 527 3322 580 quo
3359 514 3536 582 fugias
3571 519 3710 573 infa-

2121 598 2285 653 n-iatn
2313 607 2581 653 eteorum
2613 599 2907 668 ignominia
2943 609 3202 670 conlegas
3243 613 3411 670 tuam,
3439 618 3609 677 atque
3636 611 3707 664 ita

2121 705 2308 744 servus
2355 690 2559 745 inimici
2617 692 2714 746 fias
2741 692 3051 760 ubicunque
3081 694 3300 750 vixeris.
3352 695 3408 750 Si
3451 707 3504 751 te
3527 701 3711 768 aliquo

2118 781 2414 836 contuleris
2441 782 2508 835 ad
2542 781 2910 848 habitandum,
2945 784 3086 839 haud
3129 786 3200 840 ita
3245 787 3353 842 cito
3400 790 3598 845 cellam
3631 794 3714 846 iu-

2121 873 2401 928 colendam
2428 873 2522 928 tibi
2556 873 2672 942 ipse
2696 875 3020 936 constituas.
3049 876 3149 930 nisi
3178 879 3330 945 prius
3351 879 3456 935 loci
3487 891 3712 940 naturas

2121 964 2454 1031 consideres,
2515 979 2582 1020 ne
2637 965 2774 1019 forte
2827 965 2936 1020 illic
2992 966 3372 1022 oﬂ'endiculum
3438 974 3709 1039 reperias,

2120 1058 2204 1110 vel
2251 1065 2471 1126 prepter
2529 1057 2965 1123 sollicitudinem,
3025 1059 3110 1113 vel
3145 1072 3364 1130 pr0pter
3398 1063 3707 1132 cujuspiatl

2122 1160 2489 1218 conspectum,
2521 1148 2601 1204 vel
2633 1159 2850 1219 prepter
2877 1150 3127 1220 gloriam,
3154 1152 3237 1206 vel
3262 1166 3483 1223 propter
3504 1155 3710 1211 laboris

2123 1239 2571 1308 magnitudinem,
2611 1241 2692 1294 vel
2744 1252 2965 1311 propter
3003 1241 3352 1298 offensionem
3381 1247 3709 1311 amicorum,

2122 1346 2431 1400 quanquam
2487 1332 2528 1386 si
2563 1332 2780 1401 sapiens
2831 1333 3017 1398 fueris,
3075 1335 3262 1404 paucis
3293 1337 3486 1391 diebus
3523 1340 3709 1392 omnia

2123 1439 2437 1492 cognosces,
2471 1425 2612 1478 unde
2663 1425 2756 1480 tibi
2786 1436 2878 1480 aut
2906 1441 3069 1492 mors,
3097 1437 3190 1481 aut
3221 1429 3330 1481 vita
3364 1428 3435 1483 sit
3469 1443 3707 1492 proven-

2127 1527 2264 1572 tura.

2201 1609 2260 1663 V.
2298 1609 2354 1663 Si
2388 1609 2540 1664 fratri
2580 1611 2766 1665 cellam
2802 1617 2952 1664 tuam
2979 1611 3095 1664 dies
3130 1609 3332 1680 aliquot
3355 1612 3422 1664 ad
3450 1611 3707 1665 habitan-

438 1717 545 1759 tur.
579 1706 794 1770 Cavete,
831 1721 895 1758 ne
924 1705 1024 1757 ulla
1055 1706 1104 1757 itt
1153 1719 1209 1758 re
1247 1703 1509 1759 fratribus
1539 1705 1732 1758 vestris
1763 1705 2015 1756 adverse-
2047 1690 2088 1745 Β
2120 1702 2245 1756 dum
2274 1703 2630 1766 concesseris,
2667 1703 2771 1756 noli
2797 1719 2918 1756 euut
2950 1702 3044 1756 tibi
3074 1703 3344 1757 subditum
3363 1703 3706 1758 existimare.

436 1799 593 1862 mitti,
633 1815 699 1853 ne
741 1814 834 1852 eos
889 1797 1236 1866 perturbetis.
1273 1797 1329 1851 Si
1372 1801 1494 1867 quis
1537 1813 1658 1852 cum
1715 1805 1868 1867 patre
1922 1803 2017 1849 aut

436 1889 604 1943 fratre
628 1906 726 1944 suo
761 1890 969 1942 habitat
1021 1889 1308 1958 spirituali,
1366 1890 1570 1942 nullum
1625 1905 1747 1943 cum
1778 1888 2018 1943 externis

435 1980 819 2032 commercium
859 1979 1053 2032 habeat
1098 1992 1114 2028 :
1150 1979 1262 2031 haec
1297 1980 1442 2030 enim
1492 1987 1572 2031 cst
1615 1994 1714 2046 pax
1751 1987 1806 2030 et
1840 1975 2018 2044 subje-

435 2071 561 2123 ctio.
588 2069 649 2122 Si
679 2084 796 2123 cum
827 2079 980 2137 patre
1015 2079 1105 2121 aut
1143 2071 1311 2123 fratre
1361 2079 1452 2123 tuo
1479 2069 1715 2133 habitas,
1769 2084 1837 2123 ne
1867 2070 2019 2123 ineas

434 2161 572 2214 clam
614 2161 908 2213 amicitiam
937 2175 1062 2212 cum
1119 2159 1320 2227 aliquo,
1359 2175 1529 2228 neque
1573 2161 1781 2214 occulte
1811 2161 2018 2216 litteras

433 2253 500 2306 ad
534 2252 767 2320 a‘iquem
797 2252 1024 2313 scribas,
1058 2254 1196 2319 quod
1231 2267 1322 2304 cos
1349 2253 1666 2320 quibuscum
1703 2253 1857 2316 vivis,
1885 2253 2019 2307 velis

435 2345 726 2414 ignorare;
772 2343 1009 2412 alioquin
1040 2353 1093 2397 et
1152 2351 1203 2396 te
1250 2343 1420 2410 ipsum
1461 2353 1514 2396 et
1549 2344 1670 2398 illos
1705 2345 1920 2413 perdes.
1960 2345 2016 2400 Si

429 2450 556 2489 cum
592 2434 868 2503 superiore
927 2444 978 2488 te
1038 2433 1270 2495 habitas,
1311 2433 1416 2488 noli
1472 2434 1610 2488 clam
1639 2446 1692 2490 et
1733 2442 1801 2490 eo
1847 2436 2018 2491 inscio

432 2529 654 2596 pauperi
695 2526 1040 2581 benefacere.
1091 2526 1207 2580 Noli
1239 2538 1357 2594 post
1392 2525 1595 2580 factum
1620 2538 1804 2595 petere
1834 2529 2016 2585 cousi-

433 2619 585 2682 liutn,
617 2620 709 2673 sed
739 2621 806 2674 de
845 2620 912 2674 iis
943 2633 1064 2688 rpite
1093 2627 1145 2671 te
1185 2619 1235 2672 in
1267 2619 1555 2688 praesentia
1581 2621 1862 2673 stimulant
1888 2634 2018 2673 con-

431 2712 588 2777 sule;
619 2711 732 2765 sive
784 2713 848 2763 de
877 2711 1196 2778 migratione
1241 2711 1467 2777 cogitas,
1499 2711 1612 2763 sive
1639 2725 1774 2779 opus
1803 2711 2015 2768 discere

433 2803 587 2872 cupis
619 2812 715 2854 aut
749 2801 1130 2865 intermittere,
1159 2809 1250 2852 attt
1273 2816 1394 2854 cum
1421 2801 1690 2870 aliquibus
1710 2802 2013 2868 discedere,

433 2895 692 2948 audacter
725 2893 1009 2947 consilium
1055 2904 1196 2960 pete,
1240 2901 1528 2962 antequam
1562 2908 1674 2948 rem
1725 2893 1895 2963 ipsam
1920 2909 2014 2964 ag-

431 2987 707 3055 grediare.
735 2987 900 3055 Aperi
941 2987 1318 3056 :egritudinetn
1364 2985 1530 3040 animi
1566 2986 1663 3052 tui,
1695 2996 1788 3041 aut
1817 3002 2012 3055 corpo-

434 3081 511 3136 I'is
545 3081 786 3142 morbos,
816 3089 908 3133 aut
947 3093 1136 3133 eorum
1163 3093 1374 3144 causas,
1405 3089 1564 3147 atque
1595 3078 1668 3132 ita
1704 3079 1876 3148 aperi,
1905 3094 2008 3134 non

432 3181 489 3224 ut
522 3171 750 3239 integer,
785 3170 877 3224 sed
905 3180 983 3243 ,ιιι
1010 3170 1321 3224 vulneratus
1361 3171 1599 3236 videare,
1627 3170 1669 3223 si
1711 3172 1790 3223 vis
1819 3169 2008 3223 vulne-

437 3263 512 3315 tis
559 3263 1010 3316 medicamentum
1055 3263 1325 3331 accipere.
1376 3262 1528 3327 Quod
1561 3262 1604 3316 si
1653 3263 2012 3333 cogitationes

432 3363 556 3408 tuas
580 3353 863 3421 patefacis,
894 3370 960 3407 ne
987 3355 1230 3416 simules,
1267 3369 1399 3408 neve
1439 3370 1549 3406 rem
1579 3370 1738 3406 unam
1778 3370 1874 3422 pro
1905 3354 2009 3408 alia

432 3444 598 3506 dicas,
632 3450 724 3495 aut
766 3452 1019 3510 tanquam
1065 3443 1130 3494 de
1169 3441 1274 3496 alio
1305 3442 1572 3506 consulas,
1612 3443 1703 3494 sed
1728 3442 2010 3498 veritatem

432 3548 642 3604 prome,
673 3544 836 3602 atque
876 3534 947 3587 ita
991 3544 1041 3588 te
1071 3534 1244 3604 ipsum
1281 3549 1430 3603 para,
1456 3543 1514 3586 ut
1545 3549 1662 3602 quae
1692 3535 1784 3590 tibi
1818 3537 2010 3590 dicen-

435 3640 542 3692 tur,
563 3625 802 3694 eﬂicias;
827 3627 1023 3697 alioqui
1058 3644 1164 3683 non
1190 3642 1349 3683 senes
1385 3642 1520 3696 quos
1547 3629 1804 3694 consulis,
1839 3630 1932 3684 sed
1961 3640 2012 3685 te

432 3719 608 3788 ipsum
641 3718 898 3788 decipies.

501 3808 592 3865 IV.
630 3809 685 3864 Si
720 3826 748 3863 a
787 3809 1007 3882 senibus
1030 3808 1313 3864 consilium
1366 3809 1503 3877 petis
1539 3810 1798 3864 adversus
1829 3819 2010 3864 tenta-

434 3904 634 3958 tionutu
672 3902 1120 3973 impugnatioues,
1151 3915 1219 3954 ne
1241 3901 1430 3954 audias
1465 3917 1576 3967 eos,
1616 3902 1705 3970 qui
1735 3901 1826 3956 tibi
1856 3903 2011 3971 plura

429 4012 592 4065 quam
620 4009 777 4050 senes
833 3994 978 4048 intus
1007 3993 1320 4063 lotiuuntur.
1371 3990 1476 4047 Sed
1501 3991 1666 4046 Deum
1697 4008 1816 4059 ora,
1843 4003 1899 4047 ιιι
1931 4004 2009 4048 te-

430 4104 554 4145 cum
588 4087 752 4141 faciat
777 4087 1208 4141 tnisericordiatu
1254 4100 1432 4152 suam,
1461 4100 1724 4155 senesque
1771 4096 2007 4148 moneat,

431 4191 490 4232 ttt
524 4178 640 4242 tibi,
672 4191 791 4246 qua:
848 4177 951 4246 ipsi
1014 4187 1168 4246 grata
1199 4185 1346 4242 sunt,
1380 4176 1684 4230 consulant.
1723 4175 1858 4230 Tum
1893 4192 2011 4244 qua:

428 4269 528 4326 tibi
562 4284 720 4325 senes
781 4269 1036 4332 dixerint,
1081 4268 1262 4332 facito,
1285 4277 1340 4322 et
1370 4267 1510 4321 Deus
1546 4277 1595 4319 te
1623 4266 2008 4322 consolabitur.

430 4361 490 4416 Si
520 4376 642 4416 cum
690 4361 954 4419 fratribus
1004 4359 1238 4422 habitas,
1279 4367 1334 4411 et
1362 4358 1595 4426 quietem
1625 4372 1730 4410 non
1780 4356 2007 4420 invenis,

430 4453 516 4506 vel
567 4462 785 4522 propter
838 4465 1024 4519 Opera,
1079 4448 1162 4502 vel
1194 4459 1410 4518 propter
1447 4448 1688 4513 vincula;
1753 4447 1835 4502 vel
1882 4452 2007 4518 quia

430 4559 569 4599 anus
597 4543 743 4598 ferre
773 4556 876 4596 non
909 4549 1082 4610 potes,
1117 4540 1196 4594 vel
1224 4549 1442 4609 propter
1475 4540 1742 4605 acediatu,
1776 4541 1858 4596 vel
1887 4543 2012 4610 quia

425 4637 610 4706 iugum
640 4633 904 4689 sustinere
935 4645 1038 4686 non
1067 4630 1232 4695 vales,
1283 4630 1366 4686 vel
1405 4631 1532 4700 quia
1565 4629 1742 4686 facere
1767 4633 2012 4687 volunta-

431 4739 539 4784 tem
574 4740 718 4781 tuatu
765 4740 869 4780 non
899 4733 1072 4795 potes,
1105 4723 1187 4776 vel
1217 4723 1341 4793 quia
1393 4734 1681 4792 suppetunt
1714 4740 1800 4779 res
1828 4741 2015 4780 neces-

425 4820 696 4886 εει-ιω,γεί
723 4819 848 4890 quia
881 4831 940 4871 se
965 4817 1172 4871 veriore
1203 4827 1252 4870 te
1283 4815 1566 4885 disciplina
1593 4817 1743 4884 cupis
1783 4817 2014 4870 adstrin-

425 4929 556 4982 gere
590 4920 646 4969 et
674 4913 1044 4967 vehementius
1104 4909 1390 4978 castigare,
1451 4924 1543 4963 seu
1583 4909 1773 4976 quavis
1806 4908 1909 4962 alia
1941 4908 2009 4964 de

427 5021 591 5060 causa
634 5013 705 5060 te;
733 5004 946 5060 animus
1003 5010 1180 5055 movet
1229 5011 1285 5054 ut
1311 5000 1627 5072 egrediatis,
1667 5016 1800 5055 cave
1832 5016 1898 5056 ne
1931 5011 2008 5054 te-

429 5111 579 5152 mere
613 5095 666 5151 id
703 5094 892 5159 facias,
943 5108 1046 5148 neu
1074 5089 1560 5163 jugutu'excutias,
1612 5103 1667 5145 et
1697 5107 1857 5145 exeas
1885 5107 2005 5146 cum

345 5225 348 5228 .
429 5187 676 5252 tristitia,
701 5194 794 5240 aut
814 5185 1022 5241 occulte
1044 5185 1215 5253 fugias
1240 5198 1362 5236 cum
1387 5181 1694 5246 afﬂictione,
1725 5185 2008 5237 immemor

431 5280 810 5344 fraternitatis,
842 5294 965 5334 cum
992 5277 1216 5332 ollensio
1259 5276 1563 5341 intercedit,
1586 5285 1638 5329 et
1670 5274 1885 5335 malitia:
1916 5289 2006 5328 ve-

429 5372 608 5428 lamen
662 5371 948 5435 obtendas,
983 5371 1076 5425 sed
1106 5369 1287 5438 potius
1314 5367 1465 5438 pacis
1499 5376 1554 5421 et
1594 5366 2006 5436 tranquillitatis

430 5474 644 5532 tempus
678 5464 933 5525 observa,
986 5474 1043 5517 ut
1072 5463 1287 5516 animus
1311 5470 1458 5524 tuus,
1485 5458 1789 5528 ubicunque
1817 5457 2004 5520 fueris,

429 5554 800 5624 conquiescat.
835 5550 955 5607 Tibi
1008 5553 1106 5620 ipsi
1145 5552 1354 5620 culpam
1407 5547 1641 5610 ascribe,
1676 5563 1780 5603 nou
1828 5559 2005 5601 autem

503 5709 547 5742 ιι
575 5707 766 5765 stanti.
801 5722 872 5776 vi,
905 5709 960 5773 .t,
990 5708 1048 5767 6.
1078 5708 1160 5762 is.

2121 1793 2177 1846 Si
2208 1793 2398 1848 cellam
2431 1794 2656 1848 alterius
2688 1795 2802 1861 ipse
2858 1794 3049 1848 diebus
3082 1795 3288 1864 aliquot
3347 1798 3414 1848 ad
3456 1796 3706 1849 habitan-

2119 1886 2243 1941 dum
2283 1887 2580 1954 acceperis,
2619 1887 2750 1942 nihil
2775 1887 2828 1939 itt
2859 1902 2921 1939 ea
2954 1889 3158 1951 diritas,
3183 1897 3276 1940 aut
3316 1888 3554 1942 aedifices
3587 1887 3706 1942 sine

2118 1976 2236 2046 ejus
2267 1977 2477 2035 licentia
2522 1980 2611 2048 qui
2641 1995 2760 2033 eam
2795 1979 2890 2033 tibi
2932 1978 3313 2033 commodavit.
3344 1975 3398 2030 Si
3430 1993 3556 2030 cum
3602 1977 3701 2029 ali-

2119 2084 2224 2138 quo
2256 2069 2335 2124 vel
2372 2069 2582 2124 habitas
2631 2071 2716 2125 vel
2778 2085 2998 2140 peregre
3031 2068 3401 2138 proficisceris,
3441 2066 3594 2121 etab
3629 2081 3700 2120 eo

2119 2162 2430 2214 tttandatutn
2478 2161 2713 2228 accipis;
2767 2175 2899 2214 cave
2951 2167 3170 2227 propter
3198 2156 3379 2220 Deum,
3436 2169 3507 2208 ue
3564 2169 3700 2209 con-

2131 2265 2359 2318 temnas,
2395 2269 2528 2309 neve
2559 2264 2652 2308 aut
2693 2254 2829 2308 clam
2859 2263 2950 2306 aut
2981 2253 3157 2320 palam
3192 2251 3258 2304 ab
3301 2249 3416 2318 ipso
3446 2247 3700 2301 mandato

2121 2348 2360 2402 recedas.
2400 2349 2456 2402 Si
2487 2349 2582 2402 tibi
2616 2349 2731 2418 ipse
2789 2349 2841 2402 in
2878 2345 3070 2400 cellula
3100 2355 3186 2398 tua
3222 2342 3624 2412 praescripsisti,
3645 2351 3703 2393 ut

2120 2441 2202 2495 vel
2228 2451 2428 2496 statuta
2486 2441 2664 2509 aliqua
2698 2442 2830 2494 liora
2859 2438 3138 2498 comedas,
3170 2438 3252 2491 vel
3281 2451 3314 2490 a
3362 2436 3491 2490 cibo
3522 2434 3699 2500 aliquo

2119 2534 2418 2598 abstineas,
2455 2547 2586 2588 cave
2650 2547 2716 2586 ne
2756 2546 2877 2586 cum
2946 2545 3170 2601 peregre
3202 2526 3598 2598 proﬁcisceris,
3645 2525 3698 2578 iu

2120 2641 2306 2680 mensa
2365 2626 2601 2694 cuipiam
2634 2625 2786 2679 dicas
2823 2642 2835 2678 :
2867 2621 3089 2693 ignosce
3142 2621 3296 2686 mibi,
3328 2622 3431 2676 hoc
3461 2634 3563 2690 ego
3585 2617 3702 2672 cibo

2119 2733 2226 2771 nou
2258 2732 2471 2773 vescor.
2527 2717 2620 2772 Sic
2662 2718 2803 2771 enim
2834 2718 3046 2770 vanitas
3094 2725 3180 2768 tua
3235 2714 3450 2768 labores
3495 2722 3616 2764 tuos
3649 2709 3699 2762 in

2115 2829 2310 2866 manus
2334 2812 2676 2866 inimicorum
2703 2822 2916 2865 tuorum
2941 2818 3239 2864 excuteret.
3267 2806 3532 2860 Dominus
3556 2803 3698 2857 enim

2111 2898 2281 2968 jubet,
2311 2911 2367 2955 ut
2394 2901 2446 2954 in
2495 2901 2708 2956 occulto
2737 2902 2849 2956 hate
2887 2899 3168 2962 faciamus,
3211 2898 3355 2966 quod
3385 2895 3550 2950 Pater
3607 2910 3699 2948 no-

2123 3002 2232 3046 ster
2259 2992 2419 3047 nobis
2451 2992 2640 3046 reddat
2671 2995 2720 3046 itt
2748 2993 3032 3046 manifesto
3068 2991 3133 3044 ³⁸⁵.
3169 2991 3268 3056 Qui
3299 3003 3466 3059 opera
3496 3005 3596 3062 sua
3621 2986 3701 3040 di-

2122 3082 2257 3152 ligit,
2293 3098 2356 3136 ea
2382 3093 2580 3149 servet,
2611 3098 2676 3136 ne
2701 3093 2945 3152 pereant.
2984 3081 3039 3136 Si
3063 3081 3120 3135 in
3147 3081 3336 3135 eodem
3365 3077 3544 3132 vivitis
3565 3092 3701 3128 cou-

2124 3176 2392 3239 tubernio,
2443 3186 2496 3230 et
2544 3193 2666 3231 cum
2729 3191 2864 3240 opus
2903 3175 3118 3242 aliquod
3147 3175 3316 3235 intus,
3349 3167 3704 3225 autlorisfa-

2118 3271 2262 3330 citis,
2301 3269 2472 3324 frater
2522 3280 2647 3324 tuus
2679 3280 2834 3323 vocat
2865 3279 2954 3333 te;
3013 3282 3083 3323 ne
3135 3267 3342 3322 dixeris
3375 3283 3391 3320 :
3419 3263 3704 3330 Paulisper

2119 3371 2394 3431 exspecta,
2421 3362 2550 3416 dum
2583 3377 2719 3430 opus
2739 3362 3036 3423 absolvam,
3073 3359 3170 3414 sed
3193 3360 3382 3412 statim
3415 3357 3700 3422 obtempe-

2120 3466 2202 3504 ra.
2241 3451 2373 3506 Cum
2408 3465 2543 3520 opus
2573 3451 2790 3520 aliquod
2822 3449 2980 3504 simul
3013 3448 3211 3512 facitis,
3259 3446 3304 3500 si
3331 3453 3567 3499 erratum
3601 3439 3704 3493 ali-

2119 3541 2276 3612 cujus
2302 3541 2774 3608 animadverteris,
2810 3556 2877 3595 ne
2905 3541 3032 3595 illud
3079 3541 3145 3592 ad
3172 3538 3310 3592 alios
3336 3534 3574 3596 deferas,
3610 3539 3698 3583 aut

2120 3630 2287 3684 inore
2315 3639 2406 3684 tuo
2437 3631 2526 3690 sit,
2571 3640 2626 3684 ut
2655 3630 2911 3685 fratribus
2961 3629 3146 3692 dicat;
3176 3626 3228 3678 id
3279 3625 3422 3679 enim
3447 3631 3531 3676 est
3558 3633 3700 3674 mors

2118 3724 2310 3776 auitute
2335 3731 2458 3777 tute.
2493 3723 2550 3776 Si
2593 3733 2766 3778 tecum
2803 3721 3002 3775 fratres
3031 3719 3425 3782 habitaverint,
3454 3730 3580 3770 cum
3619 3713 3698 3766 lac

2117 3813 2358 3869 borando
2383 3824 2507 3870 sunt
2537 3814 2688 3879 fessi,
2713 3823 2841 3868 aute
2883 3813 3110 3868 solidam
3139 3809 3332 3866 edendi
3373 3808 3588 3870 horam,
3619 3805 3699 3858 fac

2118 3917 2176 3960 ut
2201 3907 2378 3960 cibum
2409 3907 2644 3976 capiant,
2699 3915 2753 3959 et
2793 3905 3089 3972 quiescant.
3146 3901 3237 3955 Dei
3287 3899 3492 3968 judicio
3530 3909 3700 3962 utere,

2119 4010 2226 4050 non
2256 4005 2437 4050 autem
2465 4006 2573 4049 tuo.
2615 3994 2885 4061 Quidquid
2916 3994 3051 4062 agis.
3089 3993 3252 4046 Deum
3291 3989 3384 4044 tibi
3414 3998 3544 4041 ante
3566 4001 3696 4040 ocu~

2123 4087 2205 4142 los
2264 4101 2522 4157 propone.
2557 4085 2610 4139 Si
2636 4086 2816 4154 aliquo
2847 4085 2912 4137 ad
2943 4082 3292 4137 habitandum
3336 4077 3696 4136 concesseris,

2120 4179 2201 4232 vel
2237 4179 2404 4241 solus,
2456 4177 2536 4232 vel
2569 4194 2688 4230 cum
2750 4177 2856 4230 illis
2886 4175 2975 4244 qui
3011 4183 3168 4228 erant
3220 4172 3330 4226 illic
3361 4179 3492 4224 ante
3536 4178 3608 4233 te,
3647 4175 3698 4220 et

2117 4268 2318 4324 videris
2372 4267 2444 4320 ibi
2487 4269 2775 4329 artificem,
2825 4275 2916 4318 aut
2961 4278 3128 4333 opera
3166 4275 3284 4332 quae
3314 4260 3696 4314 detrimentum

2121 4359 2370 4424 afferant,
2399 4371 2488 4412 aut
2515 4358 2779 4411 monacho
2813 4356 2990 4408 minus
3022 4351 3424 4413 convenientia,
3455 4364 3522 4402 ne
3547 4357 3700 4419 pate-

2117 4451 2312 4506 feceris
2359 4466 2422 4505 os
2461 4459 2607 4502 luunt
2646 4449 2712 4501 ad
2754 4445 3300 4516 reprehendendum;
3339 4442 3436 4495 sed
3467 4441 3510 4492 si
3549 4439 3705 4509 quic-

2117 4554 2220 4597 tem
2253 4557 2359 4596 non
2409 4539 2638 4602 invenis,
2673 4539 2779 4592 alto
2827 4537 3192 4606 proficiscere,
3232 4541 3287 4586 ct
3338 4531 3573 4600 linguam
3604 4545 3701 4580 co-

2116 4634 2263 4698 hibe,
2287 4647 2354 4686 ne
2379 4630 2708 4693 maledicas;
2760 4629 2810 4682 id
2835 4627 2977 4680 enim
3008 4625 3101 4679 tibi
3145 4640 3294 4678 mors
3312 4634 3410 4676 est.
3441 4618 3499 4672 Si
3535 4619 3697 4670 infir-

2120 4742 2237 4779 mus
2265 4740 2344 4789 es,
2374 4735 2427 4781 et
2455 4725 2522 4778 ad
2545 4723 2676 4777 vitia
2726 4719 2999 4792 proclivis,
3031 4733 3098 4773 ne
3141 4717 3419 4785 permittas
3448 4723 3510 4764 ut
3544 4710 3702 4778 (ξοεί-

2121 4819 2357 4873 tatiunes
2386 4832 2514 4872 suas
2561 4830 2754 4884 pravas
2799 4814 2892 4868 tibi
2942 4822 3196 4880 tanquam
3251 4805 3392 4861 fideli
3428 4803 3699 4872 quispiam

2116 4908 2510 4971 communicet;
2543 4922 2606 4960 ea
2631 4905 2772 4959 enim
2831 4920 2916 4958 res
2947 4903 3140 4956 anima:
3183 4911 3286 4954 tua:
3315 4906 3400 4951 est
3427 4896 3700 4966 pernicio-

2117 5015 2195 5052 sa.
2237 4998 2294 5052 Si
2346 4998 2490 5052 inter
2518 5011 2615 5051 vos
2659 4998 2868 5049 oriatur
2895 5006 3073 5045 sermo
3119 4989 3208 5058 qui
3261 4987 3430 5040 risum
3466 4994 3696 5056 moveat,

2115 5101 2301 5144 cavete
2349 5105 2416 5144 tte
2447 5102 2633 5142 vocem
2666 5095 2898 5139 vestram
2924 5083 3114 5136 sinatis
3137 5079 3419 5142 exaudiri;
3458 5077 3529 5130 ibi
3557 5075 3698 5128 enim

2117 5179 2345 5234 sttltttior
2372 5189 2456 5234 est
2489 5180 2632 5232 risus
2681 5177 2768 5230 ubi
2797 5191 2900 5230 non
2942 5181 3028 5229 est
3061 5169 3366 5240 disciplina,
3411 5184 3512 5224 nec
3541 5168 3699 5220 timor

2119 5270 2234 5333 Dei,
2263 5285 2361 5324 nec
2386 5268 2609 5322 interior
2640 5265 2804 5319 animi
2841 5261 3103 5318 custodia.

2191 5362 2273 5415 Vl.
2317 5361 2577 5428 Quoniam
2609 5359 2689 5414 ira
2724 5357 2901 5411 divina
2941 5354 2993 5408 in
3019 5353 3204 5407 diebus
3256 5351 3461 5406 nostris
3505 5349 3697 5403 Invasit

2115 5469 2165 5505 ot
2183 5454 2301 5507 bent
2339 5462 2628 5517 terrarum,
2663 5449 2829 5504 nolite
2863 5447 3075 5511 terreri,
3111 5446 3154 5500 si
3203 5443 3332 5514 quid
3367 5440 3696 5499 horrendum

2119 5543 2470 5607 audiveritis;
2512 5541 2604 5597 sed
2640 5549 2709 5594 tta
2772 5539 3047 5593 vobiscum
3104 5536 3496 5590 considerate:
3558 5526 3692 5594 Quid
