3968 6210
284 271 423 330 H23

1373 273 1431 328 S.
1475 270 1674 328 lSAl/E
1709 270 1998 327 ABBATIS
2036 271 2444 334 ORATIONES.

3422 282 3560 336 “26

282 391 567 453 sunthaec,
598 387 642 443 si
701 400 822 443 cum
874 387 978 443 illis
1019 387 1371 444 conferantur
1399 391 1450 444 in
1481 405 1600 457 qute
1641 400 1859 459 propter
1890 394 1934 449 Α
1982 391 2363 461 obstinateque
2395 391 2670 446 contendit
2711 391 2791 446 sic
2829 391 2914 446 illa
2953 407 3075 448 esse
3107 392 3476 463 intelligenda,
3515 398 3562 451 is

285 493 510 552 peccata
541 490 750 544 nostra,
790 480 892 534 nisi
941 482 1364 551 rc:ipttel‘ittttls,
1397 484 1731 538 incidemus?
1769 483 1861 536 Di—

282 573 433 644 ligite
470 574 614 627 inter
639 586 731 626 vos
763 582 982 642 propter
1017 573 1204 626 Deum.
1249 571 1305 626 Si
1361 574 1475 629 ltmc
1524 577 1575 628 in
1603 575 1861 646 simplici-

285 672 394 716 tate
418 662 790 725 servaveritis,
817 679 935 714 cum
957 664 1150 730 gaudio
1180 665 1504 729 pet-venietis
1521 665 1586 719 ad
1617 665 1854 734 requiem

290 755 409 809 Filii
439 756 529 810 Dei
556 773 569 807 :
602 755 685 809 sin
719 755 785 808 ab
812 754 893 807 his
925 755 1257 808 ret-essetitis
1281 794 1296 817 ,
1349 756 1548 811 frustra
1592 758 1678 812 hic
1719 757 1860 811 labo-

283 848 510 911 rabitis;
571 858 625 900 et
666 862 786 900 cum
818 860 848 899 e
879 862 1101 914 corpore
1157 847 1391 912 exibitis,
1442 849 1508 902 ad
1535 849 1856 919 supplicium

279 950 563 1003 aiternum,
606 947 664 991 ttt
721 936 1017 1005 Scriptura:
1071 949 1336 992 testantur
1364 980 1378 1004 ,
1426 943 1732 1008 rapiemini.
1772 941 1853 996 Ob

282 1032 396 1084 haec
419 1029 560 1084 enim
587 1045 718 1099 «quae.
771 1031 1337 1096 conuuemoravimus,
1394 1033 1539 1085 venit
1593 1032 1857 1086 Dominus

279 1134 462 1175 ucster
487 1120 644 1176 Jesns
667 1122 938 1177 Christus.
982 1123 1176 1176 Verum
1224 1122 1406 1178 cordis
1454 1125 1622 1178 nostri
1661 1125 1855 1180 duritia

269 1229 374 1269 ‘IIOS
397 1225 673 1281 excazcat,
721 1216 847 1284 quia
911 1226 1109 1269 nostra:
1164 1216 1517 1285 obsequitnur
1565 1216 1852 1280 voluntati,

264 1321 503 1375 eamque
523 1309 898 1378 prmponimus
925 1309 1024 1377 ipsi
1045 1306 1182 1362 Deo.
1212 1306 1396 1376 Neque
1424 1310 1566 1363 enim
1592 1323 1714 1363 eum
1741 1309 1856 1363 dili-

265 1399 468 1467 gimus.
501 1398 592 1452 sed
625 1407 838 1451 nostras
860 1397 1187 1465 voluptates.
1217 1397 1278 1450 Et
1309 1398 1422 1452 haec
1457 1398 1606 1451 vobis
1634 1407 1855 1453 coactus

271 1505 391 1543 sum
418 1491 679 1552 scribere,
705 1490 827 1558 quia
858 1489 1038 1558 priora
1069 1506 1174 1543 non
1205 1490 1420 1572 fuerunt
1452 1495 1604 1544 satis.
1636 1489 1855 1560 Diligite

271 1583 438 1651 igitur
463 1583 603 1635 inter
633 1597 748 1645 vos,
786 1592 841 1636 et
867 1584 1034 1637 nolite
1091 1583 1142 1636 in
1179 1583 1433 1637 cordibus
1461 1583 1661 1636 vestris
1693 1581 1854 1636 incir-

271 1671 529 1725 cumcisis
555 1686 898 1740 permanere.
927 1673 1187 1726 Paucnlos
1219 1674 1350 1728 istos
1377 1675 1502 1728 vita:
1537 1675 1649 1726 dies
1703 1681 1848 1727 recte

1967 483 2193 552 gloriam
2231 484 2321 537 Dei
2347 493 2401 538 et
2429 484 2647 538 divitias
2692 481 2806 550 ejus
2857 484 3085 552 ignorat.
3133 485 3237 552 Qui
3283 495 3459 542 autem
3493 505 3556 542 ea

1982 574 2059 626 sie
2095 573 2329 643 inspicit,
2369 584 2425 627 ut
2461 574 2637 628 dicat:
2665 572 2777 627 Non
2810 574 2954 637 novi,
2999 577 3160 630 homo
3213 578 3356 629 enim
3393 593 3553 640 sum;

1981 672 2034 716 et
2059 663 2150 716 dat
2186 663 2410 732 gloriam
2442 662 2571 729 Deo,
2624 665 2678 717 in
2713 678 2777 717 eo
2833 664 2923 717 Dei
2956 665 3160 720 divitia:
3219 665 3552 720 inhabitant.

1967 755 2333 824 Cogitationes
2365 765 2483 810 tuas
2539 755 2648 810 noli
2705 756 3038 826 quibuslibet
3068 759 3302 826 aperire,
3334 761 3428 811 sed
3460 774 3556 826 pa-

1971 849 2146 901 tribus
2177 856 2386 901 tantum
2427 848 2552 911 tuis,
2581 863 2646 902 ne
2675 847 2954 902 tristitiam
2983 852 3280 904 contrahas
3307 852 3360 902 iu
3385 851 3552 905 corde

1971 945 2076 990 tuo.
2117 937 2191 991 Os
2218 947 2365 991 tunni
2396 938 2628 1004 custodi,
2662 947 2719 990 ut
2765 939 3046 1007 proximus
3098 950 3219 992 tuus
3255 940 3307 992 iit
3345 943 3552 996 honore

1967 1029 2038 1082 sit
2069 1030 2206 1098 apud
2243 1039 2314 1082 te.
2347 1029 2509 1082 Erudi
2542 1030 2776 1100 linguam
2807 1040 2951 1084 tuam
2981 1031 3035 1086 in
3071 1032 3161 1086 Dei
3183 1033 3548 1100 siertuonihus,

1965 1128 2020 1172 et
2051 1120 2391 1172 mendacium
2421 1117 2591 1188 fugiet
2623 1138 2648 1170 a
2685 1132 2753 1174 te.
2795 1120 3054 1174 llutnante
3077 1122 3260 1191 gloria:
3283 1125 3551 1191 cupiditas

1966 1211 2308 1264 mendacium
2340 1213 2502 1281 parit.
2538 1213 2609 1266 At
2638 1213 2958 1267 humilitatis
2983 1216 3222 1269 studium
3257 1216 3348 1270 Dei
3388 1218 3552 1271 timo-

1965 1317 2076 1355 rem
2116 1303 2167 1355 in
2196 1303 2356 1357 corde
2394 1304 2652 1373 majorem
2687 1303 2870 1357 ellicit.
2904 1304 3102 1357 Eorum
3137 1306 3226 1374 qui
3263 1307 3315 1360 in
3349 1308 3549 1362 mundo

1963 1392 2133 1461 gloria
2174 1401 2300 1447 sunt
2337 1394 2600 1461 insignes,
2631 1395 2928 1449 amicitiam
2980 1396 3084 1449 noli
3134 1405 3543 1466 concupiscere.

1967 1497 2033 1534 ne
2065 1479 2156 1534 Dei
2209 1481 2438 1550 gloriam
2505 1485 2823 1554 exstinguas
2878 1484 2929 1537 in
2968 1489 3133 1541 corde
3169 1497 3280 1541 tuo.
3339 1487 3547 1556 Siquis

1963 1573 2196 1628 detrahit
2228 1575 2390 1629 fratri
2423 1590 2546 1640 suo,
2580 1587 2635 1630 et
2675 1593 2796 1630 eum
2848 1578 3250 1644 calumniatur,
3287 1590 3342 1634 et
3376 1581 3538 1636 mali-

1966 1665 2090 1718 tiam
2124 1667 2382 1729 ostendit,
2418 1668 2466 1721 ei
2497 1685 2563 1721 ne
2599 1669 2900 1736 patefacias
2929 1685 3089 1726 aures
3121 1680 3260 1739 tuas,
3292 1680 3358 1726 ne
3391 1683 3443 1728 te
3477 1689 3542 1728 ea

271 1764 558 1832 transigite
580 1779 701 1818 cum
736 1764 1060 1829 humilitate,
1089 1776 1141 1820 et
1166 1782 1317 1834 pace,
1348 1775 1401 1819 et
1419 1768 1696 1835 patientia,
1721 1782 1847 1835 pro-
1887 1755 1930 1810 Β
1965 1773 2086 1826 (tua?
2124 1759 2281 1824 "0“5,
2316 1761 2800 1828 compl‘ehwl’anl-

258 1856 444 1923 .priam
471 1866 810 1926 amputantes
840 1858 1169 1912 voluntatem
1221 1861 1272 1912 in
1305 1861 1590 1912 charitate.
1625 1858 1773 1926 Quod
1806 1860 1852 1914 si

275 1949 391 2001 lucc
427 1963 531 2002 non
559 1938 882 2012 observatis,
914 1951 1006 2003 sed
1049 1959 1131 2003 est
1181 1951 1320 2004 inter
1351 1967 1442 2005 vos
1482 1951 1651 2017 zelus,
1682 1961 1734 2004 et
1765 1951 1850 2014 lis,

273 2047 327 2090 et
360 2039 660 2102 contentio,
691 2049 747 2093 et
776 2039 1054 2106 superbia,
1079 2048 1131 2093 et
1164 2041 1486 2111 indignatio,
1511 2051 1564 2096 et
1594 2041 1851 2110 suspicio,

256 2139 323 2180 et
353 2128 758 2195 inobedieutia;
817 2130 958 2186 male
1009 2140 1222 2202 tempus
1267 2134 1611 2200 consumitis,
1648 2142 1703 2187 et
1737 2134 1854 2186 sine

269 2221 432 2274 dubio
461 2221 512 2274 in
540 2233 743 2276 aeterna
806 2224 1092 2292 supplicia,
1140 2240 1260 2278 cum
1298 2227 1426 2282 hinc
1465 2225 1850 2289 discesseritis,

268 2313 577 2368 iucurretis.
610 2313 824 2383 Diligite
888 2315 1052 2382 igitur
1098 2316 1294 2370 fratres
1352 2327 1564 2372 vestros
1593 2317 1643 2368 in
1674 2316 1855 2370 chari-

258 2414 379 2456 -tate
410 2413 620 2467 sancta,
662 2412 715 2455 et
772 2404 1010 2473 linguam
1073 2416 1306 2459 vestram
1341 2407 1633 2469 custodite,
1669 2423 1734 2460 ne
1767 2416 1849 2460 te-

272 2509 420 2548 mere
444 2497 606 2548 verba
640 2496 971 2560 pronuntiet,
1002 2495 1198 2563 quibus
1221 2512 1319 2550 nos
1346 2495 1852 2550 olfettdatis.PoIest

262 2597 448 2640 antem
483 2586 740 2641 Dominus
770 2593 914 2642 Deus
939 2599 1128 2642 uester
1152 2590 1380 2658 gratiam
1419 2589 1574 2644 nobis
1609 2588 1848 2656 elargiri,

267 2692 331 2732 ut
361 2680 496 2734 bona
533 2695 695 2748 opera
728 2680 989 2735 facientes
1035 2681 1468 2736 misericordiam
1502 2683 1618 2752 ejus
1656 2697 1851 2736 conse-

268 2787 501 2839 quamur
545 2786 665 2826 cum
725 2771 980 2826 omnibus
1019 2774 1225 2828 sanctis
1279 2775 1367 2842 qui
1398 2776 1444 2827 ei
1482 2774 1840 2840 placuerunt:

260 2861 523 2930 quOuiam
553 2861 719 2931 ipsius
753 2871 839 2916 est
869 2862 1061 2930 gloria,
1098 2872 1152 2916 et
1197 2865 1388 2928 honor,
1421 2865 1670 2920 adoratio
1702 2881 1848 2922 nunc

267 2967 321 3008 et
353 2967 586 3022 semper,
609 2962 663 3008 et
694 2953 744 3006 in
785 2953 977 3007 saecula
1005 2953 1346 3012 smculorum.
1372 2955 1566 3011 Amen.
1589 2967 1610 2997 ο

872 3107 1139 3164 ORATlO-
1169 3109 1254 3166 Vl.

267 3235 385 3317 Qui.
405 3239 672 3290 honestam
700 3239 924 3306 quietem
969 3239 1235 3317 amplecti
1257 3242 1454 3307 uolunt,
1481 3261 1567 3298 eos
1597 3262 1708 3299 esse
1748 3264 1846 3300 cu-

343 3315 503 3360 riosos
530 3325 630 3360 non
671 3318 924 3373 ανον-(ενδ,
953 3327 1112 3376 neque
1133 3315 1323 3365 omissa
1357 3326 1685 3379 peccatorum
1718 3335 1846 3370 ano-

337 3393 450 3429 rum
495 3379 952 3444 ronsideratione,
1003 3391 1206 3450 tempus
1250 3384 1305 3437 in
1374 3386 1523 3439 rebus
1566 3386 1842 3442 inutilibus

345 3463 666 3503 conmittere.

337 3582 377 3638 l.
421 3584 666 3652 Quicum
701 3585 1018 3654 curiositate
1063 3597 1337 3641 scrutatur
1369 3588 1702 3658 Seripturas,
1743 3593 1846 3645 itii-

257 3678 500 3733 nticitias
533 3677 737 3731 invenit
765 3687 820 3732 et
848 3678 1250 3732 contentionem
1284 3696 1299 3745 ;
1333 3688 1387 3731 at
1411 3683 1500 3747 qui
1547 3681 1690 3752 luget
1723 3698 1844 3750 pec-

269 3781 389 3824 cata
413 3787 534 3837 sua,
567 3786 754 3840 pacem
789 3770 992 3839 reperit
1031 3779 1084 3823 et
1141 3771 1612 3839 tranquillitatem.
1656 3772 1846 3826 Mona-

255 3865 397 3918 chus
428 3864 517 3932 qui
555 3863 750 3918 residet
790 3865 843 3916 itt
875 3861 1009 3916 cella
1034 3877 1155 3926 sua,
1180 3872 1255 3925 et,
1285 3864 1594 3932 posthabita
1645 3879 1845 3932 pecca-

265 3965 443 4010 torum
510 3970 732 4008 suoruni
796 3953 1274 4018 consideratione,
1334 3955 1584 4008 curiosus
1637 3965 1721 4010 est
1791 3957 1842 4010 itt

263 4043 558 4100 scrutanda
587 4045 895 4112 Scriptura,
949 4045 1005 4096 in
1057 4059 1244 4098 errore
1273 4058 1543 4098 versatur.
1587 4045 1844 4114 Quisquis

258 4144 552 4207 antequam
583 4150 641 4190 se
672 4136 845 4205 ipsum
875 4133 1173 4203 possideat,
1219 4137 1632 4204 quaestiunculis
1667 4150 1840 4205 vacat,

256 4229 400 4299 quod
425 4230 506 4284 sic
538 4235 629 4282 aut
647 4227 725 4281 sic
749 4226 996 4295 loquatur
1052 4224 1360 4295 Scriptura,
1417 4229 1461 4282 is
1505 4231 1840 4286 curiositatis

261 4318 391 4373 vitio
423 4318 655 4374 laborat.
695 4317 794 4384 Qui
826 4326 1005 4370 autem
1049 4317 1254 4386 vigilat,
1304 4334 1370 4372 ne
1415 4334 1442 4371 a
1482 4323 1719 4388 peccatis
1745 4338 1839 4376 ca-

260 4412 464 4479 piatur,
509 4410 554 4465 is
585 4424 642 4465 se
671 4408 966 4477 supplicem
987 4409 1200 4464 assidue
1226 4410 1444 4479 projicit
1463 4411 1514 4465 iit
1543 4420 1838 4482 conspectu

265 4503 377 4558 Dei.
412 4502 514 4569 Qui
570 4500 978 4556 similitudinem
1021 4501 1073 4554 in
1130 4500 1242 4556 Deo
1296 4503 1508 4572 quaerit,
1568 4504 1840 4557 maledicit

263 4594 391 4649 Deo.
445 4595 546 4661 Qui
601 4593 764 4646 Deum
804 4593 1048 4647 venerari
1107 4596 1310 4659 Studet,
1368 4594 1419 4648 iit
1475 4595 1666 4650 timore
1724 4595 1840 4665 ejus

259 4688 600 4740 sanctitatem
632 4685 996 4754 amplectitur.
1048 4683 1149 4751 Qui
1183 4685 1275 4740 Dei
1320 4687 1484 4740 verba
1521 4687 1760 4742 custodit
1787 4699 1841 4741 ct

257 4788 461 4842 servat,
490 4776 538 4830 is
566 4776 732 4831 Deutu
765 4778 1066 4847 cognoscit.
1096 4777 1225 4843 Qua:
1257 4777 1350 4832 Dei
1402 4779 1656 4832 sublimia
1713 4788 1841 4833 sunt

259 4885 324 4924 ne
349 4870 648 4939 quaesieris,
673 4871 800 4923 dum
839 4873 958 4939 ejus
986 4869 1242 4923 auxilium
1273 4869 1552 4938 imploras,
1579 4881 1636 4925 ut
1659 4871 1840 4926 veniat

256 4973 311 5016 et
339 4971 516 5015 servet
549 4969 601 5015 te
631 4976 660 5014 a
697 4971 943 5031 peccato.
979 4961 1071 5015 Dei
1124 4977 1346 5016 munera
1375 4971 1566 5030 sponte
1591 4961 1834 5024 veniunt,

256 5054 299 5106 si
345 5052 519 5106 locum
566 5068 758 5122 purum
809 5065 1126 5124 castumque
1175 5054 1497 5124 repereriot.
1549 5053 1654 5121 Qui
1709 5069 1835 5122 pro-

259 5146 377 5214 pria
411 5146 606 5200 nititur
628 5147 957 5217 cognitione,
1012 5158 1067 5200 et
1121 5163 1271 5201 suam
1310 5149 1557 5218 sequitur
1585 5149 1840 5203 Volunta-

259 5247 389 5302 tem,
431 5239 478 5292 is
513 5239 565 5293 iit
596 5255 656 5294 se
688 5240 830 5294 fovet
858 5240 1188 5306 inimicitias,
1221 5251 1276 5295 et
1300 5241 1368 5295 ab
1410 5258 1474 5296 eo
1497 5244 1689 5310 spiritu
1717 5257 1837 5297 esse

257 5343 364 5382 non
397 5340 591 5400 potest,
623 5331 717 5400 qui
768 5331 947 5385 cordis
989 5333 1130 5401 parit
1178 5336 1672 5404 compunctionem.
1735 5334 1836 5402 Qui

230 5419 406 5497 videt
442 5423 604 5480 verba
638 5422 952 5494 Scriptores,
984 5434 1039 5478 et
1069 5435 1250 5480 servat
1278 5439 1342 5480 ea
1405 5429 1626 5497 pmprio
1675 5442 1837 5484 sensu

331 5602 407 5672 (ει.)
450 5603 574 5658 Tres
601 5615 720 5660 sunt
775 5609 990 5662 virtutes
1021 5639 1093 5650 -
1129 5607 1429 5666 humilitas.
1467 5609 1715 5666 Graecum
1773 5613 1874 5670 loci

257 5676 472 5728 abbatis
513 5673 659 5730 latuitl‘
694 5695 722 5731 a
752 5677 976 5736 l’ossttto
1007 5681 1276 5752 evulgata,
1307 5681 1518 5738 scilicet
1555 5697 1674 5754 cap.
1718 5684 1823 5737 1-4.

2028 1850 2092 1904 ll.
2139 1850 2476 1919 Simplicitas
2505 1860 2557 1904 et
2589 1853 2809 1906 humilis
2839 1852 2906 1908 de
2941 1868 3000 1908 se
3027 1855 3212 1922 opinio
3259 1871 3354 1910 cor
3401 1856 3544 1910 intc-

1958 1958 2115 2011 grnm
2165 1953 2216 1996 et
2273 1959 2465 2011 purum
2537 1960 2564 1997 a
2609 1945 2750 2000 malo
2803 1956 3113 2000 c0nserVat.
3171 1947 3273 2014 Qui
3353 1948 3542 2001 callide

1965 2031 2203 2084 ambulat
2237 2047 2356 2084 cum
2391 2032 2560 2088 fratre
2587 2050 2683 2089 suo
2708 2075 2723 2100 ,
2758 2037 2924 2090 animi
2963 2039 3243 2090 tristitiam
3279 2055 3384 2094 non
3415 2040 3544 2094 ellu-

1959 2122 2086 2190 giet.
2125 2121 2224 2188 Qui
2259 2139 2420 2176 unum
2461 2123 2514 2177 in
2543 2126 2730 2190 corde,
2768 2126 2910 2180 aliud
2949 2128 3000 2181 in
3025 2129 3199 2197 lingua
3233 2143 3539 2199 promptum

1959 2213 2141 2277 habet,
2185 2217 2453 2268 sacrificia
2506 2218 2625 2287 ejus
2669 2229 2796 2273 sunt
2852 2235 3010 2276 vana.
3082 2222 3214 2276 Cum
3274 2222 3537 2292 ejusmodi

1961 2303 2271 2358 ltOmittibttS
2315 2306 2420 2358 noli
2473 2308 2705 2371 Versari,
2768 2323 2834 2362 ne
2865 2325 3074 2364 veneno
3137 2311 3376 2378 ipsorum
3404 2329 3534 2368 cou-

1957 2409 2235 2462 spergare.
2267 2394 2395 2448 Cum
2431 2395 2612 2463 probis
2635 2405 2692 2450 et
2722 2397 2928 2452 sanctis
2957 2399 3270 2454 hominibus
3298 2400 3534 2462 ambula,

1958 2495 2014 2538 nt
2039 2499 2229 2539 eorum
2284 2485 2572 2553 probitatis
2622 2495 2676 2540 et
2726 2489 3034 2543 sanctitatis
3083 2490 3357 2560 particeps
3412 2491 3534 2544 tias.

1955 2574 2150 2631 Odium
2179 2577 2231 2630 in
2264 2577 2444 2630 animo
2472 2592 2655 2632 serves
2673 2577 2933 2632 adversus
2961 2581 3267 2645 neminem,
3294 2581 3535 2649 alioquin

1955 2667 2165 2722 labores
2197 2678 2312 2722 tuos
2375 2669 2563 2723 irritos
2630 2670 2928 2739 inanesque
2983 2674 3204 2726 reddes.
3241 2675 3348 2726 Cor
3379 2684 3533 2728 tuum

1949 2776 2080 2829 erga
2118 2776 2309 2814 omnes
2335 2761 2405 2815 sit
2432 2762 2699 2832 integrum
2740 2774 2905 2832 atque
2958 2764 3307 2830 benevolum,
3352 2774 3410 2819 ut
3443 2765 3536 2820 Dei

1953 2867 2140 2922 pacem
2170 2855 2222 2906 in
2259 2862 2310 2906 te
2345 2855 2609 2923 reperias.
2673 2854 3136 2921 Quemadmodum
3180 2859 3330 2911 virus
3369 2857 3420 2912 in
3452 2867 3535 2912 to-

1955 2954 2066 2998 tum
2102 2945 2245 2999 illius
2263 2961 2461 3015 corpus
2496 2945 2837 3012 diffunditur,
2867 2948 2957 3017 qtti
2988 2940 3201 3003 morsus
3227 2961 3312 3003 est
3338 2965 3366 3003 a
3385 2965 3536 3005 scor-

1956 3037 2139 3105 pione,
2172 3047 2228 3091 et
2261 3039 2327 3091 ad
2359 3053 2455 3092 cor
2482 3055 2655 3104 usque
2689 3042 3014 3110 pertransit;
3056 3044 3134 3096 sic
3164 3057 3321 3111 quem
3352 3043 3533 3098 odium

1953 3135 2203 3198 occupat,
2237 3144 2446 3184 veneno
2486 3130 2851 3200 perfunditur,
2882 3143 2933 3186 et
2966 3133 3182 3186 animus
3227 3134 3347 3203 ejus
3380 3136 3446 3189 ah
3468 3150 3535 3190 eo

1956 3221 2290 3275 vulneratur.
2341 3223 2598 3292 Quisquis
2664 3224 2829 3292 igitur
2882 3227 3086 3288 studet,
3132 3241 3197 3280 ne
3232 3226 3444 3281 labores
3477 3239 3534 3282 et

1949 3329 2110 3380 opera
2160 3329 2256 3366 sua
2315 3316 2564 3368 celeriter
2616 3327 2862 3384 pereant,
2914 3317 2968 3370 in
3025 3320 3370 3387 scorpionem
3407 3335 3436 3373 a
3472 3333 3534 3375 se

1950 3404 2392 3472 proculavertet,
2446 3408 2496 3461 id
2539 3417 2622 3462 est
2673 3409 2853 3463 odium
2904 3419 3068 3480 atque
3108 3411 3528 3481 improbitatem.

1948 3499 1990 3548 Α
2024 3514 2129 3566 qua
2162 3499 2381 3566 quidem
2413 3511 2566 3568 peSte
2601 3499 2791 3554 liberet
2824 3515 2921 3555 nos
2985 3503 3291 3572 benignitas
3323 3502 3532 3558 Domini

1950 3591 2121 3641 nostri
2147 3586 2274 3643 Jesu
2304 3589 2531 3654 Christi,
2557 3591 2712 3658 cujus
2763 3600 2846 3644 est
2903 3592 3075 3662 gloria
3112 3602 3165 3648 et
3200 3596 3442 3648 adoratio
3480 3594 3532 3647 in

1947 3677 2144 3731 saecula
2179 3680 2520 3734 saeculorum.
2563 3679 2753 3732 Anien.

2473 3827 2808 3883 ORATIO
2873 3829 3007 3884 Vll.

2531 3990 2606 4045 De
2640 3991 2944 4048 rirtutibus.

2023 4147 2064 4202 Ι.
2104 4146 2244 4202 Tres
2271 4157 2396 4203 sunt
2431 4147 2658 4204 virtutes
2691 4146 2768 4220 (2)
2796 4163 2916 4219 quae
2948 4152 3112 4205 menti
3164 4165 3380 4224 semper
3401 4170 3529 4224 pro-

1946 4239 2204 4310 spiciunt,
2231 4241 2390 4310 eique
2419 4249 2545 4295 sunt
2571 4245 2922 4300 necessariae:
2962 4241 3197 4313 impetus
3226 4250 3525 4305 secundum

1949 4343 2226 4398 naturam,
2251 4343 2305 4389 et
2353 4333 2635 4400 fortitudo,
2673 4342 2727 4388 et
2767 4335 3068 4404 diligentia.
3101 4334 3234 4391 Tres
3263 4350 3390 4392 sunt
3421 4343 3528 4394 vir-

1875 4445 1918 4503 υ
1951 4434 2115 4491 tutes,
2150 4440 2284 4494 quas
2323 4426 2369 4480 si
2423 4441 2576 4482 mens
2609 4441 2792 4481 secum
2833 4429 3053 4492 viderit,
3088 4444 3147 4485 se
3179 4433 3425 4499 proxime
3460 4434 3526 4487 ad

1952 4516 2260 4572 felicitatem
2297 4518 2472 4572 credit
2528 4520 2867 4574 accessisse:
2909 4538 3072 4576 unum
3105 4521 3172 4576 ab
3196 4523 3304 4576 alio
3333 4523 3528 4578 discer-

1951 4623 2102 4674 nere,
2135 4610 2315 4664 omnia
2373 4619 2501 4664 ante
2568 4619 2778 4679 tempus
2811 4613 3136 4680 praevidere,
3167 4623 3222 4668 et
3250 4614 3410 4668 nullis
3441 4628 3534 4670 ex-

1949 4701 2116 4753 ternis
2174 4700 2336 4754 rebus
2381 4703 2737 4756 commoveri.
2774 4700 2908 4758 Tres
2955 4714 3082 4758 sunt
3128 4704 3377 4770 virtutes,
3409 4719 3527 4772 qua

1947 4793 2111 4846 tuenti
2151 4793 2327 4846 lucem
2356 4793 2600 4862 praebent
2635 4793 2885 4850 assidue:
2915 4811 3019 4850 non
3054 4811 3210 4851 nosse
3235 4797 3525 4866 cujuscun-

1942 4897 2048 4953 que
2076 4885 2313 4939 hominis
2345 4886 2630 4952 malitiam,
2693 4893 2747 4940 et
2795 4887 3116 4943 benefacere
3163 4889 3229 4943 iis
3270 4907 3298 4942 a
3329 4890 3526 4958 quibus

1941 4973 2118 5028 affecti
2145 4991 2332 5029 sumus
2356 4974 2574 5044 injuria,
2606 4985 2661 5030 et
2716 4977 2859 5032 ferre
2892 4994 3229 5048 quaecunque
3269 4981 3523 5033 accidunt

1945 5067 2062 5119 sine
2094 5066 2518 5135 perturbatione.
2550 5069 2642 5124 lite
2679 5081 2791 5125 tres
2819 5071 3081 5137 virtutes,
3132 5080 3244 5126 tres
3272 5071 3410 5125 alias
3440 5086 3533 5138 pa-

1948 5159 2094 5210 riunt
2128 5175 2184 5212 se
2217 5159 2350 5228 ipsis
2388 5160 2666 5230 majores:
2719 5150 2827 5218 non
2879 5179 3038 5219 nosse
3088 5163 3325 5218 hominis
3374 5163 3519 5215 mali-

1947 5249 2097 5312 tiam,
2126 5251 2553 5305 benevolentiam
2573 5254 2745 5323 gignit
2769 5273 2784 5320 ;
2807 5256 3130 5310 benefacere
3150 5255 3258 5310 illis
3274 5272 3302 5309 a
3329 5255 3521 5324 quibus

1945 5341 2210 5396 allicimnr
2240 5342 2458 5413 injuria,
2487 5360 2672 5414 pacem
2696 5356 2950 5416 generat;
3003 5347 3146 5401 ferre
3169 5348 3286 5402 sine
3317 5356 3518 5416 pertur-

1948 5433 2164 5488 batione
2184 5449 2520 5504 quaecunque
2559 5437 2836 5505 accidunt,
2857 5441 3001 5508 parit
3025 5423 3520 5494 mansuetudinem.

1939 5616 2094 5685 hujus
2149 5628 2351 5676 textum
2394 5620 2562 5680 habes
2618 5623 2758 5680 infra
2817 5625 2956 5682 inter
2991 5625 3240 5698 Capitula
3282 5626 3524 5699 ejusdem
