3978 6192
447 236 583 290 ΗΞἹ

1529 231 1799 286 ΡΑΤὶὶΕΒ
1837 232 2137 290 ᾹΞΟΥΡΤΙΙ
2177 236 2450 293 SASCUIJ
2491 238 2579 292 ιν.

3600 230 3734 288 “33

443 350 686 418 Quatuor
719 359 842 404 sunt
884 348 1132 414 virtutes,
1190 363 1313 418 qua:
1355 359 1605 404 sanctam
1645 349 1883 404 animam
1912 351 2036 406 red-
2064 356 2108 411 Α
2141 351 2278 407 Ecce
2309 355 2400 421 qui
2426 352 2750 407 studuerunt
2787 359 2996 400 ann-nas
3028 361 3155 401 suas
3184 346 3439 412 liberare,
3473 345 3732 400 volunta-

443 447 620 496 dunt:
665 443 1031 506 taciturnitas,
1090 441 1400 497 observatio
1455 443 1860 509 mandatorum,
1899 460 2029 513 pau-

443 545 626 602 pertas
665 543 715 586 et
750 531 1052 586 humilitas.
1083 531 1324 598 Quatuor
1362 534 1511 588 hisce
1544 534 1840 588 virtutibus
1876 551 2028 590 mens

443 639 662 692 semper
703 623 908 693 indiget
939 641 951 677 :
986 621 1099 676 Deo
1131 624 1347 677 assidue
1379 624 1709 695 supplicare,
1736 641 1856 680 sese
1904 641 2029 695 pro-

443 727 688 770 sternere
714 716 766 770 in
798 725 1094 784 conspectu
1126 717 1244 782 Dei,
1288 718 1559 772 neminem
1601 717 1870 786 judicare,
1907 734 2029 774 sur-

443 809 566 858 dum
623 823 744 862 csse
831 809 1092 863 adversus
1144 811 1523 878 obstrepentes
1564 811 2023 881 perturbationes.

457 901 699 964 Quatuor
731 899 965 954 animam
1004 902 1230 957 virtutes
1283 903 1553 967 muniunt,
1609 913 1662 956 et
1689 902 1756 957 ab
1784 903 2022 958 hostium

447 1006 653 1046 terrore
695 994 901 1048 faciunt
943 995 1219 1064 respirare
1262 1013 1276 1049 :
1319 995 1713 1060 misericordia,
1771 1012 2024 1050 mansue-

447 1085 594 1147 tudo,
634 1085 1017 1154 longanimitas
1047 1095 1102 1139 et
1159 1085 1480 1152 injuriarum
1530 1087 1749 1141 oblivio.
1786 1088 2026 1154 Quatuor

444 1175 673 1228 virtutes
700 1174 1119 1228 adolescentiam
1171 1176 1430 1243 adjuvant
1485 1176 1622 1244 apud
1657 1177 1818 1230 Deum
1848 1196 1859 1230 :
1892 1178 2027 1231 assi-

443 1267 545 1317 dua
574 1267 876 1329 meditatio,
910 1277 963 1320 et
990 1266 1286 1335 diligentia.
1315 1277 1368 1320 et
1393 1267 1688 1334 vigilantia,
1728 1280 1782 1322 et
1805 1269 2025 1325 humilis

443 1357 508 1409 de
540 1371 599 1410 se
630 1357 984 1412 existimatio.
1014 1345 1255 1423 Quatuor
1301 1368 1426 1412 sunt
1465 1375 1584 1428 quae
1618 1360 1856 1414 animum
1891 1375 2024 1418 cen-

444 1448 716 1501 taminant
743 1464 756 1500 :
791 1449 995 1501 versari
1027 1449 1081 1500 in
1111 1449 1349 1514 civitate,
1379 1465 1480 1504 nec
1515 1451 1699 1505 oculos
1724 1455 2020 1516 custodire,

443 1539 727 1592 mulierum
760 1540 836 1593 uti
882 1539 1275 1606 familiaritate,
1325 1556 1512 1596 eorum
1575 1544 1667 1613 qui
1732 1545 1782 1596 in
1827 1545 2025 1598 mundo

441 1631 658 1700 gloriosi
713 1642 840 1687 sunt
895 1633 1190 1686 amicitiam
1231 1635 1410 1703 sequi,
1446 1645 1500 1688 et
1541 1635 1754 1689 illorum
1781 1637 1871 1704 qui
1901 1651 2024 1690 san-

442 1724 607 1786 guine
637 1723 793 1778 nobis
831 1724 1107 1794 conjuncti
1136 1735 1283 1790 sunt,
1311 1727 1536 1795 diligere
1555 1731 2020 1784 consuetudinem.

443 1813 684 1881 Quatuor
715 1826 863 1879 sunt,
895 1816 1093 1885 quibus
1119 1819 1170 1871 in
1209 1833 1436 1888 corpore
1485 1819 1653 1874 libido
1687 1820 2019 1874 concitatur:

440 1922 661 1962 somnus
694 1924 866 1978 usque
907 1910 971 1962 ad
1003 1911 1350 1975 satietatem,
1385 1912 1629 1966 ciborum
1670 1916 1846 1981 copia,
1876 1913 2022 1968 facc-

442 2003 638 2059 tiarutn
672 2003 970 2070 urbanitas,
1002 2013 1056 2057 et
1115 2004 1324 2058 delicia:
1373 2006 1843 2061 vestimentorum.
1877 2006 2020 2073 Qua-

441 2105 563 2149 tuor
603 2104 749 2160 sunt,
785 2111 904 2164 quae
938 2095 1106 2148 menti
1165 2097 1414 2150 tenebras
1449 2095 1775 2152 oﬂ'undunt:
1838 2099 2023 2154 odium

441 2187 698 2255 proximi,
727 2193 781 2240 et
806 2196 1172 2256 contemptus,
1211 2198 1265 2243 et
1311 2190 1608 2255 aemulatio,
1662 2200 1822 2260 atque
1850 2192 2024 2260 suspi-

441 2278 546 2331 cio.
580 2276 829 2343 Quatuor
861 2290 988 2332 sunt
1022 2281 1218 2347 quibus
1256 2280 1439 2333 anima
1500 2281 1715 2334 deserta
1747 2283 2020 2336 redditur:

441 2368 704 2432 transitus
741 2369 806 2423 de
846 2368 966 2422 loco
995 2368 1047 2422 in
1077 2369 1282 2434 locum,
1329 2371 1669 2440 negotiorum
1718 2375 2022 2442 occupatio,

440 2473 620 2512 rerum
655 2467 994 2513 terrenarum
1059 2475 1213 2513 amor
1246 2470 1300 2514 et
1326 2462 1574 2516 avaritia.
1625 2464 1866 2530 Quatuor
1900 2474 2025 2521 sunt

440 2551 636 2619 quibus
679 2551 745 2604 ad
802 2551 1137 2605 iracundiam
1193 2552 1516 2608 incitamur;
1551 2570 1670 2608 cum
1709 2572 1814 2609 non
1870 2573 2025 2612 asse-

437 2642 662 2711 quimur
733 2643 1025 2711 concupita
1059 2684 1074 2710 ,
1141 2659 1262 2697 cum
1319 2645 1594 2714 prOpriam
1651 2647 2025 2716 amplectimur

440 2733 794 2801 voluntatem,
820 2748 943 2787 cum
977 2734 1206 2789 docendi
1255 2752 1452 2792 munus
1494 2738 1810 2807 accipimus,
1843 2749 1896 2793 et
1926 2755 2023 2795 nos

439 2826 735 2896 prudentes
779 2824 1184 2880 existimamus.
1236 2826 1361 2881 Tria
1419 2841 1568 2896 sunt,
1620 2847 1740 2900 qua:
1791 2832 2024 2888 virtutes

403 2973 412 2987 η
441 2927 635 2968 omnes
664 2924 1009 2982 censet-tant,
1035 2917 1128 2970 sed
1161 2925 1348 2985 paratu
1381 2929 1508 2972 sunt
1538 2919 1776 2973 diﬂicilia
1800 2938 1814 2974 :
1842 2923 2024 2977 cordis

439 3009 785 3076 compunctio
815 3047 831 3073 ,
888 3009 1067 3062 luctus
1124 3019 1346 3079 propter
1401 3022 1620 3080 peccata
1655 3053 1670 3078 ,
1720 3023 1772 3067 et
1805 3016 2022 3070 assidua

440 3105 632 3156 mortis
659 3103 960 3157 meditatio.
1001 3102 1124 3156 Tria
1157 3116 1284 3158 sunt
1321 3120 1443 3174 quae
1497 3107 1690 3160 aninne
1732 3109 2022 3164 dominan-

442 3203 546 3258 tnr,
590 3204 878 3263 antequam
912 3193 978 3246 ad
1017 3211 1265 3266 magnam
1298 3213 1608 3252 mensuram
1651 3201 1950 3268 perveniat,
1973 3213 2028 3255 et

440 3281 556 3335 haec
593 3283 644 3335 in
678 3294 856 3337 mente
891 3299 996 3337 non
1043 3287 1227 3340 sinunt
1285 3286 1530 3342 habitare
1563 3291 1839 3344 Virtutes:
1864 3293 2028 3360 capti-

442 3373 603 3435 vitas,
641 3376 860 3444 pigritia
904 3386 957 3429 et
980 3378 1202 3433 oblivio.
1234 3379 1445 3448 Pugnat
1472 3382 1614 3435 enim
1646 3398 1766 3435 cum
1807 3384 2026 3438 homine

439 3463 665 3531 oblivio,
717 3478 771 3521 et
817 3477 1046 3522 conatur
1100 3471 1410 3540 Opprimere
1465 3487 1659 3527 omnes
1701 3473 1818 3542 ejus
1857 3474 2026 3531 bonas

441 3557 823 3626 cogitationes,
853 3569 1013 3627 atque
1045 3561 1116 3613 ita
1153 3563 1416 3617 malorum
1466 3567 1710 3618 omnium
1747 3565 1903 3620 achrt
1929 3584 2023 3623 0c-

441 3648 739 3714 casionem,
779 3658 832 3702 et
854 3651 1095 3718 quotidie
1131 3653 1364 3708 destruit
1419 3670 1482 3709 ea
1513 3669 1634 3725 qua:
1688 3659 1754 3712 ab
1804 3660 2025 3714 homine

438 3743 796 3798 mdilicanlttr.

511 3833 575 3888 ll.
620 3835 815 3891 Cernis
853 3851 1019 3906 opera
1072 3840 1196 3894 novi
1242 3841 1482 3898 hominis
1547 3853 1600 3898 et
1647 3850 1867 3902 veteris.
1921 3849 2020 3914 Qui

440 3926 613 3996 diligit
636 3929 871 3982 animam
894 3945 1073 3994 suam,
1115 3948 1181 3987 ne
1204 3936 1395 4002 perdat
1423 3950 1569 4002 eam,
1599 3948 1783 3993 servat
1807 3954 1869 3993 ea
1901 3957 2024 4010 quae

439 4031 564 4074 sunt
587 4021 820 4076 hominis
856 4025 1003 4078 novi.
1027 4024 1096 4078 At
1129 4029 1218 4095 qui
1256 4028 1309 4081 in
1343 4029 1444 4082 hoc
1471 4031 1664 4101 exiguo
1696 4033 1818 4086 vita:
1848 4037 2022 4102 Spatio

441 4115 680 4183 requiem
713 4117 928 4184 quaerit,
963 4133 1026 4172 ea
1057 4134 1176 4188 qua:
1229 4131 1353 4176 sunt
1397 4123 1594 4178 veteris
1632 4125 1866 4180 hominis
1905 4143 2022 4180 arn-

438 4206 716 4276 plectitur,
748 4212 842 4263 sed
870 4211 1046 4279 perdit
1076 4211 1314 4268 animam
1371 4231 1540 4270 suam.
1575 4216 1709 4271 Nam
1763 4219 2021 4274 Dominus

440 4308 626 4352 noster
649 4298 808 4357 Jesus
834 4301 1084 4359 Christus
1117 4321 1312 4359 novum
1352 4307 1403 4362 in
1438 4325 1667 4379 corpore
1713 4327 1810 4366 suo
1839 4315 2017 4368 horni-

2136 452 2216 498 tes
2240 443 2493 514 proprias
2547 441 3024 502 circumcidcntes,
3078 453 3209 492 oves
3263 437 3380 506 cjus
3417 448 3637 491 sanctze
3671 441 3732 490 ad

2134 536 2470 589 sacriﬁcium
2505 534 2630 589 facti
2658 544 2802 586 sunt.
2846 533 2910 587 Et
2964 547 3084 586 cum
3118 532 3434 601 apparuerit
3477 532 3532 582 in
3561 531 3728 600 gloria

2131 626 2438 680 divinitatis
2493 642 2623 689 suae,
2684 623 2896 677 vocabit
2957 638 3049 676 eos
3091 623 3158 674 ad
3217 621 3504 675 dexteram
3543 639 3728 673 suam:

2138 717 2348 782 Venite,
2385 719 2653 786 inquiens,
2681 715 2937 768 benedicti
2977 711 3156 766 Patris
3188 713 3309 775 mei,
3337 712 3611 780 possidete
3645 729 3732 779 pa-

2130 820 2305 861 ratum
2343 809 2481 861 vobis
2516 823 2729 876 regnum
2762 823 2792 858 τι
2844 807 3219 858 constitutione
3272 804 3480 856 mundi.
3511 803 3730 856 Esnn‘ri

2128 897 2296 959 enim,
2325 908 2371 950 et
2401 898 2618 949 dedistis
2655 896 2778 947 mihi
2806 895 3133 947 manducare
3159 893 3224 956 ³⁸,
3252 903 3450 960 etquae
3481 907 3726 960 sequun-

2131 1000 2238 1042 tur.
2283 990 2422 1044 Ecce
2444 989 2534 1060 qni
2571 989 2780 1042 animas
2825 1003 2953 1042 suas
3004 987 3056 1040 in
3090 987 3194 1040 hoc
3222 986 3369 1040 brevi
3397 987 3527 1039 vitae
3552 986 3727 1039 curri-

2131 1083 2264 1135 cnlo’
2285 1081 2538 1150 perdunt,
2571 1081 2840 1150 quomodo
2896 1094 2992 1132 eas
3044 1079 3324 1132 inveniunt
3377 1078 3430 1131 in
3484 1089 3734 1145 tempore

2129 1173 2489 1237 necessitatis,
2541 1183 2595 1226 et
2654 1171 2872 1241 prazmia
2915 1170 3071 1241 longe
3127 1169 3331 1237 majora
3373 1172 3731 1239 percipient,

2127 1280 2288 1332 quant
2315 1274 2716 1334 exspectaram.
2743 1263 2842 1330 Qui
2872 1274 3052 1317 autem
3089 1264 3322 1331 propriis
3339 1263 3729 1319 voluntatibus

2129 1357 2488 1425 indulgentes,
2557 1366 2773 1410 servant
2831 1357 3042 1409 anintas
3096 1371 3223 1409 suas
3267 1355 3320 1408 in
3380 1357 3485 1408 hoc
3520 1360 3727 1409 sa-cnto

2130 1449 2368 1517 peccatis
2394 1450 2650 1515 obuoxio,
2673 1464 2848 1518 seque
2871 1449 3182 1502 divitiarum
3229 1464 3452 1501 suarum
3483 1450 3729 1503 vanitate

2130 1540 2445 1607 defendunt,
2476 1557 2652 1610 neque
2687 1542 2980 1595 observant
3011 1540 3262 1594 mandata
3313 1541 3427 1602 Dei,
3474 1544 3572 1595 sed
3603 1556 3727 1612 pero

2131 1646 2292 1702 petuo
2344 1649 2402 1688 se
2454 1635 2505 1688 in
2563 1635 2664 1688 hoc
2708 1633 2907 1688 szeculo
2959 1633 3202 1688 victuros
3243 1642 3480 1702 putant;
3543 1634 3598 1686 in
3638 1636 3726 1685 die

2062 1705 2334 1788 Bjudicii,
2373 1725 2630 1779 cmcitatis
2683 1740 2794 1780 sua:
2856 1725 3244 1794 turpitudinem
3295 1736 3628 1793 agnoscent,
3671 1736 3727 1777 et

2127 1813 2260 1868 lient
2302 1816 2437 1870 haedi
2504 1817 2801 1880 maledicti,
2867 1826 2921 1870 et
2965 1814 3364 1883 formidandam
3422 1818 3728 1871 exaudit-ut

2119 1904 2322 1972 judicis
2356 1906 2679 1961 sententiam
2713 1905 2981 1959 dicentis:
3037 1904 3305 1958 Discedite
3332 1924 3363 1958 a
3402 1922 3506 1969 me,
3568 1906 3732 1958 male.

2123 1997 2274 2063 dicti,
2301 1999 2356 2052 in
2389 2001 2558 2068 ignem
2586 2008 2864 2061 attentum,
2898 2007 3144 2063 paratum
3178 1995 3383 2050 diabolo
3424 2008 3477 2050 et
3511 1999 3730 2065 αιιθειίε

2123 2108 2259 2160 (’jtts.
2288 2090 2499 2145 Esurivi
2531 2091 2689 2152 enim.
2716 2101 2762 2144 et
2791 2106 2895 2143 non
2915 2090 3136 2143 dedistis
3152 2091 3277 2144 mihi
3300 2090 3628 2143 manducare
3649 2090 3730 2154 ⁵⁸,

2123 2199 2178 2242 et
2209 2184 2437 2254 rciiqua.
2492 2181 2645 2238 Tunc
2701 2197 2764 2237 os
2828 2181 2935 2236 illis
3000 2185 3333 2246 obstruetur,
3361 2191 3415 2235 et
3464 2183 3616 2249 quod
3644 2197 3732 2235 re-

2125 2279 2452 2346 Spondeant,
2488 2292 2596 2332 non
2635 2274 2931 2330 habebunt.
2961 2272 3098 2327 Nam
3134 2282 3189 2329 et
3221 2273 3265 2328 si
3307 2273 3586 2328 dixerint:
3620 2273 3732 2326 Do-

2126 2373 2284 2436 mine,
2311 2370 2524 2440 quando
2551 2379 2599 2422 te
2628 2368 2855 2421 vidimus
2881 2365 3213 2431 esurientem,
3242 2374 3289 2418 et
3318 2381 3422 2418 non
3445 2366 3731 2418 ministra-

2126 2466 2296 2518 vimus
2326 2463 2418 2516 tibi
2449 2461 2532 2515 “?
2566 2461 2636 2514 ita
2672 2459 3025 2514 refellentur:
3058 2457 3161 2523 Qui
3195 2457 3321 2512 bene
3361 2457 3488 2524 fecit
3542 2458 3640 2511 uni
3667 2473 3730 2511 τι

2127 2558 2207 2609 liis
2244 2553 2408 2624 quiin
2438 2569 2516 2606 me
2540 2553 2778 2614 credunt,
2806 2550 2934 2603 mihi
2973 2549 3094 2618 fecit
3116 2549 3182 2604 ".

2198 2649 2281 2703 Ill.
2327 2643 2685 2716 Exploremus
2734 2644 2931 2714 singuli
2964 2643 3346 2712 nosmetipsos,
3383 2642 3721 2706 charissimi,

2131 2753 2187 2796 et
2223 2741 2656 2796 consideremus.
2692 2749 2872 2791 utrum
2911 2735 3163 2790 mandata
3205 2735 3324 2806 ejus
3370 2751 3472 2805 pro
3513 2737 3724 2789 viribus

2125 2831 2602 2889 observaverimus
2639 2869 2654 2895 ,
2721 2842 2912 2882 necne.
2991 2825 3273 2881 Debitores
3333 2827 3482 2880 enim
3536 2843 3725 2882 sumus

2126 2940 2336 2988 omnes,
2364 2919 2419 2978 ut
2447 2937 2507 2977 ea
2523 2937 2619 2992 pro
2637 2919 2841 2974 viribus
2872 2917 3241 2985 observemus,
3273 2933 3474 2989 parvus
3492 2935 3594 2990 pro
3612 2919 3729 2972 cxi.
3759 2919 3762 2921 Α

2053 3048 2094 3103 C
2128 3018 2334 3084 guitate
2366 3031 2486 3081 sua,
2521 3024 2578 3069 et
2615 3028 2840 3082 magnus
2873 3026 2971 3082 pro
3020 3027 3114 3067 sua
3150 3011 3552 3079 magnitudine.
3630 3011 3724 3065 Et-

2128 3110 2274 3165 enim
2304 3110 2394 3179 qui
2452 3109 2505 3161 in
2563 3103 3010 3176 gazophylacium
3081 3117 3304 3156 munera
3336 3103 3722 3166 COItict‘ehanl,

2127 3213 2287 3258 erant
2314 3200 2508 3255 divites
2539 3217 2554 3254 :
2611 3208 2848 3252 attamen
2885 3198 3095 3251 duobus
3128 3196 3306 3249 vidute
3343 3198 3567 3250 minutis
3598 3213 3724 3250 ma-

2128 3297 2209 3366 gis
2239 3295 2455 3365 gavisus
2477 3302 2562 3348 est
2589 3291 2870 3355 Dominus,
2907 3289 3000 3360 qui
3050 3289 3217 3342 animi
3264 3290 3434 3342 nostri
3472 3293 3724 3359 proposi-

2133 3395 2242 3438 tum
2272 3385 2512 3438 intuetur
2537 3382 2604 3436 ".
2629 3381 2844 3436 Nullum
2879 3382 2933 3435 in
2989 3379 3246 3434 cordibus
3285 3386 3480 3433 nostris
3512 3381 3720 3434 inertia

2127 3476 2304 3530 locum
2341 3474 2603 3539 inveniat,
2629 3488 2694 3527 ne
2742 3472 2948 3526 invidia
3011 3486 3110 3523 nos
3141 3480 3357 3538 separet
3387 3489 3413 3521 ιι
3447 3468 3584 3524 Deo.
3609 3471 3721 3524 Sed

2128 3567 2435 3621 ministeria
2462 3575 2647 3619 nostra
2681 3579 2778 3633 pro
2809 3563 3019 3617 viribus
3071 3577 3456 3630 exsequamur.
3516 3560 3722 3627 Quem-

2126 3660 2416 3715 admodum
2435 3661 2577 3714 enim
2600 3657 3031 3711 misericordiam
3054 3671 3205 3710 suam
3225 3657 3275 3707 in
3299 3655 3720 3725 archisynagogi

2125 3753 2291 3807 tiliam
2317 3751 2574 3815 ostendit,
2602 3763 2721 3803 eam
2762 3749 2816 3802 in
2852 3748 3016 3801 vitam
3051 3761 3344 3812 revocans;
3376 3759 3430 3800 et
3449 3747 3593 3800 sicut
3619 3749 3720 3800 mi-

2125 3857 2308 3902 sertus
2337 3855 2420 3900 est
2455 3843 2598 3897 illius
2627 3841 2892 3905 mulieris,
2919 3853 3040 3909 qua:
3059 3839 3341 3907 sanguinis
3379 3839 3589 3893 ﬂuxum
3621 3855 3720 3909 pa-

2127 3941 2382 4002 tiebatur,
2431 3951 2661 4006 qua-que
2694 3943 2987 4003 antequam
3041 3931 3321 3986 Christum
3355 3943 3720 4001 cognosceret

2123 4045 2317 4086 omnes
2351 4029 2635 4082 facultates
2673 4040 2800 4081 suas
2830 4025 2880 4078 in
2910 4024 3147 4077 medicos
3178 4035 3630 4089 consumpserat;
3667 4032 3722 4073 et

2124 4121 2577 4190 quemadmodum
2607 4120 2819 4174 curavit
2855 4132 3085 4190 prterunt
3130 4114 3499 4176 centurionis,
3535 4115 3629 4183 qui
3658 4113 3716 4166 iu

2123 4231 2181 4271 se
2211 4215 2549 4280 crediderat;
2574 4223 2630 4269 et
2662 4213 3120 4282 quemadmodum
3155 4209 3520 4264 Chananream
3552 4210 3720 4262 inise-

2123 4319 2273 4362 ratus
2304 4315 2388 4362 est
2417 4307 2470 4360 in
2501 4305 2615 4376 ejus
2642 4305 2764 4359 tiliae
2781 4305 3080 4371 curatione,
3103 4311 3158 4358 et
3187 4301 3451 4356 Lazarum
3477 4301 3716 4353 amicum

439 4406 562 4446 nem
588 4394 902 4460 ostendens,
939 4396 1190 4453 dicebat:
1247 4401 1351 4465 Qui
1374 4411 1515 4455 amat
1579 4405 1810 4457 animum
1839 4423 2014 4475 suam,

2127 4415 2280 4453 suum
2306 4398 2359 4452 in
2382 4397 2547 4452 vitam
2571 4396 2846 4452 revocavit
2868 4415 2879 4449 :
2906 4394 2984 4448 sic
3013 4393 3230 4447 unicum
3258 4392 3513 4461 pauperis
3536 4391 3719 4443 vidua:

437 4493 618 4555 perdet
644 4505 796 4553 eam;
828 4492 918 4556 qui
945 4500 1118 4544 autent
1167 4495 1456 4558 perdideiit
1507 4511 1622 4549 eam
1672 4509 1882 4566 propter
1915 4517 2017 4566 me,

438 4580 662 4638 inveniet
690 4580 840 4634 illam
867 4582 957 4636 ³³⁸.
989 4584 1105 4652 Ipse
1136 4587 1279 4640 enim
1327 4599 1408 4643 est
1436 4589 1694 4644 Dominus
1748 4591 1916 4660 pacis.
1966 4604 2022 4646 et

439 4690 536 4747 per
565 4677 738 4746 ipsum
771 4677 979 4730 medius
1032 4678 1328 4733 inimicitia:
1375 4682 1554 4750 paries
1583 4679 1793 4736 dirutus
1820 4694 1905 4736 est
1934 4682 1978 4715 ³⁸
2003 4701 2017 4749 ;

435 4781 525 4824 et:
555 4767 677 4824 Non
697 4771 826 4836 reni,
855 4771 1047 4839 inquit,
1085 4773 1286 4827 mittere
1321 4790 1518 4842 pacem,
1551 4777 1640 4830 sed
1681 4777 1914 4846 gladium
1944 4778 2017 4842 3‘;

435 4874 491 4917 et
529 4878 779 4918 rursum:
827 4861 951 4918 Veni
981 4866 1186 4920 mittere
1242 4868 1410 4936 ignem
1442 4869 1498 4922 in
1548 4880 1762 4935 terram,
1800 4883 1846 4923 et
1884 4874 2009 4940 quid

433 4955 547 5010 volo
577 4955 675 5008 nisi
709 4965 761 5007 ut
791 4955 1110 5009 accendatur
1143 4956 1226 5011 "‘t
1263 4957 1358 5013 llic
1391 4969 1473 5013 est
1501 4960 1642 5029 ignis
1683 4961 1770 5015 ille
1816 4962 2010 5014 divini-

434 5045 559 5098 tatis
583 5044 826 5114 cjus,qui
856 5047 908 5099 in
949 5045 1145 5100 animis
1188 5061 1376 5103 eorum
1411 5051 1501 5119 qui
1563 5061 1807 5106 sanctam
1842 5053 2008 5120 ipsius

433 5135 736 5213 doctrinam
788 5137 960 5191 secuti
1017 5149 1166 5203 sunt,
1218 5141 1440 5197 exarsit.
1478 5139 1626 5198 Tunc
1684 5144 2010 5198 invenerunt

431 5229 667 5294 gladium
696 5229 942 5297 spiritus,
973 5239 1028 5284 et
1056 5245 1248 5286 omnes
1280 5234 1458 5287 carnis
1486 5235 1788 5304 voluptates
1812 5252 2005 5305 ampu-

432 5331 631 5375 tarunt.
667 5323 730 5377 Et
761 5334 949 5393 postea
986 5325 1133 5380 dedit
1196 5327 1276 5381 eis
1316 5329 1590 5398 gaudium,
1627 5332 1852 5385 dicens:
1899 5329 2006 5382 Pa-

431 5426 538 5464 cem
580 5430 747 5467 meam
777 5417 842 5468 do
868 5416 1031 5482 vobis,
1060 5433 1240 5486 pacem
1292 5435 1457 5471 meam
1506 5419 1741 5488 relinquo
1775 5422 1913 5475 vobis
1939 5423 2004 5478 ³⁸.

503 5557 796 5635 »ιο-διειιιιι.
829 5578 891 5635 κ,
929 5564 1016 5618 59.
1100 5563 1144 5596 ³³
1187 5564 1385 5635 Ephcs-
1416 5583 1477 5632 ιιν
1515 5567 1598 5622 “-

433 5713 507 5767 tv,
544 5701 629 5756 tt).

503 5569 568 5588 ιν
611 5569 796 5617 Maltlt.
829 5578 885 5624 κ.
929 5569 1016 5618 59.
1100 5569 1144 5596 ³³
1187 5569 1385 5635 Eplics.
1416 5583 1477 5632 ιι,
1515 5569 1598 5622 M.
1677 5569 1722 5600 “
1764 5570 1948 5625 Matth.
1971 5591 2021 5637 .v,

430 5629 652 5704 xum-Ei
684 5648 804 5703 sqq.
881 5633 925 5665 ⁸ο
967 5635 1099 5690 ibid.
1144 5635 1233 5692 41.
1312 5637 1353 5670 ⁸³
1398 5640 1525 5696 ibi-J.
1579 5639 1666 5697 43.
1746 5640 1790 5672 ⁸³
1835 5644 1970 5698 ibid.

2137 5607 2150 5622 .
2226 5571 2266 5601 ³⁷
2311 5569 2442 5623 an.
2471 5582 2569 5626 χιι,
2598 5569 2686 5613 49.
2795 5569 2842 5586 ⁸ο
2878 5569 3038 5607 Joan.
3083 5569 3192 5606 xiv.
3222 5569 3304 5630 z_r.

2181 5642 2223 5674 ’³
2266 5639 2431 5696 Marc.
2473 5652 2568 5704 χιι,
2604 5627 2810 5693 lli-$5;
2845 5624 2976 5680 Luc.
3037 5637 3153 5682 ut,
3187 5623 3304 5673 t-o.

2125 4493 2294 4548 illium
2326 4490 2580 4560 lacrymis
2610 4489 2728 4558 ejus
2758 4495 3064 4540 commotus
3085 4483 3401 4539 suscitavit:
3438 4494 3491 4537 et
3515 4497 3719 4550 qucrn-

2124 4586 2416 4641 admodum
2441 4582 2663 4636 Mariatn
2697 4596 2816 4649 qua:
2849 4581 3012 4647 pcdes
3041 4577 3159 4646 ejus
3214 4585 3480 4646 unguento
3518 4576 3708 4636 ιιιιιιὶι,

2124 4687 2180 4732 et
2215 4673 2474 4747 lacrymis
2514 4673 2792 4733 abstersit,
2819 4684 2926 4724 non
2984 4679 3068 4723 est
3115 4678 3455 4738 aspernatus:
3493 4666 3568 4716 ita
3606 4681 3716 4719 nec

2125 4769 2487 4840 peccatricem
2544 4767 2706 4835 pedes
2769 4779 2900 4816 suos
2951 4773 3224 4831 unguento
3247 4767 3529 4828 ungentem
3577 4773 3714 4809 con-

2131 4862 2374 4932 tempsit.
2411 4858 2477 4912 Et
2523 4855 2978 4926 quemadmodum
3033 4850 3252 4906 Petrum
3289 4859 3341 4903 et
3375 4847 3646 4902 Joannem
3683 4867 3712 4899 c

2121 4953 2366 5011 navicula
2391 4953 2628 5021 ipsormn
2646 4946 2878 5011 vocavit,
2899 4943 3217 5015 Sequimini,
3235 4941 3508 5010 inquietis,
3532 4957 3615 4992 me
3635 4939 3708 5004 υς

2119 5051 2199 5104 sic
2228 5058 2282 5102 et
2310 5045 2619 5100 Matthmuni
2662 5041 2714 5093 in
2781 5038 2981 5093 telonio
3033 5036 3311 5090 sedentem
3347 5033 3584 5086 vaeavit.
3645 5031 3709 5084 Et

2119 5137 2574 5210 quemadmodum
2607 5133 2927 5199 lavit‘pedes
2953 5127 3363 5196 discipulorum,
3402 5124 3484 5178 sic
3511 5125 3667 5175 lavit.
3693 5136 3712 5176 t

2117 5233 2311 5289 Judam
2338 5233 2454 5285 sine
2485 5229 2594 5282 ullo
2615 5224 2949 5280 discrimine.
2973 5221 3039 5275 Et
3063 5215 3521 5288 quemadmodum
3547 5232 3712 5283 supcr

2119 5323 2392 5396 apostolos
2426 5321 2572 5374 venit
2628 5317 2863 5388 Spiritus
2903 5312 3254 5374 Paracletus,
3307 5308 3389 5362 sic
3451 5317 3508 5362 et
3544 5322 3713 5373 διψι-ι·

2117 5421 2424 5478 Cornelium
2458 5415 2625 5472 venit.
2659 5411 2724 5466 Et
2747 5407 3201 5481 quemadmodum
3232 5412 3455 5474 prOpter
3483 5400 3710 5455 Paulum

3421 5543 3467 5574 ”
3517 5541 3706 5596 Mnflh.

3421 5615 3465 5645 “
3509 5614 3703 5668 Matth.

2226 5571 2266 5601 ³⁷
2311 5569 2442 5623 an.
2471 5582 2569 5626 χιι,
2598 5560 2686 5613 49.
2795 5552 3038 5626 "Joan.
3083 5547 3315 5626 xiv._2_‘l.
