3968 6210
283 274 419 331 “29

1353 269 1413 327 S.
1453 265 1662 325 ISAIE
1704 260 1999 321 ABBATIS
2038 258 2452 330 OIIATIONES.

3420 265 3558 323 H50

280 393 503 445 Ananiae
528 404 696 459 opera
724 396 955 444 ususest
981 386 1231 443 Dantasci
1254 406 1267 441 :
1292 386 1578 454 Quoniam,
1603 384 1874 455 inquiens,
1906 389 1950 444 Α
1982 390 2237 450 tanquam
2261 395 2458 450 equum
2490 378 2609 436 sine
2638 388 2847 436 rectore
2871 380 3234 449 aberrantem,
3266 396 3425 454 quem
3467 388 3558 455 qui

281 497 367 534 ras
393 477 664 532 electionis
714 488 787 531 est
843 477 972 531 mihi
1000 477 1080 542 i';
1118 477 1200 533 sic
1258 477 1312 533 itt
1369 475 1619 536 Samaria
1650 483 1872 545 propter

281 571 595 623 eunuchum
620 565 938 648 JEthiopem
973 583 1104 623 usus
1129 577 1214 624 est
1241 582 1405 639 opera
1433 566 1689 638 Philippi.
1717 564 1872 621 Nulla

281 658 426 712 cnim
460 657 514 711 in
544 667 840 737 conspectu
875 657 994 732 ejus
1056 666 1141 722 est
1188 657 1437 728 acceptio
1491 669 1892 725 personarum,

284 750 431 803 nulla
471 751 614 804 inter
637 764 867 823 parvum
925 759 978 804 et
1022 764 1297 821 magnum,
1349 748 1689 804 uulla'iuter
1740 764 1874 818 pau-

287 852 471 909 perem
531 847 587 903 et
644 841 866 894 divitem
938 839 1264 896 differentia.
1324 841 1505 896 Animi
1537 840 1871 913 propositum

290 930 536 1012 respicit,
576 942 626 986 et
661 931 823 999 fidem
855 948 981 1002 erga
1016 948 1075 988 se
1113 942 1168 988 et
1226 934 1603 988 mandatorum
1649 948 1871 988 suorum

289 1023 749 1089 observationem,
774 1035 829 1080 et
856 1024 1203 1081 dilectionem
1240 1040 1367 1096 erga
1396 1040 1609 1081 onmes.
1644 1025 1761 1089 Hoc
1790 1033 1874 1085 est

288 1115 433 1177 enim
463 1117 630 1175 animi
670 1116 887 1188 signum
915 1127 970 1173 et
993 1129 1143 1184 nota,
1179 1132 1302 1172 cum
1335 1132 1366 1173 e
1411 1132 1639 1188 corpore
1672 1117 1874 1179 disces-

284 1208 440 1266 serit.
478 1208 548 1275 ltt
578 1207 695 1274 hoc,
754 1210 967 1280 ittqttit,
1019 1218 1331 1281 cognoscent
1383 1225 1560 1273 omnes
1607 1224 1698 1271 pos
1731 1224 1874 1269 meos

285 1316 399 1363 esse
424 1301 733 1370 discipulos,
766 1304 812 1356 si
838 1301 1181 1361 dilectionem
1214 1301 1497 1357 habueritis
1536 1302 1673 1356 inter
1693 1317 1781 1354 ros
1804 1299 1869 1351 ⁸⁸.

363 1389 454 1448 ιν.
508 1391 658 1449 llanc
716 1393 1024 1449 dilectionis
1071 1402 1254 1455 notam
1309 1393 1506 1464 quibus
1553 1392 1872 1463 impressam

289 1479 524 1537 viderint
552 1482 876 1549 adversarii,
900 1481 969 1537 ab
1006 1480 1111 1537 illis
1152 1498 1276 1536 cum
1308 1482 1506 1538 timore
1533 1481 1821 1545 discedent
1853 1498 1869 1545 _:

288 1581 344 1625 at
364 1586 556 1629 omnes
588 1573 904 1651 angelorum
953 1584 1130 1630 coetus
1174 1574 1282 1635 illis
1324 1573 1872 1646 congratulabuntur.

292 1661 448 1719 Totis
471 1665 639 1734 igitur
668 1666 878 1722 viribus
918 1682 1142 1740 operam
1169 1668 1383 1735 demus,
1427 1666 1627 1723 fratres
1661 1664 1873 1722 charis-

1980 471 2183 526 inveuit
2208 471 2406 526 insidet
2434 470 2517 536 ei,
2561 484 2625 524 ac
2655 484 2845 525 rursus
2876 470 3158 529 dimissum
3186 472 3255 528 ab
3286 471 3397 536 illo,
3426 474 3562 531 allus

1980 561 2337 631 apprehendit
2376 572 2540 637 atque
2578 562 2916 619 conscendit.
2954 562 3105 616 Alias
3141 575 3321 635 autem
3368 565 3562 637 similis

1978 667 2119 714 sum,
2157 653 2352 723 inquit,
2398 653 2625 717 homini,
2671 667 2831 723 quem
2878 653 3081 709 inimici
3114 657 3561 731 comprehensum

1981 759 2045 800 ac
2071 744 2307 800 vinctum
2340 745 2393 799 iu
2428 746 2566 801 caeni
2600 746 2775 800 lacum
2822 743 3186 818 cunjece'runt.
3232 748 3333 816 Qui
3377 751 3422 806 si
3448 751 3562 807 cla-

1981 837 2210 891 maverit
2262 837 2330 891 ad
2369 835 2649 891 dominum
2682 853 2865 902 suum,
2908 840 3221 895 verberatur
3250 842 3317 896 ab
3364 842 3465 915 eis,
3506 852 3567 914 ut

1979 934 2177 982 taceat.
2207 924 2337 981 ltem
2367 926 2585 992 similis,
2617 927 2813 997 inquit,
2859 943 2976 983 sum
3006 933 3243 999 passeri,
3284 932 3436 1000 cujus
3471 949 3566 1004 pes

1980 1016 2175 1086 laqueo
2200 1016 2416 1070 vinctus
2445 1016 2551 1082 sit;
2582 1016 2672 1084 qui
2718 1016 2843 1068 dum
2894 1012 3127 1071 solutum
3163 1031 3221 1071 se
3246 1008 3565 1092 existimans

1981 1107 2161 1161 volatu
2202 1106 2500 1172 extollitur,
2532 1107 2725 1176 laqueo
2759 1106 3038 1162 retinetur.
3072 1107 3239 1164 Nemo
3271 1111 3414 1166 euitn
3458 1124 3564 1178 est,

1978 1196 2073 1267 qui
2106 1212 2212 1259 non
2256 1197 2325 1250 ad
2368 1205 2670 1253 extremum
2720 1210 2889 1265 usque
2927 1197 3175 1267 spiritum
3207 1199 3390 1269 aliqua
3438 1216 3564 1272 pre-

1983 1278 2161 1343 matur
2191 1288 2576 1346 sollicitudine.
2634 1288 2804 1355 Idem,
2862 1290 2907 1345 si
2961 1290 3112 1359 qttid,
3157 1291 3354 1360 inquit,
3404 1273 3565 1349 alicui

1980 1390 2172 1434 mutuo
2200 1380 2416 1445 dedisti,
2447 1395 2549 1435 nec
2577 1381 2706 1437 illud
2732 1382 2962 1452 repetis,
2993 1380 3120 1437 Iesu
3162 1393 3410 1437 uaturaut
3444 1385 3566 1440 imi—

1985 1476 2150 1541 taris;
2189 1476 2235 1532 si
2283 1475 2502 1545 repetis,
2535 1485 2781 1531 naturam
2827 1478 2991 1544 Atla);
3030 1479 3313 1547 sin'fenus
3357 1481 3566 1554 exigis,

1982 1581 2298 1638 perversum
2325 1566 2566 1636 ejusdem
2610 1584 2834 1625 morem.
2886 1570 2942 1627 Si
2971 1567 3093 1641 quis
3132 1583 3184 1628 te
3222 1557 3569 1643 reprehendit

1983 1669 2203 1730 propter
2219 1673 2330 1716 rem
2360 1659 2596 1730 aliquam
2633 1674 2794 1731 quam
2822 1662 2908 1717 vel
2927 1662 3200 1719 feciSIivel
3230 1679 3332 1719 non
3352 1663 3564 1735 fecisti:

288 1754 437 1820 simi,
490 1764 550 1810 ut
588 1770 710 1811 eam
775 1771 1199 1839 consequamur,
1253 1773 1321 1813 ne
1358 1756 1659 1815 adversarii
1706 1757 1876 1812 nostri
1909 1751 1953 1809 B
1981 1752 2025 1807 si
2060 1762 2227 1820 taces,
2263 1752 2390 1809 .Iesu
2433 1762 2485 1809 te
2539 1753 2772 1810 similem
2813 1756 3055 1827 prtebes;
3091 1757 3174 1829 sin
3220 1757 3520 1826 respondes
3551 1775 3564 1811 :

292 1859 393 1899 nos
418 1859 751 1916 expugnent.
791 1845 916 1902 Non
941 1858 1130 1915 potest,
1173 1848 1351 1918 inquit
1378 1848 1667 1914 Dominus,
1694 1848 1879 1910 civitas

295 1937 548 1999 abscondi
592 1953 752 2007 supra
789 1947 1014 2007 montem
1035 1941 1205 2009 posita
1226 1940 1297 2000 ⁵⁷.
1337 1940 1457 2019 Quo
1489 1942 1556 2003 de
1586 1950 1766 2008 monte
1799 1940 1879 1994 lo-

291 2028 503 2107 quitur,
533 2030 636 2085 nisi
668 2031 733 2086 de
770 2047 1024 2089 sermone
1075 2048 1196 2097 suo,
1237 2048 1358 2088 cum
1419 2033 1530 2089 ait:
1570 2033 1676 2100 Qui
1701 2033 1881 2103 diligit

291 2135 394 2185 me,
418 2124 672 2184 mandata
705 2138 818 2176 mea
845 2122 1071 2191 servabit
1103 2123 1190 2178 “1'
1236 2122 1298 2189 In
1330 2125 1434 2179 boc
1483 2124 1721 2189 studium
1757 2124 1881 2180 dili-

296 2221 489 2284 genter
549 2212 949 2281 incumbamus,
1009 2224 1067 2272 ut
1095 2214 1217 2286 ejus
1242 2231 1551 2273 sermonem
1581 2231 1880 2273 servemus.

293 2302 360 2369 Et
382 2302 597 2358 labores
624 2307 797 2361 nostri
823 2319 985 2373 erunt
1025 2307 1195 2364 veluti
1240 2308 1437 2366 civitas
1488 2308 1647 2365 fortis
1676 2323 1742 2365 ac
1770 2326 1888 2365 mu:-

295 2392 437 2458 nita,
469 2408 589 2462 qua:
620 2408 742 2460 nos,
773 2397 953 2467 quoad
984 2397 1088 2470 ipsi
1122 2413 1498 2467 occurremus,
1524 2392 1792 2463 custodiet
1819 2402 1889 2458 ab

298 2483 557 2541 omnibus
583 2484 821 2543 inimicis
854 2490 1081 2549 nostris.
1133 2488 1249 2557 Hae
1286 2491 1432 2546 enim
1479 2491 1678 2553 fiducia
1706 2492 1751 2548 si
1787 2494 1889 2552 er'e

301 2588 424 2627 mus
463 2574 683 2642 muniti,
711 2591 902 2633 omnes
940 2578 1147 2647 inimici
1183 2580 1299 2652 ejus
1355 2596 1453 2661 per
1501 2594 1742 2641 montem
1769 2601 1887 2641 ser-

303 2664 488 2728 monis
518 2666 690 2735 ipsius
718 2668 1143 2749 dissipabuntur.
1167 2669 1282 2738 Hoc
1303 2688 1369 2728 ex
1400 2684 1586 2743 monte
1619 2675 1891 2747 lapissine

300 2758 553 2814 manibus
572 2760 785 2814 excisus
810 2770 1044 2820 statuam
1073 2778 1138 2819 ex
1161 2780 1295 2821 auro
1318 2778 1372 2821 et
1398 2776 1644 2839 argento,
1676 2780 1731 2824 et
1758 2784 1888 2836 mre,

298 2864 366 2912 ac
398 2848 543 2905 ferro
601 2850 889 2907 conflatam
953 2857 1261 2927 confregit.’
1293 2856 1507 2928 Indum
1568 2878 1685 2928 vos,
1715 2862 1893 2932 inquit

298 2941 615 3020 Apostolus,
650 2954 982 3014 armaturam
1013 2945 1129 3015 Dei,
1180 2958 1237 3002 ut
1271 2951 1484 3019 possitis
1534 2962 1675 3017 stare
1706 2960 1892 3013 adper-

302 3050 393 3088 sus
432 3033 662 3089 insidias
694 3035 915 3103 diaboli.
975 3038 1239 3113 Quoniam
1290 3058 1396 3096 non
1440 3053 1516 3100 est
1555 3043 1703 3099 nobis
1733 3046 1895 3099 collu-

1986 1841 2150 1910 Quid,
2184 1844 2455 1914 inquiens,
2485 1842 2627 1900 feci?
2665 1859 2769 1899 non
2800 1844 3034 1928 amplius
3063 1846 3112 1900 ei
3145 1846 3341 1909 similis
3379 1862 3460 1923 es.
3500 1848 3571 1919 At

1988 1936 2033 1991 si
2053 1950 2152 2006 par
2166 1936 2282 2005 pari
2312 1936 2505 2007 refers,
2519 1951 2575 1992 es
2591 1935 2814 2003 omnino
2830 1937 3126 2003 dissimilis.
3149 1937 3206 1994 Si
3221 1948 3371 2002 tuum
3392 1939 3572 1997 aufers

1989 2027 2317 2082 sacrificium
2344 2042 2466 2082 cum
2497 2028 2824 2097 humilitate,
2859 2040 3115 2100 tanquam
3156 2031 3233 2089 sis
3275 2032 3566 2107 indignus,

1993 2128 2212 2189 gratum
2234 2129 2314 2175 est
2347 2120 2489 2190 apud
2527 2119 2734 2187 Deum;
2769 2121 2912 2192 quod
2942 2122 2986 2177 si
3015 2121 3292 2195 extollatis
3322 2122 3375 2191 in
3411 2124 3575 2193 corde

1995 2221 2110 2280 tuo,
2148 2222 2204 2268 et
2225 2214 2529 2270 recorderis
2563 2213 2789 2270 alterius
2825 2213 3144 2271 dormientis
3170 2225 3262 2274 aut
3303 2216 3575 2292 negligen-

1994 2302 2084 2367 tis,
2119 2311 2245 2359 tuus
2289 2302 2466 2359 inanis
2497 2314 2582 2360 est
2629 2304 2802 2362 labor.
2841 2305 3034 2361 Dicere
3074 2306 3265 2371 solitus
3294 2319 3435 2373 erat,
3471 2311 3573 2378 bu.-

1994 2390 2279 2449 utilitatem
2315 2406 2415 2448 nec
2442 2389 2681 2465 linguam
2711 2394 2935 2471 habere,
2981 2410 3085 2464 qua
3129 2396 3195 2454 de
3236 2395 3414 2466 aliquo
3450 2408 3573 2467 tan-

1996 2494 2157 2550 quam
2210 2481 2674 2553 negligente,'aut
2718 2485 2955 2555 superbo
3003 2484 3345 2565 loqueretur;
3401 2502 3576 2565 neque

1995 2570 2202 2639 oculos,
2245 2572 2446 2642 quibus
2486 2573 2715 2630 aliorum
2763 2586 2949 2640 errata
2996 2562 3358 2648 perspiceret;
3402 2562 3575 2651 neque

1996 2677 2179 2729 aures,
2213 2663 2411 2734 quibus
2438 2679 2503 2721 ea
2543 2681 2667 2738 quae
2708 2669 2904 2724 aniuue
2940 2683 3051 2724 sua:
3084 2685 3190 2724 non
3225 2670 3573 2743 prodessent,

1994 2757 2249 2823 audiret;
2304 2756 2434 2812 nihil
2482 2758 2715 2830 denique
2760 2759 2966 2817 habere
3016 2760 3249 2833 negotii,
3300 2762 3406 2833 nisi
3452 2778 3574 2819 cum

1999 2849 2236 2917 peccatis
2265 2850 2400 2905 suis.
2433 2847 2514 2917 illi
2560 2834 2705 2917 enim
2750 2866 2872 2907 cum
2905 2836 3154 2911 omnibus
3204 2868 3389 2924 pacem
3426 2871 3571 2921 esse,

1999 2953 2105 2994 non
2149 2941 2401 2998 amicitia:
2431 2942 2625 3013 gratia,
2674 2943 2768 2999 sed
2823 2955 3044 3014 propter
3092 2926 3405 3001 mandatum
3461 2948 3576 3003 Dei.

2000 3031 2155 3097 Quod
2201 3032 2244 3087 si
2285 3033 2411 3105 quis
2443 3036 2564 3090 sine
2611 3035 2938 3101 humilitate,
2986 3037 3071 3093 vel
3116 3037 3337 3109 jejuniis
3371 3041 3580 3097 incum-

304 3125 473 3188 ctatio
503 3127 764 3193 adversus
791 3112 1002 3182 carnem
1054 3140 1099 3184 et
1150 3133 1483 3201 sanguinem,
1529 3135 1617 3188 sed
1640 3138 1892 3203 adversus
1920 3112 1963 3172 (ἶ
1997 3120 2109 3187 ba"
2138 3118 2222 3183 Vel
2264 3137 2384 3179 sese
2412 3124 2765 3180 vehementer
2812 3123 3033 3197 θαιίεειιυ
3065 3127 3150 3183 νει
3197 3131 3448 3185 manda“!
3489 3146 3579 3187 εθ-

305 3218 565 3287 principes
601 3228 648 3272 et
666 3227 983 3295 potestates,
1039 3221 1291 3277 adversus
1326 3226 1509 3288 mundi
1557 3236 1783 3281 rectores
1820 3238 1894 3282 te-

311 3309 591 3362 nebrarum
614 3308 797 3364 stcculi
822 3308 1007 3380 hujus,
1029 3322 1214 3365 contra
1241 3313 1545 3382 spiritualia
1569 3317 1815 3386 nequitia:
1841 3317 1896 3371 in

314 3399 602 3454 catestibas
634 3401 701 3465 ".
737 3400 986 3468 Quatuor
1032 3402 1132 3458 hos
1165 3405 1502 3475 principatus
1524 3406 1731 3463 indicat
1762 3423 1898 3479 qua-

310 3489 534 3557 druplex
557 3490 644 3545 illa
678 3503 1059 3561 statua,quam
1082 3493 1241 3562 lapis,
1267 3494 1371 3550 hoc
1404 3505 1507 3563 est,
1542 3494 1633 3553 Dei
1672 3502 1895 3554 verbum

310 3579 599 3652 confregit,
626 3593 684 3638 ut
707 3584 967 3653 scriptum
996 3593 1080 3639 est
1112 3584 1181 3650 σθ,
1221 3588 1346 3640 etin
1377 3597 1614 3642 montem
1644 3604 1894 3659 magnum

311 3673 579 3739 evasit,et
594 3685 793 3732 terram
810 3677 1468 3749 implevituuiversannln
1495 3689 1732 3734 montem
1754 3680 1898 3736 hunc

312 3763 608 3836 fugiamus,
645 3767 846 3824 fratres
873 3767 1205 3832 charissimi,
1233 3778 1290 3822 ut
1314 3769 1388 3823 sit
1416 3768 1568 3823 nobis
1594 3769 1896 3838 perfugium

311 3866 601 3927 servetque
624 3873 722 3914 nos
757 3873 789 3912 a
818 3868 1057 3928 quatuor
1081 3858 1199 3914 istis
1248 3861 1515 3928 improbis
1567 3861 1900 3941 dominatio-

312 3949 492 4014 nibus,
517 3949 989 4020 percipiamusque
1016 3951 1181 4004 etiam
1220 3966 1321 4006 nos
1348 3952 1602 4021 gaudium
1640 3967 1762 4007 cum
1783 3968 1900 4008 om-

315 4041 481 4098 nibus
522 4043 727 4098 sanctis
785 4043 926 4113 ejus,
973 4042 1066 4111 qui
1113 4042 1180 4097 ad
1206 4058 1329 4098 eum
1378 4054 1783 4115 congregantur
1832 4060 1898 4100 ex

315 4140 550 4201 quatuor
610 4131 860 4189 terminis
909 4142 1087 4188 terrae.
1148 4130 1256 4187 Pro
1310 4132 1426 4187 suis
1479 4134 1621 4187 enim
1669 4133 1901 4203 quisque

314 4223 569 4292 operibus
600 4223 877 4293 propriam
904 4224 1090 4278 audiet
1120 4222 1540 4279 beatitudinem.
1580 4222 1750 4280 Porro
1773 4242 1900 4281 sau-

316 4321 465 4369 ctutn
525 4313 644 4384 ejus
699 4327 898 4369 nomen
940 4322 1136 4383 potens
1165 4322 1269 4376 est,
1320 4311 1367 4367 si
1403 4312 1682 4371 nobiscum
1705 4311 1795 4377 sit,
1846 4322 1905 4368 ttt

319 4404 639 4460 corroboret
660 4389 761 4461 nos
790 4404 859 4460 ad
888 4420 1027 4474 opus
1060 4403 1253 4473 ipsius,
1276 4416 1377 4457 nec
1406 4401 1552 4457 sinat
1588 4416 1690 4456 nos
1727 4402 1900 4472 decipi

320 4497 392 4553 ab
412 4497 653 4562 inimico,
683 4498 777 4553 sed
804 4496 1076 4552 custodiat
1102 4511 1201 4551 nos
1240 4504 1405 4565 atque
1435 4495 1662 4561 muniat,
1689 4504 1748 4549 ttt
1779 4510 1905 4567 pos-

319 4590 491 4647 simus
527 4605 862 4660 qutccuuque
892 4589 1049 4645 nobis
1070 4589 1392 4654 acciderint,
1419 4590 1713 4663 sustinere,
1734 4590 1902 4644 mise-

327 4682 727 4752 ricordiamque
754 4682 996 4752 reperire
1024 4696 1150 4738 cum
1187 4681 1292 4735 illis
1317 4680 1408 4750 qui
1432 4679 1578 4749 digni
1621 4679 1750 4734 facti
1778 4688 1907 4733 sunt

322 4785 384 4829 ut
409 4787 538 4828 vera
572 4773 908 4828 beatitudine
963 4771 1296 4827 fruerentur.
1334 4770 1440 4841 Ipsi
1491 4770 1603 4825 Deo
1637 4768 1808 4835 Patri,
1850 4779 1908 4824 et

323 4864 486 4931 Filio,
526 4876 583 4920 et
612 4864 841 4936 Spiritui
876 4874 1065 4920 sancto
1094 4862 1288 4935 gloria,
1339 4871 1397 4916 et
1448 4862 1648 4927 honor,
1705 4872 1762 4915 et
1809 4860 1906 4916 adv

325 4959 527 5027 oratio,
562 4973 703 5023 nunc
748 4967 805 5013 et
846 4971 1085 5028 semper,
1134 4966 1190 5015 et
1240 4956 1293 5009 itt
1337 4955 1534 5012 saecula
1564 4953 1909 5011 saeculorum.

321 5050 520 5109 Amen.

890 5142 1151 5199 ORATIO
1206 5140 1340 5199 VIII.

566 5236 721 5301 Beati
760 5235 923 5290 Isaia!
959 5234 1168 5289 abbatis
1209 5234 1672 5303 apoplttltegmata.

400 5328 445 5392 I.
491 5327 660 5389 Video
695 5345 782 5384 me
812 5328 890 5399 (5)
939 5327 1248 5396 aliquaudo,
1294 5327 1466 5395 inquit
1504 5327 1675 5381 abbas
1713 5322 1909 5389 Isaias,

400 5487 450 5521 ⁸⁸
478 5484 822 5552 Aet.ts,15.

333 5573 394 5619 tt.
423 5556 520 5623 δι,
551 5559 642 5614 55.
734 5558 778 5593 ⁵³
820 5555 953 5611 Luc.
994 5569 1128 5609 χχιιι
1156 5593 1170 5620 ,
1204 5553 1289 5607 42.

899 5482 944 5514 ⁸⁸
976 5479 1131 5536 Joan.
1166 5497 1285 5546 stu,
1326 5481 1415 5537 '55.
1494 5483 1536 5513 ⁸⁷
1576 5482 1765 5548 Matth.
1800 5496 1851 5550 v,
1887 5479 1972 5533 15.

1999 3223 2159 3267 netur
2186 3214 2521 3282 observare;
2555 3214 2674 3286 ejus
2698 3215 2895 3273 inanes
2927 3232 3051 3275 esse
3086 3219 3318 3278 labores.
3353 3222 3411 3278 Si
3433 3225 3578 3294 quis,

1999 3305 2193 3376 inquit,
2232 3307 2654 3364 instrumentum
2700 3308 2960 3380 possidet,
3012 3321 3066 3365 et
3116 3311 3251 3368 illud
3299 3329 3407 3385 quo
3446 3301 3580 3377 tetu;

1997 3411 2129 3466 pore
2161 3399 2528 3463 necessarium
2558 3408 2664 3465 est,
2713 3415 2819 3457 non
2860 3401 3124 3471 inveniat,
3164 3396 3364 3459 frustra
3406 3407 3582 3476 possit-

1999 3490 2110 3553 det.
2138 3487 2285 3546 Talis
2307 3499 2413 3557 est,
2437 3491 2529 3561 qui
2561 3506 2621 3547 se
2656 3493 2847 3549 timere
2889 3493 3055 3550 Deum
3098 3496 3329 3562 asserit;
3360 3507 3416 3552 et
3456 3514 3580 3553 cum

2002 3590 2212 3652 tempus
2247 3583 2420 3649 adest,
2459 3593 2519 3644 ut
2544 3583 2637 3639 Dei
2678 3584 2925 3640 timorem
2955 3584 3229 3651 ostendat,
3263 3602 3370 3657 quo
3403 3589 3485 3642 vel
3515 3589 3585 3643 ab

2002 3673 2301 3740 iracundia,
2333 3676 2667 3743 arrogantia,
2702 3676 2782 3730 vel
2813 3676 3134 3744 ambitione,
3179 3688 3269 3732 aut
3316 3679 3422 3732 alio
3454 3680 3585 3733 vitio

2000 3761 2336 3829 cohibeatur,
2369 3763 2464 3818 Dei
2502 3763 2753 3820 timorem
2798 3780 2905 3821 non
2938 3767 3169 3839 reperit,
3212 3767 3370 3838 hujus
3400 3772 3581 3841 omnia

2002 3853 2175 3925 studia
2218 3864 2345 3909 sunt
2385 3854 2586 3911 inania.

2072 3943 2135 3999 ll.
2180 3944 2438 4001 Dominus
2477 3957 2661 4004 noster
2702 3946 2859 4006 Iesus
2900 3948 3149 4007 Christus
3189 3968 3294 4009 non
3342 3956 3490 4024 prius
3529 3958 3579 4012 in

2004 4049 2222 4091 crucem
2250 4038 2515 4105 ascendit,
2543 4055 2704 4109 quam
2735 4055 2925 4097 onmes
2965 4043 3227 4101 humanas
3253 4060 3467 4101 curarat
3500 4049 3581 4103 in-

2006 4126 2311 4195 llrmitates,
2355 4140 2415 4183 ut
2461 4144 2566 4201 quo
2604 4132 2835 4187 consilio
2863 4132 3251 4193 humanitatem
3288 4133 3584 4200 imbuerat.

2004 4215 2331 4282 declararet.
2366 4221 2669 4291 Antequam
2702 4222 2849 4278 enim
2893 4224 3008 4293 ipse
3049 4225 3263 4282 veniret
3296 4227 3347 4282 in
3398 4242 3581 4300 carne,

2005 4311 2168 4369 homo
2196 4323 2316 4372 erat
2345 4329 2542 4380 caecus,
2573 4326 2629 4371 et
2665 4326 2869 4384 mutus,
2900 4325 2955 4373 et
2987 4317 3209 4385 surdus,
3246 4329 3301 4376 et
3329 4321 3589 4393 paralyti-

2007 4417 2127 4468 cus,
2158 4412 2213 4457 et
2258 4402 2523 4474 leprosus,
2572 4415 2627 4461 et
2668 4406 2917 4471 claudus,
2963 4418 3019 4463 et
3068 4411 3119 4465 in
3162 4410 3411 4466 onmibus
3443 4412 3585 4465 vitiis

2011 4507 2219 4575 naturae
2252 4499 2542 4560 contrariis
2594 4512 2844 4556 mortuus
2883 4517 2899 4553 :
2931 4512 2987 4557 at
3033 4513 3219 4571 postea
3269 4520 3453 4576 quam,
3489 4506 3589 4559 hu-

2014 4601 2171 4641 mana
2200 4603 2298 4657 pro
2327 4591 2480 4649 nobis
2513 4592 2947 4663 peregrinatione
2970 4606 3241 4666 suscepta,
3272 4598 3583 4653 misericor-

2013 4675 2156 4746 diam
2191 4694 2344 4741 suam
2382 4682 2639 4749 ostendit,
2681 4692 2956 4738 mortuum
2988 4684 3295 4750 suscitavit,
3336 4686 3586 4740 claudum

2016 4765 2146 4831 fecit
2179 4770 2480 4837 ambulare,
2511 4781 2569 4827 et
2609 4788 2812 4828 caecum
2862 4774 3128 4843 aspicere,
3170 4784 3226 4830 et
3268 4786 3474 4830 mutum
3507 4776 3589 4832 lo-

2016 4859 2133 4929 qui,
2162 4867 2218 4914 et
2251 4861 2477 4922 surdum
2518 4863 2730 4929 audire,
2752 4873 2814 4943 et
2846 4879 3045 4920 novum
3074 4866 3348 4922 hominem
3385 4873 3590 4923 consti-

2020 4951 2147 5016 tuit,
2172 4952 2241 5006 ab
2276 4953 2427 5007 omni
2455 4952 2684 5009 liberum
2714 4953 3052 5011 infirmitate.
3092 4956 3262 5013 Porro
3290 4959 3343 5013 itt
3372 4975 3589 5014 crucem

1925 5045 1933 5053 '
2019 5043 2264 5108 sublatus
2306 5043 2442 5098 duos
2471 5059 2658 5099 secum
2714 5045 2955 5103 latrones
2991 5052 3305 5120 assumpsit,
3358 5066 3590 5121 quorum

2021 5136 2069 5195 is
2107 5135 2256 5204 quia
2284 5136 2491 5192 dextris
2523 5138 2693 5207 ipsius
2720 5149 2862 5205 erat,
2888 5141 3146 5197 laudabat
3169 5158 3315 5205 eum.
3359 5158 3426 5199 ac
3468 5158 3591 5212 pre-

2021 5228 2292 5287 cabatur:
2347 5225 2633 5293 Memento,
2673 5229 2947 5300 inquiens,
2989 5231 3121 5296 mei,
3161 5229 3416 5297 Domine,
3472 5249 3590 5288 cunt

2020 5323 2220 5377 veneris
2250 5323 2305 5377 in
2337 5338 2551 5393 regnum
2583 5332 2733 5378 tuum
2787 5325 2855 5379 ".
2894 5324 3043 5378 Alter
3084 5335 3286 5388 autem,
3326 5325 3417 5395 qui
3448 5343 3478 5380 a
3516 5327 3590 5380 si-

2068 5480 2112 5510 "
2152 5478 2307 5535 .Inatt.
2353 5495 2459 5546 xw,
2497 5478 2588 5531 9.5.
2665 5479 2708 5509 δ’
2754 5477 2948 5550 Epltcs.
2992 5495 3066 5544 Vt,
3102 5479 3187 5545 Il,
3221 5479 3308 5536 12.
3385 5481 3431 5512 ⁸⁸
3458 5481 3590 5550 Dan,

404 5706 485 5785 (ὃ)
537 5701 698 5757 Video
757 5717 964 5756 me....
1010 5699 1329 5753 conscendit.
1384 5696 1481 5751 llic
1530 5696 1675 5751 locus
1733 5693 1919 5747 Grmce
1959 5695 2138 5745 exstat
2171 5684 2307 5740 infra
2344 5702 2442 5756 cap
2491 5685 2543 5755 5,
2575 5702 2636 5741 cx
2663 5685 2732 5740 iis
2756 5701 2873 5756 quae
2914 5686 3142 5757 vulgavit
3177 5687 3453 5747 Pessinus.

664 5803 940 5861 Parant”
988 5794 1108 5855 Gtt.
1147 5789 1277 5850 XL.

3269 5780 3348 5840 36
