3968 6210
474 231 604 286 H3!

1543 223 1814 280 PATRES
1852 221 2151 289 lEGYPTil
2193 221 2463 280 SECULI
2503 223 2589 281 IV.

3594 229 3748 287 “32

489 353 677 408 nistris
729 359 866 414 eral,
921 363 1042 405 eum
1102 346 1401 401 maledictis
1457 345 1846 400 insectabatur.
1901 342 2047 396 Mena
2076 348 2120 402 Α
2149 355 2366 413 peccata
2402 346 2581 414 lugeas
2609 353 2694 398 tua
2718 387 2732 412 ,
2763 343 2964 412 Deique
2999 343 3261 398 auxilium
3293 355 3355 398 ac
3406 343 3742 401 misericor-

473 452 760 512 anteqnam
816 456 847 492 e
911 435 1232 506 negligentia
1296 433 1603 503 resipiscat,
1654 447 1777 486 cum
1826 429 2046 484 inimico

472 545 555 589 est
591 552 603 588 :
647 542 700 586 at
730 531 774 586 si
818 529 1078 584 Dominus
1111 537 1292 582 n03ter
1339 523 1496 579 Jesus
1539 522 1788 578 Christus
1820 520 1962 573 illam
2013 533 2046 572 e

474 622 796 694 negligentia
853 619 1132 675 suseitarit
1170 657 1186 682 ,
1256 617 1416 685 eique
1487 614 1694 670 dederit
1751 623 1810 666 ut
1864 611 2044 665 omnia

467 723 629 786 queat
681 710 1018 780 dijudicare,
1069 717 1181 762 tum
1239 706 1432 777 poterit
1485 705 1538 760 in
1585 719 1798 758 crucem
1851 716 2041 756 ascen-

477 809 628 860 dere.
669 801 822 868 Quod
852 817 895 855 st
923 799 1140 854 inimico
1168 797 1532 854 calumniante
1569 794 1636 847 ad
1666 791 2041 863 negligentiam

475 896 714 959 redierit,
753 893 841 947 [iet
881 890 932 945 id
964 890 1106 960 quod
1139 890 1204 943 de
1246 887 1454 941 duobus
1503 884 1805 939 latronibus
1837 883 2039 937 dictum

470 1002 576 1054 est,
609 1004 746 1060 quos
791 988 1047 1043 Dominus
1087 993 1270 1040 noster
1303 983 1460 1039 Iesus
1499 982 1748 1036 Christus
1785 994 1815 1034 ι
1859 989 2042 1034 mutua

477 1081 851 1138 benevolentia
894 1078 1185 1149 separavit,
1210 1091 1438 1146 quorum
1473 1089 1612 1128 unus
1633 1072 2039 1142 blaSphemabat

471 1189 619 1240 eum,
678 1173 815 1226 alter
862 1181 1042 1225 autem
1093 1170 1166 1222 ita
1220 1177 1470 1236 precatus
1525 1175 1628 1229 est,
1685 1175 1742 1219 ut
1785 1165 2043 1218 meruerit

471 1267 659 1322 audire
687 1283 700 1320 :
725 1265 895 1318 Hodie
918 1277 1119 1316 mecum
1149 1260 1248 1313 eris
1276 1261 1328 1311 in
1354 1258 1602 1326 paradiso
1625 1257 1692 1313 ⁸⁸.
1726 1254 1822 1309 llic
1846 1266 1924 1310 est
1956 1255 2043 1309 ille

470 1360 611 1414 latro
643 1357 734 1428 qui
777 1353 1086 1426 paradisum
1121 1351 1284 1407 etiam
1333 1349 1542 1404 furatus
1581 1357 1683 1415 est,
1727 1358 1782 1402 et
1808 1347 2042 1402 comedit

471 1453 540 1508 de
573 1451 718 1521 ligno
748 1449 890 1502 vitae.

541 1541 632 1597 Ill.
675 1541 817 1596 Idem
855 1552 1044 1593 rursus
1073 1536 1141 1592 de
1178 1543 1366 1591 sancta
1392 1531 1772 1588 communione
1806 1531 2039 1594 diccbat,

470 1633 586 1704 ejus
632 1646 753 1688 esse
817 1644 1032 1692 munus,
1086 1637 1146 1683 ut
1193 1641 1292 1682 nos
1336 1624 1631 1694 coniungat
1677 1634 1838 1693 atque
1891 1623 2040 1677 nniat

471 1743 593 1784 cum
641 1727 772 1782 Deo.
809 1723 960 1790 Quod
987 1736 1108 1778 cttm
1144 1720 1220 1774 ita
1268 1719 1380 1774 sit:
1432 1717 1532 1772 Ubi
1571 1727 1678 1780 est,
1707 1715 1902 1785 inquit,
1938 1715 2040 1769 ista

470 1816 818 1889 conjunctio?
851 1816 918 1870 ab
965 1815 1041 1869 ira
1092 1821 1186 1867 aut
1221 1809 1580 1874 aemulatione,
1621 1815 1714 1864 aut
1762 1809 1905 1871 odio,
1949 1815 2042 1862 aut

473 1911 788 1975 ambitione,
815 1915 911 1961 aut
945 1905 1090 1959 inani
1120 1903 1311 1975 gloria,
1344 1910 1438 1956 aut
1467 1899 1588 1955 aliis
1621 1900 1765 1956 vitiis
1801 1900 2039 1969 superati

470 2006 628 2072 longe
656 2003 912 2057 absumus
935 2014 962 2051 a
993 1997 1123 2053 Deo.
1166 1995 1312 2050 idem
1346 2012 1360 2048 :
1399 1993 1533 2049 Cum
1564 2007 1802 2058 oramus,
1842 1992 2038 2064 inquit,

466 2105 524 2150 act
550 2095 728 2163 aliqua
758 2106 822 2147 ex
853 2087 1349 2160 perturbationibus
1379 2085 1642 2156 ejusmodi
1669 2085 1811 2155 viget
1841 2085 1891 2139 in
1917 2099 2038 2139 cor-

468 2189 536 2244 de
559 2194 768 2249 nostro,
801 2183 974 2239 inanis
995 2191 1077 2238 est
1111 2190 1292 2238 noster
1319 2180 1490 2256 labor,
1514 2190 1569 2234 et
1600 2179 1826 2234 minime
1853 2187 2040 2250 gratus

470 2280 571 2350 ipsi
607 2278 732 2333 Deo.
765 2276 876 2332 Cur
909 2275 1090 2346 igitur,
1137 2271 1413 2344 respondit
1465 2272 1681 2341 quidam
1717 2287 1748 2328 e
1794 2271 2038 2336 senibus,

466 2385 533 2426 eo
563 2378 808 2437 tempore
832 2367 899 2398 “'
919 2381 1022 2420 non
1047 2364 1365 2418 iuhabenter
1396 2361 1668 2432 respondit
1697 2379 1712 2419 :
1741 2360 1873 2417 Cum
1907 2361 2040 2431 pluit

467 2478 631 2532 super
667 2472 866 2515 terram
901 2459 953 2512 in
997 2473 1101 2528 qua
1128 2471 1310 2512 semen
1344 2465 1446 2521 est,
1479 2457 1746 2525 germinat
1775 2472 1788 2508 :
1819 2458 1959 2524 quod
1993 2455 2038 2510 si

469 2566 578 2607 non
610 2551 806 2604 habeat
860 2563 1069 2609 semen,
1123 2545 1560 2617 non'gerntinat.
1606 2545 1826 2600 Studeat
1879 2546 2040 2616 igitur

467 2647 697 2716 quisque
747 2643 884 2699 maia
951 2643 1157 2698 semina
1213 2640 1409 2709 ejicere
1455 2641 1521 2695 de
1569 2643 1733 2696 corde
1777 2656 1910 2706 suo,
1971 2655 2040 2694 ne

465 2739 807 2793 exoriantnr.
842 2735 982 2789 Deus
1029 2733 1300 2788 hominem
1338 2733 1450 2786 vult
1484 2733 1737 2787 omnibus
1780 2732 1834 2786 in
1874 2733 2039 2788 rebus

466 2843 587 2884 esse
627 2825 854 2883 similem
885 2825 988 2880 sui.
1021 2825 1142 2879 Ideo
1176 2824 1324 2879 venit
1357 2823 1408 2878 in
1455 2826 1712 2879 mundum
1753 2835 1808 2878 et
1847 2839 2040 2894 passus

467 2931 568 2984 est,
608 2928 666 2974 ut
701 2930 948 2973 naturam
981 2916 1217 2971 hominis
1243 2931 1464 2986 pravam
1501 2916 1831 2984 immutaret,
1863 2929 1916 2972 et
1941 2935 2038 2973 vo-

2149 446 2290 497 diam
2329 443 2604 512 implores.

2217 553 2304 609 ιν.
2344 555 2496 621 Quod
2545 563 2722 609 autem
2767 553 2962 608 attinet
3000 553 3066 607 ad
3122 551 3395 608 docendos
3445 554 3739 623 proximos

2150 648 2401 700 mandata
2449 646 2577 711 Dei,
2617 645 2777 709 unde,
2830 645 3023 715 inquit,
3059 658 3160 711 ego
3192 644 3333 698 scire
3377 659 3605 711 possum
3647 661 3738 701 me

2148 738 2259 793 Deo
2282 746 2490 807 gratum
2516 751 2658 800 esse,
2695 746 2752 790 ut
2781 735 2884 791 hoc
2922 745 3016 788 aut
3044 735 3173 790 illud
3212 735 3369 789 alteri
3415 737 3737 792 faciendum

2145 830 2498 898 przeseribere
2531 830 2784 892 audeam,
2815 843 2939 881 cum
2970 828 3147 880 adhuc
3189 827 3300 895 ipse
3335 827 3566 883 delleam
3600 844 3736 898 pec-

2145 932 2266 976 cata
2294 919 2580 986 meaiQni
2627 921 2768 974 enim
2811 918 3098 986 aliquando
3148 919 3328 988 lapsus
3373 929 3482 986 est,
3537 920 3736 990 lugere

2147 1013 2329 1076 debet,
2376 1027 2477 1066 nec
2513 1019 2661 1065 tutus
2708 1019 2813 1076 est,
2846 1019 3138 1078 antequam
3192 1025 3250 1064 se
3302 1010 3513 1064 veniam
3574 1013 3728 1066 novit

2147 1104 2482 1173 impetrasse.
2549 1099 2720 1155 Homo
2789 1101 3002 1169 quidem
3054 1110 3286 1169 peccat;
3345 1102 3484 1157 Deus
3537 1115 3733 1158 autem

2146 1199 2453 1248 miseretur.
2499 1192 2608 1247 Cor
2664 1203 2810 1246 tuum
2871 1207 3120 1246 securum
3183 1208 3305 1248 esse
3362 1211 3469 1248 non
3521 1204 3731 1264 potest,

2145 1287 2457 1354 priusquam
2495 1284 2721 1338 accedas
2752 1285 2816 1336 ad
2839 1284 3104 1352 judicium
3134 1269 3250 1340 Dei.
3299 1286 3452 1352 Quod
3484 1288 3528 1342 si
3560 1290 3718 1358 cupis

2148 1376 2474 1446 intelligere,
2505 1386 2686 1431 utrum
2731 1380 2824 1432 tibi
2858 1389 3075 1449 peccata
3101 1379 3402 1432 condonata
3431 1380 3564 1444 sint,
3594 1380 3730 1434 illud

2143 1482 2398 1538 magnum
2447 1480 2530 1523 est
2559 1481 2954 1539 argumentum,
2988 1471 3031 1524 si
3076 1471 3207 1523 nihil
3238 1486 3302 1524 ex
3340 1471 3444 1523 illis
3491 1471 3725 1538 amplius

2142 1570 2226 1614 est
2253 1559 2515 1629 reliquum
2549 1561 2601 1614 in
2649 1561 2812 1616 corde
2860 1570 2971 1615 tuo.
3024 1563 3088 1615 At
3125 1562 3169 1615 si
3209 1561 3393 1614 vivunt
3428 1563 3633 1625 adhuc,
3670 1572 3728 1616 et

2144 1651 2405 1705 memoria
2436 1663 2865 1719 commoventur,
2899 1668 3071 1722 neque
3092 1653 3166 1706 'tu
3205 1653 3256 1707 id
3305 1654 3594 1708 admodum
3628 1671 3723 1709 eu-

2149 1756 2260 1808 ras,
2323 1741 2521 1796 malum
2577 1753 2659 1798 est
2704 1746 2940 1816 signum.
2992 1745 3138 1816 Luge
3181 1745 3366 1815 igitur,
3399 1757 3452 1801 et
3491 1747 3614 1801 dole
3659 1761 3723 1802 ac

2148 1835 2524 1898 contremisce,
2581 1834 2755 1892 donec
2808 1855 2838 1891 a
2896 1839 3003 1891 Deo
3059 1840 3487 1894 misericordiam
3551 1839 3724 1907 impe-

2148 1933 2276 1979 tres.
2309 1925 2365 1980 Si
2411 1926 2534 1997 quis
2566 1942 2595 1981 a
2628 1938 2679 1982 te
2723 1927 2901 1984 doceri
2943 1928 3076 1993 vult,
3124 1943 3224 1983 nec
3270 1938 3444 1982 tamen
3496 1928 3628 1982 facit
3657 1944 3720 1984 ea

2147 2031 2266 2086 qua:
2306 2019 2547 2072 studiose
2576 2018 2648 2073 illi
2699 2019 2968 2089 praecipis,
3023 2021 3117 2073 sed
3160 2020 3385 2074 subinde
3425 2021 3725 2074 revertitur

2147 2107 2286 2162 idem
2334 2107 2602 2176 ﬂagitans,
2649 2109 2854 2164 declina
2901 2115 2968 2164 ab
3015 2125 3100 2166 eo.
3156 2109 3315 2166 Docet
3345 2126 3530 2164 omnes
3566 2111 3720 2163 Deus

2145 2199 2236 2268 qui
2276 2201 2463 2254 audire
2505 2202 2712 2254 volunt.
2755 2201 2885 2268 Quis
2930 2204 3108 2256 docuit
3160 2201 3290 2254 Cain
3338 2211 3392 2254 et
3439 2199 3602 2264 Abel,
3659 2209 3719 2253 ut

2145 2291 2247 2346 hoc
2286 2290 2546 2358 iacerent,
2597 2293 2665 2346 ab
2707 2308 2772 2348 eo
2823 2296 3177 2358 abstinerent,
3238 2311 3362 2348 cum
3404 2294 3485 2347 lex
3539 2295 3719 2347 adhuc

2143 2385 2342 2453 scripta
2391 2400 2494 2438 non
2541 2385 2727 2440 esset?
2765 2385 2986 2440 Frustra
3034 2389 3286 2442 discendo
3348 2387 3560 2442 laborat
3627 2389 3721 2443 lto-

2145 2493 2253 2542 mo,
2283 2478 2372 2547 qui
2408 2478 2571 2534 Deum
2605 2481 2920 2549 magistrum
2955 2495 3059 2534 non
3101 2481 3282 2535 habet.
3316 2480 3372 2535 Si
3408 2483 3530 2551 quis
3561 2485 3720 2536 verba

2145 2575 2455 2644 pronuntiat
2512 2574 2741 2641 inutilia,
2783 2577 2969 2629 audire
3019 2575 3164 2638 noli,
3228 2591 3296 2630 ne
3349 2575 3544 2642 perdat
3601 2576 3716 2628 ani-

2146 2681 2289 2720 mam
2330 2675 2497 2719 lnam.
2537 2666 2688 2736 Quod
2718 2666 2761 2720 si
2809 2680 2868 2721 e2
2929 2681 2986 2720 re
3034 2664 3346 2731 offenditur,
3395 2681 3461 2720 ne
3511 2667 3584 2718 sit
3629 2666 3720 2718 tibi

2145 2772 2311 2813 curae.
2366 2756 2502 2812 Dic:
2559 2756 2786 2812 Animus
2833 2771 2986 2811 meus
3027 2757 3142 2811 haec
3187 2755 3331 2811 ferre
3377 2772 3486 2811 non
3525 2768 3720 2825 potest,

2145 2851 2331 2904 omitte
2369 2866 2454 2910 ea,
2507 2853 2766 2916 obsecro;
2824 2864 2995 2919 neque
3045 2851 3189 2903 enim
3250 2848 3424 2918 major
3467 2866 3569 2919 ego
3603 2865 3720 2902 sum

2147 2941 2320 3010 primo
2370 2941 2461 2995 illo
2507 2943 2741 3008 homine,
2789 2957 2946 3009 quem
3003 2944 3251 2997 manibus
3303 2947 3417 2996 suis
3469 2944 3723 2997 formavit

466 3019 698 3074 iuntates
725 3029 936 3074 nostras
967 3010 1326 3082 abscinderet,
1361 3020 1408 3069 et
1437 3011 1629 3068 falsam
1667 3011 2028 3088 cognitionem
2065 3031 2115 3104 ο
2150 3034 2310 3105 "eos,
2351 3047 2404 3094 ει
2437 3053 2615 3113 Nam
2643 3037 2926 3114 ευηοψιηδ
2953 3053 3241 3111 cormpms
3284 3051 3386 3093 est.
3434 3041 3583 3110 Fuge
3629 3043 3723 3109 ἰξύ-

465 3127 588 3182 qua:
632 3121 845 3167 nostros
885 3112 1094 3165 animos
1142 3119 1390 3178 occupat,
1452 3109 1768 3180 expelleret.
1828 3109 2038 3166 Caetera

467 3204 612 3259 enim
668 3201 922 3258 animalia
975 3210 1222 3257 naturain
1284 3203 1554 3273 propriam
1607 3213 2036 3270 conservarunt;

468 3297 632 3352 homo
676 3311 806 3350 vero
856 3295 1085 3351 mutavit
1135 3306 1384 3350 naturam
1441 3311 1616 3352 suam.
1673 3295 2036 3362 Quamobrem

467 3387 926 3456 quemadmodum
969 3387 1210 3455 jnmenta
1242 3387 1444 3442 homini
1482 3389 1722 3456 subjecta
1757 3399 1883 3444 sunt
1905 3427 1921 3453 ,
1957 3389 2038 3444 sic

469 3472 699 3550 quiaque
732 3478 890 3533 debet
913 3492 1032 3532 esse
1075 3477 1348 3544 subjectus
1395 3480 1640 3546 proximo
1687 3494 1785 3533 suo
1819 3491 2040 3551 propter

469 3567 664 3624 Deum.
702 3569 909 3625 idcirco
950 3568 1095 3624 enim
1131 3568 1391 3625 Dominus
1434 3571 1602 3626 venit.
1637 3567 1794 3636 Vide,
1835 3582 2039 3641 quanto

464 3663 708 3731 jnmenta
751 3670 1005 3732 praestent
1045 3662 1370 3725 hominibus,
1417 3663 1512 3733 qui
1557 3664 1780 3718 scientia
1827 3680 1922 3719 sua
1957 3665 2040 3720 in-

468 3754 738 3807 nituntur.
795 3751 852 3806 Si
898 3752 966 3807 ad
1035 3763 1282 3806 naturam
1341 3768 1514 3807 meam
1575 3753 1752 3808 redire
1793 3757 2036 3821 voluero,

469 3844 921 3914 quemadmodum
970 3843 1216 3916 jumenta
1267 3853 1450 3914 patent
1487 3844 1677 3899 alienze
1721 3846 1987 3900 voluntati
2021 3862 2037 3912 ;

466 3936 547 3992 sic
586 3935 716 3992 mihi
757 3935 1060 3991 faciendum
1089 3936 1220 4000 erit,
1253 3951 1358 3990 non
1393 3937 1566 3992 solum
1600 3952 1722 3992 cum
1754 3937 2039 3994 familiari-

467 4031 590 4094 bus,
616 4027 710 4084 sed
745 4030 907 4084 etiam
935 4043 1058 4083 cum
1087 4029 1415 4083 adversariis
1449 4029 1602 4086 meis.
1635 4029 1757 4086 llaec
1787 4039 1870 4086 est
1894 4032 2037 4087 enim

464 4121 715 4174 voluntas
761 4121 874 4176 Dei.
905 4119 1005 4192 Qui
1050 4120 1258 4175 cellula:
1305 4136 1416 4176 sua:
1446 4122 1629 4190 quiete
1672 4122 1784 4177 vult
1811 4121 1948 4184 frui,
1986 4133 2041 4176 et

468 4212 538 4267 ab
567 4211 786 4268 inimico
828 4227 936 4268 non
964 4213 1230 4281 superari,
1263 4210 1332 4267 ab
1362 4213 1637 4267 hominum
1670 4214 1884 4268 recedat
1913 4229 2040 4270 con-

465 4305 770 4364 suetudine.
800 4320 867 4359 ne
906 4318 1230 4374 quemquam
1275 4303 1538 4373 vituperet
1583 4315 1677 4360 aut
1720 4305 1899 4360 laudet
1946 4317 2037 4359 aut

2147 3143 2251 3199 tur,
2294 3141 2351 3185 et
2383 3133 2488 3186 noli
2532 3131 2752 3196 audire;
2781 3133 2875 3186 sed
2919 3134 2989 3188 ita
3023 3131 3166 3201 iuge,
3200 3142 3256 3186 tit
3295 3148 3414 3202 qua:
3443 3136 3720 3196 dicuntur,

2145 3226 2358 3298 penitus
2384 3225 2743 3280 obliviscare:
2773 3241 2897 3280 nam
2927 3229 2970 3281 si
3006 3228 3134 3296 quid
3165 3227 3424 3280 memoria
3461 3236 3550 3279 tua
3582 3227 3719 3278 resi-

2143 3319 2270 3374 dere
2299 3318 2636 3388 permiseris,
2674 3318 2806 3372 illud
2840 3320 3113 3373 daemones
3155 3319 3378 3373 minime
3413 3319 3721 3387 negligent,

2142 3419 2234 3473 sed
2263 3421 2511 3475 occident
2537 3421 2773 3475 animam
2812 3431 2982 3476 tuam.

2214 3532 2280 3587 V.
2322 3534 2514 3590 idem:
2559 3534 2852 3602 Quantum,
2907 3536 3104 3607 inquit,
3153 3535 3330 3598 video,
3367 3533 3580 3589 lucrum
3607 3571 3622 3593 ,
3669 3541 3722 3585 et

2144 3626 2338 3690 honor,
2370 3637 2426 3681 et
2461 3629 2628 3681 otium
2667 3629 2733 3682 ad
2782 3637 3007 3682 mortem
3042 3644 3212 3698 usque
3247 3627 3524 3682 hominem
3560 3643 3725 3694 oppu-

2142 3726 2330 3785 gnant.
2363 3717 2464 3784 Qui
2496 3717 2631 3772 alios
2663 3718 2888 3774 docendi
2916 3719 3020 3772 sibi
3062 3734 3258 3772 munus
3291 3727 3536 3788 arrogat,
3580 3718 3721 3770 laedit

2142 3812 2376 3866 animam
2409 3825 2584 3877 suam,
2636 3822 2690 3866 et
2729 3813 2852 3866 dum
2887 3813 3192 3882 proximum
3234 3813 3510 3880 corrigere
3552 3813 3720 3881 proti-

2145 3913 2289 3956 tetur
2321 3914 2484 3973 atque
2513 3902 2629 3971 ejus
2658 3904 2875 3958 domum
2902 3906 3196 3965 aediﬁcare,
3229 3904 3330 3958 sibi
3362 3906 3478 3971 ipse
3511 3906 3719 3958 ruinam

2141 4002 2306 4063 atque
2351 3994 2625 4048 interitum
2666 3995 2849 4049 struit.
2883 3994 3029 4050 Cave
3066 4010 3132 4049 ne
3160 3995 3434 4062 peccando
3469 3994 3721 4062 coinqui-

2143 4100 2241 4140 nes
2301 4085 2666 4140 innocentiam
2730 4102 2894 4158 quam
2959 4087 3012 4140 in
3063 4086 3388 4155 baptismate
3437 4086 3720 4154 accepisti.

2142 4176 2351 4230 Etenim
2383 4178 2497 4232 sive
2521 4192 2711 4248 pecces
2741 4180 2792 4231 in
2815 4193 3011 4246 corpus
3042 4187 3210 4240 tuum,
3236 4178 3349 4232 sive
3368 4185 3422 4231 te
3451 4176 3598 4230 furto
3622 4178 3718 4230 ob-

2141 4268 2403 4337 stringas,
2431 4269 2547 4323 sive
2572 4271 2817 4340 cupidius
2848 4270 3052 4339 aliquid
3100 4269 3381 4333 intuearis,
3417 4270 3537 4323 sive
3585 4269 3718 4322 clam

466 4394 682 4450 beatum
736 4359 1102 4465 putet,'nevel
1135 4359 1404 4468 justitiam
1453 4359 1602 4451 suam
1648 4399 1903 4468 praedicet
1942 4411 2034 4454 aut
2068 4371 2114 4431 θ
2142 4361 2416 4468 (inﬁma?
2458 4363 2729 4468 “233"”?
2778 4362 2972 4468 tim?”
3015 4376 3082 4468 "ﬁ
3137 4371 3190 4466 δέ
3235 4359 3717 4468 διίᾳυίῗ,³⁵¹’ί⁰ί²¹δ“

464 4487 775 4555 quempiam
803 4485 1059 4548 offendat,
1099 4487 1192 4538 sed
1221 4486 1322 4540 sibi
1357 4488 1470 4556 ipse
1507 4490 1770 4554 attendat,
1797 4504 1894 4544 nec
1932 4490 2036 4545 ini-

465 4575 591 4630 mici
639 4575 882 4630 aculeum
913 4577 1264 4644 cogitationis
1308 4579 1578 4648 relinquat
1604 4581 1662 4634 in
1705 4585 1864 4637 corde
1912 4597 2030 4637 suo.

464 4664 585 4722 Noli
616 4676 848 4722 mentem
892 4677 1036 4722 tuam
1088 4669 1462 4740 ignorantibus
1508 4673 1739 4742 aperire,
1790 4690 1889 4729 nec
1938 4691 2032 4730 vo-

465 4757 726 4812 luntatem
764 4769 907 4813 tuam
941 4759 1369 4830 imprudentibus
1400 4763 1724 4831 patefacere.
1770 4763 1942 4821 Nosce
1984 4777 2037 4821 te

465 4847 667 4918 ipsum,
701 4859 756 4904 et
790 4866 908 4920 qua:
939 4850 1030 4905 tibi
1073 4852 1378 4921 perniciosa
1409 4865 1554 4920 sunt,
1595 4871 1744 4910 cave.
1774 4857 1875 4925 Qui
1903 4873 2035 4927 pro-

471 4941 588 5012 pria
614 4941 1074 5012 conlisusjustitia
1113 4945 1441 5001 voluntatem
1476 4949 1815 5019 amplectitur
1859 4965 2034 5013 suam,

469 5049 572 5090 nec
625 5035 796 5091 hostis
865 5036 1090 5091 insidias
1129 5036 1365 5108 ell'ugere.
1422 5050 1622 5109 potest,
1667 5057 1769 5096 nec
1793 5044 2032 5112 quietem

467 5127 729 5195 invenire,
766 5143 860 5186 nec
905 5145 1024 5201 qua:
1062 5131 1164 5186 sibi
1195 5133 1389 5186 desunt
1421 5133 1734 5203 intelligere.
1780 5149 1877 5189 nec
1909 5150 2029 5188 cum

463 5234 757 5290 ecorpore
811 5222 1057 5286 discedit,
1117 5224 1541 5281 misericordiam
1609 5230 1845 5296 assequi.
1905 5227 2028 5284 H:ec

465 5327 646 5368 rerum
675 5316 916 5371 nomium
951 5331 1184 5381 snuuna,
1219 5326 1276 5370 ut
1308 5332 1429 5388 spes
1470 5327 1589 5382 tuas
1618 5333 1806 5375 oinnes
1835 5321 1885 5374 in
1917 5322 2026 5376 Deo

463 5407 666 5474 positas
712 5409 932 5472 habeas,
980 5409 1044 5460 ad
1099 5425 1333 5478 eumque
1365 5420 1478 5466 toto
1521 5412 1683 5467 corde
1724 5429 1787 5468 ac
1821 5415 2027 5471 viribus

466 5498 572 5556 Lais
599 5503 897 5570 confugias,
937 5511 992 5556 et
1019 5516 1146 5571 erga
1188 5517 1377 5559 omnes
1405 5505 1713 5561 misericors
1740 5509 1839 5574 sis,
1867 5517 2029 5578 atque

543 5657 592 5691 ⁸⁸
622 5654 757 5711 Luc.
785 5673 940 5723 χχιιι.
969 5658 1057 5714 45.
1132 5660 1199 5694 ⁸¹⁶
1232 5661 1406 5718 Locus
1434 5661 1678 5723 mutilus,

2143 4454 2258 4508 sive
2287 4455 2417 4523 quid
2468 4455 2769 4526 elegantius
2814 4465 2908 4509 aut
2947 4454 3240 4524 pretiosius
3279 4453 3494 4507 occulte
3543 4452 3721 4522 passi.-

2142 4548 2291 4614 deas,
2327 4547 2416 4603 Dei
2464 4547 2655 4605 Filium
2701 4548 2870 4604 amcis
2908 4547 3258 4604 contumelia.
3305 4546 3537 4599 Tantine
3594 4554 3721 4598 sunt

2142 4641 2280 4706 haec,
2317 4640 2534 4712 quidam
2569 4643 2762 4711 inquit,
2797 4657 2832 4698 ο
2877 4642 3073 4698 Pater!
3129 4640 3226 4696 Cui
3255 4640 3342 4694 ille
3389 4636 3664 4705 reSpondit
3699 4652 3714 4692 :

2143 4731 2604 4798 Quemadmodum
2629 4735 2718 4804 qui
2747 4735 2963 4790 defosso
2984 4733 3192 4808 pariete
3220 4729 3498 4804 pecuniam
3534 4727 3722 4782 subri-

2143 4827 2279 4895 puit,
2309 4843 2338 4879 a
2371 4826 2584 4882 diabolo
2615 4827 2872 4896 deceptus
2902 4837 3019 4896 est;
3051 4827 3130 4882 sic
3150 4835 3206 4881 et
3237 4827 3283 4880 is
3317 4825 3406 4895 qni
3439 4823 3544 4878 hoc
3568 4821 3719 4886 facit;

2145 4931 2269 4970 nam
2302 4917 2392 4984 qui
2441 4919 2586 4972 illum
2634 4920 2781 4986 vicit,
2815 4921 2979 4976 vincit
3024 4929 3080 4973 et
3111 4919 3294 4984 hunc;
3321 4927 3375 4970 et
3403 4915 3496 4984 qui
3543 4913 3720 4984 parvis

2146 5007 2198 5062 in
2235 5009 2396 5063 rebus
2433 5010 2684 5075 vincitur,
2747 5011 2800 5064 in
2845 5011 3054 5080 magnis
3101 5012 3266 5064 etiam
3314 5017 3624 5077 superatur.
3665 5002 3717 5056 Si

2144 5102 2287 5170 quis,
2323 5101 2518 5170 inquit,
2559 5101 2785 5156 virtutes
2814 5116 3034 5172 magnas
3063 5101 3254 5156 iecerit
3287 5109 3342 5155 et
3385 5100 3715 5160 curationes,

2142 5217 2196 5260 et
2225 5221 2440 5261 omnem
2473 5207 2751 5262 scientiam
2797 5206 3049 5263 habuerit
3079 5214 3134 5260 et
3187 5211 3432 5258 mortuos
3485 5201 3717 5254 suscita-

2142 5299 2301 5364 verit,
2332 5309 2385 5354 et
2424 5299 2677 5356 alilixerit
2709 5314 2908 5369 corpus
2938 5313 3118 5364 suum,
3159 5296 3357 5349 viderit
3391 5300 3575 5346 autem
3625 5289 3718 5342 ali-

2139 5419 2298 5473 quem
2337 5405 2387 5459 in
2423 5407 2660 5476 peccatis
2691 5405 2944 5458 omnibus
2977 5409 3307 5460 versantem,
3359 5406 3601 5463 eumque
3629 5391 3719 5443 do-

2141 5499 2411 5568 spexcrit,
2443 5515 2505 5556 ea
2537 5499 2672 5556 nihil
2706 5499 2755 5556 ei
2797 5500 3113 5570 proderunt,
3151 5493 3277 5565 quia
3305 5488 3515 5547 Christi
3546 5500 3716 5543 me-
