3968 6210
277 318 416 374 tias
1339 303 1397 360 s.
1439 301 1643 359 lSAlA-Z
1681 301 1973 358 ABBATIS
2011 299 2430 357 omnes-tas.
3410 303 3548 360 “3,

276 445 372 496 bra
411 432 732 500 contemnit,
778 443 949 502 caque
1005 427 1118 499 ipse
1158 425 1394 498 iudicat,
1445 441 1544 482 nec
1604 425 1861 496 rclinquit
1892 435 1937 490 Α
1969 426 2098 480 tiam
2129 423 2423 492 addixisti,
2451 435 2521 476 ne
2540 421 2690 476 sinas
2720 435 2782 476 ea
2812 428 2863 475 te
2902 420 3064 492 alliigi
3109 421 3188 494 (4)
3215 425 3545 494 cognitione.

273 530 482 599 iudicio
514 529 636 589 Dei.

1977 515 2126 584 quasi
2155 521 2399 569 veterum
2442 519 2786 582 peccatorum
2813 512 3026 578 veniam
3066 527 3176 578 non
3217 513 3544 584 impetraris.

351 623 441 676 γι.
479 619 706 678 Dicebat
739 631 838 673 nos
868 629 1062 671 omnes
1106 628 1228 670 esse
1276 622 1533 682 tanquam
1585 613 1637 668 in
1674 610 1868 672 medici
1973 605 2157 677 Neque
2188 619 2408 660 rursum
2437 602 2556 673 ejus
2584 604 2838 662 mandata
2879 613 3222 670 contemnas,
3263 617 3320 662 et
3361 607 3427 663 ad
3457 623 3578 663 ea--

275 712 592 777 oliicina,in
622 726 726 780 qua
763 709 852 765 hic
888 707 1084 774 oculis,
1120 706 1212 762 ille
1245 707 1514 771 manibus,
1545 705 1685 760 alius
1718 706 1872 758 listu-
1972 701 2093 754 dem
2139 705 2360 768 peccata
2408 695 2722 754 revertaris,
2757 695 2840 750 Ad
2887 706 3117 754 mortem
3168 713 3340 768 usque
3391 714 3548 758 serva

278 805 327 858 la
349 845 364 866 ,
401 805 540 859 alius
563 803 671 858 alio
707 802 896 856 morbo
945 799 1188 857 laborat:
1217 812 1450 869 cumque
1478 797 1589 854 sint
1624 795 1869 866 quaedam
1974 791 2153 845 divina
2191 789 2468 854 mandata,
2501 796 2556 843 et
2583 801 2646 842 ea
2683 803 2958 858 nunquam
3000 789 3235 860 despice.
3268 789 3402 846 Cum
3431 809 3549 846 tnu-,-

280 899 506 952 vulnera
539 893 653 964 jam
699 900 917 957 curata,
965 898 1151 945 tamen
1193 890 1297 944 nisi
1333 867 1374 942 av
1394 889 1532 944 cibis
1575 887 1871 944 contrariis
1975 883 2200 938 lieribns
2247 883 2426 939 cibum
2458 896 2525 937 ne
2553 883 2760 952 capias,
2809 898 2910 938 nec
2944 883 3039 943 tibi
3090 898 3210 938 cum
3241 883 3553 955 junioribus
3607 867 3616 876 ⁷

278 994 567 1056 temperes.
597 983 1022 1046 recrudescunt;
1080 979 1162 1035 sic
1189 981 1279 1053 qui
1305 979 1638 1049 paenitentiae
1663 979 1872 1033 incum-
1974 975 2318 1030 familiaritas
2347 974 2672 1029 intercedat.
2715 975 2917 1030 Eodem
2979 976 3031 1031 in
3069 976 3266 1032 lectulo
3301 992 3422 1034 cum
3453 992 3551 1035 ne-

279 1050 532 1146 hit,'cum
567 1075 734 1136 alium
755 1074 966 1145 judicat
1018 1081 1113 1129 aut
1154 1050 1476 1136 contemnit,
1517 1071 1712 1125 animae
1759 1085 1872 1128 suae
1973 1067 2118 1122 mine
2144 1066 2402 1121 dormias.
2432 1064 2508 1123 Te
2539 1065 2713 1136 ipsum
2740 1081 2956 1136 quoque
2983 1067 3106 1121 dum
3138 1067 3287 1124 solus
3314 1084 3394 1132 es,
3421 1069 3548 1125 dum
3603 1050 3640 1115 ξ

281 1176 506 1225 renovat
533 1168 934 1239 aegritudinem.
972 1165 1115 1221 Suus
1149 1166 1312 1236 igitur
1354 1164 1552 1234 cuique
1599 1164 1872 1223 curandus
1976 1159 2176 1223 induis,
2208 1165 2302 1212 ant
2327 1158 2502 1223 exuis,
2545 1171 2815 1219 reverere.
2850 1157 2906 1212 Si
2937 1169 3092 1229 urget
3120 1161 3439 1230 necessitas,
3481 1163 3548 1222 ad
3619 1155 3652 1168 "

279 1270 364 1316 est
404 1262 666 1327 morbus;
697 1273 792 1314 sua
826 1258 1021 1328 cuique
1069 1256 1297 1327 lugenda
1331 1266 1572 1327 peccata,
1622 1270 1728 1310 non
1773 1271 1874 1310 au-
1976 1251 2190 1307 tcrtium
2248 1259 2540 1318 utrumque
2589 1249 2698 1304 vini
2748 1250 3000 1317 poculum
3041 1251 3185 1306 bibe.
3237 1249 3548 1314 Mensuram

285 1362 394 1409 tem
433 1353 534 1409 alii
565 1351 922 1421 despiciendi.
965 1350 1057 1405 Vae
1104 1350 1178 1404 illi
1211 1350 1430 1416 animat,
1463 1364 1584 1420 qttze
1631 1363 1736 1404 non
1774 1347 1872 1404 ab-
1974 1344 2116 1396 hanc
2163 1341 2414 1397 amicitia:
2465 1340 2642 1410 gratia
2697 1340 2970 1396 transilias
3007 1355 3160 1395 cave.
3193 1340 3331 1396 Eum
3367 1357 3435 1396 ne
3471 1341 3554 1396 in-

282 1446 470 1510 horret
499 1445 566 1497 ab
597 1443 744 1498 omni
790 1441 1052 1512 peccato!
1088 1439 1225 1494 Cum
1259 1448 1405 1494 esset
1439 1438 1668 1510 populus
1705 1439 1872 1498 lsrael
1973 1435 2122 1490 colas
2155 1433 2356 1498 locum,
2398 1432 2490 1488 tibi
2523 1432 2796 1503 peccando
2823 1432 2988 1493 Deum
3011 1431 3309 1496 otl'endisti,
3335 1433 3553 1490 Oratio-

283 1531 337 1588 in
370 1529 649 1601 Egypto,
690 1528 904 1586 abunde
930 1528 1164 1583 edebant
1206 1538 1259 1582 et
1294 1528 1573 1595 bibebant,
1612 1529 1708 1583 sed
1751 1543 1875 1598 pre-
1973 1524 2058 1579 nis
2087 1523 2325 1580 studium
2370 1523 2480 1587 noli
2532 1523 2828 1592 remittere,
2875 1539 2943 1578 ne
2993 1524 3202 1588 incidas
3250 1526 3305 1584 in
3360 1540 3554 1582 manus

283 1621 572 1677 mebantnr
599 1619 904 1680 Pharaonis
955 1618 1256 1689 servitute;
1313 1629 1370 1674 at
1416 1633 1538 1674 cum
1580 1619 1724 1675 Deus
1761 1618 1872 1676 illis
1972 1614 2316 1673 inimicorum
2353 1623 2588 1671 tuorum.
2644 1613 2977 1670 Psalmorutn
3025 1615 3277 1672 incumbe
3329 1617 3551 1675 medita-

283 1712 434 1768 misit
479 1710 736 1766 auxilium
770 1724 869 1780 per
902 1708 1126 1774 Mosem,
1181 1718 1241 1763 ut
1287 1725 1314 1764 a
1355 1709 1624 1769 servitute
1672 1709 1871 1765 libera-
1972 1705 2134 1773 tioni;
2168 1720 2230 1760 ea
2276 1706 2419 1761 enim
2461 1714 2514 1762 te
2560 1705 2613 1760 in
2652 1705 2961 1761 innocentia
2991 1708 3308 1762 continebit.
3340 1707 3551 1777 Corpo-

283 1813 495 1867 rentnr,
526 1811 652 1856 tunc
686 1801 961 1866 laboribus
1007 1799 1191 1864 amicti
1222 1811 1372 1864 sunt,
1399 1815 1503 1863 nec
1539 1801 1695 1870 prius
1722 1799 1870 1871 Moy-
1904 1795 1947 1851 Β
1983 1799 2059 1853 ris
2111 1797 2430 1858 aﬂlictiones
2480 1799 2832 1870 amplectere,
2881 1809 2938 1854 et
2985 1800 3112 1855 vitia
3165 1801 3550 1871 reprimentur.

289 1906 382 1947 ses
416 1890 660 1946 conlisus
690 1899 793 1955 est,
824 1889 1073 1959 quamvis
1103 1888 1318 1956 Pharao
1350 1889 1517 1944 variis
1551 1888 1725 1958 plagis
1756 1887 1874 1942 alii:
1979 1887 2056 1944 Ne
2087 1904 2192 1961 qua
2242 1889 2296 1944 in
2330 1905 2391 1945 re
2423 1888 2518 1944 tibi
2567 1891 2783 1958 placeas
2813 1906 2964 1947 cave.
2997 1891 3232 1960 Peccata
3274 1900 3365 1947 tua
3414 1893 3554 1949 assi-

282 1994 523 2046 ceretur,
553 1997 716 2052 quam
753 1991 962 2050 tempus
997 1980 1125 2036 illud
1151 1981 1390 2043 advenit.
1417 1997 1538 2035 cum
1570 1981 1712 2036 Dens
1735 1979 1873 2035 dixit
1977 1981 2084 2043 due
2121 1979 2276 2042 delle.
2304 1982 2346 2038 A
2385 1982 2664 2039 mendacio
2697 1982 2962 2050 abhorre;
3009 1983 3241 2052 expellet
3285 1984 3429 2039 enim
3457 1985 3556 2044 abs

282 2071 361 2129 illi
390 2091 406 2130 :
443 2073 627 2127 Adhuc
654 2088 760 2132 una
792 2082 953 2127 restat
979 2073 1157 2141 plaga,
1194 2082 1246 2134 et
1289 2089 1412 2127 mea:
1448 2071 1667 2136 Pharao
1703 2074 1880 2128 dimite
1980 2083 2034 2127 te
2063 2073 2314 2130 timorem
2357 2071 2474 2130 Dei.
2515 2073 2882 2144 Cogitationes
2911 2084 3030 2130 tuas
3061 2075 3114 2128 in
3162 2077 3403 2130 omnium
3431 2091 3556 2131 con-

280 2177 353 2223 ιιι
378 2168 629 2238 populum
671 2183 864 2230 meum.
896 2165 1226 2236 Inter/icium
1268 2171 1405 2226 enim
1435 2183 1588 2230 omne
1618 2168 1877 2238 primoge-
1976 2176 2162 2242 spectu
2206 2179 2274 2221 ne
2304 2167 2589 2234 retexeris,
2613 2156 2957 2235 ne'proximo
2983 2177 3074 2226 tuo
3098 2167 3175 2224 sis
3206 2166 3553 2225 oli‘endiculo.

283 2261 474 2317 nilum.
517 2258 583 2312 Et
611 2258 744 2314 dixit
779 2258 923 2313 Deus
963 2259 1031 2312 ad
1075 2257 1320 2322 Hostem:
1364 2258 1518 2319 Dices
1549 2260 1691 2316 οηιηί
1714 2259 1874 2326 plebi,
1977 2257 2139 2328 Aperi
2166 2257 2524 2328 cogitationes
2555 2267 2674 2314 tuas
2713 2259 2959 2328 patribus
2987 2259 3120 2324 tuis,
3159 2269 3219 2314 ut
3258 2261 3430 2331 gratia
3460 2261 3554 2320 Dei

284 2361 342 2406 ut
365 2349 591 2419 postulet
623 2350 702 2404 vir
736 2351 803 2403 ab
839 2351 1010 2403 amico
1042 2366 1160 2417 suo,
1191 2361 1238 2403 et
1278 2351 1472 2404 mulier
1499 2366 1527 2402 ε
1568 2350 1742 2404 vicina
1779 2365 1878 2404 sua
1983 2356 2036 2402 te
2067 2355 2331 2418 protegat.
2365 2347 2420 2401 In
2465 2362 2630 2418 opere
2660 2357 2715 2402 et
2747 2348 2936 2408 labore
2968 2362 3160 2405 manus
3184 2355 3312 2404 tuas
3335 2364 3552 2425 exerce,

284 2458 414 2504 uasa
462 2452 709 2513 argentea
753 2452 798 2496 et
855 2458 1049 2505 aurea,
1112 2451 1403 2512 vestemque
1462 2441 1748 2511 plurimam
1805 2443 1873 2495 ⁵⁸.
1979 2443 2033 2490 et
2065 2437 2227 2490 timor
2252 2435 2347 2498 Dei
2382 2446 2555 2492 tecum
2597 2437 2879 2498 habitabit.
2923 2436 2981 2495 Si
3022 2438 3210 2494 fratris
3243 2440 3320 2494 tui
3357 2455 3555 2508 peccas

291 2531 518 2588 Dicebat
549 2531 712 2599 igitur
751 2546 809 2586 se
835 2545 865 2584 ιι
893 2531 1203 2586 senioribus
1231 2532 1505 2588 audivisse
1532 2547 1661 2587 vasa
1680 2547 1876 2603 argent-
1987 2534 2099 2587 tttm
2125 2525 2324 2586 videris
2354 2541 2460 2584 non
2494 2527 2560 2582 ad
2598 2537 2828 2583 mortem
2857 2527 2940 2595 ",
2971 2543 3094 2584 eum
3123 2544 3189 2585 ne
3219 2531 3553 2602 despexeris,

293 2633 404 2688 tea,
433 2631 487 2677 et
511 2635 700 2692 aurea,
726 2638 791 2678 ac
820 2631 1028 2685 vestem
1063 2638 1255 2682 sensus
1284 2624 1614 2695 signiﬁcare,
1643 2625 1732 2697 qui
1775 2625 1879 2680 ini.-
1982 2631 2052 2673 ne
2087 2618 2294 2674 incidas
2337 2619 2390 2674 in
2435 2634 2627 2680 manus
2670 2619 2872 2680 inimici
2905 2621 3005 2681 tui.
3064 2620 3264 2676 Eorum
3318 2621 3396 2693 (5)
3435 2637 3556 2693 qua:

295 2717 440 2770 mico
465 2715 804 2770 deserviunt.
845 2713 996 2784 Quos
1028 2715 1192 2772 homo
1221 2717 1322 2772 nisi
1350 2718 1418 2774 ab
1449 2718 1670 2774 inimico
1698 2727 1882 2775 extor-
1983 2710 2248 2766 admisisti
2289 2712 2546 2768 memoria
2580 2726 2646 2766 Iw
2675 2711 2968 2780 delectare.
3017 2728 3086 2779 με
3133 2724 3460 2780 renoventur
3501 2717 3554 2777 in

290 2806 449 2869 serit.
476 2805 774 2874 feceritque
803 2814 864 2860 ut
898 2808 1139 2868 fructum
1170 2805 1403 2865 ati‘erant
1430 2808 1561 2873 Deo,
1596 2809 1664 2864 ad
1694 2825 1879 2866 veram
1982 2809 2039 2859 te
2067 2815 2286 2872 peccata
2317 2811 2426 2871 tina,

292 2899 528 2970 quietem
569 2899 859 2968 pervenire
909 2915 1016 2955 non
1049 2909 1244 2970 potest.
1293 2901 1725 2959 Tabernaculum
1771 2918 1878 2960 non
2057 2893 2121 2958 ll-
2155 2893 2525 2951 Humilitatem
2555 2895 2902 2968 amplectere,
2926 2904 2982 2951 et
3018 2906 3263 2970 proteget
3299 2908 3350 2955 te
3379 2914 3407 2952 a
3435 2914 3560 2969 pec;-

291 2989 639 3044 obumbravit
669 2989 829 3059 Deus,
845 2989 1023 3049 quoad
1056 2989 1432 3064 imperfectum
1463 2991 1589 3060 fuit,
1622 2995 1718 3054 sed
1745 3009 1870 3050 cum
1988 2987 2126 3042 catis
2164 2989 2292 3043 tuis.
2336 2987 2455 3043 Noli
2510 3003 2631 3044 esse
2671 2989 3067 3055 contentiosus,
3101 3005 3168 3045 ne
3197 2991 3373 3045 omnis
3423 2993 3474 3045 in
3510 3004 3562 3048 te

293 3089 442 3136 esset
494 3079 826 3148 absolutum,
892 3091 1018 3137 tunc
1081 3082 1210 3137 illud
1268 3084 1634 3139 obumbravit.
1685 3085 1794 3144 Sic-
1825 3095 1882 3142 et
1913 3143 1954 3156 _
1989 3079 2200 3142 habitet
2244 3081 2581 3156 improbitas.
2613 3079 2692 3139 hic
2723 3082 2799 3137 sis
2843 3083 2982 3152 apud
3036 3083 3374 3154 temetipsum
3427 3099 3561 3152 prns-

297 3170 554 3242 templum
615 3171 810 3226 nebula
875 3186 982 3227 non
1035 3172 1416 3237 obumbravit,
1497 3175 1737 3245 quandiu
1803 3175 1878 3232 illi
1907 3143 1954 3206 ο
1985 3172 2144 3242 dens,
2175 3187 2242 3227 ne
2268 3143 2473 3232 incidas
2500 3174 2554 3237 in
2586 3189 2778 3233 manus
2807 3175 3146 3242 inimicorum
3190 3143 3422 3240 tuorum.
3455 3176 3563 3231 Cor

297 3263 590 3335 quidquam
645 3263 848 3332 deluit;
891 3273 948 3318 at
997 3263 1085 3319 ubi
1141 3263 1440 3334 perfectum
1491 3267 1631 3332 t'uit,
1698 3267 1881 3322 oblata
1987 3272 2138 3322 tuum
2181 3265 2401 3331 inclina,
2435 3274 2495 3320 ut
2545 3266 2782 3322 libenter
2811 3266 3302 3332 obediatPatrihus
3332 3270 3468 3332 tuis;
3509 3279 3563 3326 et

301 3367 428 3413 sunt
466 3356 802 3422 holocausta,
835 3367 896 3412 et
933 3357 1194 3413 odoratus
1215 3366 1300 3413 est
1333 3357 1476 3414 Dens
1504 3359 1724 3416 odorem
1753 3374 1883 3418 sua-
1985 3359 2156 3428 gratia
2191 3357 2282 3416 Dei
2328 3359 2595 3414 habitabit
2652 3360 2704 3416 in
2746 3370 2816 3416 te.
2851 3359 3114 3431 Linguam
3147 3373 3291 3419 tuam
3317 3361 3561 3419 assuefae

301 3451 502 3505 vitatis.
537 3449 648 3509 Nisi
699 3449 862 3505 homo
903 3464 969 3509 ex
1007 3449 1134 3507 totis
1161 3449 1368 3510 viribus
1409 3449 1526 3509 suis
1570 3459 1627 3509 et
1673 3466 1739 3510 ex
1771 3462 1882 3509 tora
1982 3453 2096 3506 cito
2150 3461 2209 3508 ut
2261 3454 2408 3509 dicat
2443 3470 2458 3507 :
2491 3453 2564 3508 Da
2599 3453 2727 3509 mihi
2775 3454 3010 3519 veniam,
3052 3455 3270 3526 ignOSce
3308 3454 3474 3522 mihi;
3511 3463 3564 3510 et

302 3551 486 3597 mente
513 3557 609 3596 sua
655 3539 821 3596 Deum
855 3541 1127 3609 dilexerit,
1184 3541 1344 3611 eique
1397 3551 1510 3597 toto
1556 3545 1720 3598 corde
1754 3559 1885 3598 coa-
1987 3543 2261 3605 humilitas
2308 3547 2372 3605 ad
2415 3555 2464 3601 te
2495 3546 2693 3604 veniet.
2734 3545 2867 3602 Dum
2903 3546 3112 3602 resides
3161 3546 3215 3610 in
3257 3547 3397 3605 cella
3446 3556 3558 3615 tua,

297 3635 520 3706 junctus
550 3633 732 3701 fuerit,
781 3648 947 3704 super
971 3648 1096 3690 eum
1130 3632 1272 3686 Deus
1307 3649 1416 3689 non
1466 3635 1782 3701 requiescit.
1824 3635 1884 3690 Si
1987 3635 2071 3701 his
2103 3637 2276 3696 tribus
2313 3637 2528 3695 assidue
2562 3652 2712 3702 vaca,
2748 3639 3004 3703 orationi,
3034 3637 3367 3702 meditationi
3395 3648 3454 3692 et
3483 3637 3564 3692 la-

301 3741 481 3792 tuens,
513 3725 706 3797 inquit,
737 3735 1027 3798 antequam
1055 3739 1246 3781 sensus
1274 3724 1479 3786 domet,
1510 3724 1639 3778 velit
1675 3725 1729 3782 in
1758 3740 1884 3779 cru-
1985 3725 2103 3788 bori
2141 3743 2397 3794 manuum
2453 3737 2686 3784 tuarum.
2727 3726 2806 3781 lta
2860 3731 3000 3789 vive.
3042 3736 3100 3780 ut
3145 3728 3190 3781 si
3238 3727 3381 3781 diem
3432 3741 3564 3794 agas

302 3833 419 3873 cem
447 3819 835 3882 conscendere,
861 3825 1122 3887 provocat
1149 3817 1284 3870 iram
1322 3815 1439 3871 Dei.
1470 3814 1605 3874 Rem
1639 3816 1784 3872 enim
1813 3817 1887 3875 vi-
1987 3818 2228 3887 quotidie
2273 3819 2548 3881 ultimum,
2575 3828 2631 3872 et
2668 3834 2774 3876 non
2824 3818 3096 3888 peccabis.
3135 3817 3320 3873 Ventri
3349 3817 3430 3889 (6)
3453 3822 3564 3889 noli

301 3909 452 3964 ribus
482 3911 597 3965 suis
629 3909 891 3978 majorem
921 3907 1256 3980 aggreditur.
1309 3907 1367 3964 Si
1403 3905 1557 3968 malae
1585 3917 1639 3964 te
1680 3908 1886 3979 cogita-
1987 3909 2290 3980 indulgere,
2319 3924 2386 3964 ne
2417 3909 2648 3978 pristina
2681 3909 2735 3964 in
2773 3917 2824 3964 te
2860 3919 3080 3978 peccata
3128 3921 3477 3965 renoventur.
3507 3911 3562 3978 ln

304 4003 480 4056 tiones
523 4000 898 4070 coinquinant,
946 4008 1002 4056 tu
1051 4009 1232 4058 autem
1271 4013 1376 4058 non
1409 3999 1560 4055 doles
1609 4000 1662 4054 in
1719 4001 1886 4056 corde
1986 4000 2135 4054 omni
2171 4001 2287 4060 loco
2311 4008 2476 4069 atque
2498 4014 2664 4070 opere
2694 4001 2954 4056 desidiam
2987 4001 3119 4067 vita,
3158 4015 3227 4066 ne
3275 4011 3330 4070 te
3357 4002 3562 4070 inimici

301 4103 416 4159 tuo,
464 4091 561 4149 sed
618 4091 770 4148 loves
805 4107 868 4150 ca
924 4096 1068 4148 unde
1133 4091 1586 4163 proﬁciscuntur,
1643 4101 1882 4148 veterem
1985 4093 2068 4148 vis
2110 4092 2402 4162 opprimat.
2443 4091 2572 4163 Quae
2615 4091 2704 4146 Dei
2747 4101 2876 4146 sunt
2919 4091 3136 4146 assidue
3182 4091 3467 4162 meditare,
3512 4103 3563 4147 et

302 4185 474 4240 Adam
519 4184 774 4240 imitaris.
815 4184 873 4242 Si
924 4185 977 4240 in
1017 4184 1146 4240 illud
1187 4185 1428 4240 studium
1475 4185 1767 4252 incumbis,
1826 4195 1886 4244 ut
1987 4185 2130 4240 Deus
2161 4185 2212 4238 in
2253 4192 2306 4238 te
2333 4183 2656 4253 requiescet.
2692 4183 3154 4264 Quemadmodum
3190 4184 3385 4251 domus
3403 4195 3562 4248 extra

302 4287 583 4351 peccatum
609 4291 858 4347 superes,
891 4286 944 4333 te
976 4277 1151 4347 ipsum
1189 4275 1454 4349 adligens,
1491 4285 1546 4332 et
1576 4293 1765 4334 omnes
1802 4294 1886 4335 re-
1986 4275 2263 4340 CiVitallem
2294 4277 2492 4339 diruta,
2525 4274 2587 4343 lit
2629 4277 2776 4334 locus
2811 4274 3060 4342 fetidus;
3095 4277 3176 4332 sic
3215 4277 3392 4344 anima
3425 4280 3562 4349 pigri

306 4385 529 4426 movens
557 4361 897 4430 occasion‘es.
922 4381 976 4424 et
1013 4370 1102 4423 Dei
1139 4384 1296 4440 opem
1333 4370 1630 4440 implorans
1660 4390 1676 4428 :
1728 4369 1842 4434 Tua
1863 4411 1880 4440 ,
1988 4367 2245 4430 monachi
2279 4367 2532 4430 vitiorum
2565 4369 2623 4422 lit
2651 4366 3007 4434 domicilium.
3039 4367 3288 4434 Orationi
3319 4384 3441 4426 cum
3483 4370 3566 4425 la-

304 4461 585 4532 inqniens,
621 4461 866 4526 Domine.
904 4469 991 4516 est
1009 4461 1408 4528 misericordia,
1439 4473 1499 4517 ut
1532 4464 1730 4522 liberes
1759 4479 1880 4529 me;
1913 4483 1960 4546 ι)
1987 4461 2190 4538 crymis
2231 4459 2503 4528 incumbe.
2540 4469 2600 4514 υι
2643 4459 2739 4522 Dei
2783 4459 3155 4526 misericordia
3189 4472 3423 4526 veterem
3469 4463 3565 4517 ho-

299 4567 404 4624 ,ego
429 4554 573 4607 enim
613 4552 731 4612 sine
756 4551 960 4612 auxilio
992 4561 1084 4608 tuo
1121 4568 1313 4616 manus
1358 4555 1702 4618 inimicorum
1738 4571 1887 4611 meo-
1989 4553 2188 4608 minem
2221 4553 2460 4624 peccatis
2491 4562 2748 4618 onustum
2781 4564 2966 4620 exuat.
3012 4554 3193 4626 Labor
3213 4556 3322 4628 ,(7),
3351 4565 3400 4611 et
3432 4572 3566 4627 pan-

301 4657 425 4698 rum
453 4641 693 4711 etingere
743 4656 988 4712 nequeo;
1029 4641 1074 4696 si
1110 4641 1227 4698 haec
1281 4642 1438 4710 facis,
1492 4652 1548 4699 et
1595 4643 1887 4712 diligenter
1982 4656 2186 4717 pertas,
2225 4656 2281 4701 et
2315 4646 2678 4717 hospitalitas,
2717 4656 2773 4711 et
2819 4646 3055 4716 elliictio,
3079 4656 3134 4710 et
3161 4629 3434 4713 silentium
3468 4664 3567 4717 pa-

302 4747 524 4801 operam
566 4733 664 4788 das
712 4747 781 4789 ne
824 4730 1067 4795 oﬂendas
1097 4747 1191 4788 eos
1243 4733 1335 4802 qui
1387 4733 1444 4789 in
1500 4742 1552 4788 te
1585 4734 1884 4789 secundum
1985 4739 2132 4792 riunt
2158 4739 2544 4799 humilitatem.
2573 4738 2865 4804 Humilitas
2895 4753 3023 4794 vero
3056 4739 3268 4804 veniam
3307 4740 3564 4809 impetrat

303 4823 763 4886 Denmerudiunt,
788 4820 917 4879 Jesn
937 4833 1189 4888 naturam
1209 4821 1462 4885 imitaris.
1479 4823 1677 4894 Etipse
1698 4833 1885 4882 custo-
1980 4828 2224 4892 omnium
2266 4838 2636 4900 peccatorum.
2667 4827 2854 4892 Potest
2883 4837 3064 4882 autem
3113 4828 3328 4893 Domini
3369 4840 3424 4883 et
3466 4829 3562 4885 Dei

300 4917 414 4971 diet
447 4925 498 4970 te
544 4918 613 4970 ab
644 4915 792 4970 omni
827 4914 988 4969 malo.
1023 4915 1288 4990 Quoniam
1337 4913 1453 4982 ejus
1501 4922 1586 4977 est
1629 4913 1797 4986 gloria
1831 4924 1888 4970 et
1984 4922 2152 4974 nostri
2193 4921 2500 4990 benignitas
2543 4935 2645 4984 nos
2693 4920 2766 4975 ita
2805 4920 3185 4988 corroborare,
3217 4933 3274 4976 ιιι
3313 4923 3562 4978 volunta-

300 5007 590 5078 imperiutn
621 5006 675 5065 in
699 5005 892 5063 sarcula
923 5005 1265 5072 saeculorum,
1299 5005 1496 5069 Amen.
1981 5020 2089 5066 tem
2124 5011 2295 5081 ipsius
2331 5019 2688 5081 agnoscentes
2728 5026 2793 5071 ac
2824 5012 3108 5078 iacientes,
3131 5013 3563 5070 misericordiam

888 5117 1150 5179 οιςΑτιο
1210 5117 1301 5177 ιχ,
1982 5101 2324 5157 inveniamus
2343 5118 2467 5162 cum
2503 5103 2758 5158 omnibus
2789 5105 2997 5167 sanctis
3021 5105 3114 5182 qui
3144 5107 3414 5175 mandatis
3445 5108 3562 5180 ejus

584 5212 667 5266 Ad
704 5228 792 5267 eos
831 5213 920 5281 qui
957 5211 1156 5270 mundo
1202 5211 1592 5265 renuntiarunt.
1983 5196 2151 5250 Obtelt

1102 5211 1156 5270 ιο
1202 5211 1592 5265 renuntiarunt,
1983 5196 2447 5268 obtemperarunt.
2476 5195 2669 5260 Amen.

370 5302 413 5368 ι.
455 5303 513 5362 Si
542 5305 748 5360 mundo
773 5305 1128 5370 renuntiasti,
1168 5312 1332 5382 teque
1359 5303 1469 5369 Deo
1495 5319 1591 5372 per
1615 5303 1886 5380 pta-uitem-

372 5489 420 5522 ⁸³
461 5487 632 5545 Exod.
665 5504 720 5544 xl
744 5529 760 5556 ,
793 5487 848 5556 Ι,
878 5486 933 5541 2.
1011 5486 1057 5518 “
1083 5485 1100 5541 1
1125 5483 1280 5542 Joan.
1306 5502 1356 5552 v,
1383 5485 1472 5542 £6.

369 5647 448 5716 (ὁ)
487 5645 816 5715 Cognitione.
847 5645 929 5716 An
973 5643 1347 5716 cogitationefg
1446 5713 1457 5716 _
1771 5714 1783 5716 _
2041 5642 2121 5716 (ρ)
2159 5639 2362 5716 γέων-ἱ.
2389 5651 2494 5697 etc.
2518 5640 2706 5716 Graeca
2732 5639 2870 5716 infra
2975 5653 3052 5704 c.,
3078 5639 3282 5716 cap.

362 5712 448 5785 (5)
485 5712 702 5782 Eorum,
733 5728 835 5770 etc.
867 5712 1052 5774 Graeca
1077 5717 1242 5770 habes
1271 5714 1408 5770 intra
1446 5713 1482 5769 l.
1513 5730 1587 5780 c.,
1613 5729 1733 5786 cap.
1758 5714 1811 5772 6.
2049 5713 2127 5781 t7)
2163 5712 2350 5780 Labor,
2379 5723 2482 5768 etc.
2510 5714 2696 5767 (ira-ca
2731 5713 2866 5765 intra
2893 5713 2927 5764 Ι.
2961 5726 3038 5775 c.,
3069 5726 3189 5779 cap.
3213 5712 3270 5766 8.
