3968 6210
385 135 531 196 N35

989 252 1246 341 ORATIO
1287 252 1354 307 x.

893 343 1147 416 Ejusdem
1187 345 1503 414 argumenti.

461 434 670 491 Sancto
694 433 861 489 Petro
891 433 1138 503 apostolo
1173 431 1315 487 Deus
1347 432 1604 494 ostendit,
1640 430 1843 485 nullum
1880 429 1970 484 de-

390 526 520 581 bere
549 538 901 580 communem
932 531 1025 576 aut
1084 523 1419 578 immundum
1468 522 1741 578 hominem
1782 520 1972 576 existi-

390 619 531 675 mari
558 618 624 673 ⁸⁸.
656 617 820 686 Cujus
858 616 1114 671 mundum
1137 626 1228 672 est
1257 631 1370 680 cor,
1401 615 1449 672 is
1493 630 1685 670 omnes
1719 615 1975 670 homines

302 710 308 717 ’
395 710 629 766 mundos
676 708 987 774 existimat;
1019 717 1074 762 at
1124 707 1215 778 qui
1263 708 1416 764 vitiis
1453 722 1548 763 cor
1584 708 1746 763 habet
1791 707 1973 778 inqui-

395 809 610 865 natum,
651 800 696 854 is
735 798 1009 854 neminem
1035 798 1295 853 mundum
1333 805 1509 868 putat,
1537 797 1633 853 sed
1662 797 1744 852 sui
1773 797 1976 853 similes

394 906 586 948 omnes
614 891 941 947 arbitratur:
979 891 1121 962 quod
1146 890 1192 945 si
1215 889 1340 960 quis
1365 888 1561 945 dixerit
1594 888 1827 959 aliquem
1850 903 1977 945 esse

394 985 573 1038 virum
614 983 838 1047 bonum,
867 983 1048 1037 statim
1088 980 1343 1036 irascitur
1378 980 1430 1035 in
1467 981 1629 1036 corde
1657 997 1774 1037 suo.
1807 980 1978 1035 Cave-

396 1085 450 1130 te
477 1075 639 1148 igitur
673 1089 740 1128 ne
781 1075 1090 1143 quempiam
1131 1082 1224 1127 aut
1251 1081 1437 1143 aperte
1466 1082 1559 1127 aut
1592 1072 1645 1127 in
1676 1073 1855 1127 animo
1881 1088 1978 1125 ve-

396 1177 512 1225 stro
552 1165 893 1236 vituperetis.
945 1164 1157 1232 Quanto
1223 1179 1283 1220 se
1342 1165 1574 1234 quisque
1619 1154 1980 1234 negligentius

394 1258 666 1329 explorat,
703 1266 857 1313 tanto
898 1270 957 1311 se
998 1255 1205 1324 judicat
1243 1255 1559 1311 amiciorem
1615 1253 1731 1310 Dei.
1776 1253 1846 1308 At
1886 1255 1978 1325 qui

396 1350 576 1407 studet
603 1363 663 1406 se
682 1364 711 1403 a
735 1349 882 1403 vitiis
907 1356 960 1403 et
981 1348 1481 1418 perturbationibus
1502 1361 1825 1416 expurgare,
1857 1361 1977 1400 eru-

397 1443 571 1500 bescit
606 1442 660 1497 in
697 1442 897 1497 cmlum
947 1440 1137 1495 tollere
1179 1440 1367 1495 oculos
1419 1455 1546 1495 suos
1586 1440 1641 1494 in
1688 1448 1980 1509 conspectu

397 1532 495 1591 Dei
525 1553 536 1588 :
565 1548 626 1590 se
651 1533 795 1590 enim
824 1532 1081 1603 perspicit
1112 1532 1178 1587 ab
1217 1532 1311 1586 illo
1341 1532 1532 1587 abesse
1570 1547 1733 1607 quam
1784 1531 1985 1602 longis-

1492 135 1760 194 PATRES
1804 126 2101 192 ᾹΞΟἺΡΤΠ
2141 132 2411 192 SAECULI
2452 135 2539 190 IV.

2005 256 2051 312 Α
2080 266 2198 307 esse
2217 252 2521 317 minimum,
2551 248 2787 306 ostendit
2809 247 3173 303 humilitatem
3193 246 3345 302 nobis
3368 262 3495 305 esse
3518 266 3681 304 com-

3529 132 3680 191 H36

2080 342 2448 412 plectendum,
2509 351 2567 395 ut
2613 339 3029 395 mansuetudine
3077 346 3132 393 et
3182 338 3446 408 patientia
3513 339 3681 395 nobis

2078 447 2267 488 omnes
2292 432 2539 486 homines
2569 441 2981 498 anteponamus.
3011 427 3203 482 Rubor
3226 428 3278 481 in
3309 442 3375 483 eo
3407 443 3679 483 verecun-

2078 522 2222 578 diam
2260 521 2531 596 signiﬁcat
2549 530 2602 575 et
2627 520 2955 585 castitatem,
2984 527 3042 571 nt
3065 516 3268 572 nullum
3294 518 3347 572 in
3376 532 3552 572 carne
3577 533 3679 572 no-

2080 621 2193 667 stra
2239 613 2479 669 dedecus
2518 612 2886 667 admittamus.
2936 608 3098 662 Acris
3141 609 3309 679 ineo
3349 608 3432 661 vis
3469 608 3683 662 indicat

2085 702 2270 757 odium
2301 702 2560 756 adversus
2592 702 2722 755 vitia
2754 709 2811 754 et
2842 698 3025 752 mundi
3062 698 3350 751 vanitates.
3380 698 3549 763 Quod
3583 712 3682 749 au-

2084 799 2190 845 tem
2228 791 2309 846 vis
2348 790 2467 861 ejus
2506 805 2609 844 non
2652 798 2817 858 patet,
2851 789 2952 841 nisi
3008 796 3272 840 tractetur
3319 795 3376 841 et
3426 797 3682 840 contera-

2085 891 2193 950 tur,
2227 883 2563 938 demonstrat
2605 881 2737 935 nihil
2792 880 3049 933 virtutem
3096 878 3376 948 prodesse,
3433 877 3544 931 nisi
3611 878 3684 930 la-

2085 974 2217 1028 bore
2259 985 2422 1044 atque
2458 990 2555 1027 usu
2601 984 2656 1028 et
2702 971 3095 1027 exercitatione
3145 970 3288 1025 actio
3340 970 3579 1040 prodeat
3627 980 3685 1025 et

2086 1076 2468 1136 consequatur.
2507 1064 2661 1119 Valet
2691 1064 2853 1118 etiam
2887 1063 2953 1116 ad
2984 1076 3211 1130 corpora
3244 1063 3575 1125 condienda,
3614 1077 3683 1116 ne

2087 1167 2411 1229 putrescant
2434 1166 2526 1210 aut
2549 1156 2794 1210 l‘uatcant.
2833 1154 2944 1208 lIoc
2971 1153 3137 1223 igitur
3159 1154 3388 1223 granqu
3422 1158 3571 1222 quod
3597 1144 3683 1208 re;

2089 1266 2193 1321 gno
2216 1248 2478 1304 caelorum
2503 1258 2584 1304 est
2614 1248 2814 1315 simile,
2839 1247 2982 1317 quod
3005 1245 3253 1300 Christus
3285 1255 3391 1312 est,
3429 1248 3681 1299 volunta-

2089 1349 2175 1394 tes
2204 1348 2435 1409 ‘nostras
2491 1338 2697 1392 solutas
2733 1351 2796 1390 ac
2842 1345 3086 1390 mortuas
3115 1350 3571 1405 consperganms,
3607 1352 3675 1392 ne

2089 1441 2403 1502 putrescant
2425 1439 2481 1484 et
2531 1428 2804 1483 vermibus
2837 1435 3105 1482 scateant.
3143 1428 3351 1481 Idcirco
3383 1420 3547 1481 enim
3573 1428 3681 1481 Do—

2091 1526 2273 1578 minus
2312 1523 2471 1578 .lesus
2509 1520 2686 1576 factus
2719 1532 2802 1576 est
2824 1522 3007 1586 homo,
3041 1535 3106 1576 ne
3139 1520 3356 1575 solliciti
3390 1520 3584 1586 simus,
3614 1535 3684 1591 ne

398 1626 558 1682 sime.
590 1625 767 1681 Ilomo
803 1625 1023 1696 quidam
1059 1623 1194 1679 duos
1239 1638 1430 1679 servos
1460 1625 1719 1691 habebat,
1751 1635 1805 1679 et
1836 1623 1983 1678 misit
2016 1615 2060 1670 Β
2089 1618 2271 1673 mundi
2321 1617 2467 1671 curis
2508 1614 2898 1677 distrahamur,
2956 1613 3051 1667 scd
3103 1612 3279 1683 ipsum
3333 1626 3434 1682 pro
3475 1612 3683 1665 viribus

398 1733 495 1775 eos
532 1718 589 1773 in
638 1732 828 1788 agrum
879 1732 1057 1782 Struit),
1084 1727 1145 1771 ut
1182 1724 1450 1771 meterent
1506 1716 1763 1782 triticum,
1788 1714 1984 1784 jussit-

320 1819 327 1826 '
401 1824 528 1879 que,
574 1817 634 1863 ut
671 1819 896 1878 septena
939 1806 1138 1877 singuli
1192 1822 1300 1861 una
1340 1807 1426 1861 die
1469 1805 1661 1878 jugera
1696 1813 1982 1860 meterent.

400 1898 555 1954 Alter
581 1899 820 1969 ipsorum
850 1897 977 1952 totis
998 1897 1208 1951 viribus
1237 1911 1460 1968 operam
1489 1898 1659 1964 dedit,
1690 1906 1751 1950 ut
1782 1895 1984 1950 domini

407 1992 612 2057 faceret
652 1990 947 2059 imperata;
981 1988 1075 2042 sed
1112 1997 1291 2043 tamen
1326 2001 1465 2057 opus
1492 1987 1711 2057 explere
1753 2002 1857 2041 non
1888 2001 1987 2055 po-

410 2081 535 2147 tuit,
565 2082 819 2152 quoniam
860 2082 1007 2135 vires
1038 2081 1210 2151 ipsius
1254 2080 1582 2149 superabat;
1627 2079 1765 2134 alter
1806 2087 1987 2133 autem

408 2174 521 2230 0tio
553 2187 613 2228 se
642 2172 806 2228 dedit.
834 2171 1055 2242 Ecquis,
1092 2185 1280 2227 secum
1316 2172 1431 2241 ipse
1476 2171 1746 2240 inquiens,
1780 2179 1988 2225 tantum

412 2280 549 2335 opus
578 2279 685 2319 uno
743 2264 832 2317 die
877 2271 1042 2333 queat
1092 2262 1388 2332 perlicere?
1418 2260 1576 2317 Jussa
1626 2262 1791 2332 igitur
1824 2261 1991 2333 negli-

410 2369 565 2424 gens,
601 2352 692 2409 illa
725 2351 1063 2408 adiciebatur
1099 2352 1498 2420 sollicitudine,
1530 2354 1625 2407 sed
1673 2353 1833 2407 modo
1872 2354 1995 2409 dor-

412 2446 610 2511 miens,
627 2444 787 2500 modo
815 2445 1078 2511 oscitans,
1104 2445 1270 2500 modo
1289 2458 1418 2499 sese“
1435 2454 1679 2509 vertens,
1711 2455 1767 2499 ut
1792 2444 1994 2500 ostium

413 2536 649 2593 vertitur
680 2537 733 2591 in
768 2536 989 2592 cardine
1022 2552 1143 2603 suo,
1176 2537 1318 2592 diem
1370 2544 1576 2592 temere
1619 2532 1985 2609 consumpsit.

416 2626 551 2682 Cum
580 2636 760 2680 autem
791 2640 984 2695 vesper
1019 2625 1354 2691 advenisset,
1384 2626 1449 2680 ad
1485 2627 1760 2681 domimnn
1792 2627 1995 2683 reversi

417 2727 567 2772 sunt.
596 2717 696 2784 Qui
727 2731 848 2771 cum
879 2716 1021 2771 servi
1051 2717 1330 2787 diligentis
1356 2716 1595 2772 laborem
1622 2701 1999 2784 intellexisset,

419 2808 547 2865 licet
589 2819 760 2864 totum
796 2808 863 2863 ab
899 2806 964 2863 eo
995 2820 1099 2862 non
1134 2819 1282 2864 esset
1311 2824 1448 2880 opus
1474 2809 1794 2878 perfectum,
1817 2819 2000 2865 tamen

418 2899 694 2955 hominem
740 2899 1016 2963 laudavit;
1050 2899 1283 2954 alterum
1334 2913 1542 2968 autem,
1569 2912 1627 2955 ut
1679 2902 1905 2956 inertem
1935 2916 1998 2956 ac

418 2992 658 3047 desidem
689 3001 1123 3060 contemptorem
1175 2991 1337 3046 domo
1385 3006 1482 3046 sua
1531 2992 1669 3046 male
1717 2993 1997 3047 inultatum

420 3084 635 3140 extrudi
662 3082 846 3153 jussit.
875 3082 984 3138 Nos
1025 3083 1152 3137 item
1184 3084 1410 3138 inomni
1439 3098 1603 3154 opere
1626 3093 1679 3138 et
1714 3083 2003 3138 afﬂictione

421 3177 635 3230 naviter
667 3191 731 3230 ac
753 3174 882 3230 totis
904 3176 1111 3230 viribus
1140 3176 1452 3231 laboremus
1474 3193 1488 3242 ;
1511 3185 1565 3229 et
1591 3175 1734 3229 Deus
1761 3193 1856 3229 nos
1890 3176 2004 3230 sine

422 3266 585 3322 dubio
610 3265 866 3336 suscipiet
891 3282 1013 3321 cunt
1046 3268 1255 3322 sanctis
1309 3269 1444 3321 suis.
1478 3268 1647 3321 Debet
1683 3269 1842 3321 homo
1887 3284 2005 3333 pre-

421 3371 514 3414 ces
548 3357 764 3412 assidue
800 3357 1031 3412 fundere
1080 3359 1133 3411 in
1178 3369 1471 3426 OOnSpectu
1520 3359 1611 3410 Dei
1651 3373 1843 3427 magna
1880 3373 2002 3410 cum

422 3451 732 3510 humilitate
763 3451 946 3506 cordis
973 3460 1028 3506 et
1056 3450 1306 3518 corporis
1327 3449 1642 3512 aIIlictione,
1681 3464 1779 3503 nec
1810 3434 1929 3503 ullo
1951 3450 2003 3502 in

420 3560 588 3615 opere
617 3560 718 3600 suo
737 3545 841 3600 sibi
870 3543 1109 3615 placere,
1145 3557 1245 3596 nec
1281 3541 1533 3595 humanis
1562 3541 1804 3595 laudibus
1825 3541 2003 3595 estol-

425 3638 488 3703 li,
518 3649 611 3692 aut
632 3636 1124 3708 vituperationibus
1153 3634 1403 3703 deprimi,
1425 3636 1518 3689 sed
1544 3633 1860 3704 frequenter
1889 3649 2007 3701 pec-

421 3740 674 3786 catorum
713 3743 932 3783 suorum
963 3725 1258 3782 recordari.
1292 3724 1383 3780 Sic
1417 3726 1561 3779 enim
1587 3740 1682 3778 cor
1711 3730 1779 3779 ab
1820 3726 2001 3780 inimio

422 3822 505 3879 cis
533 3822 646 3877 suis
683 3822 1009 3890 requiescet.
1042 3817 1258 3873 Nullum
1294 3819 1529 3872 verbum
1560 3818 1815 3871 acerbum
1843 3829 2005 3874 exeat

392 3915 490 3969 ab
537 3929 633 3967 ore
678 3922 788 3966 tuo.
836 3909 1120 3966 Neminem
1167 3923 1353 3962 coram
1408 3907 1618 3973 laudes,
1652 3918 1745 3962 aut
1774 3923 2001 3977 usquam

427 4007 720 4074 vituperes.
747 4002 947 4058 Omnes
976 4001 1171 4055 anima:
1202 4000 1368 4064 fores,
1418 3999 1471 4052 id
1511 4006 1596 4054 est
1637 4013 1854 4063 sensus,
1888 3999 2005 4053 dili-

425 4106 615 4167 genter
660 4092 885 4148 occlude
913 4102 1080 4160 atque
1106 4091 1342 4155 custodi,
1377 4104 1444 4144 ne
1472 4104 1568 4158 per
1599 4089 1719 4143 illas
1748 4100 1839 4143 aut
1872 4104 2015 4143 era--

423 4195 602 4256 getur,
631 4192 727 4238 aut
754 4182 940 4236 mundi
975 4183 1139 4237 verba
1166 4182 1231 4235 ad
1260 4196 1381 4235 eam
1407 4181 1776 4251 perferantur.
1808 4180 2005 4237 Beatus

422 4280 515 4349 qui
545 4276 894 4334 continenter
931 4276 1077 4346 luget
1107 4285 1334 4344 peccata
1373 4289 1490 4329 sua.
1522 4275 1715 4330 Amen.

1024 4388 1280 4445 ORATIO
1317 4388 1409 4447 XI;

958 4481 1034 4535 De
1063 4496 1226 4549 grano
1250 4480 1470 4547 sinapis.

492 4575 745 4645 Magnum
770 4572 826 4629 in
847 4572 1044 4644 exiguo
1084 4573 1290 4640 sinapis
1324 4587 1491 4642 grano
1525 4573 1841 4642 mysterium
1871 4588 2001 4627 con-

423 4670 647 4733 tinetur,
675 4664 1130 4741 quemadmodum
1160 4662 1351 4718 Patres
1382 4664 1658 4730 dixerunt,
1684 4666 1908 4733 ideoque
1934 4665 2002 4720 ad

421 4768 666 4814 nostram
692 4756 996 4812 doctrinam
1036 4757 1297 4826 seriptum
1321 4764 1403 4810 est
1430 4773 1444 4810 :
1472 4753 1656 4810 Simile
1681 4767 1755 4810 est
1789 4773 2003 4828 regnum

420 4855 667 4906 caelorum
708 4864 875 4920 grano
914 4848 1134 4918 sinapis,
1171 4848 1311 4918 quod
1365 4850 1628 4919 accipiens
1661 4851 1816 4903 homo
1849 4849 2005 4903 semi-

421 4948 563 4999 navit
592 4943 646 4995 ξπ
682 4957 808 5012 agro
843 4956 975 5006 suo;
1000 4940 1140 5011 quod
1178 4941 1416 4994 muniam
1452 4949 1528 4994 est
1562 4932 1818 4997 seminum
1848 4943 2005 4996 mini-

420 5052 600 5100 mum;
629 5051 746 5089 cum
778 5046 949 5088 autem
980 5034 1220 5097 creuerit,
1246 5033 1420 5102 majus
1453 5043 1528 5087 est
1572 5034 1811 5088 erunibus
1842 5035 2003 5089 aleri-

418 5129 546 5194 fms;
574 5138 622 5183 et
660 5127 722 5196 ﬁt
753 5128 936 5191 arbor,
971 5126 1046 5177 ita
1082 5134 1137 5178 ut
1167 5124 1399 5179 uolucres
1431 5126 1547 5180 cali
1571 5127 1802 5191 veniant,
1832 5138 1878 5180 et
1906 5128 2004 5180 Iru-

419 5223 577 5276 liitent
624 5222 680 5275 in
716 5220 879 5274 rantis
913 5218 1027 5286 ejus
1053 5217 1121 5270 ".
1173 5216 1301 5272 Ilaec
1339 5235 1462 5273 cum
1515 5221 1587 5274 ita
1634 5236 1694 5275 se
1747 5222 2003 5288 habeant,

417 5322 841 5366 consentaneum
873 5322 958 5367 est
989 5320 1048 5364 ut
1084 5310 1245 5380 hujus
1267 5312 1478 5381 granuli
1510 5312 1790 5368 facultates
1830 5314 2007 5368 imite-

422 5420 565 5459 mur.
606 5406 740 5460 Cum
789 5408 939 5463 enim
966 5407 1096 5463 illud
1127 5421 1195 5460 ex
1229 5408 1476 5470 nntnibns
1513 5408 1813 5465 seminibus
1848 5409 1990 5466 dicat

524 5558 569 5594 ³³
594 5562 712 5616 Act.
746 5564 917 5629 3,15.
996 5565 1042 5596 ⁵⁸
1073 5563 1262 5619 Matth.
1303 5579 1421 5630 χιιι,
1458 5563 1545 5630 5|,
1587 5561 1677 5619 52.

2086 1708 2382 1763 imitemur.
2424 1706 2506 1764 Ad
2546 1705 2708 1776 hujus
2739 1704 2947 1776 granuli
2983 1718 3231 1757 normam
3287 1717 3386 1756 nos
3432 1702 3684 1770 exploreo

2089 1814 2231 1863 mus,
2264 1799 2541 1853 videamus
2576 1807 2761 1852 utrum
2800 1797 2874 1851 illi
2908 1795 3091 1851 cordis
3140 1793 3465 1859 humilitate,
3510 1793 3681 1846 animi

2088 1890 2521 1956 mansuetudine,
2544 1888 2831 1944 cbaritatis
2862 1889 3057 1942 ardore
3106 1886 3310 1942 similes
3343 1886 3533 1940 simus.
3565 1884 3686 1954 Ipse

2090 1992 2271 2038 autem
2312 1981 2569 2037 Dominus
2593 1980 2755 2037 Jesus
2786 1996 2885 2034 nos
2920 1979 3292 2034 misericordia
3330 1991 3423 2030 sua
3465 1977 3687 2031 contir-

2090 2083 2221 2140 met,
2253 2082 2310 2128 ut
2338 2072 2606 2128 voluntati
2642 2072 2758 2142 ejus
2786 2085 3096 2142 pareamus,
3139 2069 3383 2142 quoniam
3427 2069 3548 2136 ejus
3585 2077 3686 2122 est

2091 2163 2259 2239 gloria
2298 2173 2352 2220 et
2380 2163 2672 2236 imperium
2707 2163 2759 2217 in
2799 2161 2999 2217 saecula
3031 2161 3371 2216 saeculorum.
3408 2162 3606 2215 Amen.

2674 2276 2931 2334 οιιΑΤιΟ
2960 2274 3075 2333 XII.

2755 2366 2834 2423 De
2871 2368 3009 2424 uino.

2170 2463 2214 2518 l.
2253 2461 2373 2518 Vini
2403 2470 2457 2537 et
2495 2471 2703 2516 natura:
2744 2460 2981 2517 hominis
3014 2457 3328 2529 mysterium
3360 2458 3442 2512 sic
3480 2457 3685 2511 intelli-

2099 2557 2262 2625 gitur.
2292 2554 2564 2610 Debemus
2617 2568 2711 2608 cor
2756 2562 2999 2608 nostrum
3046 2552 3315 2622 integrum
3357 2566 3483 2606 cum
3530 2552 3681 2604 omni

2102 2648 2392 2703 Sanctitate
2430 2661 2674 2711 servare,
2702 2645 2747 2698 si
2781 2643 3057 2709 volumus,
3101 2655 3161 2697 ut
3192 2644 3247 2697 in
3277 2658 3345 2698 eo
3388 2642 3532 2697 Deus
3564 2659 3686 2696 cum

2103 2737 2286 2793 lwtitia
2323 2739 2503 2807 degat.
2548 2737 2756 2792 Dolium
2791 2737 2893 2792 nisi
2928 2738 3164 2806 undique
3193 2738 3265 2790 sit
3305 2736 3427 2804 pice
3468 2736 3687 2803 illitum,

2104 2842 2157 2886 et
2193 2831 2369 2886 nullas
2415 2832 2605 2885 habeat
2651 2831 2841 2896 rimas,
2879 2832 3060 2884 vinum
3096 2844 3202 2882 non
3231 2838 3410 2898 potest
3439 2830 3693 2884 contines

2107 2941 2193 2991 re;
2253 2940 2348 2981 cor
2398 2925 2499 2979 nisi
2553 2924 2853 2978 Innnilitate
2901 2934 2956 2979 et
3001 2924 3254 2979 caSIitate
3300 2926 3603 2989 muniatur,
3632 2936 3692 2979 et

2109 3019 2282 3073 nullas
2328 3019 2523 3072 habeat
2554 3018 2808 3071 vitiorum
2851 3019 3040 3081 rimas,
3080 3016 3175 3072 Dei
3224 3033 3332 3071 non
3361 3030 3539 3087 pou-st
3566 3032 3691 3072 esse

2106 3110 2461 3165 domicilium.
2489 3110 2632 3165 Fieri
2672 3112 2813 3164 eiiim
2843 3111 3031 3179 nequit
3061 3121 3115 3165 ut
3143 3111 3253 3165 Deo
3275 3111 3400 3181 quis
3447 3112 3609 3165 simu:
3635 3121 3692 3163 et

2107 3202 2478 3271 voluptatibus
2502 3203 2726 3259 serviat.
2754 3202 3052 3257 Careamus
3079 3204 3363 3272 diligenter
3392 3218 3463 3257 ne
3484 3204 3541 3257 in
3569 3219 3693 3257 cor-

2107 3295 2175 3348 de
2208 3304 2393 3349 nostro
2445 3294 2515 3349 sit
2542 3296 2750 3361 odium,
2783 3305 2877 3348 aut
2912 3294 3194 3349 inimicitia
3226 3310 3239 3346 :
3277 3296 3387 3349 haec
3413 3296 3561 3347 enim
3598 3310 3693 3346 ar-

2107 3392 2233 3438 cent
2288 3383 2562 3448 hominem
2610 3402 2641 3439 a
2692 3402 2820 3441 vera
2860 3386 3205 3455 poruitcutia,
3234 3396 3291 3440 ut
3324 3387 3428 3440 Deo
3469 3385 3691 3454 placere

2109 3489 2213 3528 non
2258 3474 2447 3544 possit.
2492 3474 2687 3530 Fervet
2715 3476 2868 3530 initio
2902 3477 3124 3542 vinum;
3167 3478 3247 3530 sic
3270 3487 3325 3530 et
3356 3475 3679 3529 adolescen-

2108 3565 2180 3619 tia
2217 3584 2230 3620 :
2265 3565 2521 3637 paulatim
2551 3567 2821 3623 fervorem
2852 3568 3083 3623 remittit
3124 3568 3328 3631 vimnn,
3363 3568 3691 3636 tandemque

2107 3658 2387 3723 consistit;
2417 3657 2496 3710 sic
2533 3669 2698 3711 azstus
2729 3657 3107 3713 adolescentiic
3168 3668 3412 3727 tempore
3446 3659 3691 3721 sedatur,

2110 3747 2434 3817 tandemque
2502 3748 2875 3814 constituitur,
2929 3750 3055 3804 dum
3117 3749 3343 3803 Patrum
3405 3750 3692 3817 discip‘ina

2107 3841 2372 3904 eruditur,
2403 3849 2460 3894 et
2506 3854 2693 3899 eorum
2741 3841 3025 3917 prameptis
3065 3842 3533 3910 obtemperantes.
3577 3840 3694 3895 Non

2109 3933 2344 3991 infertur
2372 3932 2555 3985 vinum
2599 3934 2650 3985 in
2693 3933 2910 3996 cellam.
2938 3933 3038 3989 nisi
3073 3933 3222 4003 prius
3255 3934 3557 3999 consistat,
3586 3951 3693 3988 non

2109 4025 2414 4080 admittitur
2460 4026 2512 4080 in
2551 4025 2781 4083 aliorum
2815 4035 3042 4090 emtum,
3077 4024 3235 4093 cujus
3282 4042 3389 4079 non
3430 4036 3522 4082 est
3565 4044 3695 4080 eon-

2107 4120 2307 4172 stantia
2343 4119 2506 4172 variis
2538 4125 2662 4171 ante
2699 4117 2999 4172 rationibus
3033 4118 3341 4187 explorata.
3376 4118 3432 4173 Si
3465 4136 3589 4173 cura
3617 4121 3698 4171 vi-

2109 4210 2293 4265 naceis
2329 4210 2511 4264 viuum
2537 4210 2898 4278 relinquatur,
2924 4211 3127 4264 acescit
3157 4226 3172 4261 :
3200 4210 3279 4263 sic
3304 4220 3361 4263 et
3377 4212 3697 4265 adulescens

2038 4292 2081 4345 ο
2114 4301 2156 4357 si
2187 4316 2307 4355 cum
2336 4301 2440 4355 illis
2468 4302 2559 4369 qui
2590 4301 2852 4370 sanguine
2874 4301 2921 4353 ei
2952 4300 3225 4370 conjuncti
3254 4311 3401 4363 sunt,
3431 4310 3526 4354 aut
3549 4312 3699 4357 certe

2115 4396 2182 4448 ab
2215 4393 2477 4449 institutis
2502 4391 2619 4461 ejus
2646 4392 2833 4458 alieni,
2859 4391 3069 4445 sinuatur
3090 4391 3318 4458 versari,
3350 4392 3701 4461 disciplinam

2113 4503 2143 4541 a
2174 4485 2430 4542 Patribus
2456 4484 2710 4540 traditam
2740 4485 3044 4553 corrumpit
3068 4494 3123 4538 et
3147 4485 3319 4538 bonos
3347 4499 3544 4538 mores.
3577 4482 3701 4539 Nisi

2115 4580 2299 4634 vinum
2354 4579 2406 4632 in
2452 4578 2586 4635 locis
2625 4576 2905 4647 profundis
2933 4586 2986 4630 et
3011 4577 3377 4631 subterraneis
3413 4576 3698 4628 reconda-

2116 4681 2224 4739 tur,
2257 4673 2533 4727 evanescit
2566 4686 2579 4721 :
2609 4670 2688 4724 sic
2715 4670 3088 4725 adolescentia:
3115 4669 3327 4723 labores
3347 4682 3541 4722 omnes
3569 4678 3701 4724 sunt

2111 4767 2259 4837 vani,
2291 4765 2389 4824 nisi
2420 4766 2472 4823 in
2510 4762 2817 4818 humilitate
2847 4772 3261 4816 conserventur.
3298 4759 3514 4823 Vinum,
3550 4760 3695 4828 quod

2114 4858 2344 4914 subinde
2390 4867 2635 4911 movetur
2675 4863 2729 4909 et
2774 4864 3040 4924 gustatur,
3093 4853 3333 4907 deterius
3373 4851 3435 4907 fit
3474 4870 3488 4904 :
3523 4851 3603 4905 sic
3646 4862 3696 4905 et

2113 4952 2277 5007 homo
2310 4950 2401 5020 qui
2430 4950 2606 5004 studia
2645 4957 2699 5003 et
2733 4949 2973 5007 actiones
3010 4962 3140 5003 suas
3159 4946 3480 5016 frequenter
3510 4954 3693 5000 osten-

2126 5054 2200 5099 tat
2249 5044 2393 5098 inani
2431 5044 2624 5113 gloria,
2663 5044 2863 5096 amittit
2892 5039 3304 5115 perfectionem.
3343 5038 3401 5095 Si
3456 5040 3585 5093 dolii
3633 5052 3696 5092 os

2112 5144 2359 5205 apertum
2414 5144 2619 5196 mutet,
2674 5132 2874 5189 culices
2930 5131 3345 5205 ingrediuntur,
3396 5140 3453 5185 et
3516 5133 3691 5185 vinum

2117 5239 2478 5298 cmrumpunt
2505 5242 2520 5279 :
2553 5222 2927 5282 idem'accidit
2969 5226 3024 5280 in
3068 5224 3433 5295 multiloquio,
3462 5234 3519 5279 et
3552 5223 3690 5277 face-

2112 5319 2181 5372 tis
2214 5319 2480 5385 vanisque
2528 5317 2893 5372 sermonibus.
2934 5314 3128 5373 Vinum
3160 5317 3338 5371 ventis
3384 5315 3690 5385 CIpOsiltttn

2113 5409 2310 5465 amittit
2341 5410 2570 5477 gratiam
2619 5426 2772 5466 suam
2806 5425 2819 5463 :
2850 5418 2905 5465 et
2944 5408 3195 5480 superbia
3245 5408 3428 5477 perdit
3474 5419 3690 5460 ortinam
