3968 6210
284 394 289 401 ί
326 369 456 428 H37

1384 370 1440 425 S.
1484 365 1684 425 ιὲΛΙίΕ
1718 356 2014 418 ABBA‘I'IS
2054 359 2465 422 ORATIONES.

3442 364 3579 420 “38

290 490 561 547 hominis
609 490 862 545 fructum.
906 490 1148 558 Quiescit
1184 492 1366 547 vinum
1424 492 1476 546 in
1515 492 1649 547 locis
1695 490 1909 561 penitus
1938 482 1988 539 Α
2017 494 2079 535 ca
2154 482 2366 541 lumbos
2422 486 2558 556 ejus,
2599 495 2653 542 et
2712 488 2763 543 in
2793 488 3007 544 deserto
3039 488 3357 543 versabalur
3393 503 3406 540 :
3439 488 3579 553 quod

323 584 544 649 abditis,
578 594 633 638 et
679 584 1064 653 operiturtsic
1099 586 1190 653 qui
1228 585 1480 638 virtutem
1526 584 1677 648 colit,
1721 583 1776 639 in
1828 582 1902 637 si-

324 674 492 729 lentio
523 675 880 745 conquiescit,
910 684 965 731 et
988 678 1125 747 regit
1155 676 1337 732 labore
1367 678 1546 735 studia
1576 692 1693 731 sua.

399 765 461 819 ll.
507 765 632 821 llzec
663 768 843 822 omnia
895 768 951 822 in
999 768 1126 824 vino
1175 770 1557 833 observantur,
1598 777 1658 822 ut
1692 767 1902 836 placeat

327 856 546 910 domino
592 871 721 921 suo;
748 857 910 913 debet
958 858 1072 914 lucc
1103 860 1285 915 omnia
1333 861 1563 929 quisque
1606 860 1901 925 custodire,

326 958 385 1001 ιιι
414 947 621 1017 placeat
659 950 784 1004 Deo.
813 948 982 1005 Porro
1010 951 1463 1020 quemadmodum
1494 954 1616 1006 vino
1643 967 1746 1005 non
1774 965 1898 1007 cre-

328 1038 493 1105 ditur,
530 1039 688 1108 quale
731 1040 823 1106 sit,
866 1041 970 1095 nisi
1018 1041 1300 1097 hauriatur
1340 1052 1395 1097 et
1435 1039 1750 1110 degustetur
1776 1056 1792 1096 :
1821 1042 1901 1097 sic

327 1131 489 1193 homo
526 1145 632 1186 non
676 1130 836 1186 debet
868 1132 970 1187 sibi
1001 1132 1100 1202 ipsi
1135 1134 1318 1199 liderc,
1353 1136 1446 1189 sed
1475 1135 1527 1188 in
1558 1134 1750 1188 timore
1783 1147 1903 1188 ver-

325 1223 457 1283 sari.
487 1222 661 1278 donec
688 1235 946 1280 occurrat
981 1225 1113 1291 Deo,
1147 1240 1176 1278 a
1211 1241 1321 1296 quo
1350 1240 1511 1295 opera
1547 1226 1717 1295 ipsius
1741 1240 1901 1280 com-

325 1315 644 1381 probeutur.
676 1316 755 1372 Ac
780 1317 1232 1386 quemadmodum
1264 1317 1436 1389 siqua
1464 1318 1515 1373 in
1538 1317 1684 1373 dolio
1706 1316 1900 1372 rimula

326 1404 577 1471 exsistat,
609 1407 795 1463 deﬂuit
819 1409 1023 1473 vinum,
1058 1419 1345 1481 antequam
1377 1411 1627 1466 dominus
1657 1411 1821 1476 sciat,
1854 1410 1901 1466 si

296 1497 705 1569 .negligensest
734 1500 850 1557 :sic
878 1502 1131 1571 quaelibet
1154 1517 1244 1558 res
1277 1503 1529 1571 quamvis
1555 1502 1752 1573 exigua
1785 1502 1899 1558 h'u-

294 1596 474 1643 ‘ctum
522 1592 730 1645 excutit
766 1593 1002 1648 hominis
1046 1594 1385 1666 negligentis.
1418 1595 1671 1652 Studiose
1713 1596 1898 1665 igitur,

298 1712 305 1720 η
328 1679 549 1746 fratres,
584 1682 652 1736 ab
680 1685 934 1742 omnibus
957 1685 1342 1744 oﬂ‘ensionibus
1356 1697 1412 1744 et
1442 1691 1679 1760 peccatis
1704 1704 1900 1744 cavea-

252 1826 259 1831 ,
325 1787 467 1838 mus,
493 1774 702 1829 utDeus
720 1777 873 1832 nobis
900 1779 1325 1836 misericordiam
1349 1790 1402 1837 et
1422 1783 1649 1854 gratiam
1668 1798 1822 1840 suam
1846 1784 1898 1838 in

317 1863 515 1931 iudicii
555 1867 643 1921 die
692 1867 956 1939 largiatur
982 1888 996 1925 :
1027 1873 1173 1941 quod
1223 1875 1386 1930 faciet
1419 1875 1509 1929 ille
1552 1874 1816 1945 profecto,
1855 1877 1899 1931 si

324 1972 425 2024 pro
452 1958 789 2016 inﬁrmitatis
816 1973 1017 2018 nostra
1047 1964 1254 2020 viribus
1284 1966 1538 2021 mandata
1565 1966 1684 2038 eius
1715 1967 1905 2023 obser-

322 2053 652 2109 vaverimus.
679 2055 945 2110 leeﬂltlt
985 2063 1073 2111 tua
1115 2066 1221 2122 est,
1257 2058 1504 2125 Domine,
1554 2059 1813 2126 potentia,
1844 2067 1900 2115 et

324 2143 716 2209 misericordia,
756 2155 812 2202 et
854 2148 1133 2215 auxilium,
1159 2160 1214 2206 et
1243 2151 1528 2220 protectio,
1563 2161 1618 2207 et
1637 2152 1818 2220 venia,
1849 2160 1906 2208 et

322 2234 607 2302 patienlia.
640 2236 774 2303 Quis
815 2239 957 2293 enim
991 2252 1092 2312 ego
1122 2256 1241 2296 sum
1276 2242 1330 2297 in
1361 2257 1523 2297 manu
1551 2243 1841 2310 malorum,
1872 2259 1902 2299 a

323 2327 523 2395 quibus
552 2341 639 2381 me
665 2328 940 2383 liherasti?
967 2330 1082 2401 Ego
1107 2332 1242 2386 nihil
1269 2335 1443 2389 habeo
1465 2336 1609 2405 quod
1633 2334 1729 2390 tibi
1756 2334 1898 2392 dem.

326 2416 596 2472 Peccator
632 2432 733 2488 ego
777 2434 916 2485 sum,
951 2431 1115 2491 atque
1165 2423 1416 2494 indignus
1452 2427 1705 2482 omnibus
1743 2428 1898 2482 donis

326 2507 458 2560 tuis.
507 2507 588 2561 Tu
620 2525 706 2565 me
745 2525 777 2564 e
812 2513 1059 2568 manibus
1113 2514 1456 2572 inimicorum
1507 2533 1747 2573 meorum
1783 2519 1894 2575 eri-

328 2599 514 2667 puisti.
543 2599 622 2655 Tu
649 2617 709 2657 es
745 2602 1005 2660 Dominus
1031 2621 1203 2673 meus,
1230 2619 1281 2663 el
1314 2609 1461 2665 Deus
1480 2624 1652 2665 meus.
1679 2607 1793 2664 Tua
1823 2618 1905 2666 est

328 2691 521 2759 gloria,
556 2702 611 2748 et
643 2695 1037 2764 misericordia,
1069 2707 1125 2754 et
1157 2698 1420 2769 defensio,
1451 2709 1507 2758 et
1557 2703 1897 2772 praesidium,

306 2792 378 2836 let
414 2784 696 2853 imperium
727 2786 779 2841 in
812 2788 1007 2843 saccula
1041 2791 1381 2848 surculorum.
1413 2793 1607 2850 A'tnen.

892 2921 1145 2985 ORATIO
1182 2924 1323 2985 XIII.
1370 2974 1375 2979 .

358 3039 441 3095 Ad
471 3058 559 3097 eos
595 3044 686 3113 qui
715 3045 996 3103 initiantur
1021 3061 1069 3104 et
1096 3051 1317 3107 tendunt
1355 3053 1426 3106 ad
1468 3052 1870 3122 perfectionemr

396 3157 435 3212 I.
481 3157 605 3214 Πλιιο
638 3170 766 3215 sunt
795 3163 948 3232 signa
978 3177 1097 3234 qua:
1136 3164 1266 3220 fecit
1299 3166 1556 3222 Dominus
1583 3166 1763 3235 Jcsus,
1792 3185 1893 3224 an-
1922 3152 1968 3213 ε

328 3256 544 3318 tequam
578 3249 632 3304 in
665 3265 889 3306 crucem
924 3258 1262 3310 ascenderet.
1306 3255 1525 3321 Euntes,
1578 3259 1775 3329 inquit,
1813 3276 1899 3315 re-

325 3336 564 3397 nuntiate
607 3343 810 3398 Joanni
857 3360 974 3415 qua:
1016 3349 1294 3403 audivistis
1322 3359 1369 3404 et
1398 3351 1600 3405 vidistis
1623 3367 1642 3405 :
1672 3352 1800 3407 cmi
1824 3354 1900 3407 tti-

312 3435 470 3497 'dcnt,
497 3434 673 3488 claudi
716 3434 1008 3500 ambulant,
1059 3437 1248 3505 leprosi
1305 3443 1649 3506 mandantur,
1704 3450 1899 3503 mortui

314 3533 632 3593 resurgunt,
681 3543 935 3594 pauperes
992 3529 1441 3600 euangelizantur.
1479 3534 1550 3587 Et
1586 3538 1768 3592 beatus
1797 3549 1895 3605 est,

312 3616 417 3677 qui
441 3631 545 3670 non
568 3616 727 3685 fuerit
745 3619 1135 3676 scandalizatus
1161 3623 1218 3675 in
1244 3638 1325 3676 me
1344 3622 1411 3675 ".
1439 3623 1540 3690 Qui
1571 3640 1720 3694 spem
1744 3641 1897 3683 suam

325 3707 378 3760 in
413 3706 516 3763 hoc
550 3712 750 3766 mundo
776 3713 933 3767 sitam
957 3713 1141 3779 habet,
1178 3729 1353 3770 ccecus
1375 3725 1475 3772 est.
1510 3716 1645 3792 Etsi
1680 3718 1781 3773 hac
1804 3735 1901 3787 spe

323 3800 546 3866 emissa,
601 3802 837 3859 animum
881 3818 1037 3861 suum
1084 3807 1159 3862 ad'
1196 3822 1259 3862 ea
1308 3820 1426 3877 qua:
1473 3809 1525 3863 in
1563 3811 1735 3865 altera
1789 3813 1898 3867 vita

320 3886 742 3960 exspectantur,
797 3895 1129 3962 intenderit,
1180 3899 1358 3953 visum
1402 3901 1614 3972 recipit.
1661 3902 1900 3959 Claudus

321 3989 430 4049 est,
464 3983 556 4054 qui
607 3994 758 4040 amat
798 3986 898 4042 hoc
941 3990 1233 4055 saeculum;
1270 3993 1411 4061 quod
1446 3994 1493 4048 si
1535 4009 1599 4050 eo
1629 3995 1894 4063 neglecto,

323 4076 491 4132 Deum
530 4077 705 4146 diligit
740 4094 1064 4151 carnemque
1109 4087 1425 4151 contemnit,
1477 4096 1623 4142 recte
1672 4087 1895 4143 incedit.

320 4168 529 4225 Surdus
560 4181 662 4236 est,
699 4172 788 4241 qui
815 4174 966 4228 vanis
995 4175 1285 4231 distractus
1313 4179 1777 4247 occupationibus,
1812 4180 1895 4235 di-

320 4261 461 4316 vinis
490 4262 649 4318 rebus
684 4263 904 4319 minimc
931 4276 1115 4335 vacet;
1140 4270 1281 4336 quod
1310 4269 1353 4323 si
1386 4269 1589 4326 relictis
1616 4272 1889 4339 omnibus,

321 4355 555 4423 capessit
606 4367 873 4425 praecepta
898 4358 1013 4423 Dei,
1056 4358 1172 4427 iam
1215 4361 1441 4417 audivit.
1478 4361 1581 4429 Qui
1623 4365 1770 4430 odio,
1799 4376 1894 4421 aut

1979 582 2316 650 ,alIlictiOnis
2348 591 2429 637 est
2459 582 2668 649 signum
2700 597 2763 635 ac
2810 582 3164 651 pmuitentitc,
3201 597 3322 650 qua
3354 582 3579 634 mundat

2005 677 2303 741 hominem,
2344 690 2408 731 ac
2455 675 2614 730 talem
2664 676 2856 741 reddit,
2904 685 2961 729 ut
2995 684 3150 730 vacet
3187 675 3237 730 ei
3272 675 3323 728 in
3360 690 3576 730 crucem

2005 769 2320 823 ascendere.
2370 765 2517 822 Crux
2570 774 2749 820 autem
2794 775 2876 820 est
2927 766 3119 821 futurae
3156 764 3578 819 immortalitatis

2000 858 2298 927 judicium;
2334 857 2430 911 sed
2459 871 2592 923 epus
2618 866 2701 910 est
2735 856 2907 927 prius,
2943 865 3011 909 ut'
3039 870 3147 909 ora-
3180 855 3397 909 claudat
3443 853 3577 908 Pha-

2006 950 2285 1005 ristcorum
2339 959 2392 1003 et
2425 948 2866 1003 Saddueatorum.
2910 948 3190 1002 Sadductei
3238 948 3459 1019 ﬁguram
3488 961 3575 1018 ge-

2006 1052 2131 1096 runt
2173 1041 2502 1096 inﬁdelitatis
2536 1049 2589 1096 et
2623 1038 3054 1105 obstinationis;
3093 1039 3348 1094 Phariszei
3394 1049 3571 1095 autem

2004 1134 2224 1188 tnalitia:
2257 1144 2311 1188 et
2338 1132 2703 1187 simulationis
2749 1143 2802 1187 et
2841 1131 3020 1186 inanis
3054 1132 3256 1202 gloria.
3298 1130 3570 1200 Scriptum

2002 1237 2087 1281 est
2117 1228 2261 1280 enim
2298 1244 2312 1281 :
2343 1225 2407 1279 Et
2436 1241 2584 1279 nemo
2616 1239 2680 1278 ea:
2706 1223 2801 1278 illa
2831 1224 2919 1278 die
2939 1240 3099 1277 ausus
3128 1234 3200 1277 est
3225 1224 3454 1290 amplius
3475 1222 3572 1276 Je-

2002 1334 2119 1374 sum
2167 1320 2489 1389 interrogare
2510 1319 2577 1372 ⁵⁹.
2630 1304 2824 1373 Postea
2869 1319 3016 1373 misit
3062 1318 3278 1373 Petrum
3317 1328 3371 1373 et
3409 1313 3571 1372 Joan-

2007 1428 2150 1477 nem,
2195 1422 2266 1466 ιιι·
2310 1419 2575 1481 pararent
2619 1412 2820 1467 Pascha
2840 1413 2907 1466 σα.
2939 1411 3070 1467 Cum
3122 1412 3263 1464 enim
3311 1426 3463 1465 meus
3514 1424 3574 1463 se

2005 1508 2175 1576 ipsam
2213 1507 2408 1561 viderit
2458 1506 2617 1561 nullis
2667 1506 2981 1561 obstrictam
3036 1505 3204 1569 vitiis,
3238 1514 3459 1573 paratur
3505 1503 3572 1556 ad

1982 1598 2492 1679 immortalitatem,
2548 1613 2847 1667 sensusque
2888 1611 3017 1652 suos
3064 1598 3251 1652 eodem
3287 1594 3489 1664 dirigit,
3519 1602 3575 1649 et

2005 1704 2188 1746 secum
2207 1689 2524 1760 coniunctos
2546 1690 2726 1745 habet.
2744 1687 2900 1744 Jesus
2927 1697 3105 1742 autem
3131 1685 3328 1750 oravit,
3353 1683 3570 1739 dicens:

2013 1782 2171 1838 Pater
2203 1783 2293 1848 mi,
2326 1784 2369 1837 si
2394 1784 2512 1853 fieri
2545 1793 2730 1852 potest,
2760 1790 2990 1835 transeat
3014 1797 3046 1833 a
3092 1795 3173 1833 me
3200 1779 3340 1834 calix
3376 1777 3473 1831 iste
3516 1776 3573 1829 in

2007 1878 2105 1931 hac
2137 1877 2354 1932 hora".
2388 1876 2541 1943 Quod
2599 1876 2752 1930 nobis
2808 1883 2892 1930 est
2950 1875 3296 1936 documento,
3327 1879 3406 1933 ut,
3450 1882 3570 1922 cum

2007 1984 2162 2025 mens
2202 1968 2313 2022 vult
2345 1967 2398 2022 in
2431 1982 2646 2022 crucem
2698 1963 3085 2025 conscendere,
3113 1961 3338 2017 multum
3367 1960 3576 2014 incum-

2004 2061 2099 2117 bat
2135 2059 2368 2116 oratiOui
2404 2067 2460 2114 et
2494 2057 2769 2128 Iacrymis,
2829 2056 3162 2126 supplexque
3205 2066 3416 2121 semper
3446 2065 3572 2122 pro-

2005 2161 2219 2209 steruat
2256 2166 2315 2208 se
2344 2151 2396 2205 in
2428 2159 2718 2221 conspectu
2750 2148 2868 2218 Dei,
2898 2146 3249 2216 benignitatis
3273 2143 3390 2215 ejus
3415 2157 3572 2213 opem

2005 2245 2322 2317 implorans,
2359 2252 2418 2297 ut
2451 2245 2737 2299 roboretur
2765 2250 2820 2297 et
2869 2238 3225 2303 custodiatur,
3271 2236 3443 2291 donec
3484 2249 3577 2289 re-

2004 2344 2189 2408 surgat
2218 2336 2271 2391 in
2305 2334 2541 2390 novitate
2569 2342 2754 2389 sancta
2786 2341 2947 2400 atque
2974 2329 3191 2385 invicta.
3222 2327 3412 2383 Crucis
3427 2325 3573 2381 enim

2007 2439 2248 2497 tempore
2294 2441 2546 2497 magnum
2583 2422 2830 2479 imminet
2860 2419 3179 2493 periculum.
3217 2417 3350 2473 Cum
3394 2425 3572 2470 autem

2003 2531 2144 2588 erat,
2174 2519 2393 2576 Petrum
2427 2529 2481 2575 et
2524 2517 2783 2573 Joannem
2815 2524 2870 2571 et
2896 2513 3155 2588 Jacobum
3189 2509 3446 2565 adhibere
3485 2522 3576 2562 so-

2004 2584 2138 2670 cios.
2179 2612 2358 2679 debet,
2395 2610 2448 2665 id
2501 2619 2581 2665 est
2620 2609 2887 2677 integram
2927 2584 3109 2670 ﬁdem,
3138 2617 3287 2673 spem
3319 2607 3576 2657 constan-

2009 2715 2136 2771 tem,
2164 2713 2220 2759 et
2245 2705 2526 2759 ardentem
2557 2700 2901 2755 charitatem.

2076 2797 2161 2854 lIl'.
2197 2797 2373 2867 Atque
2402 2796 2517 2851 haec
2538 2793 2758 2865 quidem
2787 2792 2982 2863 gessit,
3002 2778 3070 2845 et
3096 2787 3315 2859 pertulit
3345 2785 3575 2843 dilectus

2006 2891 2274 2947 Dominus
2305 2904 2370 2944 ac
2395 2886 2540 2944 Deus
2568 2896 2752 2943 noster
2787 2884 2946 2941 Jesus
2975 2882 3224 2939 Christus
3258 2894 3359 2952 pro
3397 2877 3572 2945 nobis,

2003 2994 2059 3042 et
2083 2984 2336 3040 omnibus
2391 2985 2443 3036 ln
2484 2983 2646 3038 rebus
2691 2978 2845 3036 nobis
2895 2975 3201 3047 exemplum
3256 2971 3376 3036 fuit,
3404 2982 3462 3025 ut
3491 2972 3571 3025 in.

2004 3078 2120 3148 quit
2165 3076 2475 3149 Apostolus,
2524 3083 2585 3130 ut
2634 3087 3006 3144 cognoscamus
3050 3085 3192 3133 eum,
3235 3077 3283 3122 et
3327 3065 3573 3121 rirtutem

2003 3168 2400 3223 resurrectionis
2439 3167 2628 3237 ipsius,
2663 3174 2714 3220 et
2741 3163 3021 3236 participes
3057 3160 3223 3216 simus
3269 3157 3572 3228 passionum

2001 3259 2137 3332 ejus,
2159 3260 2415 3330 mortique
2434 3258 2842 3329 conformemur,
2867 3265 2920 3310 ut
2944 3268 3282 3310 occurramus
3302 3251 3372 3305 ad
3397 3265 3574 3304 resur-

2002 3355 2282 3409 rectionem
2306 3350 2715 3407 mortuorum“.
2740 3348 2835 3405 Fel
2863 3349 2978 3419 ipse
3006 3362 3107 3417 pro
3131 3344 3286 3400 nobis
3317 3340 3573 3414 gustavit,

2003 3458 2060 3502 ut
2093 3460 2192 3502 nos
2239 3443 2540 3517 improbam
2589 3457 2805 3499 omnem
2856 3439 3203 3510 cupiditatem
3232 3431 3574 3504 abjiciamus,

2000 3547 2056 3592 et
2090 3550 2152 3591 os
2198 3544 2442 3593 nostrum
2486 3536 2856 3599 obstruamus,
2893 3546 2993 3588 nee
3031 3529 3273 3586 sinamus
3313 3522 3458 3580 illam
3509 3539 3576 3579 ex
3638 3608 3647 3609 ί

2001 3642 2067 3682 eo
2092 3630 2311 3696 prodire
2337 3644 2403 3685 ac
2424 3629 2631 3698 perﬁci.
2667 3624 2917 3682 Gestavit
2946 3632 3159 3678 acetum
3191 3635 3287 3691 pro
3309 3617 3486 3679 nobis,
3519 3625 3587 3671 ιιι

2003 3733 2102 3773 nos
2123 3734 2338 3773 omnem
2367 3719 2732 3788 arrogantiam
2772 3726 2828 3770 et
2870 3711 3331 3784 perturbationem
3363 3708 3573 3765 exstin-

2003 3823 2251 3882 guamus.
2302 3807 2488 3880 Sputis
2542 3821 2869 3878 conspersus
2900 3811 2987 3860 est
3035 3819 3133 3874 pro
3177 3802 3358 3867 nobis,
3390 3807 3451 3855 ut
3475 3814 3577 3856 nos

2004 3903 2188 3958 mundi
2244 3902 2430 3957 laudes
2476 3911 2530 3957 et
2580 3901 2869 3956 humanam
2920 3897 3147 3969 gloriam
3196 3909 3574 3966 aspernemur.

2004 3996 2207 4069 Spinea
2240 4009 2439 4051 corona
2475 4004 2639 4063 caput
2684 3993 2803 4064 ejus
2833 3991 3106 4048 conlisum
3141 3997 3227 4046 est
3266 4004 3362 4058 pro
3395 3987 3574 4052 nobis,

2004 4094 2062 4139 ut
2102 4098 2200 4140 nos
2228 4083 2551 4139 humilitatis
2588 4098 2787 4139 corona
2828 4081 3087 4147 redimiti,
3128 4076 3332 4135 inimici
3378 4092 3575 4148 super-

2001 4178 2145 4233 biam
2172 4177 2570 4234 conculcemus.
2601 4175 2753 4244 Quod
2779 4184 2960 4230 autem
3000 4172 3319 4230 verberibus
3346 4167 3571 4227 allectus

2000 4268 2287 4336 estiussus,
2316 4282 2608 4340 antequam
2657 4269 2710 4324 in
2745 4281 2962 4324 crucem
2995 4268 3268 4337 ageretur,
3296 4264 3451 4320 nobis
3478 4263 3575 4318 do-

2000 4371 2255 4419 cumento
2281 4373 2387 4429 est,
2415 4371 2474 4416 ut
2501 4376 2690 4417 omnes
2715 4361 2992 4415 hominum
3028 4355 3384 4413 contumelias
3412 4363 3572 4423 atque

322 4446 545 4514 invidia,
580 4457 675 4502 aut
703 4449 1062 4517 aemulatione,
1113 4461 1209 4506 aut
1243 4453 1543 4508 maledictis
1584 4458 1890 4524 proximum
1925 4487 1973 4544 Β
2003 4456 2231 4526 injurias
2256 4470 2409 4523 azquo
2440 4455 2621 4510 animo
2644 4452 2909 4509 feramus.
2938 4449 3056 4507 Jam
3079 4449 3222 4521 quod
3253 4448 3573 4503 vestimenta

318 4545 477 4593 suum
518 4539 836 4607 insectatur,
875 4538 1120 4611 leprosus
1148 4551 1270 4609 est;
1324 4552 1379 4598 et
1421 4544 1644 4612 idcirco,
1672 4556 1730 4600 ut
1758 4547 1888 4602 olim

321 4628 540 4698 leprosi,
569 4632 837 4687 arcendus
872 4643 957 4688 est
988 4633 1056 4687 ab
1087 4634 1275 4700 altari;
1314 4637 1457 4706 quod
1505 4638 1550 4691 si
1584 4632 1710 4692 vitia
1745 4639 1894 4709 ejus-

322 4724 466 4777 modi
506 4724 794 4794 expulerit,
851 4727 1084 4783 mundus
1118 4727 1243 4782 erit.
1302 4727 1359 4784 Si
1416 4729 1579 4800 igitur
1636 4732 1894 4801 respiciat

319 4830 516 4881 caecus,
549 4815 788 4870 ambulet
813 4817 1057 4884 claudus,
1093 4820 1287 4874 surdus
1311 4822 1517 4885 audiat,
1549 4829 1603 4877 et
1641 4821 1888 4892 leprosus

319 4908 639 4973 tnuntletur;
687 4907 848 4964 homo
890 4909 981 4979 qui
1037 4910 1375 4982 negligentia!
1431 4921 1672 4983 tempore
1708 4915 1760 4969 iu
1805 4915 1891 4970 his

316 4999 467 5053 vitiis
496 5008 611 5054 erat
641 5010 903 5068 mortuus,
939 5000 991 5056 in
1021 5002 1185 5056 vitam
1221 5013 1525 5070 revocatur,
1558 5014 1613 5059 et
1644 5005 1704 5059 lit
1732 5006 1894 5060 homo

318 5107 524 5158 novus;
554 5106 617 5148 ac
640 5095 893 5163 deinceps
920 5096 1342 5165 evangelizatur,
1382 5114 1502 5152 cum
1545 5108 1706 5154 antea
1753 5115 1884 5167 pau-

316 5195 417 5250 per
443 5183 691 5238 sensihus
724 5183 905 5249 fuerit,
935 5178 1193 5239 virtutum
1225 5187 1423 5243 divitiis
1445 5203 1669 5255 carens;
1694 5199 1746 5242 et
1777 5190 1891 5244 lucc

318 5274 593 5327 renuntiat
623 5273 671 5328 ei
702 5288 729 5326 a
754 5289 862 5341 quo
887 5273 1192 5342 baptizatus
1220 5283 1321 5331 est.

336 5382 341 5387 -
392 5360 455 5418 ll.
496 5360 767 5434 Baptisma
818 5372 901 5418 est
954 5361 1172 5420 amictio
1215 5380 1336 5421 cum
1386 5368 1692 5424 humilitate
1727 5381 1889 5443 atque

318 5453 551 5510 silentio.
582 5454 816 5513 Joannes
843 5456 1008 5521 enim,
1042 5466 1099 5511 ut
1127 5458 1389 5529 scriptum
1418 5472 1500 5517 est
1520 5462 1587 5532 ⁸⁸,
1607 5466 1890 5524 indumen-

317 5552 433 5602 t'utn
472 5546 702 5603 habebat
731 5562 796 5603 ex
820 5547 943 5619 pilis
972 5547 1186 5615 cameli,
1216 5566 1349 5606 zona
1379 5553 1600 5622 pellicca
1636 5568 1750 5614 erat
1778 5561 1879 5619 cir-

390 5742 437 5774 "
464 5739 592 5795 Luc.
628 5757 723 5803 vn.
748 5743 837 5799 2!.
878 5744 924 5777 ⁵⁸
944 5744 1250 5807 Matth—tn,
1290 5747 1343 5799 i.

315 5810 408 5871 35.
485 5813 530 5844 “
554 5811 783 5884 Philipp.
812 5828 894 5883 Ill,
927 5814 1118 5886 10,“.
1195 5817 1239 5848 ⁸³
1272 5815 1403 5875 lleb.
1439 5834 1490 5886 x,
1521 5819 1608 5876 3i.

1421 5749 1466 5780 ”
1494 5748 1679 5805 Matth.
1716 5769 1849 5817 χχιι,
1880 5754 1966 5809 l6.

1439 5834 1490 5880 x,
1521 5819 1608 5876 3i.
1690 5823 1734 5855 ⁸⁸
1759 5825 1954 5880 Enhcs.

1803 5841 1954 5895 pnes.

2000 4547 2119 4614 ejus
2175 4546 2351 4603 ductis
2398 4547 2641 4603 sortibus
2676 4544 2812 4601 inter
2871 4541 3286 4608 se‘diviserint,
3318 4540 3575 4595 admoue-

2000 4653 2141 4703 mur,
2173 4645 2234 4692 ιιι
2288 4651 2467 4691 rerum
2515 4635 2844 4692 caduearum
2893 4635 3163 4704 iacturam
3216 4629 3573 4701 parvipenda—

2000 4747 2141 4798 mus,
2180 4739 2237 4786 et
2280 4744 2498 4785 crucem
2549 4729 2963 4799 amplectamur,
3009 4720 3253 4795 rapinam
3306 4722 3569 4777 bonorum

1999 4830 2329 4889 nostrorum,
2361 4831 2421 4876 ut
2448 4820 2651 4877 Paulus
2682 4818 2844 4886 ait",
2875 4830 2999 4874 cum
3045 4814 3241 4888 gaudio
3272 4813 3574 4882 suscipien-

2000 4925 2105 4982 tes,
2138 4915 2574 4987 quandoquidem
2602 4910 2879 4969 meliorem
2900 4921 2953 4967 et
2979 4918 3284 4965 manentem
3314 4908 3574 4963 substan-

1998 5009 2125 5063 tiam
2154 5005 2414 5063 habemus
2441 5007 2492 5061 in
2520 5006 2697 5061 cmlis.

2069 5099 2190 5154 llaec
2210 5097 2389 5154 omnia
2416 5097 2572 5152 debet
2597 5096 2759 5153 homo
2779 5104 3036 5167 praestare
3067 5109 3165 5165 pro
3192 5092 3396 5149 Viribus
3425 5091 3560 5159 suis,

1995 5191 2230 5261 alioquin
2270 5192 2337 5267 in.
2376 5204 2591 5246 crucem
2626 5205 2749 5244 cum
2785 5187 3013 5244 Domino
3069 5202 3174 5243 non
3224 5185 3570 5243 conscendet.

1998 5285 2188 5348 I‘orro,
2222 5297 2343 5339 eum
2393 5285 2523 5339 hora
2574 5292 2727 5338 sexta
2785 5280 3083 5336 cruciﬁxus
3138 5279 3210 5335 sit
3255 5293 3354 5349 pro
3398 5277 3574 5336 salute

1996 5389 2180 5434 nostra
2212 5393 2332 5433 cum
2370 5385 2517 5431 tanta
2546 5375 2728 5431 cordis
2769 5374 3089 5441 acerbitate,
3119 5373 3375 5429 debemus
3409 5371 3564 5442 Igna-

1994 5472 2136 5524 viam
2162 5483 2375 5524 omncm
2416 5484 2479 5523 ac
2510 5467 2854 5522 formidinem
2886 5466 3184 5535 deponere,
3235 5464 3407 5521 donec
3440 5479 3565 5533 pec-

1996 5572 2176 5618 catum
2202 5562 2453 5626 intereat,
2476 5559 2751 5630 quoniam,
2783 5568 2837 5613 ut
2859 5557 3115 5628 scriptum
3143 5556 3295 5629 est“,
3330 5573 3425 5630 per
3446 5573 3569 5631 cru-

2048 5755 2093 5785 "
2120 5753 2249 5811 Luc.
2285 5770 2419 5821 χχιι,
2458 5753 2505 5808 'i.
2585 5756 2623 5787 '5‘
2664 5751 2848 5809 Matth.
2880 5769 3028 5823 xxvr,
3060 5752 3157 5822 59;
3258 5751 3423 5808 Marc.
3456 5764 3568 5814 xm

1998 5840 2059 5894 ιι,
2104 5825 2183 5879 Ιϐ.

3606 4722 3639 4759 ί,
