3968 6210
453 312 591 368 U39

1549 309 1820 365 I’ATRES
1852 309 2151 366 ΕΕῩΡΤΙΙ
2193 311 2463 368 ὃᾸΞΟυΜ
2497 311 2586 367 ιν.

3582 299 3730 355 1140

452 441 572 484 cem
613 426 887 483 interfecit
919 426 1256 480 inimicitiam
1289 425 1345 478 in
1395 439 1480 480 eo.
1524 425 1660 480 Nam
1705 428 1848 497 quod
1899 430 2032 484 hora
2062 434 2108 492 Α
2137 429 2469 485 voluntatem
2497 443 2650 482 suam
2689 441 2793 481 non
2838 432 3036 494 potest.
3068 421 3183 476 Non
3223 419 3386 473 ducet
3432 417 3600 486 alios,
3626 419 3724 488 qi

453 532 596 573 nona
632 517 886 572 clamavit
912 514 1070 572 Jesus
1091 532 1223 571 voce
1245 531 1472 588 magna:
1498 517 1660 584 Deus,
1689 517 1830 574 Deus
1860 529 2026 598 meus,

453 610 577 680 quid
635 607 959 679 dereliquisti
1011 602 1208 664 me“?
1260 615 1506 665 nostrum
1565 626 1691 666 esse
1740 609 2028 680 declarat,

453 712 642 775 postea
701 715 863 773 quam
932 703 1064 758 Vitia
1118 718 1216 759 nos
1282 704 1486 758 acriter
1539 697 1840 774 atiligentes
1881 705 2032 761 devi-

452 795 652 862 cimus,
695 804 754 849 ut
793 796 1004 850 tandem
1055 811 1179 851 cum
1233 796 1542 852 humilitate
1601 799 1904 854 clamantes
1957 799 2028 854 ad

457 886 646 952 Deum,
685 887 936 942 ﬁduciam
968 899 1268 942 sumamus.
1298 887 1450 955 Quod
1480 897 1665 944 autem
1693 889 1808 945 sole
1833 889 2031 946 obscu-

457 986 576 1032 rato
603 975 861 1033 Domimis
887 977 1067 1033 emisit
1094 978 1368 1048 Spiritum,
1412 979 1652 1049 intellige
1686 990 1814 1035 tunc
1868 980 1926 1035 in
1979 991 2033 1036 te

451 1079 724 1124 mortuum
755 1083 878 1126 esse
925 1080 1239 1140 peccatum,
1289 1087 1412 1126 cum
1446 1085 1572 1141 spes
1614 1077 1794 1126 rei-um
1827 1087 1950 1140 qua:
1975 1072 2030 1127 in

455 1161 556 1217 hoc
586 1165 786 1216 mundo
807 1171 1134 1229 eerttuntur,
1175 1166 1228 1218 in
1260 1164 1445 1219 animo
1473 1174 1566 1219 tuo
1597 1164 1802 1220 deiicit.
1832 1149 1903 1218 Et
1948 1182 2034 1218 ue-

450 1252 560 1307 lum
600 1255 777 1322 tempti
806 1256 1027 1310 scissum
1055 1263 1130 1309 est
1161 1274 1193 1308 ιι
1234 1265 1439 1309 summa
1474 1261 1636 1326 usque
1664 1257 1908 1310 deorsum
1939 1253 1985 1287 "
2013 1275 2027 1311 :

450 1347 596 1414 quod
623 1347 916 1417 significat,
943 1348 989 1402 si
1021 1363 1175 1403 mcns
1206 1345 1370 1402 fuerit
1397 1347 1643 1414 liberata,
1677 1347 2031 1404 interstitium

452 1437 765 1502 quodinter
799 1437 943 1491 illum
973 1448 1027 1493 et
1069 1427 1235 1492 Deum
1283 1439 1591 1503 intercedit,
1624 1439 1896 1494 sublatum
1938 1439 2028 1494 iri.

453 1525 627 1581 Petrae
650 1529 828 1583 scissa:
847 1539 990 1593 sunt,
1021 1540 1066 1582 et
1101 1535 1436 1583 monumenta
1461 1539 1645 1599 aperta
1665 1529 1732 1594 °’,
1772 1529 2031 1600 quaniam

451 1633 548 1688 per
579 1630 803 1675 mortem
840 1620 984 1683 illam
1011 1619 1166 1676 nobis
1201 1621 1523 1686 adhibitam,
1549 1635 1710 1676 omne
1743 1621 1954 1689 pondus
1979 1627 2036 1677 et

451 1713 690 1777 caecitas,
741 1721 797 1767 et
820 1720 1154 1782 quaecunque
1188 1723 1442 1784 premunt
1484 1714 1726 1770 animam
1762 1722 2028 1779 nostram,

2131 521 2473 592 compeditos
2504 527 2737 576 tenetur.
2768 517 2871 586 Qui
2903 517 2957 571 in
2987 513 3268 570 doloribus
3307 518 3578 575 venatur,
3611 527 3724 566 non

2132 614 2276 668 valet
2296 613 2600 684 quiescere.
2639 610 2754 666 Non
2777 609 2891 665 edit
2923 619 3046 663 cum
3072 606 3371 676 voluptate,
3393 602 3560 674 cujus
3581 602 3724 658 collo

2134 705 2370 776 injectus
2400 715 2484 760 est
2515 704 2760 773 laqueus.
2815 699 3006 769 Neque
3042 696 3275 767 amplius
3320 695 3553 763 coxitat,
3589 705 3725 765 quos

2133 797 2294 852 modo
2320 796 2425 850 alia
2451 795 2654 851 scelera
2673 793 2995 854 committat,
3020 788 3117 844 sed
3147 787 3199 842 in
3218 788 3366 842 luctu
3399 794 3459 841 et
3483 797 3727 842 mturare

2133 886 2283 955 degit
2303 885 2374 942 ob
2405 885 2494 941 illa
2527 881 2724 956 quibus
2763 878 3063 937 obstrictus
3091 886 3210 944 est,
3259 883 3316 931 et
3351 885 3582 946 propter
3604 889 3727 948 qua

2133 979 2329 1034 merito
2359 989 2652 1034 cruciatur.

2204 1070 2267 1126 ll.
2291 1070 2393 1138 Qui
2417 1070 2725 1126 considerat
2770 1076 3012 1124 estrema
3050 1068 3141 1124 llla
3179 1064 3440 1136 supplicia
3467 1103 3484 1126 .
3525 1063 3728 1135 quibus

2134 1156 2455 1218 adiciendus
2499 1170 2584 1216 cst
2622 1170 2843 1231 propter
2873 1169 3095 1228 peccata
3130 1173 3251 1221 sua,
3293 1157 3339 1212 is
3391 1155 3639 1211 animum
3670 1154 3726 1208 in

2133 1249 2350 1307 caeteris
2374 1249 2684 1321 judicandis
2737 1264 2843 1304 non
2876 1249 3038 1305 habet
3063 1255 3387 1316 occupatum
3420 1261 3438 1297 :
3475 1261 3577 1302 cor
3604 1243 3725 1318 ejus

2133 1342 2379 1398 stimulat
2423 1341 2577 1397 dolor
2605 1342 3043 1406 tormentorum;
3086 1339 3433 1396 cruciatuum
3460 1337 3724 1409 cogitatio

2135 1449 2242 1489 non
2271 1434 2544 1489 siniteum
2579 1432 2855 1489 curiosum
2879 1449 2897 1500 ι
2921 1432 2989 1488 de
3009 1432 3147 1488 cibis
3175 1447 3278 1488 non
3309 1441 3394 1488 est
3425 1430 3719 1488 sollicitus.

2134 1519 2252 1582 Non
2287 1525 2575 1597 respondet
2614 1525 2722 1580 illis
2755 1540 2786 1578 a
2841 1525 3038 1594 quibus
3073 1523 3306 1579 aﬂicitur
3335 1523 3668 1578 contumelia
3703 1537 3720 1588 ;

2135 1615 2360 1687 patienti
2389 1614 2572 1670 animo
2599 1605 2706 1670 fert
2755 1625 2947 1668 omnes
3001 1610 3253 1680 injurias,
3296 1624 3469 1680 seque
3496 1609 3721 1680 dignum

2137 1705 2242 1762 illis
2265 1705 2576 1773 existimat;
2609 1706 2750 1760 risus
2773 1705 2842 1759 ab
2871 1718 2936 1760 eo
2963 1701 3149 1774 procul
3177 1702 3368 1768 abest;
3391 1717 3516 1756 cum
3538 1699 3719 1770 suspi-

451 1807 888 1878 coniringuntur,
925 1817 979 1862 et
1011 1817 1223 1874 sensus,
1255 1809 1345 1876 qui
1395 1809 1552 1863 morti
1596 1808 1833 1864 fructum
1892 1809 2029 1868 fere-

2138 1798 2220 1854 rio
2273 1807 2328 1853 et
2375 1797 2576 1868 gemitu
2609 1795 2937 1852 formidandi
2975 1794 3167 1864 judicii
3197 1794 3252 1850 in
3282 1807 3394 1864 quo
3445 1791 3722 1848 sistendus

450 1897 605 1962 bant,
633 1899 1039 1963 convalescunt,
1066 1909 1228 1967 atque
1257 1900 1568 1953 excitantur
1597 1899 1802 1954 invicti.
1835 1899 1890 1953 ιιι
1919 1900 2034 1954 sin-

453 1991 592 2044 done
644 1990 842 2045 tnunda
879 2001 933 2044 et
966 1985 1307 2044 aromatibus
1367 1991 1642 2045 involutus
1692 2001 1799 2054 est,
1841 2000 1898 2045 ut
1933 2006 2034 2046 nos

450 2085 573 2147 past
601 2077 722 2148 ejus
752 2088 981 2133 mortem
1030 2079 1081 2132 in
1115 2076 1405 2132 sanctitate
1431 2086 1593 2148 atque
1621 2079 2032 2136 immortalitate

450 2169 924 2240 Conquiescamus.
972 2156 1040 2222 Et
1100 2179 1386 2236 posuerunt
1420 2161 1571 2222 illum
1614 2171 1667 2223 in
1698 2179 2033 2225 monumento

449 2273 617 2330 novo,
646 2261 700 2314 in
730 2277 832 2331 quo
862 2277 1010 2315 nemo
1055 2261 1252 2329 positus
1287 2260 1461 2329 [uetat
1497 2261 1542 2293 ⁸⁸
1575 2277 1590 2325 ;
1657 2273 1714 2315 ει
1752 2261 2036 2317 volverunt

451 2351 682 2422 lapidem
726 2365 980 2422 magnum
1023 2352 1090 2405 ad
1131 2352 1332 2406 ostium
1380 2353 1716 2407 monumenti
1765 2352 1834 2408 ".
1893 2350 2031 2408 Cum

448 2455 604 2498 mens
651 2447 719 2496 ab
773 2444 1024 2500 omnibus
1076 2443 1238 2515 hujus
1284 2445 1465 2498 saeculi
1516 2445 2028 2514 perturbationibus

448 2533 673 2591 liberata
705 2533 1001 2590 Sahbatum
1029 2537 1161 2607 agit,
1192 2546 1275 2591 est
1315 2536 1368 2591 in
1402 2546 1753 2592 monumento
1787 2553 1947 2602 novo,
1977 2547 2033 2592 et

448 2640 538 2679 res
567 2639 732 2680 novas
763 2635 930 2696 atque
980 2628 1326 2697 incorruptas
1354 2627 1666 2682 meditatur.
1709 2623 1809 2682 Ubi
1839 2644 2031 2698 corpus

447 2727 546 2778 est,
578 2716 708 2768 illuc
765 2717 1219 2786 congregabantur
1247 2726 1294 2770 et
1327 2716 1521 2786 aquilw
1549 2710 1617 2771 ⁷ο.
1672 2717 1923 2772 Surrexit
1977 2719 2029 2773 in

448 2806 618 2872 gloria
665 2805 842 2862 Patris
874 2808 977 2873 sui,
1023 2817 1078 2864 et
1127 2809 1374 2864 ascendit
1421 2810 1472 2864 in
1524 2811 1715 2875 cmlos,
1775 2814 1917 2865 sedet
1970 2813 2029 2866 in

447 2893 661 2946 dextera
693 2893 985 2962 majestatis
1016 2896 1070 2949 iu
1095 2895 1392 2951 excelsis".
1429 2897 1683 2953 Nostrum
1717 2900 1881 2970 igitur
1922 2911 2028 2964 est,

447 2982 742 3052 Apostolus
769 2988 864 3053 ait,
889 2986 1004 3040 utsi
1037 3003 1156 3042 cum
1183 2985 1391 3042 Christo
1431 2992 1878 3057 consurreximus,
1912 3000 2032 3062 quae

446 3091 654 3128 sursum
687 3085 806 3130 sunt
859 3077 1206 3146 iuquiramus,
1237 3079 1324 3130 ubi
1379 3078 1622 3134 Christus
1673 3090 1747 3142 ω
1776 3080 1828 3132 in
1858 3081 2029 3150 gloria

451 3166 545 3219 Dei
580 3168 780 3221 sedens.
835 3166 967 3234 Qut?
996 3185 1202 3223 sursum
1253 3178 1375 3223 sunt
1419 3172 1714 3239 sapiamus,
1771 3189 1875 3226 non
1914 3189 2032 3244 qua:

400 3261 404 3266 '
447 3274 604 3323 super
634 3270 848 3314 terram.
886 3252 1087 3315 Μογιαὲ
1131 3263 1268 3316 etaim
1323 3274 1440 3317 cum
1486 3261 1698 3318 Christo
1747 3277 1926 3320 sumus
1963 3266 2030 3332 τ’,

390 3410 412 3434 1
453 3348 543 3412 qui
576 3362 673 3415 pro
705 3358 898 3402 sancto
933 3351 1152 3403 nomine
1195 3360 1293 3404 suo
1331 3350 1498 3406 faciet
1531 3355 1811 3408 nobiscum
1868 3357 2032 3411 mise-

452 3437 737 3491 ricordiam
767 3454 919 3492 suam
949 3457 962 3506 ;
988 3450 1205 3495 nostras
1231 3443 1374 3495 enim
1414 3444 1533 3497 tulit
1573 3444 1944 3512 inﬁrmitates,
1976 3459 2034 3504 ut

447 3541 670 3602 peccata
706 3541 888 3585 nostra
921 3532 1141 3596 deleret,
1162 3546 1368 3603 nosque
1391 3533 1444 3588 in
1475 3547 1788 3592 sanctorum
1807 3553 2029 3594 suorum

460 3636 686 3676 numero
748 3621 1061 3691 collocaret,
1103 3624 1195 3694 qui
1245 3623 1376 3680 vivit
1409 3635 1464 3681 et
1492 3635 1680 3696 regnat
1727 3628 1781 3682 in
1834 3629 2030 3684 saecula

452 3712 798 3769 smculorum.
832 3715 1027 3769 Amen.

1010 3795 1268 3862 ORATIO
1303 3799 1444 3864 XIV.

625 3894 778 3950 Beati
805 3894 963 3951 Isaia:
1001 3897 1206 3952 abbatis
1241 3897 1410 3953 luctus
1435 3910 1482 3953 et
1511 3899 1836 3957 lamentatio.

524 3990 563 4045 l.
597 3988 679 4046 Me
709 3991 986 4056 miserum,
1011 4007 1096 4048 me
1127 3993 1408 4060 miserum,
1440 3995 1564 4064 quia
1605 3997 1842 4050 nondum
1875 4013 1904 4050 a
1939 4013 2032 4068 ge-

450 4081 639 4136 hennae
669 4082 790 4151 igne
817 4098 936 4137 sum
973 4084 1138 4139 liberi
1181 4084 1283 4151 Qui
1323 4085 1388 4139 ad
1435 4085 1580 4140 illam
1633 4086 1883 4142 homines
1933 4090 2030 4143 de-

449 4175 691 4240 trahunt,
723 4177 898 4232 adhuc
931 4177 983 4232 in
1031 4194 1117 4233 me
1154 4189 1453 4248 operantur
1488 4197 1502 4234 :
1539 4187 1596 4234 et
1640 4179 1821 4234 omnia
1861 4194 2027 4249 opera

448 4270 563 4339 ejus
594 4279 878 4325 ntovenwr
921 4271 972 4325 in
1000 4272 1162 4326 corde
1195 4287 1335 4327 meo.
1385 4272 1484 4339 Qui
1520 4287 1603 4326 me
1638 4272 1690 4326 in
1719 4272 2026 4328 incendium

449 4371 716 4414 conantur
745 4361 1077 4430 demergere,
1107 4371 1274 4430 agunt
1301 4361 1476 4415 adhuc
1519 4362 1570 4415 in
1599 4362 1765 4417 corde
1795 4377 1938 4425 meo.
1972 4371 2028 4418 et

2139 1899 2245 1956 est,
2297 1889 2648 1954 recordatur;
2692 1887 2736 1944 si
2767 1886 2898 1959 quid
2963 1885 3138 1955 audit,
3177 1899 3285 1942 non
3335 1883 3721 1940 animadvertit

2138 1993 2320 2038 utrum
2355 1997 2478 2037 cum
2529 1981 2694 2038 laude
2725 1981 2937 2036 dictum
2991 1981 3084 2046 sit,
3136 1995 3206 2034 an
3261 1988 3477 2044 contra;
3511 1975 3723 2031 doloris

2136 2075 2452 2146 magnitudo
2497 2075 2770 2146 ingentem
2809 2089 2875 2130 ex
2905 2073 3079 2129 oculis
3110 2071 3228 2140 ejus
3269 2069 3472 2140 c0piam
3521 2067 3724 2136 expri-

2135 2166 2237 2222 mit
2281 2167 2677 2239 lacrymarum;
2716 2165 2762 2222 si
2789 2179 2854 2220 ex
2878 2164 3042 2220 claris
3063 2162 3373 2234 parentibus
3403 2169 3563 2216 ortus
3606 2169 3722 2224 est,

2137 2260 2312 2329 magis
2353 2261 2518 2316 etiam
2560 2259 2724 2323 dolet,
2765 2259 3022 2329 quoniam
3054 2257 3108 2314 in
3147 2255 3350 2327 judicio
3387 2262 3503 2308 tam
3534 2251 3722 2307 multis

2137 2352 2512 2425 spectantibus
2535 2352 2796 2408 ridendus
2823 2360 2938 2418 est;
2985 2349 3039 2404 in
3091 2346 3286 2418 populo
3322 2361 3430 2400 non
3463 2343 3720 2400 conside-

2139 2454 2250 2508 rat,
2291 2446 2382 2516 qui
2411 2445 2558 2509 boni,
2584 2445 2674 2514 qui
2701 2443 2828 2500 mali
2856 2445 2967 2497 sint
3007 2461 3021 2497 ε
3059 2442 3105 2497 si
3149 2455 3254 2494 una
3306 2451 3432 2494 cum
3462 2439 3587 2507 ipso
3627 2435 3718 2490 alii

2139 2537 2304 2593 Vincti
2335 2539 2650 2604 trabttntnr,
2702 2550 2808 2591 non
2863 2535 3092 2590 attendit
3142 2533 3270 2598 illis,
3305 2546 3406 2586 nec
3447 2527 3721 2584 consultat

2137 2643 2262 2684 cum
2286 2629 2367 2682 eis
2393 2629 2525 2698 quid
2555 2627 2823 2700 agendum
2860 2628 2951 2684 sit.
3004 2625 3151 2681 Onus
3182 2625 3322 2679 enim
3357 2621 3460 2692 [ert
3500 2621 3720 2691 quisque

2134 2733 2287 2772 suum
2317 2719 2382 2772 ⁷³.
2431 2720 2566 2775 Dum
2611 2721 2680 2775 ad
2712 2718 3032 2790 supplicium
3066 2715 3323 2778 trahitur,
3356 2711 3546 2766 oculos
3571 2707 3720 2763 humi

2135 2810 2344 2866 deﬁxos
2369 2820 2543 2876 tenet;
2581 2824 2741 2866 nemo
2774 2811 2842 2865 de
2868 2809 2960 2864 illo
2990 2807 3153 2861 audet
3176 2804 3341 2860 verba
3377 2801 3560 2856 facere
3592 2813 3719 2868 pro-

2135 2909 2256 2970 pter
2299 2908 2501 2954 metum
2535 2909 2954 2954 tormentorum.
2990 2897 3064 2951 Ea
3091 2911 3210 2966 qua:
3245 2892 3497 2964 patrarit,
3528 2903 3720 2961 quam:

2135 2992 2322 3045 obrem
2351 2989 2546 3046 merito
2583 2990 2870 3045 damnatus
2901 2989 2995 3054 sit,
3025 2988 3138 3058 ipse
3163 2987 3472 3042 conﬁtetur.

2208 3078 2300 3134 lll.
2336 3080 2588 3148 Quandiu
2633 3081 2793 3151 igitur
2833 3079 3016 3136 ebrius
3044 3093 3140 3133 ero
3177 3078 3296 3133 sine
3327 3077 3477 3142 vino,
3518 3083 3568 3129 et
3600 3074 3720 3129 haec

2151 3188 2271 3243 qua:
2301 3183 2428 3228 ante
2454 3187 2540 3229 me
2592 3183 2718 3230 sunt
2764 3169 3072 3243 negligam!
3125 3170 3367 3224 Ariditas
3394 3165 3578 3222 cordis
3611 3165 3718 3221 mel

2136 3265 2323 3320 oculos
2358 3280 2509 3322 meos
2559 3266 2872 3320 exsiccavit.
2929 3264 2994 3318 Et
3041 3261 3417 3318 sollicitudinis
3450 3261 3716 3316 ebrietate

2142 3365 2310 3426 caput
2335 3371 2510 3410 meum
2541 3358 2864 3412 exhaustum
2889 3365 2990 3412 est.
3015 3354 3196 3409 Animi
3226 3353 3502 3408 distraetio
3523 3352 3593 3406 ad
3615 3352 3719 3406 ho-

2135 3461 2253 3502 ram
2290 3458 2464 3517 usque
2517 3448 2856 3504 tenebrarum
2905 3446 3035 3502 mihi
3089 3445 3419 3501 oblivionem
3463 3444 3712 3498 adduxit.

2141 3538 2405 3610 Corporis
2427 3541 2722 3596 necessitas
2760 3539 3000 3594 devinxit
3030 3553 3145 3605 me;
3177 3546 3231 3594 et
3266 3537 3521 3600 interitus
3542 3537 3610 3590 de
3631 3537 3715 3590 via

2145 3646 2232 3684 me
2265 3632 2410 3702 cogit
2451 3629 2762 3688 deﬂectere.
2809 3631 2994 3702 Neque
3019 3634 3254 3686 amicum
3299 3631 3494 3694 habeo,
3525 3631 3618 3700 qui
3651 3631 3716 3685 de

2146 3737 2232 3776 me
2279 3721 2562 3792 loquatur;
2616 3736 2716 3777 nec
2761 3737 2956 3776 munus
2989 3732 3071 3777 est
3106 3721 3260 3788 mihi,
3315 3721 3459 3790 quod
3507 3722 3715 3777 civibus

2141 3813 2376 3868 mittam.
2410 3813 2574 3868 Fama
2597 3814 2964 3868 calamitatum
2990 3815 3189 3884 quibus
3234 3811 3458 3876 alﬁcior,
3501 3800 3629 3868 facit
3659 3824 3717 3869 ut

2134 3918 2223 3958 me
2257 3919 2361 3958 non
2389 3914 2704 3972 agnoscant.
2730 3905 2785 3959 Si
2816 3921 2912 3960 eos
2940 3905 3190 3975 imploro,
3220 3920 3327 3960 non
3356 3905 3584 3960 audiunt
3610 3923 3712 3964 me.

2135 3992 2331 4048 Vident
2356 3994 2500 4049 enim
2531 4008 2618 4048 me
2658 3995 2893 4050 nondum
2927 4011 2956 4050 a
2986 3994 3266 4053 doloribus
3312 3997 3568 4053 liberum.
3609 3998 3715 4054 Cor

2135 4102 2310 4140 meum
2338 4087 2759 4142 consolationem
2787 4103 2895 4142 non
2925 4087 3143 4144 invenit.
3182 4087 3538 4145 Peccatorom
3568 4091 3712 4161 enin!

2133 4177 2356 4232 aculeus
2403 4177 2524 4232 sine
2569 4177 2675 4232 ulla
2721 4179 3126 4234 intermissione
3180 4195 3267 4236 me
3316 4181 3604 4248 stimulat;
3658 4191 3714 4237 et

2131 4282 2270 4322 Onus
2303 4267 2644 4337 iniquitatutn
2699 4283 2940 4324 mearum
2974 4269 3323 4340 ingravescit.
3369 4270 3484 4327 Nec
3534 4282 3712 4330 tamen

2134 4359 2273 4428 ignis
2319 4359 2427 4413 vim
2478 4359 2639 4428 plane
2675 4361 2988 4427 reformido,
3028 4363 3284 4432 quoniam
3330 4362 3384 4416 in
3435 4363 3588 4418 illum
3628 4379 3714 4422 me

451 4454 654 4505 fructus
696 4466 825 4505 suos
868 4450 1114 4520 proferre
1160 4452 1401 4521 cupiunt.
1432 4438 1683 4506 Nondum
1719 4452 1850 4506 mihi
1887 4467 2022 4507 con-
2055 4451 2100 4506 Ι)
2131 4449 2383 4520 injectum
2409 4449 2475 4504 iri
2504 4451 2847 4520 exploratum
2882 4467 2986 4507 non
3024 4452 3219 4508 habeo.
3241 4451 3461 4508 Clamor
3486 4455 3542 4508 iu
3571 4456 3717 4511 auri-

448 4551 577 4608 stat,
611 4556 845 4612 quonam
875 4541 1000 4596 hinc
1053 4543 1155 4597 sim
1188 4544 1551 4612 profecturus.
1603 4543 1850 4599 Nondum
1889 4544 2023 4599 mihi

451 4645 633 4704 parata
658 4644 741 4689 cst
775 4645 917 4689 recta
947 4633 1312 4690 via.Nondum
1338 4634 1497 4706 plane
1522 4637 1784 4692 liberatus
1809 4653 1929 4692 sum
1958 4637 2027 4691 ab

453 4727 626 4780 aereis
663 4725 1042 4794 potestatibus,
1074 4736 1194 4795 qua:
1245 4725 1374 4780 ntihi
1407 4742 1502 4796 per
1526 4727 1666 4782 tnala
1697 4743 1815 4782 mea
1861 4738 2026 4798 opera

451 4817 717 4870 dominari
747 4826 1031 4870 conantur.
1057 4815 1303 4870 Nondum
1329 4817 1676 4873 liberatorem
1701 4833 1878 4873 meum
1908 4833 2030 4872 sus~

451 4909 590 4976 cepi,
634 4908 724 4977 qui
755 4909 902 4963 venit
955 4919 1013 4963 ut
1063 4925 1146 4964 me
1177 4909 1246 4963 ab
1280 4909 1412 4979 ipsis
1464 4911 1789 4966 vindicaret.
1832 4909 2023 4964 Adhuc

450 5002 594 5055 enim
635 5000 803 5056 inme
837 5001 981 5070 viget
1016 5015 1200 5055 earum
1262 5002 1603 5072 improbitas.
1651 5001 1900 5058 Nondum
1938 5003 2022 5057 vi-

451 5093 571 5158 deo,
614 5108 734 5163 quin
783 5091 916 5146 mihi
950 5093 1090 5162 apud
1134 5091 1374 5161 judicent
1419 5095 1589 5164 possit
1631 5109 1754 5150 esse
1804 5093 2021 5148 ﬁducia.

451 5178 697 5239 Nondum
724 5185 1062 5254 exploratum
1094 5187 1264 5240 habeo
1285 5225 1299 5248 ,
1345 5195 1525 5240 utrum
1561 5196 1734 5240 marte
1793 5184 2023 5238 multan-

451 5277 551 5330 dus
575 5277 698 5342 situ,
736 5291 924 5332 necne.
966 5274 1216 5331 Nondum
1243 5286 1308 5332 ex
1337 5292 1550 5332 reorum
1583 5288 1808 5331 numero
1833 5285 2023 5330 exem-

453 5371 573 5432 ptus
622 5380 762 5422 sunt.
812 5367 958 5424 Reus
987 5369 1078 5438 qui
1131 5371 1182 5424 in
1233 5384 1450 5425 carcere
1492 5369 1700 5423 vinctus
1758 5377 1863 5431 csl,
1919 5383 2022 5420 non

454 5458 681 5514 laetatur.
739 5460 840 5528 Qui
895 5459 1087 5519 fcrrcis
1117 5462 1414 5519 obstrictus
1447 5471 1530 5517 est
1561 5460 1811 5521 vinculis,
1843 5459 2024 5516 facere

524 5677 570 5709 ⁸⁸
623 5676 809 5731 Matth.
852 5694 1020 5743 xmt,
1050 5679 1137 5736 46.
1217 5684 1260 5714 ⁶⁶
1295 5683 1423 5736 ibid.
1454 5683 1544 5737 5i.

454 5764 600 5809 xxtv.
632 5747 734 5807 28;
769 5746 900 5806 Luc.
933 5765 1064 5814 un,
1089 5752 1178 5808 57.
1255 5752 1294 5785 ⁷¹
1330 5753 1462 5808 llch.
1513 5769 1550 5820 ι,
1581 5753 1635 5810 5.

1649 5683 1689 5714 ⁸⁷
1721 5680 1849 5736 ibid.
1883 5681 1972 5743 5|,
2001 5681 2091 5736 5.).

1738 5753 1783 5784 τ’
1813 5750 2018 5808 (Soleas.
2059 5767 2141 5819 tu,
2181 5751 2298 5808 i-3.

2127 4545 2226 4600 bus
2275 4544 2412 4599 meis
2460 4545 2699 4610 insonat,
2751 4545 2805 4599 in
2859 4547 3162 4616 propinquo
3193 4547 3512 4618 supplicium
3558 4563 3710 4605 esse.

2128 4634 2363 4690 Vulnera
2405 4650 2524 4706 qua!
2571 4645 2763 4691 sanata
2814 4637 3170 4702 videbantur,
3219 4639 3273 4694 in
3319 4653 3542 4708 corpore
3581 4654 3714 4697 meo

2129 4728 2558 4793 recrudescunt;
2603 4737 2702 4783 nec
2738 4737 2917 4782 tamen
2943 4729 3116 4785 adhuc
3142 4737 3614 4800 computruerunt,
3654 4741 3715 4790 ut

2127 4819 2365 4873 tnedium
2401 4818 2695 4888 requiram.
2721 4818 2961 4889 Contr-go
2992 4820 3216 4876 vulnera
3249 4837 3392 4890 mea,
3426 4838 3496 4879 nc
3522 4823 3592 4877 ab
3616 4825 3712 4878 ho-

2129 4909 2364 4963 minibus
2391 4908 2716 4976 videantur;
2761 4920 2816 4964 et
2852 4912 2962 4978 pati
2991 4924 3225 4981 nequeo,
3261 4921 3319 4965 ut
3352 4929 3418 4968 ea
3469 4915 3710 4969 medicus

2121 5008 2291 5053 curet.
2338 4999 2545 5053 Acerba
2606 4999 2812 5054 inferre
2848 5003 2963 5054 vult
3015 5002 3434 5071 medicamenta,
3464 5006 3559 5060 sed
3609 5020 3707 5074 ego

2123 5103 2230 5144 non
2286 5088 2481 5158 patior.
2525 5089 2705 5145 Bonus
2744 5099 2829 5145 cst
2882 5091 3148 5156 medicus,
3188 5105 3289 5148 nec
3329 5095 3636 5150 mercedem
3674 5109 3704 5148 a

2123 5197 2208 5235 me
2240 5181 2500 5250 requirit;
2530 5192 2584 5236 et
2607 5197 2707 5252 ego
2738 5197 2855 5237 sum
2882 5183 2952 5237 ita
2973 5184 3146 5256 piger,
3184 5195 3243 5239 ut
3270 5187 3338 5238 ad
3367 5201 3494 5242 eum
3515 5200 3707 5256 graver

2129 5273 2405 5328 accedere.
2442 5265 2590 5329 Ultro
2614 5273 2728 5344 ipse
2758 5274 2825 5327 ad
2856 5288 2940 5330 me
2969 5276 3209 5340 venit,ut
3238 5275 3369 5329 mihi
3391 5278 3702 5342 medeatur;

2129 5377 2183 5422 et
2208 5366 2411 5421 invenit
2439 5381 2526 5422 me
2559 5368 2928 5423 comedentem
2957 5381 3077 5440 qua:
3103 5369 3414 5426 vulneribus
3431 5382 3561 5426 sunt
3583 5386 3704 5426 con-

2134 5459 2320 5514 traria.
2353 5457 2612 5514 Hortatur
2637 5473 2743 5528 me,
2785 5469 2844 5515 ut
2889 5461 3144 5534 deinceps
3162 5463 3470 5518 abstineam
3495 5478 3512 5528 ;
3540 5471 3594 5518 et
3616 5473 3703 5516 res

2197 5680 2426 5754 “Acan.
2467 5683 2675 5754 ωλι.
2771 5685 2817 5718 "
2849 5683 3040 5743 Matth.
3078 5695 3252 5754 u'vu,
3284 5685 3373 5742 60.
3440 5687 3695 5746 "Matth.

2402 5753 2449 5785 ⁷³
2479 5752 2597 5809 Gal.
2632 5769 2705 5824 γι,
2731 5755 2784 5810 5.
