3978 6192
328 268 448 322 HM

1360 284 1418 338 S.
1462 283 1668 341 lSAIAS
1707 284 2012 341 ABBATIS
2050 286 2461 344 ORATIONES.

3421 291 3558 348 “.12

323 388 508 492 scendi
538 388 781 496 voluptas
801 407 894 447 cor
937 410 1110 450 meum
1153 400 1367 472 decipit.
1401 405 1624 472 Quoties
1647 407 1893 475 comedo,
1921 442 1969 499 Α
1999 409 2267 478 con/idum
2296 411 2352 463 in
2385 407 2608 461 Domino
2637 407 2712 476 (8)
2747 425 2759 461 :
2791 423 2892 461 non
2915 409 3315 462 commovebitur
3345 410 3397 461 in
3416 422 3558 465 a-ter-

324 485 486 536 toties
521 498 605 536 me
636 484 860 552 ptenitet
912 492 1240 561 comedisse;
1271 497 1372 550 'sed
1406 501 1721 564 ptenitentia
1773 517 1890 558 mea

325 587 436 628 non
468 582 548 628 est
583 588 728 628 vera.
754 577 915 657 Mittit
938 581 1026 636 ille
1054 585 1182 639 mihi
1210 588 1349 656 quod
1375 592 1741 656 comedam,ut
1764 608 1892 649 con-

322 664 594 718 valescam
620 684 634 732 ;
671 677 723 721 at
755 669 894 723 mala
928 676 1259 732 consuetudo
1292 692 1355 732 ea
1379 695 1466 734 me
1492 685 1766 754 suscipere
1785 703 1890 744 non

326 753 606 818 pertnittit.
647 754 704 808 lu
751 772 981 824 summa,
1033 763 1159 830 quid
1199 780 1352 834 agam
1379 806 1394 830 ,
1446 753 1654 839 ignoro.
1693 769 1892 844 Lugete

322 857 567 910 mecum,
598 860 787 901 omnes
834 864 926 902 vos
978 850 1176 908 fratres
1221 857 1348 922 mei,
1385 869 1442 913 ut
1482 859 1576 915 Dei
1628 865 1889 922 auxilium

320 930 527 1026 viribus
559 937 692 990 meis
739 937 909 1006 majus
937 942 1006 995 ad
1043 958 1127 997 me
1155 945 1462 1011 descendat,
1498 961 1556 1006 ut
1584 969 1670 1009 me
1706 968 1888 1026 regat,

318 1028 376 1072 et
414 1019 623 1086 doceat,
665 1028 917 1093 quoniam
977 1030 1166 1099 ipsius'
1191 1047 1275 1090 est
1315 1053 1558 1110 regnum,
1591 1053 1646 1098 et
1694 1019 1888 1112 gloria,

317 1125 464 1257 :unc
498 1120 553 1167 et
594 1128 838 1186 semper,
883 1131 938 1175 et
982 1122 1037 1177 in
1077 1127 1257 1180 omnia
1298 1130 1494 1186 saecula
1541 1135 1887 1191 seculorum.

368 1218 512 1257 men.

368 1218 418 1257 m
425 1218 512 1260 en.

882 1323 1139 1386 ORATIO
1176 1325 1291 1388 XV.

743 1431 819 1486 De
853 1439 1036 1492 mundi
1067 1444 1467 1502 renuntiatione.

394 1541 433 1595 1.
494 1541 818 1602 Rationibus
867 1553 1070 1607 nostris
1117 1557 1500 1628 consulamus,
1541 1562 1888 1631 charissimi,

317 1637 576 1703 quoniam
623 1646 835 1708 tempus
880 1642 1042 1699 breve
1090 1655 1173 1700 est
1202 1647 1270 1702 '".
1312 1627 1506 1707 Animo
1556 1667 1751 1711 vacare
1784 1627 1887 1712 lion

319 1735 499 1794 potest
520 1728 609 1796 qui
641 1728 709 1782 de
738 1744 964 1800 corpore
996 1733 1268 1808 sollicitus;
1296 1747 1396 1796 est.
1428 1740 1886 1809 Quemadmodum

318 1832 480 1872 nemo
526 1829 698 1889 potest
750 1823 965 1878 oculum
1024 1843 1188 1882 unum
1240 1833 1291 1885 in
1323 1833 1516 1889 cmlum
1575 1837 1782 1902 tollere,
1829 1851 1881 1895 et

324 1907 552 1962 alterum
581 1909 724 1966 hutni
760 1914 1026 1985 deligere;
1056 1919 1128 1973 ita
1159 1937 1311 1979 mens
1334 1931 1517 1995 nequit
1547 1945 1665 1999 quae
1701 1931 1792 1986 Dei
1831 1943 1888 1987 et

321 2014 440 2068 qua:
465 2003 645 2056 mundi
696 2014 820 2059 sunt
852 2007 1010 2061 simul
1037 2025 1251 2068 curare.
1300 2016 1375 2071 De
1415 2018 1480 2072 iis
1510 2035 1628 2090 qua:
1657 2023 1752 2078 tibi
1780 2040 1884 2080 non

317 2101 565 2159 prosunt,
595 2101 646 2148 te
676 2096 810 2150 adeo
838 2096 1004 2154 fuisse
1023 2102 1315 2160 sollicitum
1362 2109 1670 2178 erubesces,
1701 2130 1822 2170 cum
1855 2133 1887 2173 e

317 2195 548 2275 corpore
569 2189 890 2243 excesseris.
919 2189 1084 2246 Deum
1123 2196 1272 2260 time,
1305 2201 1394 2267 qui
1428 2209 1550 2258 tuas
1601 2207 1886 2275 cogitatio-

317 2286 412 2325 nes
436 2271 688 2329 intuetur.
709 2276 838 2343 Quae
859 2294 1042 2336 coram
1069 2285 1372 2342 hominibus
1396 2288 1573 2347 facere
1590 2271 1886 2367 erubescis,

315 2377 377 2415 ea
404 2372 459 2416 et
491 2366 701 2422 occulte
727 2371 967 2439 cogitare
999 2383 1153 2444 turpe
1178 2387 1326 2446 puta.
1353 2377 1423 2436 Ut
1443 2385 1604 2440 arbor
1619 2402 1682 2441 ex
1710 2366 1886 2445 fructu

317 2457 682 2546 cognoscitur,
711 2462 790 2516 sic
815 2477 881 2516 ex
913 2466 1236 2534 cogitatione
1268 2486 1422 2529 mens
1470 2477 1648 2544 qualis
1677 2480 1767 2546 sit,
1805 2484 1888 2536 in-

319 2543 594 2642 telligitur.
621 2549 870 2642 Quandiu
898 2565 1120 2622 peccato
1150 2569 1323 2627 pales,
1362 2579 1429 2619 ne
1454 2543 1505 2621 te
1536 2543 1762 2624 liberum
1790 2589 1889 2642 pu-

319 2642 419 2729 tes.
444 2638 553 2729 Qui
578 2653 705 2694 vera
735 2640 932 2698 fruitur
959 2646 1231 2717 libertate,
1257 2651 1302 2706 is
1332 2653 1385 2706 in
1409 2669 1598 2711 eorum
1628 2674 1747 2729 quae
1776 2638 1890 2716 tur-

319 2724 459 2789 piter
491 2727 726 2797 admisit,
783 2735 1128 2794 meditatione
1180 2755 1285 2796 non
1323 2724 1661 2804 immoratur:
1712 2751 1790 2806 Ne
1836 2763 1888 2808 te

317 2816 485 2913 igitur
509 2819 740 2878 liberum
784 2828 1032 2884 existima
1054 2872 1070 2898 ,
1113 2834 1282 2891 donec
1312 2835 1598 2896 Dominum
1626 2859 1889 2913 provocas

316 2909 386 2963 ad
431 2911 871 2983 indignationem.
909 2920 1155 2980 Libertas
1191 2943 1294 2983 non
1326 2930 1562 3000 advenit,
1593 2909 1734 3005 quod
1769 2941 1888 2995 ani-

318 3017 440 3100 mus
473 3005 674 3074 aliquid
697 3023 882 3065 eorum
907 3028 1024 3081 qua:
1052 3017 1105 3070 in
1137 3022 1336 3076 mundo
1362 3034 1508 3088 sunt,
1528 3031 1885 3100 concupiscit.

318 3091 484 3198 Ea.te
514 3110 638 3149 cura
664 3099 938 3166 sollicitet,
970 3109 1114 3173 quod
1141 3123 1547 3168 resurrecturus
1579 3118 1676 3183 sis,
1703 3091 1756 3174 et
1779 3122 1886 3177 Deo
1913 3146 1958 3204 ο

321 3185 584 3282 rationem
623 3191 962 3282 redditurus.
1011 3195 1175 3252 Deum
1209 3201 1358 3267 time,
1394 3205 1483 3273 qui
1515 3208 1720 3277 singula
1769 3229 1890 3282 qum

320 3272 518 3340 fecisti,
541 3276 879 3344 iudicaturus
901 3295 1006 3343 est.
1031 3287 1130 3354 Qui
1152 3298 1262 3344 tam
1292 3272 1554 3351 sollicitus
1585 3272 1667 3365 es,
1694 3301 1738 3354 si
1768 3272 1889 3357 cor-

319 3378 419 3431 pus
452 3378 692 3436 aagrotat,
729 3383 788 3427 ut
821 3375 947 3430 illud
980 3393 1176 3434 cures:
1208 3398 1306 3437 cur
1333 3389 1640 3444 nonstudes
1664 3392 1784 3447 utin
1805 3407 1890 3448 re-

321 3459 655 3550 surrectione
690 3461 903 3519 beatum
934 3465 1231 3523 eilieiatur?
1276 3473 1545 3542 Quotidie,
1598 3489 1887 3550 antequam

325 3545 438 3639 Deo
481 3562 667 3615 preces
716 3552 984 3619 eliundas,
1039 3568 1216 3613 tecum
1263 3562 1380 3630 ipse
1429 3568 1712 3622 considera
1744 3545 1889 3639 quod

316 3636 510 3690 vitium
533 3642 826 3708 superaris.
855 3646 1318 3710 Quemadmodum
1348 3661 1492 3708 terra
1536 3656 1654 3712 sine
1687 3636 1892 3717 semine

316 3739 371 3784 et
397 3746 534 3800 aqua
566 3732 798 3789 fructum
834 3734 977 3792 ferre
1005 3755 1109 3793 non
1153 3751 1328 3811 potest
1358 3759 1372 3796 :
1409 3746 1487 3801 sic
1515 3762 1676 3815 agere
1708 3752 1894 3819 nequit

319 3822 483 3877 homo
515 3825 887 3893 paenitentiam
918 3829 1035 3883 sine
1061 3831 1365 3889 humilitate
1396 3846 1448 3889 et
1487 3841 1727 3906 corporis
1760 3841 1893 3897 allii-

316 3913 522 3968 ctione.
561 3915 714 3971 Aeris
747 3916 1058 3975 circumfusi
1091 3931 1146 3976 et
1184 3924 1442 3994 spirantis
1483 3927 1662 3984 alﬂatu
1699 3933 1894 3987 ﬂorent.

317 4006 560 4073 germina
592 4024 606 4060 :
640 4016 696 4062 et
723 4011 1098 4065 mandatorum
1129 4015 1469 4071 observantia
1512 4020 1665 4075 ﬂoret
1710 4023 1891 4080 homo.

317 4097 450 4162 Quae
490 4098 706 4166 quidem
735 4101 1088 4157 observantia
1136 4107 1258 4162 ﬁdei
1297 4108 1348 4161 in
1390 4109 1557 4165 Deum
1604 4123 1689 4169 est
1732 4129 1893 4184 argu-

320 4196 582 4242 mentum.
610 4189 796 4244 Timor
823 4191 920 4245 Dei
951 4195 1335 4250 conscientiam
1367 4197 1629 4268 integram
1663 4213 1716 4257 et
1743 4214 1892 4258 tran-

319 4279 543 4347 quillam
598 4291 903 4337 conservat.
952 4283 1008 4338 Si
1067 4286 1162 4339 tibi
1215 4287 1267 4340 in
1313 4289 1503 4344 cellula
1535 4296 1892 4350 commoranti

319 4370 792 4439 voluptassensus
821 4381 943 4428 tuos
969 4373 1188 4430 libidine
1217 4376 1532 4443 titillaverit,
1569 4382 1772 4450 primos
1803 4399 1895 4439 co-

1994 520 2138 568 num,
2168 505 2256 574 qui
2283 503 2488 558 habitat
2535 503 2592 557 in
2623 502 2953 558 Hierusalem
2989 503 3057 556 ".
3095 503 3196 570 Qui
3244 501 3416 558 credit
3455 503 3558 560 sibi

1991 609 2113 650 cum
2138 609 2168 648 e
2188 609 2414 663 corpore
2440 593 2768 658 discesserit,
2774 592 3033 662 judicium
3049 607 3169 649 esse
3200 593 3556 661 subeundum,

1993 688 2038 742 is
2073 685 2216 741 nulla
2240 686 2293 741 in
2312 701 2370 741 re
2389 685 2594 756 iudicat
2616 686 2917 756 proximum
2952 700 3126 741 suum.
3159 683 3372 755 Oportet
3393 687 3556 751 enim,

1993 788 2050 830 ut
2085 778 2343 846 scriptum
2389 786 2476 832 est
2503 777 2571 842 ⁷⁸,
2607 792 2786 832 omnes
2833 792 2926 831 nos
2978 777 3094 831 sisti
3147 787 3266 832 ante
3323 776 3556 831 tribunal

1993 869 2216 933 Christi,
2256 879 2313 922 ut
2364 869 2722 938 unusquisque
2776 867 2994 938 recipiat
3041 883 3106 922 ea:
3151 867 3390 936 operibus
3437 883 3554 939 qua:

1990 961 2142 1029 gessit
2171 961 2225 1013 in
2259 975 2478 1029 corpore
2507 975 2603 1014 suo
2623 998 2639 1025 ,
2679 959 2754 1014 uel
2780 961 3054 1028 prazmium
3099 960 3178 1014 vel
3219 959 3552 1030 supplicium.

1991 1049 2090 1116 Qui
2127 1051 2299 1104 credit
2357 1050 2592 1104 futurum
2622 1064 2743 1104 esse
2766 1059 3073 1104 sanctorum
3107 1065 3350 1121 regnum,
3404 1057 3557 1104 cavet

1991 1151 2058 1190 ne
2095 1136 2146 1190 in
2196 1137 2374 1206 parvis
2417 1145 2510 1190 aut
2534 1136 2770 1191 minimis
2824 1135 2985 1191 rebus
3013 1146 3220 1206 peccet,
3245 1144 3303 1190 ut
3332 1136 3423 1190 ﬂat
3463 1151 3558 1190 vas

1991 1227 2241 1282 electum.
2281 1227 2417 1282 Nam
2461 1227 2650 1292 simile,
2695 1227 2950 1297 inquit",
2983 1237 3056 1282 es:
3078 1243 3288 1298 regnum
3314 1229 3557 1282 caelorum

1989 1334 2196 1388 sagena:
2234 1320 2410 1374 missa:
2469 1319 2525 1373 in
2566 1333 2729 1383 mare,
2759 1330 2806 1373 et
2835 1335 2900 1373 ea:
2929 1318 3070 1372 omni
3113 1333 3295 1388 genere
3336 1317 3556 1387 piscium

1989 1411 2319 1481 congreganti
2331 1427 2352 1474 ;
2375 1427 2500 1477 quos
2515 1426 2631 1464 cum
2655 1409 2868 1480 impleta
2879 1420 3034 1476 esset,
3047 1410 3371 1464 extrahentes
3393 1406 3558 1477 elege-

1992 1511 2109 1553 runt
2135 1503 2315 1566 bonos,
2362 1511 2410 1555 et
2451 1510 2629 1568 putres
2659 1500 2983 1564 abiecerunt.
3023 1500 3124 1566 Qui
3158 1498 3332 1553 credit
3359 1511 3557 1567 corpus

1989 1601 2147 1645 suum
2176 1591 2229 1645 in
2261 1591 2350 1646 die
2395 1591 2581 1662 judicii
2621 1601 3074 1658 resurrecturum,
3107 1589 3264 1645 debet
3317 1587 3446 1643 illud
3487 1588 3556 1642 ab

1989 1682 2135 1736 omni
2167 1682 2326 1736 sorde
2351 1696 2406 1737 et
2433 1681 2644 1738 macula
2671 1699 2860 1752 purum
2892 1683 3270 1752 integrumque
3309 1694 3557 1736 servare.

1921 1776 1964 1830 Β
1989 1770 2308 1840 Reformabit
2339 1773 2476 1826 enim
2496 1811 2512 1837 ,
2546 1783 2606 1828 ut
2646 1774 2904 1842 scriptum
2940 1783 3025 1829 est
3057 1773 3126 1838 ⁷⁸,
3167 1788 3353 1840 corpus
3386 1771 3558 1824 humi-

1985 1861 2151 1915 litatis
2177 1872 2394 1927 nostra,
2422 1871 2478 1916 ut
2508 1863 2574 1917 sit
2607 1863 2876 1930 conforme
2905 1864 3112 1932 corpori
3161 1862 3417 1916 claritatis
3445 1877 3557 1916 sua:

1987 1957 2274 2033 secundum
2306 1956 2659 2022 operationem
2691 1955 2899 2009 uirtutis
2925 1971 3055 2009 sure.
3087 1951 3232 2008 Nihil
3253 1964 3338 2009 est
3368 1953 3421 2006 in
3455 1953 3560 2008 hoc

1997 2026 2430 2111 mund-orquod
2479 2057 2600 2098 eum
2662 2043 2717 2097 in
2767 2058 2876 2113 quo
2907 2044 3000 2098 Dei
3055 2044 3290 2098 Charitas
3328 2042 3556 2105 habitat,

1988 2135 2157 2202 possit
2192 2135 2260 2190 ab
2298 2135 2388 2190 illa
2418 2149 2695 2205 separare.
2738 2133 2870 2201 Quis
2917 2135 3090 2199 enim,
3126 2133 3300 2204 inquit
3327 2132 3559 2202 Aposto-

1987 2226 2072 2281 lus
2085 2226 2155 2292 ’⁸,
2187 2242 2281 2280 nos
2328 2228 2592 2294 separabit
2625 2243 2658 2280 a
2683 2227 2942 2280 charitate
2983 2224 3123 2279 Dei?
3151 2225 3424 2279 tribulatio
3439 2225 3474 2278 2-
3490 2241 3560 2279 an

1988 2318 2231 2387 angustia
2253 2317 2279 2370 .’
2301 2333 2370 2370 an
2404 2317 2567 2386 {ornes
2585 2316 2612 2370 ?
2645 2333 2715 2369 an
2742 2315 2992 2370 auditas?
3031 2331 3099 2368 an
3123 2314 3416 2384 periculum
3435 2316 3462 2368 .’
3489 2333 3560 2369 an

1985 2409 2314 2478 persecutio?
2337 2425 2406 2462 an
2425 2409 2634 2477 gladius
2655 2408 2682 2460 .’
2719 2407 2931 2463 Utinam
2964 2423 3060 2463 nos
3087 2408 3229 2464 inter
3260 2407 3378 2463 illos
3406 2422 3559 2476 repe-

1987 2501 2092 2554 riat
2143 2499 2304 2562 Deus,
2335 2514 2471 2568 quos
2510 2497 2653 2553 nulla
2683 2513 2768 2553 res
2800 2497 2958 2565 hujus
3009 2498 3192 2553 mundi
3226 2499 3496 2567 separavit
3527 2513 3560 2552 a

1989 2587 2251 2641 charitate
2277 2585 2502 2652 Christi,
2546 2595 2604 2641 ut
2639 2602 2745 2640 una
2783 2603 2906 2642 cum
2951 2587 3058 2643 illis
3094 2587 3429 2644 inveniamus
3459 2588 3559 2642 mi-

1988 2677 2334 2732 sericordiam
2360 2692 2454 2744 per
2475 2677 2725 2732 virtutem
2744 2677 2953 2732 Domini
2981 2679 3147 2733 nostri
3174 2677 3298 2734 Jesu
3317 2678 3517 2733 Christi
3540 2693 3554 2729 :

1989 2766 2143 2836 cujus
2179 2782 2304 2822 cum
2341 2765 2502 2822 Patre
2533 2767 2796 2838 ingenito,
2829 2776 2884 2823 et
2904 2768 3110 2838 Spiritu
3128 2779 3320 2824 sancto
3345 2777 3424 2823 est
3445 2767 3561 2838 gloo

1991 2862 2092 2924 ria,
2144 2867 2201 2914 et
2255 2860 2562 2929 imperium,
2599 2876 2745 2916 nunc
2775 2871 2833 2916 et
2876 2875 3110 2932 semper,
3156 2871 3210 2918 et
3263 2861 3316 2917 in
3364 2859 3561 2918 secula

1990 2953 2305 3008 saeculorum
2326 2952 2341 3007 l
2376 2954 2572 3008 Amen.

2565 3064 2823 3122 ORATIO
2862 3065 2999 3122 XVI.

2469 3175 2721 3248 Ejusdem
2749 3179 3066 3249 argumenti.

2058 3292 2098 3347 l.
2127 3290 2348 3348 Dillicile
2371 3293 2649 3347 videturin
2678 3292 2888 3365 primis,
2913 3291 3087 3362 patria
3116 3291 3326 3355 relicta,
3351 3289 3405 3344 in
3433 3288 3564 3344 soli-

1991 3383 2228 3438 tudinem
2259 3397 2381 3437 sese
2419 3380 2689 3448 conferre,
2720 3397 3011 3452 secumque
3050 3396 3237 3450 gerere
3269 3380 3424 3435 [idem
3449 3395 3567 3450 per-

1991 3476 2185 3531 fectam
2225 3485 2279 3531 et
2326 3490 2500 3545 spem,
2559 3476 2832 3546 animique
2883 3473 3244 3530 constantiam
3305 3473 3566 3527 adversus

1988 3567 2236 3636 proprias
2284 3567 2608 3622 voluntates.
2660 3566 2854 3622 Statim
2885 3567 3029 3620 enim
3064 3564 3326 3633 ejusmodi
3360 3565 3566 3634 cogita-

1993 3658 2166 3711 tiones
2195 3665 2248 3711 te
2278 3658 2727 3723 circumvenient,
2749 3668 2802 3712 et
2835 3658 3083 3711 timorem
3118 3654 3378 3723 injicient.
3425 3657 3566 3721 Quo-

1991 3748 2152 3802 modo
2179 3748 2503 3803 tentatioues
2537 3748 2747 3803 laturus
2773 3749 2870 3811 sis,
2917 3756 2972 3800 et
3001 3761 3248 3816 asperam
3288 3752 3566 3816 pauperta~

1992 3847 2122 3902 tem,
2157 3849 2211 3893 et
2269 3839 2508 3903 morbos,
2567 3839 2611 3893 si
2670 3838 2723 3892 in
2761 3852 2856 3893 eos
2891 3837 3181 3899 incideris,
3228 3851 3350 3889 cum
3381 3837 3474 3906 qui
3513 3844 3568 3890 te

1990 3938 2146 3984 curet
2196 3938 2287 3982 aut
2324 3939 2633 3998 cognoscat,
2672 3929 2873 3984 habeas
2909 3928 3211 3983 neminem?
3259 3926 3351 3982 Sic
3385 3937 3563 3982 autem

1991 4017 2236 4086 exploret
2257 4026 2309 4072 te
2336 4016 2549 4071 bonitas
2574 4015 2690 4081 Dei,
2719 4027 2778 4071 ut
2803 4015 3036 4071 studium
3059 4023 3232 4078 tuum,
3262 4024 3316 4069 et
3332 4013 3567 4068 charitas

1992 4121 2119 4175 erga
2155 4106 2328 4175 ipsum
2362 4113 2641 4174 appareat.
2700 4103 2940 4172 Denique
2971 4119 3093 4158 cum
3145 4104 3198 4159 in
3253 4102 3444 4158 cellula
3478 4111 3566 4157 tua

1991 4197 2136 4253 solus
2166 4197 2294 4263 eris,
2327 4197 2580 4251 inVadettt
2613 4205 2662 4250 te
2684 4197 3016 4267 gravissimae
3046 4195 3255 4251 timoris
3286 4195 3568 4266 cogitatio-

1994 4305 2108 4346 nes.
2141 4289 2334 4344 Servat
2363 4290 2658 4354 hominem,
2711 4289 2974 4358 inquient,
3031 4303 3142 4342 non
3175 4286 3426 4349 solitudo,
3470 4287 3566 4340 sed

1992 4381 2304 4437 observatio
2330 4380 2703 4436 mandatorum
2738 4379 2866 4445 Dei;
2923 4379 3125 4450 tibique
3155 4378 3209 4434 in
3249 4376 3564 4432 memoriam

321 4463 598 4530 gitationis
630 4463 861 4532 impetus
892 4465 1085 4520 cohibe
1111 4505 1125 4530 ,
1168 4481 1235 4521 ne
1265 4475 1317 4521 te
1354 4469 1668 4537 corripiant.
1717 4472 1888 4527 Deum
1923 4492 1966 4548 ο
1999 4473 2242 4543 redigent
2277 4471 2541 4543 sanguine
2599 4475 2923 4538 conjunctos
2957 4471 3188 4541 aliquos,
3222 4481 3278 4527 et
3327 4471 3508 4526 dicent
3550 4485 3564 4522 :

319 4565 440 4605 esse
479 4562 798 4620 praesentem
834 4554 1117 4611 recordare
1144 4595 1160 4623 ,
1203 4559 1359 4628 cujus
1398 4561 1568 4616 oculis
1604 4563 1686 4618 vel
1711 4565 1890 4621 cordis

321 4655 516 4696 arcana
549 4652 676 4698 sunt
703 4645 1010 4700 manifesta.

391 4733 455 4787 ll.
481 4735 572 4789 Sic
600 4735 764 4805 igitur
791 4737 1026 4793 animam
1060 4748 1202 4794 tuam
1231 4740 1503 4810 alloquere
1531 4761 1544 4797 :
1579 4743 1634 4798 Si
1669 4747 1890 4814 vereris,

321 4842 392 4882 ne
428 4837 478 4882 te
507 4839 819 4896 peccantem
853 4831 1121 4901 aSpiciant
1171 4844 1483 4902 peccatores
1532 4837 1736 4892 similes
1797 4839 1891 4906 tui,

320 4929 523 4987 quanto
570 4923 739 4993 magis
791 4923 958 4978 Deum
1013 4926 1188 4980 vereri
1271 4926 1480 4992 debes,
1535 4930 1626 4998 qui
1682 4931 1894 4999 penitus

323 5009 505 5064 abdita
541 5019 594 5065 et
635 5011 846 5066 occulta
886 5015 1208 5068 contuetur?
1248 5013 1341 5069 llis
1378 5018 1556 5074 verbis
1591 5019 1685 5073 Dei
1731 5021 1894 5076 timor

322 5102 648 5157 excitabitur
669 5105 720 5158 in
749 5107 911 5161 corde
939 5115 1067 5161 tuo:
1100 5123 1258 5176 quem
1281 5108 1499 5179 quidem
1521 5110 1611 5165 Dei
1642 5113 1890 5168 timorem

321 5193 370 5247 si
408 5195 655 5264 amplecti
689 5197 919 5254 volueris
950 5239 965 5264 ,
1021 5199 1312 5254 immobilis
1348 5209 1510 5271 atque
1538 5202 1771 5259 invictus
1796 5205 1892 5258 ad-

323 5300 509 5341 versus
551 5288 679 5342 vitia
720 5289 1080 5358 permanebis.
1129 5293 1283 5346 Sicut
1315 5294 1574 5362 scriptum
1617 5302 1701 5348 cst
1742 5312 1754 5348 :
1788 5294 1892 5360 Qui

393 5439 438 5468 ⁷⁵
476 5439 494 5492 ι
527 5439 652 5494 Cor.
692 5458 787 5501 tm.
816 5441 907 5498 29.

1002 5445 1046 5476 ⁷³
1076 5443 1218 5500 Psal.
1249 5461 1430 5510 σχειν,
1461 5446 1509 5501 1.

321 5506 368 5539 ’¹
401 5509 557 5564 Rom.
591 5526 708 5576 vnr,
741 5512 831 5566 '55.

1614 5447 1661 5478 "
1685 5445 1727 5502 ll
1755 5447 1879 5502 Cor.
1899 5463 1948 5513 v,
1993 5447 2078 5504 10.

1995 4562 2185 4619 Nonne
2210 4563 2296 4618 isti
2323 4572 2448 4618 stmt
2468 4563 2608 4618 servi
2633 4561 2762 4618 Dei?
2787 4562 2943 4617 Aeris
2978 4573 3238 4630 praeterea
3266 4569 3571 4630 proponent

1997 4654 2391 4722 intemperiem,
2421 4653 2748 4708 utconcidat
2783 4667 2878 4706 cor
2919 4659 3090 4713 tuutn,
3135 4658 3295 4716 atque
3325 4646 3564 4700 animmn

2000 4745 2352 4814 despondeas.
2384 4744 2577 4798 Verum
2609 4743 2652 4796 si
2679 4743 2733 4796 in
2764 4752 2815 4796 te
2855 4737 3098 4796 chiritas
3129 4752 3356 4809 spesque
3385 4735 3564 4798 fuerit,

2002 4836 2202 4891 malitia
2238 4835 2370 4889 nihil
2400 4834 2682 4903 proﬁciet;
2719 4835 2813 4888 sed
2843 4841 2964 4888 tuus
2997 4833 3048 4886 in
3080 4831 3248 4885 Deum
3294 4845 3445 4882 amor
3476 4843 3571 4898 pa-

2000 4928 2165 4991 teﬁet,
2206 4927 2295 4995 qui
2321 4941 2442 4980 eum
2467 4925 2637 4996 magis
2657 4925 2870 4994 diligas,
2901 4938 3063 4994 quam
3095 4921 3331 4990 quietem
3365 4919 3565 4975 carnis.

2000 5016 2318 5071 Solitudinis
2366 5015 2584 5072 alliictio
2636 5016 2882 5086 perducit
2927 5015 3201 5069 hominem
3253 5013 3320 5067 ad
3370 5027 3564 5081 spem;

1998 5125 2121 5179 spes
2159 5108 2401 5164 defendit
2447 5109 2514 5164 ab
2563 5108 2799 5164 inimicis
2843 5124 2908 5164 ex
2956 5122 3140 5162 carne.
3185 5105 3372 5174 Neque
3423 5105 3566 5159 enim

1997 5213 2199 5256 temere
2230 5202 2284 5256 in
2317 5201 2660 5257 solitudinem
2694 5213 2747 5256 te
2779 5200 3079 5264 contulisti,
3107 5197 3202 5253 sed
3235 5208 3294 5252 ut
3318 5206 3368 5252 te
3395 5197 3566 5266 ipsum

1998 5294 2305 5365 explorares
2336 5309 2728 5365 exerceresque
2780 5303 2968 5350 contra
3024 5291 3366 5348 adversarios
3419 5300 3568 5353 tuos,

2171 5447 2432 5505 "Matth.
2487 5465 2609 5517 xnt,
2664 5448 2754 5515 47,
2816 5451 2907 5506 48.
3017 5449 3062 5482 ⁷⁸
3097 5448 3324 5521 Philipp.
3367 5445 3564 5512 unﬁt.

395 5664 473 5732 (8)
516 5663 581 5721 In
630 5665 873 5724 Domino.
908 5666 990 5724 Ad
1039 5669 1360 5724 sententiam
1414 5642 1732 5735 ex‘plcudam
1789 5671 1899 5726 lucc
1941 5669 2126 5726 deesse
2161 5667 2431 5736 videntur,
2471 5668 2602 5722 sicut
2635 5681 2780 5722 mons
2805 5667 2958 5724 Sion.
