3810 6312
1260 610 1443 652 CIBCA
1490 609 1713 653 ANNUM
1757 611 1985 655 DOMINI
2032 615 2112 657 CD

126 937 1145 1213 PHILONIS
1211 931 2211 1120 CARPASII
2276 938 3277 1123 EPISCOPI

1280 1258 2114 1391 ENARRATIO
2545 1346 2553 1353 .

518 1514 735 1669 ~IN
811 1456 1633 1642 CANTICUM
1723 1510 2766 1648 CANTICORUM
2876 1422 2885 1441 ’

103 1755 332 1815 Grecam
370 1761 624 1814 textum
662 1751 866 1814 adhuc
897 1753 1223 1828 ineditum,
1267 1751 1744 1834 quamplurimis
1767 1756 1833 1816 in
1852 1754 2006 1816 locis
2026 1755 2457 1835 depravatum,
2498 1757 2844 1820 emendavit
2867 1766 2923 1820 et
2942 1778 3105 1822 nova
3124 1760 3315 1824 inter-

227 1859 587 1939 pretatione
622 1858 872 1939 adjecta
905 1860 1147 1938 primus
1184 1860 1253 1920 in
1293 1857 1487 1920 lucem
1520 1859 1791 1939 protulit
1820 1861 1889 1921 ν.
1935 1860 2006 1923 C.
2047 1859 2323 1922 Michael
2359 1861 2633 1941 Angelus
2668 1863 3126 1938 GIACOMELLUS,

847 1957 1350 2044 archiepiscopus
1391 1962 1938 2040 Chalcedonensis,
1959 1965 2170 2039 Roma:
2188 1985 2352 2026 anno
2381 1963 2555 2027 1772.

951 2110 1065 2183 (Ex
1096 2112 1420 2167 Bibliotheca
1443 2110 1765 2178 Gsumnn,
1796 2122 1927 2168 tom.
1955 2111 2050 2178 IX,
2077 2113 2129 2168 in
2152 2112 2444 2193 .Append.)

1360 2427 2056 2523 PRIEFATIO.

161 2605 221 2661 De
262 2605 501 2671 Philone,
544 2604 771 2676 ejusque
820 2602 1207 2657 commentario
1262 2595 1317 2649 in
1372 2600 1650 2657 Canticum
1680 2609 1723 2664 Α
1756 2605 2013 2676 vertitur;
2047 2615 2136 2660 aut
2166 2606 2475 2677 signiﬁcare
2505 2611 2858 2667 mutationem
2883 2627 2910 2665 a
2938 2614 3166 2682 pristino
3188 2626 3328 2672 statu

105 2702 411 2765 canticorum,
478 2709 536 2754 et
600 2698 670 2752 de
726 2696 933 2751 duabus
994 2696 1237 2767 ejusdem
1274 2694 1647 2752 commentarii

112 2788 284 2844 Latinis
308 2789 671 2853 versionibus,
696 2787 867 2841 altera
902 2786 1148 2857 antiqua,
1177 2786 1482 2841 recentiore
1523 2783 1647 2839 Ste-

102 2880 235 2945 ριηηί
271 2881 500 2936 Salutati
560 2880 770 2943 altera;
821 2887 933 2932 tum
969 2878 1100 2947 quid
1149 2878 1202 2932 in
1234 2877 1353 2947 ejus
1401 2876 1646 2932 editione

102 2974 430 3038 prastiterim,
462 2973 708 3043 quzedam
733 2971 984 3027 existimo
1019 2984 1103 3023 me
1132 2967 1345 3038 praefari
1370 2978 1644 3038 oportere,

103 3080 153 3118 ne
175 3066 285 3133 quid
307 3065 600 3120 lectoribus
632 3060 795 3130 huius
832 3061 1075 3116 Philonis
1102 3060 1462 3131 cognoscendi
1499 3059 1648 3128 cupi-

103 3158 171 3211 dis
198 3159 300 3228 ipse
328 3159 517 3212 videar
538 3156 793 3210 defuisse.

165 3250 202 3303 l.
232 3250 379 3305 Philo
425 3251 613 3321 igitur,
666 3246 827 3316 hujus
875 3248 932 3299 in
965 3245 1234 3300 Canticum
1300 3244 1645 3308 canticorum,

116 3356 248 3409 quem
283 3343 440 3395 modo
489 3343 543 3395 in
589 3339 763 3394 lucem
801 3337 1035 3408 profero,
1067 3334 1466 3399 commentarii,
1501 3345 1558 3386 ut
1592 3335 1645 3387 in

109 3429 281 3485 Gratis
300 3432 613 3500 perhibetur
634 3429 934 3494 codicibus,
960 3436 1174 3489 auctor,
1215 3424 1468 3480 Ecclesia:
1511 3422 1648 3479 Car-

106 3526 220 3592 pasii
238 3528 286 3580 in
305 3525 479 3598 Cypro
513 3526 615 3581 fuit
636 3526 939 3596 episcopus.
966 3523 1021 3577 ld
1055 3525 1217 3579 tradit
1244 3522 1501 3592 Polybius
1526 3521 1651 3575 Rhi-

106 3632 396 3673 nocurorum
428 3610 720 3688 episcopus
759 3617 809 3671 in
853 3616 1086 3671 secunda
1132 3626 1283 3683 parte
1316 3612 1447 3667 Vita:
1478 3614 1648 3666 sancti

102 3706 370 3774 Epiphanii,
391 3725 512 3777 cap.
530 3709 620 3772 69,
641 3709 724 3762 his
741 3707 920 3761 verbis
937 3726 951 3761 :
970 3703 1081 3760 Ἦν
1094 3706 1149 3760 δέ
1164 3722 1246 3771 τις
1267 3704 1524 3776 κληρικὸς
1538 3703 1647 3758 ἀπὸ

110 3801 335 3873 ῥητόρων,
366 3800 609 3872 τοῦνομα
622 3800 816 3864 Φίλων,
849 3800 988 3873 ἀνὴρ
1003 3802 1167 3864 ὅσιος.
1191 3798 1364 3871 Χρεία
1384 3797 1442 3851 δὲ
1465 3793 1532 3869 ἦν
1554 3798 1647 3850 ἐπὶ

102 3889 187 3960 τῆς
212 3894 406 3958 πόλεως
421 3893 520 3949 τοῦ
537 3892 862 3964 Καρπασίου
884 3893 1108 3946 καθίσαι
1126 3892 1423 3945 ἐπίσκοπον
1440 3890 1532 3943 ὲπὶ
1551 3887 1644 3943 τοῦ

107 3984 281 4055 θῴνου.
306 3983 413 4041 Ἦν
448 3988 508 4042 δὲ
528 3981 684 4051 οὗτος
715 3986 981 4049 διάκονος.
1018 3984 1219 4039 Τοῦτον
1248 3980 1341 4038 οὖν
1373 3983 1480 4037 ἀπὸ
1506 3983 1646 4036 ἁπο-

108 4078 355 4148 κιλύῷεως
402 4078 542 4133 Θεοῦ
590 4080 891 4150 χειροτονεῖ
929 4076 1228 4131 ἐπίσκοπον
1264 4079 1292 4130 ὁ
1331 4074 1647 4143 Ἐπιφάνιος

108 4172 182 4223 ἐπὶ
197 4174 279 4227 τοῦ
312 4174 503 4244 Θρόνου
553 4173 648 4227 τοῦ
678 4172 780 4243 τῆς
811 4171 1017 4235 πόλεως
1060 4171 1153 4224 καὶ
1180 4170 1280 4240 τῆς
1321 4168 1648 4238 Ἐκκλησίας

106 4261 181 4313 τοῦ
202 4265 521 4336 Καρπασίου
548 4281 563 4295 ·
593 4266 727 4317 Erat
778 4273 954 4315 autem
993 4262 1207 4331 quidam
1237 4276 1301 4314 ea:
1348 4257 1647 4313 oratoribus

109 4352 314 4419 clericus,
354 4357 512 4411 Philo
552 4357 781 4417 nomine,
836 4356 918 4409 vir
979 4364 1216 4408 sanctus.
1269 4351 1413 4419 Opus
1471 4362 1648 4406 autem

110 4459 194 4497 erat
219 4449 266 4501 in
293 4451 497 4503 civitate
523 4445 769 4510 Carpasii
801 4447 855 4500 in
877 4445 995 4499 sede
1020 4444 1279 4497 collocare
1301 4444 1602 4511 episcOpum
1628 4461 1646 4507 ,-

108 4551 279 4606 eratque
317 4543 362 4594 is
400 4542 682 4594 diaconus.
722 4537 875 4590 "unc
896 4547 1072 4589 autem
1116 4552 1180 4589 ex
1211 4534 1305 4588 Dei
1334 4533 1649 4588 reuelatione

109 4630 367 4699 episcopum
423 4633 635 4686 ordinat
691 4629 1025 4699 Epiphanius
1076 4629 1131 4681 in
1178 4630 1299 4681 sede
1339 4627 1566 4681 civitatis
1598 4635 1647 4679 et

112 4716 323 4779 Ecclesia
353 4722 627 4794 Carpasii.

162 4811 315 4868 Verba
334 4818 444 4881 illa,
468 4814 733 4885 κληρικὸς
770 4813 877 4865 ἀπὸ
909 4810 1178 4883 ρητόρων,
1205 4809 1286 4863 sic
1325 4816 1648 4877 acceperunt

109 4902 439 4964 'l'illemuntius
480 4910 559 4981 (ll)
620 4917 677 4962 ct
730 4906 1016 4961 Ceillerius
1049 4906 1149 4976 (ὁ),
1195 4912 1254 4957 ut
1306 4901 1587 4957 Philonem
1617 4918 1647 4956 a

111 4994 222 5063 loro,
245 5001 328 5055 ubi
375 5017 574 5058 causas
603 5000 864 5063 oraverit,
898 4999 966 5051 ad
1010 4998 1214 5052 clerum
1250 5010 1310 5049 se
1344 4994 1650 5050 traduxisse

111 5090 501 5150 existimaverint
549 5102 647 5149 :et
667 5089 1031 5163 prtepusitioni
1062 5089 1134 5142 illi
1158 5088 1265 5142 ἀπό
1296 5086 1543 5142 eamdem
1575 5085 1649 5141 ibi

115 5180 198 5233 "In
220 5197 348 5250 esse,
367 5200 489 5256 qua:
516 5194 603 5241 est
628 5185 684 5239 in
715 5184 819 5238 illis
846 5182 1207 5238 locationibus
1233 5179 1343 5234 ἀπὸ
1358 5176 1647 5245 ὑπατείας,

1751 2713 1845 2752 seu
1881 2699 2222 2768 professione
2268 2722 2283 2757 :
2332 2704 2398 2757 ad
2428 2718 2589 2773 quam
2629 2705 2984 2759 mutationem
3016 2706 3329 2779 signiﬁcan-

1751 2791 1872 2843 dam
1906 2789 2082 2845 Latini
2117 2794 2551 2862 praepositionem
2581 2810 2645 2847 ea:
2676 2794 2956 2860 adhibent,
3014 2806 3070 2850 ut
3132 2799 3183 2851 in
3240 2799 3330 2852 illo

1749 2877 1819 2932 Μ.
1854 2877 2014 2936 Tullii
2037 2879 2180 2947 joco,
2211 2899 2277 2936 ea:
2314 2892 2524 2937 oratore
2553 2894 2767 2949 arator;
2791 2883 3033 2956 adeoque
3061 2885 3147 2940 illa
3171 2890 3330 2941 verba

1748 2973 2009 3027 vertenda
2048 2974 2214 3030 fuisse
2252 2991 2317 3029 ea:
2366 2976 2571 3030 rhetore
2598 2975 2844 3030 clericus.
2880 2976 3033 3044 Quod
3067 2978 3197 3045 mihi
3224 2993 3330 3035 non

1756 3064 2036 3133 probatur.
2081 3064 2136 3119 Si
2176 3066 2318 3120 enim
2340 3065 2457 3135 ejus
2500 3063 2629 3120 Vita:
2668 3075 2860 3121 auctor
2896 3067 3206 3139 significare
3241 3084 3330 3121 vo.

1761 3153 2242 3211 luissetPltilo‘nem
2266 3158 2330 3210 de
2366 3158 2640 3212 causidico
2669 3173 2792 3214 esse
2820 3158 3075 3213 clericum
3110 3158 3330 3222 facturn,

1751 3247 2057 3316 scripsisset
2086 3247 2352 3320 κληρικὸς
2384 3249 2494 3302 ἀπὸ
2546 3250 2799 3322 ῥήτορος,
2829 3260 2921 3304 aut
2968 3252 3033 3304 ὲκ
3079 3251 3331 3323 ῥήτορος.

1750 3336 2016 3392 Cmterum
2045 3338 2356 3408 praepositio
2393 3339 2503 3393 ἀπό
2530 3340 2799 3396 interdum
2825 3342 3109 3411 partitioni
3141 3344 3331 3407 servit,

1749 3431 2045 3498 prmsertim
2077 3432 2289 3498 quando
2311 3446 2433 3486 cum
2460 3432 2696 3501 genitivo
2719 3432 2943 3501 pluralis
2967 3434 3177 3488 numeri
3200 3450 3332 3488 con-

1749 3522 2008 3593 iungitur.
2046 3521 2389 3595 Thucydides
2416 3525 2577 3581 habet
2598 3525 2669 3597 (c)
2691 3541 2704 3578 :
2728 3526 2840 3581 Kal.
2872 3526 3039 3596 ὀλίγοι
3067 3527 3175 3582 ἀπὸ
3203 3528 3331 3582 πολ-

1748 3616 1859 3670 λῶν
1903 3618 1990 3671 ἐπ’
2011 3616 2161 3671 οἴκου
2186 3618 2566 3690 ἀπενόστησαν
2588 3635 2601 3648 ·
2629 3629 2686 3673 et
2714 3616 2816 3691 (d),
2841 3618 3011 3686 ὀλίγοι
3055 3620 3163 3674 ἀπὸ
3195 3620 3327 3676 πολ-

1748 3709 1855 3765 λῶν
1886 3709 2200 3782 ἐσώθησανο
2258 3721 2313 3766 et
2335 3711 2600 3766 Arrianus
2627 3710 2695 3783 (e)
2722 3727 2736 3763 :
2779 3712 2910 3765 Ἀπὸ
2943 3710 3327 3785 ἑξακισχιλίων

1748 3802 1807 3864 ἐς
1832 3799 2164 3872 ὀγδοήκοντα
2182 3799 2453 3855 ἀπέθανον
2473 3816 2486 3828 ’
2520 3799 2609 3855 ubi
2634 3800 2919 3857 manifesto
2949 3812 3171 3872 apparet
3194 3817 3326 3858 usus

1749 3892 1864 3960 ejus
1900 3892 2298 3963 praepositionis
2351 3894 2403 3947 in
2464 3893 2778 3962 partitione.
2835 3892 2928 3949 Sic
2980 3896 3123 3965 apud
3176 3894 3315 3951 Mat-

1753 3987 1948 4040 tlneum
1982 3987 2036 4039 ἐ
2063 3985 2198 4037 Τίνα
2235 3984 2417 4038 θέλετε
2445 3984 2554 4039 ἀπὸ
2584 3982 2693 4038 τῶν
2720 3985 2813 4039 δύο
2854 3985 3110 4041 ἀπολύσω
3140 3986 3266 4059 ὑμῖν
3296 4003 3316 4055 ;

1750 4075 1914 4143 Quem
1954 4077 2109 4131 vultis
2147 4079 2210 4132 de
2258 4077 2461 4131 duobus
2512 4076 2654 4132 vobis
2703 4077 3010 4132 dimittam?
3056 4078 3121 4132 Et
3172 4084 3316 4145 apud

1749 4170 1985 4225 Marcum
2012 4172 2032 4202 ²
2064 4189 2079 4225 :
2115 4167 2298 4242 Ἦραν
2318 4170 2649 4242 κλασμάτων
2673 4169 2883 4225 δώδεκα
2902 4172 3160 4241 κοφίνους
3190 4171 3324 4244 πλή-

1752 4279 1888 4333 ρεις,
1926 4262 2019 4316 καὶ
2051 4262 2162 4316 ἀπὸ
2193 4260 2300 4315 τῶν
2331 4261 2532 4333 ἰχθύων
2556 4279 2570 4292 ·
2598 4261 2667 4315 Et
2699 4264 3024 4317 sustulerunt
3060 4263 3333 4334 fragmen-

1750 4364 1923 4406 torum
1951 4353 2224 4406 duodecim
2250 4352 2515 4421 cophinos,
2547 4362 2592 4406 et
2616 4351 2680 4405 de
2697 4352 2949 4420 piscibus.
2964 4351 3165 4406 Eadem
3192 4366 3332 4421 pra:—

1750 4443 1944 4513 positio
1975 4441 2084 4495 ἀπὸ
2107 4440 2307 4496 dicitur
2333 4443 2497 4496 etiam
2527 4442 2595 4497 de
2636 4458 2883 4507 numero,
2908 4451 2963 4496 et
2986 4458 3084 4512 per
3124 4457 3333 4511 pracpo-

1751 4535 2000 4587 sitionetn
2054 4549 2119 4587 ea:
2153 4533 2300 4589 reddi
2355 4532 2531 4597 solet;
2583 4544 2642 4588 nt
2689 4535 2829 4606 apud
2880 4531 3081 4588 Lucam
3120 4532 3140 4564 ³
3174 4552 3187 4589 :
3224 4534 3333 4587 Καὶ

1751 4627 2111 4697 ἐκλεξάμενος
2143 4626 2239 4679 ἀπ’
2263 4625 2445 4679 αὐτῶν
2490 4625 2728 4679 δώδεκα·
2764 4624 2833 4679 Et
2860 4642 2926 4679 ea:
2968 4626 3096 4694 ipsis
3135 4624 3331 4694 eligens

1749 4720 2060 4784 duodecim;
2094 4729 2149 4774 et
2189 4720 2327 4788 apud
2369 4715 2632 4773 Joannem
2656 4717 2678 4749 δ
2711 4737 2726 4774 :
2763 4717 3055 4785 Ἐνέγκατε
3085 4714 3193 4769 ἀπὸ
3218 4714 3330 4768 τῶν

1750 4810 2012 4880 ὀψαρίων.
2046 4803 2122 4864 ὧν
2156 4808 2421 4863 ἐπιάσατε
2447 4808 2542 4863 νῦν
2562 4827 2575 4839 ο
2616 4810 2811 4879 Aﬂ'erte
2850 4809 2914 4863 de
2937 4807 3167 4875 piscibus
3197 4822 3331 4876 quos

1750 4903 2092 4970 prendidistis
2140 4918 2315 4968 nunc;
2350 4912 2405 4957 et
2434 4903 2487 4956 in
2518 4902 2668 4956 Actis
2711 4900 3077 4971 apostolorum
3112 4900 3168 4951 ἰ
3210 4897 3331 4964 Ἐξ·-

1751 4994 2055 5064 ανέστησαν
2075 4993 2133 5046 δέ.
2166 5010 2311 5057 τινες
2338 4992 2449 5046 τῶν
2479 4992 2587 5045 ἀπὸ
2609 4992 2707 5063 τῆς
2733 4989 2998 5062 αἱρέσεως
3026 4986 3134 5043 τῶν
3161 4988 3331 5059 Φαρι-
3360 5060 3363 5063 _

1753 5085 1919 5138 σαίων
1939 5101 1954 5116 ·
1980 5083 2403 5139 Exsurrexerunt
2438 5094 2614 5137 autem
2640 5083 2856 5151 quidam
2882 5084 2946 5134 de
2974 5082 3165 5135 heresi
3188 5079 3334 5135 Pha-

1753 5176 2065 5239 risaeorum;
2099 5174 2189 5229 ubi
2222 5173 2618 5229 observandum
2640 5186 2826 5227 vocem
2848 5171 3063 5243 αἵρεσις
3091 5170 3198 5225 vim
3235 5169 3331 5224 ha-

114 5268 200 5325 ἀπὸ
227 5273 407 5346 ὕπνου,
439 5278 551 5332 ἀπὸ
575 5276 897 5346 σάλπιγγος,
925 5275 978 5328 in
1001 5271 1200 5341 quibus
1237 5279 1321 5327 est
1341 5269 1650 5341 praepositio

1752 5269 1881 5324 bere
1921 5265 2146 5337 pluralis
2172 5267 2405 5321 numeri.
2442 5265 2498 5335 In
2547 5264 2634 5320 his
2678 5264 2945 5334 exemplis
2971 5278 3091 5333 qua:
3147 5260 3334 5317 attuli-

118 5370 351 5436 lemporis,
403 5378 458 5426 et
492 5381 640 5426 recte
685 5384 786 5441 per
839 5366 1275 5437 praepositionem
1303 5376 1417 5434 post
1454 5361 1647 5416 Latine
1686 5355 1722 5362 “
1756 5372 1896 5423 mus,
1948 5365 2097 5426 patet
2145 5355 2255 5410 ἀπό
2307 5365 2480 5411 status
2529 5355 2749 5426 pristini
2801 5356 3154 5411 mutationem
3224 5365 3333 5407 non

170 5476 373 5542 ‘Ilatth.
410 5503 580 5552 xxvu,
610 5485 707 5541 21.
802 5483 1014 5538 ’Μαι-ε.
1051 5497 1125 5547 Vl,
1157 5480 1247 5536 45.

174 5593 317 5659 (alba
352 5599 445 5655 Vie
472 5602 536 5655 de
571 5600 632 5657 S.
671 5598 944 5668 Epiphane
990 5597 1050 5671 le
1077 5594 1295 5671 quali/ie
1330 5610 1403 5671 un
1438 5592 1640 5671 homme

114 5678 243 5739 “tot,
259 5672 339 5737 qui
365 5672 606 5725 d’asocat
651 5665 814 5739 ayant
857 5671 935 5739 eté
975 5667 1302 5739 [aitdiacre,
1340 5665 1423 5733 [ut
1460 5665 1641 5731 depuis

116 5735 303 5812 οηζρξυέέ
318 5744 519 5812 ireque.
543 5752 650 5795 etc.
686 5735 934 5812 Tomax,
962 5754 1015 5812 p.
1052 5736 1178 5791 5‘20.

174 5803 235 5876 (ὁ)
258 5802 436 5866 Philan
466 5802 704 5865 diauocat
727 5811 807 5880 [ut
830 5808 928 5877 [ait
945 5802 1144 5872 dincre,
1180 5818 1285 5866 etc.
1312 5805 1463 5861 Tom.
1509 5802 1644 5869 Vlll,

387 5906 665 5968 Ριιτιιοι..
712 5903 831 5966 Gn.
880 5903 1014 5963 XL.

1353 5479 1376 5511 ³
1405 5477 1539 5533 Luc.
1572 5474 1738 5545 vr,l5.

1818 5481 1842 5505 ‘
1869 5471 2027 5530 Joan.
2058 5488 2172 5540 tm,
2204 5472 2305 5527 1ομ
2373 5472 2394 5504 ⁸
2416 5471 2537 5528 Act.
2562 5487 2655 5541 xv,
2683 5470 2737 5527 5.
2834 5466 2837 5467 ⁷

1749 5602 1804 5659 p.
1844 5588 1971 5659 480.

1823 5660 1892 5727 (c)
1922 5658 2043 5714 Lib.
2074 5675 2174 5724 vn,
2200 5659 2252 5714 in
2282 5660 2406 5714 litae.

1825 5730 2057 5805 ("00E").
2094 5730 2454 5805 tu,cap._l_‘2,
2485 5730 2538 5783 in
2563 5730 2693 5784 line.

1829 5800 1901 5871 (ε)
1936 5800 2137 5871 Exped.
2164 5801 2314 5855 Alex.
2345 5802 2437 5855 lib.
2474 5816 2527 5866 ν,
2562 5817 2681 5869 cap.
2719 5800 2806 5854 18.
