3810 6322
425 355 483 412 “
1519 347 1722 404 PHILO
1761 345 2154 403 CARPASIUS
2193 344 2592 403 EPISCOPUS.
3601 345 3669 398 12

423 478 701 531 denotare.
738 473 923 546 Itaque
950 487 1164 529 sensum
1209 469 1415 541 Polybii
1447 471 1585 526 bene
1621 480 1747 526 sunt
1774 479 1995 526 assec’u‘
2023 476 2072 530 Α
2100 479 2265 540 atque
2323 470 2394 524 ita
2436 485 2622 524 vocem
2672 483 2815 524 mam
2846 465 3035 522 Latine
3068 461 3245 518 reddit
3291 453 3558 515 Fabrotus
3599 457 3667 514 ad

423 571 460 623 ti
493 581 602 624 tum
635 569 725 640 qui
756 583 873 624 eam
907 565 1190 636 Epiphanii
1228 564 1398 618 Vitam
1433 565 1620 620 Latine
1664 563 1844 626 vertit,
1878 569 1992 616 tum

425 660 695 716 Meursius
747 659 846 729 (a),
906 657 1210 726 Ducangius
1263 656 1360 727 ib),
1410 655 1617 710 Caveus
1673 654 1742 724 (c)
1775 663 1830 708 et
1855 651 1990 719 alii;

424 751 516 820 qui
555 749 660 805 illis
689 748 892 813 verbis,
944 747 1206 820 κληρικὸς
1241 745 1349 799 ἀπὸ
1405 745 1667 816 ρητόρων,
1701 743 1992 814 significari

422 840 757 904 existimant,
806 837 1084 893 Philonem
1131 835 1383 890 clericum
1439 835 1606 890 fuisse
1659 834 1723 887 de
1770 846 1993 887 numero

427 933 727 994 rhetorum,
779 945 964 985 eorum
1009 929 1211 983 scilicet
1241 928 1331 997 qui
1373 942 1438 981 ex
1464 927 1608 981 clero
1638 926 1885 980 rhetores
1914 925 1995 978 di-

425 1023 704 1076 cebantur.
768 1026 779 1036 ‘

499 1112 573 1166 De
609 1112 691 1166 his
728 1111 1036 1166 rhetoribus
1059 1125 1124 1164 ex
1153 1109 1299 1165 clero
1335 1109 1487 1164 testis
1515 1119 1598 1164 est
1619 1109 1853 1166 Codinus
1880 1109 1991 1165 Cu-

425 1205 666 1273 r0palata
693 1202 795 1275 (ἀ),
848 1203 988 1272 apud
1030 1217 1187 1273 quem
1222 1210 1342 1272 post
1370 1210 1478 1256 tres
1505 1201 1796 1272 Evangelii,
1846 1203 1992 1272 Apo-

424 1293 548 1349 stoli
579 1302 636 1347 et
655 1293 901 1348 Psalterii
933 1294 1201 1358 doctores,
1251 1306 1479 1362 quorum
1509 1292 1716 1360 primus
1762 1303 1994 1363 quatuor

424 1383 807 1454 evangelistas,
850 1384 1118 1438 secundus
1169 1382 1436 1453 Epistolas
1470 1383 1531 1436 D.
1590 1382 1762 1447 Pauli,
1803 1384 1993 1439 tertius

423 1469 668 1526 Psalmos
699 1471 1181 1541 interpretabatur,
1211 1471 1425 1540 ponitur
1453 1487 1508 1527 n.
1547 1473 1657 1528 29.:
1705 1473 1766 1526 Ὀ
1809 1475 1992 1546 ῥήτωρ

421 1562 502 1624 εἰς
527 1559 589 1613 τὸ
621 1560 1070 1632 ὲρμηνεύεινοτὰς
1091 1560 1338 1632 Γραφάς,
1364 1559 1560 1616 Rhetor
1587 1563 1654 1616 ad
1687 1563 1992 1633 Scripturas

420 1653 866 1720 interpretandss.
933 1653 1164 1708 Goarius
1203 1654 1389 1709 eadem
1424 1653 1599 1708 oﬁicia
1651 1656 1867 1725 subjicit
1927 1671 1995 1712 ex

421 1743 605 1816 Regiis
644 1759 777 1801 mss.
810 1746 905 1816 (ε),
946 1747 1000 1800 in
1033 1744 1225 1815 quibus
1253 1747 1503 1812 habetur,
1549 1748 1578 1800 ὁ
1608 1747 1794 1819 ῥήτωρ
1825 1749 1906 1811 εἰς
1933 1747 1995 1800 τὸ

2093 559 2338 615 Nicetam
2364 560 2432 632 (ι)
2465 578 2478 617 :
2515 563 2720 633 ῥήτωρ,
2750 562 2840 633 qui
2874 560 3179 628 Scripturas
3227 554 3401 608 instar
3443 551 3668 605 oratoris

2093 653 2426 709 ecclesiastici
2485 653 2970 722 interpretabatur;
3023 663 3144 720 quas
3192 654 3318 702 sunt
3351 645 3467 713 ipsa
3504 643 3667 696 verba

2097 746 2313 802 Meursii
2364 747 2415 800 in
2455 745 2748 800 Glossario.
2784 745 3067 800 Gretserus
3097 738 3440 812 (m)'qnoqne
3463 734 3530 789 ad
3561 733 3667 787 Co-

2095 837 2277 892 dinum
2313 853 2327 889 :
2367 835 2603 891 Rhetoris
2656 837 2882 906 ofﬁcium
2924 845 2999 888 est
3049 829 3330 902 generatim
3362 825 3668 893 Scripturas

2095 945 2273 984 sacras
2299 929 2666 996 interpretari;
2695 938 2741 981 et
2771 927 2972 980 videtur
2998 925 3107 988 ille,
3153 937 3302 992 quem
3344 935 3437 972 nos
3456 914 3669 972 concio-

2096 1029 2338 1074 natorem
2363 1020 2714 1072 nominamus.
2768 1017 2873 1071 Scd
2907 1014 3134 1070 Allatius
3175 1011 3254 1082 (η)
3292 1004 3668 1064 animadvertit

2095 1112 2353 1165 rhetorem
2384 1110 2622 1179 patuisse
2651 1108 2814 1163 latius
2839 1122 2998 1177 quam
3033 1108 3307 1160 doctorem
3353 1095 3665 1167 Evangelii;

2094 1212 2149 1257 et
2206 1202 2450 1256 rhetores
2473 1201 2564 1268 qui
2615 1211 2880 1270 praecepta
2929 1198 3050 1253 aliis
3077 1195 3373 1258 traderent,
3409 1201 3667 1259 tanquam

2093 1292 2411 1362 eloquentiae
2436 1291 2771 1362 professores
2822 1291 2888 1363 ad
2940 1291 2990 1344 id
3043 1287 3212 1344 ferme
3258 1298 3454 1339 munus
3481 1280 3664 1336 vocari

2094 1381 2457 1438 consuevisse.
2484 1380 2598 1436 Non
2628 1397 2815 1448 unum,
2837 1383 2929 1436 sed
2954 1380 3133 1450 plures
3155 1377 3206 1432 in
3231 1375 3469 1432 Ecclesia
3498 1372 3671 1426 fuisse

2095 1476 2344 1529 rhetores
2374 1472 2455 1528 vel
2479 1473 2566 1526 illa
2592 1475 2754 1528 verba
2789 1473 3027 1528 indicant
3055 1466 3246 1538 plurali
3278 1479 3504 1520 numero
3537 1476 3672 1517 con-

2095 1575 2247 1635 cepta
2278 1564 2343 1618 de
2382 1563 2606 1618 Philone
2640 1572 2825 1619 nostro
2857 1564 2909 1618 in
2933 1559 3215 1631 Epiphanii
3254 1556 3408 1620 Vita;
3434 1566 3486 1611 et
3513 1569 3577 1609 ex
3602 1567 3673 1608 eo

2095 1655 2332 1709 maxime
2357 1662 2588 1718 constat,
2622 1654 2760 1723 quod
2795 1667 2934 1706 unus
2983 1651 3219 1720 ipsorum
3264 1645 3466 1716 primas
3515 1651 3669 1695 tene-
3707 1649 3712 1655 ‘

2094 1755 2200 1810 ret,
2258 1754 2419 1814 atque
2472 1745 2719 1816 μαῖστωρ
2771 1743 2880 1798 τῶν
2931 1743 3200 1815 ρητόρων,
3253 1737 3425 1810 μέγας
3481 1734 3672 1806 ῥήτωρ

421 1836 759 1908 ῥητορεύειν,
781 1839 956 1892 rhetor
978 1837 1045 1890 ad
1080 1839 1357 1891 orandum.
1419 1838 1484 1892 Et
1516 1838 1846 1908 splendidam
1873 1854 1990 1892 eam

2100 1847 2511 1908 nuncuparetur,
2546 1839 2610 1893 de
2659 1853 2764 1908 quo
2818 1835 3082 1892 Meursius
3114 1833 3213 1904 (ο),
3251 1841 3306 1887 et
3332 1830 3538 1886 Caveus
3566 1825 3671 1897 (ρ),

422 1929 591 1986 fuisse
623 1929 932 2000 dignitatem
959 1926 1242 1985 Matthaeus
1266 1931 1562 1986 monachus
1602 1931 1822 1996 indicat,
1842 1930 1994 2000 cujus

423 2023 476 2077 in
509 2021 767 2091 opusculo
801 2021 873 2076 De
903 2022 1079 2093 officiis
1099 2020 1284 2090 palatii
1308 2032 1358 2076 et
1391 2020 1641 2076 Ecclesia:
1689 2021 1992 2076 Constanti-

422 2112 662 2180 nopoleos
707 2112 902 2182 legitur
931 2111 983 2183 (f
996 2112 1036 2181 ),
1070 2112 1215 2183 Ὅρα
1241 2112 1332 2166 τὸν
1369 2112 1618 2182 λαμπρὸν
1645 2113 1867 2185 ῥήτορα,
1898 2109 1998 2164 Re-

420 2203 560 2271 spice
592 2202 850 2258 illustrem
878 2203 1154 2258 rhetorem.
1207 2203 1273 2256 Et
1296 2204 1436 2272 apud
1470 2201 1713 2257 Nicetam
1760 2199 1994 2256 Chonia-

422 2306 529 2349 tam
555 2295 630 2368 (g)
657 2294 883 2352 Michael
916 2295 1136 2365 quidam
1166 2303 1387 2349 vocatur
1429 2293 1521 2346 τὸν
1554 2291 1842 2365 ῥητορικὸν
1870 2290 1995 2362 θρό-

421 2403 510 2440 νον
561 2385 822 2458 κοσμῶνο
879 2401 999 2454 qua:
1055 2384 1220 2440 verba
1259 2398 1382 2437 cum
1433 2382 1617 2453 jejune
1673 2381 1994 2436 reddidisset

421 2478 779 2551 Hieronymus
802 2477 1027 2533 Wolfius
1051 2491 1146 2547 per
1173 2478 1387 2531 unicam
1415 2481 1600 2531 vacem
1631 2475 1991 2538 concionator,

420 2573 489 2628 ab
530 2570 728 2627 Allatio
761 2571 840 2638 (h)
905 2569 1270 2640 reprehensus
1307 2577 1409 2622 est.
1462 2566 1820 2633 Quamobrem
1863 2579 1994 2618 ano-

421 2675 615 2733 nymus
659 2675 691 2715 a
722 2660 922 2716 Goario
956 2659 1137 2715 editus
1182 2658 1245 2730 (i)
1282 2659 1381 2720 ait,
1410 2655 1716 2726 φιλοσόφων
1763 2654 1989 2720 ὕπατος,

423 2752 666 2826 ρητόρων
715 2753 958 2824 πρῶτος·
1013 2751 1080 2806 ad
1111 2767 1230 2820 quae
1281 2751 1439 2804 verba
1489 2747 1720 2804 Goarius
1771 2749 1837 2820 (j)
1881 2749 1994 2803 hac

421 2845 699 2899 adnotavit
735 2861 750 2898 :
788 2845 1009 2899 Summa
1031 2841 1364 2913 imperatoris
1394 2842 1559 2896 uirtus
1596 2852 1692 2906 est,
1726 2852 1779 2894 ut
1810 2841 1990 2895 erudi-

421 2937 582 2992 tionis
634 2938 839 3008 copiam
871 2936 1007 2990 inter
1053 2936 1369 3006 loquendum
1419 2937 1615 2990 diserte
1669 2935 1834 3004 possit
1865 2951 1986 3002 pro-

420 3028 638 3098 fundere
666 3045 686 3084 :
712 3037 763 3083 et
778 3031 870 3098 jus
898 3028 1179 3098 unicuique
1200 3029 1450 3092 debitum,
1478 3037 1535 3082 ut
1561 3027 1715 3096 facile
1741 3043 1992 3097 agnosce-

2097 1931 2186 2000 qui
2213 1924 2343 1984 "fuse
2371 1930 2435 1984 de
2481 1930 2705 1986 Philone
2737 1939 2925 1984 nostro
2959 1927 3246 1998 disputat;
3296 1939 3358 1977 ac
3393 1922 3445 1976 in
3476 1920 3674 1988 quavis

2096 2022 2210 2075 fere
2246 2021 2436 2090 majori
2461 2022 2690 2077 ecclesia
2722 2020 2892 2076 fuisse
2941 2019 3098 2074 docet
3130 2017 3384 2086 aliquem,
3424 2013 3514 2084 qui
3538 2012 3670 2066 rhe-

2094 2114 2229 2168 toris
2280 2131 2504 2171 munere
2545 2115 2884 2186 fungeretur,
2943 2123 3102 2182 atque
3151 2126 3214 2166 ex
3276 2110 3393 2177 ejus
3426 2105 3676 2160 ecclesia:

2097 2205 2355 2262 reditibus
2387 2207 2653 2274 aleretur;
2704 2223 2734 2260 a
2771 2219 2878 2275 quo
2920 2205 3081 2259 etiam
3103 2200 3346 2271 iuniores
3377 2196 3557 2254 clerici
3598 2195 3672 2248 ad

2096 2296 2303 2353 futuras
2331 2298 2470 2353 sacri
2498 2299 2704 2352 ordinis
2744 2296 3043 2350 functiones
3075 2291 3444 2363 promovendi,
3497 2288 3676 2343 sacris

2099 2389 2297 2444 litteris
2327 2398 2380 2444 et
2409 2389 2712 2459 disciplinis
2749 2387 3132 2444 ecclesiasticis
3160 2383 3522 2440 erudirentur.

2167 2479 2271 2532 Sed
2299 2489 2356 2532 ut
2380 2479 2444 2532 ad
2475 2477 2757 2534 Philonem
2794 2477 3100 2541 redeamus,
3133 2484 3278 2528 tanta
3327 2475 3398 2527 de
3451 2487 3516 2528 eo
3565 2469 3674 2525 fuit

2097 2570 2157 2626 S.
2191 2571 2472 2640 Epiphanii
2502 2569 2708 2640 opinio,
2743 2576 2803 2624 ut
2831 2567 3057 2622 Romam
3085 2563 3424 2636 profecturus
3457 2562 3529 2617 illi
3573 2577 3672 2616 ac-

2093 2664 2291 2718 cersito
2322 2663 2394 2734 (q)
2415 2670 2734 2731 potestatem
2768 2660 2975 2715 dederit
3007 2656 3450 2712 administranda:
3481 2652 3673 2708 Eccle—

2100 2755 2193 2809 sia:
2212 2753 2537 2808 Constantia
2566 2771 2580 2821 ;
2606 2764 2659 2809 et
2684 2754 2728 2808 si
2762 2767 2897 2823 opus
2930 2749 3143 2814 fuisset,
3175 2748 3456 2803 ordinandi
3509 2745 3675 2802 cleri-

2093 2861 2188 2901 cos
2221 2845 2550 2912 facultatem,
2586 2853 2647 2900 ut
2682 2853 2867 2899 narrat
2909 2844 3048 2899 idem
3083 2857 3241 2912 quem
3273 2855 3432 2909 supra
3463 2853 3674 2896 memo-

2095 2937 2356 3000 ravimus,
2380 2935 2813 2992 Rhinocurorutn
2843 2935 3124 3005 episcopus
3158 2932 3430 3004 Polybius.

2165 3027 2422 3084 Novimus
2472 3031 2715 3099 quidem,
2759 3027 2883 3082 Vita
2928 3027 3016 3082 illa
3061 3026 3121 3082 S.
3149 3025 3435 3094 Epiphanii
3470 3023 3675 3079 multas

419 3138 495 3185 re,
526 3123 598 3176 ita
622 3129 921 3175 constanter
947 3121 1162 3174 reddere
1193 3126 1258 3173 sit
1286 3131 1526 3189 paratus.
1556 3118 1615 3174 Si
1642 3119 1768 3188 quid
1802 3119 1988 3172 horum
2016 3161 2060 3219 ϐ
2092 3122 2356 3176 contineri
2409 3122 2646 3186 fabulas,
2675 3135 2782 3192 quo
2826 3122 3045 3175 nomine
3085 3135 3147 3174 ea
3199 3118 3351 3172 valde
3396 3116 3677 3184 displicuit

419 3223 608 3268 natura
653 3213 729 3269 rel
780 3214 1084 3268 exercitium
1137 3212 1447 3283 denegabat,
1491 3211 1556 3266 ab
1604 3210 1725 3265 aliis
1769 3227 1988 3280 quorum
2022 3210 2060 3219 "
2092 3212 2459 3283 Papebrochio
2505 3215 2577 3287 (ν)
2629 3225 2684 3270 et
2739 3211 3077 3269 'I‘illemontio
3128 3210 3217 3282 (s),
3257 3225 3414 3280 quem
3464 3210 3674 3280 passim

417 3304 745 3368 eruditione,
789 3303 1120 3374 eloquentia,
1191 3303 1361 3372 legum
1421 3302 1606 3370 peritia
1657 3317 1718 3355 ac
1765 3302 1991 3370 justitiaa

417 3411 596 3450 amore
618 3398 899 3450 duceretur
942 3405 989 3450 et
1021 3393 1398 3459 sublevaretur,
1432 3410 1578 3464 opem
1607 3393 1841 3446 mutuari
1889 3407 1992 3445 non

417 3487 748 3544 erubescebat
781 3488 1043 3559 quondam
1079 3487 1135 3540 in
1161 3484 1376 3541 Oriente
1414 3486 1737 3554 imperator:
1763 3483 1869 3538 τῶν
1904 3502 1993 3554 φι-

417 3577 694 3649 λοσόφων,
734 3579 1034 3634 divinarum
1079 3576 1534 3646 humanarumque
1576 3591 1748 3630 rerum
1811 3575 1992 3645 cogni-

417 3671 556 3726 tione
588 3671 876 3724 instructus
925 3667 1317 3733 eruditionem;
1359 3667 1609 3740 ρητόρων
1653 3665 1869 3739 πρῶτος
1908 3667 1992 3719 di-

416 3761 566 3816 cendi
591 3761 927 3831 facilitatem.
962 3798 977 3814 .
1022 3799 1037 3814 .
1075 3801 1089 3815 .
1140 3759 1464 3830 suggerebat.
1496 3757 1756 3814 Veniebat
1788 3757 1995 3814 scilicet

419 3854 656 3910 rhetoris
694 3855 909 3909 nomine
963 3851 1199 3924 palatina
1257 3851 1422 3906 etiam
1455 3849 1689 3921 dignitas
1730 3866 1748 3907 :
1798 3850 1884 3904 cui
1923 3851 1996 3904 si-

417 3947 560 4003 milis
591 3946 680 4002 illa
711 3946 1074 4002 ecclesiastica
1100 3964 1114 4011 ;
1140 3945 1281 4015 quod
1319 3943 1557 3998 indicant
1580 3958 1644 3998 ea
1667 3943 1825 3998 verba
1853 3959 1993 4014 qum,

417 4048 473 4094 ut
489 4053 648 4109 supra
671 4037 873 4094 dictum
906 4047 1009 4104 est,
1034 4037 1211 4092 attulit
1238 4035 1603 4106 Goarius(lc)e
1627 4051 1757 4091 mss.
1791 4035 1995 4107 Regiis,

414 4131 445 4184 ὀ
478 4132 662 4204 ῥήτωρ
685 4132 766 4196 εἰς
793 4131 852 4186 τὸ
881 4129 1218 4203 ῥητορεύειν.
1254 4127 1386 4182 Nam
1421 4128 1716 4199 Evangelii,
1751 4129 1833 4183 vel
1855 4129 1998 4198 Apo-

415 4223 536 4278 stoli
585 4225 709 4294 (hoc
756 4233 840 4279 est
885 4223 1249 4295 Epistolarum
1299 4219 1362 4276 D.
1396 4219 1592 4291 Pauli),
1633 4221 1716 4275 vel
1747 4221 1994 4277 Psalterii

413 4317 665 4372 doctores
720 4331 904 4371 sacras
960 4316 1278 4386 Scripturas
1334 4312 1567 4368 strictim
1601 4313 1990 4382 exponebant:

414 4408 601 4464 rhetor
627 4424 757 4465 vero
793 4409 847 4463 in
886 4408 1077 4462 iisdem
1107 4404 1328 4460 uberius
1376 4405 1798 4474 pertractandis,
1834 4413 1888 4459 et
1927 4407 1992 4459 ad

2099 3307 2190 3360 alii
2235 3315 2551 3375 sequuntur.
2587 3305 2845 3374 Dupinius
2900 3303 3050 3358 nihili
3103 3317 3221 3357 eam
3247 3303 3512 3367 aestimat;
3571 3302 3673 3358 sed

2095 3397 2212 3467 ejus
2253 3398 2551 3454 rationibus
2583 3397 2778 3467 quibus
2807 3396 2955 3450 illam
2985 3394 3205 3450 omnino
3238 3393 3582 3462 rejiciendatn
3613 3393 3672 3448 in

2095 3492 2346 3546 omnibus
2375 3498 2545 3560 putat,
2571 3505 2904 3546 summorum
2939 3488 3177 3541 virorum
3206 3485 3466 3556 judicium
3499 3500 3675 3556 oppo-

2099 3585 2298 3639 nimus.
2339 3581 2473 3637 Nam
2510 3584 2686 3652 primo
2720 3597 2826 3638 non
2877 3580 3098 3636 omnino
3121 3593 3238 3633 eam
3275 3578 3673 3646 aspernandam

2093 3677 2346 3731 Petavius
2375 3677 2587 3732 censuit
2631 3676 2719 3747 (t),
2754 3676 2844 3745 qui
2873 3694 2886 3730 :
2920 3672 3188 3744 Subjecta,
3221 3671 3415 3740 inquit,
3448 3687 3479 3723 τι
3517 3670 3673 3725 nobis

2095 3780 2169 3825 est
2214 3769 2494 3840 Epiphanii
2529 3768 2648 3823 Vita
2676 3810 2693 3836 ,
2753 3768 2940 3822 Latine
2995 3765 3122 3820 olim
3190 3782 3221 3818 a
3270 3763 3448 3830 Suria,
3488 3765 3672 3820 Crtece

2097 3870 2270 3914 autem
2294 3876 2429 3914 nunc
2460 3849 2671 3930 vulgata
2700 3860 2951 3929 primum,
2977 3875 3039 3911 ac
3073 3856 3255 3912 multis
3283 3858 3336 3910 in
3368 3857 3494 3910 locis
3523 3873 3673 3911 reco-

2095 3950 2264 4020 gnita.
2298 3950 2429 4016 Quae
2455 3966 2756 4021 quanquam
2795 3951 2849 4002 in
2894 3949 3153 4019 plerisque
3185 3949 3380 4016 fabula:
3410 3959 3482 4002 est
3510 3966 3675 4017 quam

2095 4043 2327 4097 historia:
2350 4044 2582 4112 prapior,
2637 4051 2695 4095 ut
2724 4042 3043 4114 jamdudum
3086 4042 3141 4094 in
3166 4041 3465 4096 Annalibus
3494 4040 3674 4096 Baro-

2097 4137 2213 4190 nius
2244 4136 2556 4201 admonuit;
2599 4136 2695 4190 erit
2747 4146 2921 4191 tamen
2946 4136 2998 4187 in
3057 4135 3314 4189 lutulenta
3346 4136 3438 4190 illa
3476 4153 3675 4191 narra-

2096 4228 2234 4281 tione
2277 4227 2498 4297 fortasse
2541 4228 2678 4297 quod
2728 4229 2906 4284 tollere
2957 4231 3145 4300 possis.
3182 4229 3248 4283 Et
3279 4229 3476 4294 alioqui
3502 4228 3675 4282 multa

2097 4319 2324 4372 continet
2343 4335 2459 4389 qua:
2475 4335 2594 4373 cum
2616 4335 2736 4374 vera
2762 4331 3063 4392 receptaque
3099 4322 3163 4374 ab
3186 4321 3424 4373 omnibus
3450 4319 3676 4371 historia

2097 4394 2442 4462 consentanea
2469 4418 2612 4463 sunt.
2635 4409 2833 4463 Deinde
2853 4425 2970 4464 eam
3004 4409 3164 4465 veluti
3199 4410 3447 4465 idoneum
3474 4417 3672 4462 testem

416 4499 593 4568 populi
623 4509 842 4569 captum
871 4495 1204 4564 explicandis
1230 4493 1627 4564 dilatandisque
1650 4495 1990 4550 versabatur.
2027 4511 2073 4570 υ
2100 4498 2203 4552 sibi
2240 4500 2507 4553 advocare
2539 4515 2726 4556 eorum
2759 4517 2879 4571 quae
2907 4501 3180 4566 dicebant,
3215 4518 3322 4556 non
3351 4501 3670 4556 dubitarunt

414 4587 778 4655 Quamobrem
819 4588 1049 4642 Allatius
1077 4584 1116 4638 ι.
1141 4585 1230 4640 cit.
1257 4584 1539 4639 adnotavit
1572 4584 1827 4638 rhetorem
1856 4601 1991 4640 non-

413 4679 589 4736 nullos
621 4679 966 4750 interpretari
997 4678 1417 4758 concionatorem
1435 4693 1455 4742 ;
1493 4677 1634 4746 quod
1657 4691 1844 4732 verum
1873 4687 1993 4732 est:

482 4813 561 4886 (τι)
595 4815 650 4886 ln
689 4811 926 4886 lossar.

398 4882 404 4914 ε
485 4882 560 4955 (b)
595 4885 651 4955 ln
680 4882 919 4938 Glossar.

484 4947 555 5024 (ἐ)
583 4954 656 5008 De
701 4955 946 5020 scriptor.
977 4955 1268 5010 ecclesiast.
1316 4953 1531 5024 incerta:
1555 4961 1702 5024 aetat.
1756 4952 1808 5005 in
1856 4966 1993 5024 nova

426 5022 688 5079 Historia:
711 5024 1006 5079 ecclesiast.
1037 5029 1282 5090 scriptor.
1312 5025 1441 5078 edit.
1479 5022 1747 5077 Basileen.
1785 5037 1838 5090 p.
1873 5023 1959 5075 16.

480 5095 560 5165 (d)
595 5094 673 5148 De
699 5094 878 5165 ofﬁciis
907 5097 1088 5150 eccles.
1121 5093 1738 5163 Constantinopolitanae,
1769 5106 1890 5158 cap.
1935 5092 1988 5160 1,

411 5163 662 5235 quinario
691 5163 750 5230 4,
785 5166 984 5235 pag.5,
1015 5166 1147 5223 edit.
1173 5165 1342 5220 Paris.

483 5234 550 5304 (e)
573 5234 707 5288 Ibid.
735 5234 940 5305 pag.’_7.

482 5303 549 5382 tl).
580 5305 712 5382 Ψὲςίο
733 5303 854 5374 Pas-
878 5303 933 5360 8.

507 5372 556 5443 g)
596 5372 836 5447 bibam,
870 5376 1120 5447 pag.7157
1150 5375 1331 5447 Regia:
1357 5372 1688 5447 etlit.AParis.

506 5442 561 5515 lt)
601 5443 818 5499 Praefat.
863 5442 1258 5516 ad'Excerpta'
1285 5448 1434 5500 varia
1476 5443 1711 5500 Grtecor.
1765 5442 1990 5513 sophist.

482 5519 544 5587 (ἡ)
578 5517 730 5587 Apud
756 5515 1041 5587 Codinum,
1071 5532 1192 5587 pag.
1223 5515 1312 5570 42.

484 5585 550 5655 (λ’)
583 5585 718 5639 Ibid.
752 5602 873 5656 pag.
906 5585 997 5651 44,
1029 5585 1180 5643 nuui.
1210 5589 1265 5642 9.

483 5656 554 5726 (tt)
586 5656 716 5726 Ibid.
746 5673 797 5725 p.
827 5657 876 5708 1.
999 5663 1002 5666 θ

483 5725 543 5792 (Ι)
573 5725 626 5779 In
656 5725 898 5782 Glossar.
927 5730 996 5782 ad
1030 5727 1274 5781 Nicetam
1307 5725 1545 5796 praefixo.

483 5803 576 5870 tm)
600 5798 713 5855 Lib.
756 5813 794 5863 ι,
840 5813 957 5869 Cap.
1007 5799 1038 5854 8
1067 5792 1348 5853 Observai.
1402 5800 1457 5850 in
1487 5795 1674 5851 Codin.
1711 5796 1763 5852 in
1796 5792 1986 5852 Cadini

2102 4589 2430 4647 Possevinus
2467 4593 2520 4647 in
2558 4596 2829 4664 Apparatu
2880 4613 3054 4662 sacro,
3088 4597 3345 4659 Oudinus,
3384 4593 3674 4658 Meursius,

2105 4679 2449 4750 Dufresnius,
2476 4683 2723 4753 Allatius,
2760 4685 3023 4757 Lequien,
3056 4687 3356 4755 Fabricius,
3388 4685 3672 4741 Garetius.

2095 4815 2223 4871 edit.
2257 4817 2387 4887 Reg.
2423 4819 2594 4874 Paris.
2667 4837 2750 4892 ag.
2778 4823 2902 4879 168.

2165 4889 2242 4944 in)
2280 4887 2495 4944 Praefat.
2525 4894 2591 4944 ad
2621 4835 2882 4944 gnarum

2165 4889 2242 5096 in;
2280 4887 2495 4944 Praefat.
2525 4894 2591 4946 ad
2621 4887 2882 4954 Excerpta
2909 4891 3140 4950 ercor.
3173 4895 3394 4966 sap/tiu.

2191 4975 2218 5011 ο
2277 4957 2332 5012 ln
2358 4958 2601 5017 Glossar.

2188 5046 2218 5095 ρ
2265 5028 2405 5082 Loco
2426 5031 2512 5084 ubi
2555 5047 2736 5096 supra.

2191 4957 2241 5017 ο)
2277 4957 2332 5012 ln
2358 4958 2601 5017 Glossar.

2188 5028 2239 5098 ρ)
2265 5028 2405 5102 Loco
2426 5031 2528 5102 ubi”
2551 5047 2736 5102 supra.

2163 5099 2233 5184 fa)
2268 5099 2842 5184 MeraaséAXe-iatfbv
2893 5105 3291 5192 προειρημένον
3331 5107 3541 5159 Φίλωνα
3577 5105 3668 5187 τῂν

2098 5165 2420 5246 ἔξεισιεοπρν.
2466 5172 2751 5246 {abab-up
2788 5175 3076 5229 ἀποδιδωσι
3119 5177 3219 5246 τὴν
3249 5176 3532 5231 αὐθεντίαν
3570 5192 3671 5245 της

2111 5211 2420 5232 νυνυνσνν--νιν
2468 5211 2562 5225 ην..
2602 5211 2700 5226 *νυ
2788 5211 3076 5229 υιηυνι-νυιιυυ
3131 5211 3170 5229 ιι
3197 5211 3216 5229 ν
3249 5211 3530 5231 μυνςνυδυιν
3579 5211 3621 5228 ιι

2111 5238 2552 5361 ᾟκκλθςτίαςρῆς
2569 5211 2998 5309 Κωνσζαντείας,
3037 5262 3155 5316 qua:
3175 5211 3404 5302 ‘barbare
3431 5211 3673 5300 iacenti;

2111 5323 2217 5361 stus
2310 5319 2397 5361 ιιω
2441 5323 2705 5361 Internres
2738 5316 2910 5361 reddit
2940 5332 2954 5361 ε
2997 5318 3188 5361 dntmm
3219 5319 3266 5361 pi
3304 5317 3673 5361 auctoritatem

2097 5323 2225 5386 eius
2265 5316 2705 5386 V_itw_interpres
2736 5316 2954 5386 reddit}
2997 5318 3188 5386 datque
3219 5319 3266 5370 ei
3304 5317 3673 5370 auctoritatem

2095 5375 2346 5457 Ecclesiae
2382 5375 2724 5457 anstantiaz.
2766 5383 2884 5438 Vita
2908 5385 2980 5457 S._
3001 5375 3219 5456 Epiph.,
3245 5401 3369 5457 cap.
3398 5388 3489 5441 49.

2167 5448 2236 5590 ἓν)
2268 5451 2386 5506 Act.
2419 5449 2524 5506 SS.
2555 5453 2620 5506 ad
2647 5455 2786 5508 diem
2823 5471 2901 5510 xu
2934 5448 3080 5510 Maii.

2190 5519 2237 5590 ε)
2262 5519 2416 5579 Tom.
2454 5519 2521 5587 Χ,
2554 5538 2672 5590 pag.
2709 5524 2834 5590 487,
2863 5527 2992 5581 edit.
3046 5525 3080 5580 P

2136 5519 2237 5602 .(s)
2262 5519 2416 5602 Tom.
2454 5519 2521 5602 _X,
2554 5524 2834 5602 pag.A4__8_7,
2863 5527 2992 5581 edit.
3046 5525 3221 5583 Paris.
3247 5528 3312 5584 de
3342 5527 3400 5581 S.
3444 5525 3652 5597 Epipha

2095 5593 2292 5663 nio._etﬁ
2310 5602 2419 5647 not.
2447 5593 2497 5663 1,
2530 5609 2653 5663 pag.
2683 5594 2806 5651 803.

2098 5661 2234 5787 redi)
2271 5662 2428 5719 Tom.
2453 5662 2500 5720 Π
2523 5661 2684 5736 Oper'
2715 5666 2774 5723 δ’
2801 5663 3108 5738 Epiphanii,
3141 5667 3348 5740 prwfat.
3383 5668 3449 5723 ad
3493 5669 3671 5723 lecto-
