3810 6318
280 312 347 381 I3
805 380 814 387 ἱ
1631 351 1633 354 ‹
1694 303 2080 369 PR-{EFATIOt
2478 345 2483 350 ~
3455 312 3526 379 ιι

284 446 424 514 Quin
455 441 621 497 etiam
662 439 775 510 ipse
805 427 1183 521 Tillemontius
1221 435 1321 506 (ο),
1369 434 1456 488 ubi
1492 434 1602 502 agit
1639 427 1705 488 de
1760 434 1861 487 hoc
1888 437 1933 492 Α
1959 432 2136 502 pasius
2164 433 2495 502 episcopatus
2518 433 2544 487 .’
2573 433 2796 488 Κάλπαι
2841 447 2962 490 urbs
2996 448 3092 504 est,
3140 455 3256 510 quae
3287 451 3336 496 et
3379 442 3527 498 Κάλ⁴

283 554 405 608 ipso
433 534 683 590 Philonis
730 531 1148 594 commentario,
1186 529 1344 583 ﬁdem
1367 527 1414 580 ei
1453 525 1566 578 vult
1595 525 1859 591 adhiberi,

284 645 408 685 cum
436 627 724 681 Philonem
757 623 888 678 dicit
910 621 1154 691 Carpasii
1179 619 1510 688 episcopum.

356 722 492 787 Quae
523 733 654 771 vero
676 717 851 785 ipsum
880 712 1280 769 Tillemontium
1339 710 1595 780 fugerant
1636 707 1704 764 de
1733 708 1866 762 Car-

291 813 460 883 pasiae
483 808 776 880 episcopali
806 809 935 862 sede
972 813 1340 869 monumenta,
1378 817 1440 858 ea
1479 803 1686 872 primus
1707 816 1762 859 v.
1794 801 1862 855 cl.

286 905 481 958 Petrus
515 900 840 955 Franciscus
868 897 1159 968 Fogginius
1211 895 1288 967 (b)
1325 894 1581 950 indicavit
1610 897 1868 948 adversus

291 996 602 1066 Dupinium,
637 994 727 1063 qui
757 976 1033 1061 Carpasia:
1064 993 1326 1044 honorem
1377 988 1527 1041 illum
1566 987 1864 1040 ademerat.

291 1088 366 1140 Ac
385 1088 451 1140 de
481 1083 712 1139 Philone
735 1083 991 1152 episcopo
1015 1079 1276 1149 Carpasio
1300 1093 1405 1132 non
1422 1076 1867 1153 dubitavit,Alla—

293 1157 395 1230 tius
435 1175 508 1244 (ε)
540 1174 600 1229 S.
634 1171 987 1242 Epiphaniam
1034 1171 1178 1240 loqui
1233 1171 1284 1223 in
1335 1167 1569 1232 Epistola
1593 1169 1661 1220 ad
1695 1164 1867 1220 Joan-

296 1281 407 1318 nem
435 1264 744 1331 episcopum
780 1261 1338 1331 Hierosolymitanum,
1377 1261 1498 1328 quae
1533 1258 1760 1312 habetur
1786 1257 1870 1311 in-

297 1367 374 1410 ter
403 1354 860 1425 llicronymianas
899 1352 1158 1421 epistolas
1200 1351 1268 1405 ab
1313 1351 1428 1420 ipso
1459 1347 1789 1414 Hieronymo
1814 1349 1866 1402 in

296 1446 547 1500 Latinum
580 1436 838 1501 conversi:
867 1443 946 1515 (ιι)
975 1461 987 1498 :
1015 1441 1158 1496 Nam
1185 1441 1360 1504 multi,
1409 1440 1486 1497 ait
1515 1441 1868 1511 Epiphanius,

298 1539 518 1606 episcopi
544 1536 931 1591 communionis
954 1546 1148 1590 nostra:
1175 1544 1223 1588 et
1248 1533 1577 1605 presbyteros
1613 1536 1666 1587 in
1691 1547 1869 1588 nostra

298 1629 669 1682 ordinaverunt
690 1626 981 1693 provincia,
1016 1641 1144 1694 quos
1172 1640 1266 1678 nos
1297 1622 1730 1692 comprehendere
1767 1641 1874 1678 non

298 1730 636 1787 poteramus;
670 1729 719 1773 et
744 1721 994 1772 miserunt
1048 1717 1116 1770 ad
1142 1733 1234 1770 nos
1260 1718 1507 1773 diaconos
1537 1727 1582 1770 et
1615 1717 1870 1787 hypodia-

297 1828 472 1876 conos,
495 1829 626 1881 quos
658 1812 980 1880 suscepimus
1008 1825 1126 1862 cum
1151 1805 1327 1878 gratia
1352 1824 1370 1862 :
1395 1818 1443 1861 et
1469 1809 1578 1872 ipse
1624 1808 1872 1862 cohorta-
1901 1788 1943 1842 Β

299 1915 380 1958 tus
400 1919 519 1958 sum
549 1904 715 1956 beata:
741 1903 1010 1956 memoria:
1031 1891 1308 1953 Philonem
1345 1900 1642 1969 episcopum
1670 1912 1717 1953 et
1747 1916 1873 1953 san-

299 2006 433 2048 ctam
469 1993 851 2063 Theoprepnm,
874 2003 928 2048 ut
953 1995 1006 2048 in
1035 1992 1260 2048 ecclesiis
1304 1991 1463 2062 Cypri
1491 2005 1601 2062 qua
1639 1993 1800 2063 juxta
1820 2009 1875 2047 se

299 2098 465 2150 erant,
502 2084 572 2137 ad
605 2101 734 2138 meae
769 2097 942 2139 autem
987 2085 1230 2154 parmcice
1271 2085 1540 2137 ecclesiam
1570 2084 1876 2138 videbantur

300 2178 576 2244 pertinere,
596 2192 654 2229 eo
691 2177 829 2247 quod
858 2177 1079 2243 grandis
1103 2186 1230 2230 esset
1268 2186 1314 2228 et
1346 2175 1448 2229 late
1468 2185 1648 2242 patens
1667 2176 1877 2244 provin-

303 2270 404 2333 cia,
442 2269 748 2323 ordinarent
777 2269 1099 2338 presbyteros
1126 2278 1174 2321 et
1195 2266 1388 2322 Christi
1419 2265 1671 2321 Ecclesiw
1707 2268 1876 2334 provi-

303 2361 497 2412 derent.
529 2359 896 2426 Quamobrem
924 2357 1135 2413 Cavens
1175 2357 1245 2428 (e)
1280 2357 1557 2411 scribitde
1600 2354 1823 2409 Philone
1858 2372 1872 2410 :

304 2450 379 2502 Ad
416 2447 653 2520 Cyprum
711 2447 915 2502 delatus
953 2448 1020 2500 ab
1062 2441 1355 2514 Epiphanio
1387 2442 1664 2513 Carpat/ti,
1690 2443 1878 2496 insqu

300 2542 464 2593 maris
501 2537 881 2594 Mediterranei
925 2537 986 2590 ab
1013 2537 1244 2590 Asiatico
1279 2537 1456 2588 littore
1487 2551 1590 2588 non
1623 2534 1771 2603 longe
1796 2535 1878 2588 di-

303 2633 511 2697 stantis,
540 2632 622 2684 uti
656 2631 808 2700 vulgo
847 2629 1097 2695 creditur,
1144 2629 1337 2682 rectius
1377 2642 1494 2682 vero
1523 2643 1637 2679 mea
1667 2626 1877 2697 quidem

304 2724 580 2786 sententia,
634 2721 904 2790 Carpasia:
952 2720 1096 2774 urbis
1137 2721 1192 2772 in
1241 2717 1412 2788 Cypro
1459 2734 1562 2772 non
1605 2717 1875 2786 ignobilis,

303 2816 579 2883 episcopus
643 2813 706 2866 ob
741 2813 997 2882 insignem
1039 2811 1248 2881 pietatis
1274 2811 1472 2877 [amant
1502 2809 1778 2862 ordinatus
1804 2820 1878 2862 est

303 2923 440 2960 anno
475 2903 600 2959 401.
631 2903 770 2970 Quin
795 2905 950 2957 etiam
977 2900 1303 2971 Epiphanius
1334 2899 1548 2954 Romam
1585 2900 1876 2964 discedens,

304 2995 557 3052 Ecclesia:
580 3013 693 3050 sua:
715 2993 1132 3050 Constantiensis
1165 3009 1349 3047 curam
1389 2993 1436 3047 ei
1457 2992 1738 3054 commisit,
1771 2998 1876 3045 etc.

1964 540 2113 588 πεια,
2155 524 2379 595 Κάλπη,
2427 536 2605 592 portus
2631 528 2685 579 in
2713 525 2966 598 Bithynia
2991 533 3131 598 apud
3181 532 3524 597 Stephanum.

1962 616 2050 686 qui
2080 615 2198 667 inde
2219 614 2498 680 Καλπεὺς,
2522 616 2817 682 Καλπῖνος,
2858 618 3220 686 Καλπιτανός,
3253 641 3353 678 ηοη
3383 626 3528 679 Καλο

1966 707 2178 769 πάσιος,
2214 707 2525 775 gentilitium
2569 718 2658 760 aut
2700 713 3040 776 possessivum
3081 715 3326 782 deﬂectit.
3378 719 3529 788 Καρ-

1968 796 2138 849 πάσισ.
2166 795 2285 849 urbs
2317 807 2390 849 est
2427 794 2590 866 Cypri
2634 797 2882 863 Diodoro,
2913 799 3197 868 Stephano,
3248 786 3528 861 Ptolemaio

1967 897 2274 952 memorata,
2303 886 2597 958 Xenagora:
2635 891 2932 962 Κάρπαθος
2956 895 3114 962 dicta,
3141 897 3400 952 Demetrio
3426 899 3530 954 Sal

1969 980 2182 1034 laminio
2209 979 2519 1052 Καρϐάσια.
2567 983 2650 1035 An
2677 986 2731 1036 in
2756 983 2925 1039 altera
2967 987 3157 1040 harum
3183 989 3412 1057 urbium,
3457 1010 3528 1046 an

1967 1071 2097 1125 alibi
2142 1073 2470 1140 episcopatus
2498 1071 2655 1140 fuerit
2706 1089 2809 1128 non
2855 1075 3168 1132 divinamus.
3207 1078 3354 1136 Satis
3379 1095 3532 1136 vere-

1969 1161 2161 1218 cunde.
2180 1163 2288 1232 Ego
2317 1178 2445 1217 vero
2478 1164 2845 1244 legendum‘in
2883 1165 3100 1224 Menaeis
3126 1171 3389 1240 suSpicor,
3413 1173 3536 1227 ἐπι-

1972 1251 2173 1306 σκόπου
2199 1249 2490 1323 γενομένου
2514 1251 2606 1306 τοῦ
2630 1254 2973 1325 Καρπασίου,
2997 1267 3050 1313 et
3075 1259 3141 1314 de
3161 1260 3381 1318 Philone
3410 1245 3537 1319 Cap

1971 1344 2122 1414 pasio
2163 1345 2413 1414 episcopo
2468 1345 2578 1400 illic
2614 1345 2939 1402 mentionem
2999 1349 3147 1418 fleri;
3203 1368 3267 1407 ea
3303 1356 3532 1421 ratione,
3585 1405 3587 1407 ,

1971 1437 2113 1505 quod
2159 1452 2224 1491 ex
2262 1437 2568 1492 nominibus
2595 1436 2839 1504 Κάλπαι,
2895 1441 3166 1510 Κάλπεια,
3201 1444 3394 1520 Κάλπη
3427 1463 3536 1504 non

1970 1526 2109 1581 bene
2141 1526 2414 1581 derivetur
2445 1527 2784 1592 Καλπάσιος.

2041 1616 2105 1672 ll.
2144 1617 2296 1684 Quod
2329 1619 2397 1673 ad
2430 1617 2672 1675 Philonis
2708 1620 2951 1691 Carpasii
2983 1624 3177 1680 attinet
3217 1627 3436 1698 scripta,
3465 1629 3540 1684 ἰιι·

1975 1719 2200 1776 certum,
2231 1727 2298 1766 an
2327 1711 2414 1767 ille
2441 1713 2511 1767 sit
2535 1711 2691 1782 cujus
2718 1716 3012 1784 fragmenta
3033 1718 3274 1788 quendam
3297 1721 3397 1775 sub
3420 1719 3541 1776 Phio

1972 1802 2110 1859 lonis
2137 1805 2528 1873 tantummodo,
2596 1817 2690 1861 aut
2717 1807 2954 1863 Philonis
2978 1811 3212 1879 episc0pi
3238 1812 3456 1867 nomine
3486 1813 3541 1868 in

1974 1893 2199 1949 diversis
2223 1892 2442 1948 Catenis
2473 1893 2690 1950 Patrum
2750 1895 3060 1952 Grmcorum
3101 1898 3424 1955 exhibentur
3449 1901 3540 1972 (j).

1973 1984 2179 2041 Caveus
2205 1985 2320 2042 loco
2363 2002 2521 2056 quem
2573 2003 2732 2058 supra
2760 1989 2936 2054 attuli,
2996 1999 3268 2046 auctorem
3304 1995 3544 2062 suspica-

1977 2087 2062 2131 tur
2093 2092 2214 2133 esse
2252 2077 2502 2132 Historiae
2538 2080 2921 2144 ecclesiastictc,
2977 2097 3135 2150 quem
3173 2081 3359 2137 laudat
3395 2084 3542 2138 Ana-

1973 2172 2170 2227 stasius
2203 2171 2404 2226 Sinaita
2453 2173 2604 2226 initio
2643 2173 3110 2229 Demonstrationis
3157 2175 3422 2231 historicas
3479 2181 3544 2230 de

1974 2280 2165 2333 magna
2198 2272 2246 2317 et
2278 2264 2517 2332 angelica
2561 2265 2749 2318 summi
2804 2268 3090 2320 sacerdotis
3142 2268 3415 2337 dignitate,
3459 2267 3545 2322 his

1977 2356 2184 2410 verbis:
2214 2355 2300 2407 ’Ev
2321 2357 2388 2426 τῇ
2418 2356 2908 2424 Ἐκκλεσιαστικῇ
2937 2357 3170 2426 ἱστορίᾳ
3195 2359 3425 2422 Φίλωνος
3449 2359 3543 2413 τοῦ

1976 2448 2259 2518 φιλοσόφου
2286 2439 2443 2519 εὗρόν
2479 2466 2533 2502 τι
2560 2449 2797 2504 τοιοῦτον
2819 2466 2832 2480 ⁸
2867 2449 2892 2503 1
2902 2467 2933 2503 ιι
2963 2450 3344 2506 Ecclesiastica
3371 2452 3543 2507 liisto-a

1978 2543 2054 2595 ria
2094 2541 2337 2596 Philonis
2377 2541 2668 2610 philosophi
2721 2543 2824 2597 tale
2852 2544 2975 2614 quid
3004 2545 3190 2610 reperi.
3234 2545 3312 2598 Ac
3346 2559 3414 2600 ne
3453 2547 3542 2600 cui

1980 2635 2172 2689 mirum
2205 2635 2447 2689 videatur
2469 2635 2538 2688 ibi
2569 2633 2847 2690 Philonem
2875 2635 3128 2706 appellari
3148 2635 3541 2706 philosophum,

1977 2723 2157 2779 subdit
2182 2742 2197 2778 ι
2235 2723 2349 2778 Vox
2369 2727 2473 2778 ista
2513 2742 2615 2779 non
2643 2727 2923 2781 monachos
2957 2728 3109 2781 modo
3137 2737 3185 2781 et
3211 2729 3451 2784 arctioris
3471 2729 3549 2784 ei-

1979 2825 2044 2870 ιω
2079 2815 2299 2870 cultores
2348 2817 2594 2870 denotare
2623 2819 2794 2886 coepit,
2842 2821 2930 2872 sed
2959 2829 3006 2872 et
3057 2836 3232 2873 omnes
3261 2823 3547 2889 prtesertim

1977 2907 2032 2960 in
2085 2907 2221 2960 clero
2258 2909 2582 2971 constitutos,
2645 2911 2731 2979 qui
2785 2911 2854 2964 ad
2906 2911 3310 2966 reconditiorum
3346 2912 3550 2968 litterae

1979 3011 2094 3048 rum
2121 2996 2354 3049 studium
2383 2998 2618 3051 animum
2646 2999 2981 3068 appulerunt.
3015 2999 3118 3054 Sed
3149 3001 3265 3056 haec
3295 3017 3442 3058 mera
3465 3012 3550 3060 est

305 3089 582 3144 Fabricius
622 3089 808 3142 itidem
844 3085 938 3158 (Ι),
993 3085 1230 3154 Lequien
1278 3083 1375 3156 (g),
1419 3084 1666 3138 Garetius
1706 3080 1779 3152 (Ιι)
1829 3089 1882 3136 et
1909 3145 1948 3159 ﬂ
1981 3083 2164 3153 Cavei,
2196 3100 2300 3140 non
2340 3095 2512 3140 tamen
2547 3087 2912 3157 improbabilis
2935 3089 3266 3159 conjectura.

310 3183 542 3238 Allatius
573 3145 954 3236 dissertatione
988 3145 1146 3247 qua'm
1177 3145 1514 3248 snp‘r'a'dixi,
1546 3177 1610 3230 de
1638 3145 1878 3229 Pliil'oni-
1906 3145 1950 3203 Ο
2052 3145 2202 3244 Quod
2239 3187 2420 3234 autem
2449 3179 2581 3234 nihil
2604 3145 2954 3236 dubitationis
2971 3145 3181 3236 videtur
3205 3184 3402 3238 habere
3429 3199 3553 3253 pose

306 3279 415 3340 bus,
453 3291 577 3331 cum
607 3275 676 3328 de
709 3272 933 3327 Philone
967 3270 1154 3327 eadem
1187 3272 1401 3325 tradant
1441 3284 1560 3338 qua:
1607 3267 1880 3338 Polybius,

307 3370 438 3424 satis
478 3367 793 3431 ostendunt,
828 3379 890 3419 ea
921 3378 980 3419 se
1014 3378 1111 3432 pro
1134 3363 1279 3418 veris
1314 3360 1590 3424 habuisse,
1645 3375 1764 3429 quae
1815 3361 1881 3412 de

309 3463 420 3531 ipso
450 3461 682 3514 Philone
703 3459 927 3528 ejusque
949 3457 1259 3526 episcopatu
1287 3455 1340 3508 in
1373 3452 1488 3506 Vita
1512 3450 1569 3507 S.
1601 3451 1883 3520 Epiphanii

312 3565 622 3609 narrantur.
652 3545 805 3606 Hunc
832 3547 1111 3606 Philonem
1140 3550 1205 3604 de
1231 3564 1339 3619 quo
1371 3547 1526 3600 nobis
1573 3555 1658 3600 est
1680 3560 1878 3608 ser-no,

311 3647 572 3716 suspicari
605 3645 728 3715 quis
770 3641 944 3713 possit
992 3639 1238 3698 eumdem
1269 3655 1388 3694 esse
1427 3655 1550 3694 cum
1602 3652 1666 3692 eo
1722 3653 1883 3707 quem

309 3746 613 3794 memorant
659 3751 849 3807 magna
907 3733 1109 3790 Mensea
1176 3733 1484 3788 Graecorum
1533 3729 1597 3782 ad
1632 3729 1773 3784 diem
1814 3727 1886 3784 24

307 3829 570 3894 Januarii,
601 3828 692 3884 ubi
726 3827 837 3881 hrcc
863 3827 1169 3882 habentur:
1203 3825 1282 3895 Τῇ
1316 3823 1454 3894 αὐτῇ
1480 3820 1662 3892 ἡμέρᾳ
1695 3820 1884 3890 μνήμη

309 3922 399 3975 τοῦ
427 3921 583 3990 ἁγίου
620 3920 896 3992 μάρτυρος
932 3914 1311 3989 Ἑρμογένους,
1346 3913 1438 3965 καὶ
1465 3909 1646 3981 Μηνᾶ,
1675 3912 1765 3964 καὶ⁹
1791 3909 1885 3962 τοῦ

308 4013 450 4066 ὁσίου
489 4012 709 4082 Πατρὸς
759 4009 916 4081 ἡμῶν
954 4005 1220 4070 Φίλωνος,
1257 4003 1558 4058 ἐπισκόπου
1593 4002 1885 4073 γενομένου

308 4105 400 4158 τοῦ
448 4102 813 4158 Καλπασίουδ
864 4099 1066 4154 Eadem
1107 4099 1192 4152 die
1243 4099 1667 4151 commemoratio
1721 4097 1887 4148 sancti

311 4199 555 4269 martyris
635 4195 1005 4263 Hermogenis,
1056 4202 1104 4246 et
1153 4185 1344 4256 Mente,
1393 4197 1442 4243 et
1497 4188 1665 4242 sancti
1708 4183 1887 4240 Patris

314 4288 478 4341 nostri
532 4283 780 4337 Philonis
828 4281 1055 4351 episcopi
1117 4276 1370 4345 Calpasii.
1443 4275 1558 4344 Quo
1599 4277 1714 4330 loco
1769 4274 1889 4329 Bol-

315 4381 502 4435 landus
539 4378 710 4431 allato
748 4376 815 4430 ad
874 4375 1119 4428 eumdem
1161 4374 1301 4426 diem
1360 4368 1431 4423 24
1479 4366 1722 4422 Januarii
1756 4368 1886 4421 sub-

1982 3288 2060 3339 se,
2086 3274 2300 3343 scripsit
2325 3272 2476 3328 Philo
2502 3273 2746 3344 Carpasii
2791 3275 3074 3345 episcOpus
3101 3275 3245 3330 hunc
3275 3276 3368 3346 qni
3396 3275 3553 3331 modo

1984 3367 2035 3419 in
2063 3365 2332 3435 publicum
2363 3367 2558 3434 prodit,
2595 3367 3045 3422 commentarium
3080 3368 3137 3422 in
3171 3367 3393 3422 Cantica
3422 3384 3553 3422 can-

1982 3460 2222 3512 ticorum.
2264 3457 2332 3511 Et
2363 3459 2636 3515 Philonem
2677 3461 2826 3514 illum
2868 3462 3020 3532 cujus
3057 3463 3258 3516 mentio
3301 3473 3384 3517 est
3414 3463 3556 3532 apud

1983 3549 2282 3621 Polybium,
2315 3552 2687 3606 connnentarii
2720 3552 2878 3621 hujus
2907 3552 3074 3608 fuisse
3111 3563 3386 3608 auctorem
3419 3554 3554 3609 satis

1984 3643 2338 3712 comprobare
2370 3643 2642 3710 videntur,
2671 3653 2939 3714 quotquot
2967 3645 3204 3714 reperire
3241 3644 3397 3699 licuit
3418 3659 3552 3699 mss.

1985 3734 2222 3809 codices,
2258 3733 2578 3791 Mutinensis
2624 3737 2680 3790 in
2719 3734 3042 3791 bibliotheca
3087 3737 3417 3792 serenissimi
3458 3736 3557 3792 due

1985 3826 2064 3880 cis
2104 3824 2322 3881 Mutinae
2356 3829 2824 3893 membranaceus,
2885 3830 3117 3899 scriptus
3149 3829 3360 3885 decimo
3387 3845 3561 3884 saecli-

1988 3916 2038 3968 lo
2062 3932 2077 3981 ;
2101 3927 2154 3971 et
2184 3918 2320 3972 alius
2351 3919 2535 3974 itidem
2565 3923 3009 3976 membranaceus
3036 3922 3173 3991 apud
3206 3921 3305 3978 PP.
3337 3922 3558 3977 Theatio

1988 4024 2084 4063 nos
2112 4009 2330 4079 Neapoli
2393 4011 2444 4065 in
2477 4013 2646 4068 Domo
2703 4013 2760 4067 S.
2795 4013 2966 4078 Pauli,
3027 4014 3180 4082 cujus
3228 4016 3346 4070 duae
3390 4017 3562 4069 tertias

1990 4111 2171 4172 partes
2225 4104 2439 4172 scriptae
2499 4105 2747 4159 videntur
2780 4105 2975 4160 saeculo
3013 4106 3317 4171 undecimo,
3358 4106 3561 4176 reliqua

1992 4193 2147 4248 tertia
2176 4193 2374 4248 smculo
2407 4195 2618 4249 decimo
2653 4196 2848 4260 tertio;
2876 4206 2930 4250 et
2960 4197 3048 4265 qui
3084 4207 3165 4251 est
3200 4199 3250 4251 in
3280 4198 3562 4254 bibliotheo

1989 4295 2051 4336 ca
2082 4279 2372 4338 Barberina
2403 4285 2757 4354 bombycinus
2811 4300 2907 4338 xm
2939 4285 3134 4339 saeculo
3166 4295 3460 4352 exaratos;
3510 4295 3566 4341 et

1989 4374 2094 4427 duo
2127 4384 2368 4429 recentes
2397 4376 2764 4443 manuscripti,
2798 4375 2935 4429 alter
2965 4373 3280 4432 chartaceus
3317 4377 3455 4447 apud
3502 4375 3566 4430 il-

314 4471 388 4524 dit
413 4470 474 4540 (il
501 4485 516 4521 :
543 4465 698 4522 Certe
736 4466 995 4519 illustrem
1023 4462 1368 4532 confessorem
1394 4459 1886 4557 Philonemlepisco-
1920 4501 1968 4557 Β
1994 4463 2375 4520 lnstrissimum
2450 4467 2812 4522 Auximannm
2887 4471 3194 4538 episcOpmn
3251 4469 3563 4538 Pompeium

314 4579 430 4630 pum
465 4560 781 4631 Egyptium
829 4559 883 4610 in
921 4555 1159 4610 exsilium
1202 4551 1423 4622 ejectum
1472 4566 1580 4604 esse
1607 4567 1638 4602 a
1668 4546 1887 4617 Georgio

316 4656 624 4726 Cappadoce
651 4652 714 4707 S.
749 4650 1077 4702 Athanasius
1109 4647 1285 4701 scribit
1316 4645 1369 4696 in
1398 4637 1653 4712 Apologia
1673 4642 1739 4695 de
1766 4637 1890 4708 luga

316 4763 430 4814 sua,
474 4758 524 4802 et
577 4746 634 4798 in
675 4741 913 4813 Epistula
963 4738 1029 4793 ad
1093 4736 1388 4792 solitariam
1438 4737 1604 4788 vitam
1645 4743 1886 4802 agentes.

318 4838 400 4891 ubi
453 4839 528 4888 ait
570 4832 851 4887 Philonem
899 4843 1158 4883 retrusam
1188 4843 1296 4880 esse
1321 4825 1660 4895 Babylonem,
1698 4825 1804 4876 sive
1835 4823 1886 4875 in

316 4929 661 4997 propinquam
687 4921 944 4993 Babyloni
965 4922 1298 4978 solitudinem
1325 4931 1370 4973 et
1399 4920 1466 4972 ad
1499 4919 1698 4971 obitum
1726 4933 1889 4986 usque

314 5019 725 5088 persecutionem
769 5030 1017 5085 passum;
1045 5026 1097 5070 et
1125 5012 1284 5084 paulo
1309 5020 1428 5082 post
1462 5030 1475 5066 z
1512 5014 1606 5064 Ast
1635 5009 1723 5061 ubi
1751 5006 1883 5063 Cal-

386 5204 463 5274 (a)
489 5203 558 5257 Et
581 5200 802 5274 quelque
818 5197 992 5274 {ausse
1021 5197 1243 5274 que‘soit
1267 5205 1395 5250 cette
1428 5192 1540 5260 Vie,
1573 5209 1702 5248 nous
1729 5205 1888 5274 avons

314 5265 532 5346 quelque
555 5265 691 5338 sitiet
717 5265 782 5324 de
802 5269 974 5346 cro‘ire.
985 5265 1178 5346 .qu‘elle
1198 5283 1262 5320 ne
1290 5276 1436 5346 ment.
1450 5277 1544 5333 pas
1570 5279 1633 5318 en
1649 5281 1705 5346 ce
1721 5267 1887 5346 point,

318 5334 418 5398 non
439 5334 559 5410 plus
589 5334 689 5410 que
723 5341 898 5411 quand
928 5334 1024 5393 elle
1057 5340 1151 5411 dit,
1177 5354 1285 5411 ique,
1311 5335 1488 5411 διώξῃ
1517 5334 1739 5389 succéda

318 5403 631 5483 Epiphanes
661 5403 788 5466 toni.
807 5409 876 5483 ξε
910 5421 1021 5483 not.
1052 5406 1152 5483 10,
1173 5403 1313 5483 in_S.
1335 5406 1605 5483 ἱξέιιίιιιιιιιιἶ
1629 5403 1886 5483 ριιε.809.

387 5476 460 5554 (b)
499 5485 802 5554 Comment.
840 5480 1102 5550 Epiphan.
1134 5479 1188 5532 in
1211 5478 1432 5533 Cantica
1467 5476 1808 5554 canticorum,
1837 5476 1890 5528 in

358 5550 527 5608 radat.
561 5569 686 5608 naz.
711 5551 800 5606 50.
1476 5550 1480 5555 ’
1779 5557 1789 5563 ‘

321 5569 527 5624 primat.
561 5569 686 5623 pag.
711 5569 800 5606 ou.

390 5627 458 5693 (ε)
488 5624 728 5693 Diatriba
763 5623 827 5674 de
857 5618 1167 5693 Pliilonibus
1211 5619 1385 5675 adhuc
1415 5616 1720 5693 inedita"?
1741 5616 1896 5693 Edita

324 5689 490 5764 nuper
542 5696 600 5747 in
659 5692 984 5764 Bibliotheca
1049 5689 1267 5746 Patrum
1312 5690 1460 5746 card.
1518 5690 1707 5759 Angcli
1751 5689 1893 5754 Maii,

322 5761 445 5821 toto.
472 5765 561 5821 Vl.
602 5765 760 5820 Eutr.
802 5761 1039 5818 Parant.

1995 4552 2455 4625 Con‘ipagnonum,
2507 4566 2563 4608 et
2619 4571 2769 4610 meus
2803 4556 2940 4612 alter
2988 4557 3169 4610 itidem
3213 4555 3563 4616 chartaceus;

1993 4645 2081 4714 qni
2117 4647 2218 4700 duo
2273 4647 2528 4715 postremi
2561 4648 2658 4700 etsi
2707 4657 2968 4713 recentes,
3031 4663 3136 4703 non
3188 4655 3365 4699 tamen
3394 4661 3460 4699 ex
3501 4645 3566 4699 iis

1991 4752 2126 4806 quos
2149 4737 2329 4805 priore
2364 4736 2480 4792 loco
2508 4738 2803 4801 nominavi,
2839 4738 3092 4808 descripti
3118 4751 3236 4791 esse
3265 4738 3515 4790 videntur
3548 4773 3564 4800 ,

1991 4830 2132 4896 quod
2167 4828 2433 4896 colligitur
2463 4843 2530 4882 ex
2553 4829 2888 4883 variantibus
2922 4828 3260 4891 lectionibus,
3290 4842 3408 4896 qua:
3441 4826 3566 4881 mula

1999 4921 2067 4974 tis
2126 4920 2178 4974 in
2244 4919 2375 4974 locis
2420 4930 2733 4975 occurrunt.
2786 4919 2903 4974 Non
2965 4929 3142 4974 tamen
3197 4918 3564 4984 dissimulabo,

1992 5027 2169 5066 meum
2205 5027 2270 5066 ex
2309 5011 2604 5066 Barberino
2643 5011 2828 5066 codice
2861 5011 3029 5066 videri
3071 5025 3189 5066 esse
3221 5011 3563 5078 descriptum.

2069 5191 2147 5266 (ά)
2194 5181 2433 5266 inpedit.
2469 5193 2635 5266 Oper:1
2665 5192 2723 5266 S.
2760 5192 2980 5266 Hieron.
3020 5190 3566 5266 novissimaAVeronaa

1999 5257 2311 5390 τέῗιιίιέω,
2344 5257 2568 5321 curanie
2595 5257 2876 5330 Vallarsio,
2899 5275 3029 5318 tom.
3052 5262 3093 5331 ι,
3115 5263 3219 5318 col.
3246 5262 3372 5328 242,
3404 5263 3564 5333 epist.

2071 5376 2084 5390 .
2116 5351 2170 5388 ιι.
2232 5375 2248 5390 .

2069 5376 2084 5399 ,
2116 5351 2170 5388 ιι.
2193 5351 2248 5391 z.

2067 5405 2136 5476 (e)
2171 5406 2556 5476 Histor.litter.
2596 5415 2725 5461 tom.
2750 5405 2791 5476 li,
2822 5422 2942 5475 pag.
2979 5406 3084 5461 ’575
3113 5404 3242 5459 edit.
3270 5403 3564 5460 Basileens.

2068 5477 2136 5548 (f)
2172 5477 2323 5548 Tom.
2352 5475 2713 5548 lxgrBibliotIt.
2746 5475 2866 5548 Gr},
2897 5492 3018 5546 pag.

2166 5545 2368 5603 Orient.
2398 5540 2596 5602 Christ.
2631 5556 2764 5601 tom.
2801 5545 2862 5608 ll,
3056 5544 3206 5600 1067.

2077 5614 2151 5687 (ιι)
2180 5617 2413 5685 Opernm
2440 5617 2746 5687 Cassiud0_ri
2778 5614 2911 5671 tum.
2939 5617 3003 5683 11,
3041 5632 3163 5687 pag.
3191 5614 3313 5672 549.

2173 5678 2302 5739 Acta
2334 5697 2654 5752 sanctorum,
2686 5685 2930 5740 Januarii
2969 5678 3184 5746 ιὸιιιζΙΙ.
3224 5703 3344 5755 pag.
3368 5678 3490 5755 £94.

2075 5704 2140 5755 (ι)
2173 5704 2302 5739 acra
2334 5704 2654 5752 sanctorum,
2686 5704 2930 5740 δίιιιιιιιῐιι
2969 5704 3097 5740 10111.
3120 5704 3184 5746 ll.
3260 5704 3344 5755 ag.
3368 5704 3490 5738 43M»

2075 5757 2142 5830 υ)
2165 5758 2293 5814 Vide
2322 5756 2562 5823 Fabric,
2593 5755 2845 5812 Bibtioth.
2875 5755 2969 5818 Cr.
2999 5767 3130 5812 tom.
3164 5704 3262 5822 ﬁt),
3289 5772 3409 5828 pag.
3437 5746 3574 5812 252⁷.
