3810 6316
199 341 268 397 l5
1285 333 1489 390 PIIILO
1526 331 1922 390 CABPASIUS
1955 329 2351 387 EPISCOPUS.
2981 351 2997 388 \
3374 334 3440 388 16

199 457 258 510 lli
293 467 422 509 vero
441 466 633 508 omnes
656 452 802 507 clare
837 452 978 506 hunc
1006 450 1216 505 titulum
1252 449 1578 518 pra-ferunt:
1609 445 1776 499 Φίλω-
1803 453 1852 506 Α
1881 445 2030 514 liqua
2063 445 2238 500 Grzeci
2274 444 2432 512 hujus
2468 442 2841 498 commentarii
2867 443 3252 512 interpretatio.
3291 443 3439 500 Illam

201 562 290 608 νος
319 543 619 598 ἐπισκόπου
651 541 745 596 τοῦ
775 543 1099 614 Καρπασίου
1131 543 1227 596 σὺν
1255 541 1372 611 Θεῷ
1397 541 1659 613 ἑρμηνεία
1683 541 1770 604 εὶς

199 636 271 691 τά
291 637 562 707 ᾊσματα
585 633 704 688 τῶν
731 633 1017 704 ᾀσμάτων
1048 634 1183 707 πρὸς
1209 633 1500 687 Εὐστάθιον
1531 631 1769 704 πρεσϐύ-

195 745 352 800 τερον
375 728 468 781 καὶ
493 727 752 781 Εὐσέϐιον
777 727 1021 780 διάκονον
1043 742 1058 756 θ
1093 726 1334 780 Philonis
1367 726 1592 794 episcopi
1639 724 1772 777 Car-

197 821 357 892 pasii,
389 818 499 872 Deo
549 818 788 886 juvante,
830 819 1095 872 enarratio
1133 819 1187 871 in
1220 817 1503 872 Canticum
1534 817 1772 869 cantico-

199 923 318 964 rum
341 909 408 961 ad
436 907 772 962 Eustathium
817 909 1170 978 presbyterum
1196 917 1245 961 et
1270 905 1555 960 Eusebium
1594 907 1773 959 diaco-

198 1018 347 1056 num.
383 999 638 1055 Eamdem
686 997 854 1054 fuisse
900 1000 1243 1070 epigraphem
1271 999 1415 1053 credi
1477 1007 1686 1067 Oportet
1718 998 1769 1050 in

197 1091 305 1146 alio
324 1091 508 1146 codice
546 1089 756 1154 Graeco,
794 1104 954 1159 quem
985 1097 1133 1145 certe
1168 1091 1364 1145 vidisse
1412 1090 1646 1144 arbitror
1667 1088 1774 1142 Lu-

197 1201 318 1240 cam
341 1183 700 1238 Holstenium.
726 1183 857 1236 Nam
894 1182 948 1236 in
998 1183 1141 1237 notis
1179 1187 1244 1234 ad
1280 1179 1662 1252 Geographiam
1683 1198 1772 1235 sa-

197 1290 341 1328 crant
369 1272 546 1328 Caroli
585 1287 614 1325 a
646 1272 703 1325 S.
732 1272 902 1326 Paulo
937 1270 1038 1342 (a),
1078 1270 1275 1341 Hujus,
1329 1271 1519 1340 inquit,
1550 1271 1771 1340 (Carpa-

199 1367 314 1438 site)
342 1367 608 1434 episcopus
649 1363 801 1418 Philo
851 1363 1194 1434 Καρπάσιος,
1244 1364 1395 1432 cujus
1442 1372 1605 1417 exstat
1629 1379 1773 1415 com-

199 1459 484 1513 mentcrius
519 1456 733 1511 Crtecus
764 1472 862 1508 ms.
892 1457 943 1509 in
974 1455 1194 1509 Cantica
1231 1455 1586 1521 canticorum,
1625 1470 1774 1524 quem

198 1554 354 1624 vulgo
409 1553 542 1606 male
599 1549 962 1620 Carpathium,
1010 1548 1160 1618 quasi
1199 1564 1230 1599 α
1284 1545 1548 1615 Carpatho
1602 1544 1775 1597 insula

198 1644 484 1716 appellant.
546 1644 679 1698 Cum
713 1642 987 1696 Holstenio
1011 1642 1282 1696 consentit
1331 1640 1579 1705 Allatius,
1609 1640 1773 1710 quiin

201 1736 432 1790 diatriba
485 1739 548 1789 de
597 1720 937 1798 Philonibus,
1009 1731 1217 1785 Philoni
1271 1729 1531 1799 Carpasio
1591 1731 1776 1783 tribuit.

201 1825 646 1880 commentarium
683 1826 734 1877 in
766 1823 1039 1879 Canticum
1062 1824 1385 1876 canticorum
1418 1835 1436 1875 :
1469 1821 1771 1884 Snccinclo,
1805 1805 1846 1860 Β

201 1917 397 1987 inquit,
429 1918 518 1971 sed
541 1917 848 1970 acutissima
893 1913 1367 1984 laudatissimaque
1400 1914 1778 1966 commentaria

200 2009 406 2078 scripsit
449 2009 505 2062 in
571 2007 848 2062 Canticum
917 2007 1246 2060 canticorum
1303 2006 1373 2057 ad
1440 2002 1777 2058 Eustathium

200 2100 555 2170 presbyterum
577 2107 623 2151 et
653 2095 935 2150 Eusebium
963 2097 1263 2149 diaconum.
1291 2094 1398 2149 Nec
1432 2095 1590 2148 aliam
1617 2110 1776 2163 quam

201 2205 325 2261 quae
357 2189 411 2244 in
441 2188 756 2245 memoratis
787 2187 1064 2243 codicibus
1095 2187 1404 2254 exhibetur,
1430 2187 1775 2258 epigrapltem

203 2279 460 2335 habuisse
511 2278 718 2332 videtur
767 2276 986 2333 Graecus
1038 2278 1204 2332 codex
1267 2276 1496 2331 Emerici
1561 2277 1775 2344 Bigotii.

202 2368 337 2424 Cum
369 2369 515 2424 enim
540 2368 891 2424 Cassiodorus
916 2367 1199 2437 scripserit
1237 2366 1334 2438 (b),
1362 2365 1421 2419 S.
1450 2363 1778 2435 Epiphanius

201 2462 420 2516 antistes
449 2462 849 2530 Cypriustolum
873 2458 1065 2512 librum
1094 2457 1274 2513 erco
1300 2474 1535 2512 sermone
1555 2473 1658 2510 uno
1691 2473 1779 2510 eo-

203 2552 398 2607 lumine
421 2553 722 2620 complexus
744 2562 838 2606 est.
860 2549 1016 2605 Hunc
1042 2567 1157 2615 nos,
1185 2561 1238 2603 ut
1267 2549 1424 2613 alios,
1456 2550 1508 2602 in
1534 2547 1778 2603 Latinam

202 2647 438 2716 linguam
469 2660 559 2712 per
585 2645 816 2698 amicum
866 2653 1121 2706 nostrum,
1176 2644 1348 2696 virum
1375 2641 1777 2695 disertissimum

207 2736 557 2806 Epiphaniam
588 2735 830 2798 fecimus,
860 2733 969 2788 Deo
994 2734 1232 2802 iuvante,
1261 2733 1573 2800 transferri;
1613 2733 1781 2788 Care-

204 2832 312 2885 tius
349 2828 416 2882 ad
449 2828 592 2882 hunc
619 2826 797 2882 locum
839 2826 980 2880 hanc
1011 2836 1194 2880 notam
1227 2826 1474 2897 apposuit
1511 2842 1525 2880 :
1572 2823 1662 2879 Vel
1687 2842 1782 2895 po-

201 2925 310 2975 tius
343 2919 500 2974 Philo
531 2921 802 2974 ordinatus
832 2920 1100 2987 episcopus
1124 2917 1366 2988 Carpasii
1389 2920 1443 2972 in
1469 2919 1642 2972 insula
1675 2917 1780 2989 Cy—

204 3029 298 3082 pro
330 3030 361 3066 a
388 3011 447 3066 S.
479 3011 772 3082 Epiphanio
814 3011 1127 3066 Salaminia:
1167 3013 1424 3076 antistite,
1457 3022 1510 3065 ut
1534 3013 1591 3066 in
1616 3013 1779 3082 ipsius

1870 549 1922 589 ν.
1963 534 2033 590 cl.
2075 532 2266 589 Petrus
2311 533 2634 588 Franciscus
2687 532 2977 602 Fogginius
3033 549 3176 586 anno
3219 535 3357 591 I750
3388 538 3442 590 in

1871 624 2039 678 lucem
2074 623 2265 678 extulit
2297 639 2328 676 e
2353 624 2766 679 ntemhranaceo
2800 625 3074 679 Vaticanm
3105 625 3444 682 bibliotheca:

1871 717 2072 781 codice,
2113 716 2266 785 cujus
2303 725 2513 770 aetatem
2541 717 2818 771 existimat
2843 717 3225 772 millenariam.
3260 721 3444 775 Codex

1872 809 1959 864 ille
1988 811 2292 878 interpretis
2322 810 2534 879 quidem
2570 827 2673 864 non
2716 809 2933 866 exhibet
2963 826 3188 878 nomen;
3230 813 3321 867 sed
3348 827 3445 866 au-

1871 910 2074 955 ctorem
2128 900 2348 972 pratfcrt
2386 900 2445 954 S.
2504 900 2885 970 Epiphanium.
2941 901 3091 957 Hanc
3113 903 3254 956 enim
3285 904 3446 956 habet

1873 992 2273 1062 inscriptionem
2313 1012 2326 1048 :
2360 992 2634 1061 Expositio
2669 993 2728 1048 S.
2764 993 3048 1063 Epiphanii
3085 995 3309 1064 episcopi
3347 994 3446 1065 Cy—

1871 1086 1953 1155 pri
1978 1087 2027 1139 in
2059 1085 2277 1140 Cantica
2313 1087 2664 1140 canticorum.
2715 1087 2864 1141 lianc
2903 1088 3196 1141 versionem
3255 1087 3446 1158 Foggi-

1875 1179 1995 1230 nius
2025 1185 2175 1245 putat
2219 1177 2286 1231 ab
2327 1176 2626 1246 Epiphanio
2656 1177 2994 1232 Scholastico
3019 1194 3140 1233 esse
3176 1180 3444 1248 composi—

1876 1277 2004 1332 tam,
2036 1277 2089 1323 et
2117 1271 2359 1322 eamdem
2393 1269 2539 1322 illam
2565 1285 2682 1324 esse
2707 1282 2896 1326 censet
2925 1273 3443 1341 interpretationem,

1875 1376 2034 1429 quam
2069 1361 2421 1416 Cassiodorus
2448 1361 2564 1415 loco
2585 1379 2741 1432 quem
2777 1365 3055 1418 attulimus
3099 1381 3255 1433 supra
3297 1381 3447 1420 com-

1877 1464 2158 1509 memorat.
2203 1453 2348 1509 lllitts
2391 1456 2528 1510 tituli
2581 1458 2861 1512 veritatem
2886 1461 3103 1528 agn0vit
3136 1459 3445 1514 Adrianusl

1876 1561 2013 1616 papa
2043 1545 2093 1600 in
2125 1547 2324 1616 scripto
2349 1547 2423 1600 De
2444 1548 2755 1614 imaginibus
2781 1549 2845 1602 ad
2866 1547 3115 1604 Carolum
3143 1565 3317 1620 regem
3342 1553 3443 1621 (c):

1877 1637 1943 1691 In
2011 1654 2267 1706 persona.
2328 1639 2534 1708 inquit,
2589 1638 2784 1692 Christi
2838 1650 2885 1693 et
2933 1639 3183 1695 Ecclesia:
3243 1641 3447 1696 diversa

1875 1740 2173 1784 sanctorum
2198 1728 2420 1784 Patrum
2472 1730 2720 1798 opuscula
2775 1733 2827 1785 in
2853 1731 3072 1787 Cantica
3111 1733 3445 1788 canticorum

1877 1824 2156 1891 explanata
2181 1832 2340 1877 sunt:
2374 1835 2421 1877 et
2455 1825 2501 1878 si
2530 1825 2737 1894 quando
2756 1825 3147 1895 intelligendum
3177 1835 3272 1892 est,
3318 1829 3450 1880 scire

1878 1917 2056 1980 velint,
2083 1914 2139 1970 S.
2169 1915 2454 1984 Epiphanii
2481 1917 2709 1985 episcopi
2762 1915 2920 1986 Cypri
2947 1917 3263 1986 proferimus
3292 1934 3452 1987 expo-

1877 2005 2138 2068 sitionem,
2179 2005 2230 2057 in
2251 2021 2354 2074 qua
2376 2007 2514 2060 inter
2557 2006 2721 2059 multa
2747 2007 2952 2059 diversa
2981 2008 3145 2077 inquit
3171 2023 3189 2060 :
3215 2007 3452 2064 Ostende

1880 2103 2007 2156 mihi
2037 2102 2226 2156 faciem
2264 2113 2430 2167 tuam,
2453 2113 2507 2158 et
2529 2104 2764 2158 auditam
2794 2104 2879 2158 lac
2906 2106 3036 2160 mihi
3055 2121 3236 2160 vocem
3265 2112 3447 2170 tuam;

1881 2194 1981 2248 hoc
2006 2204 2086 2248 est
2115 2207 2210 2263 per
2247 2195 2417 2266 legent
2454 2205 2508 2250 et
2543 2195 2836 2265 prophetas
2888 2211 2994 2250 non
3028 2196 3156 2250 mihi
3185 2196 3448 2265 loquaris,

1880 2285 1972 2335 sed
2006 2283 2344 2352 temetipsum
2398 2293 2566 2339 totum
2606 2287 2732 2339 mihi
2767 2286 3011 2352 ostende,
3039 2296 3086 2340 et
3122 2297 3307 2340 ca’tera
3333 2302 3454 2356 qua

1882 2385 2182 2442 sequuntur.
2216 2372 2338 2426 llaec
2368 2388 2495 2428 vero
2549 2384 2675 2428 sunt
2703 2375 2968 2443 ipsissima
3020 2375 3205 2440 verba,
3251 2389 3370 2444 quae
3397 2375 3452 2429 iu

1848 2518 1861 2529 ,
1879 2466 2111 2519 editione
2134 2463 2460 2533 Fogginiana
2489 2467 2734 2535 leguntur
2759 2481 2884 2536 pag.
2907 2465 3011 2528 59;
3054 2465 3227 2534 iisque
3265 2466 3455 2521 Graeca

1881 2555 2205 2626 respondent
2250 2556 2300 2609 in
2355 2555 2455 2609 hac
2501 2556 2735 2610 editione
2781 2567 2962 2610 nostra
3012 2572 3162 2610 num.
3197 2557 3285 2628 74.
3341 2557 3453 2614 Nec

1884 2661 2010 2701 vero
2054 2648 2222 2700 codex
2258 2646 2346 2701 ille
2385 2644 2670 2701 Vaticanus
2701 2657 2786 2702 est
2823 2649 3046 2712 unicus;
3079 2649 3170 2702 sed
3193 2659 3368 2704 exstat
3401 2652 3451 2705 in

1882 2738 2208 2792 bibliotheca
2241 2737 2407 2806 Regia
2452 2737 2744 2793 Parisiensi
2798 2741 2936 2792 inter
2975 2740 3312 2794 miscellanea
3370 2742 3456 2794 Ili-

1881 2830 2009 2902 gotii
2048 2830 2187 2884 idem
2221 2829 2449 2884 Latinus
2479 2831 2925 2896 commentarius,
2959 2846 3118 2900 quem
3148 2848 3211 2885 ex
3241 2829 3457 2885 Vatica-

1881 2937 1952 2976 no
1978 2921 2165 2975 codice
2196 2921 2410 2990 quidam
2448 2923 2791 2992 suspicantur
2823 2935 2943 2977 esse
2968 2922 3315 2993 descriptum.
3349 2923 3454 2977 Sed

1883 3013 2037 3069 falso.
2066 3011 2202 3067 Nam
2243 3014 2296 3068 in
2320 3013 2602 3084 Bigotiano
2619 3015 2804 3069 codice
2837 3016 2984 3070 deest
3011 3015 3273 3084 prmfatio,
3294 3032 3455 3086 quam

213 3105 384 3158 sancti
417 3103 538 3158 Vita
568 3105 775 3174 legitur.
828 3103 946 3157 Vidi
985 3103 1199 3172 hujusce
1253 3106 1613 3158 commentarii
1665 3115 1779 3159 tex-
1806 3141 1848 3199 ε
1892 3106 2178 3161 Vaticanus
2202 3107 2371 3160 codex
2403 3107 2665 3175 integram
2711 3105 2888 3161 habet.
2923 3106 3155 3178 Aﬁquum
3181 3109 3347 3178 igitur
3374 3117 3458 3162 est

205 3205 313 3250 tum
341 3193 583 3250 ercum
623 3197 680 3249 in
719 3197 958 3248 manibus
984 3212 1032 3249 υ.
1068 3197 1136 3250 cl.
1164 3195 1394 3250 Emerici
1428 3195 1624 3266 Bigotii
1661 3214 1778 3250 cum

207 3287 556 3342 translatione
593 3285 809 3350 Latina,
851 3289 1003 3356 cujus
1024 3286 1110 3341 hic
1145 3289 1376 3341 meminit
1408 3286 1777 3342 Cassiodorus.

204 3380 338 3436 Cum
371 3377 650 3434 Holstenio
679 3389 734 3433 et
780 3375 1000 3433 Garetio
1053 3380 1382 3434 concordant
1417 3378 1697 3434 Fabricius
1727 3390 1780 3434 et

204 3470 463 3542 Lequien.
496 3471 596 3526 Hic
625 3472 769 3526 enim
806 3473 857 3526 iu
890 3470 1101 3526 Oriente
1147 3471 1449 3526 Christiano
1501 3471 1571 3543 (c)
1610 3490 1624 3526 :
1653 3470 1782 3525 Phi-

205 3563 366 3630 lonis,
393 3563 585 3633 inquit,
640 3564 866 3632 episcopi
898 3562 1143 3628 Carpasii
1173 3573 1341 3616 exstat
1378 3565 1780 3618 commentarius

205 3655 258 3709 in
298 3655 581 3710 Canticum
636 3659 994 3719 canticorum,
1057 3654 1204 3723 cujus
1255 3653 1448 3708 Latina
1505 3656 1782 3710 translatio

205 3747 597 3817 circumfertur,
625 3765 658 3800 a
697 3747 882 3801 Gra'co
931 3747 1110 3800 codice
1144 3747 1428 3800 admodum
1454 3749 1776 3815 discrepans.

205 3836 498 3894 Cenuinum
525 3843 639 3904 eius
668 3838 934 3908 exemplar
988 3839 1054 3892 cl.
1085 3838 1328 3908 Bigotius
1369 3840 1421 3892 in
1461 3855 1563 3892 sua
1591 3839 1779 3892 biblio-

207 3932 354 3984 theca
379 3935 634 3994 servabat,
662 3933 802 4002 quod
826 3929 1006 3984 Crtece
1029 3929 1311 3999 Latineque
1343 3947 1374 3983 a
1415 3948 1469 3984 se
1485 3931 1781 3998 propediem

205 4024 458 4077 edendum
491 4024 782 4078 Casintirus
809 4022 988 4078 Oudin
1011 4024 1064 4078 in
1104 4040 1202 4077 suo
1234 4024 1302 4075 ad
1333 4022 1658 4076 Labbeanam
1691 4020 1785 4074 Bi-

207 4116 509 4169 bliothecam
534 4115 888 4184 supplemento
911 4132 1053 4186 spem
1087 4115 1232 4169 nobis
1264 4115 1475 4182 fecerat.
1506 4113 1786 4170 Fabricius

207 4220 334 4262 vero
369 4207 447 4276 (d)
503 4223 518 4260 :
570 4206 888 4272 Cenuinum,
948 4208 1140 4276 inquit,
1191 4205 1431 4260 Philonis
1467 4215 1787 4259 commenta-

207 4299 346 4352 rium
377 4297 562 4354 Creco
600 4316 627 4354 e
655 4300 830 4353 codice
877 4299 1150 4370 Bigotiano
1201 4299 1464 4352 editurum
1495 4299 1694 4366 pridem
1733 4299 1786 4351 in

210 4407 264 4446 se
286 4392 474 4460 recepit
504 4393 582 4445 vir
613 4392 947 4447 doctissimus
969 4390 1244 4446 Anselmus
1267 4389 1571 4444 Bandurius
1607 4405 1788 4442 mona-

207 4487 334 4540 chus
351 4484 740 4540 Benedictinus.

277 4577 461 4648 Itaque
483 4593 603 4632 cum
634 4575 885 4647 praeclara
915 4573 1153 4629 doctrina
1182 4580 1496 4642 praestantes
1515 4570 1786 4635 Garetius,

206 4668 467 4739 Lequien,
519 4669 824 4731 Fabricius,
873 4666 1182 4722 Bandurius
1240 4673 1295 4720 et
1339 4666 1447 4718 duo
1471 4663 1574 4718 viri
1607 4663 1783 4732 magni

209 4763 436 4818 Allatius
462 4771 516 4818 et
546 4761 857 4816 Holstenius
887 4761 940 4814 in
987 4759 1088 4814 hoc
1115 4755 1474 4820 consentiant,
1507 4754 1782 4809 Philonem

209 4856 524 4926 Carpasium
577 4866 852 4911 auctorem
909 4851 1076 4907 fuisse
1106 4850 1276 4907 Graeci
1308 4847 1678 4903 commentarii
1729 4847 1784 4900 in

210 4947 487 5003 Canticum
527 4947 876 5011 canticorum,
901 4954 956 4999 et
992 4942 1163 4998 Graeci
1193 4941 1408 4996 codices
1433 4955 1659 5009 quorum
1690 4956 1786 4993 no-

213 5040 329 5095 titia
356 5038 423 5094 ad
475 5052 574 5094 nos
608 5037 874 5108 pervenit,
912 5035 1150 5090 Philonis
1207 5033 1454 5103 Carpasii
1499 5029 1790 5102 praferaut

211 5147 445 5200 nomen;
489 5120 650 5186 haud
679 5140 827 5186 certe
887 5130 1080 5186 fecisse
1119 5138 1317 5182 temere
1371 5126 1635 5191 videatur,
1697 5124 1786 5194 qui

214 5225 360 5280 hunc
382 5240 543 5294 quem
584 5223 780 5293 publici
803 5222 941 5292 juris
972 5220 1129 5285 facio,
1171 5217 1638 5281 commentarium,
1670 5231 1790 5269 cum

214 5318 401 5372 iisdem
425 5316 628 5372 Graecis
655 5315 926 5370 codicibus
943 5312 1212 5375 collatum,
1237 5311 1409 5366 eidem
1433 5308 1642 5363 Philoni
1662 5306 1792 5362 Car-

212 5409 347 5479 pasii
378 5409 629 5478 episcopo
664 5406 925 5460 tribuerit.

285 5499 664 5556 Verumtamen
689 5496 1061 5568 gravissimam
1107 5492 1473 5550 difﬁcultatem
1501 5489 1658 5547 oil'ert
1688 5504 1787 5544 auo

288 5636 363 5710 (a)
395 5635 512 5710 Lib.
537 5653 594 5710 ῃ,
622 5631 897 5710 pag._297.

287 5699 360 5778 (ὁ)
395 5708 508 5778 μιν.
543 5699 1075 5778 Deinititupliljerat
1104 5742 1119 5767 ,
1155 5714 1272 5771 cap.
1310 5699 1363 5756 5.

285 5773 354 5842 lc)
392 5777 546 5833 Tom.
575 5778 634 5844 ll,
667 5791 785 5845 pug.
820 5773 973 5826 1067.

1882 3197 2193 3252 existimare
2240 3196 2419 3266 plures
2442 3196 2664 3252 Latinos
2695 3197 2859 3251 fuisse
2894 3198 3020 3252 olim
3073 3199 3276 3255 similes
3305 3201 3453 3255 codi-

1881 3304 1994 3352 ces,
2025 3299 2079 3344 et
2127 3288 2359 3344 fortasse
2412 3290 2590 3345 adhuc
2631 3291 2828 3346 alicubi
2894 3293 3246 3360 delitescere;
3297 3295 3457 3363 idque

1882 3384 2046 3454 probe
2079 3383 2642 3451 animadvertendum,
2675 3400 2740 3439 ne
2780 3385 2898 3454 quis
2937 3401 3000 3439 ex
3032 3401 3096 3441 eo
3135 3388 3276 3457 quod
3320 3403 3458 3442 unus

1884 3475 2253 3528 tantummodo
2297 3485 2354 3529 et
2388 3475 2681 3545 singularis
2708 3478 3049 3534 existimetur
3088 3495 3209 3535 esse
3241 3479 3460 3535 Vatica-

1883 3582 1984 3622 nus
2021 3568 2214 3632 codex,
2262 3566 2336 3620 illi
2385 3583 2605 3636 parvam
2644 3570 2803 3624 ﬁdem
2853 3570 3153 3626 habendam
3181 3587 3301 3628 esse
3329 3588 3459 3626 con-

1884 3658 2085 3714 tendat.
2111 3658 2241 3713 Cum
2291 3658 2452 3729 igitur
2478 3659 2727 3716 Latinum
2757 3665 3205 3718 commentarium
3250 3673 3459 3720 constet

1881 3764 2002 3804 esse
2025 3750 2194 3806 Graeci
2215 3749 2512 3807 Philoniani
2542 3755 2871 3816 versionem;
2897 3755 3209 3810 alterutrum
3233 3757 3461 3825 pseudo-

1883 3845 2228 3914 epigraphum
2286 3859 2404 3900 esse
2442 3856 2671 3914 oportet.
2725 3845 2874 3903 lianc
2933 3847 3298 3903 dillicultatem
3364 3851 3461 3904 ha-

1887 3951 2003 3989 rum
2057 3950 2237 3989 rerum
2295 3935 2717 4006 intelligentibus
2761 3939 3143 4008 expediendam
3191 3941 3458 4010 relinquo.

1897 4030 2056 4084 Certe
2087 4029 2340 4084 Caretius
2366 4031 2456 4099 qui
2502 4033 2641 4099 apud
2676 4032 2938 4101 Bigotium
2991 4042 3276 4104 utrumque
3307 4035 3458 4101 vidit,

1902 4121 2349 4175 commentarium
2374 4121 2618 4178 Graccum
2652 4135 2706 4178 et
2737 4123 3010 4190 Latinum,
3056 4128 3253 4180 nodum
3297 4127 3462 4180 auda-

1886 4221 2000 4267 cter
2067 4223 2311 4283 amputat
2367 4225 2424 4270 et
2479 4216 2695 4286 oblique
2736 4218 3041 4273 Cassiodori
3087 4220 3461 4273 testimonium

1887 4305 2106 4359 videtur
2128 4303 2378 4374 rejicere,
2411 4305 2780 4378 lectoremque
2817 4310 3204 4379 propemodum
3250 4311 3303 4364 in
3342 4325 3461 4364 eam

1892 4395 2160 4449 adducere
2192 4394 2615 4462 dubitationem,
2639 4406 2820 4450 utrum
2869 4397 3200 4466 Epiphanius
3237 4398 3464 4452 antistes

1821 4495 1863 4550 ι)
1891 4483 2121 4554 Cyprius
2163 4484 2614 4540 commentarium
2683 4483 3067 4554 conscripserit
3114 4483 3349 4554 aliquem
3410 4484 3466 4536 in

1895 4575 2169 4629 Canticum
2206 4575 2549 4629 canticorum.
2624 4636 2626 4638 τ

1970 4665 2107 4735 Quid
2137 4667 2183 4722 si
2218 4668 2510 4722 contendat
2567 4665 2762 4735 aliquis
2789 4665 3051 4721 memoria
3092 4664 3298 4735 lapsum
3335 4663 3467 4718 Cas-

1893 4759 2192 4821 siodorum,
2240 4773 2336 4826 pro
2367 4757 2592 4812 Philone
2647 4755 2928 4826 Epiphanii
2957 4757 3146 4826 aequali
3183 4765 3238 4810 et
3268 4757 3466 4818 amico,

1895 4849 2249 4917 Epiphanium
2279 4846 2566 4916 posuisse?
2590 4845 2727 4912 Quid
2763 4847 2805 4902 si
2829 4847 3066 4902 codicem
3092 4862 3250 4916 quem
3279 4845 3469 4900 habuit

1893 4939 2274 5005 Cassiodorus,
2311 4950 2370 4992 ut
2405 4940 2608 5009 majore
2637 4941 2808 5010 pretio
2839 4939 3058 5009 dignum
3090 4937 3293 4992 laceret
3321 4953 3470 4992 ama-

1895 5033 2136 5099 nuensis,
2180 5031 2462 5100 Epiphanii
2495 5047 2702 5102 magnae
2737 5031 2898 5110 fama:
2928 5046 3120 5086 nomen
3157 5047 3254 5102 pro
3275 5023 3475 5112 obscul‘

1897 5122 2038 5176 riore
2066 5119 2308 5174 Philonis
2341 5121 2556 5174 nomine
2585 5120 2656 5174 illi
2689 5121 3005 5189 inscripsit?
3031 5121 3094 5174 Et
3126 5119 3474 5177 consuevisse

1898 5213 2114 5283 quidem
2167 5211 2438 5276 librarios,
2493 5223 2550 5266 ut
2586 5213 2667 5268 vel
2723 5215 2970 5282 peritiam
3007 5213 3089 5267 vel
3139 5213 3472 5282 diligentiam

1901 5305 2343 5357 commendarent
2393 5318 2569 5368 suam,
2623 5305 2712 5373 qui
2760 5306 2975 5360 codices
3035 5305 3117 5360 vel
3158 5305 3362 5359 nullum
3390 5304 3472 5357 vel

1900 5396 2143 5466 ignotum
2177 5396 2534 5450 obscurumve
2573 5396 2886 5464 praeferrent
2914 5407 3207 5462 auctorem,
3242 5397 3308 5451 iis
3339 5395 3471 5450 insi-

1898 5502 2004 5559 gne
2034 5486 2263 5557 alicujus
2305 5487 2535 5545 celebris
2581 5491 2866 5560 scriptoris
2928 5503 3125 5545 nomen
3173 5487 3472 5560 praeﬁgere,

1964 5623 2040 5694 (d)
2072 5621 2214 5694 Luco
2237 5640 2400 5694 supra
2431 5626 2521 5681 cit.

1965 5695 2036 5766 (ε)
2075 5693 2230 5751 Tom.
2258 5693 2324 5752 IV
2355 5694 2556 5750 Concil.
2592 5693 2874 5766 Harduiui,
2900 5695 3005 5753 col.
3031 5695 3135 5752 785
