  <div class='ocr_page' id='page_1' title='image "/cluster/home/n/w/nwhite01/storage/ocr_20150623/40/hvd.32044019207786/016.png"; bbox 0 0 3810 6312; ppageno 0'>
   <div class='ocr_carea' id='block_1_1' title="bbox 284 339 3538 398">
    <p class='ocr_par' dir='ltr' id='par_1_1' title="bbox 284 339 3538 398">
     <span class='ocr_line' id='line_1_1' title="bbox 284 339 3538 398; baseline 0 -4"><span class='ocrx_word' id='word_1_1' title='bbox 284 340 307 394; x_wconf 77' lang='grc'><strong>1</strong></span> <span class='ocrx_word' id='word_1_2' title='bbox 323 341 355 394; x_wconf 85' lang='grc'><strong>7</strong></span> <span class='ocrx_word' id='word_1_3' title='bbox 1709 339 2096 398; x_wconf 64' lang='grc' dir='ltr'><strong>ΡΒΔΕἘἊΤΙΟ.</strong></span> <span class='ocrx_word' id='word_1_4' title='bbox 3471 339 3538 396; x_wconf 78' lang='grc'><strong>18</strong></span> 
     </span>
    </p>
   </div>
   <div class='ocr_carea' id='block_1_2' title="bbox 283 451 3536 526">
    <p class='ocr_par' dir='ltr' id='par_1_2' title="bbox 283 451 3536 526">
     <span class='ocr_line' id='line_1_2' title="bbox 283 451 3536 526; baseline 0 -16"><span class='ocrx_word' id='word_1_5' title='bbox 283 455 633 516; x_wconf 85' lang='lat' dir='ltr'><strong>notissimum</strong></span> <span class='ocrx_word' id='word_1_6' title='bbox 659 462 744 510; x_wconf 87' lang='lat' dir='ltr'><strong>est</strong></span> <span class='ocrx_word' id='word_1_7' title='bbox 772 455 1027 511; x_wconf 83' lang='lat' dir='ltr'><strong>omnibus</strong></span> <span class='ocrx_word' id='word_1_8' title='bbox 1075 454 1165 524; x_wconf 88' lang='lat' dir='ltr'><strong>qui</strong></span> <span class='ocrx_word' id='word_1_9' title='bbox 1196 453 1282 509; x_wconf 92' lang='lat' dir='ltr'><strong>vel</strong></span> <span class='ocrx_word' id='word_1_10' title='bbox 1302 451 1494 509; x_wconf 76' lang='lat' dir='ltr'><strong>leviter</strong></span> <span class='ocrx_word' id='word_1_11' title='bbox 1519 453 1625 510; x_wconf 90' lang='lat' dir='ltr'><strong>hoc</strong></span> <span class='ocrx_word' id='word_1_12' title='bbox 1661 456 1866 512; x_wconf 87' lang='lat' dir='ltr'><strong>studio-</strong></span> <span class='ocrx_word' id='word_1_13' title='bbox 1892 460 1942 519; x_wconf 81' lang='grc' dir='ltr'><strong>Α</strong></span> <span class='ocrx_word' id='word_1_14' title='bbox 1971 464 2355 512; x_wconf 90' lang='lat' dir='ltr'><strong>commentum.</strong></span> <span class='ocrx_word' id='word_1_15' title='bbox 2381 453 2733 526; x_wconf 76' lang='lat' dir='ltr'><strong>Carpathium</strong></span> <span class='ocrx_word' id='word_1_16' title='bbox 2775 468 2902 510; x_wconf 91' lang='lat' dir='ltr'><strong>vero</strong></span> <span class='ocrx_word' id='word_1_17' title='bbox 2929 461 2985 510; x_wconf 89' lang='lat' dir='ltr'><strong>et</strong></span> <span class='ocrx_word' id='word_1_18' title='bbox 3009 455 3452 511; x_wconf 74' lang='lat' dir='ltr'><strong>commentarium</strong></span> <span class='ocrx_word' id='word_1_19' title='bbox 3480 456 3536 510; x_wconf 82' lang='lat' dir='ltr'><strong>in</strong></span> 
     </span>
    </p>
   </div>
   <div class='ocr_carea' id='block_1_3' title="bbox 287 545 1865 616">
    <p class='ocr_par' dir='ltr' id='par_1_3' title="bbox 287 545 1865 616">
     <span class='ocr_line' id='line_1_3' title="bbox 287 545 1865 616; baseline 0.001 -16"><span class='ocrx_word' id='word_1_20' title='bbox 287 563 408 600; x_wconf 87' lang='lat' dir='ltr'><strong>rum</strong></span> <span class='ocrx_word' id='word_1_21' title='bbox 430 562 604 616; x_wconf 84' lang='lat' dir='ltr'><strong>genus</strong></span> <span class='ocrx_word' id='word_1_22' title='bbox 638 547 940 616; x_wconf 85' lang='lat' dir='ltr'><strong>attigerint.</strong></span> <span class='ocrx_word' id='word_1_23' title='bbox 976 545 1184 616; x_wconf 83' lang='lat' dir='ltr'><strong>Lapsus</strong></span> <span class='ocrx_word' id='word_1_24' title='bbox 1214 559 1343 601; x_wconf 80' lang='lat' dir='ltr'><strong>vero</strong></span> <span class='ocrx_word' id='word_1_25' title='bbox 1379 545 1657 602; x_wconf 73' lang='lat' dir='ltr'><strong>memoriae</strong></span> <span class='ocrx_word' id='word_1_26' title='bbox 1685 547 1738 601; x_wconf 91' lang='lat' dir='ltr'><strong>in</strong></span> <span class='ocrx_word' id='word_1_27' title='bbox 1768 562 1865 602; x_wconf 83' lang='lat' dir='ltr'><strong>au-</strong></span> 
     </span>
    </p>
   </div>
   <div class='ocr_carea' id='block_1_4' title="bbox 1969 545 3538 618">
    <p class='ocr_par' dir='ltr' id='par_1_4' title="bbox 1969 545 3538 618">
     <span class='ocr_line' id='line_1_4' title="bbox 1969 545 3538 618; baseline -0.002 -13"><span class='ocrx_word' id='word_1_28' title='bbox 1969 563 2092 605; x_wconf 90' lang='lat' dir='ltr'><strong>eum</strong></span> <span class='ocrx_word' id='word_1_29' title='bbox 2124 547 2321 602; x_wconf 91' lang='lat' dir='ltr'><strong>librum</strong></span> <span class='ocrx_word' id='word_1_30' title='bbox 2349 547 2652 618; x_wconf 85' lang='lat' dir='ltr'><strong>scripsisse,</strong></span> <span class='ocrx_word' id='word_1_31' title='bbox 2682 556 2739 602; x_wconf 91' lang='lat' dir='ltr'><strong>et</strong></span> <span class='ocrx_word' id='word_1_32' title='bbox 2776 545 2927 616; x_wconf 87' lang='lat' dir='ltr'><strong>plura</strong></span> <span class='ocrx_word' id='word_1_33' title='bbox 2982 562 3051 603; x_wconf 84' lang='lat' dir='ltr'><strong>ex</strong></span> <span class='ocrx_word' id='word_1_34' title='bbox 3076 546 3356 618; x_wconf 86' lang='lat' dir='ltr'><strong>Epiphanii</strong></span> <span class='ocrx_word' id='word_1_35' title='bbox 3387 561 3538 602; x_wconf 89' lang='lat' dir='ltr'><strong>eom-</strong></span> 
     </span>
    </p>
   </div>
   <div class='ocr_carea' id='block_1_5' title="bbox 283 636 3537 708">
    <p class='ocr_par' dir='ltr' id='par_1_5' title="bbox 283 636 3537 708">
     <span class='ocr_line' id='line_1_5' title="bbox 283 636 3537 708; baseline 0 -15"><span class='ocrx_word' id='word_1_36' title='bbox 283 640 532 693; x_wconf 85' lang='lat' dir='ltr'><strong>ctoribus</strong></span> <span class='ocrx_word' id='word_1_37' title='bbox 603 639 948 693; x_wconf 79' lang='lat' dir='ltr'><strong>nominandis</strong></span> <span class='ocrx_word' id='word_1_38' title='bbox 1014 636 1291 705; x_wconf 86' lang='lat' dir='ltr'><strong>complura</strong></span> <span class='ocrx_word' id='word_1_39' title='bbox 1377 636 1553 692; x_wconf 70' lang='lat' dir='ltr'><strong>afferri</strong></span> <span class='ocrx_word' id='word_1_40' title='bbox 1645 647 1869 708; x_wconf 90' lang='lat' dir='ltr'><strong>possunt</strong></span> <span class='ocrx_word' id='word_1_41' title='bbox 1969 641 2237 696; x_wconf 90' lang='lat' dir='ltr'><strong>mentario</strong></span> <span class='ocrx_word' id='word_1_42' title='bbox 2267 649 2518 705; x_wconf 81' lang='lat' dir='ltr'><strong>excerpta</strong></span> <span class='ocrx_word' id='word_1_43' title='bbox 2549 638 2604 693; x_wconf 90' lang='lat' dir='ltr'><strong>in</strong></span> <span class='ocrx_word' id='word_1_44' title='bbox 2637 653 2793 693; x_wconf 91' lang='lat' dir='ltr'><strong>suum</strong></span> <span class='ocrx_word' id='word_1_45' title='bbox 2826 637 3293 702; x_wconf 81' lang='lat' dir='ltr'><strong>commentarium,</strong></span> <span class='ocrx_word' id='word_1_46' title='bbox 3324 638 3376 694; x_wconf 93' lang='lat' dir='ltr'><strong>in</strong></span> <span class='ocrx_word' id='word_1_47' title='bbox 3421 638 3537 708; x_wconf 82' lang='lat' dir='ltr'><strong>epi-</strong></span> 
     </span>
    </p>
   </div>
   <div class='ocr_carea' id='block_1_6' title="bbox 293 727 1865 800">
    <p class='ocr_par' dir='ltr' id='par_1_6' title="bbox 293 727 1865 800">
     <span class='ocr_line' id='line_1_6' title="bbox 293 727 1865 800; baseline 0.001 -18"><span class='ocrx_word' id='word_1_48' title='bbox 293 731 566 798; x_wconf 77' lang='lat' dir='ltr'><strong>exempla.</strong></span> <span class='ocrx_word' id='word_1_49' title='bbox 593 729 869 785; x_wconf 81' lang='lat' dir='ltr'><strong>Melchiori</strong></span> <span class='ocrx_word' id='word_1_50' title='bbox 899 729 1047 784; x_wconf 89' lang='lat' dir='ltr'><strong>Cano</strong></span> <span class='ocrx_word' id='word_1_51' title='bbox 1071 729 1171 800; x_wconf 89' lang='lat' dir='ltr'><strong>(a),</strong></span> <span class='ocrx_word' id='word_1_52' title='bbox 1194 739 1246 783; x_wconf 93' lang='lat' dir='ltr'><strong>et</strong></span> <span class='ocrx_word' id='word_1_53' title='bbox 1265 727 1526 784; x_wconf 89' lang='lat' dir='ltr'><strong>Garnerio</strong></span> <span class='ocrx_word' id='word_1_54' title='bbox 1557 729 1654 800; x_wconf 87' lang='lat' dir='ltr'><strong>(b).</strong></span> <span class='ocrx_word' id='word_1_55' title='bbox 1689 730 1865 800; x_wconf 51' lang='lat' dir='ltr'><strong>suspio</strong></span> 
     </span>
    </p>
   </div>
   <div class='ocr_carea' id='block_1_7' title="bbox 283 820 1866 892">
    <p class='ocr_par' dir='ltr' id='par_1_7' title="bbox 283 820 1866 892">
     <span class='ocr_line' id='line_1_7' title="bbox 283 820 1866 892; baseline 0.001 -14"><span class='ocrx_word' id='word_1_56' title='bbox 283 825 370 878; x_wconf 87' lang='lat' dir='ltr'><strong>cio</strong></span> <span class='ocrx_word' id='word_1_57' title='bbox 402 823 502 876; x_wconf 90' lang='lat' dir='ltr'><strong>fuit</strong></span> <span class='ocrx_word' id='word_1_58' title='bbox 529 823 854 892; x_wconf 74' lang='lat' dir='ltr'><strong>Gregorium</strong></span> <span class='ocrx_word' id='word_1_59' title='bbox 877 822 1126 892; x_wconf 84' lang='lat' dir='ltr'><strong>Magnum</strong></span> <span class='ocrx_word' id='word_1_60' title='bbox 1155 820 1226 890; x_wconf 77' lang='grc' dir='ltr'><strong>(ε)</strong></span> <span class='ocrx_word' id='word_1_61' title='bbox 1244 836 1339 891; x_wconf 91' lang='lat' dir='ltr'><strong>pro</strong></span> <span class='ocrx_word' id='word_1_62' title='bbox 1370 820 1668 876; x_wconf 84' lang='lat' dir='ltr'><strong>Sozomeno</strong></span> <span class='ocrx_word' id='word_1_63' title='bbox 1689 823 1866 880; x_wconf 78' lang='lat' dir='ltr'><strong>Theo-</strong></span> 
     </span>
    </p>
   </div>
   <div class='ocr_carea' id='block_1_8' title="bbox 284 912 1866 985">
    <p class='ocr_par' dir='ltr' id='par_1_8' title="bbox 284 912 1866 985">
     <span class='ocr_line' id='line_1_8' title="bbox 284 912 1866 985; baseline 0.001 -16"><span class='ocrx_word' id='word_1_64' title='bbox 284 915 531 970; x_wconf 87' lang='lat' dir='ltr'><strong>doretum</strong></span> <span class='ocrx_word' id='word_1_65' title='bbox 586 915 870 985; x_wconf 85' lang='lat' dir='ltr'><strong>posuisse;</strong></span> <span class='ocrx_word' id='word_1_66' title='bbox 899 913 965 968; x_wconf 91' lang='lat' dir='ltr'><strong>de</strong></span> <span class='ocrx_word' id='word_1_67' title='bbox 1010 928 1117 982; x_wconf 89' lang='lat' dir='ltr'><strong>qtto</strong></span> <span class='ocrx_word' id='word_1_68' title='bbox 1165 913 1441 967; x_wconf 68' lang='lat' dir='ltr'><strong>memoriae</strong></span> <span class='ocrx_word' id='word_1_69' title='bbox 1501 912 1644 982; x_wconf 84' lang='lat' dir='ltr'><strong>lapsu</strong></span> <span class='ocrx_word' id='word_1_70' title='bbox 1681 914 1866 971; x_wconf 78' lang='lat' dir='ltr'><strong>Fabri-</strong></span> 
     </span>
    </p>
   </div>
   <div class='ocr_carea' id='block_1_9' title="bbox 284 1005 1864 1078">
    <p class='ocr_par' dir='ltr' id='par_1_9' title="bbox 284 1005 1864 1078">
     <span class='ocr_line' id='line_1_9' title="bbox 284 1005 1864 1078; baseline -0.002 -15"><span class='ocrx_word' id='word_1_71' title='bbox 284 1011 404 1064; x_wconf 89' lang='lat' dir='ltr'><strong>cius</strong></span> <span class='ocrx_word' id='word_1_72' title='bbox 432 1008 514 1078; x_wconf 78' lang='grc' dir='ltr'><strong>(ά)</strong></span> <span class='ocrx_word' id='word_1_73' title='bbox 545 1023 651 1062; x_wconf 94' lang='lat' dir='ltr'><strong>non</strong></span> <span class='ocrx_word' id='word_1_74' title='bbox 691 1007 1021 1077; x_wconf 84' lang='lat' dir='ltr'><strong>suspicatur,</strong></span> <span class='ocrx_word' id='word_1_75' title='bbox 1063 1006 1158 1060; x_wconf 90' lang='lat' dir='ltr'><strong>sed</strong></span> <span class='ocrx_word' id='word_1_76' title='bbox 1192 1023 1294 1059; x_wconf 88' lang='lat' dir='ltr'><strong>non</strong></span> <span class='ocrx_word' id='word_1_77' title='bbox 1342 1005 1554 1058; x_wconf 83' lang='lat' dir='ltr'><strong>dubium</strong></span> <span class='ocrx_word' id='word_1_78' title='bbox 1588 1023 1696 1060; x_wconf 82' lang='lat' dir='ltr'><strong>esse</strong></span> <span class='ocrx_word' id='word_1_79' title='bbox 1723 1006 1864 1061; x_wconf 80' lang='lat' dir='ltr'><strong>aliir-</strong></span> 
     </span>
    </p>
   </div>
   <div class='ocr_carea' id='block_1_10' title="bbox 288 1097 1864 1170">
    <p class='ocr_par' dir='ltr' id='par_1_10' title="bbox 288 1097 1864 1170">
     <span class='ocr_line' id='line_1_10' title="bbox 288 1097 1864 1170; baseline 0 -15"><span class='ocrx_word' id='word_1_80' title='bbox 288 1110 416 1165; x_wconf 88' lang='lat' dir='ltr'><strong>mat,</strong></span> <span class='ocrx_word' id='word_1_81' title='bbox 447 1099 770 1170; x_wconf 80' lang='lat' dir='ltr'><strong>Gregorium</strong></span> <span class='ocrx_word' id='word_1_82' title='bbox 805 1099 1040 1154; x_wconf 88' lang='lat' dir='ltr'><strong>voluisse</strong></span> <span class='ocrx_word' id='word_1_83' title='bbox 1090 1097 1487 1152; x_wconf 80' lang='lat' dir='ltr'><strong>Theodoreunn</strong></span> <span class='ocrx_word' id='word_1_84' title='bbox 1541 1113 1636 1166; x_wconf 90' lang='lat' dir='ltr'><strong>pro</strong></span> <span class='ocrx_word' id='word_1_85' title='bbox 1695 1099 1864 1155; x_wconf 68' lang='grc' dir='ltr'><strong><em>δοιο-</em></strong></span> 
     </span>
    </p>
   </div>
   <div class='ocr_carea' id='block_1_11' title="bbox 287 1189 1865 1264">
    <p class='ocr_par' dir='ltr' id='par_1_11' title="bbox 287 1189 1865 1264">
     <span class='ocr_line' id='line_1_11' title="bbox 287 1189 1865 1264; baseline 0.003 -18"><span class='ocrx_word' id='word_1_86' title='bbox 287 1206 447 1246; x_wconf 89' lang='lat' dir='ltr'><strong>meno</strong></span> <span class='ocrx_word' id='word_1_87' title='bbox 485 1193 688 1247; x_wconf 86' lang='lat' dir='ltr'><strong>dicere.</strong></span> <span class='ocrx_word' id='word_1_88' title='bbox 733 1191 852 1259; x_wconf 86' lang='lat' dir='ltr'><strong>Quo</strong></span> <span class='ocrx_word' id='word_1_89' title='bbox 889 1191 942 1246; x_wconf 90' lang='lat' dir='ltr'><strong>in</strong></span> <span class='ocrx_word' id='word_1_90' title='bbox 969 1191 1088 1247; x_wconf 91' lang='lat' dir='ltr'><strong>loco</strong></span> <span class='ocrx_word' id='word_1_91' title='bbox 1119 1189 1355 1246; x_wconf 82' lang='lat' dir='ltr'><strong>Fabricii</strong></span> <span class='ocrx_word' id='word_1_92' title='bbox 1383 1191 1534 1257; x_wconf 88' lang='lat' dir='ltr'><strong>plura</strong></span> <span class='ocrx_word' id='word_1_93' title='bbox 1569 1192 1674 1247; x_wconf 89' lang='lat' dir='ltr'><strong>alia</strong></span> <span class='ocrx_word' id='word_1_94' title='bbox 1707 1208 1865 1264; x_wconf 83' lang='lat' dir='ltr'><strong>repe-</strong></span> 
     </span>
    </p>
   </div>
   <div class='ocr_carea' id='block_1_12' title="bbox 290 1282 1864 1355">
    <p class='ocr_par' dir='ltr' id='par_1_12' title="bbox 290 1282 1864 1355">
     <span class='ocr_line' id='line_1_12' title="bbox 290 1282 1864 1355; baseline 0.003 -19"><span class='ocrx_word' id='word_1_95' title='bbox 290 1284 396 1339; x_wconf 83' lang='lat' dir='ltr'><strong>rias</strong></span> <span class='ocrx_word' id='word_1_96' title='bbox 428 1282 695 1352; x_wconf 86' lang='lat' dir='ltr'><strong>ejusmodi</strong></span> <span class='ocrx_word' id='word_1_97' title='bbox 732 1285 920 1354; x_wconf 89' lang='lat' dir='ltr'><strong>lapsus</strong></span> <span class='ocrx_word' id='word_1_98' title='bbox 969 1283 1239 1353; x_wconf 88' lang='lat' dir='ltr'><strong>exempla.</strong></span> <span class='ocrx_word' id='word_1_99' title='bbox 1287 1283 1349 1336; x_wconf 87' lang='lat' dir='ltr'><strong>Et</strong></span> <span class='ocrx_word' id='word_1_100' title='bbox 1387 1293 1537 1338; x_wconf 88' lang='lat' dir='ltr'><strong>certe</strong></span> <span class='ocrx_word' id='word_1_101' title='bbox 1576 1294 1680 1340; x_wconf 88' lang='lat' dir='ltr'><strong>tam</strong></span> <span class='ocrx_word' id='word_1_102' title='bbox 1723 1300 1864 1355; x_wconf 68' lang='lat' dir='ltr'><strong>saepe</strong></span> 
     </span>
    </p>
   </div>
   <div class='ocr_carea' id='block_1_13' title="bbox 288 1374 1864 1448">
    <p class='ocr_par' dir='ltr' id='par_1_13' title="bbox 288 1374 1864 1448">
     <span class='ocr_line' id='line_1_13' title="bbox 288 1374 1864 1448; baseline 0.003 -20"><span class='ocrx_word' id='word_1_103' title='bbox 288 1374 337 1428; x_wconf 90' lang='lat' dir='ltr'><strong>id</strong></span> <span class='ocrx_word' id='word_1_104' title='bbox 367 1375 591 1440; x_wconf 85' lang='lat' dir='ltr'><strong>accidit,</strong></span> <span class='ocrx_word' id='word_1_105' title='bbox 638 1386 693 1429; x_wconf 90' lang='lat' dir='ltr'><strong>ut</strong></span> <span class='ocrx_word' id='word_1_106' title='bbox 726 1377 792 1431; x_wconf 89' lang='lat' dir='ltr'><strong>de</strong></span> <span class='ocrx_word' id='word_1_107' title='bbox 844 1374 1149 1445; x_wconf 88' lang='lat' dir='ltr'><strong>hujusmodi</strong></span> <span class='ocrx_word' id='word_1_108' title='bbox 1195 1374 1457 1442; x_wconf 86' lang='lat' dir='ltr'><strong>exemplis</strong></span> <span class='ocrx_word' id='word_1_109' title='bbox 1503 1375 1864 1448; x_wconf 81' lang='lat' dir='ltr'><strong>Hieronymus</strong></span> 
     </span>
    </p>
   </div>
   <div class='ocr_carea' id='block_1_14' title="bbox 289 1467 1864 1539">
    <p class='ocr_par' dir='ltr' id='par_1_14' title="bbox 289 1467 1864 1539">
     <span class='ocr_line' id='line_1_14' title="bbox 289 1467 1864 1539; baseline 0.003 -18"><span class='ocrx_word' id='word_1_110' title='bbox 289 1467 635 1524; x_wconf 81' lang='lat' dir='ltr'><strong>Tartarottus</strong></span> <span class='ocrx_word' id='word_1_111' title='bbox 661 1468 730 1539; x_wconf 87' lang='lat' dir='ltr'><strong>(e)</strong></span> <span class='ocrx_word' id='word_1_112' title='bbox 754 1468 950 1523; x_wconf 90' lang='lat' dir='ltr'><strong>librum</strong></span> <span class='ocrx_word' id='word_1_113' title='bbox 995 1471 1111 1523; x_wconf 83' lang='lat' dir='ltr'><strong>sive</strong></span> <span class='ocrx_word' id='word_1_114' title='bbox 1141 1468 1576 1523; x_wconf 86' lang='lat' dir='ltr'><strong>dissertationem</strong></span> <span class='ocrx_word' id='word_1_115' title='bbox 1598 1471 1864 1527; x_wconf 85' lang='lat' dir='ltr'><strong>conﬁcere</strong></span> 
     </span>
    </p>
   </div>
   <div class='ocr_carea' id='block_1_15' title="bbox 287 1557 1857 1628">
    <p class='ocr_par' dir='ltr' id='par_1_15' title="bbox 287 1557 1857 1628">
     <span class='ocr_line' id='line_1_15' title="bbox 287 1557 1857 1628; baseline 0.002 -18"><span class='ocrx_word' id='word_1_116' title='bbox 287 1559 547 1627; x_wconf 88' lang='lat' dir='ltr'><strong>potuerit.</strong></span> <span class='ocrx_word' id='word_1_117' title='bbox 581 1558 850 1614; x_wconf 61' lang='lat' dir='ltr'><strong>Praeterea</strong></span> <span class='ocrx_word' id='word_1_118' title='bbox 907 1569 960 1613; x_wconf 93' lang='lat' dir='ltr'><strong>et</strong></span> <span class='ocrx_word' id='word_1_119' title='bbox 999 1558 1124 1613; x_wconf 91' lang='lat' dir='ltr'><strong>illud</strong></span> <span class='ocrx_word' id='word_1_120' title='bbox 1179 1557 1376 1626; x_wconf 88' lang='lat' dir='ltr'><strong>aliquis</strong></span> <span class='ocrx_word' id='word_1_121' title='bbox 1411 1572 1604 1628; x_wconf 89' lang='lat' dir='ltr'><strong>urgere</strong></span> <span class='ocrx_word' id='word_1_122' title='bbox 1651 1559 1857 1628; x_wconf 87' lang='lat' dir='ltr'><strong>possit;</strong></span> 
     </span>
    </p>
   </div>
   <div class='ocr_carea' id='block_1_16' title="bbox 286 1647 1862 1718">
    <p class='ocr_par' dir='ltr' id='par_1_16' title="bbox 286 1647 1862 1718">
     <span class='ocr_line' id='line_1_16' title="bbox 286 1647 1862 1718; baseline 0.003 -18"><span class='ocrx_word' id='word_1_123' title='bbox 286 1650 425 1718; x_wconf 87' lang='lat' dir='ltr'><strong>quod</strong></span> <span class='ocrx_word' id='word_1_124' title='bbox 449 1664 548 1702; x_wconf 89' lang='lat' dir='ltr'><strong>nos</strong></span> <span class='ocrx_word' id='word_1_125' title='bbox 579 1648 646 1702; x_wconf 90' lang='lat' dir='ltr'><strong>ad</strong></span> <span class='ocrx_word' id='word_1_126' title='bbox 697 1648 1106 1717; x_wconf 80' lang='lat' dir='ltr'><strong>explicationem</strong></span> <span class='ocrx_word' id='word_1_127' title='bbox 1156 1647 1528 1702; x_wconf 87' lang='lat' dir='ltr'><strong>Philonianam</strong></span> <span class='ocrx_word' id='word_1_128' title='bbox 1577 1665 1725 1703; x_wconf 89' lang='lat' dir='ltr'><strong>nttm.</strong></span> <span class='ocrx_word' id='word_1_129' title='bbox 1755 1649 1862 1704; x_wconf 85' lang='lat'><strong>222</strong></span> 
     </span>
    </p>
   </div>
   <div class='ocr_carea' id='block_1_17' title="bbox 1973 730 3536 802">
    <p class='ocr_par' dir='ltr' id='par_1_17' title="bbox 1973 730 3536 802">
     <span class='ocr_line' id='line_1_17' title="bbox 1973 730 3536 802; baseline -0.003 -12"><span class='ocrx_word' id='word_1_130' title='bbox 1973 743 2152 790; x_wconf 92' lang='lat' dir='ltr'><strong>tomen</strong></span> <span class='ocrx_word' id='word_1_131' title='bbox 2189 735 2424 796; x_wconf 89' lang='lat' dir='ltr'><strong>redacta,</strong></span> <span class='ocrx_word' id='word_1_132' title='bbox 2463 732 2780 789; x_wconf 82' lang='lat' dir='ltr'><strong>insemisse.</strong></span> <span class='ocrx_word' id='word_1_133' title='bbox 2809 730 3007 786; x_wconf 83' lang='lat' dir='ltr'><strong>Verum</strong></span> <span class='ocrx_word' id='word_1_134' title='bbox 3055 731 3387 802; x_wconf 86' lang='lat' dir='ltr'><strong>probandum</strong></span> <span class='ocrx_word' id='word_1_135' title='bbox 3421 731 3536 786; x_wconf 90' lang='lat' dir='ltr'><strong>fue-</strong></span> 
     </span>
    </p>
   </div>
   <div class='ocr_carea' id='block_1_18' title="bbox 1969 825 3534 897">
    <p class='ocr_par' dir='ltr' id='par_1_18' title="bbox 1969 825 3534 897">
     <span class='ocr_line' id='line_1_18' title="bbox 1969 825 3534 897; baseline -0.001 -15"><span class='ocrx_word' id='word_1_136' title='bbox 1969 838 2053 882; x_wconf 88' lang='lat' dir='ltr'><strong>rat</strong></span> <span class='ocrx_word' id='word_1_137' title='bbox 2081 827 2256 896; x_wconf 89' lang='lat' dir='ltr'><strong>primo</strong></span> <span class='ocrx_word' id='word_1_138' title='bbox 2285 834 2498 882; x_wconf 82' lang='lat' dir='ltr'><strong>exstare</strong></span> <span class='ocrx_word' id='word_1_139' title='bbox 2523 828 2752 897; x_wconf 85' lang='lat' dir='ltr'><strong>aliquem</strong></span> <span class='ocrx_word' id='word_1_140' title='bbox 2775 826 3158 882; x_wconf 79' lang='lat' dir='ltr'><strong>autexstitisse</strong></span> <span class='ocrx_word' id='word_1_141' title='bbox 3187 826 3286 881; x_wconf 88' lang='lat' dir='ltr'><strong>sub</strong></span> <span class='ocrx_word' id='word_1_142' title='bbox 3315 825 3534 881; x_wconf 85' lang='lat' dir='ltr'><strong>nomine</strong></span> 
     </span>
    </p>
   </div>
   <div class='ocr_carea' id='block_1_19' title="bbox 1969 916 3532 979">
    <p class='ocr_par' dir='ltr' id='par_1_19' title="bbox 1969 916 3532 979">
     <span class='ocr_line' id='line_1_19' title="bbox 1969 916 3532 979; baseline -0.004 -5"><span class='ocrx_word' id='word_1_143' title='bbox 1969 919 2212 974; x_wconf 83' lang='lat' dir='ltr'><strong>Philonis</strong></span> <span class='ocrx_word' id='word_1_144' title='bbox 2247 917 2300 972; x_wconf 88' lang='lat' dir='ltr'><strong>in</strong></span> <span class='ocrx_word' id='word_1_145' title='bbox 2331 918 2550 973; x_wconf 92' lang='lat' dir='ltr'><strong>Cantica</strong></span> <span class='ocrx_word' id='word_1_146' title='bbox 2591 919 2915 973; x_wconf 81' lang='lat' dir='ltr'><strong>canticorum</strong></span> <span class='ocrx_word' id='word_1_147' title='bbox 2961 916 3227 979; x_wconf 82' lang='lat' dir='ltr'><strong>eiusmodi</strong></span> <span class='ocrx_word' id='word_1_148' title='bbox 3253 930 3532 970; x_wconf 89' lang='lat' dir='ltr'><strong>commen-</strong></span> 
     </span>
    </p>
   </div>
   <div class='ocr_carea' id='block_1_20' title="bbox 1966 1004 3536 1083">
    <p class='ocr_par' dir='ltr' id='par_1_20' title="bbox 1966 1004 3536 1083">
     <span class='ocr_line' id='line_1_20' title="bbox 1966 1004 3536 1083; baseline -0.006 -16"><span class='ocrx_word' id='word_1_149' title='bbox 1966 1013 2183 1079; x_wconf 88' lang='lat' dir='ltr'><strong>tarium,</strong></span> <span class='ocrx_word' id='word_1_150' title='bbox 2217 1011 2308 1083; x_wconf 91' lang='lat' dir='ltr'><strong>qui</strong></span> <span class='ocrx_word' id='word_1_151' title='bbox 2336 1010 2594 1081; x_wconf 89' lang='lat' dir='ltr'><strong>pleraque</strong></span> <span class='ocrx_word' id='word_1_152' title='bbox 2636 1012 2737 1079; x_wconf 88' lang='lat' dir='ltr'><strong>ipsi</strong></span> <span class='ocrx_word' id='word_1_153' title='bbox 2763 1008 2968 1065; x_wconf 88' lang='lat' dir='ltr'><strong>Philoni</strong></span> <span class='ocrx_word' id='word_1_154' title='bbox 2997 1007 3212 1076; x_wconf 88' lang='lat' dir='ltr'><strong>propria</strong></span> <span class='ocrx_word' id='word_1_155' title='bbox 3237 1016 3293 1061; x_wconf 92' lang='lat' dir='ltr'><strong>et</strong></span> <span class='ocrx_word' id='word_1_156' title='bbox 3323 1007 3390 1060; x_wconf 85' lang='lat' dir='ltr'><strong>ab</strong></span> <span class='ocrx_word' id='word_1_157' title='bbox 3419 1004 3536 1074; x_wconf 89' lang='lat' dir='ltr'><strong>ejus</strong></span> 
     </span>
    </p>
   </div>
   <div class='ocr_carea' id='block_1_21' title="bbox 1965 1098 3534 1175">
    <p class='ocr_par' dir='ltr' id='par_1_21' title="bbox 1965 1098 3534 1175">
     <span class='ocr_line' id='line_1_21' title="bbox 1965 1098 3534 1175; baseline -0.006 -16"><span class='ocrx_word' id='word_1_158' title='bbox 1965 1104 2180 1175; x_wconf 88' lang='lat' dir='ltr'><strong>ingenio</strong></span> <span class='ocrx_word' id='word_1_159' title='bbox 2238 1102 2474 1172; x_wconf 88' lang='lat' dir='ltr'><strong>profecta</strong></span> <span class='ocrx_word' id='word_1_160' title='bbox 2512 1103 2829 1165; x_wconf 90' lang='lat' dir='ltr'><strong>contineret,</strong></span> <span class='ocrx_word' id='word_1_161' title='bbox 2882 1111 2937 1155; x_wconf 92' lang='lat' dir='ltr'><strong>et</strong></span> <span class='ocrx_word' id='word_1_162' title='bbox 2985 1103 3052 1155; x_wconf 91' lang='lat' dir='ltr'><strong>ab</strong></span> <span class='ocrx_word' id='word_1_163' title='bbox 3081 1099 3146 1154; x_wconf 92' lang='lat' dir='ltr'><strong>iis</strong></span> <span class='ocrx_word' id='word_1_164' title='bbox 3174 1098 3384 1153; x_wconf 88' lang='lat' dir='ltr'><strong>diversa</strong></span> <span class='ocrx_word' id='word_1_165' title='bbox 3412 1111 3534 1167; x_wconf 84' lang='lat' dir='ltr'><strong>quae</strong></span> 
     </span>
    </p>
   </div>
   <div class='ocr_carea' id='block_1_22' title="bbox 1966 1189 3532 1266">
    <p class='ocr_par' dir='ltr' id='par_1_22' title="bbox 1966 1189 3532 1266">
     <span class='ocr_line' id='line_1_22' title="bbox 1966 1189 3532 1266; baseline -0.006 -16"><span class='ocrx_word' id='word_1_166' title='bbox 1966 1197 2018 1252; x_wconf 93' lang='lat' dir='ltr'><strong>in</strong></span> <span class='ocrx_word' id='word_1_167' title='bbox 2045 1196 2421 1266; x_wconf 84' lang='lat' dir='ltr'><strong>Epiphaniano</strong></span> <span class='ocrx_word' id='word_1_168' title='bbox 2441 1193 2831 1251; x_wconf 89' lang='lat' dir='ltr'><strong>commentario</strong></span> <span class='ocrx_word' id='word_1_169' title='bbox 2859 1191 3218 1261; x_wconf 89' lang='lat' dir='ltr'><strong>reperiuntur.</strong></span> <span class='ocrx_word' id='word_1_170' title='bbox 3243 1189 3446 1244; x_wconf 85' lang='lat' dir='ltr'><strong>Deinde</strong></span> <span class='ocrx_word' id='word_1_171' title='bbox 3469 1202 3532 1242; x_wconf 89' lang='lat' dir='ltr'><strong>ea</strong></span> 
     </span>
    </p>
   </div>
   <div class='ocr_carea' id='block_1_23' title="bbox 1963 1281 3532 1358">
    <p class='ocr_par' dir='ltr' id='par_1_23' title="bbox 1963 1281 3532 1358">
     <span class='ocr_line' id='line_1_23' title="bbox 1963 1281 3532 1358; baseline -0.006 -15"><span class='ocrx_word' id='word_1_172' title='bbox 1963 1287 2157 1343; x_wconf 71' lang='lat' dir='ltr'><strong>all‘erre</strong></span> <span class='ocrx_word' id='word_1_173' title='bbox 2213 1303 2347 1358; x_wconf 90' lang='lat' dir='ltr'><strong>opus</strong></span> <span class='ocrx_word' id='word_1_174' title='bbox 2380 1288 2575 1351; x_wconf 86' lang='lat' dir='ltr'><strong>fuerat,</strong></span> <span class='ocrx_word' id='word_1_175' title='bbox 2635 1299 2756 1355; x_wconf 66' lang='lat' dir='ltr'><strong>quae</strong></span> <span class='ocrx_word' id='word_1_176' title='bbox 2791 1283 2944 1339; x_wconf 90' lang='lat' dir='ltr'><strong>Philo</strong></span> <span class='ocrx_word' id='word_1_177' title='bbox 2981 1298 3048 1338; x_wconf 81' lang='lat' dir='ltr'><strong>ex</strong></span> <span class='ocrx_word' id='word_1_178' title='bbox 3085 1281 3381 1352; x_wconf 84' lang='lat' dir='ltr'><strong>Epiphanio</strong></span> <span class='ocrx_word' id='word_1_179' title='bbox 3433 1293 3532 1333; x_wconf 82' lang='lat' dir='ltr'><strong>ex-</strong></span> 
     </span>
    </p>
   </div>
   <div class='ocr_carea' id='block_1_24' title="bbox 1963 1369 3531 1448">
    <p class='ocr_par' dir='ltr' id='par_1_24' title="bbox 1963 1369 3531 1448">
     <span class='ocr_line' id='line_1_24' title="bbox 1963 1369 3531 1448; baseline -0.007 -15"><span class='ocrx_word' id='word_1_180' title='bbox 1963 1388 2146 1448; x_wconf 88' lang='lat' dir='ltr'><strong>cerpta</strong></span> <span class='ocrx_word' id='word_1_181' title='bbox 2171 1379 2224 1432; x_wconf 91' lang='lat' dir='ltr'><strong>in</strong></span> <span class='ocrx_word' id='word_1_182' title='bbox 2253 1391 2407 1431; x_wconf 89' lang='lat' dir='ltr'><strong>suum</strong></span> <span class='ocrx_word' id='word_1_183' title='bbox 2461 1373 2903 1430; x_wconf 89' lang='lat' dir='ltr'><strong>commentarium</strong></span> <span class='ocrx_word' id='word_1_184' title='bbox 2936 1370 3022 1427; x_wconf 90' lang='lat' dir='ltr'><strong>vel</strong></span> <span class='ocrx_word' id='word_1_185' title='bbox 3063 1371 3342 1426; x_wconf 88' lang='lat' dir='ltr'><strong>decurtata</strong></span> <span class='ocrx_word' id='word_1_186' title='bbox 3366 1369 3449 1423; x_wconf 90' lang='lat' dir='ltr'><strong>vel</strong></span> <span class='ocrx_word' id='word_1_187' title='bbox 3477 1369 3531 1423; x_wconf 90' lang='lat' dir='ltr'><strong>in</strong></span> 
     </span>
    </p>
   </div>
   <div class='ocr_carea' id='block_1_25' title="bbox 1963 1461 3533 1539">
    <p class='ocr_par' dir='ltr' id='par_1_25' title="bbox 1963 1461 3533 1539">
     <span class='ocr_line' id='line_1_25' title="bbox 1963 1461 3533 1539; baseline -0.006 -14"><span class='ocrx_word' id='word_1_188' title='bbox 1963 1470 2337 1539; x_wconf 88' lang='lat' dir='ltr'><strong>compendium</strong></span> <span class='ocrx_word' id='word_1_189' title='bbox 2396 1469 2609 1524; x_wconf 88' lang='lat' dir='ltr'><strong>redacta</strong></span> <span class='ocrx_word' id='word_1_190' title='bbox 2653 1464 3008 1521; x_wconf 83' lang='lat' dir='ltr'><strong>transtulerit.</strong></span> <span class='ocrx_word' id='word_1_191' title='bbox 3062 1463 3170 1518; x_wconf 87' lang='lat' dir='ltr'><strong>Sed</strong></span> <span class='ocrx_word' id='word_1_192' title='bbox 3214 1461 3300 1516; x_wconf 92' lang='lat' dir='ltr'><strong>vir</strong></span> <span class='ocrx_word' id='word_1_193' title='bbox 3343 1461 3533 1516; x_wconf 84' lang='lat' dir='ltr'><strong>doctus</strong></span> 
     </span>
    </p>
   </div>
   <div class='ocr_carea' id='block_1_26' title="bbox 1964 1563 2717 1630">
    <p class='ocr_par' dir='ltr' id='par_1_26' title="bbox 1964 1563 2717 1630">
     <span class='ocr_line' id='line_1_26' title="bbox 1964 1563 2717 1630; baseline -0.005 -12"><span class='ocrx_word' id='word_1_194' title='bbox 1964 1574 2210 1618; x_wconf 89' lang='lat' dir='ltr'><strong>neutrum</strong></span> <span class='ocrx_word' id='word_1_195' title='bbox 2245 1571 2500 1630; x_wconf 72' lang='lat' dir='ltr'><strong>praestare</strong></span> <span class='ocrx_word' id='word_1_196' title='bbox 2527 1563 2717 1630; x_wconf 91' lang='lat' dir='ltr'><strong>potuit.</strong></span> 
     </span>
    </p>
   </div>
   <div class='ocr_carea' id='block_1_27' title="bbox 2035 1647 3528 1720">
    <p class='ocr_par' dir='ltr' id='par_1_27' title="bbox 2035 1647 3528 1720">
     <span class='ocr_line' id='line_1_27' title="bbox 2035 1647 3528 1720; baseline -0.005 -12"><span class='ocrx_word' id='word_1_197' title='bbox 2035 1653 2146 1708; x_wconf 91' lang='lat' dir='ltr'><strong>lmo</strong></span> <span class='ocrx_word' id='word_1_198' title='bbox 2175 1668 2302 1708; x_wconf 88' lang='lat' dir='ltr'><strong>vero</strong></span> <span class='ocrx_word' id='word_1_199' title='bbox 2328 1655 2373 1708; x_wconf 94' lang='lat' dir='ltr'><strong>si</strong></span> <span class='ocrx_word' id='word_1_200' title='bbox 2395 1653 2568 1709; x_wconf 79' lang='lat' dir='ltr'><strong>Graeci</strong></span> <span class='ocrx_word' id='word_1_201' title='bbox 2599 1651 2974 1708; x_wconf 88' lang='lat' dir='ltr'><strong>commentarii</strong></span> <span class='ocrx_word' id='word_1_202' title='bbox 3008 1649 3162 1720; x_wconf 88' lang='lat' dir='ltr'><strong>copia</strong></span> <span class='ocrx_word' id='word_1_203' title='bbox 3205 1647 3281 1704; x_wconf 91' lang='lat' dir='ltr'><strong>illi</strong></span> <span class='ocrx_word' id='word_1_204' title='bbox 3315 1647 3528 1711; x_wconf 83' lang='lat' dir='ltr'><strong>fuisset,</strong></span> 
     </span>
    </p>
   </div>
   <div class='ocr_carea' id='block_1_28' title="bbox 285 1737 3530 1814">
    <p class='ocr_par' dir='ltr' id='par_1_28' title="bbox 285 1737 3530 1814">
     <span class='ocr_line' id='line_1_28' title="bbox 285 1737 3530 1814; baseline 0 -23"><span class='ocrx_word' id='word_1_205' title='bbox 285 1740 686 1804; x_wconf 86' lang='lat' dir='ltr'><strong>adnotavimus,</strong></span> <span class='ocrx_word' id='word_1_206' title='bbox 711 1754 817 1807; x_wconf 92' lang='lat' dir='ltr'><strong>quo</strong></span> <span class='ocrx_word' id='word_1_207' title='bbox 842 1739 893 1792; x_wconf 94' lang='lat' dir='ltr'><strong>in</strong></span> <span class='ocrx_word' id='word_1_208' title='bbox 922 1737 1039 1794; x_wconf 90' lang='lat' dir='ltr'><strong>loco</strong></span> <span class='ocrx_word' id='word_1_209' title='bbox 1069 1737 1265 1792; x_wconf 86' lang='lat' dir='ltr'><strong>locutio</strong></span> <span class='ocrx_word' id='word_1_210' title='bbox 1288 1739 1553 1808; x_wconf 87' lang='lat' dir='ltr'><strong>reperitur</strong></span> <span class='ocrx_word' id='word_1_211' title='bbox 1573 1738 1638 1792; x_wconf 91' lang='lat' dir='ltr'><strong>de</strong></span> <span class='ocrx_word' id='word_1_212' title='bbox 1659 1737 1859 1806; x_wconf 84' lang='lat' dir='ltr'><strong>Verbo,</strong></span> <span class='ocrx_word' id='word_1_213' title='bbox 1891 1809 1924 1814; x_wconf 92' lang='lat'><em>_</em></span> <span class='ocrx_word' id='word_1_214' title='bbox 1963 1743 2211 1813; x_wconf 84' lang='lat' dir='ltr'><strong>profecto</strong></span> <span class='ocrx_word' id='word_1_215' title='bbox 2236 1744 2660 1814; x_wconf 80' lang='lat' dir='ltr'><strong>Epipltanianum</strong></span> <span class='ocrx_word' id='word_1_216' title='bbox 2692 1740 3141 1798; x_wconf 88' lang='lat' dir='ltr'><strong>commentarium</strong></span> <span class='ocrx_word' id='word_1_217' title='bbox 3165 1738 3530 1809; x_wconf 84' lang='lat' dir='ltr'><strong>perspexisset</strong></span> 
     </span>
    </p>
   </div>
   <div class='ocr_carea' id='block_1_29' title="bbox 284 1809 3530 1900">
    <p class='ocr_par' dir='ltr' id='par_1_29' title="bbox 284 1809 3530 1900">
     <span class='ocr_line' id='line_1_29' title="bbox 284 1809 3530 1900; baseline -0.001 -16"><span class='ocrx_word' id='word_1_218' title='bbox 284 1846 446 1900; x_wconf 82' lang='lat' dir='ltr'><strong>quam</strong></span> <span class='ocrx_word' id='word_1_219' title='bbox 496 1831 832 1900; x_wconf 80' lang='lat' dir='ltr'><strong>Epiphanius</strong></span> <span class='ocrx_word' id='word_1_220' title='bbox 886 1831 1076 1886; x_wconf 67' lang='lat' dir='ltr'><strong>haeresi</strong></span> <span class='ocrx_word' id='word_1_221' title='bbox 1109 1845 1315 1896; x_wconf 79' lang='lat' dir='ltr'><strong>Lxxm,</strong></span> <span class='ocrx_word' id='word_1_222' title='bbox 1350 1845 1499 1884; x_wconf 89' lang='lat' dir='ltr'><strong>num.</strong></span> <span class='ocrx_word' id='word_1_223' title='bbox 1527 1829 1617 1895; x_wconf 80' lang='lat'><strong>29,</strong></span> <span class='ocrx_word' id='word_1_224' title='bbox 1646 1830 1860 1886; x_wconf 84' lang='lat' dir='ltr'><strong>videtur</strong></span> <span class='ocrx_word' id='word_1_225' title='bbox 1889 1809 1932 1866; x_wconf 74' lang='grc' dir='ltr'><strong>Β</strong></span> <span class='ocrx_word' id='word_1_226' title='bbox 1960 1809 2204 1891; x_wconf 81' lang='lat' dir='ltr'><strong>Latinam</strong></span> <span class='ocrx_word' id='word_1_227' title='bbox 2238 1809 2360 1892; x_wconf 66' lang='lat' dir='ltr'><strong>esse</strong></span> <span class='ocrx_word' id='word_1_228' title='bbox 2411 1835 2712 1891; x_wconf 85' lang='lat' dir='ltr'><strong>Philoniaui</strong></span> <span class='ocrx_word' id='word_1_229' title='bbox 2768 1833 2941 1889; x_wconf 58' lang='lat' dir='ltr'><strong>Graeci</strong></span> <span class='ocrx_word' id='word_1_230' title='bbox 2999 1832 3338 1897; x_wconf 85' lang='lat' dir='ltr'><strong>versionem;</strong></span> <span class='ocrx_word' id='word_1_231' title='bbox 3371 1839 3425 1883; x_wconf 89' lang='lat' dir='ltr'><strong>et</strong></span> <span class='ocrx_word' id='word_1_232' title='bbox 3473 1828 3530 1882; x_wconf 89' lang='lat' dir='ltr'><strong>in</strong></span> 
     </span>
    </p>
   </div>
   <div class='ocr_carea' id='block_1_30' title="bbox 283 1921 1860 1994">
    <p class='ocr_par' dir='ltr' id='par_1_30' title="bbox 283 1921 1860 1994">
     <span class='ocr_line' id='line_1_30' title="bbox 283 1921 1860 1994; baseline 0 -16"><span class='ocrx_word' id='word_1_233' title='bbox 283 1925 642 1994; x_wconf 89' lang='lat' dir='ltr'><strong>improbasse.</strong></span> <span class='ocrx_word' id='word_1_234' title='bbox 679 1923 789 1979; x_wconf 83' lang='lat' dir='ltr'><strong>Nec</strong></span> <span class='ocrx_word' id='word_1_235' title='bbox 833 1923 1030 1993; x_wconf 88' lang='lat' dir='ltr'><strong>aliquis</strong></span> <span class='ocrx_word' id='word_1_236' title='bbox 1061 1922 1294 1978; x_wconf 86' lang='lat' dir='ltr'><strong>fortasse</strong></span> <span class='ocrx_word' id='word_1_237' title='bbox 1339 1921 1592 1986; x_wconf 81' lang='lat' dir='ltr'><strong>defuerit,</strong></span> <span class='ocrx_word' id='word_1_238' title='bbox 1618 1923 1709 1992; x_wconf 89' lang='lat' dir='ltr'><strong>qui</strong></span> <span class='ocrx_word' id='word_1_239' title='bbox 1774 1938 1860 1978; x_wconf 92' lang='lat' dir='ltr'><strong>re-</strong></span> 
     </span>
    </p>
   </div>
   <div class='ocr_carea' id='block_1_31' title="bbox 283 2012 1858 2084">
    <p class='ocr_par' dir='ltr' id='par_1_31' title="bbox 283 2012 1858 2084">
     <span class='ocr_line' id='line_1_31' title="bbox 283 2012 1858 2084; baseline -0.001 -15"><span class='ocrx_word' id='word_1_240' title='bbox 283 2014 522 2084; x_wconf 86' lang='lat' dir='ltr'><strong>spiciens</strong></span> <span class='ocrx_word' id='word_1_241' title='bbox 550 2015 617 2068; x_wconf 92' lang='lat' dir='ltr'><strong>ad</strong></span> <span class='ocrx_word' id='word_1_242' title='bbox 649 2014 959 2069; x_wconf 81' lang='lat' dir='ltr'><strong>Cassiodori</strong></span> <span class='ocrx_word' id='word_1_243' title='bbox 1015 2012 1309 2069; x_wconf 83' lang='lat' dir='ltr'><strong>Chronicon</strong></span> <span class='ocrx_word' id='word_1_244' title='bbox 1333 2021 1388 2068; x_wconf 90' lang='lat' dir='ltr'><strong>et</strong></span> <span class='ocrx_word' id='word_1_245' title='bbox 1412 2012 1752 2081; x_wconf 86' lang='lat' dir='ltr'><strong>Tripartitam</strong></span> <span class='ocrx_word' id='word_1_246' title='bbox 1773 2014 1858 2068; x_wconf 85' lang='lat' dir='ltr'><strong>hi-</strong></span> 
     </span>
    </p>
   </div>
   <div class='ocr_carea' id='block_1_32' title="bbox 281 2107 1857 2176">
    <p class='ocr_par' dir='ltr' id='par_1_32' title="bbox 281 2107 1857 2176">
     <span class='ocr_line' id='line_1_32' title="bbox 281 2107 1857 2176; baseline -0.001 -14"><span class='ocrx_word' id='word_1_247' title='bbox 281 2110 522 2172; x_wconf 83' lang='lat' dir='ltr'><strong>storiam,</strong></span> <span class='ocrx_word' id='word_1_248' title='bbox 550 2109 813 2176; x_wconf 89' lang='lat' dir='ltr'><strong>judicium</strong></span> <span class='ocrx_word' id='word_1_249' title='bbox 863 2107 977 2176; x_wconf 89' lang='lat' dir='ltr'><strong>ejus</strong></span> <span class='ocrx_word' id='word_1_250' title='bbox 1011 2108 1310 2172; x_wconf 84' lang='lat' dir='ltr'><strong>desideret;</strong></span> <span class='ocrx_word' id='word_1_251' title='bbox 1363 2108 1447 2161; x_wconf 88' lang='lat' dir='ltr'><strong>cui</strong></span> <span class='ocrx_word' id='word_1_252' title='bbox 1485 2117 1766 2176; x_wconf 88' lang='lat' dir='ltr'><strong>propterea</strong></span> <span class='ocrx_word' id='word_1_253' title='bbox 1804 2107 1857 2162; x_wconf 91' lang='lat' dir='ltr'><strong>in</strong></span> 
     </span>
    </p>
   </div>
   <div class='ocr_carea' id='block_1_33' title="bbox 284 2197 1856 2268">
    <p class='ocr_par' dir='ltr' id='par_1_33' title="bbox 284 2197 1856 2268">
     <span class='ocr_line' id='line_1_33' title="bbox 284 2197 1856 2268; baseline -0.001 -16"><span class='ocrx_word' id='word_1_254' title='bbox 284 2199 404 2254; x_wconf 87' lang='lat' dir='ltr'><strong>aliis</strong></span> <span class='ocrx_word' id='word_1_255' title='bbox 435 2214 656 2268; x_wconf 91' lang='lat' dir='ltr'><strong>quoque</strong></span> <span class='ocrx_word' id='word_1_256' title='bbox 684 2201 846 2253; x_wconf 84' lang='lat' dir='ltr'><strong>rebus</strong></span> <span class='ocrx_word' id='word_1_257' title='bbox 896 2199 948 2252; x_wconf 93' lang='lat' dir='ltr'><strong>in</strong></span> <span class='ocrx_word' id='word_1_258' title='bbox 977 2197 1172 2267; x_wconf 87' lang='lat' dir='ltr'><strong>quibus</strong></span> <span class='ocrx_word' id='word_1_259' title='bbox 1204 2198 1390 2253; x_wconf 89' lang='lat' dir='ltr'><strong>critica</strong></span> <span class='ocrx_word' id='word_1_260' title='bbox 1421 2207 1507 2252; x_wconf 91' lang='lat' dir='ltr'><strong>est</strong></span> <span class='ocrx_word' id='word_1_261' title='bbox 1563 2211 1714 2267; x_wconf 89' lang='lat' dir='ltr'><strong>opus,</strong></span> <span class='ocrx_word' id='word_1_262' title='bbox 1752 2211 1856 2250; x_wconf 91' lang='lat' dir='ltr'><strong>non</strong></span> 
     </span>
    </p>
   </div>
   <div class='ocr_carea' id='block_1_34' title="bbox 287 2289 1386 2346">
    <p class='ocr_par' dir='ltr' id='par_1_34' title="bbox 287 2289 1386 2346">
     <span class='ocr_line' id='line_1_34' title="bbox 287 2289 1386 2346; baseline -0.005 0"><span class='ocrx_word' id='word_1_263' title='bbox 287 2302 456 2346; x_wconf 90' lang='lat' dir='ltr'><strong>tutum</strong></span> <span class='ocrx_word' id='word_1_264' title='bbox 487 2306 612 2345; x_wconf 88' lang='lat' dir='ltr'><strong>esse</strong></span> <span class='ocrx_word' id='word_1_265' title='bbox 642 2291 940 2345; x_wconf 83' lang='lat' dir='ltr'><strong>arbitretur</strong></span> <span class='ocrx_word' id='word_1_266' title='bbox 958 2291 1178 2344; x_wconf 89' lang='lat' dir='ltr'><strong>omnino</strong></span> <span class='ocrx_word' id='word_1_267' title='bbox 1205 2289 1386 2343; x_wconf 87' lang='lat' dir='ltr'><strong>lidere.</strong></span> 
     </span>
    </p>
   </div>
   <div class='ocr_carea' id='block_1_35' title="bbox 355 2381 1857 2454">
    <p class='ocr_par' dir='ltr' id='par_1_35' title="bbox 355 2381 1857 2454">
     <span class='ocr_line' id='line_1_35' title="bbox 355 2381 1857 2454; baseline -0.005 -14"><span class='ocrx_word' id='word_1_268' title='bbox 355 2385 463 2440; x_wconf 83' lang='lat' dir='ltr'><strong>Sed</strong></span> <span class='ocrx_word' id='word_1_269' title='bbox 499 2383 862 2454; x_wconf 85' lang='lat' dir='ltr'><strong>Epiphaniaui</strong></span> <span class='ocrx_word' id='word_1_270' title='bbox 913 2383 1288 2438; x_wconf 86' lang='lat' dir='ltr'><strong>commentarii</strong></span> <span class='ocrx_word' id='word_1_271' title='bbox 1325 2381 1722 2436; x_wconf 83' lang='lat' dir='ltr'><strong>eruditissimus</strong></span> <span class='ocrx_word' id='word_1_272' title='bbox 1741 2381 1857 2435; x_wconf 89' lang='lat' dir='ltr'><strong>edi-</strong></span> 
     </span>
    </p>
   </div>
   <div class='ocr_carea' id='block_1_36' title="bbox 286 2470 1857 2541">
    <p class='ocr_par' dir='ltr' id='par_1_36' title="bbox 286 2470 1857 2541">
     <span class='ocr_line' id='line_1_36' title="bbox 286 2470 1857 2541; baseline -0.002 -12"><span class='ocrx_word' id='word_1_273' title='bbox 286 2484 366 2529; x_wconf 91' lang='lat' dir='ltr'><strong>tor</strong></span> <span class='ocrx_word' id='word_1_274' title='bbox 388 2476 456 2529; x_wconf 85' lang='lat' dir='ltr'><strong>ad</strong></span> <span class='ocrx_word' id='word_1_275' title='bbox 498 2475 640 2529; x_wconf 84' lang='lat' dir='ltr'><strong>hanc</strong></span> <span class='ocrx_word' id='word_1_276' title='bbox 671 2476 1052 2528; x_wconf 86' lang='lat' dir='ltr'><strong>removendam</strong></span> <span class='ocrx_word' id='word_1_277' title='bbox 1094 2470 1452 2528; x_wconf 86' lang='lat' dir='ltr'><strong>dillicultatem</strong></span> <span class='ocrx_word' id='word_1_278' title='bbox 1487 2471 1646 2526; x_wconf 88' lang='lat' dir='ltr'><strong>aliam</strong></span> <span class='ocrx_word' id='word_1_279' title='bbox 1676 2472 1857 2541; x_wconf 83' lang='lat' dir='ltr'><strong>ingre-</strong></span> 
     </span>
    </p>
   </div>
   <div class='ocr_carea' id='block_1_37' title="bbox 281 2563 1859 2633">
    <p class='ocr_par' dir='ltr' id='par_1_37' title="bbox 281 2563 1859 2633">
     <span class='ocr_line' id='line_1_37' title="bbox 281 2563 1859 2633; baseline -0.003 -12"><span class='ocrx_word' id='word_1_280' title='bbox 281 2568 426 2621; x_wconf 86' lang='lat' dir='ltr'><strong>ditur</strong></span> <span class='ocrx_word' id='word_1_281' title='bbox 455 2567 601 2620; x_wconf 84' lang='lat' dir='ltr'><strong>viam</strong></span> <span class='ocrx_word' id='word_1_282' title='bbox 645 2583 660 2620; x_wconf 92' lang='lat'><strong>:</strong></span> <span class='ocrx_word' id='word_1_283' title='bbox 710 2564 973 2629; x_wconf 89' lang='lat' dir='ltr'><strong>Primum,</strong></span> <span class='ocrx_word' id='word_1_284' title='bbox 1041 2566 1486 2619; x_wconf 84' lang='lat' dir='ltr'><strong>commentarium</strong></span> <span class='ocrx_word' id='word_1_285' title='bbox 1538 2563 1767 2633; x_wconf 88' lang='lat' dir='ltr'><strong>aliquem</strong></span> <span class='ocrx_word' id='word_1_286' title='bbox 1802 2564 1859 2617; x_wconf 91' lang='lat' dir='ltr'><strong>in</strong></span> 
     </span>
    </p>
   </div>
   <div class='ocr_carea' id='block_1_38' title="bbox 281 2653 1858 2722">
    <p class='ocr_par' dir='ltr' id='par_1_38' title="bbox 281 2653 1858 2722">
     <span class='ocr_line' id='line_1_38' title="bbox 281 2653 1858 2722; baseline -0.001 -13"><span class='ocrx_word' id='word_1_287' title='bbox 281 2653 558 2710; x_wconf 81' lang='lat' dir='ltr'><strong>Canticum</strong></span> <span class='ocrx_word' id='word_1_288' title='bbox 589 2655 911 2707; x_wconf 80' lang='lat' dir='ltr'><strong>canticorum</strong></span> <span class='ocrx_word' id='word_1_289' title='bbox 958 2669 988 2708; x_wconf 86' lang='lat' dir='ltr'><strong>a</strong></span> <span class='ocrx_word' id='word_1_290' title='bbox 1041 2653 1264 2708; x_wconf 80' lang='lat' dir='ltr'><strong>Philone</strong></span> <span class='ocrx_word' id='word_1_291' title='bbox 1309 2653 1558 2722; x_wconf 83' lang='lat' dir='ltr'><strong>quopiam</strong></span> <span class='ocrx_word' id='word_1_292' title='bbox 1588 2656 1858 2721; x_wconf 86' lang='lat' dir='ltr'><strong>composi-</strong></span> 
     </span>
    </p>
   </div>
   <div class='ocr_carea' id='block_1_39' title="bbox 281 2743 1856 2814">
    <p class='ocr_par' dir='ltr' id='par_1_39' title="bbox 281 2743 1856 2814">
     <span class='ocr_line' id='line_1_39' title="bbox 281 2743 1856 2814; baseline 0.001 -16"><span class='ocrx_word' id='word_1_293' title='bbox 281 2754 387 2798; x_wconf 91' lang='lat' dir='ltr'><strong>tum</strong></span> <span class='ocrx_word' id='word_1_294' title='bbox 411 2743 572 2798; x_wconf 85' lang='lat' dir='ltr'><strong>facile</strong></span> <span class='ocrx_word' id='word_1_295' title='bbox 593 2743 868 2798; x_wconf 83' lang='lat' dir='ltr'><strong>concedit.</strong></span> <span class='ocrx_word' id='word_1_296' title='bbox 888 2744 953 2797; x_wconf 87' lang='lat' dir='ltr'><strong>Et</strong></span> <span class='ocrx_word' id='word_1_297' title='bbox 968 2760 1098 2799; x_wconf 89' lang='lat' dir='ltr'><strong>sane</strong></span> <span class='ocrx_word' id='word_1_298' title='bbox 1117 2743 1314 2797; x_wconf 87' lang='lat' dir='ltr'><strong>Suidas</strong></span> <span class='ocrx_word' id='word_1_299' title='bbox 1332 2745 1383 2798; x_wconf 90' lang='lat' dir='ltr'><strong>in</strong></span> <span class='ocrx_word' id='word_1_300' title='bbox 1417 2743 1607 2799; x_wconf 70' lang='lat' dir='ltr'><strong>Lexico</strong></span> <span class='ocrx_word' id='word_1_301' title='bbox 1627 2761 1644 2798; x_wconf 91' lang='lat'><strong><em>:</em></strong></span> <span class='ocrx_word' id='word_1_302' title='bbox 1663 2746 1856 2814; x_wconf 82' lang='grc' dir='ltr'>Φίλων,</span> 
     </span>
    </p>
   </div>
   <div class='ocr_carea' id='block_1_40' title="bbox 277 2831 1860 2907">
    <p class='ocr_par' dir='ltr' id='par_1_40' title="bbox 277 2831 1860 2907">
     <span class='ocr_line' id='line_1_40' title="bbox 277 2831 1860 2907; baseline 0 -17"><span class='ocrx_word' id='word_1_303' title='bbox 277 2839 370 2902; x_wconf 75' lang='lat' dir='ltr'><strong>ait,</strong></span> <span class='ocrx_word' id='word_1_304' title='bbox 391 2835 712 2907; x_wconf 77' lang='grc' dir='ltr'><strong>Καρπάθιος</strong></span> <span class='ocrx_word' id='word_1_305' title='bbox 745 2835 983 2907; x_wconf 74' lang='grc' dir='ltr'><strong>ἔγραψεν</strong></span> <span class='ocrx_word' id='word_1_306' title='bbox 1007 2835 1304 2907; x_wconf 78' lang='grc' dir='ltr'><strong>ὑπόμνημα</strong></span> <span class='ocrx_word' id='word_1_307' title='bbox 1326 2838 1413 2900; x_wconf 82' lang='grc' dir='ltr'><strong>εὶς</strong></span> <span class='ocrx_word' id='word_1_308' title='bbox 1435 2835 1500 2888; x_wconf 83' lang='grc' dir='ltr'><strong>τὸ</strong></span> <span class='ocrx_word' id='word_1_309' title='bbox 1521 2831 1722 2906; x_wconf 56' lang='grc' dir='ltr'><strong>τᾼσμιι</strong></span> <span class='ocrx_word' id='word_1_310' title='bbox 1741 2836 1860 2890; x_wconf 83' lang='grc' dir='ltr'><strong>τῶν</strong></span> 
     </span>
    </p>
   </div>
   <div class='ocr_carea' id='block_1_41' title="bbox 279 2925 1858 2999">
    <p class='ocr_par' dir='ltr' id='par_1_41' title="bbox 279 2925 1858 2999">
     <span class='ocr_line' id='line_1_41' title="bbox 279 2925 1858 2999; baseline 0 -17"><span class='ocrx_word' id='word_1_311' title='bbox 279 2929 568 2999; x_wconf 74' lang='grc' dir='ltr'><strong>ᾀσμάτων</strong></span> <span class='ocrx_word' id='word_1_312' title='bbox 591 2943 605 2958; x_wconf 82' lang='grc'><strong><em>⁸</em></strong></span> <span class='ocrx_word' id='word_1_313' title='bbox 650 2925 807 2982; x_wconf 77' lang='lat' dir='ltr'><strong>Philo</strong></span> <span class='ocrx_word' id='word_1_314' title='bbox 845 2927 1160 2994; x_wconf 75' lang='lat' dir='ltr'><strong>Carpathius</strong></span> <span class='ocrx_word' id='word_1_315' title='bbox 1197 2927 1403 2996; x_wconf 75' lang='lat' dir='ltr'><strong>scripsit</strong></span> <span class='ocrx_word' id='word_1_316' title='bbox 1431 2930 1858 2982; x_wconf 78' lang='lat' dir='ltr'><strong>commentarium</strong></span> 
     </span>
    </p>
   </div>
   <div class='ocr_carea' id='block_1_42' title="bbox 277 3017 1855 3090">
    <p class='ocr_par' dir='ltr' id='par_1_42' title="bbox 277 3017 1855 3090">
     <span class='ocr_line' id='line_1_42' title="bbox 277 3017 1855 3090; baseline 0.001 -16"><span class='ocrx_word' id='word_1_317' title='bbox 277 3025 327 3075; x_wconf 90' lang='lat' dir='ltr'><strong>in</strong></span> <span class='ocrx_word' id='word_1_318' title='bbox 345 3021 632 3077; x_wconf 85' lang='lat' dir='ltr'><strong>Canticum</strong></span> <span class='ocrx_word' id='word_1_319' title='bbox 657 3021 1010 3074; x_wconf 87' lang='lat' dir='ltr'><strong>canticorum.</strong></span> <span class='ocrx_word' id='word_1_320' title='bbox 1026 3018 1290 3073; x_wconf 69' lang='lat' dir='ltr'><strong>Praeterea</strong></span> <span class='ocrx_word' id='word_1_321' title='bbox 1309 3017 1532 3073; x_wconf 82' lang='lat' dir='ltr'><strong>Cosmus</strong></span> <span class='ocrx_word' id='word_1_322' title='bbox 1549 3018 1855 3090; x_wconf 62' lang='lat' dir='ltr'><strong>Egyptius,</strong></span> 
     </span>
    </p>
   </div>
   <div class='ocr_carea' id='block_1_43' title="bbox 1959 1919 3533 1996">
    <p class='ocr_par' dir='ltr' id='par_1_43' title="bbox 1959 1919 3533 1996">
     <span class='ocr_line' id='line_1_43' title="bbox 1959 1919 3533 1996; baseline -0.006 -13"><span class='ocrx_word' id='word_1_323' title='bbox 1959 1927 2146 1983; x_wconf 80' lang='lat' dir='ltr'><strong>Graeco</strong></span> <span class='ocrx_word' id='word_1_324' title='bbox 2172 1928 2357 1982; x_wconf 89' lang='lat' dir='ltr'><strong>eadem</strong></span> <span class='ocrx_word' id='word_1_325' title='bbox 2385 1927 2542 1996; x_wconf 88' lang='lat' dir='ltr'><strong>plane</strong></span> <span class='ocrx_word' id='word_1_326' title='bbox 2565 1928 2678 1981; x_wconf 89' lang='lat' dir='ltr'><strong>loca</strong></span> <span class='ocrx_word' id='word_1_327' title='bbox 2712 1925 2998 1995; x_wconf 90' lang='lat' dir='ltr'><strong>reperisset</strong></span> <span class='ocrx_word' id='word_1_328' title='bbox 3031 1926 3260 1994; x_wconf 86' lang='lat' dir='ltr'><strong>integra,</strong></span> <span class='ocrx_word' id='word_1_329' title='bbox 3295 1936 3414 1990; x_wconf 87' lang='lat' dir='ltr'><strong>quae</strong></span> <span class='ocrx_word' id='word_1_330' title='bbox 3444 1919 3533 1975; x_wconf 92' lang='lat' dir='ltr'><strong>ille</strong></span> 
     </span>
    </p>
   </div>
   <div class='ocr_carea' id='block_1_44' title="bbox 1958 2009 3530 2074">
    <p class='ocr_par' dir='ltr' id='par_1_44' title="bbox 1958 2009 3530 2074">
     <span class='ocr_line' id='line_1_44' title="bbox 1958 2009 3530 2074; baseline -0.005 -4"><span class='ocrx_word' id='word_1_331' title='bbox 1958 2028 2161 2071; x_wconf 62' lang='lat' dir='ltr'><strong>catenae</strong></span> <span class='ocrx_word' id='word_1_332' title='bbox 2194 2016 2408 2070; x_wconf 86' lang='lat' dir='ltr'><strong>Meursii</strong></span> <span class='ocrx_word' id='word_1_333' title='bbox 2439 2026 2495 2070; x_wconf 91' lang='lat' dir='ltr'><strong>et</strong></span> <span class='ocrx_word' id='word_1_334' title='bbox 2525 2015 2794 2071; x_wconf 74' lang='lat' dir='ltr'><strong>Vaticana:</strong></span> <span class='ocrx_word' id='word_1_335' title='bbox 2851 2013 3013 2068; x_wconf 91' lang='lat' dir='ltr'><strong>nimis</strong></span> <span class='ocrx_word' id='word_1_336' title='bbox 3048 2013 3308 2074; x_wconf 86' lang='lat' dir='ltr'><strong>conlisus,</strong></span> <span class='ocrx_word' id='word_1_337' title='bbox 3337 2009 3530 2064; x_wconf 83' lang='lat' dir='ltr'><strong>existi-</strong></span> 
     </span>
    </p>
   </div>
   <div class='ocr_carea' id='block_1_45' title="bbox 1959 2099 3530 2161">
    <p class='ocr_par' dir='ltr' id='par_1_45' title="bbox 1959 2099 3530 2161">
     <span class='ocr_line' id='line_1_45' title="bbox 1959 2099 3530 2161; baseline -0.004 -1"><span class='ocrx_word' id='word_1_338' title='bbox 1959 2107 2126 2160; x_wconf 86' lang='lat' dir='ltr'><strong>mavit</strong></span> <span class='ocrx_word' id='word_1_339' title='bbox 2179 2105 2452 2161; x_wconf 87' lang='lat' dir='ltr'><strong>Philonem</strong></span> <span class='ocrx_word' id='word_1_340' title='bbox 2489 2105 2626 2161; x_wconf 81' lang='lat' dir='ltr'><strong>facta</strong></span> <span class='ocrx_word' id='word_1_341' title='bbox 2685 2105 2931 2160; x_wconf 88' lang='lat' dir='ltr'><strong>breviora</strong></span> <span class='ocrx_word' id='word_1_342' title='bbox 2981 2105 3034 2158; x_wconf 91' lang='lat' dir='ltr'><strong>in</strong></span> <span class='ocrx_word' id='word_1_343' title='bbox 3083 2099 3530 2158; x_wconf 87' lang='lat' dir='ltr'><strong>commentarium</strong></span> 
     </span>
    </p>
   </div>
   <div class='ocr_carea' id='block_1_46' title="bbox 1956 2198 2493 2268">
    <p class='ocr_par' dir='ltr' id='par_1_46' title="bbox 1956 2198 2493 2268">
     <span class='ocr_line' id='line_1_46' title="bbox 1956 2198 2493 2268; baseline 0.004 -16"><span class='ocrx_word' id='word_1_344' title='bbox 1956 2212 2111 2252; x_wconf 87' lang='lat' dir='ltr'><strong>suum</strong></span> <span class='ocrx_word' id='word_1_345' title='bbox 2143 2213 2258 2253; x_wconf 91' lang='lat' dir='ltr'><strong>com</strong></span> <span class='ocrx_word' id='word_1_346' title='bbox 2266 2198 2493 2268; x_wconf 85' lang='lat' dir='ltr'><strong>pegisse.</strong></span> 
     </span>
    </p>
   </div>
   <div class='ocr_carea' id='block_1_47' title="bbox 2029 2281 3532 2359">
    <p class='ocr_par' dir='ltr' id='par_1_47' title="bbox 2029 2281 3532 2359">
     <span class='ocr_line' id='line_1_47' title="bbox 2029 2281 3532 2359; baseline -0.005 -15"><span class='ocrx_word' id='word_1_347' title='bbox 2029 2289 2242 2344; x_wconf 89' lang='lat' dir='ltr'><strong>Primus</strong></span> <span class='ocrx_word' id='word_1_348' title='bbox 2283 2290 2426 2344; x_wconf 78' lang='lat' dir='ltr'><strong>enim</strong></span> <span class='ocrx_word' id='word_1_349' title='bbox 2475 2289 2628 2344; x_wconf 90' lang='lat' dir='ltr'><strong>locus</strong></span> <span class='ocrx_word' id='word_1_350' title='bbox 2674 2297 2759 2344; x_wconf 88' lang='lat' dir='ltr'><strong>est</strong></span> <span class='ocrx_word' id='word_1_351' title='bbox 2787 2287 2858 2359; x_wconf 78' lang='grc' dir='ltr'><strong>(Ιί)</strong></span> <span class='ocrx_word' id='word_1_352' title='bbox 2889 2286 2979 2356; x_wconf 93' lang='lat' dir='ltr'><strong>qui</strong></span> <span class='ocrx_word' id='word_1_353' title='bbox 3024 2285 3220 2356; x_wconf 77' lang='lat' dir='ltr'><strong>legitur</strong></span> <span class='ocrx_word' id='word_1_354' title='bbox 3253 2285 3303 2338; x_wconf 88' lang='lat' dir='ltr'><strong>in</strong></span> <span class='ocrx_word' id='word_1_355' title='bbox 3335 2281 3532 2336; x_wconf 88' lang='lat' dir='ltr'><strong>Latino</strong></span> 
     </span>
    </p>
   </div>
   <div class='ocr_carea' id='block_1_48' title="bbox 1959 2376 3532 2453">
    <p class='ocr_par' dir='ltr' id='par_1_48' title="bbox 1959 2376 3532 2453">
     <span class='ocr_line' id='line_1_48' title="bbox 1959 2376 3532 2453; baseline -0.004 -14"><span class='ocrx_word' id='word_1_356' title='bbox 1959 2384 2346 2439; x_wconf 87' lang='lat' dir='ltr'><strong>commentario</strong></span> <span class='ocrx_word' id='word_1_357' title='bbox 2404 2399 2456 2453; x_wconf 91' lang='lat' dir='ltr'><strong>p.</strong></span> <span class='ocrx_word' id='word_1_358' title='bbox 2488 2383 2570 2450; x_wconf 86' lang='grc'><strong>11,</strong></span> <span class='ocrx_word' id='word_1_359' title='bbox 2621 2383 2716 2438; x_wconf 91' lang='lat' dir='ltr'><strong>lin.</strong></span> <span class='ocrx_word' id='word_1_360' title='bbox 2749 2382 2835 2446; x_wconf 87' lang='lat' dir='ltr'><strong>l9,</strong></span> <span class='ocrx_word' id='word_1_361' title='bbox 2881 2396 3040 2452; x_wconf 89' lang='lat' dir='ltr'><strong>quem</strong></span> <span class='ocrx_word' id='word_1_362' title='bbox 3106 2381 3326 2435; x_wconf 86' lang='lat' dir='ltr'><strong>totidem</strong></span> <span class='ocrx_word' id='word_1_363' title='bbox 3351 2376 3532 2432; x_wconf 85' lang='lat' dir='ltr'><strong>verbis</strong></span> 
     </span>
    </p>
   </div>
   <div class='ocr_carea' id='block_1_49' title="bbox 1959 2469 3530 2545">
    <p class='ocr_par' dir='ltr' id='par_1_49' title="bbox 1959 2469 3530 2545">
     <span class='ocr_line' id='line_1_49' title="bbox 1959 2469 3530 2545; baseline -0.005 -15"><span class='ocrx_word' id='word_1_364' title='bbox 1959 2475 2110 2532; x_wconf 78' lang='lat' dir='ltr'><strong>aﬂert</strong></span> <span class='ocrx_word' id='word_1_365' title='bbox 2141 2491 2208 2531; x_wconf 82' lang='lat' dir='ltr'><strong>ex</strong></span> <span class='ocrx_word' id='word_1_366' title='bbox 2265 2475 2490 2532; x_wconf 88' lang='lat' dir='ltr'><strong>Philone</strong></span> <span class='ocrx_word' id='word_1_367' title='bbox 2525 2476 2750 2532; x_wconf 88' lang='lat' dir='ltr'><strong>Cosmas</strong></span> <span class='ocrx_word' id='word_1_368' title='bbox 2782 2475 3067 2545; x_wconf 66' lang='lat' dir='ltr'><strong>Egyptius</strong></span> <span class='ocrx_word' id='word_1_369' title='bbox 3125 2472 3211 2544; x_wconf 69' lang='grc' dir='ltr'><strong>(ι).</strong></span> <span class='ocrx_word' id='word_1_370' title='bbox 3273 2469 3378 2525; x_wconf 85' lang='lat' dir='ltr'><strong>Sed</strong></span> <span class='ocrx_word' id='word_1_371' title='bbox 3423 2483 3530 2524; x_wconf 93' lang='lat' dir='ltr'><strong>non</strong></span> 
     </span>
    </p>
   </div>
   <div class='ocr_carea' id='block_1_50' title="bbox 1959 2560 3524 2638">
    <p class='ocr_par' dir='ltr' id='par_1_50' title="bbox 1959 2560 3524 2638">
     <span class='ocr_line' id='line_1_50' title="bbox 1959 2560 3524 2638; baseline -0.006 -16"><span class='ocrx_word' id='word_1_372' title='bbox 1959 2579 2106 2624; x_wconf 90' lang='lat' dir='ltr'><strong>recte</strong></span> <span class='ocrx_word' id='word_1_373' title='bbox 2125 2583 2188 2624; x_wconf 89' lang='lat' dir='ltr'><strong>ea</strong></span> <span class='ocrx_word' id='word_1_374' title='bbox 2217 2577 2300 2624; x_wconf 89' lang='lat' dir='ltr'><strong>est</strong></span> <span class='ocrx_word' id='word_1_375' title='bbox 2321 2567 2715 2638; x_wconf 83' lang='lat' dir='ltr'><strong>argumentatio</strong></span> <span class='ocrx_word' id='word_1_376' title='bbox 2733 2566 2987 2624; x_wconf 84' lang='lat' dir='ltr'><strong>conclusa</strong></span> <span class='ocrx_word' id='word_1_377' title='bbox 3030 2583 3046 2620; x_wconf 89' lang='lat'><strong>:</strong></span> <span class='ocrx_word' id='word_1_378' title='bbox 3076 2564 3132 2618; x_wconf 88' lang='lat' dir='ltr'><strong>ln</strong></span> <span class='ocrx_word' id='word_1_379' title='bbox 3153 2560 3524 2632; x_wconf 83' lang='lat' dir='ltr'><strong>Epiphaniano</strong></span> 
     </span>
    </p>
   </div>
   <div class='ocr_carea' id='block_1_51' title="bbox 1958 2655 3530 2720">
    <p class='ocr_par' dir='ltr' id='par_1_51' title="bbox 1958 2655 3530 2720">
     <span class='ocr_line' id='line_1_51' title="bbox 1958 2655 3530 2720; baseline -0.007 -4"><span class='ocrx_word' id='word_1_380' title='bbox 1958 2662 2348 2716; x_wconf 88' lang='lat' dir='ltr'><strong>commentario</strong></span> <span class='ocrx_word' id='word_1_381' title='bbox 2369 2675 2433 2716; x_wconf 90' lang='lat' dir='ltr'><strong>ea</strong></span> <span class='ocrx_word' id='word_1_382' title='bbox 2469 2659 2711 2716; x_wconf 89' lang='lat' dir='ltr'><strong>Philonis</strong></span> <span class='ocrx_word' id='word_1_383' title='bbox 2734 2658 2897 2716; x_wconf 88' lang='lat' dir='ltr'><strong>verba</strong></span> <span class='ocrx_word' id='word_1_384' title='bbox 2917 2658 3108 2713; x_wconf 86' lang='lat' dir='ltr'><strong>Latine</strong></span> <span class='ocrx_word' id='word_1_385' title='bbox 3146 2655 3351 2710; x_wconf 89' lang='lat' dir='ltr'><strong>reddita</strong></span> <span class='ocrx_word' id='word_1_386' title='bbox 3375 2665 3530 2720; x_wconf 88' lang='lat' dir='ltr'><strong>repe-</strong></span> 
     </span>
    </p>
   </div>
   <div class='ocr_carea' id='block_1_52' title="bbox 1960 2743 3524 2824">
    <p class='ocr_par' dir='ltr' id='par_1_52' title="bbox 1960 2743 3524 2824">
     <span class='ocr_line' id='line_1_52' title="bbox 1960 2743 3524 2824; baseline -0.008 -17"><span class='ocrx_word' id='word_1_387' title='bbox 1960 2753 2186 2808; x_wconf 91' lang='lat' dir='ltr'><strong>riuntur.</strong></span> <span class='ocrx_word' id='word_1_388' title='bbox 2219 2751 2368 2808; x_wconf 89' lang='lat' dir='ltr'><strong>Philo</strong></span> <span class='ocrx_word' id='word_1_389' title='bbox 2423 2753 2588 2824; x_wconf 82' lang='lat' dir='ltr'><strong>igitur</strong></span> <span class='ocrx_word' id='word_1_390' title='bbox 2636 2767 2698 2807; x_wconf 89' lang='lat' dir='ltr'><strong>ea</strong></span> <span class='ocrx_word' id='word_1_391' title='bbox 2744 2767 2811 2808; x_wconf 89' lang='lat' dir='ltr'><strong>ex</strong></span> <span class='ocrx_word' id='word_1_392' title='bbox 2863 2749 3163 2821; x_wconf 86' lang='lat' dir='ltr'><strong>Epiphanio</strong></span> <span class='ocrx_word' id='word_1_393' title='bbox 3211 2743 3524 2814; x_wconf 83' lang='lat' dir='ltr'><strong>desumpsit.</strong></span> 
     </span>
    </p>
   </div>
   <div class='ocr_carea' id='block_1_53' title="bbox 1960 2837 3529 2910">
    <p class='ocr_par' dir='ltr' id='par_1_53' title="bbox 1960 2837 3529 2910">
     <span class='ocr_line' id='line_1_53' title="bbox 1960 2837 3529 2910; baseline -0.006 -11"><span class='ocrx_word' id='word_1_394' title='bbox 1960 2845 2064 2900; x_wconf 92' lang='lat' dir='ltr'><strong>Sed</strong></span> <span class='ocrx_word' id='word_1_395' title='bbox 2096 2847 2268 2900; x_wconf 87' lang='lat' dir='ltr'><strong>solum</strong></span> <span class='ocrx_word' id='word_1_396' title='bbox 2318 2844 2442 2899; x_wconf 90' lang='lat' dir='ltr'><strong>inde</strong></span> <span class='ocrx_word' id='word_1_397' title='bbox 2482 2845 2785 2910; x_wconf 80' lang='lat' dir='ltr'><strong>coniicitur,</strong></span> <span class='ocrx_word' id='word_1_398' title='bbox 2820 2843 3005 2899; x_wconf 88' lang='lat' dir='ltr'><strong>eadem</strong></span> <span class='ocrx_word' id='word_1_399' title='bbox 3051 2841 3212 2897; x_wconf 90' lang='lat' dir='ltr'><strong>verba</strong></span> <span class='ocrx_word' id='word_1_400' title='bbox 3269 2837 3428 2891; x_wconf 91' lang='lat' dir='ltr'><strong>unius</strong></span> <span class='ocrx_word' id='word_1_401' title='bbox 3473 2843 3529 2889; x_wconf 89' lang='lat' dir='ltr'><strong>et</strong></span> 
     </span>
    </p>
   </div>
   <div class='ocr_carea' id='block_1_54' title="bbox 1959 2925 3527 3002">
    <p class='ocr_par' dir='ltr' id='par_1_54' title="bbox 1959 2925 3527 3002">
     <span class='ocr_line' id='line_1_54' title="bbox 1959 2925 3527 3002; baseline -0.006 -14"><span class='ocrx_word' id='word_1_402' title='bbox 1959 2933 2196 3002; x_wconf 87' lang='lat' dir='ltr'><strong>ejusdem</strong></span> <span class='ocrx_word' id='word_1_403' title='bbox 2231 2949 2352 2990; x_wconf 87' lang='lat' dir='ltr'><strong>esse</strong></span> <span class='ocrx_word' id='word_1_404' title='bbox 2380 2935 2612 2990; x_wconf 89' lang='lat' dir='ltr'><strong>auctoris</strong></span> <span class='ocrx_word' id='word_1_405' title='bbox 2661 2949 2754 2989; x_wconf 90' lang='lat' dir='ltr'><strong>seu</strong></span> <span class='ocrx_word' id='word_1_406' title='bbox 2785 2931 3042 2996; x_wconf 90' lang='lat' dir='ltr'><strong>Philonis,</strong></span> <span class='ocrx_word' id='word_1_407' title='bbox 3079 2945 3174 2985; x_wconf 90' lang='lat' dir='ltr'><strong>seu</strong></span> <span class='ocrx_word' id='word_1_408' title='bbox 3209 2925 3527 2997; x_wconf 85' lang='lat' dir='ltr'><strong>Epiphanii;</strong></span> 
     </span>
    </p>
   </div>
   <div class='ocr_carea' id='block_1_55' title="bbox 1958 3009 3531 3093">
    <p class='ocr_par' dir='ltr' id='par_1_55' title="bbox 1958 3009 3531 3093">
     <span class='ocr_line' id='line_1_55' title="bbox 1958 3009 3531 3093; baseline -0.006 -15"><span class='ocrx_word' id='word_1_409' title='bbox 1958 3035 2012 3078; x_wconf 90' lang='lat' dir='ltr'><strong>et</strong></span> <span class='ocrx_word' id='word_1_410' title='bbox 2041 3025 2220 3080; x_wconf 88' lang='lat' dir='ltr'><strong>verius</strong></span> <span class='ocrx_word' id='word_1_411' title='bbox 2256 3023 2521 3090; x_wconf 81' lang='lat' dir='ltr'><strong>Philonis,</strong></span> <span class='ocrx_word' id='word_1_412' title='bbox 2556 3023 2711 3093; x_wconf 90' lang='lat' dir='ltr'><strong>cujus</strong></span> <span class='ocrx_word' id='word_1_413' title='bbox 2743 3009 3202 3078; x_wconf 85' lang='lat' dir='ltr'><strong>commentarium</strong></span> <span class='ocrx_word' id='word_1_414' title='bbox 3232 3017 3286 3072; x_wconf 91' lang='lat' dir='ltr'><strong>in</strong></span> <span class='ocrx_word' id='word_1_415' title='bbox 3321 3014 3531 3071; x_wconf 57' lang='lat' dir='ltr'><strong>caloris</strong></span> 
     </span>
    </p>
   </div>
   <div class='ocr_carea' id='block_1_56' title="bbox 278 3110 3532 3210">
    <p class='ocr_par' dir='ltr' id='par_1_56' title="bbox 278 3110 3532 3210">
     <span class='ocr_line' id='line_1_56' title="bbox 278 3110 3532 3210; baseline -0.001 -46"><span class='ocrx_word' id='word_1_416' title='bbox 278 3110 659 3210; x_wconf 46' lang='lat' dir='ltr'><strong>Z‘opograp‘hia:</strong></span> <span class='ocrx_word' id='word_1_417' title='bbox 692 3110 1009 3210; x_wconf 60' lang='lat' dir='ltr'><strong>Christiana:</strong></span> <span class='ocrx_word' id='word_1_418' title='bbox 1032 3111 1124 3165; x_wconf 91' lang='lat' dir='ltr'><strong>lib.</strong></span> <span class='ocrx_word' id='word_1_419' title='bbox 1153 3127 1182 3164; x_wconf 69' lang='grc' dir='ltr'><strong><em>κ</em></strong></span> <span class='ocrx_word' id='word_1_420' title='bbox 1217 3111 1308 3180; x_wconf 80' lang='lat' dir='ltr'><strong>(f),</strong></span> <span class='ocrx_word' id='word_1_421' title='bbox 1337 3111 1442 3164; x_wconf 86' lang='lat' dir='ltr'><strong>tria</strong></span> <span class='ocrx_word' id='word_1_422' title='bbox 1469 3111 1582 3164; x_wconf 90' lang='lat' dir='ltr'><strong>loca</strong></span> <span class='ocrx_word' id='word_1_423' title='bbox 1609 3111 1762 3164; x_wconf 73' lang='lat' dir='ltr'><strong>alfcrt</strong></span> <span class='ocrx_word' id='word_1_424' title='bbox 1787 3127 1854 3168; x_wconf 76' lang='lat' dir='ltr'><strong>ex</strong></span> <span class='ocrx_word' id='word_1_425' title='bbox 1884 3150 1930 3210; x_wconf 67' lang='grc' dir='ltr'>ο</span> <span class='ocrx_word' id='word_1_426' title='bbox 1963 3117 2200 3186; x_wconf 85' lang='lat' dir='ltr'><strong>partibus</strong></span> <span class='ocrx_word' id='word_1_427' title='bbox 2236 3117 2290 3170; x_wconf 89' lang='lat' dir='ltr'><strong>in</strong></span> <span class='ocrx_word' id='word_1_428' title='bbox 2321 3115 2689 3186; x_wconf 83' lang='lat' dir='ltr'><strong>Epiphaniano</strong></span> <span class='ocrx_word' id='word_1_429' title='bbox 2726 3116 2969 3172; x_wconf 83' lang='lat' dir='ltr'><strong>videmus</strong></span> <span class='ocrx_word' id='word_1_430' title='bbox 2999 3113 3188 3169; x_wconf 84' lang='lat' dir='ltr'><strong>Latine</strong></span> <span class='ocrx_word' id='word_1_431' title='bbox 3232 3123 3532 3181; x_wconf 73' lang='lat' dir='ltr'><strong>repraesen-</strong></span> 
     </span>
    </p>
   </div>
   <div class='ocr_carea' id='block_1_57' title="bbox 274 3199 1858 3270">
    <p class='ocr_par' dir='ltr' id='par_1_57' title="bbox 274 3199 1858 3270">
     <span class='ocr_line' id='line_1_57' title="bbox 274 3199 1858 3270; baseline 0.001 -15"><span class='ocrx_word' id='word_1_432' title='bbox 274 3199 498 3255; x_wconf 85' lang='lat' dir='ltr'><strong>Philone</strong></span> <span class='ocrx_word' id='word_1_433' title='bbox 524 3199 835 3268; x_wconf 83' lang='lat' dir='ltr'><strong>Carpathio.</strong></span> <span class='ocrx_word' id='word_1_434' title='bbox 862 3200 975 3256; x_wconf 92' lang='lat' dir='ltr'><strong>lluc</strong></span> <span class='ocrx_word' id='word_1_435' title='bbox 998 3202 1223 3262; x_wconf 84' lang='lat' dir='ltr'><strong>accedit,</strong></span> <span class='ocrx_word' id='word_1_436' title='bbox 1251 3202 1391 3270; x_wconf 91' lang='lat' dir='ltr'><strong>quod</strong></span> <span class='ocrx_word' id='word_1_437' title='bbox 1419 3201 1470 3254; x_wconf 91' lang='lat' dir='ltr'><strong>in</strong></span> <span class='ocrx_word' id='word_1_438' title='bbox 1498 3211 1686 3256; x_wconf 87' lang='lat' dir='ltr'><strong>catena</strong></span> <span class='ocrx_word' id='word_1_439' title='bbox 1709 3202 1858 3257; x_wconf 67' lang='lat' dir='ltr'><strong>Grae-</strong></span> 
     </span>
    </p>
   </div>
   <div class='ocr_carea' id='block_1_58' title="bbox 275 3290 1859 3355">
    <p class='ocr_par' dir='ltr' id='par_1_58' title="bbox 275 3290 1859 3355">
     <span class='ocr_line' id='line_1_58' title="bbox 275 3290 1859 3355; baseline 0 -10"><span class='ocrx_word' id='word_1_440' title='bbox 275 3309 336 3345; x_wconf 86' lang='lat' dir='ltr'><strong>ca</strong></span> <span class='ocrx_word' id='word_1_441' title='bbox 361 3291 589 3346; x_wconf 77' lang='lat' dir='ltr'><strong>Meursii</strong></span> <span class='ocrx_word' id='word_1_442' title='bbox 617 3290 930 3345; x_wconf 71' lang='lat' dir='ltr'><strong>Grzecorum</strong></span> <span class='ocrx_word' id='word_1_443' title='bbox 961 3290 1065 3345; x_wconf 87' lang='lat' dir='ltr'><strong>PP.</strong></span> <span class='ocrx_word' id='word_1_444' title='bbox 1094 3291 1147 3343; x_wconf 92' lang='lat' dir='ltr'><strong>in</strong></span> <span class='ocrx_word' id='word_1_445' title='bbox 1175 3290 1392 3345; x_wconf 80' lang='lat' dir='ltr'><strong>Cantica</strong></span> <span class='ocrx_word' id='word_1_446' title='bbox 1427 3293 1771 3355; x_wconf 81' lang='lat' dir='ltr'><strong>canticorum,</strong></span> <span class='ocrx_word' id='word_1_447' title='bbox 1805 3301 1859 3347; x_wconf 91' lang='lat' dir='ltr'><strong>et</strong></span> 
     </span>
    </p>
   </div>
   <div class='ocr_carea' id='block_1_59' title="bbox 279 3378 1854 3449">
    <p class='ocr_par' dir='ltr' id='par_1_59' title="bbox 279 3378 1854 3449">
     <span class='ocr_line' id='line_1_59' title="bbox 279 3378 1854 3449; baseline -0.002 -12"><span class='ocrx_word' id='word_1_448' title='bbox 279 3385 329 3438; x_wconf 89' lang='lat' dir='ltr'><strong>in</strong></span> <span class='ocrx_word' id='word_1_449' title='bbox 382 3392 579 3437; x_wconf 85' lang='lat' dir='ltr'><strong>catena</strong></span> <span class='ocrx_word' id='word_1_450' title='bbox 629 3379 815 3436; x_wconf 65' lang='lat' dir='ltr'><strong>Graeca</strong></span> <span class='ocrx_word' id='word_1_451' title='bbox 859 3378 1115 3434; x_wconf 84' lang='lat' dir='ltr'><strong>Vaticana</strong></span> <span class='ocrx_word' id='word_1_452' title='bbox 1145 3379 1419 3448; x_wconf 67' lang='lat' dir='ltr'><strong>jPrOCOpii</strong></span> <span class='ocrx_word' id='word_1_453' title='bbox 1468 3378 1644 3434; x_wconf 80' lang='lat' dir='ltr'><strong>Gazaei</strong></span> <span class='ocrx_word' id='word_1_454' title='bbox 1706 3380 1854 3449; x_wconf 87' lang='lat' dir='ltr'><strong>plura</strong></span> 
     </span>
    </p>
   </div>
   <div class='ocr_carea' id='block_1_60' title="bbox 277 3468 1859 3545">
    <p class='ocr_par' dir='ltr' id='par_1_60' title="bbox 277 3468 1859 3545">
     <span class='ocr_line' id='line_1_60' title="bbox 277 3468 1859 3545; baseline -0.003 -17"><span class='ocrx_word' id='word_1_455' title='bbox 277 3476 581 3545; x_wconf 83' lang='lat' dir='ltr'><strong>fragmenta</strong></span> <span class='ocrx_word' id='word_1_456' title='bbox 611 3488 678 3528; x_wconf 85' lang='lat' dir='ltr'><strong>ex</strong></span> <span class='ocrx_word' id='word_1_457' title='bbox 708 3470 932 3526; x_wconf 82' lang='lat' dir='ltr'><strong>Philone</strong></span> <span class='ocrx_word' id='word_1_458' title='bbox 971 3468 1302 3537; x_wconf 66' lang='lat' dir='ltr'><strong>aﬂeruntur;</strong></span> <span class='ocrx_word' id='word_1_459' title='bbox 1335 3479 1392 3523; x_wconf 90' lang='lat' dir='ltr'><strong>ut</strong></span> <span class='ocrx_word' id='word_1_460' title='bbox 1443 3486 1546 3524; x_wconf 90' lang='lat' dir='ltr'><strong>non</strong></span> <span class='ocrx_word' id='word_1_461' title='bbox 1593 3471 1726 3525; x_wconf 87' lang='lat' dir='ltr'><strong>satis</strong></span> <span class='ocrx_word' id='word_1_462' title='bbox 1758 3469 1859 3524; x_wconf 86' lang='lat' dir='ltr'><strong>mi-</strong></span> 
     </span>
    </p>
   </div>
   <div class='ocr_carea' id='block_1_61' title="bbox 280 3561 1858 3632">
    <p class='ocr_par' dir='ltr' id='par_1_61' title="bbox 280 3561 1858 3632">
     <span class='ocr_line' id='line_1_61' title="bbox 280 3561 1858 3632; baseline -0.001 -13"><span class='ocrx_word' id='word_1_463' title='bbox 280 3566 383 3620; x_wconf 88' lang='lat' dir='ltr'><strong>rari</strong></span> <span class='ocrx_word' id='word_1_464' title='bbox 454 3578 658 3632; x_wconf 86' lang='lat' dir='ltr'><strong>queam</strong></span> <span class='ocrx_word' id='word_1_465' title='bbox 698 3561 960 3616; x_wconf 85' lang='lat' dir='ltr'><strong>Jacobum</strong></span> <span class='ocrx_word' id='word_1_466' title='bbox 1022 3562 1070 3616; x_wconf 89' lang='lat' dir='ltr'><strong>le</strong></span> <span class='ocrx_word' id='word_1_467' title='bbox 1117 3561 1267 3632; x_wconf 86' lang='lat' dir='ltr'><strong>Long</strong></span> <span class='ocrx_word' id='word_1_468' title='bbox 1316 3563 1490 3616; x_wconf 82' lang='lat' dir='ltr'><strong>virum</strong></span> <span class='ocrx_word' id='word_1_469' title='bbox 1555 3562 1858 3619; x_wconf 89' lang='lat' dir='ltr'><strong>eruditione</strong></span> 
     </span>
    </p>
   </div>
   <div class='ocr_carea' id='block_1_62' title="bbox 280 3653 1856 3725">
    <p class='ocr_par' dir='ltr' id='par_1_62' title="bbox 280 3653 1856 3725">
     <span class='ocr_line' id='line_1_62' title="bbox 280 3653 1856 3725; baseline -0.002 -14"><span class='ocrx_word' id='word_1_470' title='bbox 280 3665 655 3725; x_wconf 64' lang='lat' dir='ltr'><strong>praestantem,</strong></span> <span class='ocrx_word' id='word_1_471' title='bbox 699 3653 789 3708; x_wconf 91' lang='lat' dir='ltr'><strong>ubi</strong></span> <span class='ocrx_word' id='word_1_472' title='bbox 845 3653 956 3722; x_wconf 86' lang='lat' dir='ltr'><strong>agit</strong></span> <span class='ocrx_word' id='word_1_473' title='bbox 1001 3653 1068 3707; x_wconf 90' lang='lat' dir='ltr'><strong>de</strong></span> <span class='ocrx_word' id='word_1_474' title='bbox 1096 3654 1489 3707; x_wconf 88' lang='lat' dir='ltr'><strong>commentario</strong></span> <span class='ocrx_word' id='word_1_475' title='bbox 1521 3654 1577 3706; x_wconf 84' lang='lat' dir='ltr'><strong>in</strong></span> <span class='ocrx_word' id='word_1_476' title='bbox 1636 3653 1856 3708; x_wconf 85' lang='lat' dir='ltr'><strong>Cantica</strong></span> 
     </span>
    </p>
   </div>
   <div class='ocr_carea' id='block_1_63' title="bbox 279 3743 1854 3816">
    <p class='ocr_par' dir='ltr' id='par_1_63' title="bbox 279 3743 1854 3816">
     <span class='ocr_line' id='line_1_63' title="bbox 279 3743 1854 3816; baseline -0.003 -14"><span class='ocrx_word' id='word_1_477' title='bbox 279 3748 628 3811; x_wconf 77' lang='lat' dir='ltr'><strong>canticorum,</strong></span> <span class='ocrx_word' id='word_1_478' title='bbox 657 3745 938 3816; x_wconf 83' lang='lat' dir='ltr'><strong>scripsisse</strong></span> <span class='ocrx_word' id='word_1_479' title='bbox 971 3743 1046 3816; x_wconf 88' lang='lat' dir='ltr'><strong>(g)</strong></span> <span class='ocrx_word' id='word_1_480' title='bbox 1078 3762 1091 3798; x_wconf 90' lang='lat'><strong>:</strong></span> <span class='ocrx_word' id='word_1_481' title='bbox 1143 3743 1301 3797; x_wconf 82' lang='lat' dir='ltr'><strong>Philo</strong></span> <span class='ocrx_word' id='word_1_482' title='bbox 1345 3743 1616 3812; x_wconf 78' lang='lat' dir='ltr'><strong>Carpathii</strong></span> <span class='ocrx_word' id='word_1_483' title='bbox 1655 3747 1854 3814; x_wconf 80' lang='lat' dir='ltr'><strong>episco-</strong></span> 
     </span>
    </p>
   </div>
   <div class='ocr_carea' id='block_1_64' title="bbox 279 3834 1858 3910">
    <p class='ocr_par' dir='ltr' id='par_1_64' title="bbox 279 3834 1858 3910">
     <span class='ocr_line' id='line_1_64' title="bbox 279 3834 1858 3910; baseline -0.001 -17"><span class='ocrx_word' id='word_1_484' title='bbox 279 3857 372 3910; x_wconf 79' lang='lat' dir='ltr'><strong>pus</strong></span> <span class='ocrx_word' id='word_1_485' title='bbox 395 3841 454 3893; x_wconf 84' lang='lat' dir='ltr'><strong>in</strong></span> <span class='ocrx_word' id='word_1_486' title='bbox 490 3836 667 3909; x_wconf 84' lang='lat' dir='ltr'><strong>Cypro</strong></span> <span class='ocrx_word' id='word_1_487' title='bbox 686 3849 884 3891; x_wconf 81' lang='lat' dir='ltr'><strong>auctor</strong></span> <span class='ocrx_word' id='word_1_488' title='bbox 912 3838 1297 3906; x_wconf 78' lang='lat' dir='ltr'><strong>supposititius.</strong></span> <span class='ocrx_word' id='word_1_489' title='bbox 1332 3834 1464 3889; x_wconf 72' lang='lat' dir='ltr'><strong>Nam</strong></span> <span class='ocrx_word' id='word_1_490' title='bbox 1490 3836 1656 3890; x_wconf 81' lang='lat' dir='ltr'><strong>Eliam</strong></span> <span class='ocrx_word' id='word_1_491' title='bbox 1695 3838 1858 3908; x_wconf 86' lang='lat' dir='ltr'><strong>Dupi-</strong></span> 
     </span>
    </p>
   </div>
   <div class='ocr_carea' id='block_1_65' title="bbox 276 3930 1859 4003">
    <p class='ocr_par' dir='ltr' id='par_1_65' title="bbox 276 3930 1859 4003">
     <span class='ocr_line' id='line_1_65' title="bbox 276 3930 1859 4003; baseline -0.001 -15"><span class='ocrx_word' id='word_1_492' title='bbox 276 3937 424 3988; x_wconf 86' lang='lat' dir='ltr'><strong>nium</strong></span> <span class='ocrx_word' id='word_1_493' title='bbox 474 3935 567 4003; x_wconf 91' lang='lat' dir='ltr'><strong>qui</strong></span> <span class='ocrx_word' id='word_1_494' title='bbox 617 3932 760 3988; x_wconf 88' lang='lat' dir='ltr'><strong>idem</strong></span> <span class='ocrx_word' id='word_1_495' title='bbox 807 3941 1076 3994; x_wconf 88' lang='lat' dir='ltr'><strong>senserat,</strong></span> <span class='ocrx_word' id='word_1_496' title='bbox 1131 3945 1236 3985; x_wconf 92' lang='lat' dir='ltr'><strong>non</strong></span> <span class='ocrx_word' id='word_1_497' title='bbox 1293 3930 1451 3984; x_wconf 92' lang='lat' dir='ltr'><strong>modo</strong></span> <span class='ocrx_word' id='word_1_498' title='bbox 1504 3931 1859 4001; x_wconf 80' lang='lat' dir='ltr'><strong>castigaverat</strong></span> 
     </span>
    </p>
   </div>
   <div class='ocr_carea' id='block_1_66' title="bbox 276 4023 1854 4096">
    <p class='ocr_par' dir='ltr' id='par_1_66' title="bbox 276 4023 1854 4096">
     <span class='ocr_line' id='line_1_66' title="bbox 276 4023 1854 4096; baseline -0.004 -13"><span class='ocrx_word' id='word_1_499' title='bbox 276 4027 518 4083; x_wconf 90' lang='lat' dir='ltr'><strong>Oudinus</strong></span> <span class='ocrx_word' id='word_1_500' title='bbox 548 4025 623 4096; x_wconf 76' lang='lat' dir='ltr'><strong>(It)</strong></span> <span class='ocrx_word' id='word_1_501' title='bbox 651 4023 947 4088; x_wconf 83' lang='lat' dir='ltr'><strong>afﬁrmans,</strong></span> <span class='ocrx_word' id='word_1_502' title='bbox 987 4039 1106 4076; x_wconf 84' lang='lat' dir='ltr'><strong>cum</strong></span> <span class='ocrx_word' id='word_1_503' title='bbox 1143 4025 1243 4076; x_wconf 83' lang='lat' dir='ltr'><strong>sibi</strong></span> <span class='ocrx_word' id='word_1_504' title='bbox 1277 4024 1440 4076; x_wconf 86' lang='lat' dir='ltr'><strong>videri</strong></span> <span class='ocrx_word' id='word_1_505' title='bbox 1466 4025 1690 4077; x_wconf 80' lang='lat' dir='ltr'><strong>absurde</strong></span> <span class='ocrx_word' id='word_1_506' title='bbox 1715 4024 1854 4092; x_wconf 81' lang='lat' dir='ltr'><strong>falli,</strong></span> 
     </span>
    </p>
   </div>
   <div class='ocr_carea' id='block_1_67' title="bbox 276 4116 1855 4188">
    <p class='ocr_par' dir='ltr' id='par_1_67' title="bbox 276 4116 1855 4188">
     <span class='ocr_line' id='line_1_67' title="bbox 276 4116 1855 4188; baseline -0.003 -15"><span class='ocrx_word' id='word_1_507' title='bbox 276 4136 390 4173; x_wconf 78' lang='lat' dir='ltr'><strong>cum</strong></span> <span class='ocrx_word' id='word_1_508' title='bbox 419 4118 583 4188; x_wconf 84' lang='lat' dir='ltr'><strong>hujus</strong></span> <span class='ocrx_word' id='word_1_509' title='bbox 606 4129 717 4170; x_wconf 88' lang='lat' dir='ltr'><strong>tum</strong></span> <span class='ocrx_word' id='word_1_510' title='bbox 740 4117 1034 4184; x_wconf 80' lang='lat' dir='ltr'><strong>scriptoris,</strong></span> <span class='ocrx_word' id='word_1_511' title='bbox 1064 4126 1170 4167; x_wconf 88' lang='lat' dir='ltr'><strong>tum</strong></span> <span class='ocrx_word' id='word_1_512' title='bbox 1211 4116 1568 4168; x_wconf 83' lang='lat' dir='ltr'><strong>commentarii</strong></span> <span class='ocrx_word' id='word_1_513' title='bbox 1608 4118 1855 4169; x_wconf 85' lang='lat' dir='ltr'><strong>memine-</strong></span> 
     </span>
    </p>
   </div>
   <div class='ocr_carea' id='block_1_68' title="bbox 278 4206 1857 4277">
    <p class='ocr_par' dir='ltr' id='par_1_68' title="bbox 278 4206 1857 4277">
     <span class='ocr_line' id='line_1_68' title="bbox 278 4206 1857 4277; baseline -0.002 -11"><span class='ocrx_word' id='word_1_514' title='bbox 278 4213 382 4266; x_wconf 84' lang='lat' dir='ltr'><strong>rint</strong></span> <span class='ocrx_word' id='word_1_515' title='bbox 405 4221 456 4265; x_wconf 86' lang='lat' dir='ltr'><strong>et</strong></span> <span class='ocrx_word' id='word_1_516' title='bbox 485 4209 840 4264; x_wconf 75' lang='lat' dir='ltr'><strong>Cassiodorus</strong></span> <span class='ocrx_word' id='word_1_517' title='bbox 872 4219 917 4262; x_wconf 89' lang='lat' dir='ltr'><strong>et</strong></span> <span class='ocrx_word' id='word_1_518' title='bbox 960 4206 1184 4272; x_wconf 85' lang='lat' dir='ltr'><strong>Suidas,</strong></span> <span class='ocrx_word' id='word_1_519' title='bbox 1228 4208 1414 4277; x_wconf 84' lang='lat' dir='ltr'><strong>quibus</strong></span> <span class='ocrx_word' id='word_1_520' title='bbox 1449 4207 1708 4263; x_wconf 81' lang='lat' dir='ltr'><strong>elevandis</strong></span> <span class='ocrx_word' id='word_1_521' title='bbox 1735 4209 1857 4263; x_wconf 83' lang='lat' dir='ltr'><strong>Elia</strong></span> 
     </span>
    </p>
   </div>
   <div class='ocr_carea' id='block_1_69' title="bbox 279 4300 1855 4374">
    <p class='ocr_par' dir='ltr' id='par_1_69' title="bbox 279 4300 1855 4374">
     <span class='ocr_line' id='line_1_69' title="bbox 279 4300 1855 4374; baseline 0 -18"><span class='ocrx_word' id='word_1_522' title='bbox 279 4305 497 4359; x_wconf 78' lang='lat' dir='ltr'><strong>idoneus</strong></span> <span class='ocrx_word' id='word_1_523' title='bbox 535 4303 720 4374; x_wconf 84' lang='lat' dir='ltr'><strong>(verba</strong></span> <span class='ocrx_word' id='word_1_524' title='bbox 767 4311 894 4358; x_wconf 89' lang='lat' dir='ltr'><strong>sunt</strong></span> <span class='ocrx_word' id='word_1_525' title='bbox 931 4302 1102 4371; x_wconf 90' lang='lat' dir='ltr'><strong>ipsius</strong></span> <span class='ocrx_word' id='word_1_526' title='bbox 1154 4300 1375 4369; x_wconf 89' lang='lat' dir='ltr'><strong>Oudini)</strong></span> <span class='ocrx_word' id='word_1_527' title='bbox 1433 4302 1557 4353; x_wconf 84' lang='lat' dir='ltr'><strong>mihi</strong></span> <span class='ocrx_word' id='word_1_528' title='bbox 1599 4317 1708 4356; x_wconf 81' lang='lat' dir='ltr'><strong>esse</strong></span> <span class='ocrx_word' id='word_1_529' title='bbox 1754 4319 1855 4357; x_wconf 86' lang='lat' dir='ltr'><strong>non</strong></span> 
     </span>
    </p>
   </div>
   <div class='ocr_carea' id='block_1_70' title="bbox 276 4393 1856 4464">
    <p class='ocr_par' dir='ltr' id='par_1_70' title="bbox 276 4393 1856 4464">
     <span class='ocr_line' id='line_1_70' title="bbox 276 4393 1856 4464; baseline 0.001 -15"><span class='ocrx_word' id='word_1_530' title='bbox 276 4396 495 4450; x_wconf 68' lang='lat' dir='ltr'><strong>videtur.</strong></span> <span class='ocrx_word' id='word_1_531' title='bbox 565 4395 675 4449; x_wconf 84' lang='lat' dir='ltr'><strong>Sed</strong></span> <span class='ocrx_word' id='word_1_532' title='bbox 705 4395 871 4449; x_wconf 89' lang='lat' dir='ltr'><strong>etiam</strong></span> <span class='ocrx_word' id='word_1_533' title='bbox 926 4393 1136 4464; x_wconf 88' lang='lat' dir='ltr'><strong>Dupinii</strong></span> <span class='ocrx_word' id='word_1_534' title='bbox 1178 4393 1496 4449; x_wconf 90' lang='lat' dir='ltr'><strong>ratiunculis</strong></span> <span class='ocrx_word' id='word_1_535' title='bbox 1535 4395 1747 4450; x_wconf 87' lang='lat' dir='ltr'><strong>abunde</strong></span> <span class='ocrx_word' id='word_1_536' title='bbox 1769 4410 1856 4450; x_wconf 88' lang='lat' dir='ltr'><strong>sa-</strong></span> 
     </span>
    </p>
   </div>
   <div class='ocr_carea' id='block_1_71' title="bbox 1963 3200 3532 3278">
    <p class='ocr_par' dir='ltr' id='par_1_71' title="bbox 1963 3200 3532 3278">
     <span class='ocr_line' id='line_1_71' title="bbox 1963 3200 3532 3278; baseline -0.006 -16"><span class='ocrx_word' id='word_1_537' title='bbox 1963 3219 2150 3264; x_wconf 90' lang='lat' dir='ltr'><strong>tatum.</strong></span> <span class='ocrx_word' id='word_1_538' title='bbox 2185 3209 2291 3263; x_wconf 89' lang='lat' dir='ltr'><strong>Sed</strong></span> <span class='ocrx_word' id='word_1_539' title='bbox 2315 3219 2599 3278; x_wconf 88' lang='lat' dir='ltr'><strong>antequam</strong></span> <span class='ocrx_word' id='word_1_540' title='bbox 2631 3208 2854 3263; x_wconf 91' lang='lat' dir='ltr'><strong>ulterius</strong></span> <span class='ocrx_word' id='word_1_541' title='bbox 2887 3206 3313 3276; x_wconf 89' lang='lat' dir='ltr'><strong>progrediamur,</strong></span> <span class='ocrx_word' id='word_1_542' title='bbox 3354 3200 3532 3256; x_wconf 90' lang='lat' dir='ltr'><strong>admo-</strong></span> 
     </span>
    </p>
   </div>
   <div class='ocr_carea' id='block_1_72' title="bbox 1958 3289 3533 3368">
    <p class='ocr_par' dir='ltr' id='par_1_72' title="bbox 1958 3289 3533 3368">
     <span class='ocr_line' id='line_1_72' title="bbox 1958 3289 3533 3368; baseline -0.004 -13"><span class='ocrx_word' id='word_1_543' title='bbox 1958 3303 2164 3358; x_wconf 90' lang='lat' dir='ltr'><strong>nendus</strong></span> <span class='ocrx_word' id='word_1_544' title='bbox 2188 3313 2269 3357; x_wconf 91' lang='lat' dir='ltr'><strong>est</strong></span> <span class='ocrx_word' id='word_1_545' title='bbox 2297 3289 2462 3358; x_wconf 86' lang='lat' dir='ltr'><strong>lector</strong></span> <span class='ocrx_word' id='word_1_546' title='bbox 2491 3303 2663 3357; x_wconf 90' lang='lat' dir='ltr'><strong>locum</strong></span> <span class='ocrx_word' id='word_1_547' title='bbox 2697 3303 2841 3356; x_wconf 88' lang='lat' dir='ltr'><strong>illum</strong></span> <span class='ocrx_word' id='word_1_548' title='bbox 2882 3316 2911 3354; x_wconf 90' lang='lat' dir='ltr'><strong>a</strong></span> <span class='ocrx_word' id='word_1_549' title='bbox 2957 3301 3148 3355; x_wconf 89' lang='lat' dir='ltr'><strong>Cosma</strong></span> <span class='ocrx_word' id='word_1_550' title='bbox 3173 3295 3426 3368; x_wconf 66' lang='lat' dir='ltr'><strong>Egyptio</strong></span> <span class='ocrx_word' id='word_1_551' title='bbox 3453 3293 3533 3348; x_wconf 88' lang='lat' dir='ltr'><strong>al-</strong></span> 
     </span>
    </p>
   </div>
   <div class='ocr_carea' id='block_1_73' title="bbox 1959 3389 3531 3464">
    <p class='ocr_par' dir='ltr' id='par_1_73' title="bbox 1959 3389 3531 3464">
     <span class='ocr_line' id='line_1_73' title="bbox 1959 3389 3531 3464; baseline -0.003 -17"><span class='ocrx_word' id='word_1_552' title='bbox 1959 3394 2145 3458; x_wconf 87' lang='lat' dir='ltr'><strong>latum,</strong></span> <span class='ocrx_word' id='word_1_553' title='bbox 2179 3393 2390 3464; x_wconf 88' lang='lat' dir='ltr'><strong>aliaque</strong></span> <span class='ocrx_word' id='word_1_554' title='bbox 2417 3395 2581 3449; x_wconf 89' lang='lat' dir='ltr'><strong>multa</strong></span> <span class='ocrx_word' id='word_1_555' title='bbox 2609 3395 2857 3450; x_wconf 89' lang='lat' dir='ltr'><strong>eumdem</strong></span> <span class='ocrx_word' id='word_1_556' title='bbox 2891 3395 3069 3449; x_wconf 89' lang='lat' dir='ltr'><strong>locum</strong></span> <span class='ocrx_word' id='word_1_557' title='bbox 3094 3389 3449 3461; x_wconf 61' lang='lat' dir='ltr'><strong>praecedentia</strong></span> <span class='ocrx_word' id='word_1_558' title='bbox 3477 3396 3531 3442; x_wconf 87' lang='lat' dir='ltr'><strong>et</strong></span> 
     </span>
    </p>
   </div>
   <div class='ocr_carea' id='block_1_74' title="bbox 1956 3481 3529 3557">
    <p class='ocr_par' dir='ltr' id='par_1_74' title="bbox 1956 3481 3529 3557">
     <span class='ocr_line' id='line_1_74' title="bbox 1956 3481 3529 3557; baseline -0.002 -18"><span class='ocrx_word' id='word_1_559' title='bbox 1956 3486 2358 3556; x_wconf 86' lang='lat' dir='ltr'><strong>subsequentia,</strong></span> <span class='ocrx_word' id='word_1_560' title='bbox 2389 3501 2509 3557; x_wconf 85' lang='lat' dir='ltr'><strong>quae</strong></span> <span class='ocrx_word' id='word_1_561' title='bbox 2539 3487 2590 3541; x_wconf 92' lang='lat' dir='ltr'><strong>in</strong></span> <span class='ocrx_word' id='word_1_562' title='bbox 2631 3486 3001 3556; x_wconf 85' lang='lat' dir='ltr'><strong>Epiphaniano</strong></span> <span class='ocrx_word' id='word_1_563' title='bbox 3033 3483 3422 3542; x_wconf 87' lang='lat' dir='ltr'><strong>commentario</strong></span> <span class='ocrx_word' id='word_1_564' title='bbox 3449 3481 3529 3536; x_wconf 85' lang='lat' dir='ltr'><strong>le-</strong></span> 
     </span>
    </p>
   </div>
   <div class='ocr_carea' id='block_1_75' title="bbox 1956 3575 3531 3651">
    <p class='ocr_par' dir='ltr' id='par_1_75' title="bbox 1956 3575 3531 3651">
     <span class='ocr_line' id='line_1_75' title="bbox 1956 3575 3531 3651; baseline -0.001 -19"><span class='ocrx_word' id='word_1_565' title='bbox 1956 3589 2155 3650; x_wconf 85' lang='lat' dir='ltr'><strong>guntur</strong></span> <span class='ocrx_word' id='word_1_566' title='bbox 2190 3595 2311 3651; x_wconf 86' lang='lat' dir='ltr'><strong>pag.</strong></span> <span class='ocrx_word' id='word_1_567' title='bbox 2339 3579 2392 3646; x_wconf 95' lang='lat'><strong>7,</strong></span> <span class='ocrx_word' id='word_1_568' title='bbox 2421 3578 2475 3648; x_wconf 94' lang='lat'><strong>8,</strong></span> <span class='ocrx_word' id='word_1_569' title='bbox 2510 3580 2563 3644; x_wconf 88' lang='lat'><strong>9,</strong></span> <span class='ocrx_word' id='word_1_570' title='bbox 2589 3580 2679 3644; x_wconf 77' lang='lat' dir='ltr'><strong>i0,</strong></span> <span class='ocrx_word' id='word_1_571' title='bbox 2712 3580 2772 3634; x_wconf 81' lang='lat' dir='ltr'><strong>ll</strong></span> <span class='ocrx_word' id='word_1_572' title='bbox 2803 3587 2857 3634; x_wconf 94' lang='lat' dir='ltr'><strong>et</strong></span> <span class='ocrx_word' id='word_1_573' title='bbox 2883 3579 2972 3648; x_wconf 75' lang='lat' dir='ltr'><strong>t2,</strong></span> <span class='ocrx_word' id='word_1_574' title='bbox 3007 3594 3037 3633; x_wconf 90' lang='lat' dir='ltr'><strong>a</strong></span> <span class='ocrx_word' id='word_1_575' title='bbox 3070 3577 3259 3634; x_wconf 84' lang='lat' dir='ltr'><strong>Graeco</strong></span> <span class='ocrx_word' id='word_1_576' title='bbox 3289 3575 3531 3631; x_wconf 90' lang='lat' dir='ltr'><strong>Philonis</strong></span> 
     </span>
    </p>
   </div>
   <div class='ocr_carea' id='block_1_76' title="bbox 1955 3671 3530 3744">
    <p class='ocr_par' dir='ltr' id='par_1_76' title="bbox 1955 3671 3530 3744">
     <span class='ocr_line' id='line_1_76' title="bbox 1955 3671 3530 3744; baseline 0 -19"><span class='ocrx_word' id='word_1_577' title='bbox 1955 3686 2112 3741; x_wconf 91' lang='lat' dir='ltr'><strong>quem</strong></span> <span class='ocrx_word' id='word_1_578' title='bbox 2139 3671 2244 3728; x_wconf 90' lang='lat' dir='ltr'><strong>hac</strong></span> <span class='ocrx_word' id='word_1_579' title='bbox 2268 3673 2501 3729; x_wconf 91' lang='lat' dir='ltr'><strong>editione</strong></span> <span class='ocrx_word' id='word_1_580' title='bbox 2531 3683 2714 3729; x_wconf 89' lang='lat' dir='ltr'><strong>nostra</strong></span> <span class='ocrx_word' id='word_1_581' title='bbox 2737 3673 2895 3729; x_wconf 89' lang='lat' dir='ltr'><strong>modo</strong></span> <span class='ocrx_word' id='word_1_582' title='bbox 2919 3672 3287 3744; x_wconf 90' lang='lat' dir='ltr'><strong>producimus,</strong></span> <span class='ocrx_word' id='word_1_583' title='bbox 3308 3671 3530 3737; x_wconf 87' lang='lat' dir='ltr'><strong>abesse;</strong></span> 
     </span>
    </p>
   </div>
   <div class='ocr_carea' id='block_1_77' title="bbox 1955 3760 3530 3840">
    <p class='ocr_par' dir='ltr' id='par_1_77' title="bbox 1955 3760 3530 3840">
     <span class='ocr_line' id='line_1_77' title="bbox 1955 3760 3530 3840; baseline -0.001 -26"><span class='ocrx_word' id='word_1_584' title='bbox 1955 3775 2018 3814; x_wconf 88' lang='lat' dir='ltr'><strong>ea</strong></span> <span class='ocrx_word' id='word_1_585' title='bbox 2069 3776 2200 3816; x_wconf 88' lang='lat' dir='ltr'><strong>vero</strong></span> <span class='ocrx_word' id='word_1_586' title='bbox 2264 3763 2318 3818; x_wconf 92' lang='lat' dir='ltr'><strong>in</strong></span> <span class='ocrx_word' id='word_1_587' title='bbox 2369 3762 2570 3820; x_wconf 71' lang='lat' dir='ltr'><strong>Grmcis</strong></span> <span class='ocrx_word' id='word_1_588' title='bbox 2623 3778 2757 3834; x_wconf 88' lang='lat' dir='ltr'><strong>quos</strong></span> <span class='ocrx_word' id='word_1_589' title='bbox 2819 3763 3096 3840; x_wconf 70' lang='lat' dir='ltr'><strong>habemus,</strong></span> <span class='ocrx_word' id='word_1_590' title='bbox 3132 3760 3530 3830; x_wconf 82' lang='lat' dir='ltr'><strong>exemplaribus</strong></span> 
     </span>
    </p>
   </div>
   <div class='ocr_carea' id='block_1_78' title="bbox 1957 3852 3526 3926">
    <p class='ocr_par' dir='ltr' id='par_1_78' title="bbox 1957 3852 3526 3926">
     <span class='ocr_line' id='line_1_78' title="bbox 1957 3852 3526 3926; baseline -0.001 -19"><span class='ocrx_word' id='word_1_591' title='bbox 1957 3853 2076 3908; x_wconf 90' lang='lat' dir='ltr'><strong>ideo</strong></span> <span class='ocrx_word' id='word_1_592' title='bbox 2107 3855 2296 3910; x_wconf 88' lang='lat' dir='ltr'><strong>deesse</strong></span> <span class='ocrx_word' id='word_1_593' title='bbox 2321 3856 2765 3919; x_wconf 85' lang='lat' dir='ltr'><strong>existimaverim,</strong></span> <span class='ocrx_word' id='word_1_594' title='bbox 2805 3857 2948 3926; x_wconf 91' lang='lat' dir='ltr'><strong>quod</strong></span> <span class='ocrx_word' id='word_1_595' title='bbox 2976 3857 3081 3911; x_wconf 91' lang='lat' dir='ltr'><strong>duo</strong></span> <span class='ocrx_word' id='word_1_596' title='bbox 3110 3854 3312 3910; x_wconf 89' lang='lat' dir='ltr'><strong>fuerint</strong></span> <span class='ocrx_word' id='word_1_597' title='bbox 3340 3852 3526 3908; x_wconf 89' lang='lat' dir='ltr'><strong>Philo-</strong></span> 
     </span>
    </p>
   </div>
   <div class='ocr_carea' id='block_1_79' title="bbox 1956 3943 3532 4019">
    <p class='ocr_par' dir='ltr' id='par_1_79' title="bbox 1956 3943 3532 4019">
     <span class='ocr_line' id='line_1_79' title="bbox 1956 3943 3532 4019; baseline 0.001 -23"><span class='ocrx_word' id='word_1_598' title='bbox 1956 3943 2106 3998; x_wconf 87' lang='lat' dir='ltr'><strong>niani</strong></span> <span class='ocrx_word' id='word_1_599' title='bbox 2159 3948 2534 4001; x_wconf 89' lang='lat' dir='ltr'><strong>commentarii</strong></span> <span class='ocrx_word' id='word_1_600' title='bbox 2569 3947 2834 4003; x_wconf 90' lang='lat' dir='ltr'><strong>editiones</strong></span> <span class='ocrx_word' id='word_1_601' title='bbox 2865 3947 3124 4019; x_wconf 67' lang='lat' dir='ltr'><strong>antiquaa,</strong></span> <span class='ocrx_word' id='word_1_602' title='bbox 3161 3960 3390 4017; x_wconf 88' lang='lat' dir='ltr'><strong>quarum</strong></span> <span class='ocrx_word' id='word_1_603' title='bbox 3420 3945 3532 4014; x_wconf 89' lang='lat' dir='ltr'><strong>pri-</strong></span> 
     </span>
    </p>
   </div>
   <div class='ocr_carea' id='block_1_80' title="bbox 1955 4037 3531 4109">
    <p class='ocr_par' dir='ltr' id='par_1_80' title="bbox 1955 4037 3531 4109">
     <span class='ocr_line' id='line_1_80' title="bbox 1955 4037 3531 4109; baseline 0.001 -20"><span class='ocrx_word' id='word_1_604' title='bbox 1955 4051 2098 4090; x_wconf 88' lang='lat' dir='ltr'><strong>mam</strong></span> <span class='ocrx_word' id='word_1_605' title='bbox 2132 4038 2300 4094; x_wconf 88' lang='lat' dir='ltr'><strong>nostri</strong></span> <span class='ocrx_word' id='word_1_606' title='bbox 2353 4039 2568 4094; x_wconf 88' lang='lat' dir='ltr'><strong>codices</strong></span> <span class='ocrx_word' id='word_1_607' title='bbox 2607 4037 2778 4094; x_wconf 68' lang='lat' dir='ltr'><strong>Graeci</strong></span> <span class='ocrx_word' id='word_1_608' title='bbox 2832 4047 3258 4109; x_wconf 70' lang='lat' dir='ltr'><strong>repraesentem;</strong></span> <span class='ocrx_word' id='word_1_609' title='bbox 3309 4053 3412 4092; x_wconf 92' lang='lat' dir='ltr'><strong>non</strong></span> <span class='ocrx_word' id='word_1_610' title='bbox 3446 4049 3531 4091; x_wconf 82' lang='lat' dir='ltr'><strong>se-</strong></span> 
     </span>
    </p>
   </div>
   <div class='ocr_carea' id='block_1_81' title="bbox 1956 4129 3534 4204">
    <p class='ocr_par' dir='ltr' id='par_1_81' title="bbox 1956 4129 3534 4204">
     <span class='ocr_line' id='line_1_81' title="bbox 1956 4129 3534 4204; baseline 0.002 -21"><span class='ocrx_word' id='word_1_611' title='bbox 1956 4129 2212 4197; x_wconf 91' lang='lat' dir='ltr'><strong>cundam,</strong></span> <span class='ocrx_word' id='word_1_612' title='bbox 2248 4147 2350 4199; x_wconf 90' lang='lat' dir='ltr'><strong>qua</strong></span> <span class='ocrx_word' id='word_1_613' title='bbox 2377 4133 2628 4188; x_wconf 90' lang='lat' dir='ltr'><strong>utebatur</strong></span> <span class='ocrx_word' id='word_1_614' title='bbox 2673 4134 2900 4189; x_wconf 89' lang='lat' dir='ltr'><strong>Cosmas</strong></span> <span class='ocrx_word' id='word_1_615' title='bbox 2927 4132 3234 4204; x_wconf 67' lang='lat' dir='ltr'><strong>Egyptius,</strong></span> <span class='ocrx_word' id='word_1_616' title='bbox 3256 4133 3343 4186; x_wconf 91' lang='lat' dir='ltr'><strong>ubi</strong></span> <span class='ocrx_word' id='word_1_617' title='bbox 3376 4130 3534 4186; x_wconf 91' lang='lat' dir='ltr'><strong>Philo</strong></span> 
     </span>
    </p>
   </div>
   <div class='ocr_carea' id='block_1_82' title="bbox 1955 4219 3526 4296">
    <p class='ocr_par' dir='ltr' id='par_1_82' title="bbox 1955 4219 3526 4296">
     <span class='ocr_line' id='line_1_82' title="bbox 1955 4219 3526 4296; baseline 0.004 -24"><span class='ocrx_word' id='word_1_618' title='bbox 1955 4219 2059 4274; x_wconf 91' lang='lat' dir='ltr'><strong>alia</strong></span> <span class='ocrx_word' id='word_1_619' title='bbox 2106 4223 2351 4291; x_wconf 65' lang='lat' dir='ltr'><strong>quaedam</strong></span> <span class='ocrx_word' id='word_1_620' title='bbox 2390 4225 2676 4281; x_wconf 90' lang='lat' dir='ltr'><strong>addiderit.</strong></span> <span class='ocrx_word' id='word_1_621' title='bbox 2737 4225 3055 4296; x_wconf 84' lang='lat' dir='ltr'><strong>Exemplum</strong></span> <span class='ocrx_word' id='word_1_622' title='bbox 3103 4225 3280 4281; x_wconf 88' lang='lat' dir='ltr'><strong>simile</strong></span> <span class='ocrx_word' id='word_1_623' title='bbox 3335 4224 3526 4288; x_wconf 90' lang='lat' dir='ltr'><strong>habes,</strong></span> 
     </span>
    </p>
   </div>
   <div class='ocr_carea' id='block_1_83' title="bbox 1956 4313 3531 4389">
    <p class='ocr_par' dir='ltr' id='par_1_83' title="bbox 1956 4313 3531 4389">
     <span class='ocr_line' id='line_1_83' title="bbox 1956 4313 3531 4389; baseline 0.005 -23"><span class='ocrx_word' id='word_1_624' title='bbox 1956 4313 2147 4378; x_wconf 90' lang='lat' dir='ltr'><strong>lector,</strong></span> <span class='ocrx_word' id='word_1_625' title='bbox 2196 4316 2250 4370; x_wconf 91' lang='lat' dir='ltr'><strong>in</strong></span> <span class='ocrx_word' id='word_1_626' title='bbox 2293 4319 2536 4373; x_wconf 89' lang='lat' dir='ltr'><strong>oratione</strong></span> <span class='ocrx_word' id='word_1_627' title='bbox 2574 4319 2951 4375; x_wconf 85' lang='lat' dir='ltr'><strong>Demosthenis</strong></span> <span class='ocrx_word' id='word_1_628' title='bbox 2984 4319 3125 4389; x_wconf 75' lang='grc' dir='ltr'><strong>Περὶ</strong></span> <span class='ocrx_word' id='word_1_629' title='bbox 3164 4321 3273 4375; x_wconf 85' lang='grc' dir='ltr'><strong>τοῦ</strong></span> <span class='ocrx_word' id='word_1_630' title='bbox 3308 4318 3531 4388; x_wconf 74' lang='grc' dir='ltr'><em>στεφά-</em></span> 
     </span>
    </p>
   </div>
   <div class='ocr_carea' id='block_1_84' title="bbox 1954 4406 3530 4485">
    <p class='ocr_par' dir='ltr' id='par_1_84' title="bbox 1954 4406 3530 4485">
     <span class='ocr_line' id='line_1_84' title="bbox 1954 4406 3530 4485; baseline 0.006 -27"><span class='ocrx_word' id='word_1_631' title='bbox 1954 4421 2086 4469; x_wconf 80' lang='grc' dir='ltr'><strong>νου,</strong></span> <span class='ocrx_word' id='word_1_632' title='bbox 2115 4406 2166 4460; x_wconf 92' lang='lat' dir='ltr'><strong>in</strong></span> <span class='ocrx_word' id='word_1_633' title='bbox 2199 4422 2302 4476; x_wconf 91' lang='lat' dir='ltr'><strong>qua</strong></span> <span class='ocrx_word' id='word_1_634' title='bbox 2355 4411 2600 4478; x_wconf 67' lang='lat' dir='ltr'><strong>quredam</strong></span> <span class='ocrx_word' id='word_1_635' title='bbox 2630 4428 2660 4467; x_wconf 89' lang='lat' dir='ltr'><strong>a</strong></span> <span class='ocrx_word' id='word_1_636' title='bbox 2714 4411 2940 4468; x_wconf 86' lang='lat' dir='ltr'><strong>diversis</strong></span> <span class='ocrx_word' id='word_1_637' title='bbox 2981 4415 3337 4485; x_wconf 87' lang='lat' dir='ltr'><strong>scriptoribus</strong></span> <span class='ocrx_word' id='word_1_638' title='bbox 3363 4415 3530 4469; x_wconf 86' lang='lat' dir='ltr'><strong>citata</strong></span> 
     </span>
    </p>
   </div>
   <div class='ocr_carea' id='block_1_85' title="bbox 278 4485 3528 4578">
    <p class='ocr_par' dir='ltr' id='par_1_85' title="bbox 278 4485 3528 4578">
     <span class='ocr_line' id='line_1_85' title="bbox 278 4485 3528 4578; baseline 0.005 -38"><span class='ocrx_word' id='word_1_639' title='bbox 278 4487 548 4543; x_wconf 90' lang='lat' dir='ltr'><strong>tisfecerat</strong></span> <span class='ocrx_word' id='word_1_640' title='bbox 619 4485 995 4542; x_wconf 85' lang='lat' dir='ltr'><strong>Tlllemontius</strong></span> <span class='ocrx_word' id='word_1_641' title='bbox 1051 4488 1178 4560; x_wconf 91' lang='lat' dir='ltr'><strong>(i);</strong></span> <span class='ocrx_word' id='word_1_642' title='bbox 1239 4486 1460 4557; x_wconf 89' lang='lat' dir='ltr'><strong>ejusque</strong></span> <span class='ocrx_word' id='word_1_643' title='bbox 1529 4491 1851 4542; x_wconf 90' lang='lat' dir='ltr'><strong>sententiam</strong></span> <span class='ocrx_word' id='word_1_644' title='bbox 1885 4497 1930 4553; x_wconf 83' lang='grc' dir='ltr'><strong>Ι)</strong></span> <span class='ocrx_word' id='word_1_645' title='bbox 1962 4498 2160 4553; x_wconf 82' lang='lat' dir='ltr'><strong>frustra</strong></span> <span class='ocrx_word' id='word_1_646' title='bbox 2191 4501 2501 4570; x_wconf 57' lang='lat' dir='ltr'><strong>quaesieris;</strong></span> <span class='ocrx_word' id='word_1_647' title='bbox 2532 4506 2677 4576; x_wconf 90' lang='lat' dir='ltr'><strong>quod</strong></span> <span class='ocrx_word' id='word_1_648' title='bbox 2725 4505 2980 4578; x_wconf 78' lang='lat' dir='ltr'><strong>Ulpianus</strong></span> <span class='ocrx_word' id='word_1_649' title='bbox 3016 4507 3140 4564; x_wconf 86' lang='lat' dir='ltr'><strong>inde</strong></span> <span class='ocrx_word' id='word_1_650' title='bbox 3182 4508 3382 4563; x_wconf 80' lang='lat' dir='ltr'><strong>factum</strong></span> <span class='ocrx_word' id='word_1_651' title='bbox 3407 4522 3528 4564; x_wconf 79' lang='lat' dir='ltr'><strong>mo.-</strong></span> 
     </span>
    </p>
   </div>
   <div class='ocr_carea' id='block_1_86' title="bbox 277 4578 1856 4652">
    <p class='ocr_par' dir='ltr' id='par_1_86' title="bbox 277 4578 1856 4652">
     <span class='ocr_line' id='line_1_86' title="bbox 277 4578 1856 4652; baseline 0.003 -18"><span class='ocrx_word' id='word_1_652' title='bbox 277 4581 386 4650; x_wconf 89' lang='lat' dir='ltr'><strong>ipse</strong></span> <span class='ocrx_word' id='word_1_653' title='bbox 414 4580 711 4652; x_wconf 77' lang='lat' dir='ltr'><strong>Fogginius</strong></span> <span class='ocrx_word' id='word_1_654' title='bbox 751 4581 816 4650; x_wconf 89' lang='lat' dir='ltr'><strong>(j)</strong></span> <span class='ocrx_word' id='word_1_655' title='bbox 851 4581 1092 4635; x_wconf 90' lang='lat' dir='ltr'><strong>omnium</strong></span> <span class='ocrx_word' id='word_1_656' title='bbox 1131 4580 1366 4634; x_wconf 88' lang='lat' dir='ltr'><strong>maxime</strong></span> <span class='ocrx_word' id='word_1_657' title='bbox 1387 4578 1707 4636; x_wconf 86' lang='lat' dir='ltr'><strong>confutavit.</strong></span> <span class='ocrx_word' id='word_1_658' title='bbox 1757 4580 1856 4637; x_wconf 89' lang='lat' dir='ltr'><strong>Se-</strong></span> 
     </span>
    </p>
   </div>
   <div class='ocr_carea' id='block_1_87' title="bbox 276 4671 1856 4750">
    <p class='ocr_par' dir='ltr' id='par_1_87' title="bbox 276 4671 1856 4750">
     <span class='ocr_line' id='line_1_87' title="bbox 276 4671 1856 4750; baseline 0.001 -23"><span class='ocrx_word' id='word_1_659' title='bbox 276 4675 530 4738; x_wconf 88' lang='lat' dir='ltr'><strong>cundum,</strong></span> <span class='ocrx_word' id='word_1_660' title='bbox 555 4675 689 4750; x_wconf 86' lang='lat' dir='ltr'><strong>duos</strong></span> <span class='ocrx_word' id='word_1_661' title='bbox 729 4681 878 4741; x_wconf 87' lang='lat' dir='ltr'><strong>putat</strong></span> <span class='ocrx_word' id='word_1_662' title='bbox 932 4672 1100 4728; x_wconf 89' lang='lat' dir='ltr'><strong>fuisse</strong></span> <span class='ocrx_word' id='word_1_663' title='bbox 1131 4671 1406 4737; x_wconf 91' lang='lat' dir='ltr'><strong>Philoues,</strong></span> <span class='ocrx_word' id='word_1_664' title='bbox 1455 4671 1681 4727; x_wconf 89' lang='lat' dir='ltr'><strong>alterum</strong></span> <span class='ocrx_word' id='word_1_665' title='bbox 1724 4672 1856 4729; x_wconf 88' lang='lat' dir='ltr'><strong>Car-</strong></span> 
     </span>
    </p>
   </div>
   <div class='ocr_carea' id='block_1_88' title="bbox 278 4768 1854 4840">
    <p class='ocr_par' dir='ltr' id='par_1_88' title="bbox 278 4768 1854 4840">
     <span class='ocr_line' id='line_1_88' title="bbox 278 4768 1854 4840; baseline 0.003 -18"><span class='ocrx_word' id='word_1_666' title='bbox 278 4769 516 4838; x_wconf 85' lang='lat' dir='ltr'><strong>pathium</strong></span> <span class='ocrx_word' id='word_1_667' title='bbox 563 4769 874 4838; x_wconf 89' lang='lat' dir='ltr'><strong>episcopum</strong></span> <span class='ocrx_word' id='word_1_668' title='bbox 931 4769 984 4823; x_wconf 92' lang='lat' dir='ltr'><strong>in</strong></span> <span class='ocrx_word' id='word_1_669' title='bbox 1043 4768 1312 4837; x_wconf 88' lang='lat' dir='ltr'><strong>Carpatho</strong></span> <span class='ocrx_word' id='word_1_670' title='bbox 1361 4769 1540 4824; x_wconf 88' lang='lat' dir='ltr'><strong>insula</strong></span> <span class='ocrx_word' id='word_1_671' title='bbox 1595 4785 1714 4840; x_wconf 64' lang='lat' dir='ltr'><strong>quae</strong></span> <span class='ocrx_word' id='word_1_672' title='bbox 1771 4781 1854 4826; x_wconf 90' lang='lat' dir='ltr'><strong>est</strong></span> 
     </span>
    </p>
   </div>
   <div class='ocr_carea' id='block_1_89' title="bbox 279 4861 1852 4933">
    <p class='ocr_par' dir='ltr' id='par_1_89' title="bbox 279 4861 1852 4933">
     <span class='ocr_line' id='line_1_89' title="bbox 279 4861 1852 4933; baseline 0.003 -20"><span class='ocrx_word' id='word_1_673' title='bbox 279 4875 377 4914; x_wconf 89' lang='lat' dir='ltr'><strong>una</strong></span> <span class='ocrx_word' id='word_1_674' title='bbox 396 4876 463 4915; x_wconf 87' lang='lat' dir='ltr'><strong>ex</strong></span> <span class='ocrx_word' id='word_1_675' title='bbox 493 4861 849 4931; x_wconf 79' lang='lat' dir='ltr'><strong>Cycladibus;</strong></span> <span class='ocrx_word' id='word_1_676' title='bbox 873 4861 1188 4931; x_wconf 87' lang='lat' dir='ltr'><strong>Carpasium</strong></span> <span class='ocrx_word' id='word_1_677' title='bbox 1215 4863 1467 4929; x_wconf 89' lang='lat' dir='ltr'><strong>alterum,</strong></span> <span class='ocrx_word' id='word_1_678' title='bbox 1495 4862 1766 4933; x_wconf 65' lang='lat' dir='ltr'><strong>Carpasim</strong></span> <span class='ocrx_word' id='word_1_679' title='bbox 1799 4864 1852 4918; x_wconf 91' lang='lat' dir='ltr'><strong>in</strong></span> 
     </span>
    </p>
   </div>
   <div class='ocr_carea' id='block_1_90' title="bbox 281 4951 1856 5026">
    <p class='ocr_par' dir='ltr' id='par_1_90' title="bbox 281 4951 1856 5026">
     <span class='ocr_line' id='line_1_90' title="bbox 281 4951 1856 5026; baseline 0.003 -20"><span class='ocrx_word' id='word_1_680' title='bbox 281 4951 444 5007; x_wconf 87' lang='lat' dir='ltr'><strong>insula</strong></span> <span class='ocrx_word' id='word_1_681' title='bbox 483 4953 646 5024; x_wconf 82' lang='lat' dir='ltr'><strong>Cypri</strong></span> <span class='ocrx_word' id='word_1_682' title='bbox 675 4956 1006 5023; x_wconf 90' lang='lat' dir='ltr'><strong>episcopum.</strong></span> <span class='ocrx_word' id='word_1_683' title='bbox 1039 4955 1103 5009; x_wconf 88' lang='lat' dir='ltr'><strong>Et</strong></span> <span class='ocrx_word' id='word_1_684' title='bbox 1134 4954 1455 5025; x_wconf 88' lang='lat' dir='ltr'><strong>Carpasium</strong></span> <span class='ocrx_word' id='word_1_685' title='bbox 1493 4957 1731 5026; x_wconf 88' lang='lat' dir='ltr'><strong>quidem,</strong></span> <span class='ocrx_word' id='word_1_686' title='bbox 1759 4973 1856 5013; x_wconf 87' lang='lat' dir='ltr'><strong>cu-</strong></span> 
     </span>
    </p>
   </div>
   <div class='ocr_carea' id='block_1_91' title="bbox 280 5043 1851 5117">
    <p class='ocr_par' dir='ltr' id='par_1_91' title="bbox 280 5043 1851 5117">
     <span class='ocr_line' id='line_1_91' title="bbox 280 5043 1851 5117; baseline 0.005 -21"><span class='ocrx_word' id='word_1_687' title='bbox 280 5043 358 5109; x_wconf 87' lang='lat' dir='ltr'><strong>ius</strong></span> <span class='ocrx_word' id='word_1_688' title='bbox 384 5046 526 5114; x_wconf 84' lang='lat' dir='ltr'><strong>apud</strong></span> <span class='ocrx_word' id='word_1_689' title='bbox 553 5045 836 5117; x_wconf 85' lang='lat' dir='ltr'><strong>Polybium</strong></span> <span class='ocrx_word' id='word_1_690' title='bbox 861 5057 945 5102; x_wconf 87' lang='lat' dir='ltr'><strong>est</strong></span> <span class='ocrx_word' id='word_1_691' title='bbox 980 5049 1206 5113; x_wconf 89' lang='lat' dir='ltr'><strong>mentio,</strong></span> <span class='ocrx_word' id='word_1_692' title='bbox 1233 5058 1511 5102; x_wconf 88' lang='lat' dir='ltr'><strong>auctorem</strong></span> <span class='ocrx_word' id='word_1_693' title='bbox 1544 5063 1668 5104; x_wconf 88' lang='lat' dir='ltr'><strong>esse</strong></span> <span class='ocrx_word' id='word_1_694' title='bbox 1699 5063 1851 5104; x_wconf 90' lang='lat' dir='ltr'><strong>com-</strong></span> 
     </span>
    </p>
   </div>
   <div class='ocr_carea' id='block_1_92' title="bbox 283 5135 1857 5204">
    <p class='ocr_par' dir='ltr' id='par_1_92' title="bbox 283 5135 1857 5204">
     <span class='ocr_line' id='line_1_92' title="bbox 283 5135 1857 5204; baseline 0.006 -18"><span class='ocrx_word' id='word_1_695' title='bbox 283 5135 526 5190; x_wconf 88' lang='lat' dir='ltr'><strong>mentarii</strong></span> <span class='ocrx_word' id='word_1_696' title='bbox 553 5137 610 5190; x_wconf 88' lang='lat' dir='ltr'><strong>in</strong></span> <span class='ocrx_word' id='word_1_697' title='bbox 635 5135 913 5191; x_wconf 81' lang='lat' dir='ltr'><strong>Canticum</strong></span> <span class='ocrx_word' id='word_1_698' title='bbox 935 5140 1279 5204; x_wconf 81' lang='lat' dir='ltr'><strong>canticorum,</strong></span> <span class='ocrx_word' id='word_1_699' title='bbox 1302 5139 1491 5194; x_wconf 89' lang='lat' dir='ltr'><strong>statuit</strong></span> <span class='ocrx_word' id='word_1_700' title='bbox 1514 5153 1709 5196; x_wconf 84' lang='lat' dir='ltr'><strong>vanum</strong></span> <span class='ocrx_word' id='word_1_701' title='bbox 1734 5154 1857 5196; x_wconf 86' lang='lat' dir='ltr'><strong>esse</strong></span> 
     </span>
    </p>
   </div>
   <div class='ocr_carea' id='block_1_93' title="bbox 347 5311 1416 5451">
    <p class='ocr_par' dir='ltr' id='par_1_93' title="bbox 347 5311 1416 5451">
     <span class='ocr_line' id='line_1_93' title="bbox 347 5311 1416 5451; baseline 0.011 -88"><span class='ocrx_word' id='word_1_702' title='bbox 347 5311 423 5451; x_wconf 47' lang='lat' dir='ltr'><strong>(az</strong></span> <span class='ocrx_word' id='word_1_703' title='bbox 462 5314 686 5371; x_wconf 83' lang='lat' dir='ltr'><strong>Delocis</strong></span> <span class='ocrx_word' id='word_1_704' title='bbox 708 5318 958 5388; x_wconf 75' lang='lat' dir='ltr'><strong>tlteolog.,</strong></span> <span class='ocrx_word' id='word_1_705' title='bbox 991 5319 1082 5375; x_wconf 91' lang='lat' dir='ltr'><strong>lib.</strong></span> <span class='ocrx_word' id='word_1_706' title='bbox 1112 5335 1189 5386; x_wconf 62' lang='grc' dir='ltr'><strong>ιι,</strong></span> <span class='ocrx_word' id='word_1_707' title='bbox 1213 5336 1334 5392; x_wconf 87' lang='lat' dir='ltr'><strong>cap.</strong></span> <span class='ocrx_word' id='word_1_708' title='bbox 1363 5322 1416 5376; x_wconf 88' lang='lat'><strong>6.</strong></span> 
     </span>
     <span class='ocr_line' id='line_1_94' title="bbox 349 5380 1408 5448; baseline 0.015 -16"><span class='ocrx_word' id='word_1_709' title='bbox 349 5380 398 5447; x_wconf 72' lang='grc' dir='ltr'>(ὁ</span> <span class='ocrx_word' id='word_1_710' title='bbox 447 5387 667 5440; x_wconf 79' lang='lat' dir='ltr'><strong>Auctar.</strong></span> <span class='ocrx_word' id='word_1_711' title='bbox 695 5387 1021 5447; x_wconf 88' lang='lat' dir='ltr'><strong>Theodoret.</strong></span> <span class='ocrx_word' id='word_1_712' title='bbox 1058 5391 1347 5448; x_wconf 89' lang='lat' dir='ltr'><strong>Dissertat.</strong></span> <span class='ocrx_word' id='word_1_713' title='bbox 1372 5393 1408 5447; x_wconf 88' lang='lat'><strong>2</strong></span> 
     </span>
    </p>
   </div>
   <div class='ocr_carea' id='block_1_94' title="bbox 349 5380 1429 5448">
    <p class='ocr_par' dir='ltr' id='par_1_94' title="bbox 349 5380 1429 5448">
     <span class='ocr_line' id='line_1_95' title="bbox 349 5380 1429 5448; baseline 0.014 -17"><span class='ocrx_word' id='word_1_714' title='bbox 349 5380 421 5448; x_wconf 73' lang='grc' dir='ltr'><strong>(ὁ)</strong></span> <span class='ocrx_word' id='word_1_715' title='bbox 447 5387 667 5440; x_wconf 79' lang='lat' dir='ltr'><strong>Auctar.</strong></span> <span class='ocrx_word' id='word_1_716' title='bbox 695 5380 1021 5447; x_wconf 75' lang='lat' dir='ltr'><strong>Theodoret.</strong></span> <span class='ocrx_word' id='word_1_717' title='bbox 1058 5380 1347 5448; x_wconf 74' lang='lat' dir='ltr'><strong>Dissertat.</strong></span> <span class='ocrx_word' id='word_1_718' title='bbox 1372 5393 1429 5447; x_wconf 88' lang='lat'><strong>2.</strong></span> 
     </span>
    </p>
   </div>
   <div class='ocr_carea' id='block_1_95' title="bbox 347 5453 969 5526">
    <p class='ocr_par' dir='ltr' id='par_1_95' title="bbox 347 5453 969 5526">
     <span class='ocr_line' id='line_1_96' title="bbox 347 5453 969 5526; baseline 0.021 -24"><span class='ocrx_word' id='word_1_719' title='bbox 347 5453 558 5526; x_wconf 60' lang='lat' dir='ltr'><strong>(chjb.</strong></span> <span class='ocrx_word' id='word_1_720' title='bbox 607 5473 680 5520; x_wconf 78' lang='lat' dir='ltr'><strong>vr,</strong></span> <span class='ocrx_word' id='word_1_721' title='bbox 717 5459 875 5526; x_wconf 84' lang='lat' dir='ltr'><strong>epist.</strong></span> <span class='ocrx_word' id='word_1_722' title='bbox 917 5462 969 5514; x_wconf 78' lang='lat'><strong>3.</strong></span> 
     </span>
    </p>
   </div>
   <div class='ocr_carea' id='block_1_96' title="bbox 348 5521 1464 5602">
    <p class='ocr_par' dir='ltr' id='par_1_96' title="bbox 348 5521 1464 5602">
     <span class='ocr_line' id='line_1_97' title="bbox 348 5521 1464 5602; baseline 0.014 -28"><span class='ocrx_word' id='word_1_723' title='bbox 348 5521 431 5602; x_wconf 62' lang='lat' dir='ltr'><strong>(ti)</strong></span> <span class='ocrx_word' id='word_1_724' title='bbox 453 5523 710 5602; x_wconf 52' lang='lat' dir='ltr'><strong>Biblioth.</strong></span> <span class='ocrx_word' id='word_1_725' title='bbox 743 5521 1029 5602; x_wconf 71' lang='lat' dir='ltr'><strong>Cr._.__t_ot_n.</strong></span> <span class='ocrx_word' id='word_1_726' title='bbox 1067 5531 1151 5602; x_wconf 80' lang='lat' dir='ltr'><strong>Vl,</strong></span> <span class='ocrx_word' id='word_1_727' title='bbox 1189 5548 1308 5602; x_wconf 77' lang='lat' dir='ltr'><strong>pag.</strong></span> <span class='ocrx_word' id='word_1_728' title='bbox 1342 5535 1464 5589; x_wconf 68' lang='lat'><strong>122.</strong></span> 
     </span>
    </p>
   </div>
   <div class='ocr_carea' id='block_1_97' title="bbox 352 5595 1644 5678">
    <p class='ocr_par' dir='ltr' id='par_1_97' title="bbox 352 5595 1644 5678">
     <span class='ocr_line' id='line_1_98' title="bbox 352 5595 1644 5678; baseline 0.012 -33"><span class='ocrx_word' id='word_1_729' title='bbox 352 5595 418 5678; x_wconf 42' lang='lat' dir='ltr'><strong>te)</strong></span> <span class='ocrx_word' id='word_1_730' title='bbox 449 5595 638 5678; x_wconf 66' lang='lat' dir='ltr'><strong>lixstat</strong></span> <span class='ocrx_word' id='word_1_731' title='bbox 671 5595 1238 5678; x_wconf 52' lang='lat' dir='ltr'><strong>tom.“XX\l,_collec&#39;t.</strong></span> <span class='ocrx_word' id='word_1_732' title='bbox 1258 5595 1644 5678; x_wconf 69' lang='lat' dir='ltr'><strong>Calogerianat.</strong></span> 
     </span>
    </p>
   </div>
   <div class='ocr_carea' id='block_1_98' title="bbox 350 5660 1847 5748">
    <p class='ocr_par' dir='ltr' id='par_1_98' title="bbox 350 5660 1847 5748">
     <span class='ocr_line' id='line_1_99' title="bbox 350 5660 1847 5748; baseline 0.008 -23"><span class='ocrx_word' id='word_1_733' title='bbox 350 5660 412 5728; x_wconf 71' lang='lat' dir='ltr'><strong>if)</strong></span> <span class='ocrx_word' id='word_1_734' title='bbox 448 5665 507 5748; x_wconf 40' lang='lat' dir='ltr'><strong>in</strong></span> <span class='ocrx_word' id='word_1_735' title='bbox 540 5665 936 5748; x_wconf 65' lang='lat' dir='ltr'><strong>Nova_£oltect.</strong></span> <span class='ocrx_word' id='word_1_736' title='bbox 986 5660 1108 5725; x_wconf 30' lang='lat' dir='ltr'><strong>&#39;PP.</strong></span> <span class='ocrx_word' id='word_1_737' title='bbox 1158 5660 1423 5733; x_wconf 60' lang='grc' dir='ltr'><strong>(ἔπεσον.υ</strong></span> <span class='ocrx_word' id='word_1_738' title='bbox 1445 5660 1847 5748; x_wconf 73' lang='lat' dir='ltr'><strong>Monllauconii,</strong></span> 
     </span>
    </p>
   </div>
   <div class='ocr_carea' id='block_1_99' title="bbox 289 5733 818 5806">
    <p class='ocr_par' dir='ltr' id='par_1_99' title="bbox 289 5733 818 5806">
     <span class='ocr_line' id='line_1_100' title="bbox 289 5733 818 5806; baseline 0.021 -28"><span class='ocrx_word' id='word_1_739' title='bbox 289 5734 417 5806; x_wconf 57' lang='lat' dir='ltr'><strong>tom.</strong></span> <span class='ocrx_word' id='word_1_740' title='bbox 447 5733 509 5806; x_wconf 68' lang='lat' dir='ltr'><strong>ll,</strong></span> <span class='ocrx_word' id='word_1_741' title='bbox 537 5751 658 5806; x_wconf 82' lang='lat' dir='ltr'><strong>pag.</strong></span> <span class='ocrx_word' id='word_1_742' title='bbox 693 5739 818 5794; x_wconf 76' lang='lat'><strong>550.</strong></span> 
     </span>
    </p>
   </div>
   <div class='ocr_carea' id='block_1_100' title="bbox 355 5800 1154 5878">
    <p class='ocr_par' dir='ltr' id='par_1_100' title="bbox 355 5800 1154 5878">
     <span class='ocr_line' id='line_1_101' title="bbox 355 5800 1154 5878; baseline 0.011 -20"><span class='ocrx_word' id='word_1_743' title='bbox 355 5800 425 5874; x_wconf 79' lang='lat'><strong>(9)</strong></span> <span class='ocrx_word' id='word_1_744' title='bbox 454 5800 706 5861; x_wconf 68' lang='lat' dir='ltr'><strong>Biblioth.</strong></span> <span class='ocrx_word' id='word_1_745' title='bbox 731 5827 893 5878; x_wconf 87' lang='lat' dir='ltr'><strong>sacr.,</strong></span> <span class='ocrx_word' id='word_1_746' title='bbox 934 5821 1060 5867; x_wconf 92' lang='lat' dir='ltr'><strong>tom.</strong></span> <span class='ocrx_word' id='word_1_747' title='bbox 1090 5811 1154 5868; x_wconf 89' lang='grc' dir='ltr'><strong>ΙΙ.</strong></span> 
     </span>
    </p>
   </div>
   <div class='ocr_carea' id='block_1_101' title="bbox 1954 4590 3524 4668">
    <p class='ocr_par' dir='ltr' id='par_1_101' title="bbox 1954 4590 3524 4668">
     <span class='ocr_line' id='line_1_102' title="bbox 1954 4590 3524 4668; baseline 0.008 -29"><span class='ocrx_word' id='word_1_748' title='bbox 1954 4596 2069 4651; x_wconf 89' lang='lat' dir='ltr'><strong>net,</strong></span> <span class='ocrx_word' id='word_1_749' title='bbox 2094 4590 2236 4658; x_wconf 91' lang='lat' dir='ltr'><strong>quod</strong></span> <span class='ocrx_word' id='word_1_750' title='bbox 2261 4591 2554 4661; x_wconf 89' lang='lat' dir='ltr'><strong>scriptores</strong></span> <span class='ocrx_word' id='word_1_751' title='bbox 2579 4594 2652 4650; x_wconf 89' lang='lat' dir='ltr'><strong>illi</strong></span> <span class='ocrx_word' id='word_1_752' title='bbox 2678 4596 2838 4652; x_wconf 88' lang='lat' dir='ltr'><strong>aliam</strong></span> <span class='ocrx_word' id='word_1_753' title='bbox 2864 4597 2980 4668; x_wconf 86' lang='lat' dir='ltr'><strong>ejus</strong></span> <span class='ocrx_word' id='word_1_754' title='bbox 3033 4599 3294 4654; x_wconf 88' lang='lat' dir='ltr'><strong>orationis</strong></span> <span class='ocrx_word' id='word_1_755' title='bbox 3329 4598 3524 4653; x_wconf 83' lang='lat' dir='ltr'><strong>editio-</strong></span> 
     </span>
    </p>
   </div>
   <div class='ocr_carea' id='block_1_102' title="bbox 1953 4681 3529 4747">
    <p class='ocr_par' dir='ltr' id='par_1_102' title="bbox 1953 4681 3529 4747">
     <span class='ocr_line' id='line_1_103' title="bbox 1953 4681 3529 4747; baseline 0.01 -17"><span class='ocrx_word' id='word_1_756' title='bbox 1953 4692 2074 4732; x_wconf 91' lang='lat' dir='ltr'><strong>nem</strong></span> <span class='ocrx_word' id='word_1_757' title='bbox 2136 4681 2439 4739; x_wconf 89' lang='lat' dir='ltr'><strong>habuerint.</strong></span> <span class='ocrx_word' id='word_1_758' title='bbox 2501 4685 2610 4742; x_wconf 89' lang='lat' dir='ltr'><strong>Sed</strong></span> <span class='ocrx_word' id='word_1_759' title='bbox 2665 4688 2734 4743; x_wconf 88' lang='lat' dir='ltr'><strong>ad</strong></span> <span class='ocrx_word' id='word_1_760' title='bbox 2777 4690 3122 4747; x_wconf 91' lang='lat' dir='ltr'><strong>collationem</strong></span> <span class='ocrx_word' id='word_1_761' title='bbox 3171 4691 3412 4746; x_wconf 88' lang='lat' dir='ltr'><strong>locorum</strong></span> <span class='ocrx_word' id='word_1_762' title='bbox 3461 4705 3529 4746; x_wconf 85' lang='lat' dir='ltr'><strong>ex</strong></span> 
     </span>
    </p>
   </div>
   <div class='ocr_carea' id='block_1_103' title="bbox 1952 4769 3526 4852">
    <p class='ocr_par' dir='ltr' id='par_1_103' title="bbox 1952 4769 3526 4852">
     <span class='ocr_line' id='line_1_104' title="bbox 1952 4769 3526 4852; baseline 0.008 -29"><span class='ocrx_word' id='word_1_763' title='bbox 1952 4769 2248 4841; x_wconf 86' lang='lat' dir='ltr'><strong>Epiphanio</strong></span> <span class='ocrx_word' id='word_1_764' title='bbox 2275 4783 2330 4830; x_wconf 85' lang='lat' dir='ltr'><strong>et</strong></span> <span class='ocrx_word' id='word_1_765' title='bbox 2352 4776 2578 4835; x_wconf 89' lang='lat' dir='ltr'><strong>Philone</strong></span> <span class='ocrx_word' id='word_1_766' title='bbox 2613 4795 2778 4852; x_wconf 91' lang='lat' dir='ltr'><strong>quam</strong></span> <span class='ocrx_word' id='word_1_767' title='bbox 2825 4783 3060 4840; x_wconf 90' lang='lat' dir='ltr'><strong>instituit</strong></span> <span class='ocrx_word' id='word_1_768' title='bbox 3090 4785 3174 4838; x_wconf 89' lang='lat' dir='ltr'><strong>vir</strong></span> <span class='ocrx_word' id='word_1_769' title='bbox 3215 4781 3526 4839; x_wconf 86' lang='lat' dir='ltr'><strong>eruditissi-</strong></span> 
     </span>
    </p>
   </div>
   <div class='ocr_carea' id='block_1_104' title="bbox 1952 4867 2414 4928">
    <p class='ocr_par' dir='ltr' id='par_1_104' title="bbox 1952 4867 2414 4928">
     <span class='ocr_line' id='line_1_105' title="bbox 1952 4867 2414 4928; baseline 0.017 -10"><span class='ocrx_word' id='word_1_770' title='bbox 1952 4880 2090 4928; x_wconf 92' lang='lat' dir='ltr'><strong>mus,</strong></span> <span class='ocrx_word' id='word_1_771' title='bbox 2119 4867 2414 4926; x_wconf 89' lang='lat' dir='ltr'><strong>redeamus.</strong></span> 
     </span>
    </p>
   </div>
   <div class='ocr_carea' id='block_1_105' title="bbox 2024 4957 3528 5041">
    <p class='ocr_par' dir='ltr' id='par_1_105' title="bbox 2024 4957 3528 5041">
     <span class='ocr_line' id='line_1_106' title="bbox 2024 4957 3528 5041; baseline 0.009 -29"><span class='ocrx_word' id='word_1_772' title='bbox 2024 4957 2302 5018; x_wconf 87' lang='lat' dir='ltr'><strong>Secundus</strong></span> <span class='ocrx_word' id='word_1_773' title='bbox 2339 4963 2489 5021; x_wconf 89' lang='lat' dir='ltr'><strong>locus</strong></span> <span class='ocrx_word' id='word_1_774' title='bbox 2521 4977 2606 5024; x_wconf 90' lang='lat' dir='ltr'><strong>est</strong></span> <span class='ocrx_word' id='word_1_775' title='bbox 2634 4970 2724 5040; x_wconf 86' lang='lat' dir='ltr'><strong>qui</strong></span> <span class='ocrx_word' id='word_1_776' title='bbox 2759 4971 2812 5027; x_wconf 91' lang='lat' dir='ltr'><strong>in</strong></span> <span class='ocrx_word' id='word_1_777' title='bbox 2841 4969 3032 5026; x_wconf 87' lang='lat' dir='ltr'><strong>Latino</strong></span> <span class='ocrx_word' id='word_1_778' title='bbox 3067 4969 3307 5026; x_wconf 89' lang='lat' dir='ltr'><strong>occurrit</strong></span> <span class='ocrx_word' id='word_1_779' title='bbox 3345 4987 3397 5041; x_wconf 92' lang='lat' dir='ltr'><strong>p.</strong></span> <span class='ocrx_word' id='word_1_780' title='bbox 3429 4971 3528 5034; x_wconf 81' lang='lat'><strong>25,</strong></span> 
     </span>
    </p>
   </div>
   <div class='ocr_carea' id='block_1_106' title="bbox 1953 5047 3524 5133">
    <p class='ocr_par' dir='ltr' id='par_1_106' title="bbox 1953 5047 3524 5133">
     <span class='ocr_line' id='line_1_107' title="bbox 1953 5047 3524 5133; baseline 0.01 -32"><span class='ocrx_word' id='word_1_781' title='bbox 1953 5047 2048 5102; x_wconf 91' lang='lat' dir='ltr'><strong>lin.</strong></span> <span class='ocrx_word' id='word_1_782' title='bbox 2083 5049 2169 5116; x_wconf 77' lang='lat' dir='ltr'><strong>t2,</strong></span> <span class='ocrx_word' id='word_1_783' title='bbox 2200 5054 2284 5108; x_wconf 90' lang='lat' dir='ltr'><strong>cui</strong></span> <span class='ocrx_word' id='word_1_784' title='bbox 2316 5056 2381 5109; x_wconf 90' lang='lat' dir='ltr'><strong>ad</strong></span> <span class='ocrx_word' id='word_1_785' title='bbox 2407 5057 2547 5115; x_wconf 89' lang='lat' dir='ltr'><strong>latus</strong></span> <span class='ocrx_word' id='word_1_786' title='bbox 2585 5063 2803 5132; x_wconf 81' lang='lat' dir='ltr'><strong>apponit</strong></span> <span class='ocrx_word' id='word_1_787' title='bbox 2843 5063 3093 5119; x_wconf 90' lang='lat' dir='ltr'><strong>eumdem</strong></span> <span class='ocrx_word' id='word_1_788' title='bbox 3123 5062 3299 5119; x_wconf 91' lang='lat' dir='ltr'><strong>locum</strong></span> <span class='ocrx_word' id='word_1_789' title='bbox 3328 5064 3524 5133; x_wconf 87' lang='lat' dir='ltr'><strong>partim</strong></span> 
     </span>
    </p>
   </div>
   <div class='ocr_carea' id='block_1_107' title="bbox 1951 5145 3530 5224">
    <p class='ocr_par' dir='ltr' id='par_1_107' title="bbox 1951 5145 3530 5224">
     <span class='ocr_line' id='line_1_108' title="bbox 1951 5145 3530 5224; baseline 0.008 -28"><span class='ocrx_word' id='word_1_790' title='bbox 1951 5155 2020 5196; x_wconf 85' lang='lat' dir='ltr'><strong>ex</strong></span> <span class='ocrx_word' id='word_1_791' title='bbox 2063 5151 2254 5199; x_wconf 88' lang='lat' dir='ltr'><strong>catena</strong></span> <span class='ocrx_word' id='word_1_792' title='bbox 2279 5145 2496 5205; x_wconf 88' lang='lat' dir='ltr'><strong>Meursii</strong></span> <span class='ocrx_word' id='word_1_793' title='bbox 2533 5151 2650 5224; x_wconf 72' lang='grc' dir='ltr'><strong>(ηε),</strong></span> <span class='ocrx_word' id='word_1_794' title='bbox 2693 5155 2890 5224; x_wconf 87' lang='lat' dir='ltr'><strong>partim</strong></span> <span class='ocrx_word' id='word_1_795' title='bbox 2922 5171 2990 5212; x_wconf 89' lang='lat' dir='ltr'><strong>ex</strong></span> <span class='ocrx_word' id='word_1_796' title='bbox 3035 5167 3229 5214; x_wconf 88' lang='lat' dir='ltr'><strong>catena</strong></span> <span class='ocrx_word' id='word_1_797' title='bbox 3268 5155 3530 5212; x_wconf 82' lang='lat' dir='ltr'><strong>Vaticana</strong></span> 
     </span>
    </p>
   </div>
   <div class='ocr_carea' id='block_1_108' title="bbox 2035 5329 3418 5412">
    <p class='ocr_par' dir='ltr' id='par_1_108' title="bbox 2035 5329 3418 5412">
     <span class='ocr_line' id='line_1_109' title="bbox 2035 5329 3418 5412; baseline 0.01 -29"><span class='ocrx_word' id='word_1_798' title='bbox 2035 5329 2288 5412; x_wconf 83' lang='lat' dir='ltr'><strong>_Tom.</strong></span> <span class='ocrx_word' id='word_1_799' title='bbox 2362 5333 2440 5389; x_wconf 86' lang='lat' dir='ltr'><strong>De</strong></span> <span class='ocrx_word' id='word_1_800' title='bbox 2467 5339 2760 5412; x_wconf 64' lang='lat' dir='ltr'><strong>scriptorib.</strong></span> <span class='ocrx_word' id='word_1_801' title='bbox 2791 5336 3106 5408; x_wconf 81' lang='lat' dir='ltr'><strong>ecclesiast.,</strong></span> <span class='ocrx_word' id='word_1_802' title='bbox 3146 5357 3265 5412; x_wconf 87' lang='lat' dir='ltr'><strong>pag.</strong></span> <span class='ocrx_word' id='word_1_803' title='bbox 3295 5341 3418 5397; x_wconf 90' lang='grc'><strong>891.</strong></span> 
     </span>
    </p>
   </div>
   <div class='ocr_carea' id='block_1_109' title="bbox 2033 5401 2639 5480">
    <p class='ocr_par' dir='ltr' id='par_1_109' title="bbox 2033 5401 2639 5480">
     <span class='ocr_line' id='line_1_110' title="bbox 2033 5401 2639 5480; baseline 0.02 -28"><span class='ocrx_word' id='word_1_804' title='bbox 2118 5401 2366 5480; x_wconf 33' lang='grc' dir='ltr'><strong>ιέοοκείι.</strong></span> <span class='ocrx_word' id='word_1_805' title='bbox 2402 5415 2508 5480; x_wconf 58' lang='lat' dir='ltr'><strong>not.</strong></span> <span class='ocrx_word' id='word_1_806' title='bbox 2544 5401 2639 5480; x_wconf 73' lang='lat' dir='ltr'><strong>l0.</strong></span> 
     </span>
    </p>
   </div>
   <div class='ocr_carea' id='block_1_110' title="bbox 2031 5471 3348 5551">
    <p class='ocr_par' dir='ltr' id='par_1_110' title="bbox 2031 5471 3348 5551">
     <span class='ocr_line' id='line_1_111' title="bbox 2031 5471 3348 5551; baseline 0.006 -22"><span class='ocrx_word' id='word_1_807' title='bbox 2031 5471 2098 5551; x_wconf 63' lang='grc' dir='ltr'>ῳ</span> <span class='ocrx_word' id='word_1_808' title='bbox 2125 5471 2338 5551; x_wconf 57' lang='lat' dir='ltr'><strong>Prasias.</strong></span> <span class='ocrx_word' id='word_1_809' title='bbox 2365 5476 2431 5529; x_wconf 85' lang='lat' dir='ltr'><strong>ad</strong></span> <span class='ocrx_word' id='word_1_810' title='bbox 2459 5477 2645 5551; x_wconf 71' lang='lat' dir='ltr'><strong>Epiph.</strong></span> <span class='ocrx_word' id='word_1_811' title='bbox 2677 5478 3070 5551; x_wconf 86' lang='lat' dir='ltr'><strong>Commentar.,</strong></span> <span class='ocrx_word' id='word_1_812' title='bbox 3103 5495 3226 5551; x_wconf 86' lang='lat' dir='ltr'><strong>pag.</strong></span> <span class='ocrx_word' id='word_1_813' title='bbox 3256 5480 3348 5538; x_wconf 70' lang='lat'><strong>25.</strong></span> 
     </span>
    </p>
   </div>
   <div class='ocr_carea' id='block_1_111' title="bbox 2031 5541 3525 5624">
    <p class='ocr_par' dir='ltr' id='par_1_111' title="bbox 2031 5541 3525 5624">
     <span class='ocr_line' id='line_1_112' title="bbox 2031 5541 3525 5624; baseline 0.011 -31"><span class='ocrx_word' id='word_1_814' title='bbox 2031 5541 2105 5613; x_wconf 78' lang='lat' dir='ltr'><strong>(It)</strong></span> <span class='ocrx_word' id='word_1_815' title='bbox 2135 5542 2267 5598; x_wconf 79' lang='lat' dir='ltr'><strong>Vide</strong></span> <span class='ocrx_word' id='word_1_816' title='bbox 2293 5545 2390 5598; x_wconf 90' lang='lat' dir='ltr'><strong>has</strong></span> <span class='ocrx_word' id='word_1_817' title='bbox 2419 5541 2742 5624; x_wconf 62' lang='lat' dir='ltr'><strong>collaiiones</strong></span> <span class='ocrx_word' id='word_1_818' title='bbox 2768 5549 2820 5602; x_wconf 89' lang='lat' dir='ltr'><strong>in</strong></span> <span class='ocrx_word' id='word_1_819' title='bbox 2854 5541 3066 5618; x_wconf 73' lang='lat' dir='ltr'><strong>prtefat.</strong></span> <span class='ocrx_word' id='word_1_820' title='bbox 3094 5541 3160 5610; x_wconf 79' lang='lat' dir='ltr'><strong>ad</strong></span> <span class='ocrx_word' id='word_1_821' title='bbox 3175 5541 3525 5624; x_wconf 47' lang='lat' dir='ltr'><strong>&quot;Epiphania-</strong></span> 
     </span>
    </p>
   </div>
   <div class='ocr_carea' id='block_1_112' title="bbox 1957 5617 2997 5690">
    <p class='ocr_par' dir='ltr' id='par_1_112' title="bbox 1957 5617 2997 5690">
     <span class='ocr_line' id='line_1_113' title="bbox 1957 5617 2997 5690; baseline 0.011 -25"><span class='ocrx_word' id='word_1_822' title='bbox 1957 5625 2089 5690; x_wconf 67' lang='lat' dir='ltr'><strong>num</strong></span> <span class='ocrx_word' id='word_1_823' title='bbox 2112 5625 2488 5690; x_wconf 57' lang='lat' dir='ltr'><strong>commentam,</strong></span> <span class='ocrx_word' id='word_1_824' title='bbox 2519 5634 2640 5690; x_wconf 88' lang='lat' dir='ltr'><strong>pag.</strong></span> <span class='ocrx_word' id='word_1_825' title='bbox 2673 5617 2742 5673; x_wconf 85' lang='grc'><strong>17</strong></span> <span class='ocrx_word' id='word_1_826' title='bbox 2771 5629 2826 5674; x_wconf 89' lang='lat' dir='ltr'><strong>et</strong></span> <span class='ocrx_word' id='word_1_827' title='bbox 2844 5617 2997 5690; x_wconf 71' lang='lat' dir='ltr'><strong>Seqq.</strong></span> 
     </span>
    </p>
   </div>
   <div class='ocr_carea' id='block_1_113' title="bbox 2027 5681 2583 5824">
    <p class='ocr_par' dir='ltr' id='par_1_113' title="bbox 2027 5681 2583 5824">
     <span class='ocr_line' id='line_1_114' title="bbox 2027 5681 2583 5824; baseline 0.016 -18"><span class='ocrx_word' id='word_1_828' title='bbox 2027 5681 2264 5824; x_wconf 59' lang='lat' dir='ltr'><strong>aia;</strong></span> 
     </span>
    </p>
   </div>
   <div class='ocr_carea' id='block_1_114' title="bbox 2051 5750 2988 5828">
    <p class='ocr_par' dir='ltr' id='par_1_114' title="bbox 2051 5750 2988 5828">
     <span class='ocr_line' id='line_1_115' title="bbox 2051 5750 2988 5828; baseline 0.012 -22"><span class='ocrx_word' id='word_1_829' title='bbox 2051 5750 2122 5826; x_wconf 79' lang='lat' dir='ltr'><strong>nt)</strong></span> <span class='ocrx_word' id='word_1_830' title='bbox 2153 5753 2282 5828; x_wconf 84' lang='lat' dir='ltr'><strong>Pag.</strong></span> <span class='ocrx_word' id='word_1_831' title='bbox 2315 5750 2382 5814; x_wconf 78' lang='grc'><strong>18</strong></span> <span class='ocrx_word' id='word_1_832' title='bbox 2414 5759 2544 5817; x_wconf 90' lang='lat' dir='ltr'><strong>edit.</strong></span> <span class='ocrx_word' id='word_1_833' title='bbox 2573 5759 2787 5817; x_wconf 77' lang='lat' dir='ltr'><strong>Batava:</strong></span> <span class='ocrx_word' id='word_1_834' title='bbox 2817 5760 2988 5817; x_wconf 81' lang='lat' dir='ltr'><strong>in-8°.</strong></span> 
     </span>
    </p>
   </div>
  </div>
