3810 6316
267 359 336 415 39
1350 356 1555 416 PHILO
1592 353 1980 414 CARPASIUS
2018 353 2415 413 EPISCOPUS.
3419 347 3495 403 20

263 476 381 526 cod.
416 469 572 534 Mil,
610 486 731 541 pag.
759 470 884 536 2H),
910 471 962 524 in
997 485 1102 540 quo
1141 455 1384 540 quaedam
1421 479 1692 538 suntquae
1719 483 1823 522 non

1940 466 2025 519 lin.
2056 465 2142 528 10,
2170 480 2198 518 a
2228 466 2319 519 lin.
2349 464 2416 517 ad
2442 461 2530 516 illa
2557 460 2742 526 verba,
2767 458 3064 532 Εῑσήνεγκέ
3099 475 3165 530 με
3189 461 3217 512 ὁ
3244 457 3495 528 βασιλεὺς

263 565 427 618 habet
456 563 683 618 Latinus
712 563 1132 618 commentarius
1179 561 1463 632 Epiphanii
1494 580 1506 614 :
1537 560 1680 614 unde
1715 560 1826 614 col-

264 659 353 728 ligi
385 673 542 726 posse
577 657 823 710 videatur
870 655 1145 710 Philonem
1205 653 1566 722 desumpsisse
1612 659 1824 705 senten-

267 752 394 803 tiam
424 750 492 802 ab
526 748 847 817 Epiphanio,
877 757 929 799 et
954 744 1228 799 nonnullis
1264 744 1559 798 inmutatis
1593 742 1644 795 in
1669 755 1824 795 suum

263 841 524 909 scriptum
561 838 919 893 transtulisse.
953 837 1057 891 Sed
1083 837 1125 891 si
1160 837 1375 891 collatio
1401 836 1492 887 liat
1518 849 1637 888 cum
1672 831 1823 887 Grae-

264 948 328 986 co
370 931 780 997 commentario,
815 931 1015 984 nullam
1059 930 1129 984 ibi
1173 929 1543 998 deprehendas
1595 925 1824 978 varieta-

268 1034 414 1090 tem;
450 1033 505 1077 et
563 1039 680 1092 qum
732 1023 892 1076 verba
930 1020 1228 1075 alfernntur
1273 1034 1339 1074 ex
1382 1017 1595 1078 Latino,
1636 1015 1822 1069 eadem

261 1127 382 1181 qua:
429 1121 556 1166 sunt
595 1113 646 1164 in
677 1109 887 1175 Grmco,
930 1119 1182 1164 accurate
1232 1108 1546 1176 rependunt.
1585 1104 1824 1173 Quapro-

261 1212 381 1271 pter
414 1204 744 1272 comparatio
791 1219 894 1257 non
949 1201 1190 1256 iacienda
1227 1199 1402 1254 fuerat
1444 1214 1563 1252 cum
1604 1207 1820 1252 catena.

262 1289 457 1346 Notum
493 1301 578 1347 est
605 1291 747 1345 enim
779 1300 1088 1346 catenarum
1124 1289 1344 1360 opifices
1386 1297 1665 1343 auctorum
1702 1300 1823 1339 ver-

260 1385 325 1437 ba
357 1399 459 1438 non
501 1385 810 1438 exscribere
834 1394 1114 1450 accurate,
1156 1383 1250 1437 sed
1274 1381 1636 1448 expositiones
1662 1392 1824 1448 quas-

259 1477 382 1529 dam
417 1475 643 1529 subinde
688 1475 828 1537 aliis,
860 1490 1018 1544 quam
1065 1475 1261 1544 quibus
1296 1471 1461 1525 tribui
1507 1471 1820 1532 debuerant,

260 1567 569 1622 auctoribus
596 1565 678 1620 vel
699 1565 1050 1635 interpolatas
1074 1566 1157 1619 vel
1187 1564 1495 1618 decurtatas
1515 1559 1820 1624 ascribere;

260 1658 402 1726 quod
429 1658 537 1725 jam
566 1659 772 1724 pridem
815 1659 1019 1712 monuit
1061 1657 1339 1711 Fabricius
1371 1657 1467 1725 (a).
1501 1655 1566 1709 Et
1596 1654 1823 1708 Allatius

258 1750 485 1807 diatriba
515 1751 587 1820 (ὁ)
610 1751 673 1803 de
708 1747 907 1802 Nicetis
946 1757 1190 1804 catenam
1222 1761 1651 1803 commemorans
1673 1744 1824 1812 cujus

256 1851 342 1899 est
390 1811 680 1912 epigra'plie
711 1841 1048 1912 εΣυναγωγὴ
1103 1839 1413 1909 ἐξηγήσεων
1458 1839 1539 1901 είς
1578 1837 1639 1890 τὸ
1684 1836 1822 1890 κατὰ
1855 1811 1896 1865 Β

255 1937 471 1990 Λουκᾶν
506 1935 660 2002 ἅγιον
688 1933 1018 2002 Εὐαγγέλιον
1058 1934 1120 1985 ὲκ
1153 1931 1421 2003 διαφόρων
1453 1928 1819 2002 ὲρμηνευτῶν,

258 2027 409 2100 παρὰ
439 2029 650 2098 Νικήτα
683 2026 929 2080 διακόνου
962 2025 1061 2095 τῆς
1107 2024 1199 2077 τοῦ
1239 2023 1372 2076 Θεοῦ
1406 2023 1647 2094 μεγάλης
1703 2021 1825 2074 Ἐκ-

257 2124 504 2195 κλησίας,
535 2123 591 2175 ἐν
637 2121 858 2193 βιϐλίοις
883 2121 946 2174 δ’.
983 2120 1045 2173 Ρ.
1083 2118 1170 2185 Ἐξ
1208 2118 1380 2189 ἀρχῆς
1415 2117 1512 2188 μὲν
1543 2119 1572 2170 ὁ
1595 2116 1725 2179 Θεὸς
1757 2115 1822 2168 δι’

260 2217 455 2271 ἑαυτοῦ
504 2219 617 2279 τοῖς
667 2213 973 2286 ἀνθρώποις
1018 2212 1308 2284 διελέγετο,
1345 2212 1395 2264 in
1449 2209 1567 2278 ejus
1617 2218 1825 2263 catena:

260 2311 472 2364 laudem
506 2308 686 2364 subdit
723 2325 736 2362 :
767 2305 832 2359 In
866 2322 970 2374 qua
1003 2304 1198 2374 sylloge
1233 2302 1366 2355 illud
1413 2299 1680 2368 singulare
1717 2315 1827 2352 cer-

263 2405 435 2466 nitur,
472 2399 612 2470 quod
643 2416 758 2453 cum
791 2399 847 2451 in
888 2397 1008 2451 aliis
1044 2396 1240 2449 catenis
1289 2393 1556 2448 sententia:
1609 2390 1825 2442 Patrum

261 2494 426 2549 verbis
459 2494 743 2547 decurtata:
766 2499 815 2544 et
850 2487 1152 2557 compendio
1175 2485 1487 2553 a/feranlur,
1515 2481 1597 2535 hic
1623 2481 1825 2550 ipsissi-

261 2583 361 2636 mis
384 2581 573 2644 verbis,
599 2580 678 2633 uti
695 2578 897 2648 jacent,
925 2585 1116 2641 textus,
1143 2573 1305 2626 nullis
1339 2572 1446 2626 suis
1469 2572 1707 2641 partibus
1728 2571 1828 2623 im—

260 2675 448 2728 minuti
486 2673 827 2742 digeruntur;
854 2678 908 2722 ut
949 2684 1051 2722 non
1093 2667 1265 2736 frusta
1306 2663 1825 2732 interpretationum,

259 2765 353 2822 sed
379 2767 596 2836 integra:
631 2767 757 2834 ipsa:
782 2760 1250 2831 interpretationes,
1275 2767 1322 2812 et
1357 2766 1556 2810 tantum
1582 2771 1684 2810 non
1705 2771 1828 2810 ora-

263 2859 428 2914 tiones
460 2857 842 2912 describantur.

331 2950 549 3006 Tertius
591 2949 740 3004 locus
785 2955 867 3002 est
921 2945 975 3000 in
1009 2943 1203 2999 Latino
1241 2940 1524 3010 Epiphanii
1555 2955 1607 3009 p.
1647 2937 1739 3002 32,
1776 2938 1828 2991 in

264 3043 398 3099 illud
427 3061 440 3097 :
467 3040 797 3096 Introducite
823 3055 903 3092 me
939 3037 996 3091 in
1039 3038 1252 3089 domum
1303 3035 1498 3094 vincte;
1532 3032 1628 3085 hoc
1659 3039 1734 3084 est
1763 3029 1830 3082 ad

1929 558 2007 620 είς
2040 555 2100 608 τὸ
2126 557 2347 628 ταμεῖον
2396 550 2581 617 αὑτοῦ,
2615 567 2734 621 qua!
2773 561 2898 604 sunt
2924 551 2975 604 in
3003 551 3037 604 4
3063 566 3216 603 versu
3253 550 3444 619 capitis
3474 563 3493 601 ι

1927 647 2295 709 Canticorum,
2337 646 2478 700 hanc
2509 646 2756 712 apposuit
2787 645 2838 696 in
2865 644 3106 712 margine
3143 641 3486 702 citationem,

1930 738 2085 794 Cant.
2120 753 2178 802 ιι,
2205 737 2258 798 4,
2288 751 2444 804 quem
2478 735 2750 790 citationis
2775 749 3016 788 errorem
3040 749 3160 786 cum
3185 748 3289 785 non
3318 741 3488 784 atten-

1928 831 2111 893 disset,
2157 827 2362 895 putavit
2404 840 2465 879 ea
2510 827 2671 878 verba
2709 825 2757 877 in
2790 822 3014 891 Vulgata
3063 823 3268 876 reddita
3315 833 3486 874 esse:

1927 919 2236 972 Introduxit
2270 933 2348 970 me
2392 917 2448 969 in
2478 915 2658 969 cellam
2690 915 2966 977 vinariam,
2999 928 3117 981 qua:
3149 925 3333 966 revera
3363 917 3490 963 sunt

1925 1009 2294 1077 interpretatio
2324 1006 2567 1061 versiculi
2597 1006 2632 1058 4
2664 1007 2716 1058 in
2751 1004 2991 1073 Vulgata,
3019 1018 3137 1079 cap.
3169 1018 3229 1056 ll.

1996 1102 2233 1169 Quartus
2278 1101 2428 1154 locus
2476 1109 2557 1153 est
2605 1100 2658 1152 in
2707 1097 3074 1166 Epiphaniano
3097 1093 3488 1149 commentario

1925 1210 2046 1264 pag.
2074 1193 2142 1247 80
2169 1210 2183 1248 :
2213 1189 2321 1246 Iste
2347 1201 2420 1244 est
2449 1192 2626 1260 itaque
2662 1188 2790 1251 Rex,
2816 1190 2879 1242 de
2904 1203 3004 1258 quo
3029 1197 3078 1241 et
3120 1187 3286 1240 David
3310 1185 3442 1238 dixit
3466 1197 3488 1238 .‘

1931 1304 1948 1336 ι
1977 1285 2231 1339 Dominus
2258 1284 2512 1352 regnavit,
2540 1283 2777 1334 decorem
2806 1281 3036 1333 induit".
3076 1299 3095 1330 ι
3143 1277 3358 1332 Vinctus
3411 1284 3488 1331 est

1924 1388 2094 1432 autem
2122 1379 2228 1445 ipse
2257 1393 2356 1429 non
2383 1391 2584 1441 sponste
2609 1390 2720 1428 suae
2751 1373 3081 1438 necessitate,
3105 1371 3194 1425 sed
3223 1370 3490 1425 voluntate

1923 1470 2230 1532 clementiae,
2263 1470 2394 1522 sicut
2421 1468 2625 1520 dicebat
2665 1464 2934 1534 apostolus
2960 1481 2979 1518 :
3007 1481 3025 1514 ι
3059 1463 3190 1516 Ecce
3221 1463 3484 1516 vobiscum

1923 1580 2038 1616 sum
2075 1562 2312 1614 omnibus
2342 1559 2522 1614 diebus
2557 1572 2715 1623 usque
2749 1559 2816 1610 ad
2858 1556 3353 1610 consummationem
3393 1567 3491 1606 sa:-

1925 1655 2094 1708 culi‘.
2128 1672 2147 1705 ι
2179 1652 2245 1706 In
2277 1650 2662 1705 transcursibus
2699 1659 2874 1702 autem
2912 1647 3110 1700 dictum
3140 1656 3236 1707 est,
3271 1647 3392 1712 quia
3423 1643 3492 1696 de

1925 1749 2053 1801 caelo
2112 1755 2493 1804 transcurrens,
2540 1753 2586 1796 et
2632 1750 2866 1795 mortuos
2923 1742 3260 1798 resuscitans,
3305 1748 3492 1786 rursus

1923 1850 2282 1892 transcurrens
2312 1837 2367 1888 in
2397 1834 2552 1888 caelos
2586 1834 2714 1886 abiit
2758 1841 2804 1884 et
2851 1830 3089 1884 ascendit
3121 1842 3276 1896 super
3305 1825 3490 1878 cheru-

1924 1933 2048 1995 bim,
2088 1939 2136 1984 et
2169 1928 2417 1984 volavit’.
2443 1925 2576 1979 lluic
2604 1925 2724 1979 loco
2749 1924 2814 1977 ad
2839 1923 2982 1976 latus
3012 1921 3195 1990 adjicit
3236 1918 3320 1971 vir
3360 1931 3487 1969 cru-

1923 2021 2246 2077 ditissimum
2293 2019 2492 2081 locum,
2527 2032 2684 2086 quem
2720 2015 2901 2069 laudat
2933 2012 3160 2068 Cosmas
3205 2007 3489 2077 Egyptius

1924 2129 1992 2169 ex
2022 2113 2245 2166 Philone
2281 2109 2686 2181 εΠαρατρέχων
2730 2105 2836 2177 γὰρ
2875 2103 2935 2166 ἐξ
2971 2099 3204 2171 οὐρανοῦ
3251 2097 3342 2151 ἐπὶ
3383 2095 3492 2165 γῆς

1925 2207 2007 2269 είς
2023 2202 2092 2257 τὰ
2131 2202 2253 2256 καθ’
2280 2200 2431 2272 ᾅδην,
2458 2200 2552 2252 καὶ
2585 2195 2896 2266 κατώτερον
2935 2193 3061 2264 ᾇδου
3116 2189 3272 2260 βυθὸν
3299 2187 3492 2242 κατελα

1926 2297 2054 2360 θὼν,
2087 2293 2293 2348 ἐκεῖθεν
2325 2291 2625 2346 ἀνασπάσει
2651 2289 2742 2342 τὸν
2771 2285 3058 2340 τεθνεῶτα.
3107 2283 3265 2337 Certe
3303 2279 3494 2334 Graeca

1926 2410 2032 2449 non
2074 2399 2464 2462 repraesentant
2516 2388 2720 2450 omnia,
2754 2401 2875 2456 quae
2920 2383 3112 2436 Latine
3148 2377 3492 2447 reperiuntur

1928 2487 1979 2540 in
2025 2483 2414 2540 commentario
2449 2473 2754 2548 Epiphanii.
2799 2477 2905 2530 Sed
2942 2475 3167 2530 Cosmas
3207 2467 3492 2540 Egyptius

1927 2581 2266 2633 decurtatum
2315 2573 2496 2629 attulit
2542 2572 2715 2625 locum
2765 2585 2830 2624 ex
2876 2566 3118 2628 Philone,
3165 2577 3324 2632 quem
3365 2575 3493 2614 ecce

1927 2672 2020 2725 tibi
2067 2670 2332 2739 integrum
2377 2681 2524 2720 num.
2570 2661 2674 2716 205
2701 2680 2714 2715 :
2744 2653 2915 2720 Οὗτος
2941 2658 3046 2728 γὰρ
3095 2658 3123 2710 ὁ
3173 2652 3490 2724 ἐπουράνιος

1931 2762 2200 2834 βασιλεὺς,
2221 2759 2346 2830 περὶ
2363 2752 2421 2812 οὗ
2447 2757 2540 2811 καὶ
2561 2754 2724 2820 Δαϐὶδ
2750 2753 2926 2822 λέγει)
2955 2768 2973 2802 ι
2995 2753 3054 2802 Ὂ
3083 2747 3285 2819 Κύριος
3307 2743 3500 2799 ὲὸασί-.

1928 2856 2147 2910 λευσεν·
2177 2849 2520 2922 ἀγαλλιὰσθω
2563 2851 2598 2920 ἡ
2644 2847 2714 2919 γῆ
2741 2863 2754 2876 ⁸
2782 2839 2934 2908 οὗτος
2977 2841 3181 2896 δέδεται
3219 2840 3276 2891 ἐν
3319 2853 3496 2907 παρα-

1929 2946 2174 3018 δρομαῖς.
2213 2963 2231 2995 s
2267 2941 2634 3013 Παρατρέχων
2656 2937 2765 3009 γὰρ
2795 2936 2851 3003 ἐξ
2879 2931 3107 3005 οὐρανοῦ
3134 2930 3225 2984 ἐπὶ
3254 2930 3377 3000 γῆς,
3401 2928 3495 2981 καὶ

1929 3039 2034 3101 ἓως
2065 3035 2157 3089 τοῦ
2196 3034 2321 3106 ᾅδου
2349 3031 2642 3097 κατελθὼν,
2685 3030 2773 3084 ἵνα
2807 3027 3011 3080 ἐκεῖθεν
3056 3021 3361 3076 ἀνασπάσει
3404 3019 3496 3071 τὸν

267 3153 451 3206 corpus
473 3135 724 3207 Domini;-
755 3149 816 3187 ae
845 3132 892 3186 si
919 3132 1110 3186 diceret
1134 3145 1153 3194 .7
1184 3129 1435 3193 Coeptate
1470 3141 1548 3178 me
1570 3125 1618 3178 ei
1636 3138 1726 3187 per
1754 3121 1832 3173 la-

1940 3128 2219 3192 τεθνεῶτα,
2249 3126 2409 3189 αὐτὸς
2429 3124 2631 3178 δέδεται
2669 3123 2728 3174 ὲν
2767 3117 3162 3190 παραδρομαῖς,
3193 3113 3293 3166 οὐκ
3327 3109 3498 3176 ἀνάγ-

269 3245 477 3289 cacrum
505 3225 928 3296 regenerationis.
977 3223 1074 3278 His
1105 3223 1270 3291 probe
1293 3217 1615 3290 respondent
1644 3213 1830 3269 Graeca

269 3321 407 3390 apud
436 3319 737 3383 Philonem,
760 3331 907 3371 num.
935 3315 1006 3373 40
1039 3333 1053 3368 :
1090 3314 1186 3376 Εἰς
1216 3311 1277 3364 τὸ
1299 3309 1395 3363 τοῦ
1439 3307 1643 3380 Κυρίου
1675 3304 1835 3374 σῶμα

269 3408 643 3480 συγκεράσατέ
679 3424 768 3479 με,
801 3406 954 3477 φησι,
997 3403 1146 3475 αὐτῷ
1199 3402 1287 3456 διὰ
1314 3400 1407 3454 τοῦ
1464 3395 1688 3470 λουτρῷ
1736 3395 1836 3465 τῆς

269 3501 709 3572 παλιγγενεσίας.
744 3498 842 3553 Hic
877 3498 1026 3553 locus
1046 3511 1169 3551 cum
1204 3495 1320 3548 loco
1347 3491 1660 3546 Philoniano
1675 3501 1835 3556 quem

270 3598 425 3652 at‘l‘ert
446 3595 671 3652 Cosmas
696 3591 1006 3664 Egyptius,
1042 3605 1070 3643 a
1099 3586 1361 3657 Fogginio
1388 3581 1687 3639 confertur.
1728 3578 1836 3633 Lo-

270 3707 366 3747 cus
391 3689 747 3745 Philonianus
791 3693 875 3741 est
909 3685 962 3739 in
998 3681 1132 3738 illud
1161 3699 1178 3734 ιν
1209 3676 1515 3734 Introduxit
1547 3689 1628 3728 me
1668 3687 1761 3725 rex
1785 3672 1840 3724 in

273 3781 573 3837 cubiculum
617 3776 901 3842 suum;ad
933 3789 1094 3845 quem
1139 3771 1280 3826 sacri
1329 3779 1511 3823 textus
1544 3765 1719 3820 locum
1747 3776 1841 3816 ex-

273 3874 496 3947 plicatio
522 3871 809 3942 Epiphanii
843 3886 896 3940 p.
925 3870 1013 3932 18,
1044 3867 1122 3921 sic
1165 3864 1330 3919 habet
1358 3878 1371 3913 :
1415 3856 1726 3947 Cubiculum
1759 3869 1844 3907 re.

273 3946 352 4036 gis
381 3975 455 4021 est
496 3965 585 4019 ubi
630 3979 807 4017 omnes
851 3972 969 4016 sunt
1023 3957 1255 4011 thesauri
1297 3951 1596 4006 reconditi:
1623 3946 1842 4002 caelestis

271 4059 412 4113 enim
456 4057 592 4126 regis
624 4057 734 4110 sine
770 4053 1098 4107 dubitatione
1129 4046 1424 4102 cubiculum
1477 4051 1588 4106 est;
1617 4038 1844 4107 primunt

273 4151 505 4221 quidem,
528 4163 716 4215 corpus
737 4147 876 4216 quod
912 4141 1189 4211 aediﬁcavit
1221 4135 1356 4196 sibi;
1384 4135 1570 4189 deinde
1598 4129 1842 4184 caelorum

276 4257 512 4310 regnum,
542 4239 752 4311 quando
798 4237 926 4290 dicit
961 4233 1204 4289 Salvator
1223 4231 1279 4284 ‘:
1309 4247 1328 4280 ι
1350 4226 1501 4282 Beati
1545 4223 1636 4294 qui
1667 4235 1844 4290 perse-

1933 3238 2035 3292 κης
2080 3220 2317 3289 δεσμοῖς,
2352 3216 2466 3270 ἁλλ’
2507 3213 2752 3268 ἑκουσίου
2801 3207 3206 3281 φιλανθρωπίας
3259 3201 3498 3276 χρηστό-

1933 3330 2076 3383 τητι,
2106 3311 2274 3363 εἰπὼν
2297 3309 2410 3371 τοῖς
2431 3304 2744 3367 ἀποστόλοις
2763 3318 2776 3332 ο
2807 3321 2825 3352 t
2862 3302 2971 3356 Καὶ
3025 3300 3132 3352 ἰδοὺ
3187 3296 3304 3368 μεθ’
3348 3294 3502 3364 ὑμῶν

1935 3407 2050 3475 εἰμι
2096 3402 2273 3465 πάσας
2327 3400 2426 3463 τὰς
2471 3396 2835 3473 ὴμέρας,ἓως
2892 3394 2991 3462 τῆς
3041 3387 3348 3450 συντελείας
3405 3383 3498 3438 τοῦ

1937 3494 2152 3557 αἰῶνος.
2203 3501 2223 3544 t
2256 3490 2447 3546 Viden‘
2482 3499 2542 3543 ut
2583 3487 2769 3542 Graeca
2824 3484 3030 3540 Latinis
3053 3483 3208 3551 plene
3266 3491 3514 3546 respon—

1939 3585 2143 3643 deant?
2173 3588 2299 3640 etsi
2330 3584 2457 3652 quid
2493 3582 2722 3645 variant,
2759 3580 2912 3647 culpa
2945 3585 3026 3631 est
3052 3571 3382 3643 interpretis,
3409 3567 3505 3639 qui

1939 3679 2185 3751 quaedam
2223 3677 2289 3732 de
2317 3689 2413 3731 suo
2445 3673 2648 3729 addidit
2677 3687 2797 3741 qua:
2836 3669 3032 3726 [indum
3059 3680 3300 3722 errorem
3335 3662 3511 3717 conti-

1940 3783 2092 3837 nent,
2125 3769 2209 3825 illa
2239 3769 2450 3824 scilicet
2484 3783 2585 3821 non
2603 3780 2804 3837 sponsa
2825 3779 2933 3818 sua:
2960 3760 3260 3816 necessitate
3281 3775 3300 3814 :
3329 3763 3382 3810 et
3409 3769 3513 3824 pro

1942 3865 2061 3919 loco
2081 3835 2324 3916 Matthaii
2361 3857 2539 3928 posuit
2579 3835 2753 3911 locuin
2795 3869 2862 3908 ex
2909 3853 3118 3924 psalmo
3149 3864 3278 3912 xvn,
3309 3846 3394 3902 il.
3430 3842 3508 3896 Ea

1942 3957 2085 4011 enim
2116 3963 2233 4008 erat
2259 3951 2473 4007 licentia
2515 3948 2869 4018 complurium
2895 3947 3256 4016 interpretum
3283 3939 3375 4010 qui
3408 3951 3511 3991 saa-

1943 4047 2065 4102 culo
2103 4061 2155 4100 Vl
2191 4043 2375 4100 Graeca
2410 4041 2716 4105 vertebant,
2767 4048 2822 4093 et
2877 4036 3022 4092 nullo
3068 4033 3135 4089 ad
3185 4040 3392 4087 textum
3423 4044 3514 4085 re-

1943 4148 2130 4211 spectu
2162 4138 2366 4200 habito,
2399 4133 2532 4189 nihil
2554 4132 2654 4187 sibi
2687 4146 2792 4185 non
2826 4130 2986 4183 licere
3016 4126 3438 4181 arbitrabantur.

2020 4230 2252 4298 Quintus
2277 4227 2428 4282 locus
2456 4221 2809 4294 Epiphaniani
2842 4217 3214 4274 commentarii
3237 4223 3319 4270 est
3340 4229 3393 4284 p.
3420 4211 3512 4266 Si:

277 4305 871 4401 cntionem-patiuntur,
900 4348 918 4381 ι
940 4338 1045 4383 etc.
1073 4325 1390 4395 Congruunt
1417 4334 1538 4374 cum
1582 4316 1666 4370 bis
1700 4313 1835 4369 Grai-

1957 4322 2086 4378 Vere
2123 4321 2354 4390 speciosa
2401 4317 2548 4388 facta
2594 4327 2664 4369 est
2716 4322 2763 4367 et
2797 4327 2912 4366 vere
2956 4310 3154 4373 suavis,
3190 4323 3292 4360 non
3338 4305 3516 4358 divina

279 4442 340 4480 ea
373 4427 511 4496 apud
545 4424 852 4486 Philonem,
887 4438 1034 4476 num.
1063 4418 1097 4472 6
1129 4436 1142 4471 :
1174 4418 1409 4488 Ταμεῖον
1448 4413 1506 4466 δὲ
1556 4409 1650 4463 τοῦ
1693 4407 1846 4479 βασις

1947 4417 2111 4471 virtus
2155 4415 2347 4482 (neque
2377 4410 2512 4462 enim
2563 4413 2895 4472 augmentum
2920 4401 3099 4468 recipit
3127 4413 3217 4451 nec
3239 4396 3520 4450 detrimen-

280 4489 438 4584 λέως,
469 4519 602 4570 ὅπου
637 4515 814 4570 πάντα
845 4514 1129 4568 ἀπόκειται
1159 4511 1228 4564 τὰ
1272 4505 1720 4580 θησαυρίσματαο
1752 4499 1835 4554 τοῐ

1952 4519 2060 4561 tum
2097 4499 2369 4568 divinitas)
2391 4516 2408 4561 ;
2432 4498 2520 4552 sed
2551 4495 2819 4549 humilitas
2848 4492 2962 4562 ejus
2985 4507 3096 4545 vere
3120 4490 3351 4558 speciosa
3379 4489 3520 4555 facta

280 4611 342 4664 δὲ
369 4578 693 4682 ὲττουρανίου
741 4606 1004 4679 βασιλέως
1032 4605 1254 4676 ταμεῖον
1303 4578 1482 4672 δῆλον,
1511 4599 1593 4650 ὅτι
1638 4593 1835 4667 πρῶτογ

1949 4606 2022 4651 est
2053 4605 2206 4666 atque
2229 4593 2400 4646 suavis
2428 4587 2814 4658 pulchritudine
2839 4583 3144 4647 divinitatis,
3169 4597 3285 4634 cum
3307 4578 3532 4633 sedisset

286 4703 382 4773 μὲν
408 4702 470 4756 τὸ
508 4673 684 4774 σῶμα,
783 4697 962 4769 ἐαυτῷ
989 4673 1338 4768 ᾠκοδόμησεν
1371 4688 1520 4745 οἶκον
1539 4706 1550 4718 ⁸
1589 4688 1778 4741 ἔπειτα
1795 4685 1835 4738 δὲ

1949 4690 2005 4741 in
2053 4701 2209 4758 regno
2257 4683 2504 4736 certorum
2540 4680 2598 4732 in
2633 4679 2851 4731 dextera
2891 4675 3088 4730 Patris.
3126 4673 3267 4727 Nihil
3328 4673 3521 4726 horum

284 4797 379 4851 καὶ
402 4799 436 4869 ἡ
466 4798 574 4851 τῶν
607 4794 852 4866 οὐρανῶν
887 4792 1152 4865 βασιλεία.
1184 4791 1350 4843 Ὅταν
1377 4780 1471 4840 οὖν
1504 4783 1654 4852 λέγει
1683 4783 1711 4834 ὁ
1738 4780 1852 4831 Σωο

283 4891 391 4962 τήρ
412 4907 426 4920 ·
463 4908 482 4942 t
505 4884 1166 4960 Μακάριοιδεδιωγμένοι,
1195 4902 1213 4934 ι
1246 4899 1300 4936 κ.
1324 4897 1375 4935 τ.
1409 4878 1460 4932 λ.
1486 4875 1636 4942 Quod
1659 4873 1701 4927 si
1722 4886 1851 4926 con-

290 4983 482 5038 tendas
503 4983 677 5037 locum
710 4979 991 5051 Epiphanii
1017 4979 1107 5049 qui
1139 4975 1366 5030 habetur
1389 4988 1440 5041 p.
1476 4970 1566 5032 52,
1589 4980 1711 5022 cum
1738 4963 1857 5017 Phi-

288 5076 526 5142 loniano,
564 5090 712 5129 num.
746 5073 802 5140 6,
833 5087 990 5142 quem
1035 5067 1253 5125 adducit
1288 5065 1513 5120 Cosmas
1553 5057 1856 5128 Ᾱῐιιγριίυε.

289 5182 354 5222 ea
379 5166 496 5222 loca
530 5167 668 5220 inter
693 5179 753 5220 se
793 5179 898 5218 non
940 5161 1236 5221 colmrere,
1273 5155 1497 5210 minime
1529 5149 1856 5205 mirandum.

297 5257 485 5312 Virum
535 5258 754 5311 doctum
792 5253 1004 5323 decepit
1043 5249 1177 5304 falsa
1221 5241 1602 5300 Montlauconii
1651 5238 1858 5302 citatio,

291 5348 383 5417 qui
419 5359 550 5403 tom.
590 5347 635 5402 ll
689 5346 907 5401 Collect.
941 5359 1086 5398 nova:
1122 5338 1238 5392 PP.
1279 5336 1534 5401 Gramen,
1580 5347 1703 5402 pag.
1735 5329 1860 5396 529,

1954 4777 2228 4832 desideres
2283 4775 2335 4826 in
2381 4770 2586 4828 Graecis
2641 4769 2784 4838 apud
2833 4767 3111 4822 Philonem
3177 4779 3330 4818 num.
3368 4761 3521 4816 205:

1963 4865 2227 4938 Ὠραιώθη
2251 4864 2358 4933 γὰρ
2382 4861 2570 4927 ὅντως,
2613 4860 2705 4913 καὶ
2725 4858 2922 4930 ήδὺνθη
2955 4857 3210 4928 (Cosmas
3241 4852 3528 4921 Egyptius

1957 4959 2088 5027 legit
2141 4953 2356 5025 ίδρύνθη
2376 4954 2413 5021 )ξ,
2459 4951 2558 5020 οὐχ
2605 4951 2639 5020 ἡ
2693 4949 2794 5019 τῆς
2842 4948 3086 5016 θεότητος
3121 4943 3345 5012 δύναμις
3373 4938 3528 5010 (οὔτε

1957 5051 2064 5123 γὰρ
2116 5045 2452 5119 προσθήκην,
2491 5042 2614 5096 οὔτε
2668 5041 2893 5112 μείωσιν
2949 5032 3312 5104 ἐπιδέχεται).
3343 5029 3455 5083 ἀλλ’
3491 5031 3527 5098 ἡ

1966 5119 2100 5212 σὰρξ
2128 5140 2194 5209 ἣν
2219 5136 2475 5206 ἀνείληφε
2494 5150 2510 5166 ο
2542 5134 2636 5186 καὶ
2662 5132 2690 5183 ὁ
2713 5129 2917 5190 τέλειος
2949 5125 3186 5197 (τέλειος
3216 5123 3366 5176 deest
3387 5119 3529 5188 apud

1963 5206 2210 5290 CO-Stlla'lli
2271 5226 2512 5298 Egypt.)
2577 5223 2858 5294 ἄνθρωπος
2917 5219 2975 5271 ὃν
3020 5216 3313 5286 ὲφόρεσεν,
3380 5206 3532 5272 οὗτος

1964 5323 2241 5397 ὼραιώθη,
2277 5323 2342 5392 τῇ
2379 5336 2480 5392 της
2506 5317 2757 5386 θεότητος
2777 5310 3068 5396 ὡραιότητι
3091 5303 3529 5378 συμμορφωθεὶς,

364 5489 386 5518 ⁸
408 5487 598 5545 Matth.
630 5502 685 5552 ν,
715 5485 802 5540 10.
876 5486 895 5516 ⁷
921 5481 1062 5539 Psal.
1101 5495 1232 5546 xcu,
1273 5479 1326 5532 1.
1402 5477 1423 5509 ⁸
1445 5474 1635 5530 Matth.
1664 5485 1857 5534 xxvtn,
1883 5467 1970 5523 20.
2048 5466 2068 5497 '
2091 5463 2234 5520 Psal.
2267 5477 2404 5527 xvu,
2433 5460 2518 5514 lt.

367 5601 445 5668 (α)
474 5599 723 5656 Biblioth.
749 5598 842 5654 Gr.
879 5606 1015 5668 tom.
1039 5592 1153 5668 νει,
1176 5607 1296 5668 pag.

369 5656 444 5742 lbi
480 5669 635 5742 Hanc
661 5669 954 5742 diatribam
984 5656 1285 5742 de_l_\’icetis
1318 5659 1600 5742 Fabricius
1621 5656 1869 5742 Biblioth.

299 5727 395 5798 Gr‘.
426 5727 559 5796 'tom.
600 5739 685 5803 VI,
712 5754 834 5808 pag.
857 5737 982 5808 419,
1041 5734 1179 5808 falso
1202 5733 1467 5808 .queritnr
1514 5727 1870 5808 intercidisse.

300 5795 589 5868 [iamcum
628 5795 856 5879 diatriba
894 5806 1054 5860 etiam
1089 5805 1153 5859 de
1193 5795 1503 5875 Pbilonibus
1539 5807 1592 5855 et
1618 5797 1739 5852 aliis
1777 5795 1868 5849 Al-

1979 5581 2091 5635 latii
2140 5577 2356 5647 scriptis
2384 5573 2611 5647 ineditis
2633 5571 2694 5647 in_
2737 5559 3534 5647 publicum_t?r0di‘flfﬁ'ﬂfl’ﬁ

1981 5626 2354 5716 Blitié'éii'é‘r'i
2375 5626 2629 5701 etstudio
2650 5626 3188 5716 declivirizmihique
3216 5626 3532 5716 amicissimi

1981 5697 2606 5789 Riphaelis-hlertiazza‘,
2642 5708 2817 5783 Graeci
2846 5708 2897 5761 in
2939 5697 3192 5761 Vaticana
3214 5697 3547 5765 bibliotheca);

1973 5791 2302 5859 scholiastae.
