3810 6300
220 313 280 368 21
1635 301 2032 365 ΡΒᾹΞΕΑΤΙΟ.
3400 297 3475 353 22

224 424 313 478 καὶ
340 421 543 493 tatiqu
566 421 827 490 (Cosmas
855 417 1143 492 Egyptius
1185 416 1463 492 ἱδρύνθη),
1494 419 1552 470 ὲν
1599 420 1666 489 τῇ
1693 416 1800 471 τῶν

1914 415 2086 472 nianis
2115 417 2167 471 in
2195 414 2416 472 lectoris
2437 411 2804 477 commodum,
2830 411 2920 482 qui
2946 411 3043 466 has
3068 425 3190 465 cum
3215 409 3319 465 illis
3345 425 3476 466 con-

222 516 460 585 οὐρανῶν
512 513 803 577 καθεσθεὶς
862 512 1109 584 βασιλείᾳ
1161 513 1221 566 ὲν
1276 510 1421 583 δεξιᾷ
1459 509 1552 564 τοῦ
1585 509 1800 581 Πατρός

1914 505 2050 563 ferre
2081 507 2229 562 velit.

224 607 431 673 (Cosm.
475 605 768 676 Egyptius
806 605 903 658 τοῦ
934 604 1070 659 Θεοῦ
1094 606 1135 673 )t
1165 604 1360 659 Iisdem
1409 603 1592 658 verbis
1615 603 1795 657 locum

228 700 361 752 hunc
380 698 621 754 Philonis
647 698 817 754 refert
847 697 1077 754 Cosmas
1103 696 1406 768 Egyptius.
1430 697 1488 752 ln
1515 711 1580 750 eo
1605 696 1794 760 variat,

224 791 357 856 quod
391 790 448 843 in
480 803 638 844 sacro
660 799 810 844 textu
839 789 989 859 legit,
1009 789 1074 842 Tt
1101 787 1411 860 ὠραιώθης,
1429 787 1524 840 καὶ
1543 787 1594 840 τί
1618 786 1797 858 ἱδρύν-

221 881 350 950 011;;
371 881 484 934 Cur
510 885 776 949 speciosus
794 880 967 948 factus
989 897 1067 945 es,
1090 889 1142 934 et
1157 896 1252 934 cur
1264 879 1509 947 firmatus
1525 896 1576 936 es
1590 881 1616 935 2
1635 895 1797 949 quam

222 972 509 1026 lectionem
555 987 661 1026 non
698 973 828 1028 alibi
865 973 1128 1041 reperias.
1171 971 1532 1038 Quamobrem
1565 971 1697 1026 nihil
1731 986 1797 1026 ex

220 1065 509 1120 collatione
545 1064 742 1118 horum
783 1065 1023 1120 locorum
1052 1078 1120 1120 ex
1153 1063 1453 1134 Epiphanio
1489 1071 1545 1119 et
1574 1063 1799 1119 Philone

221 1157 520 1226 colligitur,
550 1171 660 1227 quo
695 1158 872 1227 possis
915 1165 1160 1212 statuere
1205 1155 1487 1210 Philonem
1525 1169 1798 1210 commen-

227 1249 420 1300 larium
459 1248 686 1316 quidem
719 1248 1087 1316 composuisse
1115 1247 1186 1302 ah
1216 1246 1592 1318 Epiphaniano
1616 1247 1798 1302 diver-

222 1353 373 1402 sum;
416 1339 563 1393 unde
607 1351 789 1394 tamen
839 1339 1007 1394 multa
1052 1339 1403 1409 decerpserit,
1447 1347 1502 1394 et
1542 1341 1599 1395 in
1629 1338 1797 1409 epito-

225 1443 340 1482 men
367 1432 596 1485 redacta
639 1430 694 1484 in
727 1443 884 1486 suum
910 1429 1218 1486 inseruerit.

293 1565 498 1619 Sextus
526 1565 677 1620 locus
705 1581 768 1620 ex
798 1565 1096 1635 Epiphanio
1119 1581 1242 1636 pag.
1275 1564 1365 1630 28,
1390 1565 1611 1635 ejusque
1637 1563 1798 1618 colla-

229 1659 297 1711 tio
321 1673 446 1712 cum
469 1657 702 1712 Philone
728 1657 861 1712 nihil
887 1658 993 1713 tale
1029 1657 1214 1713 itidem
1243 1659 1452 1727 prohat.
1490 1657 1622 1712 Nam
1653 1657 1694 1711 si
1732 1657 1798 1710 ad

224 1749 335 1818 ejus
384 1748 530 1804 latus
569 1747 814 1804 ascribas
850 1763 959 1804 non
1002 1748 1165 1802 verba
1201 1747 1480 1818 desumpta
1515 1763 1576 1800 cx
1613 1757 1800 1831 catena
1834 1771 1878 1828 Β

224 1840 462 1907 Meursii,
501 1849 562 1894 ut
615 1839 743 1896 fecit
787 1840 873 1893 vir
930 1838 1354 1903 eruditissimus,
1402 1838 1494 1893 sed
1537 1833 1804 1908 integrum

221 1931 468 1988 Philonis
499 1931 678 1985 locum
713 1946 873 2000 quem
916 1930 1084 1985 habes
1107 1945 1254 1983 num.
1282 1929 1374 1994 26,
1405 1928 1589 1984 Graeca
1618 1937 1664 1981 et
1701 1925 1807 1980 La-

223 2025 330 2078 tina
370 2025 425 2078 in
478 2024 737 2079 omnibus
791 2022 1062 2093 repereris
1099 2020 1434 2074 consentire.
1469 2017 1643 2073 Verba
1678 2015 1808 2072 Phi-

223 2116 363 2173 lonis
401 2115 780 2190 ευῐιιεβὺθὺς
830 2114 1239 2186 ὑπομιμνήσκει
1291 2112 1352 2164 τὸ
1405 2106 1542 2182 αἷμα
1596 2109 1691 2163 καὶ
1749 2109 1808 2162 τὸ

224 2207 364 2277 ὕδωρ
392 2208 454 2261 τδ
489 2208 693 2274 στάξαν
725 2211 785 2261 ἐν
824 2208 902 2279 τῷ
927 2207 1088 2262 πάθει
1119 2209 1182 2260 ὲκ
1207 2205 1449 2276 πλευρᾶς
1474 2201 1569 2256 τοῦ
1610 2201 1805 2274 Ἰησοῦ·

229 2319 247 2351 1
279 2301 614 2373 Ἀποδεσμδς
639 2303 740 2372 τῆς
766 2303 1000 2372 στάκτης
1017 2299 1291 2368 ἁδελφιδός
1312 2316 1412 2370 μου
1443 2297 1564 2369 ἐμοί
1581 2314 1593 2328 ’
1620 2317 1638 2350 1
1673 2297 1810 2367 ὅπερ

224 2392 395 2445 ἐστίν·
445 2393 544 2446 Ἐκ
593 2391 686 2446 τοῦ
738 2391 1027 2457 στάξαντος
1072 2390 1280 2457 ὓδατος,
1313 2389 1406 2444 καὶ
1437 2389 1688 2460 αἵματος,
1715 2387 1810 2441 καὶ

225 2484 535 2555 πόματος
571 2483 666 2537 τοῦ
719 2485 785 2537 ἐκ
813 2483 1052 2556 πλευρᾶς
1087 2481 1274 2548 αὑτοῦ,
1312 2481 1474 2544 αὐτὸς
1504 2479 1692 2550 γέγονέ
1721 2496 1809 2551 μοι

227 2577 476 2646 νυμφίος,
511 2575 668 2646 κάγὼ
690 2575 852 2630 αὑτοῦ
881 2575 1094 2648 νύμφη’
1128 2575 1320 2646 αἵματι
1348 2573 1446 2645 μὲν
1471 2573 1548 2644 τῷ
1567 2575 1633 2626 ὲκ
1655 2571 1813 2626 πλευ-

225 2671 322 2741 ρᾶς
349 2667 519 2722 αὑτοῦ
547 2667 930 2739 ἀγοραζομένη
955 2667 1104 2738 αὐτῷ
1131 2667 1226 2722 καὶ
1259 2666 1657 2738 συναπτομένη,
1686 2666 1809 2722 66a.-

227 2775 274 2812 τι
304 2759 360 2813 δὲ
412 2758 497 2830 τῷ
541 2759 651 2812 ἀπὸ
713 2757 934 2832 σαρκῶν
979 2758 1150 2813 αὑτοῦ
1206 2754 1577 2827 βαπτιζομὲνη
1633 2754 1809 2826 αὐτῷ,

227 2849 506 2922 πνεύματι
548 2851 606 2904 δὲ
658 2849 735 2922 τῷ
780 2851 890 2905 ἀπὸ
919 2849 1171 2922 θεότητος
1212 2833 1377 2903 αὑτοῦ
1409 2847 1811 2921 συγκρινομένη

229 2941 373 3012 αὐτῷ
421 2942 522 2996 καὶ
553 2941 928 3012 τελειουμένη.
971 2942 1101 3008 Quae
1139 2940 1318 2995 omnia
1372 2939 1567 2995 Latine
1600 2940 1809 2994 reddita

226 3050 522 3104 cognosces
566 3036 619 3089 in
658 3034 996 3105 Epiphanio:
1025 3032 1132 3088 Per
1186 3044 1390 3104 guttam
1443 3034 1622 3104 itaque
1670 3049 1812 3088 com-

226 3137 481 3181 memorat
511 3137 560 3180 et
606 3129 915 3198 sanguinem
945 3137 992 3181 et
1026 3143 1238 3197 aquam,
1275 3142 1392 3198 qua:
1433 3126 1700 3195 ﬂuxerunt
1747 3127 1810 3180 de

225 3218 380 3272 latere
413 3217 566 3275 Jesu.
611 3237 630 3270 1
654 3217 982 3284 Fasciculus,
1003 3238 1023 3272 ι
1078 3204 1268 3289 inquit,
1304 3236 1323 3270 1
1347 3228 1505 3292 gutta:
1535 3217 1808 3287 fratruelis

228 3326 364 3365 unus
400 3312 565 3375 mihi;
585 3331 604 3364 s
638 3329 698 3365 ac
717 3313 762 3366 si
781 3311 1010 3366 diceret:
1042 3310 1124 3365 Ex
1147 3329 1281 3380 aqua
1311 3310 1390 3364 vel
1413 3311 1668 3381 sanguine
1689 3325 1806 3379 quae

229 3402 442 3456 stillavit
470 3419 537 3456 ea:
573 3405 686 3472 ejus
721 3403 904 3469 latere,
945 3404 1053 3474 ipse
1081 3405 1211 3458 mihi
1245 3403 1418 3472 factus
1447 3419 1669 3472 sponsus
1707 3413 1804 3466 est,

231 3507 271 3548 et
297 3513 388 3566 ego
411 3498 458 3551 ei
495 3515 726 3568 sponsa;
751 3499 1006 3568 sanguine
1030 3497 1239 3569 quidem
1269 3511 1334 3550 ea:
1357 3496 1472 3565 ejus
1499 3495 1664 3549 latere
1682 3511 1808 3564 pro-

228 3589 441 3658 ﬂuente,
464 3608 571 3660 quo
596 3593 646 3644 ei
676 3591 944 3660 redempta
969 3603 1017 3643 et
1051 3598 1322 3658 cowquata
1345 3603 1496 3653 sum;
1524 3604 1660 3658 aqua
1689 3603 1808 3641 vero

232 3686 399 3738 carnis
419 3682 561 3753 ejus,
588 3699 680 3748 per
691 3698 860 3768 guam
897 3682 946 3735 ei
984 3680 1254 3750 baptizata
1280 3697 1396 3734 sum
1434 3692 1588 3750 atque
1609 3679 1807 3748 clarifi-

233 3786 383 3840 cata;
417 3775 616 3842 spiritu
640 3769 779 3836 vero,
807 3789 910 3844 quo
946 3773 1215 3830 divinitati
1257 3771 1371 3841 ejus
1398 3771 1646 3841 copulata
1667 3788 1805 3838 sum,

233 3875 278 3918 et
296 3875 664 3921 consummata
689 3865 990 3935 dignoscor.

295 3975 540 4046 Denique
568 3975 746 4028 locum
781 3973 1066 4044 Epiphanii
1100 3989 1153 4044 p.
1183 3975 1276 4043 25,
1316 3977 1383 4032 ad
1417 3992 1479 4034 ea
1507 3977 1648 4032 sacri
1682 3989 1802 4032 tex-

229 4077 314 4122 tus
361 4071 527 4122 verba
559 4084 574 4118 :
603 4063 738 4120 Filii
798 4067 983 4119 matris
1030 4082 1158 4120 mea:
1215 4081 1570 4139 pugnaverunt
1619 4079 1803 4125 contra

230 4177 325 4222 ate,
347 4171 478 4223 etc..
503 4169 558 4213 et
583 4175 637 4213 ν.
651 4172 918 4228 seqttent.,
943 4157 1236 4212 Posuerunt
1283 4176 1363 4212 me
1383 4161 1669 4236 custodem,
1693 4171 1798 4216 etc.

234 4254 423 4323 (quem
459 4253 638 4307 locum
685 4253 809 4317 huc,
840 4261 896 4304 ut
930 4249 1093 4320 paulo
1122 4249 1422 4320 longiorem
1480 4252 1626 4321 piget
1658 4265 1806 4306 tran-

233 4347 512 4416 scribere),
540 4345 794 4400 collatum
825 4361 947 4401 cum
978 4355 1169 4400 catena
1196 4343 1412 4398 Meursii
1442 4361 1564 4416 pag.
1592 4345 1679 4410 16,
1713 4347 1804 4408 de-

1977 600 2168 669 Epiph.
2212 599 2336 655 115.
2379 599 2505 656 1'58.
2549 598 2672 653 117.
2715 597 2838 669 iis.
2875 596 3005 669 iss.
3040 587 3178 669 t57.
3203 592 3332 669 iss.

1972 663 2134 727 Philo
2200 670 2328 726 118.
2369 670 2494 727 145.
2533 669 2658 725 151.
2700 667 2825 722 152.
2866 665 2990 720 160.
3033 665 3154 719 161.
3196 663 3316 717 170.

1972 829 2159 895 Epiph.
2205 827 2328 883 165.
2369 828 2494 882 166.
2535 787 2824 883 175.779.
2865 828 2987 884 181.

1973 899 2130 954 Philo
2195 899 2318 954 171.
2362 898 2482 954 172.
2525 897 2646 953 182.
2693 899 2812 953 188.

1979 1059 2172 1128 Epiph.
2213 1060 2336 1116 188.
2378 1061 2504 1116 206.
2544 1021 2838 1116 811Ῐ-218.
2876 1059 3002 1114 225.
3041 1058 3166 1114 228.
3206 1059 3331 1114 229.

1976 1131 2133 1185 Philo
2213 1132 2337 1188 196.
2377 1132 2504 1188 216.
2542 1132 2670 1187 224.
2712 1129 2836 1185 228.
2876 1131 3005 1185 9.55.
3041 1129 3169 1184 237.
3203 1128 3330 1186 258.

1977 1285 2169 1357 Epiph.
2211 1289 2340 1344 250.
2381 1289 2508 1345 237.
2548 1291 2672 1346 233.
2711 1293 2839 1349 259.
2877 1294 3005 1348 sto.

1972 1358 2128 1414 Philo
2215 1359 2341 1416 239.
2383 1360 2508 1416 246.
2549 1361 2675 1418 247.
2714 1364 2839 1418 248.
2879 1364 3004 1422 249.

1902 1513 2122 1571 Cretera:
2188 1533 2374 1576 omnes
2429 1523 2564 1577 nihil
2605 1525 2747 1579 inter
2778 1539 2834 1580 se
2863 1525 3173 1596 discrepant
3211 1528 3480 1582 sententia

1900 1616 1956 1662 et
2011 1612 2212 1676 verbis,
2267 1615 2552 1684 perpaucis
2611 1617 2850 1686 exceptis
2894 1633 3166 1686 :quarum
3232 1617 3479 1689 quaedam

1906 1705 2242 1758 concordant
2268 1721 2372 1760 non
2398 1707 2598 1773 verbis,
2630 1710 2724 1764 sed
2757 1710 3052 1775 sententia;
3080 1710 3324 1780 quaedam
3354 1725 3480 1780 par-

1912 1794 2005 1848 tim
2043 1797 2333 1863 sententia,
2359 1800 2555 1868 partim
2582 1801 2797 1869 verbis;
2832 1810 2888 1857 et
2915 1801 2968 1855 in
2997 1802 3065 1857 iis
3087 1801 3224 1872 apud
3253 1801 3485 1874 Epipha-

1916 1887 2064 1941 nium
2109 1888 2311 1958 aliquid
2362 1891 2448 1947 vel
2513 1893 2839 1961 detractum,
2877 1894 2961 1949 vel
2999 1893 3201 1964 aliquid
3243 1896 3484 1950 additum

1910 1995 2030 2035 esse
2055 1980 2494 2052 deprehenditur.
2523 1983 2886 2052 Quamobrem
2907 1986 3310 2057 Epiphanianus
3332 2001 3484 2043 com-

1911 2070 2212 2124 mentarius
2237 2069 2359 2138 jure
2395 2073 2609 2128 censeri
2642 2082 2822 2145 potest
2861 2074 3166 2130 Philoniani
3228 2076 3486 2146 interpre-

1913 2160 2065 2226 tatio,
2097 2175 2181 2224 ac,
2211 2170 2269 2216 ut
2307 2163 2386 2216 ait
2428 2162 2689 2234 Lequien,
2733 2165 2852 2222 loco
2889 2181 3036 2235 supr.
3071 2168 3249 2234 citat.,
3285 2166 3480 2224 Latina

1914 2251 2219 2318 translatio,
2242 2270 2273 2307 a
2297 2251 2480 2309 Grazco
2509 2256 2686 2310 codice
2709 2256 2993 2312 admodum
3017 2259 3339 2331 discrepans.

1982 2343 2038 2398 ln
2068 2359 2134 2399 ea
2173 2354 2350 2401 autem
2394 2347 2719 2416 quaestione,
2768 2360 2947 2405 utrum
2997 2350 3152 2406 Philo
3195 2351 3486 2424 Carpasius

1913 2438 2224 2509 episcopus,
2251 2455 2318 2494 an
2342 2438 2500 2496 Philo
2521 2439 2848 2511 Carpathius
2872 2445 3321 2500 commentarium
3349 2445 3485 2501 scri-

1912 2531 2083 2600 pserit
2104 2532 2159 2585 in
2191 2531 2464 2586 Canticum
2493 2534 2838 2600 canticorum,
2867 2533 3096 2591 ﬁdenter
3123 2551 3254 2592 sane
3285 2537 3478 2592 doctus

1920 2621 2004 2676 vir
2041 2624 2353 2691 pronuntiat
2396 2624 2498 2696 (a),
2535 2634 2594 2678 ut
2628 2625 2735 2678 dixi
2787 2641 2970 2698 supra,
3019 2643 3218 2683 vanum
3267 2629 3486 2686 omnino

1911 2727 2033 2790 esse
2080 2725 2468 2784 commentum,
2505 2713 2788 2772 Philonem
2829 2718 3040 2774 scilicet
3082 2716 3237 2788 cujus
3280 2721 3485 2777 mentio

1911 2791 2160 2874 est'apud
2187 2804 2654 2877 Polybium,illius
2689 2809 3070 2864 commentarii
3100 2809 3275 2880 fuisse
3297 2821 3487 2867 aucto-

1914 2909 2049 2950 rem.
2091 2895 2152 2950 Et
2198 2896 2439 2964 profecto
2467 2896 2713 2953 veterum
2749 2898 3073 2955 auctoritate
3103 2899 3200 2954 niti
3226 2913 3385 2970 posse
3416 2901 3488 2954 vi-

1916 2985 2102 3053 detur;
2135 3002 2279 3053 cum,
2311 2988 2403 3058 qui
2431 2988 2748 3059 Carpasium
2780 2989 2972 3046 doceat
3013 2991 3172 3046 talem
3205 2991 3489 3062 scripsisse

1838 3111 1881 3173 α
1915 3080 2385 3146 commentarium,
2441 3081 2686 3136 invenias
2735 3097 2801 3138 ex
2859 3083 3131 3140 veteribus
3191 3085 3489 3140 neminem.

1917 3169 2117 3226 Contra
2155 3171 2386 3228 Cosmas
2431 3173 2692 3245 Egyptius
2742 3173 2893 3229 illum
2944 3175 3091 3232 clare
3137 3174 3489 3248 Carpathium

1915 3264 2196 3331 nominat;
2225 3273 2280 3319 et
2317 3265 2537 3334 Suidas,
2571 3277 2629 3322 ut
2672 3267 2877 3323 dictum
2907 3276 3011 3334 est,
3047 3269 3253 3324 diserte
3294 3268 3488 3339 inquit,

1913 3353 2088 3408 Φίλων
2122 3356 2442 3427 Καρπάθιος
2483 3357 2719 3431 ἔγραψεν
2767 3361 3068 3432 ὑπόμνημα
3100 3362 3188 3428 εἰς
3202 3360 3267 3414 τὸ
3287 3355 3490 3431 ’ᾼσμα

1912 3443 2035 3498 τῶν
2056 3444 2358 3514 ᾀσμάτων.
2390 3447 2456 3503 Et
2492 3458 2670 3503 tamen
2709 3449 2841 3504 nihil
2884 3465 2947 3504 ea
2982 3451 3190 3507 ratione
3234 3451 3488 3506 commoti

1914 3538 2014 3593 viri
2045 3540 2209 3606 docti,
2239 3554 2456 3611 magna,
2490 3541 2629 3611 quod
2658 3540 2876 3596 Gmcos
2903 3541 3116 3598 codices
3143 3542 3377 3598 lortasse
3409 3543 3484 3597 in-

1913 3633 2211 3701 spexerint,
2229 3631 2421 3690 ﬁducia
2448 3633 2765 3705 Carpasium
2797 3633 2915 3706 ejus
2942 3636 3320 3692 commentarii
3348 3639 3490 3692 scri-

1919 3733 2126 3791 ptorem
2182 3724 2354 3782 fuisse
2412 3728 2854 3796 pronuntiarunt,
2905 3727 3183 3792 Garetius.
3222 3727 3485 3798 Lequien,

1913 3811 2220 3869 llolsteuius
2235 3829 2251 3880 ;
2269 3829 2334 3870 ex
2347 3815 2542 3886 quibus
2556 3814 2861 3872 Holstenius
2877 3818 3074 3874 diserte
3088 3815 3320 3872 aliirmat
3333 3817 3490 3884 vulgo

1914 3905 2051 3961 male
2072 3906 2328 3976 appellari
2343 3907 2956 3978 Carpathium.‘Allatius
2973 3921 3150 3964 autem
3175 3910 3315 3964 hanc
3339 3908 3492 3963 vide-

1915 4007 1999 4050 tur
2025 3997 2276 4054 dirimere
2290 4002 2734 4057 controversiam.
2755 4000 2848 4056 Ille
2865 4004 3007 4058 enim
3021 4003 3073 4058 in
3096 4004 3260 4058 citata
3278 4003 3342 4055 de
3359 3999 3490 4054 Phi-

1912 4089 2117 4143 lonilms
2168 4091 2416 4155 diatriba,
2447 4091 2610 4148 allato
2638 4093 2876 4164 epistolae
2905 4095 3185 4165 Epiphanii
3219 4095 3286 4148 ad
3324 4093 3490 4149 Joan-

1912 4196 2033 4236 nem
2059 4181 2602 4256 Hierosolymitanum
2629 4186 2748 4242 loco
2780 4203 2940 4256 quem
2999 4187 3250 4256 superius
3302 4186 3490 4241 attuli-

1913 4275 2495 4338 tnus,uhisanctusille
2515 4279 2702 4332 doctor
2732 4279 3060 4333 mentionem
3086 4278 3216 4333 facit
3249 4276 3492 4331 Philonis

1911 4366 2166 4435 episcopi,
2189 4367 2365 4422 subdit
2386 4368 2645 4434 :Adverte,
2671 4369 2851 4435 lector,
2875 4368 3151 4421 Philonem
3174 4367 3313 4420 hunc
3331 4367 3492 4434 fuisse

232 4448 504 4492 curtatum
532 4437 750 4506 quidem
785 4436 1180 4506 deprehendes,
1211 4435 1308 4489 sed
1335 4437 1474 4506 apud
1523 4436 1802 4493 Philonem

1914 4460 2208 4526 episcopum
2231 4461 2456 4530 regionis
2489 4477 2606 4529 quae
2648 4461 2888 4529 proxima
2922 4470 3033 4514 erat
3061 4459 3325 4530 parochias
3362 4457 3494 4526 Epi-

234 4545 376 4584 num.
413 4529 506 4591 15.
542 4528 730 4584 Graeca
781 4529 925 4584 omni
960 4544 1028 4584 ex
1079 4538 1232 4598 parte
1278 4529 1486 4585 Latinis
1530 4532 1648 4586 sine
1700 4532 1808 4587 ulla

233 4621 594 4677 diminutione
630 4621 1014 4691 respondentia
1044 4622 1228 4676 omnia
1259 4622 1524 4692 reperies.

299 4738 379 4792 Ex
407 4737 593 4792 allatis
623 4737 790 4806 igitur
826 4736 960 4792 locis
1003 4738 1430 4792 commentarius
1457 4739 1546 4808 qui
1578 4738 1811 4810 Epipha-

233 4829 320 4884 nio
348 4831 628 4891 tribuitur.
668 4843 810 4884 unus
841 4829 1091 4899 idemque
1129 4829 1348 4884 videtur
1367 4845 1491 4884 esse
1515 4845 1638 4885 cum
1657 4847 1809 4886 com-

233 4923 504 4977 mentario
555 4920 820 4975 Philonis.
857 4920 912 4974 Id
944 4931 1124 4975 autem
1154 4936 1220 4976 eo
1255 4923 1470 4977 videtur
1495 4923 1804 4979 conﬁrmari

232 5026 386 5081 posse
418 5013 675 5077 validius,
711 5013 854 5083 quod
891 5028 959 5068 ex
985 5013 1234 5068 ducentis
1267 5015 1807 5086 undequinquaginta

235 5103 706 5172 esplanationihus
755 5103 811 5158 in
865 5103 1240 5174 Epiphaniano
1289 5109 1683 5162 commentario
1713 5110 1810 5174 _vi-

234 5195 364 5264 ginti
400 5205 639 5265 quatuor
682 5197 1058 5252 tantummodo
1091 5212 1120 5250 a
1167 5195 1503 5254 Pbilouianis
1542 5201 1809 5256 sententia

240 5285 354 5351 ipsa
402 5286 738 5355 discrepant,
783 5300 920 5356 quas
967 5287 1020 5342 in
1063 5287 1308 5357 subjecta
1361 5289 1557 5344 tabella
1589 5290 1812 5345 exhibe-

1913 4547 2115 4620 phanii,
2139 4551 2340 4606 scilicet
2363 4552 2420 4606 in
2443 4554 2625 4606 eadem
2649 4553 2826 4606 insula
2854 4551 3015 4621 Cypri
3042 4551 3347 4605 incivitate
3367 4547 3493 4602 Car-

1912 4642 2050 4709 pasii
2082 4657 2100 4694 :
2127 4659 2218 4697 nec
2281 4643 2454 4698 obstat
2497 4661 2781 4714 cognomen
2832 4642 3129 4713 Carpathii.
3175 4643 3318 4696 Licet
3355 4640 3492 4694 enim

1911 4731 2230 4802 Carpathius
2251 4755 2281 4790 a
2315 4735 2581 4806 Carpatho
2606 4754 2762 4807 prope
2787 4736 2976 4792 Chium
3013 4735 3244 4792 insulam
3269 4752 3301 4788 a
3322 4733 3493 4803 Cypra

1915 4837 2166 4892 distante,
2211 4832 2256 4884 si
2297 4829 2607 4901 geographis
2641 4832 2904 4885 credimus
2949 4830 3018 4898 (a
3065 4845 3171 4899 qua
3215 4833 3492 4884 et'natum

1913 4927 2161 4997 adagium
2211 4925 2240 4976 ὁ
2291 4922 2611 4995 Καρπάθιος
2660 4923 2750 4976 τὸν
2792 4921 3027 4990 λαγωόν,
3049 4931 3096 4976 et
3131 4938 3276 4975 mare
3315 4922 3485 4990 ipsum

1913 5017 2256 5086 Carpathium
2321 5013 2788 5084 cognominatum)
2842 5013 3082 5068 videatur
3165 5012 3488 5075 deductum;

1914 5106 2287 5175 etaCarpasio
2325 5105 2504 5176 Cypri,
2541 5103 2616 5158 vel
2664 5103 2984 5176 Καρπασίᾳ,
3037 5100 3491 5175 υειΚαρπασείᾳ,

1915 5199 2324 5272 υεΙΚαρὸασίᾳ,
2356 5197 2732 5266 Carpaseotes,
2783 5197 2887 5250 sive
2945 5197 3103 5250 etiam
3157 5212 3276 5250 cum
3327 5194 3492 5250 Theo-

1918 5308 2105 5362 pompo
2131 5291 2461 5362 Carpasseus
2488 5289 2733 5342 dicatur:
2765 5297 2937 5343 tamen
2976 5289 3116 5342 scias
3154 5291 3252 5342 hoc
3296 5287 3494 5358 Carpa-

240 5392 375 5432 mus.
419 5377 475 5430 In
504 5392 568 5431 ea
593 5377 823 5448 singulis
858 5379 1100 5435 numeris
1128 5380 1325 5450 quibus
1359 5366 1466 5437 ﬁla:
1497 5383 1816 5454 esplicatio—
1919 5382 2056 5436 sium
2085 5399 2118 5435 a
2148 5380 2415 5434 nonnullis
2457 5389 2504 5433 et
2547 5380 2809 5450 prwcipue
2861 5376 3144 5448 Xenagora
3178 5377 3498 5446 Carpat/ium

245 5482 338 5521 nes
388 5478 648 5522 notantur
675 5469 728 5523 in
782 5468 1066 5541 Epiphanii
1125 5476 1539 5540 commentario,
1570 5475 1818 5546 singulos
1924 5472 2266 5544 appellatum,
2293 5489 2324 5526 a
2349 5488 2452 5542 quo
2472 5472 2582 5526 sine
2616 5472 2774 5524 dubio
2820 5469 3139 5541 Carpathius
3168 5469 3251 5539 ﬁt.
3277 5471 3496 5541 Stepha-
3561 5553 3564 5556 ῃ

245 5572 498 5618 numeros
525 5561 848 5630 subiicimus
873 5564 1115 5633 adiectos
1139 5565 1601 5639 explicationibus
1631 5566 1803 5628 Philo-

1929 5583 2026 5623 nus
2052 5582 2070 5621 :
2099 5564 2400 5637 Καρπάσιιι
2429 5564 2583 5630 πόλις
2614 5563 2863 5636 Κύπρτυ,
2893 5563 2960 5638 ἢν
2989 5561 3322 5637 Πυγμαλίων
3356 5564 3498 5617 Exn.

307 5741 388 5820 (al
427 5743 643 5804 l'rzclat.
675 5747 741 5802 ad
773 5759 1064 5806 comment.
1093 5749 1356 5823 Epiphan.
1385 5769 1505 5826 pag.
1541 5753 1634 5813 26.
