3810 6318
345 265 414 326 23
1443 284 1651 344 PHILO
1690 290 1902 350 ΕΑΒΡέ

2013 295 2090 352 US
2129 296 2530 356 EPISCOPUS.
3517 309 3595 369 24

344 403 458 449 σεν,
493 384 568 448 ὡς
605 385 910 453 Ἑλλάνικος
952 392 1010 444 ὲν
1038 397 1423 465 Κυπριακοῖς.
1447 403 1720 470 Διονύσιος
1748 409 1802 462 δὲ
1829 411 1902 464 διά

2022 417 2074 470 in
2113 417 2248 471 locis
2279 418 2674 473 contractiores
2699 418 2924 473 exhibet
2962 420 3391 488 explanationes,
3425 440 3591 494 quant

343 476 628 546 διφθόγγου
682 481 1040 551 Καρπάσειαν
1084 489 1254 561 αὑτήν
1278 510 1443 564 φησιν
1481 498 1539 549 ὲν
1565 500 1732 570 τρίτῳ
1765 505 1916 558 Βασ-

341 580 603 634 σαρικων
629 583 642 596 '

350 656 464 710 Ἠδ’
499 661 712 715 ὀπόσοι
743 666 1052 734 γινύρειον
1081 668 1156 721 ιδ’
1185 674 1467 743 αἰπεινὴν
1507 676 1912 744 Κραπάσειαν.

343 749 499 804 Ἔστι
528 753 622 806 καὶ
656 755 816 826 νῆσος
847 760 1142 831 Καρπασία
1168 769 1307 818 κατὰ
1338 768 1437 842 τὴν
1458 772 1635 842 ἄκραν
1653 774 1750 846 τὴν
1776 779 1918 849 Σαρ-

341 843 621 914 πηδονιαν.
669 847 976 922 Ξεναγόρας
1029 854 1086 908 δὲ
1136 858 1435 929 Κάρπαθον
1491 865 1660 935 αὐτὴν
1708 843 1910 923 uulsi"

340 935 648 1030 Δημήτριος
699 941 755 1030 δὲ
800 943 828 994 ὁ
880 945 1206 1018 Σαλαμίνιος
1249 953 1570 1024 Καρϐασίαν
1614 962 1796 1030 φησιν,
1832 964 1913 1016 ὅτι

339 1023 476 1094 πρὸς
511 1027 602 1080 τὸν
629 1029 958 1102 καλούμενον
982 1036 1181 1107 ἄνεμον
1215 1042 1428 1096 κεῖσθαι
1451 1045 1614 1101 δοκεῖ.
1645 1049 1914 1107 Hactenus

338 1117 588 1184 Allatius,
623 1123 712 1191 qui
738 1139 953 1180 versum
983 1146 1048 1182 ex
1077 1131 1334 1204 Dionysio
1364 1135 1583 1193 allatum
1622 1157 1651 1194 a
1680 1141 1912 1211 Stepha-

339 1223 408 1262 no
447 1224 636 1264 sanum
663 1215 901 1281 exhibet,
931 1227 989 1271 ut
1017 1231 1102 1273 est
1129 1221 1182 1275 in
1215 1224 1545 1283 editiouihus
1570 1245 1689 1300 quia
1719 1233 1914 1288 Berlte-

338 1299 535 1354 lianam
573 1317 990 1375 praecesserunt,
1030 1312 1080 1365 in
1113 1328 1219 1382 qua
1253 1315 1368 1384 ipse
1397 1317 1675 1377 Berkelius
1709 1325 1759 1378 in
1795 1336 1912 1381 tex-

337 1399 448 1445 tum
469 1395 687 1449 admisit
717 1412 867 1451 suam
899 1404 1356 1471 emendationem,
1385 1427 1488 1478 qua
1514 1430 1728 1468 versum
1756 1419 1903 1472 illum

335 1482 666 1550 depravavit.
719 1488 896 1542 Edidit
929 1492 1072 1547 enim

347 1573 461 1628 Ἠὸ’
485 1577 698 1633 ὁπόσοι
726 1583 1037 1653 Κινύρειον
1078 1589 1171 1656 ἠδ’
1199 1592 1460 1662 ἀπεινὴν
1502 1601 1906 1669 Καρπάσειαν,

333 1675 387 1718 et
426 1667 504 1724 sic
542 1672 756 1727 tertium
798 1684 851 1729 et
885 1678 1132 1746 quintum
1167 1682 1476 1740 claudicare
1511 1687 1642 1743 facit
1689 1667 1904 1756 pedem.

333 1753 424 1809 Illa
476 1768 654 1816 autem
704 1762 1004 1820 litterarum
1059 1772 1374 1828 metathesis
1426 1775 1477 1828 iu
1517 1792 1648 1833 voce
1680 1753 1904 1850 Κραπά-
1941 1761 1983 1814 Β

333 1865 481 1902 σειαν
516 1853 702 1906 eadem
732 1865 833 1920 est,
863 1873 1024 1928 quam
1061 1859 1325 1918 Homerus
1365 1867 1613 1941 adhibuit
1648 1869 1808 1925 Iliad.
1841 1873 1904 1940 Β,

333 1956 475 1996 vers.
511 1943 613 1997 676
647 1962 661 1997 :

334 2035 399 2086 Ol
422 2033 473 2087 δ’
493 2035 607 2105 ἄρα
626 2038 895 2110 Νίσυρόν
913 2044 961 2096 τ’
976 2039 1163 2114 εἶχον,
1184 2047 1506 2117 Κράπαθόν
1521 2070 1584 2108 τε
1600 2059 1805 2112 Κασόν
1820 2076 1902 2112 τε.

333 2127 438 2182 Sed
474 2130 576 2185 hoc
627 2133 684 2186 ὲν
725 2135 962 2208 παρόδῳ.

398 2218 662 2277 Caeterum
720 2226 773 2281 in
836 2227 924 2284 bis
977 2231 1184 2288 duabus
1239 2237 1904 2305 quaestionibuszl'num

328 2319 746 2375 commentarius
791 2319 1020 2379 Latinus
1049 2340 1078 2379 e
1113 2326 1370 2385 Vaticana
1417 2331 1743 2392 bibliotheca
1775 2353 1904 2406 pro-

328 2399 466 2457 latus
496 2418 622 2461 vere
664 2408 731 2462 sit
784 2410 1100 2482 Epiphanii;
1135 2416 1192 2470 2'
1217 2435 1346 2474 num
1391 2420 1547 2478 Philo
1583 2399 1906 2498 Carpat-hius

325 2510 486 2563 quem
535 2499 729 2557 Suidas
781 2505 946 2559 tradit
995 2509 1281 2580 scripsisse
1309 2515 1365 2567 in
1398 2513 1617 2571 Cantica
1673 2521 1905 2574 cantico-

327 2604 466 2658 rum,
501 2592 641 2647 idem
692 2595 765 2650 sit
803 2599 897 2666 qui
934 2600 1224 2670 Carpasius
1263 2607 1417 2678 cujus
1467 2625 1660 2666 nomen
1708 2615 1902 2682 praefe-

327 2690 454 2736 runt
505 2686 721 2742 codices
759 2687 968 2760 Graeci;
1001 2687 1121 2764 quae
1154 2707 1280 2752 sunt
1319 2714 1349 2753 a
1381 2715 1466 2756 me
1497 2704 1756 2761 hactenus
1789 2709 1902 2763 dis-

325 2781 529 2841 putata,
581 2779 716 2834 satis
773 2795 895 2836 esse
944 2783 1238 2844 lectoribus
1287 2792 1546 2860 arbitror,
1585 2811 1692 2865 quo
1750 2814 1902 2854 suam

326 2865 470 2920 t‘erre
491 2871 818 2927 sententiam
848 2878 1078 2946 possint,
1104 2880 1187 2936 vel
1213 2883 1389 2941 adhuc
1419 2901 1525 2943 non
1548 2888 1756 2960 liquere
1775 2906 1902 2961 pro-

326 2958 596 3014 nuntient.

395 3049 483 3106 ιιι.
520 3053 599 3109 De
638 3053 862 3113 Philone
919 3059 1146 3133 ejusque
1202 3073 1597 3126 commentario
1644 3075 1900 3132 disserui.

324 3139 502 3211 Nunc,
539 3148 680 3216 quod
726 3150 881 3206 initio
909 3157 1190 3224 proposui,
1223 3159 1288 3214 de
1311 3161 1552 3231 ejusdem
1582 3167 1905 3240 interpreta-

323 3235 564 3318 tionibus
612 3239 902 3298 dicendmn
961 3259 1063 3303 est.
1127 3250 1416 3321 Epiphanii
1469 3235 1906 3317 Latinum—com-

326 3328 651 3381 mentarium
682 3330 733 3383 in
774 3331 1214 3395 adnotationibus
1241 3358 1378 3408 quas
1415 3345 1482 3399 ad
1513 3347 1754 3408 Philonis
1797 3367 1906 3410 tex-

326 3419 439 3466 tum
481 3416 683 3485 adjeci,
735 3429 950 3476 veterem
997 3427 1480 3497 interpretationem
1514 3454 1666 3508 voco,
1703 3453 1756 3498 et
1812 3448 1903 3514 qui

324 3516 445 3556 eam
476 3511 792 3575 composuit,
826 3511 1110 3574 brevitatis
1138 3530 1513 3584 tantummodo
1540 3534 1733 3602 gratia,
1761 3511 1902 3592 vete-

323 3611 436 3648 rem
474 3599 809 3668 interpretem
843 3609 1073 3677 appello.
1114 3611 1192 3669 De
1235 3632 1341 3686 quo
1368 3599 1683 3692 interprete,
1717 3599 1762 3683 si
1791 3630 1906 3698 qui-

324 3686 446 3782 dem
490 3690 560 3742 sit
588 3690 920 3763 Epiphanius
954 3699 1324 3764 Scholasticus
1355 3686 1524 3782 quem
1548 3686 1904 3779 Cassiodorus

323 3777 447 3833 loco
473 3795 636 3850 supra
679 3785 847 3841 citato
877 3804 1290 3863 commemorat,
1325 3777 1453 3857 illud
1492 3806 1621 3860 mihi
1663 3809 1716 3862 in
1752 3825 1903 3865 men—

327 3883 434 3926 tem
463 3875 630 3939 venit,
661 3879 808 3947 quod
838 3882 905 3936 de
947 3883 1038 3938 illo
1059 3886 1328 3957 judicavit
1366 3892 1594 3954 lluetius
1615 3898 1692 3953 De
1722 3901 1904 3955 inter-

321 3967 612 4035 pretatione
647 3968 783 4025 libro
815 3976 1087 4030 secundo:
1118 3977 1467 4048 Epiphanius,
1502 3987 1695 4058 inquit,
1730 3991 1902 4046 Scho-

322 4057 540 4115 lasticus
565 4062 864 4132 Socratem,
899 4066 1249 4126 Sozomenum
1289 4087 1336 4128 et
1379 4057 1759 4137 Theodoretum
1795 4083 1903 4138 La-

321 4151 432 4206 tine
484 4169 765 4224 exponens,
797 4175 981 4213 nomen
1020 4179 1174 4216 suum
1224 4167 1363 4221 inter
1408 4170 1588 4226 doctos
1638 4175 1898 4232 traduxit.

321 4242 510 4299 Graeca
546 4249 803 4315 siquidem
828 4252 912 4304 vix
937 4267 1204 4310 assecutus
1225 4269 1339 4325 est;
1368 4271 1415 4313 et
1443 4263 1490 4315 si
1519 4280 1637 4332 qua!
1661 4267 1796 4334 forte
1819 4269 1902 4322 in»

321 4337 543 4402 tellexit.
574 4358 633 4395 ea
660 4359 722 4396 ne
739 4361 770 4396 a
788 4348 1012 4414 posteris
1055 4350 1490 4420 intelligerentur,
1510 4362 1753 4424 obscura,
1779 4361 1902 4414 barv

2021 527 2142 582 qua:
2188 520 2314 566 sunt
2367 511 2420 565 in
2461 510 2649 566 Graeco
2696 511 2938 568 Philonis
2996 517 3414 582 commentario;
3451 532 3592 587 saepe

2019 603 2170 656 addit
2206 619 2327 672 quae
2385 603 2707 658 sententiam
2759 606 2931 674 ipsam
2978 605 3222 662 Philonis
3271 609 3352 663 vel
3397 610 3590 664 obtutu

2019 696 2184 761 dunt,
2228 696 2312 751 vel
2367 705 2648 763 evertunt,
2701 697 2784 753 vel
2839 714 3025 756 errore
3077 699 3260 769 aliquo
3320 700 3589 756 inliciunt.

2016 787 2279 858 Exemplo
2310 789 2418 844 sint
2451 787 2541 842 illa
2571 805 2694 861 pag.
2723 791 2812 857 M,
2844 790 2941 846 lin.
2973 793 3059 855 l7,
3108 790 3226 846 Non
3267 795 3404 846 enim
3440 794 3588 846 solvi.

2015 881 2151 934 velut
2185 880 2424 946 ebrietas,
2452 892 2507 934 ut
2547 882 2852 936 obscuratur
2872 884 2986 953 quis
3026 894 3260 950 corruat,
3283 894 3389 939 etc.
3415 883 3592 938 Locus

2015 983 2098 1028 est
2145 973 2198 1028 in
2233 973 2423 1028 Graeco
2469 972 2716 1028 Philonis
2769 977 3157 1030 commentario
3199 993 3346 1032 num.
3373 977 3438 1030 11
3469 999 3481 1032 ;
3513 977 3592 1030 Οὐ

2015 1065 2124 1136 γὰρ
2169 1065 2285 1118 λύει
2325 1082 2393 1136 με
2432 1064 2620 1137 ὥσπερ
2652 1068 2684 1137 ὴ
2729 1067 2864 1138 μέθη
2907 1066 3064 1121 τοῦτο
3103 1069 3289 1138 πόμα,
3329 1085 3382 1121 κ.
3421 1085 3472 1121 τ.
3515 1067 3591 1134 λ.,

2015 1175 2243 1226 quorum
2289 1161 2614 1214 sententiam
2651 1160 2860 1215 dolebis
2913 1161 2980 1214 ab
3032 1162 3325 1228 interprete
3362 1173 3593 1214 enerva-

2018 1255 2127 1298 tam
2181 1261 2305 1315 pag.
2351 1246 2435 1311 l7,
2488 1249 2552 1301 ad
2606 1247 2694 1301 illa
2748 1248 2913 1304 verba
2952 1267 2964 1304 :
3003 1248 3130 1303 Ideo
3192 1249 3594 1304 adolescentulis

2013 1339 2312 1392 dilexerunt
2377 1349 2461 1404 te,
2520 1339 2921 1406 explanationis
2972 1340 3303 1395 Philonianze
3368 1355 3591 1395 sensum

2017 1446 2164 1484 num.
2189 1429 2223 1483 4
2246 1471 2261 1496 ,
2312 1445 2417 1484 non
2462 1442 2548 1484 est
2583 1443 2885 1486 assecutus.
2940 1431 3028 1486 Sic
3063 1447 3185 1501 pag.
3212 1433 3310 1497 22,
3354 1432 3450 1486 lin.
3481 1432 3590 1486 13:

2015 1517 2139 1571 Non
2178 1521 2315 1572 enim
2351 1526 2468 1573 erat
2515 1520 2758 1574 sensibile
2795 1520 2931 1588 quod
2981 1523 3203 1587 dicebat,
3252 1524 3340 1576 sed
3386 1525 3448 1576 de
3485 1525 3588 1576 isto

2014 1623 2124 1666 erat
2156 1613 2286 1676 sole,
2309 1622 2436 1672 etc.,
2459 1626 2578 1680 quae
2601 1611 2816 1680 quidem
2853 1613 2992 1666 inter
3019 1629 3077 1668 se
3107 1623 3365 1684 pugnant.
3392 1614 3593 1668 Confer

2013 1721 2133 1760 cum
2176 1705 2261 1759 his
2290 1702 2473 1758 Graeca
2511 1703 2752 1757 Philonis
2787 1720 2935 1759 num.
2983 1705 3074 1770 1‘2,
3117 1715 3172 1759 et
3205 1721 3326 1775 pag.
3356 1705 3445 1770 25,
3496 1705 3591 1759 lin.

2018 1798 2105 1863 ‘15,
2151 1796 2250 1852 Ubi
2296 1801 2430 1851 enim
2482 1797 2686 1867 paritas
2731 1806 2841 1862 est,
2889 1797 2999 1850 illic
3052 1798 3334 1866 increpatio
3390 1813 3593 1866 quoque

2016 1894 2386 1962 subsequitur;
2444 1907 2551 1960 quo
2607 1890 2734 1958 quid
2807 1889 3142 1945 absurdius?
3192 1891 3395 1960 purilas
3443 1891 3591 1946 enim

2017 1987 2146 2040 nulli
2185 1985 2540 2053 increpationi
2583 1993 2758 2053 potest
2801 1998 2922 2037 esse
2969 1982 3223 2036 obnoxia.
3253 1981 3386 2035 Vide
3427 1983 3589 2035 etiam

2017 2073 2251 2129 hominis
2303 2073 2595 2136 inscitiam,
2644 2072 2735 2139 qui
2795 2087 2917 2142 pag.
2959 2072 3047 2134 89,
3098 2082 3316 2125 vertens
3373 2071 3587 2134 Graeca,

2016 2184 2134 2238 qua:
2166 2175 2293 2220 sunt
2328 2165 2466 2233 apud
2500 2164 2777 2218 Philonem
2817 2180 2964 2217 num.
2995 2163 3100 2217 205
3129 2185 3140 2218 :
3173 2164 3345 2226 Αὐτὸς
3377 2163 3587 2217 δέδεται

2015 2264 2074 2313 ἐν
2109 2258 2522 2330 παραδρομαῖς,
2565 2257 2666 2309 οὐκ
2701 2255 2946 2327 ἀνάγκης
2991 2256 3238 2325 δεσμοῖς,
3286 2253 3401 2308 ἀλλ’
3432 2256 3588 2307 ἐκου-

2017 2350 2130 2403 σίου
2191 2347 2606 2420 φιλανθρωπίας
2657 2345 3020 2417 χρηστότητι,
3075 2346 3317 2400 scribit:
3373 2344 3582 2398 Vinctus

2013 2454 2086 2496 est
2116 2448 2292 2493 autem
2327 2440 2432 2502 ipse
2477 2455 2579 2491 uou
2613 2453 2817 2506 sponsa:
2847 2452 2958 2490 sua:
3005 2436 3325 2500 necessitate,
3373 2437 3464 2490 sed
3500 2454 3591 2490 vo-

2016 2543 2216 2588 luntate
2267 2532 2569 2585 dementire.
2603 2530 2763 2596 Atqui
2815 2527 3068 2582 Ecclesiae
3117 2543 3324 2598 sponsae
3370 2529 3423 2584 id
3469 2545 3588 2584 ma-

2015 2625 2160 2677 xime
2188 2637 2324 2691 opus
2375 2621 2493 2685 fuit,
2530 2629 2588 2672 ut
2620 2619 2872 2672 Christus
2905 2627 3203 2685 pateretur.
3242 2618 3308 2671 Et
3342 2634 3462 2689 pag.
3493 2620 3584 2686 49,

2015 2719 2195 2773 itidem
2238 2717 2385 2770 addit
2435 2732 2552 2785 qua:
2595 2717 2790 2768 absunt
2835 2731 2863 2767 a
2902 2714 3088 2770 Graeco
3137 2725 3284 2770 textu
3311 2757 3326 2782 ,
3367 2726 3421 2770 et
3463 2728 3587 2786 apta

2014 2821 2141 2864 sunt
2172 2810 2496 2864 insinuando
2526 2807 2723 2870 errori,
2762 2806 3057 2862 Ecclesiam
3088 2809 3292 2863 scilicet
3327 2819 3584 2864 constare

2013 2902 2142 2957 solis
2175 2901 2381 2957 electis.
2426 2898 2613 2954 Graeca
2661 2901 2804 2953 enim
2854 2910 2980 2955 sunt
3032 2917 3178 2954 num.
3207 2901 3320 2956 88:
3365 2901 3585 2974 Ἐπειδὴ

2012 2992 2120 3066 γὰρ
2173 2991 2301 3064 περὶ
2353 2992 2454 3062 τῆς
2502 2990 2741 3060 πληθύος
2793 2985 2912 3043 εἶπε
2955 2990 3054 3061 τῆς
3088 2992 3443 3062 Ἐκκλησῐας,
3490 2995 3588 3064 τῆς

1930 3121 1974 3179 c
2016 3084 2165 3148 ἐντὸς
2195 3083 2360 3156 οὔσης
2386 3081 2479 3136 τοῦ
2509 3084 2867 3151 Μονογενοῦς,
2901 3085 3055 3154 φησι,
3088 3103 3141 3138 κ.
3168 3103 3217 3142 τ.
3245 3086 3320 3150 λ.,
3347 3103 3466 3156 quae
3508 3088 3588 3143 sic

2010 3179 2202 3231 Latine
2236 3177 2446 3231 reddita
2472 3186 2597 3230 sunt
2628 3193 2640 3230 :
2671 3174 2811 3240 Quia
2840 3176 2978 3228 enim
3006 3178 3068 3229 de
3090 3177 3426 3232 multitudine
3451 3179 3588 3232 dixit

2009 3268 2262 3323 Ecclesia!
2329 3283 2443 3337 qua:
2501 3276 2704 3320 constat
2741 3269 2797 3320 in
2842 3269 2953 3321 suis
3018 3267 3213 3335 electis,
3267 3270 3392 3323 istos
3446 3269 3587 3323 intra

2010 3356 2344 3426 Uuigenitum
2372 3371 2481 3409 esse
2503 3357 2821 3408 demonstrat
2871 3355 3071 3420 dicens,
3090 3366 3194 3410 etc.
3231 3355 3428 3409 Eorum
3458 3369 3586 3409 vero

2007 3463 2124 3518 quae
2148 3447 2286 3515 apud
2324 3445 2604 3500 Philonem
2635 3446 2888 3514 leguntur
2917 3463 3066 3501 num.
3091 3445 3160 3499 54
3187 3463 3201 3499 :
3232 3444 3451 3516 Ἐπειδὴ
3477 3442 3587 3513 γὰρ

2006 3541 2062 3593 αἱ
2093 3539 2239 3593 δοκοὶ
2286 3537 2395 3590 τῶν
2430 3537 2809 3608 φατνωμάτων
2841 3537 2978 3588 εἰσὶν
3012 3535 3299 3605 ὲσὼτεραι,
3333 3553 3386 3588 κ.
3415 3552 3468 3588 τ.
3505 3535 3582 3599 λ..

2006 3634 2183 3687 versio
2214 3631 2370 3697 plane
2397 3631 2621 3694 insulsa,
2650 3640 2706 3683 et
2734 3631 2880 3683 omni
2913 3645 3076 3683 sensu
3103 3644 3296 3684 carens
3325 3643 3451 3698 pag.
3473 3627 3582 3683 30:

2009 3725 2275 3791 Quoniam
2320 3724 2482 3793 igitur
2523 3724 2666 3791 tigna
2721 3722 2956 3774 trabibus
3001 3731 3384 3787 componuntur
3429 3729 3585 3789 atque

2006 3817 2263 3882 celantur,
2303 3815 2640 3884 pulchritudo
2685 3832 2804 3868 vero
2853 3815 3038 3867 domus
3094 3814 3327 3867 trabibus
3382 3814 3585 3867 indica—

2004 3919 2107 3970 tur,
2141 3919 2246 3962 etc.
2284 3906 2393 3960 Nec
2428 3910 2545 3960 sine
2591 3907 2875 3963 stomacho
2923 3907 3023 3976 legi
3072 3915 3252 3975 potest
3301 3905 3448 3959 locus
3495 3905 3585 3960 ille

2003 4015 2125 4071 pag.
2153 4000 2220 4054 56
2263 4001 2317 4054 in
2352 3999 2445 4053 ﬁn.
2489 3999 2553 4052 de
2582 3997 2802 4052 Christo
2831 4019 2843 4052 :
2875 3996 3001 4051 Jam
3046 4000 3185 4052 enim
3222 4014 3314 4050 nec
3361 4007 3582 4051 mortem

2002 4107 2096 4159 pro
2136 4091 2283 4143 nobis
2311 4091 2558 4156 suscepit,
2589 4106 2708 4142 cum
2738 4091 2894 4144 semel
2929 4107 3115 4156 passus
3151 4094 3249 4156 sit,
3295 4090 3585 4146 secundum

2002 4182 2141 4253 quod
2180 4190 2392 4235 sanctus
2432 4183 2560 4233 dicit
2604 4181 2884 4250 Apostolus
2919 4197 2938 4235 :
2971 4201 2988 4233 ι
3016 4181 3160 4236 Mors
3200 4184 3249 4236 ei
3292 4184 3434 4237 ultra
3478 4199 3582 4237 non

2002 4274 2442 4336 dominabitur“,
2470 4292 2487 4323 ι
2517 4285 2623 4327 etc.
2657 4272 2763 4327 Sed
2798 4275 2911 4328 huic
2942 4289 3006 4328 ex
3042 4273 3288 4342 plurimis
3321 4289 3440 4344 quae
3467 4285 3582 4329 tum

2003 4383 2031 4420 a
2066 4367 2292 4419 veritate
2316 4375 2428 4419 tum
2457 4381 2487 4418 a
2522 4377 2669 4420 recta
2702 4367 3097 4435 interpretandi
3129 4367 3341 4421 ratione
3373 4367 3581 4437 longis-

321 4429 450 4483 bara
482 4442 529 4485 et
551 4433 809 4504 dissipata
829 4442 1067 4495 oratione
1096 4443 1328 4512 perfecit.
1359 4445 1513 4512 Quod
1536 4455 1826 4520 ergo,dum
1847 4455 1900 4508 in
1932 4471 1976 4526 ι)
2006 4459 2142 4514 sime
2180 4459 2459 4523 aberrant,
2503 4475 2626 4514 cum
2660 4460 2728 4514 iis
2763 4475 2867 4514 non
2899 4461 3081 4516 multis
3129 4461 3420 4530 conjuncta
3460 4475 3583 4530 qua:

317 4521 573 4586 epitomen
601 4544 633 4580 a
662 4525 975 4585 Cassiodoro
1021 4538 1369 4605 contrahitur,
1407 4539 1680 4610 damnum,
1721 4556 1775 4596 ut
1810 4547 1892 4614 ﬁt,

316 4629 504 4679 passus
545 4626 644 4682 est,
681 4619 1009 4692 aliarumque
1039 4627 1202 4695 ipsius
1237 4630 1725 4699 interpretatiouum
1765 4652 1896 4705 quas

318 4705 442 4760 bene
470 4708 665 4765 multas
695 4724 923 4769 recenset
955 4715 1327 4786 Cassiodorus,
1345 4722 1613 4790 jacturam
1646 4725 1759 4778 sine
1785 4736 1896 4780 sto-

315 4801 504 4854 macho
537 4801 790 4871 feramus.
820 4805 885 4861 Et
913 4819 1060 4864 certe
1082 4809 1442 4869 Cassiodorus
1473 4817 1668 4870 melius
1697 4833 1894 4874 consu~

317 4890 510 4948 luisset
555 4896 915 4967 scriptoribus
946 4899 1156 4957 Graecis
1194 4919 1331 4972 quos
1361 4906 1412 4958 in
1448 4903 1705 4961 Latinum
1754 4910 1894 4964 verti

313 4985 553 5050 curavit,
603 4987 649 5041 si
706 5004 922 5062 seMper
954 4992 1166 5049 Aniano
1196 5010 1330 5050 usus
1383 5005 1530 5049 esset
1565 4997 1895 5068 interprete,

315 5076 474 5147 cujus
517 5096 738 5150 operam
777 5086 831 5139 in
879 5089 1155 5142 vertendis
1199 5090 1526 5154 quibusdam
1570 5089 1630 5146 S.
1660 5092 1896 5165 Chryso-

317 5169 476 5222 stomi
534 5170 773 5230 homiliis
819 5178 1012 5231 merito
1064 5177 1204 5232 idem
1267 5169 1492 5234 lluetius
1541 5196 1891 5253 sumuwpere

317 5256 518 5316 laudat.
565 5263 832 5322 Caeterum
887 5268 1218 5337 Epiphanius
1270 5270 1639 5329 Scholasticus
1689 5275 1740 5330 iu
1788 5277 1892 5334 hac

315 5362 410 5404 sua
449 5351 754 5414 Philoniaui
789 5360 1170 5415 commentarii
1200 5360 1673 5432 interpretatione,
1709 5369 1892 5425 multis

387 5468 430 5500 “
463 5471 619 5526 Rom.
644 5489 718 5537 vt,
746 5473 798 5528 9.

387 5585 462 5652 (ιι)
501 5587 707 5642 Prodiit
745 5591 968 5646 Parisiis
1005 5608 1068 5645 ex
1103 5592 1314 5649 olIicina
1353 5595 1729 5652 Wescheliana
1757 5617 1886 5655 ann.

317 5655 472 5710 t537.
508 5660 714 5712 lteeusa
760 5662 954 5716 deinde
1013 5663 1110 5716 fuit
1171 5667 1221 5718 in
1251 5667 1501 5722 Bibliotlt.
1525 5667 1642 5722 PP.
1666 5683 1887 5725 curante

337 5740 383 5781 te
417 5727 465 5782 la
507 5726 676 5797 Bigue
727 5732 858 5786 edit.
892 5733 916 5786 1
954 5735 1006 5786 in
1059 5735 1355 5806 Appendic.
1407 5737 1473 5794 Et
1507 5740 1560 5794 iu
1615 5741 1743 5796 edit.
1771 5739 1888 5798 2et

2008 4552 2059 4604 in
2091 4551 2537 4605 adnotationibus
2569 4552 2875 4616 attulimus,
2915 4554 3047 4608 satis
3088 4568 3207 4608 esse
3237 4562 3462 4623 possunt
3503 4554 3584 4606 in-

2005 4642 2168 4706 dicio,
2210 4658 2370 4712 quam
2402 4644 2700 4708 abnormis,
2745 4661 2904 4713 quam
2937 4645 3125 4707 inﬁda,
3166 4661 3327 4713 quam
3362 4646 3581 4699 horrida

1999 4733 2230 4804 denique
2261 4746 2316 4790 et
2350 4737 2623 4805 incompta
2647 4739 2718 4791 sit
2751 4736 2941 4792 Latina
2982 4738 3069 4792 illa
3096 4737 3403 4793 Philoniaui
3430 4753 3584 4793 com-

1999 4827 2250 4880 mentarii
2282 4837 2438 4882 vetus
2467 4827 2866 4896 interpretatio.

2070 4914 2159 4970 IV.
2201 4915 2318 4973 Jam
2356 4933 2486 4973 vero
2519 4920 2585 4972 de
2615 4917 2890 4989 Stephano
2919 4920 3167 4975 Salutato
3201 4919 3426 4990 ejusque
3455 4935 3582 4976 ver-

1997 5007 2170 5076 sione,
2225 5010 2268 5063 si
2305 5025 2370 5064 ea
2424 5020 2602 5064 tamen
2656 5011 2970 5081 appellanda
3026 5013 3095 5066 sit
3135 5013 3335 5076 versio,
3387 5011 3579 5080 loqua-

1999 5114 2124 5152 mur
2148 5099 2246 5170 (a).
2275 5099 2460 5171 Neque
2485 5103 2654 5168 enim,
2683 5104 2773 5157 ubi
2813 5103 2929 5158 vult
2974 5103 3253 5158 Philonem
3287 5117 3580 5172 repraesen-

2000 5201 2137 5254 tare,
2181 5194 2297 5260 agit
2345 5205 2524 5264 partes
2557 5196 2648 5250 ﬁdi
2698 5197 3030 5264 interpretis,
3060 5195 3212 5265 cujus
3241 5205 3325 5250 est
3353 5197 3582 5250 reddere
3649 5251 3652 5254 .

1996 5286 2162 5338 verba
2207 5285 2344 5354 ipsa,
2377 5295 2431 5342 et
2461 5289 2650 5344 eodem
2691 5289 2904 5352 ordine,
2937 5289 3026 5344 ubi
3069 5289 3121 5344 id
3173 5302 3276 5342 non
3321 5286 3581 5355 impediat

1997 5377 2279 5449 utriusque
2312 5365 2582 5437 serinonis
2621 5382 2795 5438 Graeci
2828 5391 2884 5438 et
2911 5382 3088 5437 Latini
3123 5382 3335 5437 diversa
3370 5379 3582 5435 indoles

1998 5605 2052 5670 3,
2088 5608 2290 5732 toga”.
2341 5610 2407 5666 Et
2463 5613 2515 5666 in
2548 5609 2798 5666 Biblioth.
2843 5609 2956 5667 PP.
2998 5610 3307 5682 Lugduucu.
3341 5621 3475 5668 tom.
3513 5611 3580 5681 Υ,

1998 5692 2116 5732 οδε.
2222 5709 2262 5730 ,ρ

1995 5692 2116 5750 pag.
2144 5692 2262 5732 ous
