3810 6358
214 367 285 426 25
1638 363 2028 422 PREFATIO.
3378 360 3452 421 96

173 495 265 575 ἢιιι
299 482 688 575 discrepantia,
714 494 807 536 seu
842 494 901 537 se
938 491 998 536 ut
1029 491 1300 575 oratorem
1346 482 1505 552 gerit.
1545 483 1797 552 Quinimo
1824 487 1873 546 Α
1902 495 2006 541 tein
2056 498 2086 539 a
2138 483 2305 540 Suida
2358 484 2665 539 nominatur
2698 482 3017 555 ὑπόμνημα,
3067 480 3121 535 in
3166 479 3455 534 immanem

212 591 333 630 cum
388 576 445 628 in
499 573 789 629 collatione
855 587 1133 643 pergerem
1190 571 1363 629 Graeci
1418 591 1542 631 cum
1596 576 1791 634 Latino

210 668 626 730 commentario,
665 665 913 719 videbam
953 663 1254 720 Salutatum
1292 666 1570 723 brevitatis
1606 669 1792 724 Philo-

215 762 389 815 nianz
432 759 666 814 fortasse
725 769 1048 828 pertresum,
1102 758 1270 814 lineas
1316 775 1486 826 usque
1539 762 1794 818 audacius

216 851 524 916 transilire;
583 850 750 904 multa
805 865 913 905 non
966 850 1034 906 de
1089 852 1269 906 verbis
1321 853 1529 919 solum,
1581 854 1675 909 sed
1728 858 1794 910 de

216 942 502 995 sententiis
552 941 808 1006 demere;
857 941 1016 1009 longe
1063 956 1191 995 vero
1237 942 1496 1011 pltirimas
1540 944 1796 1013 explana-

216 1034 409 1099 tiones,
439 1036 582 1103 quas‘
596 1033 796 1088 frustra
821 1034 874 1088 in
902 1034 1124 1089 Philone
1148 1050 1382 1103 quaeras,
1406 1036 1664 1103 inserere,
1689 1052 1796 1108 quo

215 1125 457 1193 pleniore
499 1140 623 1180 cum
663 1127 1052 1181 commentario
1094 1127 1206 1197 ipse
1249 1127 1490 1194 prodiret
1532 1128 1585 1182 in
1621 1130 1794 1197 publi-

218 1232 369 1283 cum;
408 1231 584 1285 eoque
611 1218 662 1271 in
699 1218 813 1272 suis
842 1217 1205 1272 additionibus
1238 1230 1359 1273 esse
1409 1219 1791 1287 copiosiorem,

221 1323 324 1377 quo
353 1309 587 1365 ulterius
622 1309 676 1364 in
708 1325 803 1366 sua
842 1309 955 1373 illa,
985 1311 1029 1364 si
1067 1310 1226 1364 talem
1258 1311 1437 1364 dicere
1469 1311 1547 1364 fas
1584 1321 1685 1377 est,
1715 1312 1797 1365 itt-

223 1403 607 1470 terpretatioue
635 1402 970 1472 procederet.
995 1401 1129 1456 lllud
1164 1410 1340 1456 tamen
1386 1402 1652 1458 afﬁrmare
1686 1418 1793 1457 non

222 1492 603 1556 dubitaverim,
630 1492 675 1545 si
712 1507 815 1545 non
851 1501 1017 1545 totum
1053 1492 1498 1546 commentarium
1532 1491 1792 1560 Philonis,

222 1585 514 1637 maximam
560 1594 739 1638 tamen
770 1584 885 1654 ejus
918 1595 1125 1654 partem
1140 1584 1211 1638 fin
1253 1598 1354 1638 suo
1384 1585 1476 1639 illo
1519 1600 1796 1640 commen-

224 1678 356 1731 tario
387 1677 640 1746 reperiri,
685 1678 781 1733 sed
832 1687 939 1731 tam
976 1677 1161 1731 multis
1208 1692 1328 1746 qua:
1362 1677 1663 1748 largissiuia
1697 1678 1797 1732 ad-

219 1766 342 1835 jecit
390 1785 555 1823 manu
604 1784 959 1840 oppressam,
1009 1769 1094 1823 vix
1139 1779 1196 1823 ut
1244 1782 1523 1839 appareat.
1567 1770 1794 1826 Possunt

221 1859 482 1925 Philonis,
533 1871 593 1915 ut
631 1862 705 1914 ita
740 1862 951 1925 dicam,
1009 1859 1216 1925 frusta,
1267 1862 1355 1914 ubi
1401 1876 1463 1915 ea
1519 1862 1794 1918 Salutatus

222 1952 537 2016 collocavit,
595 1951 855 2006 indicare.
904 1950 1169 2005 Caeterum
1230 1950 1507 2007 Salutatus
1565 1952 1796 2008 lectores

223 2058 345 2098 suos
379 2043 538 2098 ludos
586 2043 738 2107 facit,
766 2057 889 2105 cum
918 2046 971 2096 in
1001 2057 1096 2096 sua
1132 2042 1375 2113 Epistola
1404 2044 1473 2098 ad
1514 2044 1795 2098 Nicolaum

223 2135 577 2205 Bargilqsium
618 2136 974 2205 presbyterum
1005 2135 1389 2190 Bononiensem
1416 2136 1642 2190 scribit:
1674 2134 1796 2189 Non

224 2243 353 2281 unus
389 2229 521 2281 mihi
566 2226 739 2292 Philo,
766 2228 857 2282 sed
880 2230 1055 2297 plures
1079 2230 1210 2282 mihi
1243 2229 1501 2293 videntur,
1531 2229 1621 2299 qui
1646 2233 1798 2282 Iiosce

227 2321 627 2374 commentarios
665 2321 717 2373 in
759 2320 1041 2376 Canticum
1077 2326 1409 2376 canticorum
1455 2321 1794 2389 confecerint.

228 2409 365 2465 Nam
417 2411 564 2482 quod
623 2411 866 2466 Philonis
936 2413 1142 2467 nomine
1216 2413 1607 2484 circumfertur,
1658 2414 1798 2481 apud

231 2501 431 2557 Cretas
477 2505 628 2558 breve
663 2504 948 2557 admodum
989 2514 1085 2558 est.
1116 2504 1224 2560 Sed
1252 2516 1372 2558 sunt
1406 2506 1495 2575 qui
1539 2505 1694 2559 velint
1733 2502 1799 2557 ab

232 2595 509 2653 Esstathio
565 2614 768 2668 quoque
801 2608 852 2652 et
885 2595 1110 2652 Eusebio
1144 2598 1387 2667 (quorum
1423 2607 1609 2666 rogatu
1643 2595 1800 2654 Philo

231 2689 328 2752 ipse
367 2691 806 2744 commentarium
844 2691 981 2744 hunc
1015 2690 1343 2758 confecerat)
1403 2690 1800 2757 interpretatum

232 2799 353 2850 esse,
379 2798 653 2851 unumque
685 2783 749 2836 de
778 2783 946 2836 tribus
976 2797 1085 2835 esse
1120 2781 1481 2851 conjunctum.
1507 2779 1577 2831 At
1614 2792 1804 2847 quam-

233 2890 343 2928 nam
372 2874 450 2928 illi
485 2874 649 2929 (idem
683 2874 1024 2939 habebimus,
1053 2872 1144 2942 qtti
1178 2873 1245 2927 de
1273 2873 1483 2927 duobus
1520 2870 1626 2925 illis
1654 2885 1800 2925 com-

234 2968 510 3022 mentariis
558 2977 753 3022 testem
804 2964 1045 3037 proferat
1097 2963 1409 3019 neminem?
1447 2962 1650 3017 nullum
1700 2975 1801 3015 no-

234 3059 392 3114 minet
422 3059 694 3123 eodicem,
722 3058 811 3111 ubi
852 3056 1306 3111 commentarium
1349 3054 1500 3109 illum
1534 3069 1600 3108 ex
1631 3054 1803 3107 tribus

1906 576 2331 647 magnitudinem
2380 576 2683 640 excrevisse
2729 594 2743 631 :
2787 585 2845 629 ut
2897 574 3128 644 aliquam
3178 571 3457 641 scriptioni

1901 683 2011 722 suae
2065 669 2382 723 conciliaret
2415 670 2602 733 fidem,
2650 668 2885 723 fabulam
2933 667 3078 720 illam
3126 673 3458 721 commentus

1900 773 1984 817 est
2037 761 2103 815 de
2131 762 2340 816 duobus
2382 761 2785 815 commentariis
2830 758 3093 814 Eustathii
3141 766 3196 811 et
3240 753 3458 810 Eusebii

1899 868 2019 907 cum
2047 853 2368 907 Philoniano
2393 852 2693 907 commistis
2717 860 2769 906 et
2804 851 2855 905 in
2886 864 3050 904 unum
3083 847 3348 903 conflatis.

1970 946 2047 1001 De
2096 945 2266 1001 Graeci
2318 944 2687 999 commentarii
2722 952 2899 1008 mtate,
2940 942 3054 995 sive
3104 940 3252 993 illum
3305 940 3459 995 Philo

1894 1037 2212 1109 Carpasius,
2257 1037 2371 1091 sive
2420 1036 2742 1105 Carpathius
2787 1033 3194 1109 conscripserit,
3228 1032 3460 1085 dubitari

1896 1148 2003 1189 non
2051 1118 2227 1201 potest
2265 1129 2431 1184 fuisse
2476 1129 2829 1193 compositura
2870 1104 2993 1181 ante
3019 1125 3270 1180 Cosmum
3300 1123 3461 1194 Egy-

1895 1228 2091 1297 ptium,
2138 1224 2253 1293 qui,
2300 1231 2358 1277 nt
2390 1237 2549 1291 supra
2595 1222 2794 1275 dictum
2824 1229 2928 1282 est,
2975 1235 3041 1274 ex
3086 1216 3311 1271 Philone
3358 1218 3461 1269 tria

1895 1317 2078 1371 attulit
2113 1316 2230 1370 loca
2262 1314 2313 1368 in
2340 1329 2434 1368 sua
2453 1312 2817 1382 Topograpltia
2834 1309 3154 1364 Christiana.
3170 1307 3463 1377 Scripsisse

1897 1422 2075 1464 autem
2104 1409 2354 1463 Cosmam
2402 1421 2556 1460 suum
2584 1420 2719 1473 opus
2752 1419 2891 1458 anno
2934 1402 3038 1457 5'55
3071 1402 3257 1471 probat
3286 1400 3463 1454 Mont-

1898 1500 2184 1556 fauconius
2215 1498 2316 1572 (α).
2345 1496 2443 1563 Qui
2491 1495 2696 1550 Philoni
2741 1494 2997 1564 Carpasio
3020 1492 3460 1549 cainmentarium

1895 1592 2039 1646 hunc
2057 1590 2395 1646 tribuendum
2429 1587 2877 1652 existimaverint,
2905 1586 2940 1640 ii
2959 1596 3211 1640 censeant
3232 1592 3463 1654 oportet,

1896 1685 2155 1755 scriptum
2177 1698 2297 1738 esse
2310 1682 2390 1737 vel
2408 1682 2681 1736 desinente
2697 1679 2890 1735 steculo
2912 1688 3128 1748 quarto,
3145 1675 3228 1730 vel
3248 1677 3466 1729 ineunte

1897 1778 2106 1847 quinto.
2130 1776 2195 1830 Et
2222 1773 2467 1830 Oudiuus
2488 1774 2688 1828 idcirco
2706 1774 2771 1826 de
2800 1770 3023 1825 Philone
3041 1767 3300 1838 Carpasio
3322 1765 3468 1833 ejus-

1897 1883 2002 1939 que
2025 1869 2225 1937 scripto
2252 1867 2309 1920 in
2340 1865 2611 1920 Canticum
2638 1868 2960 1918 canticorum
2989 1861 3312 1915 mentionem
3340 1857 3469 1911 l'acit

1897 1961 1962 2013 ad
1980 1974 2178 2013 annum
2195 1958 2394 2013 Christi
2414 1955 3020 2026 quadringentesimum.
3040 1950 3294 2021 Ejusdem
3325 1963 3469 2003 com-
3558 1976 3567 1993 κ

1899 2050 2149 2105 mentarii
2177 2050 2300 2119 quis
2333 2062 2459 2103 usus
2487 2061 2605 2102 esse
2630 2046 2798 2115 possit
2826 2045 2891 2099 ad
2921 2041 3292 2098 conllrmanda
3323 2054 3470 2107 qua:-

1899 2143 2020 2197 dam
2071 2142 2347 2197 catholicae
2397 2141 2518 2195 ﬁdei
2568 2143 2837 2208 dogmata,
2882 2140 3039 2193 docet
3084 2136 3154 2189 cl.
3182 2134 3470 2204 Fogginius

1900 2235 1953 2288 in
1986 2234 2135 2302 praef.
2162 2234 2228 2285 ad
2263 2242 2556 2288 comment.
2586 2233 2779 2302 Epiph.
2810 2247 2863 2300 p.
2889 2230 2958 2284 40
2987 2240 3043 2286 et
3072 2237 3342 2297 sequent.,
3381 2226 3469 2278 ubi

1901 2325 2065 2379 multa
2103 2325 2257 2380 docte
2284 2333 2339 2378 et
2363 2324 2574 2378 erudite
2600 2323 2855 2393 disputat,
2886 2336 3005 2392 quae
3033 2320 3123 2390 qui
3159 2317 3370 2390 legerit,
3400 2331 3467 2371 ea

1901 2433 1959 2473 se
1987 2416 2178 2485 legisse
2208 2432 2314 2471 non
2351 2415 2654 2485 paenitebit.

1975 2507 2040 2563 V.
2074 2508 2315 2577 Denique
2350 2508 2402 2562 in
2440 2508 2542 2562 hoc
2580 2505 2770 2561 Graeco
2808 2504 3049 2559 Philonis
3078 2500 3472 2559 commentario

1902 2600 2202 2670 evulgando
2230 2600 2358 2668 quid
2390 2613 2565 2667 opera:
2604 2598 2717 2667 ipse
2749 2596 3119 2665 impenderim,
3150 2594 3338 2663 paucis
3368 2607 3469 2647 ex-

1905 2692 2136 2761 pediam.
2162 2689 2387 2744 Codices
2411 2688 2547 2743 dnos
2578 2688 2928 2741 Barberiuum
2951 2695 3005 2740 et
3037 2683 3472 2747 Vallicellanum,

1904 2798 2133 2852 quorum
2172 2780 2261 2835 ille
2296 2781 2350 2835 in
2390 2780 2530 2845 fine,
2574 2780 2663 2835 hic
2712 2781 2764 2833 in
2808 2778 3073 2848 principio
3110 2785 3167 2831 et
3208 2778 3314 2830 line
3353 2789 3474 2828 mu-

1905 2874 2035 2930 tilus
2068 2881 2171 2939 est,
2203 2873 2431 2943 inspexi,
2465 2882 2519 2928 et
2550 2888 2671 2927 cum
2707 2872 2774 2927 iis
2818 2886 2997 2926 meum
3038 2869 3279 2925 codicem
3313 2880 3474 2936 quam

1904 2965 2309 3036 diligentissime
2347 2965 2573 3019 contuli.
2616 2964 2726 3019 llos
2756 2964 2897 3018 enim
2936 2972 3166 3017 tractare
3197 2973 3315 3013 meo
3348 2955 3477 3011 mihi

1906 3058 2063 3113 licuit
2100 3058 2368 3112 arbitratu
2414 3075 2428 3111 :
2468 3067 2693 3112 caeteros
2742 3071 2847 3111 non
2887 3055 3039 3119 item,
3087 3052 3474 3115 Mutinensem,

235 3150 514 3207 conﬂatum
546 3149 845 3220 repererit?
869 3164 1099 3218 cumque
1129 3148 1528 3203 miscellaneum
1556 3146 1706 3200 illum
1736 3160 1801 3223 ex
1831 3184 1874 3243 α
1907 3148 2255 3214 Theatinum,
2296 3149 2694 3214 Auxiinauutn;
2749 3148 2843 3203 sed
2880 3146 3202 3217 quibusdam
3239 3144 3290 3196 in
3343 3141 3479 3195 locis

236 3245 471 3314 pluribus
518 3253 882 3314 compactum,
912 3243 1099 3299 Graece
1150 3243 1410 3312 scriptum
1444 3255 1569 3296 esse
1612 3241 1803 3294 existi-

235 3339 360 3392 mari
397 3347 672 3408 oporteat,
701 3352 861 3407 quem
902 3335 1180 3391 Salutatus
1208 3350 1237 3389 a
1272 3347 1330 3388 sc
1361 3333 1555 3389 Latine
1588 3346 1804 3387 versum

242 3430 432 3501 profert
470 3432 527 3485 in
577 3431 785 3496 lucem;
828 3447 925 3485 cur
972 3441 1080 3485 tam
1131 3429 1300 3483 multa
1348 3431 1401 3483 itt
1442 3441 1506 3482 ea
1550 3428 1806 3482 versione

243 3534 527 3578 occurrunt
570 3538 690 3593 qua:
732 3523 862 3577 nihil
897 3524 1078 3579 oleant
1119 3521 1442 3584 Graecitatis,
1487 3520 1582 3575 sed
1614 3520 1806 3589 primi-

246 3611 344 3666 tiva
377 3629 440 3667 es
472 3613 671 3668 Latino
710 3612 859 3668 fonte
891 3614 1118 3668 deducta
1149 3627 1271 3668 esse
1308 3610 1641 3681 appareant?
1670 3610 1809 3665 Prai-

249 3713 382 3759 terea
416 3705 588 3759 multa
639 3703 885 3760 Philonis
933 3720 1039 3760 non
1084 3706 1279 3774 exigua
1326 3704 1623 3774 fragmenta
1668 3702 1809 3757 male

249 3807 416 3852 assuta
448 3798 565 3853 suis
617 3797 981 3853 additionibus
1026 3798 1245 3853 exhibet
1291 3797 1591 3859 Salutatus,
1644 3794 1807 3848 multa

250 3900 310 3940 ex
335 3888 392 3943 ι).
416 3888 676 3957 Gregorio
706 3886 897 3958 Magno
934 3887 1097 3941 etiam
1138 3887 1438 3954 desumpta,
1482 3884 1626 3955 quod
1667 3882 1811 3952 jam-

250 3976 437 4031 dudum
460 3994 489 4031 a
531 3978 782 4048 pluribus
824 3987 910 4032 est
939 3977 1377 4032 animadversum
1406 3996 1420 4032 :
1452 3986 1512 4029 ut
1554 3974 1671 4043 ejus
1716 3989 1812 4030 ne-

251 4084 429 4138 queam
457 4071 591 4126 satis
626 4070 817 4126 mirari
850 4072 1139 4137 rationem,
1169 4072 1260 4140 qui
1305 4069 1549 4124 Philonis
1579 4070 1812 4139 genuina

254 4162 572 4229 prafatione,
614 4178 790 4233 eaque
834 4163 1048 4232 integra
1080 4172 1311 4229 retenta,
1338 4161 1691 4232 pluribusque
1720 4160 1813 4215 iti-

258 4255 368 4309 dem
406 4254 740 4312 Pltilouianis
772 4256 1221 4327 explicationibus
1263 4256 1404 4310 inter
1453 4254 1624 4309 multo
1660 4253 1813 4323 plura

259 4346 604 4403 additamenta
650 4363 749 4404 sua
793 4348 1051 4411 insertis,
1099 4347 1361 4400 audacter
1403 4344 1664 4416 ejusmodi
1714 4361 1814 4399 κυ-

260 4439 423 4494 κεῶνα
470 4442 716 4497 Philonis
763 4439 985 4495 nomine
1032 4439 1331 4495 lectoribus
1380 4440 1493 4493 suis
1527 4438 1814 4507 propinare

1908 3242 1963 3294 in
2007 3240 2205 3311 quibus
2238 3240 2531 3306 haerebam,
2562 3241 2629 3294 ab
2680 3236 2869 3292 amicis
2902 3236 3213 3294 Graecarum
3259 3233 3473 3287 littera-

1907 3351 2025 3390 rum
2066 3334 2257 3404 peritis
2295 3333 2657 3403 inspiciendos
2693 3331 2899 3386 curavi.
2934 3330 3042 3384 llos
3076 3337 3258 3383 autem
3287 3336 3483 3379 omnes

1909 3441 2031 3482 esse
2087 3425 2328 3495 comperi
2380 3426 2542 3479 nimis
2579 3423 2763 3478 multis
2809 3422 3093 3476 erroribus
3130 3418 3476 3483 maculosos;

1907 3519 2103 3589 quibus
2172 3516 2406 3573 fortasse
2463 3526 2702 3570 veterem
2761 3515 2935 3583 ipsum
2994 3512 3385 3581 interpretem,
3429 3515 3485 3563 et

1910 3611 2240 3681 Stephanum
2278 3610 2582 3666 Salutatum
2618 3610 2865 3679 suspicor
2917 3622 3024 3661 non
3060 3604 3317 3660 habuisse
3363 3615 3482 3656 me-

1917 3702 2102 3759 liores.
2147 3701 2204 3756 In
2238 3703 2693 3766 adnotationibus,
2726 3700 2828 3755 mei
2859 3699 3083 3765 codicis,
3114 3696 3204 3767 qui
3239 3693 3487 3765 plurimis

1911 3795 1966 3850 in
2009 3794 2142 3851 locis
2170 3806 2254 3851 est
2284 3797 2627 3864 depravatus,
2652 3808 2888 3858 errores,
2922 3790 3180 3847 adhibitis
3210 3803 3347 3858 quos
3371 3785 3484 3840 dixi
3546 3798 3555 3803 ί

1911 3889 2207 3956 codicibus,
2236 3888 2551 3955 emendavi;
2582 3896 2639 3943 et
2667 3886 2756 3941 ubi
2796 3887 2974 3941 locum
3018 3884 3254 3954 aliquem
3286 3881 3339 3934 in
3368 3894 3487 3933 om-

1916 3983 2077 4039 nibus
2112 3982 2389 4038 codicibus
2430 3993 2743 4053 corruptum
2783 3980 3137 4050 deprehendi,
3169 3975 3487 4044 conjectura

1913 4077 2064 4132 illum
2119 4078 2407 4132 restituere
2456 4078 2660 4132 studui.
2720 4075 3071 4131 Philonianas
3105 4070 3248 4127 sacri
3308 4077 3490 4123 textus

1914 4166 2176 4223 lectiones
2214 4183 2336 4224 cum
2365 4168 2640 4224 Vaticana:
2684 4166 2939 4223 editionis
2973 4162 3313 4226 lectionibus,
3340 4158 3493 4212 aliis-

1917 4275 2021 4328 que
2049 4259 2386 4316 variantibus
2428 4276 2458 4314 a
2501 4259 2794 4315 Lamberto
2829 4257 2991 4313 Bosio
3021 4256 3075 4311 in
3117 4268 3217 4311 sua
3254 4251 3493 4307 editione

1918 4349 2132 4406 Veteris
2164 4352 2495 4408 Testamenti
2529 4351 2702 4408 Gra'ci
2751 4350 3021 4414 adductis,
3068 4353 3322 4402 accurate
3359 4356 3493 4397 con-

1918 4446 2047 4512 tuli;
2081 4459 2137 4502 et
2166 4448 2293 4520 quid
2330 4447 2381 4500 in
2419 4462 2634 4518 quoque
2665 4446 2781 4501 loco
2810 4444 2965 4499 Philo
2987 4458 3019 4496 a
3053 4439 3267 4495 caeteris
3294 4436 3489 4500 variet,

260 4532 327 4584 sit
372 4549 549 4589 ausus.
598 4535 755 4589 Illum
814 4532 1124 4604 suscepisse
1193 4532 1442 4603 suspicor
1507 4530 1813 4585 Philoniani
1845 4528 1973 4593 Din
2006 4539 2195 4593 iisdem
2226 4540 2664 4595 adnotationibus
2696 4539 2980 4609 diligenter
3011 4534 3256 4604 exposui.
3291 4532 3345 4585 tn
3388 4527 3494 4584 La-

261 4628 613 4682 contmentarii
651 4627 1003 4682 versionem:
1036 4640 1268 4694 cumque
1307 4640 1421 4679 sua:
1451 4624 1812 4690 interpolandi

262 4713 453 4771 libidini
494 4720 695 4788 ubique
751 4717 979 4772 nimium
1026 4731 1088 4772 se.
1125 4716 1582 4771 animadverteret
1638 4714 1813 4770 indul-

262 4804 403 4873 sisse,
427 4817 478 4863 et
505 4809 962 4865 commentarium
1005 4808 1097 4878 qui
1130 4817 1355 4878 propter
1406 4807 1525 4880 ejus
1571 4808 1811 4865 brevita-

328 4945 395 5019 (α)
430 4947 642 5008 Praelat.
667 4951 735 5007 ad
770 4946 1198 5021 CosmuEgypt.
1230 4962 1350 5019 cap.
1373 4946 1426 5002 1.

1925 4627 2037 4683 tina
2072 4628 2304 4698 denique
2326 4630 2595 4697 versione,
2624 4644 2787 4699 quam
2811 4643 2841 4683 e
2864 4622 3283 4697 regioneGraeci
3315 4628 3496 4675 textus

1925 4721 2177 4791 apposui,
2212 4722 2386 4791 magis
2414 4723 2548 4777 mihi
2582 4721 2814 4779 ﬁdelitas
2839 4734 2982 4777 cura:
3019 4718 3141 4784 fuit,
3179 4728 3338 4786 quam
3381 4710 3493 4765 cle-

1919 4812 2120 4882 gantia.
