  <div class='ocr_page' id='page_1' title='image "/cluster/home/n/w/nwhite01/storage/ocr_20150623/40/hvd.32044019207786/021.png"; bbox 0 0 3810 6350; ppageno 0'>
   <div class='ocr_carea' id='block_1_1' title="bbox 325 355 3560 439">
    <p class='ocr_par' dir='ltr' id='par_1_1' title="bbox 325 355 3560 439">
     <span class='ocr_line' id='line_1_1' title="bbox 325 355 3560 439; baseline 0.007 -24"><span class='ocrx_word' id='word_1_1' title='bbox 325 357 403 415; x_wconf 73' lang='lat'><strong>27</strong></span> <span class='ocrx_word' id='word_1_2' title='bbox 1425 364 1743 424; x_wconf 81' lang='lat' dir='ltr'><strong>PHILONIS</strong></span> <span class='ocrx_word' id='word_1_3' title='bbox 1786 369 2094 431; x_wconf 80' lang='lat' dir='ltr'><strong>EPISCOPI</strong></span> <span class='ocrx_word' id='word_1_4' title='bbox 2131 373 2445 432; x_wconf 78' lang='lat' dir='ltr'><strong>CARPASII</strong></span> <span class='ocrx_word' id='word_1_5' title='bbox 3489 355 3560 439; x_wconf 64' lang='grc' dir='ltr'>νδ</span> 
     </span>
    </p>
   </div>
   <div class='ocr_carea' id='block_1_2' title="bbox 337 587 3539 644">
    <p class='ocr_par' dir='ltr' id='par_1_2' title="bbox 337 587 3539 644">
     <span class='ocr_line' id='line_1_2' title="bbox 337 587 3539 644; baseline 0 -18"><span class='ocrx_word' id='word_1_6' title='bbox 337 587 3539 644; x_wconf 48' lang='lat' dir='ltr'><strong>mm</strong></span> 
     </span>
    </p>
   </div>
   <div class='ocr_carea' id='block_1_3' title="bbox 466 779 3419 910">
    <p class='ocr_par' dir='ltr' id='par_1_3' title="bbox 466 779 3419 910">
     <span class='ocr_line' id='line_1_3' title="bbox 466 779 3419 910; baseline 0.003 -10"><span class='ocrx_word' id='word_1_7' title='bbox 466 779 1145 904; x_wconf 85' lang='grc' dir='ltr'><strong>ΦΙΑΩΝΟΣ</strong></span> <span class='ocrx_word' id='word_1_8' title='bbox 1206 792 2131 909; x_wconf 85' lang='grc' dir='ltr'>ΕΠΙΣΚΟΠΟΥ</span> <span class='ocrx_word' id='word_1_9' title='bbox 2184 792 2481 908; x_wconf 88' lang='grc' dir='ltr'><strong>ΤΟΥ</strong></span> <span class='ocrx_word' id='word_1_10' title='bbox 2535 793 3419 910; x_wconf 82' lang='grc' dir='ltr'><strong>ΚΑΡΠΑΣΙΟΥ</strong></span> 
     </span>
    </p>
   </div>
   <div class='ocr_carea' id='block_1_4' title="bbox 1786 1089 2090 1164">
    <p class='ocr_par' dir='ltr' id='par_1_4' title="bbox 1786 1089 2090 1164">
     <span class='ocr_line' id='line_1_4' title="bbox 1786 1089 2090 1164; baseline -0.016 -16"><span class='ocrx_word' id='word_1_11' title='bbox 1786 1091 1924 1148; x_wconf 79' lang='grc' dir='ltr'><strong>ΣΥΝ</strong></span> <span class='ocrx_word' id='word_1_12' title='bbox 1960 1089 2090 1164; x_wconf 82' lang='grc' dir='ltr'><strong>ΘΕῼ</strong></span> 
     </span>
    </p>
   </div>
   <div class='ocr_carea' id='block_1_5' title="bbox 808 1302 3068 1396">
    <p class='ocr_par' dir='ltr' id='par_1_5' title="bbox 808 1302 3068 1396">
     <span class='ocr_line' id='line_1_5' title="bbox 808 1302 3068 1396; baseline 0 -2"><span class='ocrx_word' id='word_1_13' title='bbox 808 1305 1381 1394; x_wconf 76' lang='grc' dir='ltr'><strong>ΕΡΜΗΝΕΙΑ</strong></span> <span class='ocrx_word' id='word_1_14' title='bbox 1417 1305 1588 1392; x_wconf 91' lang='grc' dir='ltr'><strong>ΕΙΣ</strong></span> <span class='ocrx_word' id='word_1_15' title='bbox 1625 1302 1768 1392; x_wconf 89' lang='grc' dir='ltr'><strong>ΤΑ</strong></span> <span class='ocrx_word' id='word_1_16' title='bbox 1802 1304 2243 1393; x_wconf 87' lang='grc' dir='ltr'><strong>ΑΣΜΑΤΑ</strong></span> <span class='ocrx_word' id='word_1_17' title='bbox 2277 1305 2504 1393; x_wconf 87' lang='grc' dir='ltr'><strong>ΤΩΝ</strong></span> <span class='ocrx_word' id='word_1_18' title='bbox 2541 1305 3068 1396; x_wconf 87' lang='grc' dir='ltr'><strong>ΑΣΜΑΤΩΝ</strong></span> 
     </span>
    </p>
   </div>
   <div class='ocr_carea' id='block_1_6' title="bbox 1084 1573 2811 1648">
    <p class='ocr_par' dir='ltr' id='par_1_6' title="bbox 1084 1573 2811 1648">
     <span class='ocr_line' id='line_1_6' title="bbox 1084 1573 2811 1648; baseline -0.002 -16"><span class='ocrx_word' id='word_1_19' title='bbox 1084 1577 1241 1648; x_wconf 85' lang='grc' dir='ltr'>Πρὸς</span> <span class='ocrx_word' id='word_1_20' title='bbox 1279 1578 1621 1634; x_wconf 76' lang='grc' dir='ltr'>Εὐστάθιον</span> <span class='ocrx_word' id='word_1_21' title='bbox 1649 1577 2054 1646; x_wconf 76' lang='grc' dir='ltr'>πρεσϐύτερον</span> <span class='ocrx_word' id='word_1_22' title='bbox 2079 1575 2176 1630; x_wconf 75' lang='grc' dir='ltr'>καὶ</span> <span class='ocrx_word' id='word_1_23' title='bbox 2200 1574 2493 1630; x_wconf 75' lang='grc' dir='ltr'>Εὐσέϐιον</span> <span class='ocrx_word' id='word_1_24' title='bbox 2511 1573 2811 1629; x_wconf 72' lang='grc' dir='ltr'>διάκονον.</span> 
     </span>
    </p>
   </div>
   <div class='ocr_carea' id='block_1_7' title="bbox 724 1967 3144 2202">
    <p class='ocr_par' dir='ltr' id='par_1_7' title="bbox 724 1967 3144 2202">
     <span class='ocr_line' id='line_1_7' title="bbox 724 1967 3144 2202; baseline -0.005 -32"><span class='ocrx_word' id='word_1_25' title='bbox 724 2039 1460 2170; x_wconf 86' lang='lat' dir='ltr'><strong>PHILONIS</strong></span> <span class='ocrx_word' id='word_1_26' title='bbox 1505 2077 1511 2083; x_wconf 59' lang='grc' dir='ltr'><em>ο</em></span> <span class='ocrx_word' id='word_1_27' title='bbox 1555 1967 2258 2167; x_wconf 85' lang='lat' dir='ltr'><strong>EPISCOPI</strong></span> <span class='ocrx_word' id='word_1_28' title='bbox 2340 2031 3065 2167; x_wconf 80' lang='lat' dir='ltr'><strong>CARPASII</strong></span> <span class='ocrx_word' id='word_1_29' title='bbox 3105 2125 3144 2202; x_wconf 84' lang='lat'><strong>,</strong></span> 
     </span>
    </p>
   </div>
   <div class='ocr_carea' id='block_1_8' title="bbox 1675 2359 2210 2427">
    <p class='ocr_par' dir='ltr' id='par_1_8' title="bbox 1675 2359 2210 2427">
     <span class='ocr_line' id='line_1_8' title="bbox 1675 2359 2210 2427; baseline -0.004 -11"><span class='ocrx_word' id='word_1_30' title='bbox 1675 2361 1813 2420; x_wconf 84' lang='lat' dir='ltr'><strong>DEO</strong></span> <span class='ocrx_word' id='word_1_31' title='bbox 1850 2359 2170 2417; x_wconf 81' lang='lat' dir='ltr'><strong>JUVANTE</strong></span> <span class='ocrx_word' id='word_1_32' title='bbox 2195 2401 2210 2427; x_wconf 90' lang='lat'><strong>,</strong></span> 
     </span>
    </p>
   </div>
   <div class='ocr_carea' id='block_1_9' title="bbox 669 2605 3158 2721">
    <p class='ocr_par' dir='ltr' id='par_1_9' title="bbox 669 2605 3158 2721">
     <span class='ocr_line' id='line_1_9' title="bbox 669 2605 3158 2721; baseline -0.003 -1"><span class='ocrx_word' id='word_1_33' title='bbox 669 2626 1363 2721; x_wconf 82' lang='lat' dir='ltr'><strong>ENARRATIO</strong></span> <span class='ocrx_word' id='word_1_34' title='bbox 1458 2627 1583 2720; x_wconf 89' lang='lat' dir='ltr'><strong>IN</strong></span> <span class='ocrx_word' id='word_1_35' title='bbox 1676 2625 2288 2719; x_wconf 85' lang='lat' dir='ltr'><strong>CANTICUM</strong></span> <span class='ocrx_word' id='word_1_36' title='bbox 2381 2605 3158 2717; x_wconf 83' lang='lat' dir='ltr'><strong>CANTICORUM</strong></span> 
     </span>
    </p>
   </div>
   <div class='ocr_carea' id='block_1_10' title="bbox 1043 2900 2822 2986">
    <p class='ocr_par' dir='ltr' id='par_1_10' title="bbox 1043 2900 2822 2986">
     <span class='ocr_line' id='line_1_10' title="bbox 1043 2900 2822 2986; baseline -0.005 -15"><span class='ocrx_word' id='word_1_37' title='bbox 1043 2909 1133 2971; x_wconf 81' lang='lat' dir='ltr'><strong>Ad</strong></span> <span class='ocrx_word' id='word_1_38' title='bbox 1159 2905 1548 2969; x_wconf 86' lang='lat' dir='ltr'><strong>Eustathium</strong></span> <span class='ocrx_word' id='word_1_39' title='bbox 1570 2906 2008 2986; x_wconf 84' lang='lat' dir='ltr'><strong>presbyterum</strong></span> <span class='ocrx_word' id='word_1_40' title='bbox 2030 2907 2089 2964; x_wconf 89' lang='lat' dir='ltr'><strong>et</strong></span> <span class='ocrx_word' id='word_1_41' title='bbox 2107 2900 2446 2967; x_wconf 89' lang='lat' dir='ltr'><strong>Eusebium</strong></span> <span class='ocrx_word' id='word_1_42' title='bbox 2466 2900 2822 2967; x_wconf 81' lang='lat' dir='ltr'><strong>diaconum.</strong></span> 
     </span>
    </p>
   </div>
   <div class='ocr_carea' id='block_1_11' title="bbox 1823 3076 1971 3089">
    <p class='ocr_par' dir='ltr' id='par_1_11' title="bbox 1823 3076 1971 3089">
     <span class='ocr_line' id='line_1_11' title="bbox 1823 3076 1971 3089; baseline 0.007 -1"><span class='ocrx_word' id='word_1_43' title='bbox 1823 3077 1840 3088; x_wconf 63' lang='grc' dir='ltr'><strong>ι</strong></span> <span class='ocrx_word' id='word_1_44' title='bbox 1899 3076 1971 3089; x_wconf 83' lang='lat'><strong>—</strong></span> 
     </span>
    </p>
   </div>
   <div class='ocr_carea' id='block_1_12' title="bbox 377 3202 1946 3278">
    <p class='ocr_par' dir='ltr' id='par_1_12' title="bbox 377 3202 1946 3278">
     <span class='ocr_line' id='line_1_12' title="bbox 377 3202 1946 3278; baseline -0.004 -14"><span class='ocrx_word' id='word_1_45' title='bbox 377 3209 836 3278; x_wconf 83' lang='lat' dir='ltr'><strong>Quemadmodum</strong></span> <span class='ocrx_word' id='word_1_46' title='bbox 865 3221 1061 3276; x_wconf 85' lang='lat' dir='ltr'><strong>equum</strong></span> <span class='ocrx_word' id='word_1_47' title='bbox 1093 3219 1273 3261; x_wconf 88' lang='lat' dir='ltr'><strong>sessor</strong></span> <span class='ocrx_word' id='word_1_48' title='bbox 1300 3205 1366 3259; x_wconf 88' lang='lat' dir='ltr'><strong>ad</strong></span> <span class='ocrx_word' id='word_1_49' title='bbox 1392 3219 1608 3260; x_wconf 88' lang='lat' dir='ltr'><strong>cursum</strong></span> <span class='ocrx_word' id='word_1_50' title='bbox 1639 3202 1868 3274; x_wconf 82' lang='lat' dir='ltr'><strong>pedibus</strong></span> <span class='ocrx_word' id='word_1_51' title='bbox 1893 3209 1946 3268; x_wconf 71' lang='grc' dir='ltr'>Α</span> 
     </span>
    </p>
   </div>
   <div class='ocr_carea' id='block_1_13' title="bbox 311 3297 1876 3370">
    <p class='ocr_par' dir='ltr' id='par_1_13' title="bbox 311 3297 1876 3370">
     <span class='ocr_line' id='line_1_13' title="bbox 311 3297 1876 3370; baseline -0.003 -15"><span class='ocrx_word' id='word_1_52' title='bbox 311 3300 544 3370; x_wconf 75' lang='lat' dir='ltr'><strong>fodiens,</strong></span> <span class='ocrx_word' id='word_1_53' title='bbox 583 3301 746 3358; x_wconf 85' lang='lat' dir='ltr'><strong>etiam</strong></span> <span class='ocrx_word' id='word_1_54' title='bbox 805 3301 1219 3366; x_wconf 88' lang='lat' dir='ltr'><strong>detrectantem,</strong></span> <span class='ocrx_word' id='word_1_55' title='bbox 1284 3297 1514 3353; x_wconf 84' lang='lat' dir='ltr'><strong>celerem</strong></span> <span class='ocrx_word' id='word_1_56' title='bbox 1567 3297 1765 3360; x_wconf 91' lang='lat' dir='ltr'><strong>reddit,</strong></span> <span class='ocrx_word' id='word_1_57' title='bbox 1820 3305 1876 3350; x_wconf 86' lang='lat' dir='ltr'><strong>ut</strong></span> 
     </span>
    </p>
   </div>
   <div class='ocr_carea' id='block_1_14' title="bbox 306 3389 1875 3464">
    <p class='ocr_par' dir='ltr' id='par_1_14' title="bbox 306 3389 1875 3464">
     <span class='ocr_line' id='line_1_14' title="bbox 306 3389 1875 3464; baseline -0.002 -16"><span class='ocrx_word' id='word_1_58' title='bbox 306 3404 456 3448; x_wconf 88' lang='lat' dir='ltr'><strong>recta</strong></span> <span class='ocrx_word' id='word_1_59' title='bbox 487 3395 816 3464; x_wconf 74' lang='lat' dir='ltr'><strong>ingrediatur</strong></span> <span class='ocrx_word' id='word_1_60' title='bbox 864 3395 988 3448; x_wconf 90' lang='lat' dir='ltr'><strong>via:</strong></span> <span class='ocrx_word' id='word_1_61' title='bbox 1033 3394 1113 3449; x_wconf 91' lang='lat' dir='ltr'><strong>sic</strong></span> <span class='ocrx_word' id='word_1_62' title='bbox 1155 3392 1349 3464; x_wconf 78' lang='lat' dir='ltr'><strong>exiguo</strong></span> <span class='ocrx_word' id='word_1_63' title='bbox 1387 3407 1552 3448; x_wconf 89' lang='lat' dir='ltr'><strong>sensu</strong></span> <span class='ocrx_word' id='word_1_64' title='bbox 1592 3389 1875 3460; x_wconf 65' lang='lat' dir='ltr'><strong>praeditam</strong></span> 
     </span>
    </p>
   </div>
   <div class='ocr_carea' id='block_1_15' title="bbox 309 3486 1872 3556">
    <p class='ocr_par' dir='ltr' id='par_1_15' title="bbox 309 3486 1872 3556">
     <span class='ocr_line' id='line_1_15' title="bbox 309 3486 1872 3556; baseline -0.003 -15"><span class='ocrx_word' id='word_1_65' title='bbox 309 3497 544 3541; x_wconf 91' lang='lat' dir='ltr'><strong>mentem</strong></span> <span class='ocrx_word' id='word_1_66' title='bbox 571 3502 746 3544; x_wconf 85' lang='lat' dir='ltr'><strong>meam</strong></span> <span class='ocrx_word' id='word_1_67' title='bbox 775 3486 1037 3556; x_wconf 84' lang='lat' dir='ltr'><strong>speciosis</strong></span> <span class='ocrx_word' id='word_1_68' title='bbox 1064 3486 1292 3540; x_wconf 90' lang='lat' dir='ltr'><strong>duorum</strong></span> <span class='ocrx_word' id='word_1_69' title='bbox 1362 3493 1615 3554; x_wconf 90' lang='lat' dir='ltr'><strong>punctam</strong></span> <span class='ocrx_word' id='word_1_70' title='bbox 1656 3491 1872 3537; x_wconf 86' lang='lat' dir='ltr'><strong>sancto-</strong></span> 
     </span>
    </p>
   </div>
   <div class='ocr_carea' id='block_1_16' title="bbox 305 3571 1872 3648">
    <p class='ocr_par' dir='ltr' id='par_1_16' title="bbox 305 3571 1872 3648">
     <span class='ocr_line' id='line_1_16' title="bbox 305 3571 1872 3648; baseline -0.004 -18"><span class='ocrx_word' id='word_1_71' title='bbox 305 3591 425 3631; x_wconf 85' lang='lat' dir='ltr'><strong>rum</strong></span> <span class='ocrx_word' id='word_1_72' title='bbox 454 3577 692 3648; x_wconf 84' lang='lat' dir='ltr'><strong>virorum</strong></span> <span class='ocrx_word' id='word_1_73' title='bbox 723 3577 970 3648; x_wconf 88' lang='lat' dir='ltr'><strong>pedibus,</strong></span> <span class='ocrx_word' id='word_1_74' title='bbox 999 3590 1226 3646; x_wconf 91' lang='lat' dir='ltr'><strong>quorum</strong></span> <span class='ocrx_word' id='word_1_75' title='bbox 1257 3574 1394 3629; x_wconf 84' lang='lat' dir='ltr'><strong>alter</strong></span> <span class='ocrx_word' id='word_1_76' title='bbox 1422 3574 1724 3644; x_wconf 81' lang='lat' dir='ltr'><strong>presbyter,</strong></span> <span class='ocrx_word' id='word_1_77' title='bbox 1755 3571 1872 3625; x_wconf 86' lang='lat' dir='ltr'><strong>dia-</strong></span> 
     </span>
    </p>
   </div>
   <div class='ocr_carea' id='block_1_17' title="bbox 307 3661 1874 3740">
    <p class='ocr_par' dir='ltr' id='par_1_17' title="bbox 307 3661 1874 3740">
     <span class='ocr_line' id='line_1_17' title="bbox 307 3661 1874 3740; baseline -0.005 -18"><span class='ocrx_word' id='word_1_78' title='bbox 307 3682 479 3722; x_wconf 80' lang='lat' dir='ltr'><strong>conus</strong></span> <span class='ocrx_word' id='word_1_79' title='bbox 533 3669 692 3736; x_wconf 87' lang='lat' dir='ltr'><strong>alter,</strong></span> <span class='ocrx_word' id='word_1_80' title='bbox 740 3669 808 3724; x_wconf 93' lang='lat' dir='ltr'><strong>ad</strong></span> <span class='ocrx_word' id='word_1_81' title='bbox 863 3667 1198 3740; x_wconf 88' lang='lat' dir='ltr'><strong>spiritualem</strong></span> <span class='ocrx_word' id='word_1_82' title='bbox 1248 3667 1390 3721; x_wconf 91' lang='lat' dir='ltr'><strong>viam</strong></span> <span class='ocrx_word' id='word_1_83' title='bbox 1438 3661 1874 3720; x_wconf 81' lang='lat' dir='ltr'><strong>enarratiouisin</strong></span> 
     </span>
    </p>
   </div>
   <div class='ocr_carea' id='block_1_18' title="bbox 308 3757 1875 3828">
    <p class='ocr_par' dir='ltr' id='par_1_18' title="bbox 308 3757 1875 3828">
     <span class='ocr_line' id='line_1_18' title="bbox 308 3757 1875 3828; baseline -0.005 -10"><span class='ocrx_word' id='word_1_84' title='bbox 308 3760 531 3818; x_wconf 78' lang='lat' dir='ltr'><strong>Cantica</strong></span> <span class='ocrx_word' id='word_1_85' title='bbox 565 3763 888 3818; x_wconf 79' lang='lat' dir='ltr'><strong>canticorum</strong></span> <span class='ocrx_word' id='word_1_86' title='bbox 935 3761 1203 3818; x_wconf 88' lang='lat' dir='ltr'><strong>stimulari</strong></span> <span class='ocrx_word' id='word_1_87' title='bbox 1244 3761 1510 3815; x_wconf 84' lang='lat' dir='ltr'><strong>videbam.</strong></span> <span class='ocrx_word' id='word_1_88' title='bbox 1546 3757 1680 3813; x_wconf 88' lang='lat' dir='ltr'><strong>Cum</strong></span> <span class='ocrx_word' id='word_1_89' title='bbox 1713 3757 1875 3828; x_wconf 78' lang='lat' dir='ltr'><strong>igitur</strong></span> 
     </span>
    </p>
   </div>
   <div class='ocr_carea' id='block_1_19' title="bbox 307 3849 1875 3924">
    <p class='ocr_par' dir='ltr' id='par_1_19' title="bbox 307 3849 1875 3924">
     <span class='ocr_line' id='line_1_19' title="bbox 307 3849 1875 3924; baseline -0.003 -18"><span class='ocrx_word' id='word_1_90' title='bbox 307 3852 720 3909; x_wconf 85' lang='lat' dir='ltr'><strong>intolerabiliter</strong></span> <span class='ocrx_word' id='word_1_91' title='bbox 767 3869 980 3924; x_wconf 75' lang='lat' dir='ltr'><strong>urgear,</strong></span> <span class='ocrx_word' id='word_1_92' title='bbox 1040 3865 1154 3908; x_wconf 90' lang='lat' dir='ltr'><strong>uta</strong></span> <span class='ocrx_word' id='word_1_93' title='bbox 1208 3852 1460 3924; x_wconf 77' lang='lat' dir='ltr'><strong>segnitie,</strong></span> <span class='ocrx_word' id='word_1_94' title='bbox 1500 3851 1642 3905; x_wconf 89' lang='lat' dir='ltr'><strong>unde</strong></span> <span class='ocrx_word' id='word_1_95' title='bbox 1669 3849 1758 3903; x_wconf 93' lang='lat' dir='ltr'><strong>vix</strong></span> <span class='ocrx_word' id='word_1_96' title='bbox 1791 3855 1875 3902; x_wconf 85' lang='lat' dir='ltr'><strong>est</strong></span> 
     </span>
    </p>
   </div>
   <div class='ocr_carea' id='block_1_20' title="bbox 306 3943 1876 4015">
    <p class='ocr_par' dir='ltr' id='par_1_20' title="bbox 306 3943 1876 4015">
     <span class='ocr_line' id='line_1_20' title="bbox 306 3943 1876 4015; baseline -0.003 -18"><span class='ocrx_word' id='word_1_97' title='bbox 306 3943 509 4008; x_wconf 79' lang='lat' dir='ltr'><strong>exitus,</strong></span> <span class='ocrx_word' id='word_1_98' title='bbox 547 3958 854 4015; x_wconf 76' lang='lat' dir='ltr'><strong>emergam;</strong></span> <span class='ocrx_word' id='word_1_99' title='bbox 917 3955 1209 4014; x_wconf 88' lang='lat' dir='ltr'><strong>utrumque</strong></span> <span class='ocrx_word' id='word_1_100' title='bbox 1250 3953 1486 3998; x_wconf 90' lang='lat' dir='ltr'><strong>vestrum</strong></span> <span class='ocrx_word' id='word_1_101' title='bbox 1540 3955 1660 4003; x_wconf 90' lang='lat' dir='ltr'><strong>oro,</strong></span> <span class='ocrx_word' id='word_1_102' title='bbox 1691 3948 1751 3993; x_wconf 89' lang='lat' dir='ltr'><strong>ut</strong></span> <span class='ocrx_word' id='word_1_103' title='bbox 1789 3953 1876 3993; x_wconf 90' lang='lat' dir='ltr'><strong>me</strong></span> 
     </span>
    </p>
   </div>
   <div class='ocr_carea' id='block_1_21' title="bbox 304 4033 1876 4104">
    <p class='ocr_par' dir='ltr' id='par_1_21' title="bbox 304 4033 1876 4104">
     <span class='ocr_line' id='line_1_21' title="bbox 304 4033 1876 4104; baseline -0.001 -16"><span class='ocrx_word' id='word_1_104' title='bbox 304 4035 536 4090; x_wconf 79' lang='lat' dir='ltr'><strong>subditis</strong></span> <span class='ocrx_word' id='word_1_105' title='bbox 565 4052 671 4090; x_wconf 91' lang='lat' dir='ltr'><strong>non</strong></span> <span class='ocrx_word' id='word_1_106' title='bbox 703 4037 863 4092; x_wconf 90' lang='lat' dir='ltr'><strong>modo</strong></span> <span class='ocrx_word' id='word_1_107' title='bbox 918 4037 1150 4092; x_wconf 88' lang='lat' dir='ltr'><strong>stimulis</strong></span> <span class='ocrx_word' id='word_1_108' title='bbox 1179 4036 1247 4092; x_wconf 92' lang='lat' dir='ltr'><strong>ad</strong></span> <span class='ocrx_word' id='word_1_109' title='bbox 1304 4035 1462 4104; x_wconf 89' lang='lat' dir='ltr'><strong>hujus</strong></span> <span class='ocrx_word' id='word_1_110' title='bbox 1514 4033 1876 4089; x_wconf 86' lang='lat' dir='ltr'><strong>enarrationis</strong></span> 
     </span>
    </p>
   </div>
   <div class='ocr_carea' id='block_1_22' title="bbox 305 4127 1876 4197">
    <p class='ocr_par' dir='ltr' id='par_1_22' title="bbox 305 4127 1876 4197">
     <span class='ocr_line' id='line_1_22' title="bbox 305 4127 1876 4197; baseline -0.001 -17"><span class='ocrx_word' id='word_1_111' title='bbox 305 4140 531 4181; x_wconf 89' lang='lat' dir='ltr'><strong>cursum</strong></span> <span class='ocrx_word' id='word_1_112' title='bbox 577 4128 826 4184; x_wconf 82' lang='lat' dir='ltr'><strong>excitetis</strong></span> <span class='ocrx_word' id='word_1_113' title='bbox 863 4147 876 4180; x_wconf 91' lang='lat'><strong>:</strong></span> <span class='ocrx_word' id='word_1_114' title='bbox 909 4129 1001 4184; x_wconf 92' lang='lat' dir='ltr'><strong>sed</strong></span> <span class='ocrx_word' id='word_1_115' title='bbox 1061 4129 1312 4197; x_wconf 89' lang='lat' dir='ltr'><strong>precibus</strong></span> <span class='ocrx_word' id='word_1_116' title='bbox 1371 4127 1536 4182; x_wconf 91' lang='lat' dir='ltr'><strong>etiam</strong></span> <span class='ocrx_word' id='word_1_117' title='bbox 1569 4127 1636 4181; x_wconf 88' lang='lat' dir='ltr'><strong>ad</strong></span> <span class='ocrx_word' id='word_1_118' title='bbox 1671 4136 1876 4180; x_wconf 90' lang='lat' dir='ltr'><strong>rectum</strong></span> 
     </span>
    </p>
   </div>
   <div class='ocr_carea' id='block_1_23' title="bbox 305 4215 1874 4286">
    <p class='ocr_par' dir='ltr' id='par_1_23' title="bbox 305 4215 1874 4286">
     <span class='ocr_line' id='line_1_23' title="bbox 305 4215 1874 4286; baseline -0.002 -16"><span class='ocrx_word' id='word_1_119' title='bbox 305 4215 410 4275; x_wconf 79' lang='lat' dir='ltr'><strong>iter</strong></span> <span class='ocrx_word' id='word_1_120' title='bbox 439 4217 592 4285; x_wconf 85' lang='lat' dir='ltr'><strong>quasi</strong></span> <span class='ocrx_word' id='word_1_121' title='bbox 644 4216 798 4272; x_wconf 82' lang='lat' dir='ltr'><strong>freno</strong></span> <span class='ocrx_word' id='word_1_122' title='bbox 863 4227 1096 4272; x_wconf 86' lang='lat' dir='ltr'><strong>mentem</strong></span> <span class='ocrx_word' id='word_1_123' title='bbox 1156 4217 1354 4286; x_wconf 84' lang='lat' dir='ltr'><strong>regalis</strong></span> <span class='ocrx_word' id='word_1_124' title='bbox 1405 4225 1690 4281; x_wconf 89' lang='lat' dir='ltr'><strong>meam,ut</strong></span> <span class='ocrx_word' id='word_1_125' title='bbox 1730 4224 1874 4268; x_wconf 89' lang='lat' dir='ltr'><strong>recta</strong></span> 
     </span>
    </p>
   </div>
   <div class='ocr_carea' id='block_1_24' title="bbox 305 4305 1869 4378">
    <p class='ocr_par' dir='ltr' id='par_1_24' title="bbox 305 4305 1869 4378">
     <span class='ocr_line' id='line_1_24' title="bbox 305 4305 1869 4378; baseline 0 -20"><span class='ocrx_word' id='word_1_126' title='bbox 305 4305 533 4360; x_wconf 80' lang='lat' dir='ltr'><strong>decursa</strong></span> <span class='ocrx_word' id='word_1_127' title='bbox 559 4306 644 4360; x_wconf 86' lang='lat' dir='ltr'><strong>via</strong></span> <span class='ocrx_word' id='word_1_128' title='bbox 673 4317 727 4362; x_wconf 93' lang='lat' dir='ltr'><strong>et</strong></span> <span class='ocrx_word' id='word_1_129' title='bbox 757 4305 1062 4378; x_wconf 86' lang='lat' dir='ltr'><strong>inculpabili</strong></span> <span class='ocrx_word' id='word_1_130' title='bbox 1097 4307 1289 4362; x_wconf 89' lang='lat' dir='ltr'><strong>itinere</strong></span> <span class='ocrx_word' id='word_1_131' title='bbox 1307 4305 1562 4371; x_wconf 82' lang='lat' dir='ltr'><strong>defuncti,</strong></span> <span class='ocrx_word' id='word_1_132' title='bbox 1597 4323 1614 4357; x_wconf 78' lang='grc' dir='ltr'><strong>ι</strong></span> <span class='ocrx_word' id='word_1_133' title='bbox 1650 4307 1869 4359; x_wconf 90' lang='lat' dir='ltr'><strong>verbum</strong></span> 
     </span>
    </p>
   </div>
   <div class='ocr_carea' id='block_1_25' title="bbox 303 4392 1871 4467">
    <p class='ocr_par' dir='ltr' id='par_1_25' title="bbox 303 4392 1871 4467">
     <span class='ocr_line' id='line_1_25' title="bbox 303 4392 1871 4467; baseline -0.004 -16"><span class='ocrx_word' id='word_1_134' title='bbox 303 4411 494 4451; x_wconf 81' lang='lat' dir='ltr'><strong>sanum</strong></span> <span class='ocrx_word' id='word_1_135' title='bbox 546 4407 601 4452; x_wconf 85' lang='lat' dir='ltr'><strong>et</strong></span> <span class='ocrx_word' id='word_1_136' title='bbox 678 4396 1154 4467; x_wconf 87' lang='lat' dir='ltr'><strong>irreprehensibile</strong></span> <span class='ocrx_word' id='word_1_137' title='bbox 1193 4417 1212 4450; x_wconf 76' lang='grc' dir='ltr'><strong>ι</strong></span> <span class='ocrx_word' id='word_1_138' title='bbox 1259 4395 1410 4465; x_wconf 80' lang='lat' dir='ltr'><strong>juxta</strong></span> <span class='ocrx_word' id='word_1_139' title='bbox 1469 4394 1783 4466; x_wconf 83' lang='lat' dir='ltr'><strong>Apostolum</strong></span> <span class='ocrx_word' id='word_1_140' title='bbox 1828 4392 1871 4424; x_wconf 80' lang='lat'>&quot;</span> 
     </span>
    </p>
   </div>
   <div class='ocr_carea' id='block_1_26' title="bbox 377 4598 740 4665">
    <p class='ocr_par' dir='ltr' id='par_1_26' title="bbox 377 4598 740 4665">
     <span class='ocr_line' id='line_1_26' title="bbox 377 4598 740 4665; baseline 0.006 -13"><span class='ocrx_word' id='word_1_141' title='bbox 377 4598 417 4632; x_wconf 80' lang='lat'>“</span> <span class='ocrx_word' id='word_1_142' title='bbox 453 4599 558 4654; x_wconf 88' lang='lat' dir='ltr'><strong>Tit.</strong></span> <span class='ocrx_word' id='word_1_143' title='bbox 588 4617 647 4665; x_wconf 88' lang='lat' dir='ltr'><strong>ll,</strong></span> <span class='ocrx_word' id='word_1_144' title='bbox 679 4599 740 4654; x_wconf 86' lang='lat'><strong>8-</strong></span> 
     </span>
    </p>
   </div>
   <div class='ocr_carea' id='block_1_27' title="bbox 2045 3195 3552 3270">
    <p class='ocr_par' dir='ltr' id='par_1_27' title="bbox 2045 3195 3552 3270">
     <span class='ocr_line' id='line_1_27' title="bbox 2045 3195 3552 3270; baseline 0.003 -19"><span class='ocrx_word' id='word_1_145' title='bbox 2045 3200 2256 3270; x_wconf 84' lang='grc' dir='ltr'>Ὥσπερ</span> <span class='ocrx_word' id='word_1_146' title='bbox 2290 3199 2454 3254; x_wconf 80' lang='grc' dir='ltr'>ἵππον</span> <span class='ocrx_word' id='word_1_147' title='bbox 2484 3199 2564 3262; x_wconf 86' lang='grc' dir='ltr'><strong>είς</strong></span> <span class='ocrx_word' id='word_1_148' title='bbox 2596 3197 2817 3251; x_wconf 78' lang='grc' dir='ltr'><strong>ἐλασίαν</strong></span> <span class='ocrx_word' id='word_1_149' title='bbox 2846 3195 3111 3268; x_wconf 79' lang='grc' dir='ltr'><strong>ὲπιὸάτης</strong></span> <span class='ocrx_word' id='word_1_150' title='bbox 3142 3197 3298 3253; x_wconf 69' lang='grc' dir='ltr'>ποσὶν</span> <span class='ocrx_word' id='word_1_151' title='bbox 3320 3199 3552 3255; x_wconf 80' lang='grc' dir='ltr'>ὑπονύτ-</span> 
     </span>
    </p>
   </div>
   <div class='ocr_carea' id='block_1_28' title="bbox 1981 3290 3552 3364">
    <p class='ocr_par' dir='ltr' id='par_1_28' title="bbox 1981 3290 3552 3364">
     <span class='ocr_line' id='line_1_28' title="bbox 1981 3290 3552 3364; baseline -0.001 -16"><span class='ocrx_word' id='word_1_152' title='bbox 1981 3311 2110 3358; x_wconf 83' lang='grc' dir='ltr'>των,</span> <span class='ocrx_word' id='word_1_153' title='bbox 2147 3293 2240 3348; x_wconf 77' lang='grc' dir='ltr'><strong>καὶ</strong></span> <span class='ocrx_word' id='word_1_154' title='bbox 2275 3293 2347 3364; x_wconf 82' lang='grc' dir='ltr'><strong>μὴ</strong></span> <span class='ocrx_word' id='word_1_155' title='bbox 2386 3291 2705 3364; x_wconf 83' lang='grc' dir='ltr'>βουλόμενον</span> <span class='ocrx_word' id='word_1_156' title='bbox 2751 3290 3007 3345; x_wconf 84' lang='grc' dir='ltr'>ὠκύποδα</span> <span class='ocrx_word' id='word_1_157' title='bbox 3047 3290 3278 3363; x_wconf 85' lang='grc' dir='ltr'>καθιστᾷ</span> <span class='ocrx_word' id='word_1_158' title='bbox 3323 3292 3419 3364; x_wconf 81' lang='grc' dir='ltr'><strong>τὴν</strong></span> <span class='ocrx_word' id='word_1_159' title='bbox 3459 3294 3552 3347; x_wconf 75' lang='grc' dir='ltr'><strong>εὖ·</strong></span> 
     </span>
    </p>
   </div>
   <div class='ocr_carea' id='block_1_29' title="bbox 1984 3383 3552 3456">
    <p class='ocr_par' dir='ltr' id='par_1_29' title="bbox 1984 3383 3552 3456">
     <span class='ocr_line' id='line_1_29' title="bbox 1984 3383 3552 3456; baseline -0.001 -17"><span class='ocrx_word' id='word_1_160' title='bbox 1984 3385 2152 3456; x_wconf 85' lang='grc' dir='ltr'>σταθῆ</span> <span class='ocrx_word' id='word_1_161' title='bbox 2217 3385 2336 3438; x_wconf 77' lang='grc' dir='ltr'>ὁδὸν</span> <span class='ocrx_word' id='word_1_162' title='bbox 2394 3384 2629 3455; x_wconf 77' lang='grc' dir='ltr'>βαδίζειν</span> <span class='ocrx_word' id='word_1_163' title='bbox 2649 3384 2763 3454; x_wconf 77' lang='lat' dir='ltr'><strong>(I)&#39;</strong></span> <span class='ocrx_word' id='word_1_164' title='bbox 2793 3383 2934 3437; x_wconf 76' lang='grc' dir='ltr'>οὕτω</span> <span class='ocrx_word' id='word_1_165' title='bbox 2993 3385 3087 3438; x_wconf 75' lang='grc' dir='ltr'>καὶ</span> <span class='ocrx_word' id='word_1_166' title='bbox 3145 3384 3235 3437; x_wconf 79' lang='grc' dir='ltr'>τὸν</span> <span class='ocrx_word' id='word_1_167' title='bbox 3285 3384 3552 3456; x_wconf 75' lang='grc' dir='ltr'>ἡμέτερον</span> 
     </span>
    </p>
   </div>
   <div class='ocr_carea' id='block_1_30' title="bbox 1980 3474 3553 3547">
    <p class='ocr_par' dir='ltr' id='par_1_30' title="bbox 1980 3474 3553 3547">
     <span class='ocr_line' id='line_1_30' title="bbox 1980 3474 3553 3547; baseline 0.001 -19"><span class='ocrx_word' id='word_1_168' title='bbox 1980 3475 2392 3547; x_wconf 75' lang='grc' dir='ltr'>πενηχρόφρονα</span> <span class='ocrx_word' id='word_1_169' title='bbox 2414 3474 2536 3532; x_wconf 84' lang='grc' dir='ltr'>νοῦν</span> <span class='ocrx_word' id='word_1_170' title='bbox 2560 3475 2780 3547; x_wconf 80' lang='grc' dir='ltr'><strong>ὡραίοις</strong></span> <span class='ocrx_word' id='word_1_171' title='bbox 2809 3475 2883 3545; x_wconf 75' lang='grc'><strong>(2)</strong></span> <span class='ocrx_word' id='word_1_172' title='bbox 2904 3477 3058 3529; x_wconf 83' lang='grc' dir='ltr'>ποσὶν</span> <span class='ocrx_word' id='word_1_173' title='bbox 3085 3474 3402 3530; x_wconf 78' lang='grc' dir='ltr'>ἐλαύνεσθαι</span> <span class='ocrx_word' id='word_1_174' title='bbox 3429 3493 3553 3530; x_wconf 82' lang='grc' dir='ltr'>νυτ-</span> 
     </span>
    </p>
   </div>
   <div class='ocr_carea' id='block_1_31' title="bbox 1977 3566 3552 3639">
    <p class='ocr_par' dir='ltr' id='par_1_31' title="bbox 1977 3566 3552 3639">
     <span class='ocr_line' id='line_1_31' title="bbox 1977 3566 3552 3639; baseline -0.001 -17"><span class='ocrx_word' id='word_1_175' title='bbox 1977 3569 2200 3639; x_wconf 86' lang='grc' dir='ltr'>τόμενον</span> <span class='ocrx_word' id='word_1_176' title='bbox 2238 3566 2421 3638; x_wconf 78' lang='grc' dir='ltr'>ἑώρων</span> <span class='ocrx_word' id='word_1_177' title='bbox 2464 3567 2604 3620; x_wconf 86' lang='grc' dir='ltr'>δυοῖν</span> <span class='ocrx_word' id='word_1_178' title='bbox 2653 3567 2882 3638; x_wconf 83' lang='grc' dir='ltr'>ἀνδρῶν,</span> <span class='ocrx_word' id='word_1_179' title='bbox 2931 3567 3302 3638; x_wconf 78' lang='grc' dir='ltr'>πρεσϐυτέρου</span> <span class='ocrx_word' id='word_1_180' title='bbox 3353 3567 3451 3638; x_wconf 83' lang='grc' dir='ltr'><strong>μὲν</strong></span> <span class='ocrx_word' id='word_1_181' title='bbox 3471 3567 3552 3638; x_wconf 75' lang='lat'><strong>(5)</strong></span> 
     </span>
    </p>
   </div>
   <div class='ocr_carea' id='block_1_32' title="bbox 1978 3657 3553 3731">
    <p class='ocr_par' dir='ltr' id='par_1_32' title="bbox 1978 3657 3553 3731">
     <span class='ocr_line' id='line_1_32' title="bbox 1978 3657 3553 3731; baseline 0 -19"><span class='ocrx_word' id='word_1_182' title='bbox 1978 3660 2116 3722; x_wconf 81' lang='grc' dir='ltr'>ἐνὸς,</span> <span class='ocrx_word' id='word_1_183' title='bbox 2165 3658 2392 3731; x_wconf 83' lang='grc' dir='ltr'>θατέρου</span> <span class='ocrx_word' id='word_1_184' title='bbox 2445 3658 2502 3711; x_wconf 84' lang='grc' dir='ltr'><strong>δὲ</strong></span> <span class='ocrx_word' id='word_1_185' title='bbox 2554 3658 2822 3723; x_wconf 84' lang='grc' dir='ltr'>διακόνου,</span> <span class='ocrx_word' id='word_1_186' title='bbox 2862 3661 2949 3724; x_wconf 78' lang='grc' dir='ltr'>εἰς</span> <span class='ocrx_word' id='word_1_187' title='bbox 2988 3658 3061 3712; x_wconf 80' lang='grc' dir='ltr'>τὰ</span> <span class='ocrx_word' id='word_1_188' title='bbox 3114 3660 3388 3729; x_wconf 71' lang='grc' dir='ltr'>’ᾼσματα</span> <span class='ocrx_word' id='word_1_189' title='bbox 3432 3657 3553 3712; x_wconf 82' lang='grc' dir='ltr'><strong>τῶν</strong></span> 
     </span>
    </p>
   </div>
   <div class='ocr_carea' id='block_1_33' title="bbox 1978 3749 3552 3823">
    <p class='ocr_par' dir='ltr' id='par_1_33' title="bbox 1978 3749 3552 3823">
     <span class='ocr_line' id='line_1_33' title="bbox 1978 3749 3552 3823; baseline -0.003 -17"><span class='ocrx_word' id='word_1_190' title='bbox 1978 3751 2262 3822; x_wconf 79' lang='grc' dir='ltr'><strong>ᾀσμάτων</strong></span> <span class='ocrx_word' id='word_1_191' title='bbox 2288 3751 2386 3823; x_wconf 82' lang='grc' dir='ltr'>τὴν</span> <span class='ocrx_word' id='word_1_192' title='bbox 2415 3753 2789 3821; x_wconf 83' lang='grc' dir='ltr'>πνευματικὴν</span> <span class='ocrx_word' id='word_1_193' title='bbox 2835 3750 2934 3820; x_wconf 83' lang='grc' dir='ltr'>τῆς</span> <span class='ocrx_word' id='word_1_194' title='bbox 2977 3750 3273 3821; x_wconf 78' lang='grc' dir='ltr'>ἑρμηνείας</span> <span class='ocrx_word' id='word_1_195' title='bbox 3301 3749 3552 3822; x_wconf 83' lang='grc' dir='ltr'>πορείαν,</span> 
     </span>
    </p>
   </div>
   <div class='ocr_carea' id='block_1_34' title="bbox 1938 3841 3554 3916">
    <p class='ocr_par' dir='ltr' id='par_1_34' title="bbox 1938 3841 3554 3916">
     <span class='ocr_line' id='line_1_34' title="bbox 1938 3841 3554 3916; baseline 0 -20"><span class='ocrx_word' id='word_1_196' title='bbox 1938 3864 1941 3866; x_wconf 94' lang='grc'>·</span> <span class='ocrx_word' id='word_1_197' title='bbox 1979 3845 2332 3916; x_wconf 82' lang='grc' dir='ltr'>ἐλαυνόμενος</span> <span class='ocrx_word' id='word_1_198' title='bbox 2357 3842 2762 3914; x_wconf 73' lang='grc' dir='ltr'>ἀνεκϐάτοιςμ)</span> <span class='ocrx_word' id='word_1_199' title='bbox 2787 3841 3037 3896; x_wconf 80' lang='grc' dir='ltr'>ἵστασθαι</span> <span class='ocrx_word' id='word_1_200' title='bbox 3061 3843 3170 3905; x_wconf 86' lang='grc' dir='ltr'>τοῖς</span> <span class='ocrx_word' id='word_1_201' title='bbox 3191 3841 3368 3906; x_wconf 74' lang='grc' dir='ltr'>ὄκνοις</span> <span class='ocrx_word' id='word_1_202' title='bbox 3393 3841 3554 3897; x_wconf 76' lang='grc' dir='ltr'>ἀστέ-</span> 
     </span>
    </p>
   </div>
   <div class='ocr_carea' id='block_1_35' title="bbox 1979 3932 3553 4007">
    <p class='ocr_par' dir='ltr' id='par_1_35' title="bbox 1979 3932 3553 4007">
     <span class='ocr_line' id='line_1_35' title="bbox 1979 3932 3553 4007; baseline -0.004 -15"><span class='ocrx_word' id='word_1_203' title='bbox 1979 3953 2122 4001; x_wconf 84' lang='grc' dir='ltr'>κτως</span> <span class='ocrx_word' id='word_1_204' title='bbox 2149 3937 2246 4006; x_wconf 84' lang='lat'><strong>(5).</strong></span> <span class='ocrx_word' id='word_1_205' title='bbox 2284 3935 2594 4007; x_wconf 84' lang='grc' dir='ltr'>Παρακαλῶ</span> <span class='ocrx_word' id='word_1_206' title='bbox 2645 3936 2703 3988; x_wconf 82' lang='grc' dir='ltr'>δὲ</span> <span class='ocrx_word' id='word_1_207' title='bbox 2741 3935 2908 4006; x_wconf 78' lang='grc' dir='ltr'><strong>ἄμφω</strong></span> <span class='ocrx_word' id='word_1_208' title='bbox 2947 3935 3073 3998; x_wconf 82' lang='grc' dir='ltr'>τοὺς</span> <span class='ocrx_word' id='word_1_209' title='bbox 3107 3933 3304 3997; x_wconf 79' lang='grc' dir='ltr'>αὐτοὺς</span> <span class='ocrx_word' id='word_1_210' title='bbox 3339 3932 3414 4004; x_wconf 81' lang='grc' dir='ltr'><strong>μὴ</strong></span> <span class='ocrx_word' id='word_1_211' title='bbox 3451 3932 3553 4002; x_wconf 89' lang='grc' dir='ltr'>μό-</span> 
     </span>
    </p>
   </div>
   <div class='ocr_carea' id='block_1_36' title="bbox 1979 4028 3552 4101">
    <p class='ocr_par' dir='ltr' id='par_1_36' title="bbox 1979 4028 3552 4101">
     <span class='ocr_line' id='line_1_36' title="bbox 1979 4028 3552 4101; baseline -0.006 -13"><span class='ocrx_word' id='word_1_212' title='bbox 1979 4050 2068 4088; x_wconf 88' lang='grc' dir='ltr'><strong>νον</strong></span> <span class='ocrx_word' id='word_1_213' title='bbox 2094 4030 2408 4085; x_wconf 85' lang='grc' dir='ltr'>ὑπονύττειν</span> <span class='ocrx_word' id='word_1_214' title='bbox 2437 4030 2528 4084; x_wconf 74' lang='grc' dir='ltr'>καὶ</span> <span class='ocrx_word' id='word_1_215' title='bbox 2554 4029 2839 4101; x_wconf 84' lang='grc' dir='ltr'>διεγείρειν</span> <span class='ocrx_word' id='word_1_216' title='bbox 2879 4029 2972 4083; x_wconf 74' lang='grc' dir='ltr'><strong>ἐπὶ</strong></span> <span class='ocrx_word' id='word_1_217' title='bbox 2999 4029 3090 4084; x_wconf 87' lang='grc' dir='ltr'><strong>τὸν</strong></span> <span class='ocrx_word' id='word_1_218' title='bbox 3126 4029 3226 4099; x_wconf 82' lang='grc' dir='ltr'>τῆς</span> <span class='ocrx_word' id='word_1_219' title='bbox 3254 4028 3552 4099; x_wconf 78' lang='grc' dir='ltr'>ἑρμηνείας</span> 
     </span>
    </p>
   </div>
   <div class='ocr_carea' id='block_1_37' title="bbox 1983 4120 3552 4195">
    <p class='ocr_par' dir='ltr' id='par_1_37' title="bbox 1983 4120 3552 4195">
     <span class='ocr_line' id='line_1_37' title="bbox 1983 4120 3552 4195; baseline 0 -19"><span class='ocrx_word' id='word_1_220' title='bbox 1983 4123 2201 4195; x_wconf 81' lang='grc' dir='ltr'>δρόμον,</span> <span class='ocrx_word' id='word_1_221' title='bbox 2235 4121 2370 4176; x_wconf 81' lang='grc' dir='ltr'>ἀλλὰ</span> <span class='ocrx_word' id='word_1_222' title='bbox 2403 4122 2496 4174; x_wconf 71' lang='lat' dir='ltr'><strong>xc).</strong></span> <span class='ocrx_word' id='word_1_223' title='bbox 2519 4121 2586 4174; x_wconf 83' lang='grc' dir='ltr'>δι’</span> <span class='ocrx_word' id='word_1_224' title='bbox 2621 4122 2872 4194; x_wconf 84' lang='grc' dir='ltr'><strong>εὐχῆς(6)</strong></span> <span class='ocrx_word' id='word_1_225' title='bbox 2897 4123 3032 4193; x_wconf 82' lang='grc' dir='ltr'>πρὸς</span> <span class='ocrx_word' id='word_1_226' title='bbox 3064 4123 3131 4178; x_wconf 82' lang='grc' dir='ltr'>τὰ</span> <span class='ocrx_word' id='word_1_227' title='bbox 3153 4123 3286 4194; x_wconf 82' lang='grc' dir='ltr'><strong>εὺθῆ</strong></span> <span class='ocrx_word' id='word_1_228' title='bbox 3308 4120 3400 4176; x_wconf 83' lang='grc' dir='ltr'><strong>τὸν</strong></span> <span class='ocrx_word' id='word_1_229' title='bbox 3426 4120 3552 4176; x_wconf 79' lang='grc' dir='ltr'>νοῦν</span> 
     </span>
    </p>
   </div>
   <div class='ocr_carea' id='block_1_38' title="bbox 1981 4213 3551 4288">
    <p class='ocr_par' dir='ltr' id='par_1_38' title="bbox 1981 4213 3551 4288">
     <span class='ocr_line' id='line_1_38' title="bbox 1981 4213 3551 4288; baseline -0.002 -19"><span class='ocrx_word' id='word_1_230' title='bbox 1981 4215 2438 4287; x_wconf 79' lang='grc' dir='ltr'>χαλιναγωγῆσαι,</span> <span class='ocrx_word' id='word_1_231' title='bbox 2456 4213 2542 4267; x_wconf 81' lang='grc' dir='ltr'><strong>ἵνα</strong></span> <span class='ocrx_word' id='word_1_232' title='bbox 2573 4213 2669 4285; x_wconf 79' lang='grc' dir='ltr'>τὴν</span> <span class='ocrx_word' id='word_1_233' title='bbox 2698 4214 2910 4268; x_wconf 78' lang='grc' dir='ltr'>εὐθεῖαν</span> <span class='ocrx_word' id='word_1_234' title='bbox 2928 4216 3006 4285; x_wconf 85' lang='grc'><strong>(7)</strong></span> <span class='ocrx_word' id='word_1_235' title='bbox 3027 4216 3344 4288; x_wconf 82' lang='grc' dir='ltr'>δραμόντες,</span> <span class='ocrx_word' id='word_1_236' title='bbox 3371 4215 3551 4285; x_wconf 81' lang='grc' dir='ltr'>ἄμεμ-</span> 
     </span>
    </p>
   </div>
   <div class='ocr_carea' id='block_1_39' title="bbox 1990 4302 3559 4376">
    <p class='ocr_par' dir='ltr' id='par_1_39' title="bbox 1990 4302 3559 4376">
     <span class='ocr_line' id='line_1_39' title="bbox 1990 4302 3559 4376; baseline 0.003 -19"><span class='ocrx_word' id='word_1_237' title='bbox 1990 4305 2122 4362; x_wconf 88' lang='grc' dir='ltr'>πτόν</span> <span class='ocrx_word' id='word_1_238' title='bbox 2153 4321 2212 4357; x_wconf 85' lang='grc' dir='ltr'><strong>τε</strong></span> <span class='ocrx_word' id='word_1_239' title='bbox 2246 4303 2469 4376; x_wconf 81' lang='grc' dir='ltr'>πορείαν</span> <span class='ocrx_word' id='word_1_240' title='bbox 2515 4302 2850 4374; x_wconf 86' lang='grc' dir='ltr'>βαδίσαντες,</span> <span class='ocrx_word' id='word_1_241' title='bbox 2891 4305 2984 4358; x_wconf 73' lang='grc' dir='ltr'><strong>καὶ</strong></span> <span class='ocrx_word' id='word_1_242' title='bbox 3037 4323 3057 4356; x_wconf 76' lang='grc' dir='ltr'><strong>ι</strong></span> <span class='ocrx_word' id='word_1_243' title='bbox 3088 4305 3241 4375; x_wconf 89' lang='grc' dir='ltr'>λόγον</span> <span class='ocrx_word' id='word_1_244' title='bbox 3283 4303 3410 4374; x_wconf 83' lang='grc' dir='ltr'><strong>ὑγιῆ</strong></span> <span class='ocrx_word' id='word_1_245' title='bbox 3455 4302 3559 4361; x_wconf 77' lang='grc' dir='ltr'>καὶ.</span> 
     </span>
    </p>
   </div>
   <div class='ocr_carea' id='block_1_40' title="bbox 1989 4395 3548 4468">
    <p class='ocr_par' dir='ltr' id='par_1_40' title="bbox 1989 4395 3548 4468">
     <span class='ocr_line' id='line_1_40' title="bbox 1989 4395 3548 4468; baseline -0.003 -16"><span class='ocrx_word' id='word_1_246' title='bbox 1989 4396 2426 4466; x_wconf 82' lang='grc' dir='ltr'>ἀκατάγνωστον,</span> <span class='ocrx_word' id='word_1_247' title='bbox 2452 4414 2471 4447; x_wconf 84' lang='grc'><strong>›</strong></span> <span class='ocrx_word' id='word_1_248' title='bbox 2509 4395 2650 4449; x_wconf 83' lang='grc' dir='ltr'>κατὰ</span> <span class='ocrx_word' id='word_1_249' title='bbox 2685 4395 2778 4449; x_wconf 83' lang='grc' dir='ltr'>τὸν</span> <span class='ocrx_word' id='word_1_250' title='bbox 2816 4396 3157 4462; x_wconf 82' lang='grc' dir='ltr'>’Δπόστολον,</span> <span class='ocrx_word' id='word_1_251' title='bbox 3180 4395 3414 4468; x_wconf 79' lang='grc' dir='ltr'>θέμενοι,</span> <span class='ocrx_word' id='word_1_252' title='bbox 3437 4395 3548 4449; x_wconf 79' lang='grc' dir='ltr'><strong>Κύ-</strong></span> 
     </span>
    </p>
   </div>
   <div class='ocr_carea' id='block_1_41' title="bbox 375 4779 1878 4864">
    <p class='ocr_par' dir='ltr' id='par_1_41' title="bbox 375 4779 1867 4864">
     <span class='ocr_line' id='line_1_41' title="bbox 375 4779 1867 4864; baseline 0.001 -29"><span class='ocrx_word' id='word_1_253' title='bbox 375 4779 450 4864; x_wconf 61' lang='lat' dir='ltr'><strong>(t)</strong></span> <span class='ocrx_word' id='word_1_254' title='bbox 491 4779 677 4864; x_wconf 53' lang='lat' dir='ltr'><strong>Codex</strong></span> <span class='ocrx_word' id='word_1_255' title='bbox 708 4781 868 4864; x_wconf 57' lang='lat' dir='ltr'><strong>Barb.</strong></span> <span class='ocrx_word' id='word_1_256' title='bbox 896 4782 999 4864; x_wconf 71' lang='grc' dir='ltr'>τὴν</span> <span class='ocrx_word' id='word_1_257' title='bbox 1026 4781 1258 4864; x_wconf 74' lang='grc' dir='ltr'>εὐσταθῆ</span> <span class='ocrx_word' id='word_1_258' title='bbox 1287 4801 1344 4836; x_wconf 82' lang='grc' dir='ltr'><strong>τε</strong></span> <span class='ocrx_word' id='word_1_259' title='bbox 1375 4784 1452 4838; x_wconf 86' lang='grc' dir='ltr'><strong>ὁδ.</strong></span> <span class='ocrx_word' id='word_1_260' title='bbox 1488 4782 1606 4855; x_wconf 87' lang='grc' dir='ltr'>βαδ.</span> <span class='ocrx_word' id='word_1_261' title='bbox 1635 4780 1867 4864; x_wconf 70' lang='grc' dir='ltr'>ἐλαύνει.</span> 
     </span>
    </p>
   </div>
   <div class='ocr_carea' id='block_1_42' title="bbox 1992 4779 3547 4864">
    <p class='ocr_par' dir='ltr' id='par_1_42' title="bbox 1992 4783 3547 4864">
     <span class='ocr_line' id='line_1_42' title="bbox 1992 4783 3547 4864; baseline 0.008 -31"><span class='ocrx_word' id='word_1_262' title='bbox 1992 4783 2082 4864; x_wconf 39' lang='lat' dir='ltr'><strong>vix.</strong></span> <span class='ocrx_word' id='word_1_263' title='bbox 2106 4783 2393 4864; x_wconf 58' lang='lat' dir='ltr'><strong>indicatam</strong></span> <span class='ocrx_word' id='word_1_264' title='bbox 2431 4783 2618 4864; x_wconf 71' lang='lat' dir='ltr'><strong>primis</strong></span> <span class='ocrx_word' id='word_1_265' title='bbox 2670 4784 2868 4864; x_wconf 80' lang='lat' dir='ltr'><strong>litteris</strong></span> <span class='ocrx_word' id='word_1_266' title='bbox 2917 4785 3050 4840; x_wconf 81' lang='grc' dir='ltr'><strong>ἀστέ</strong></span> <span class='ocrx_word' id='word_1_267' title='bbox 3072 4826 3088 4840; x_wconf 89' lang='grc'><strong>.</strong></span> <span class='ocrx_word' id='word_1_268' title='bbox 3112 4826 3126 4839; x_wconf 94' lang='grc'><strong>.</strong></span> <span class='ocrx_word' id='word_1_269' title='bbox 3158 4825 3174 4840; x_wconf 93' lang='grc'><strong>.</strong></span> <span class='ocrx_word' id='word_1_270' title='bbox 3203 4787 3423 4864; x_wconf 69' lang='lat' dir='ltr'><strong>restitui</strong></span> <span class='ocrx_word' id='word_1_271' title='bbox 3475 4805 3547 4864; x_wconf 84' lang='lat' dir='ltr'><strong>ex</strong></span> 
     </span>
    </p>
   </div>
   <div class='ocr_carea' id='block_1_43' title="bbox 306 4849 1872 4924">
    <p class='ocr_par' dir='ltr' id='par_1_43' title="bbox 306 4849 1872 4924">
     <span class='ocr_line' id='line_1_43' title="bbox 306 4849 1872 4924; baseline -0.001 -20"><span class='ocrx_word' id='word_1_272' title='bbox 306 4849 416 4924; x_wconf 61' lang='lat' dir='ltr'><strong>Sed</strong></span> <span class='ocrx_word' id='word_1_273' title='bbox 456 4851 602 4905; x_wconf 85' lang='lat' dir='ltr'><strong>vocis</strong></span> <span class='ocrx_word' id='word_1_274' title='bbox 627 4853 862 4924; x_wconf 73' lang='grc' dir='ltr'>εὐσταθῆ</span> <span class='ocrx_word' id='word_1_275' title='bbox 888 4849 1141 4907; x_wconf 68' lang='grc' dir='ltr'>τείΙιεΙθιςι</span> <span class='ocrx_word' id='word_1_276' title='bbox 1184 4849 1267 4907; x_wconf 76' lang='lat' dir='ltr'><strong>esi</strong></span> <span class='ocrx_word' id='word_1_277' title='bbox 1298 4849 1564 4908; x_wconf 79' lang='lat' dir='ltr'><strong>vetustate</strong></span> <span class='ocrx_word' id='word_1_278' title='bbox 1590 4856 1737 4924; x_wconf 90' lang='lat' dir='ltr'><strong>prior</strong></span> <span class='ocrx_word' id='word_1_279' title='bbox 1764 4852 1872 4924; x_wconf 86' lang='lat' dir='ltr'><strong>syl-</strong></span> 
     </span>
    </p>
   </div>
   <div class='ocr_carea' id='block_1_44' title="bbox 304 4920 1875 4994">
    <p class='ocr_par' dir='ltr' id='par_1_44' title="bbox 304 4920 1875 4994">
     <span class='ocr_line' id='line_1_44' title="bbox 304 4920 1875 4994; baseline 0.001 -21"><span class='ocrx_word' id='word_1_280' title='bbox 304 4920 447 4994; x_wconf 82' lang='lat' dir='ltr'><strong>laba,</strong></span> <span class='ocrx_word' id='word_1_281' title='bbox 478 4933 821 4994; x_wconf 44' lang='lat' dir='ltr'><strong>atque/error</strong></span> <span class='ocrx_word' id='word_1_282' title='bbox 852 4920 934 4978; x_wconf 81' lang='lat' dir='ltr'><strong>est</strong></span> <span class='ocrx_word' id='word_1_283' title='bbox 961 4926 1013 4975; x_wconf 91' lang='lat' dir='ltr'><strong>in</strong></span> <span class='ocrx_word' id='word_1_284' title='bbox 1047 4936 1291 4978; x_wconf 86' lang='lat' dir='ltr'><strong>accentu.</strong></span> <span class='ocrx_word' id='word_1_285' title='bbox 1322 4924 1500 4978; x_wconf 78' lang='lat' dir='ltr'><strong>Codex</strong></span> <span class='ocrx_word' id='word_1_286' title='bbox 1527 4920 1744 4978; x_wconf 80' lang='lat' dir='ltr'><strong>Auxim.</strong></span> <span class='ocrx_word' id='word_1_287' title='bbox 1774 4920 1875 4994; x_wconf 76' lang='grc' dir='ltr'>τὴν</span> 
     </span>
    </p>
   </div>
   <div class='ocr_carea' id='block_1_45' title="bbox 303 4991 1874 5064">
    <p class='ocr_par' dir='ltr' id='par_1_45' title="bbox 303 4991 1874 5064">
     <span class='ocr_line' id='line_1_45' title="bbox 303 4991 1874 5064; baseline 0.003 -21"><span class='ocrx_word' id='word_1_288' title='bbox 303 4991 540 5062; x_wconf 74' lang='grc' dir='ltr'>εὐσταθῆ</span> <span class='ocrx_word' id='word_1_289' title='bbox 583 5009 643 5045; x_wconf 87' lang='grc' dir='ltr'><strong>τε</strong></span> <span class='ocrx_word' id='word_1_290' title='bbox 675 4993 813 5057; x_wconf 79' lang='grc' dir='ltr'>ὁδόν,</span> <span class='ocrx_word' id='word_1_291' title='bbox 848 5009 945 5048; x_wconf 87' lang='lat' dir='ltr'><strong>nec</strong></span> <span class='ocrx_word' id='word_1_292' title='bbox 984 4993 1143 5047; x_wconf 85' lang='lat' dir='ltr'><strong>habet</strong></span> <span class='ocrx_word' id='word_1_293' title='bbox 1187 4995 1419 5064; x_wconf 77' lang='grc' dir='ltr'>ἐλαύνει.</span> <span class='ocrx_word' id='word_1_294' title='bbox 1447 4994 1630 5050; x_wconf 90' lang='lat' dir='ltr'><strong>Lectio</strong></span> <span class='ocrx_word' id='word_1_295' title='bbox 1667 5009 1786 5064; x_wconf 66' lang='lat' dir='ltr'><strong>quae</strong></span> <span class='ocrx_word' id='word_1_296' title='bbox 1821 4991 1874 5048; x_wconf 88' lang='lat' dir='ltr'><strong>in</strong></span> 
     </span>
    </p>
   </div>
   <div class='ocr_carea' id='block_1_46' title="bbox 306 5063 1396 5133">
    <p class='ocr_par' dir='ltr' id='par_1_46' title="bbox 306 5063 1396 5133">
     <span class='ocr_line' id='line_1_46' title="bbox 306 5063 1396 5133; baseline 0.005 -19"><span class='ocrx_word' id='word_1_297' title='bbox 306 5071 473 5127; x_wconf 80' lang='lat' dir='ltr'><strong>textu,</strong></span> <span class='ocrx_word' id='word_1_298' title='bbox 501 5064 687 5117; x_wconf 90' lang='lat' dir='ltr'><strong>eadem</strong></span> <span class='ocrx_word' id='word_1_299' title='bbox 718 5074 801 5118; x_wconf 89' lang='lat' dir='ltr'><strong>est</strong></span> <span class='ocrx_word' id='word_1_300' title='bbox 828 5078 947 5133; x_wconf 74' lang='lat' dir='ltr'><strong>qua:</strong></span> <span class='ocrx_word' id='word_1_301' title='bbox 976 5065 1027 5116; x_wconf 88' lang='lat' dir='ltr'><strong>in</strong></span> <span class='ocrx_word' id='word_1_302' title='bbox 1061 5065 1180 5117; x_wconf 91' lang='lat' dir='ltr'><strong>cod.</strong></span> <span class='ocrx_word' id='word_1_303' title='bbox 1208 5063 1396 5119; x_wconf 88' lang='lat' dir='ltr'><strong>Theat.</strong></span> 
     </span>
    </p>
   </div>
   <div class='ocr_carea' id='block_1_47' title="bbox 375 5133 1872 5203">
    <p class='ocr_par' dir='ltr' id='par_1_47' title="bbox 375 5133 1872 5203">
     <span class='ocr_line' id='line_1_47' title="bbox 375 5133 1872 5203; baseline 0.003 -18"><span class='ocrx_word' id='word_1_304' title='bbox 375 5133 452 5203; x_wconf 80' lang='lat'><strong>(‘2)</strong></span> <span class='ocrx_word' id='word_1_305' title='bbox 506 5133 782 5202; x_wconf 82' lang='grc' dir='ltr'>Ὡραιοις.</span> <span class='ocrx_word' id='word_1_306' title='bbox 812 5133 1016 5188; x_wconf 84' lang='lat' dir='ltr'><strong>Alludit</strong></span> <span class='ocrx_word' id='word_1_307' title='bbox 1062 5135 1126 5185; x_wconf 91' lang='lat' dir='ltr'><strong>ad</strong></span> <span class='ocrx_word' id='word_1_308' title='bbox 1176 5133 1301 5186; x_wconf 93' lang='lat' dir='ltr'><strong>illud</strong></span> <span class='ocrx_word' id='word_1_309' title='bbox 1337 5133 1401 5188; x_wconf 91' lang='lat' dir='ltr'><strong>D.</strong></span> <span class='ocrx_word' id='word_1_310' title='bbox 1426 5133 1599 5197; x_wconf 88' lang='lat' dir='ltr'><strong>Pauli,</strong></span> <span class='ocrx_word' id='word_1_311' title='bbox 1631 5133 1786 5188; x_wconf 80' lang='lat' dir='ltr'><strong>Rom.</strong></span> <span class='ocrx_word' id='word_1_312' title='bbox 1816 5151 1872 5200; x_wconf 90' lang='lat' dir='ltr'><strong>x,</strong></span> 
     </span>
    </p>
   </div>
   <div class='ocr_carea' id='block_1_48' title="bbox 310 5203 1881 5276">
    <p class='ocr_par' dir='ltr' id='par_1_48' title="bbox 310 5203 1881 5276">
     <span class='ocr_line' id='line_1_48' title="bbox 310 5203 1881 5276; baseline 0 -17"><span class='ocrx_word' id='word_1_313' title='bbox 310 5204 400 5260; x_wconf 74' lang='lat' dir='ltr'><strong>i5.</strong></span> <span class='ocrx_word' id='word_1_314' title='bbox 438 5205 492 5256; x_wconf 92' lang='lat' dir='ltr'><strong>In</strong></span> <span class='ocrx_word' id='word_1_315' title='bbox 523 5206 686 5258; x_wconf 82' lang='lat' dir='ltr'><strong>veteri</strong></span> <span class='ocrx_word' id='word_1_316' title='bbox 721 5205 970 5276; x_wconf 82' lang='lat' dir='ltr'><strong>versione</strong></span> <span class='ocrx_word' id='word_1_317' title='bbox 1005 5217 1123 5276; x_wconf 63' lang='lat' dir='ltr'><strong>quae</strong></span> <span class='ocrx_word' id='word_1_318' title='bbox 1158 5203 1343 5258; x_wconf 63' lang='lat' dir='ltr'><strong>Romae</strong></span> <span class='ocrx_word' id='word_1_319' title='bbox 1378 5207 1575 5273; x_wconf 88' lang='lat' dir='ltr'><strong>prodiit</strong></span> <span class='ocrx_word' id='word_1_320' title='bbox 1608 5206 1749 5276; x_wconf 87' lang='lat' dir='ltr'><strong>typis</strong></span> <span class='ocrx_word' id='word_1_321' title='bbox 1781 5207 1881 5259; x_wconf 57' lang='lat' dir='ltr'><strong>in»</strong></span> 
     </span>
    </p>
   </div>
   <div class='ocr_carea' id='block_1_49' title="bbox 305 5273 1880 5346">
    <p class='ocr_par' dir='ltr' id='par_1_49' title="bbox 305 5273 1880 5346">
     <span class='ocr_line' id='line_1_49' title="bbox 305 5273 1880 5346; baseline 0.002 -20"><span class='ocrx_word' id='word_1_322' title='bbox 305 5288 490 5346; x_wconf 83' lang='lat' dir='ltr'><strong>pressa</strong></span> <span class='ocrx_word' id='word_1_323' title='bbox 539 5289 679 5346; x_wconf 83' lang='lat' dir='ltr'><strong>anno</strong></span> <span class='ocrx_word' id='word_1_324' title='bbox 716 5275 876 5340; x_wconf 81' lang='grc'><strong>1750,</strong></span> <span class='ocrx_word' id='word_1_325' title='bbox 903 5276 1019 5346; x_wconf 82' lang='lat' dir='ltr'><strong>sive</strong></span> <span class='ocrx_word' id='word_1_326' title='bbox 1046 5273 1118 5326; x_wconf 86' lang='lat' dir='ltr'><strong>sit</strong></span> <span class='ocrx_word' id='word_1_327' title='bbox 1145 5289 1299 5330; x_wconf 87' lang='lat' dir='ltr'><strong>error</strong></span> <span class='ocrx_word' id='word_1_328' title='bbox 1325 5273 1775 5346; x_wconf 72' lang='lat' dir='ltr'><strong>operarum,sive</strong></span> <span class='ocrx_word' id='word_1_329' title='bbox 1809 5278 1880 5329; x_wconf 90' lang='lat' dir='ltr'><strong>ita</strong></span> 
     </span>
    </p>
   </div>
   <div class='ocr_carea' id='block_1_50' title="bbox 309 5343 1881 5418">
    <p class='ocr_par' dir='ltr' id='par_1_50' title="bbox 309 5343 1881 5418">
     <span class='ocr_line' id='line_1_50' title="bbox 309 5343 1881 5418; baseline 0.003 -20"><span class='ocrx_word' id='word_1_330' title='bbox 309 5344 506 5398; x_wconf 81' lang='lat' dir='ltr'><strong>habeat</strong></span> <span class='ocrx_word' id='word_1_331' title='bbox 530 5345 704 5418; x_wconf 67' lang='lat' dir='ltr'><strong>codex</strong></span> <span class='ocrx_word' id='word_1_332' title='bbox 726 5346 876 5418; x_wconf 78' lang='lat' dir='ltr'><strong>unde</strong></span> <span class='ocrx_word' id='word_1_333' title='bbox 906 5343 1004 5396; x_wconf 80' lang='lat' dir='ltr'><strong>fuit</strong></span> <span class='ocrx_word' id='word_1_334' title='bbox 1048 5347 1343 5418; x_wconf 81' lang='lat' dir='ltr'><strong>exscripta,</strong></span> <span class='ocrx_word' id='word_1_335' title='bbox 1364 5343 1572 5418; x_wconf 74' lang='lat' dir='ltr'><strong>legitur</strong></span> <span class='ocrx_word' id='word_1_336' title='bbox 1619 5366 1637 5398; x_wconf 79' lang='grc' dir='ltr'><strong>ι</strong></span> <span class='ocrx_word' id='word_1_337' title='bbox 1669 5346 1881 5417; x_wconf 83' lang='lat' dir='ltr'><strong>specio-</strong></span> 
     </span>
    </p>
   </div>
   <div class='ocr_carea' id='block_1_51' title="bbox 307 5415 1241 5484">
    <p class='ocr_par' dir='ltr' id='par_1_51' title="bbox 307 5415 1241 5484">
     <span class='ocr_line' id='line_1_51' title="bbox 307 5415 1241 5484; baseline 0.003 -18"><span class='ocrx_word' id='word_1_338' title='bbox 307 5418 442 5470; x_wconf 87' lang='lat' dir='ltr'><strong>sius.</strong></span> <span class='ocrx_word' id='word_1_339' title='bbox 469 5433 487 5465; x_wconf 75' lang='grc' dir='ltr'><strong>ι</strong></span> <span class='ocrx_word' id='word_1_340' title='bbox 529 5415 834 5484; x_wconf 73' lang='grc' dir='ltr'>ιιιεεηάιιηι</span> <span class='ocrx_word' id='word_1_341' title='bbox 875 5433 892 5465; x_wconf 83' lang='grc' dir='ltr'><strong>ι</strong></span> <span class='ocrx_word' id='word_1_342' title='bbox 921 5415 1241 5482; x_wconf 52' lang='lat' dir='ltr'><strong>speciosis:</strong></span> 
     </span>
    </p>
   </div>
   <div class='ocr_carea' id='block_1_52' title="bbox 378 5484 1351 5554">
    <p class='ocr_par' dir='ltr' id='par_1_52' title="bbox 378 5484 1351 5554">
     <span class='ocr_line' id='line_1_52' title="bbox 378 5484 1351 5554; baseline 0.01 -17"><span class='ocrx_word' id='word_1_343' title='bbox 378 5485 453 5553; x_wconf 72' lang='grc' dir='ltr'><strong>(ὅ)</strong></span> <span class='ocrx_word' id='word_1_344' title='bbox 493 5485 744 5537; x_wconf 82' lang='lat' dir='ltr'><strong>Additum</strong></span> <span class='ocrx_word' id='word_1_345' title='bbox 783 5484 882 5554; x_wconf 81' lang='grc' dir='ltr'>μὲν</span> <span class='ocrx_word' id='word_1_346' title='bbox 907 5499 971 5539; x_wconf 90' lang='lat' dir='ltr'><strong>ex</strong></span> <span class='ocrx_word' id='word_1_347' title='bbox 1005 5485 1124 5540; x_wconf 88' lang='lat' dir='ltr'><strong>cod.</strong></span> <span class='ocrx_word' id='word_1_348' title='bbox 1156 5485 1351 5546; x_wconf 88' lang='lat' dir='ltr'><strong>Theat.</strong></span> 
     </span>
    </p>
   </div>
   <div class='ocr_carea' id='block_1_53' title="bbox 378 5554 1880 5623">
    <p class='ocr_par' dir='ltr' id='par_1_53' title="bbox 378 5554 1880 5623">
     <span class='ocr_line' id='line_1_53' title="bbox 378 5554 1880 5623; baseline 0.007 -16"><span class='ocrx_word' id='word_1_349' title='bbox 378 5554 456 5623; x_wconf 73' lang='grc'><strong>(4)</strong></span> <span class='ocrx_word' id='word_1_350' title='bbox 511 5554 726 5608; x_wconf 81' lang='grc' dir='ltr'><strong>Ἁνεκϐ.</strong></span> <span class='ocrx_word' id='word_1_351' title='bbox 762 5555 942 5609; x_wconf 89' lang='lat' dir='ltr'><strong>Deleta</strong></span> <span class='ocrx_word' id='word_1_352' title='bbox 976 5565 1094 5608; x_wconf 83' lang='lat' dir='ltr'><strong>erat</strong></span> <span class='ocrx_word' id='word_1_353' title='bbox 1125 5557 1177 5609; x_wconf 91' lang='lat' dir='ltr'><strong>in</strong></span> <span class='ocrx_word' id='word_1_354' title='bbox 1214 5560 1332 5612; x_wconf 90' lang='lat' dir='ltr'><strong>cod.</strong></span> <span class='ocrx_word' id='word_1_355' title='bbox 1363 5557 1523 5612; x_wconf 89' lang='lat' dir='ltr'><strong>Barb.</strong></span> <span class='ocrx_word' id='word_1_356' title='bbox 1566 5558 1716 5613; x_wconf 86' lang='lat' dir='ltr'><strong>Meus</strong></span> <span class='ocrx_word' id='word_1_357' title='bbox 1754 5561 1880 5617; x_wconf 89' lang='lat' dir='ltr'><strong>cod.</strong></span> 
     </span>
    </p>
   </div>
   <div class='ocr_carea' id='block_1_54' title="bbox 306 5623 1878 5696">
    <p class='ocr_par' dir='ltr' id='par_1_54' title="bbox 306 5623 1878 5696">
     <span class='ocr_line' id='line_1_54' title="bbox 306 5623 1878 5696; baseline 0.004 -19"><span class='ocrx_word' id='word_1_358' title='bbox 306 5623 467 5678; x_wconf 82' lang='lat' dir='ltr'><strong>habet</strong></span> <span class='ocrx_word' id='word_1_359' title='bbox 507 5624 810 5688; x_wconf 78' lang='grc' dir='ltr'>ἀνεϐάτοις.</span> <span class='ocrx_word' id='word_1_360' title='bbox 847 5625 1031 5695; x_wconf 86' lang='lat' dir='ltr'><strong>Itaque</strong></span> <span class='ocrx_word' id='word_1_361' title='bbox 1080 5625 1365 5696; x_wconf 79' lang='lat' dir='ltr'><strong>legendum</strong></span> <span class='ocrx_word' id='word_1_362' title='bbox 1415 5644 1610 5686; x_wconf 85' lang='lat' dir='ltr'><strong>censeo</strong></span> <span class='ocrx_word' id='word_1_363' title='bbox 1643 5629 1878 5685; x_wconf 78' lang='grc' dir='ltr'>ἀνεκὸά-</span> 
     </span>
    </p>
   </div>
   <div class='ocr_carea' id='block_1_55' title="bbox 305 5706 434 5756">
    <p class='ocr_par' dir='ltr' id='par_1_55' title="bbox 305 5706 434 5756">
     <span class='ocr_line' id='line_1_55' title="bbox 305 5706 434 5756; baseline 0.031 -13"><span class='ocrx_word' id='word_1_364' title='bbox 305 5706 434 5756; x_wconf 74' lang='grc' dir='ltr'>τοις.</span> 
     </span>
    </p>
   </div>
   <div class='ocr_carea' id='block_1_56' title="bbox 383 5762 1878 5841">
    <p class='ocr_par' dir='ltr' id='par_1_56' title="bbox 383 5762 1878 5841">
     <span class='ocr_line' id='line_1_56' title="bbox 383 5762 1878 5841; baseline 0.007 -25"><span class='ocrx_word' id='word_1_365' title='bbox 383 5764 465 5830; x_wconf 83' lang='grc'><strong>(5)</strong></span> <span class='ocrx_word' id='word_1_366' title='bbox 503 5762 651 5823; x_wconf 75' lang='lat' dir='ltr'><strong>lianc</strong></span> <span class='ocrx_word' id='word_1_367' title='bbox 682 5782 865 5823; x_wconf 77' lang='lat' dir='ltr'><strong>vocem</strong></span> <span class='ocrx_word' id='word_1_368' title='bbox 899 5767 950 5823; x_wconf 90' lang='lat' dir='ltr'><strong>iu</strong></span> <span class='ocrx_word' id='word_1_369' title='bbox 979 5769 1099 5826; x_wconf 89' lang='lat' dir='ltr'><strong>cod.</strong></span> <span class='ocrx_word' id='word_1_370' title='bbox 1128 5766 1286 5826; x_wconf 77' lang='lat' dir='ltr'><strong>Barb.</strong></span> <span class='ocrx_word' id='word_1_371' title='bbox 1312 5771 1564 5841; x_wconf 85' lang='lat' dir='ltr'><strong>deletam,</strong></span> <span class='ocrx_word' id='word_1_372' title='bbox 1591 5782 1645 5827; x_wconf 88' lang='lat' dir='ltr'><strong>et</strong></span> <span class='ocrx_word' id='word_1_373' title='bbox 1669 5771 1721 5826; x_wconf 92' lang='lat' dir='ltr'><strong>in</strong></span> <span class='ocrx_word' id='word_1_374' title='bbox 1759 5785 1878 5826; x_wconf 86' lang='lat' dir='ltr'><strong>meo</strong></span> 
     </span>
    </p>
   </div>
   <div class='ocr_carea' id='block_1_57' title="bbox 1984 4854 3548 4928">
    <p class='ocr_par' dir='ltr' id='par_1_57' title="bbox 1984 4854 3548 4928">
     <span class='ocr_line' id='line_1_57' title="bbox 1984 4854 3548 4928; baseline 0.005 -21"><span class='ocrx_word' id='word_1_375' title='bbox 1984 4854 2435 4928; x_wconf 16' lang='lat' dir='ltr'><strong>_cod._t&#39;l‘heatino._</strong></span> <span class='ocrx_word' id='word_1_376' title='bbox 2463 4854 2727 4928; x_wconf 66' lang='lat' dir='ltr'><strong>Cazterum</strong></span> <span class='ocrx_word' id='word_1_377' title='bbox 2774 4856 2924 4911; x_wconf 91' lang='lat' dir='ltr'><strong>locus</strong></span> <span class='ocrx_word' id='word_1_378' title='bbox 2971 4865 3083 4928; x_wconf 52' lang='lat' dir='ltr'><strong>est,</strong></span> <span class='ocrx_word' id='word_1_379' title='bbox 3129 4858 3338 4925; x_wconf 87' lang='lat' dir='ltr'><strong>opinor,</strong></span> <span class='ocrx_word' id='word_1_380' title='bbox 3389 4861 3548 4928; x_wconf 91' lang='lat' dir='ltr'><strong>paulo</strong></span> 
     </span>
    </p>
   </div>
   <div class='ocr_carea' id='block_1_58' title="bbox 1985 4924 3547 4995">
    <p class='ocr_par' dir='ltr' id='par_1_58' title="bbox 1985 4924 3547 4995">
     <span class='ocr_line' id='line_1_58' title="bbox 1985 4924 3547 4995; baseline 0.004 -18"><span class='ocrx_word' id='word_1_381' title='bbox 1985 4924 2309 4992; x_wconf 90' lang='lat' dir='ltr'><strong>implicatior</strong></span> <span class='ocrx_word' id='word_1_382' title='bbox 2331 4935 2384 4980; x_wconf 89' lang='lat' dir='ltr'><strong>et</strong></span> <span class='ocrx_word' id='word_1_383' title='bbox 2414 4926 2641 4980; x_wconf 75' lang='lat' dir='ltr'><strong>fortasse</strong></span> <span class='ocrx_word' id='word_1_384' title='bbox 2669 4925 3016 4995; x_wconf 87' lang='lat' dir='ltr'><strong>depravatus.</strong></span> <span class='ocrx_word' id='word_1_385' title='bbox 3045 4926 3235 4993; x_wconf 83' lang='lat' dir='ltr'><strong>Steph.</strong></span> <span class='ocrx_word' id='word_1_386' title='bbox 3269 4924 3547 4985; x_wconf 79' lang='lat' dir='ltr'><strong>Salutatus</strong></span> 
     </span>
    </p>
   </div>
   <div class='ocr_carea' id='block_1_59' title="bbox 1985 4996 3547 5066">
    <p class='ocr_par' dir='ltr' id='par_1_59' title="bbox 1985 4996 3547 5066">
     <span class='ocr_line' id='line_1_59' title="bbox 1985 4996 3547 5066; baseline 0.004 -18"><span class='ocrx_word' id='word_1_387' title='bbox 1985 4998 2143 5050; x_wconf 89' lang='lat' dir='ltr'><strong>verba</strong></span> <span class='ocrx_word' id='word_1_388' title='bbox 2196 5011 2300 5050; x_wconf 91' lang='lat' dir='ltr'><strong>non</strong></span> <span class='ocrx_word' id='word_1_389' title='bbox 2334 4996 2696 5066; x_wconf 87' lang='lat' dir='ltr'><strong>persequitur,</strong></span> <span class='ocrx_word' id='word_1_390' title='bbox 2725 5011 2788 5050; x_wconf 89' lang='lat' dir='ltr'><strong>ac</strong></span> <span class='ocrx_word' id='word_1_391' title='bbox 2819 5006 3099 5066; x_wconf 83' lang='lat' dir='ltr'><strong>propterea</strong></span> <span class='ocrx_word' id='word_1_392' title='bbox 3131 4996 3290 5054; x_wconf 82' lang='lat' dir='ltr'><strong>facile</strong></span> <span class='ocrx_word' id='word_1_393' title='bbox 3335 5001 3458 5054; x_wconf 92' lang='lat' dir='ltr'><strong>inde</strong></span> <span class='ocrx_word' id='word_1_394' title='bbox 3487 5017 3547 5056; x_wconf 90' lang='lat' dir='ltr'><strong>se</strong></span> 
     </span>
    </p>
   </div>
   <div class='ocr_carea' id='block_1_60' title="bbox 1984 5067 3546 5140">
    <p class='ocr_par' dir='ltr' id='par_1_60' title="bbox 1984 5067 3546 5140">
     <span class='ocr_line' id='line_1_60' title="bbox 1984 5067 3546 5140; baseline 0.004 -21"><span class='ocrx_word' id='word_1_395' title='bbox 1984 5067 2256 5140; x_wconf 76' lang='lat' dir='ltr'><strong>extricat:</strong></span> <span class='ocrx_word' id='word_1_396' title='bbox 2295 5076 2612 5140; x_wconf 79' lang='lat' dir='ltr'><strong>vetus_vero</strong></span> <span class='ocrx_word' id='word_1_397' title='bbox 2643 5067 2913 5140; x_wconf 78' lang='lat' dir='ltr'><strong>interpres</strong></span> <span class='ocrx_word' id='word_1_398' title='bbox 2936 5068 3057 5140; x_wconf 62' lang='lat' dir='ltr'><strong>vult</strong></span> <span class='ocrx_word' id='word_1_399' title='bbox 3099 5070 3315 5137; x_wconf 91' lang='lat' dir='ltr'><strong>quidem</strong></span> <span class='ocrx_word' id='word_1_400' title='bbox 3360 5085 3546 5140; x_wconf 89' lang='lat' dir='ltr'><strong>perse-</strong></span> 
     </span>
    </p>
   </div>
   <div class='ocr_carea' id='block_1_61' title="bbox 1983 5135 3546 5206">
    <p class='ocr_par' dir='ltr' id='par_1_61' title="bbox 1983 5135 3546 5206">
     <span class='ocr_line' id='line_1_61' title="bbox 1983 5135 3546 5206; baseline 0.003 -17"><span class='ocrx_word' id='word_1_401' title='bbox 1983 5137 2073 5206; x_wconf 86' lang='lat' dir='ltr'><strong>qui</strong></span> <span class='ocrx_word' id='word_1_402' title='bbox 2098 5137 2284 5206; x_wconf 85' lang='lat' dir='ltr'><strong>verba,</strong></span> <span class='ocrx_word' id='word_1_403' title='bbox 2309 5137 2403 5190; x_wconf 90' lang='lat' dir='ltr'><strong>sed</strong></span> <span class='ocrx_word' id='word_1_404' title='bbox 2431 5135 2548 5203; x_wconf 82' lang='lat' dir='ltr'><strong>ejus</strong></span> <span class='ocrx_word' id='word_1_405' title='bbox 2576 5137 2754 5206; x_wconf 84' lang='lat' dir='ltr'><strong>versio</strong></span> <span class='ocrx_word' id='word_1_406' title='bbox 2783 5138 2901 5206; x_wconf 88' lang='lat' dir='ltr'><strong>ipso</strong></span> <span class='ocrx_word' id='word_1_407' title='bbox 2925 5135 3129 5192; x_wconf 68' lang='lat' dir='ltr'><strong>Graeco</strong></span> <span class='ocrx_word' id='word_1_408' title='bbox 3148 5147 3294 5192; x_wconf 84' lang='lat' dir='ltr'><strong>textu</strong></span> <span class='ocrx_word' id='word_1_409' title='bbox 3329 5135 3413 5194; x_wconf 63' lang='lat' dir='ltr'><strong>e&#39;st</strong></span> <span class='ocrx_word' id='word_1_410' title='bbox 3448 5142 3546 5193; x_wconf 87' lang='lat' dir='ltr'><strong>im-</strong></span> 
     </span>
    </p>
   </div>
   <div class='ocr_carea' id='block_1_62' title="bbox 1979 5205 3546 5281">
    <p class='ocr_par' dir='ltr' id='par_1_62' title="bbox 1979 5205 3546 5281">
     <span class='ocr_line' id='line_1_62' title="bbox 1979 5205 3546 5281; baseline 0.004 -23"><span class='ocrx_word' id='word_1_411' title='bbox 1979 5205 2468 5281; x_wconf 55' lang='lat' dir='ltr'><strong>peditior_t_Legere</strong></span> <span class='ocrx_word' id='word_1_412' title='bbox 2511 5205 2712 5281; x_wconf 71' lang='lat' dir='ltr'><strong>malim,</strong></span> <span class='ocrx_word' id='word_1_413' title='bbox 2741 5205 3246 5281; x_wconf 22' lang='lat' dir='ltr'><strong>et&#39;interpuugere,‘</strong></span> <span class='ocrx_word' id='word_1_414' title='bbox 3275 5209 3412 5281; x_wconf 66' lang='grc' dir='ltr'>πρὸς</span> <span class='ocrx_word' id='word_1_415' title='bbox 3448 5210 3546 5279; x_wconf 77' lang='grc' dir='ltr'>τὴν</span> 
     </span>
    </p>
   </div>
   <div class='ocr_carea' id='block_1_63' title="bbox 1978 5275 3616 5351">
    <p class='ocr_par' dir='ltr' id='par_1_63' title="bbox 1978 5275 3616 5351">
     <span class='ocr_line' id='line_1_63' title="bbox 1978 5275 3616 5351; baseline 0.002 -23"><span class='ocrx_word' id='word_1_416' title='bbox 1978 5277 2058 5338; x_wconf 78' lang='grc' dir='ltr'>εἰς</span> <span class='ocrx_word' id='word_1_417' title='bbox 2102 5276 2171 5351; x_wconf 76' lang='grc' dir='ltr'><strong>τὰ</strong></span> <span class='ocrx_word' id='word_1_418' title='bbox 2208 5275 2462 5351; x_wconf 68' lang='grc' dir='ltr'>’ᾼσματα</span> <span class='ocrx_word' id='word_1_419' title='bbox 2496 5275 2604 5351; x_wconf 51' lang='grc' dir='ltr'>τρν</span> <span class='ocrx_word' id='word_1_420' title='bbox 2634 5276 2891 5351; x_wconf 80' lang='grc' dir='ltr'>ᾀσμάτων</span> <span class='ocrx_word' id='word_1_421' title='bbox 2923 5275 3297 5351; x_wconf 60' lang='grc' dir='ltr'>πνευματικὴν</span> <span class='ocrx_word' id='word_1_422' title='bbox 3323 5275 3427 5350; x_wconf 70' lang='grc' dir='ltr'>τῆς</span> <span class='ocrx_word' id='word_1_423' title='bbox 3453 5275 3546 5351; x_wconf 57' lang='lat' dir='ltr'><strong>ep.</strong></span> <span class='ocrx_word' id='word_1_424' title='bbox 3607 5281 3616 5351; x_wconf 58' lang='grc' dir='ltr'><em>ξ</em></span> 
     </span>
    </p>
   </div>
   <div class='ocr_carea' id='block_1_64' title="bbox 1979 5344 3614 5468">
    <p class='ocr_par' dir='ltr' id='par_1_64' title="bbox 1979 5344 3614 5468">
     <span class='ocr_line' id='line_1_64' title="bbox 1979 5344 3614 5468; baseline 0.002 -69"><span class='ocrx_word' id='word_1_425' title='bbox 1979 5347 2209 5468; x_wconf 56' lang='grc' dir='ltr'>μηνείας</span> <span class='ocrx_word' id='word_1_426' title='bbox 2249 5344 2492 5418; x_wconf 51' lang='grc' dir='ltr'>τορείαν.</span> <span class='ocrx_word' id='word_1_427' title='bbox 2535 5344 2917 5417; x_wconf 80' lang='grc' dir='ltr'>Ἐλαυνόμενος</span> <span class='ocrx_word' id='word_1_428' title='bbox 2957 5344 3359 5413; x_wconf 72' lang='grc' dir='ltr'>οὖν’ὰστέκτως</span> <span class='ocrx_word' id='word_1_429' title='bbox 3384 5344 3546 5404; x_wconf 72' lang='grc' dir='ltr'>’ἀνεκ-</span> <span class='ocrx_word' id='word_1_430' title='bbox 3607 5346 3614 5356; x_wconf 85' lang='grc'><em>’</em></span> 
     </span>
     <span class='ocr_line' id='line_1_65' title="bbox 2017 5417 3541 5468; baseline 0 0"><span class='ocrx_word' id='word_1_431' title='bbox 2017 5418 2164 5468; x_wconf 74' lang='grc' dir='ltr'>άτοιε</span> <span class='ocrx_word' id='word_1_432' title='bbox 2196 5418 2519 5468; x_wconf 83' lang='grc' dir='ltr'>ἀνίστασθαι</span> <span class='ocrx_word' id='word_1_433' title='bbox 2549 5417 2748 5468; x_wconf 76' lang='grc' dir='ltr'>ὄκνοις.</span> <span class='ocrx_word' id='word_1_434' title='bbox 2775 5418 3080 5468; x_wconf 75' lang='grc' dir='ltr'>παρακαλῶ</span> <span class='ocrx_word' id='word_1_435' title='bbox 3111 5418 3297 5468; x_wconf 70' lang='grc' dir='ltr'>ἄμφω.</span> <span class='ocrx_word' id='word_1_436' title='bbox 3327 5437 3379 5468; x_wconf 85' lang='grc' dir='ltr'>κ.</span> <span class='ocrx_word' id='word_1_437' title='bbox 3417 5437 3466 5468; x_wconf 82' lang='grc' dir='ltr'>τ.</span> <span class='ocrx_word' id='word_1_438' title='bbox 3494 5419 3541 5468; x_wconf 91' lang='grc' dir='ltr'>λ.</span> 
     </span>
    </p>
   </div>
   <div class='ocr_carea' id='block_1_65' title="bbox 1959 5418 2042 5431">
    <p class='ocr_par' dir='ltr' id='par_1_65' title="bbox 1959 5418 2042 5431">
     <span class='ocr_line' id='line_1_66' title="bbox 1959 5418 2042 5431; baseline 0 0"><span class='ocrx_word' id='word_1_439' title='bbox 1959 5418 2042 5431; x_wconf 71' lang='grc' dir='ltr'><strong>’-Ι</strong></span> 
     </span>
    </p>
   </div>
   <div class='ocr_carea' id='block_1_66' title="bbox 2017 5417 3541 5490">
    <p class='ocr_par' dir='ltr' id='par_1_66' title="bbox 2017 5417 3541 5490">
     <span class='ocr_line' id='line_1_67' title="bbox 2017 5417 3541 5490; baseline 0.002 -20"><span class='ocrx_word' id='word_1_440' title='bbox 2017 5418 2164 5481; x_wconf 85' lang='grc' dir='ltr'>άτοις</span> <span class='ocrx_word' id='word_1_441' title='bbox 2196 5417 2748 5490; x_wconf 62' lang='grc' dir='ltr'>ἀνίστασθαι-ὄκνοις,</span> <span class='ocrx_word' id='word_1_442' title='bbox 2775 5418 3080 5490; x_wconf 82' lang='grc' dir='ltr'>παρακαλῶ</span> <span class='ocrx_word' id='word_1_443' title='bbox 3111 5418 3297 5490; x_wconf 42' lang='grc' dir='ltr'>ἄμφω,</span> <span class='ocrx_word' id='word_1_444' title='bbox 3327 5437 3379 5473; x_wconf 87' lang='grc' dir='ltr'>κ.</span> <span class='ocrx_word' id='word_1_445' title='bbox 3417 5437 3466 5490; x_wconf 79' lang='grc' dir='ltr'>τ.</span> <span class='ocrx_word' id='word_1_446' title='bbox 3494 5419 3541 5473; x_wconf 89' lang='grc' dir='ltr'><strong>λ.</strong></span> 
     </span>
    </p>
   </div>
   <div class='ocr_carea' id='block_1_67' title="bbox 2053 5486 3541 5560">
    <p class='ocr_par' dir='ltr' id='par_1_67' title="bbox 2053 5486 3541 5560">
     <span class='ocr_line' id='line_1_68' title="bbox 2053 5486 3541 5560; baseline -0.001 -19"><span class='ocrx_word' id='word_1_447' title='bbox 2053 5490 2126 5560; x_wconf 82' lang='lat'><strong>(6)</strong></span> <span class='ocrx_word' id='word_1_448' title='bbox 2168 5488 2245 5541; x_wconf 82' lang='grc' dir='ltr'><strong>Δι’</strong></span> <span class='ocrx_word' id='word_1_449' title='bbox 2267 5486 2484 5560; x_wconf 75' lang='grc' dir='ltr'><strong>εὐχῆς.</strong></span> <span class='ocrx_word' id='word_1_450' title='bbox 2519 5488 2596 5541; x_wconf 85' lang='lat' dir='ltr'><strong>Ex</strong></span> <span class='ocrx_word' id='word_1_451' title='bbox 2629 5486 3037 5560; x_wconf 9' lang='lat' dir='ltr'><strong>codd.tA&#39;uxitn.</strong></span> <span class='ocrx_word' id='word_1_452' title='bbox 3078 5486 3360 5560; x_wconf 38' lang='lat' dir='ltr'><strong>et&#39;Theat,</strong></span> <span class='ocrx_word' id='word_1_453' title='bbox 3386 5489 3541 5560; x_wconf 12' lang='lat' dir='ltr'><strong>,Nam</strong></span> 
     </span>
    </p>
   </div>
   <div class='ocr_carea' id='block_1_68' title="bbox 1985 5558 3546 5614">
    <p class='ocr_par' dir='ltr' id='par_1_68' title="bbox 1985 5558 3546 5614">
     <span class='ocr_line' id='line_1_69' title="bbox 1985 5558 3546 5614; baseline 0 -2"><span class='ocrx_word' id='word_1_454' title='bbox 1985 5561 2039 5612; x_wconf 87' lang='lat' dir='ltr'><strong>iu</strong></span> <span class='ocrx_word' id='word_1_455' title='bbox 2073 5558 2232 5613; x_wconf 85' lang='lat' dir='ltr'><strong>Barb.</strong></span> <span class='ocrx_word' id='word_1_456' title='bbox 2266 5558 2452 5612; x_wconf 75' lang='lat' dir='ltr'><strong>littera:</strong></span> <span class='ocrx_word' id='word_1_457' title='bbox 2497 5573 2688 5612; x_wconf 74' lang='lat' dir='ltr'><strong>armies</strong></span> <span class='ocrx_word' id='word_1_458' title='bbox 2726 5559 2955 5614; x_wconf 67' lang='lat' dir='ltr'><strong>deletae:</strong></span> <span class='ocrx_word' id='word_1_459' title='bbox 2989 5574 3143 5614; x_wconf 88' lang='lat' dir='ltr'><strong>meus</strong></span> <span class='ocrx_word' id='word_1_460' title='bbox 3189 5559 3310 5614; x_wconf 85' lang='lat' dir='ltr'><strong>cod‘.</strong></span> <span class='ocrx_word' id='word_1_461' title='bbox 3343 5559 3431 5612; x_wconf 90' lang='lat' dir='ltr'><strong>hic</strong></span> <span class='ocrx_word' id='word_1_462' title='bbox 3472 5559 3546 5612; x_wconf 78' lang='lat' dir='ltr'><strong>la-</strong></span> 
     </span>
    </p>
   </div>
   <div class='ocr_carea' id='block_1_69' title="bbox 1981 5630 2386 5684">
    <p class='ocr_par' dir='ltr' id='par_1_69' title="bbox 1981 5630 2386 5684">
     <span class='ocr_line' id='line_1_70' title="bbox 1981 5630 2386 5684; baseline -0.01 0"><span class='ocrx_word' id='word_1_463' title='bbox 1981 5643 2172 5684; x_wconf 88' lang='lat' dir='ltr'><strong>cunam</strong></span> <span class='ocrx_word' id='word_1_464' title='bbox 2209 5630 2386 5682; x_wconf 89' lang='lat' dir='ltr'><strong>habet.</strong></span> 
     </span>
    </p>
   </div>
   <div class='ocr_carea' id='block_1_70' title="bbox 2054 5697 3541 5769">
    <p class='ocr_par' dir='ltr' id='par_1_70' title="bbox 2054 5697 3541 5769">
     <span class='ocr_line' id='line_1_71' title="bbox 2054 5697 3541 5769; baseline 0 -17"><span class='ocrx_word' id='word_1_465' title='bbox 2054 5700 2129 5769; x_wconf 79' lang='lat'><strong>(7)</strong></span> <span class='ocrx_word' id='word_1_466' title='bbox 2168 5698 2346 5752; x_wconf 81' lang='lat' dir='ltr'><strong>Codex</strong></span> <span class='ocrx_word' id='word_1_467' title='bbox 2377 5697 2536 5751; x_wconf 87' lang='lat' dir='ltr'><strong>Barb.</strong></span> <span class='ocrx_word' id='word_1_468' title='bbox 2567 5707 2623 5751; x_wconf 88' lang='lat' dir='ltr'><strong>et</strong></span> <span class='ocrx_word' id='word_1_469' title='bbox 2661 5712 2812 5769; x_wconf 81' lang='lat' dir='ltr'><strong>meus</strong></span> <span class='ocrx_word' id='word_1_470' title='bbox 2841 5697 3004 5756; x_wconf 86' lang='lat' dir='ltr'><strong>habet</strong></span> <span class='ocrx_word' id='word_1_471' title='bbox 3035 5697 3150 5754; x_wconf 84' lang='grc' dir='ltr'>εὐθ.</span> <span class='ocrx_word' id='word_1_472' title='bbox 3176 5738 3191 5753; x_wconf 93' lang='grc'><strong>.</strong></span> <span class='ocrx_word' id='word_1_473' title='bbox 3218 5735 3240 5754; x_wconf 72' lang='grc' dir='ltr'><strong>ι</strong></span> <span class='ocrx_word' id='word_1_474' title='bbox 3270 5697 3541 5769; x_wconf 71' lang='lat' dir='ltr'><strong>integram</strong></span> 
     </span>
    </p>
   </div>
   <div class='ocr_carea' id='block_1_71' title="bbox 1983 5767 2870 5826">
    <p class='ocr_par' dir='ltr' id='par_1_71' title="bbox 1983 5767 2870 5826">
     <span class='ocr_line' id='line_1_72' title="bbox 1983 5767 2870 5826; baseline -0.001 -3"><span class='ocrx_word' id='word_1_475' title='bbox 1983 5767 2170 5826; x_wconf 82' lang='lat' dir='ltr'><strong>vocem</strong></span> <span class='ocrx_word' id='word_1_476' title='bbox 2197 5769 2406 5823; x_wconf 85' lang='lat' dir='ltr'><strong>restitui</strong></span> <span class='ocrx_word' id='word_1_477' title='bbox 2434 5784 2499 5822; x_wconf 85' lang='lat' dir='ltr'><strong>cx</strong></span> <span class='ocrx_word' id='word_1_478' title='bbox 2528 5769 2650 5823; x_wconf 89' lang='lat' dir='ltr'><strong>cod.</strong></span> <span class='ocrx_word' id='word_1_479' title='bbox 2680 5767 2870 5823; x_wconf 76' lang='lat' dir='ltr'><strong>Theat.</strong></span> 
     </span>
    </p>
   </div>
  </div>
