3810 6322
381 340 442 394 ει
1505 345 1830 404 PHILONIS
1866 305 2175 405 Episcopi
2211 348 2529 406 cannasn
3563 349 3636 406 se

385 456 518 513 Vide
566 458 715 514 lsaite
775 460 1054 516 canticum
1115 470 1169 518 et
1223 463 1376 520 odem
1416 464 1502 520 “z
1540 482 1559 516 ι
1595 465 1834 520 Cantabo
1867 467 1949 520 di-

2081 468 2270 536 Lspata
2309 467 2403 522 καὶ
2438 466 2602 538 ᾠδάς.
2646 466 2754 520 Ἴδε
2801 467 2897 520 καὶ
2945 465 3008 520 τὸ
3072 466 3296 520 Ἡσαΐου
3344 461 3497 538 ᾆσμα
3537 468 3636 521 καὶ

382 552 520 606 lecto
573 553 844 607 canticum
909 555 1088 610 dilecti
1144 556 1312 612 vineae
1365 572 1564 613 mete.»
1629 557 1759 613 Vide
1797 561 1951 615 odem

382 659 542 710 quam
584 645 779 698 cecinit
829 645 980 700 Anna
1019 648 1103 703 με
1157 668 1176 701 ι
1210 649 1596 704 Conﬁrmatum
1650 660 1753 713 est,
1793 670 1811 702 ›
1854 653 1950 716 ait,

387 751 406 784 ι
437 749 532 787 cor
559 751 735 788 meum
765 737 815 790 in
846 735 1094 793 Domino.
1130 761 1148 792 ι
1209 718 1342 795 Vide
1375 757 1703 810 quacunque
1749 754 1873 796 sunt
1899 744 1952 796 in

384 824 609 881 Psalmis
664 830 910 884 cantica:
974 851 992 884 ι
1024 834 1247 888 Cantate
1276 834 1500 888 Domino
1554 836 1820 889 canticum
1864 851 1952 888 no-

384 933 506 972 vmu
543 920 607 984 ",
639 940 658 972 ι
693 931 745 972 et
773 939 1104 992 quau-imque
1134 925 1233 976 alia
1292 925 1342 976 in
1373 923 1665 990 Scripturis
1693 928 1954 992 repereris

384 1013 590 1064 cantica
627 1030 639 1065 :
676 1015 767 1065 sed
806 1013 1005 1081 majore
1037 1027 1089 1068 et
1113 1017 1410 1070 excelsiore
1443 1017 1724 1087 dignitate,
1767 1033 1954 1086 quent-

384 1102 669 1156 admodum
698 1103 891 1157 Sancta
924 1115 1228 1159 sanctorum
1250 1116 1302 1159 et
1329 1106 1560 1160 Sabbata
1584 1108 1951 1170 sabbatorum,

381 1195 602 1261 praedita
641 1205 766 1250 sunt
815 1198 1039 1251 Cantica
1098 1199 1456 1251 canticorum.
1510 1196 1626 1251 Jam
1660 1213 1786 1251 vero
1824 1196 1951 1250 mihi

383 1300 553 1340 sacrae
586 1287 744 1354 hujus
773 1297 828 1341 et
860 1288 1136 1357 profundas
1183 1289 1548 1356 inscriptionis
1601 1289 1952 1343 Canticorum

383 1377 790 1449 intelligentiam
841 1382 1125 1450 diligenter
1161 1383 1431 1451 perquire.
1479 1381 1585 1434 Cur
1621 1398 1722 1435 non
1768 1382 1948 1434 dixit:

383 1471 606 1525 Cantica
640 1478 972 1527 canticorum
1003 1490 1120 1543 qua:
1174 1476 1410 1529 condidit
1460 1475 1542 1528 vel
1576 1474 1770 1530 cecinit
1803 1473 1954 1527 Salo-

384 1579 528 1627 mon,
551 1565 644 1618 sed
674 1583 686 1617 :
721 1564 938 1619 Cantica
964 1567 1293 1620 canticorum
1316 1582 1434 1636 qua:
1461 1577 1585 1621 sunt
1615 1565 1955 1621 Salomonis?

379 1653 514 1709 Cum
543 1657 686 1709 enim
725 1656 980 1711 Salomon
1035 1659 1421 1726 interpretetur
1474 1659 1806 1726 paciﬁcatus,
1869 1657 1953 1711 vel

380 1747 653 1814 paciﬁcus,
682 1760 960 1818 propterea
1016 1751 1130 1805 haec
1179 1750 1399 1804 Cantica
1451 1751 1777 1804 canticormn
1805 1749 1951 1802 omni

2054 559 2225 632 ᾠδήν·
2255 579 2275 614 ι
2301 562 2450 632 ’ᾼσω
2474 560 2537 630 δὴ
2565 558 2643 630 τῷ
2665 558 3008 630 ἠγαπημένῳ
3037 554 3188 631 ᾇσμα
3220 559 3315 614 τοῦ
3344 557 3634 628 ἀγαπηποῦ

2054 654 2132 723 τῷ
2161 654 2443 724 ἀμπελῶνί
2473 671 2593 724 μου.
2611 653 2746 706 »Ἴδε
2768 652 2867 724 τὴν
2893 652 3038 723 ᾠδὴν
3065 653 3131 723 ἢν
3152 649 3281 726 ᾖσεν
3306 651 3416 718 (20)
3442 653 3632 713 Ἀννα,

2060 763 2078 794 ι
2120 743 2509 814 Ἑστερεώθη,›
2538 743 2789 810 λέγουσα,
2827 761 2844 792 t
2873 745 2906 814 ἡ
2943 742 3136 814 καρδία
3168 760 3267 812 μου
3300 745 3356 795 ὲν
3385 741 3628 812 Κυρίῳ.»

2058 833 2163 884 Ἴδε
2194 834 2259 886 τὰ
2291 835 2347 885 ὲν
2395 833 2642 902 Ψαλμοῖς
2683 833 2898 903 ᾄσματα
2929 834 3028 886 ὅσα
3056 833 3233 886 ἐστίν·
3274 852 3292 884 ‹
3320 833 3522 903 ’ᾼσατε
3551 829 3630 899 τῷ

2056 925 2246 996 Κυρίῳ
2279 921 2427 996 ᾆσμα
2476 925 2729 978 καινόν’»
2776 926 2869 976 καὶ
2923 925 3022 977 ὅσα
3067 926 3230 995 ἕτερα
3274 925 3527 996 εὑρήσεις
3575 926 3638 976 ἐν

2054 1020 2171 1079 ταῖς
2220 1018 2259 1068 Γ
2265 1019 2461 1088 ραφαῖς
2494 1016 2740 1087 ᾄσματα’
2780 1015 2916 1068 ἀλλά
2970 1016 3176 1086 μείζονι
3225 1021 3318 1069 καὶ
3365 1015 3640 1087 βαθυτέρᾳ

2053 1111 2208 1178 τιμῇ,
2245 1108 2430 1177 ῶσπερ
2476 1107 2544 1159 τά
2584 1108 2749 1175 ’Ἅγια
2781 1107 2888 1159 τῶν
2926 1108 3117 1175 ἁγίων,
3147 1108 3242 1160 καὶ
3273 1107 3341 1160 τά
3384 1107 3638 1160 Σάϐϐατα

2054 1199 2162 1252 τῶν
2204 1199 2508 1261 σαϐϐάτων,
2543 1198 2775 1268 ἐτιμήθη
2802 1199 2895 1250 καὶ
2940 1199 3009 1251 τά
3037 1200 3290 1269 ’ᾼσματα
3325 1197 3431 1250 τῶν
3457 1199 3638 1272 ᾀσμάτ

2053 1309 2179 1345 των.
2227 1293 2544 1364 Ἀκρίὸασαι
2576 1293 2685 1361 (9.1)
2709 1293 2771 1363 δή
2804 1311 2893 1364 μοι
2918 1293 3010 1347 τὸν
3043 1293 3170 1346 νοῦν
3199 1295 3296 1364 τῆς
3330 1295 3480 1364 ἱερᾶς
3506 1293 3640 1346 ταύσ

2053 1403 2151 1455 της
2186 1384 2483 1456 βαθυτέρας
2529 1384 2637 1436 τῶν
2687 1385 2946 1455 ᾀσμάτων
2999 1386 3311 1456 ἐπιγραφῆς
3340 1385 3472 1455 (22).
3511 1385 3640 1448 Πῶς

2055 1478 2154 1530 ούκ
2189 1473 2340 1530 εἶπεν
2364 1494 2377 1506 ο
2413 1477 2664 1547 ’ᾼσματα
2699 1478 2977 1548 ᾀσμάτων,
3017 1477 3053 1530 ἃ
3097 1478 3318 1548 ἐποίησε
3351 1476 3635 1544 Σαλομὼν,

2054 1570 2087 1640 ἢ
2133 1567 2251 1622 εἷπε
2292 1568 2580 1640 Σαλομώνο
2627 1569 2794 1622 ἀλλά·
2836 1569 3091 1640 ’ᾼσματα
3131 1569 3408 1640 ᾀσμάτων,
3442 1567 3477 1621 ἀ
3517 1569 3640 1619 ἐστι

2055 1659 2146 1713 τοῦ
2188 1659 2474 1731 Σαλομών;
2528 1659 2744 1730 Ἐπειδὴ
2795 1658 2900 1730 γάρ
2947 1657 3205 1726 Σαλομὼν
3258 1659 3640 1725 εἰρηνευόμεο

2056 1771 2163 1819 νος
2193 1752 2570 1824 ἑρμηνεύεται,
2608 1753 2640 1823 ἢ
2688 1753 3030 1820 είρηνεύων,
3062 1751 3149 1803 διά
3182 1749 3340 1803 τοῦτο
3371 1748 3545 1802 ταῦτα
3570 1748 3643 1802 τὰ

380 1839 664 1906 paciﬁcate
687 1851 740 1893 et
767 1841 833 1894 ab
867 1841 1202 1896 oﬂ‘endiculis
1259 1841 1618 1897 fornicatricis
1669 1841 1952 1910 cogitatio-

2085 1814 2332 1917 ᾼσμάτα
2370 1814 2640 1917 ᾀσμάτων.
2681 1814 2846 1898 παντὶ
2901 1843 2978 1914 τῷ
3019 1814 3442 1916 -είρηνευομένῳ
3468 1879 3482 1904 ,
3543 1839 3643 1892 καὶ

379 1931 465 1983 nis
501 1942 708 1986 semoto
739 1945 921 2002 parata
952 1945 1098 1988 sunt.
1152 1936 1252 2002 Qui
1286 1936 1428 1988 enim
1474 1949 1624 1988 suam
1654 1947 1884 1988 mentem
1919 1949 1949 1987 a

379 2026 692 2080 carnalibus
716 2025 1087 2081 aﬂ'cctionibus
1119 2043 1222 2081 non
1279 2027 1611 2093 liberaverit,
1649 2027 1775 2080 huic
1809 2024 1949 2076 nulla

381 2127 507 2170 sont
539 2116 758 2170 Cantica
784 2119 1139 2184 canticorum,
1187 2133 1360 2186 neque
1390 2117 1587 2170 Sancta
1618 2129 1950 2179 sanctorum,

381 2223 558 2276 neque
612 2207 844 2262 Sabbata
902 2209 1273 2263 sabbatorum.
1338 2207 1437 2274 Qui
1505 2223 1628 2262 vero
1689 2208 1951 2261 submotis

380 2299 714 2353 olfendiculis
743 2300 1017 2362 omnibus,
1057 2300 1346 2370 legitimam
1393 2308 1714 2368 exspectans
1740 2314 1949 2366 pacem,

381 2405 535 2442 suam
562 2390 729 2460 ipsius
758 2401 990 2444 mentem
1019 2404 1072 2444 et
1101 2406 1298 2460 corpus
1337 2391 1402 2443 ad
1445 2393 1810 2459 temperantia:
1838 2391 1949 2443 vir-

383 2491 549 2535 tutetu
587 2485 937 2547 converterit,
974 2484 1046 2537 illi
1073 2493 1196 2537 sunt
1224 2483 1443 2537 Cantica
1471 2483 1802 2537 canticorum
1825 2498 1839 2546 ;
1859 2482 1949 2551 qui

380 2573 508 2626 nihil
549 2583 802 2628 terrestre
833 2577 912 2628 vel
945 2575 1159 2629 carnale
1207 2575 1438 2644 cogitet,
1477 2576 1568 2629 sed
1603 2576 1782 2628 omnia
1828 2589 1946 2638 quas

386 2667 589 2734 scripta
648 2678 793 2732 sunt,
830 2670 1184 2734 spiritualiter
1239 2669 1489 2735 accipiat,
1543 2677 1596 2722 et
1644 2683 1767 2721 vera
1823 2682 1952 2737 pace

381 2753 627 2808 fruatur:
657 2774 675 2807 ι
698 2755 806 2810 Pax
825 2759 989 2821 enim,
1017 2777 1035 2808 ι
1069 2758 1240 2826 inquit
1262 2757 1609 2826 Scriptura“,
1643 2775 1661 2808 ι
1693 2757 1952 2825 diligenti-

379 2845 480 2899 bus
511 2845 682 2915 legem
714 2859 880 2911 tuam,
909 2861 962 2902 et
989 2865 1090 2903 non
1119 2860 1198 2903 est
1231 2849 1334 2902 illis
1365 2848 1729 2903 scandalum.»
1755 2850 1952 2915 Quem-

383 2937 671 2992 admodum
706 2955 836 2994 vero
862 2941 1004 2994 domi
1038 2951 1164 2994 sunt
1187 2941 1455 2995 vestibula
1493 2951 1546 2994 et
1575 2942 1712 2995 atria
1739 2951 1793 2994 et
1832 2956 1954 3011 pcr-

381 3033 523 3087 ticus
550 3042 601 3088 et
631 3034 862 3087 triclinia
900 3045 951 3088 et
985 3035 1259 3089 conclavia
1302 3035 1562 3098 illustria;
1599 3049 1782 3087 eorum
1827 3047 1954 3087 vero

381 3127 619 3180 omnium
650 3127 894 3180 intimum
923 3128 1224 3182 cubiculum
1249 3127 1388 3197 quod
1422 3126 1686 3181 thalamus
1728 3126 1955 3194 appella-

383 3229 490 3284 tur,
519 3222 608 3274 ttbi
651 3220 844 3289 sponsa
892 3238 1013 3276 cum
1070 3238 1264 3292 sponso
1319 3222 1690 3291 requiescens,
1744 3229 1953 3272 secreta

382 3313 660 3381 profunda:
692 3314 1054 3381 intelligentiae
1079 3330 1200 3369 cum
1237 3330 1300 3368 eo
1329 3313 1580 3384 confert:
1623 3314 1691 3366 ita
1735 3313 1785 3364 in
1825 3310 1958 3364 Can-

385 3409 508 3462 ticis
534 3409 864 3463 canticorum
915 3420 1098 3464 sancta
1151 3424 1347 3478 sponsa
1395 3407 1634 3463 Ecclesia
1667 3405 1958 3475 profundos

385 3513 444 3553 et
474 3502 730 3570 mysticos
765 3502 885 3557 ﬁdei
925 3517 1204 3558 sermones
1248 3517 1371 3556 cum
1431 3516 1530 3556 suo
1585 3511 1783 3569 sponso
1833 3513 1956 3552 con-

385 3593 512 3660 fert,
539 3605 593 3650 et
623 3598 734 3650 ait:

1062 3865 1215 3922 CAP.
1251 3865 1290 3921 Ι.

456 3959 498 4015 Ι.
531 3959 690 4016 Vens.
713 3960 763 4014 1.
792 3959 1071 4032 osculetur
1102 3975 1180 4012 me
1209 3959 1272 4011 ab
1301 3958 1492 4013 osculis
1519 3958 1622 4012 oris
1644 3959 1744 4012 sui.

458 4146 735 4216 Tanquam
777 4141 1184 4213 paranymphis.
1223 4149 1278 4194 ut
1319 4139 1392 4194 ita
1429 4141 1633 4206 dicam,
1675 4155 1704 4194 a
1755 4139 1962 4196 caelesti

387 4253 584 4310 sponso
631 4235 808 4290 missis
854 4235 919 4286 ad
951 4231 1323 4286 charissimam
1352 4247 1629 4302 sponsam,
1661 4233 1816 4302 eique
1843 4234 1963 4302 pul-

389 4329 754 4387 chritudinem
798 4324 978 4394 sponsi
1036 4323 1383 4376 narrantibus
1435 4323 1534 4392 (sic
1571 4324 1712 4377 enim
1741 4324 1807 4378 ad
1845 4339 1961 4379 eam

389 4421 649 4476 inclamat
706 4417 977 4472 Isaias":
1019 4433 1039 4465 ι
1068 4415 1174 4470 Iste
1219 4414 1494 4482 speciosus
1539 4415 1591 4468 in
1634 4415 1808 4481 stola;
1849 4435 1868 4466 ›
1911 4426 1966 4470 et

2058 1937 2367 1992 σκανδάλων
2431 1938 2691 2009 πορνικῆς
2748 1937 2955 2000 ἐννοίας
3022 1934 3430 2006 ἀπηλλαγμένῳ
3492 1934 3645 2004 ήτοί-

2060 2047 2281 2102 μασται.
2343 2028 2468 2081 Ἐάν
2503 2029 2612 2100 γάρ
2659 2029 2731 2100 μή
2768 2047 2851 2093 τις
2895 2029 2957 2080 τὸ
3007 2026 3199 2081 ἑαυτοῦ
3247 2027 3500 2096 φρόνημα
3529 2025 3645 2078 τῶν

2061 2123 2338 2195 σαρκικῶν
2375 2121 2662 2194 ἀπαλλάξῃ
2700 2121 2910 2187 παθῶν,
2937 2121 3037 2173 ούκ
3067 2119 3214 2172 ἔστιν
3255 2117 3405 2188 αὐτῷ
3432 2118 3499 2170 τά
3527 2117 3645 2188 ’ᾼ-

2060 2233 2240 2286 σματα
2270 2215 2375 2268 τῶν
2403 2215 2683 2285 ᾀσμάτων,
2711 2213 2835 2265 οὔτε
2867 2213 2934 2265 τά
2955 2213 3122 2280 Ἀγια
3155 2210 3261 2264 τῶν
3286 2209 3478 2278 ἀγίων,
3506 2207 3637 2262 οὔτε

2056 2308 2125 2361 τά
2154 2307 2403 2361 Σάϐϐατα
2428 2306 2535 2360 τῶν
2567 2305 2871 2358 σαϐϐάτων.
2917 2304 3041 2358 Ἐὰν
3073 2305 3129 2357 δέ
3182 2321 3262 2367 τις
3298 2302 3642 2372 παρωσάμεο

2059 2421 2145 2467 νος
2173 2404 2351 2456 πάντα
2379 2401 2448 2455 τὰ
2477 2399 2745 2454 σκάνδαλα
2775 2400 2868 2451 καὶ
2894 2398 2990 2469 τὴν
3015 2397 3133 2450 ἐννο
3142 2415 3237 2467 μον
3263 2396 3503 2467 ποθήσας
3518 2395 3638 2466 (ΞΒ)

2059 2501 2299 2569 εἰρήνην,
2345 2495 2407 2548 τὸ
2453 2493 2642 2548 ἑαυτοῦ
2693 2493 2947 2563 φρόνημα
2985 2491 3078 2544 καὶ
3124 2491 3187 2544 τὸ
3238 2489 3397 2560 σῶμα
3431 2490 3496 2558 τῇ
3540 2488 3646 2557 τῆς

2059 2587 2409 2660 σωφροσύνης
2451 2584 2790 2657 περιστρέψῃ
2835 2585 3003 2655 ἀρετῇ
3060 2582 3191 2652 (24),
3236 2580 3384 2650 αύτῷ
3418 2581 3534 2633 ἐστι
3571 2578 3648 2632 τὰ

2062 2682 2317 2752 ’ᾼσματα
2364 2679 2472 2732 τῶν
2521 2676 2798 2749 ᾀσμάτων,
2862 2675 3014 2728 οὐδὲν
3061 2675 3247 2741 γήινον
3294 2671 3327 2742 ἢ
3378 2669 3648 2742 σαρκικὸν

2057 2771 2286 2835 νοοῦντι,
2333 2770 2469 2824 ἀλλά
2514 2769 2689 2824 πάντα
2736 2765 3121 2837 πνευματικῶς
3165 2765 3232 2818 τὰ
3276 2762 3648 2834 γεγραμμένα

2057 2863 2349 2935 δεχομένῳ,
2379 2864 2474 2916 καί¹
2514 2863 2681 2927 ὅντως
2722 2858 3153 2933 εἰρηνευομένῳτ
3189 2875 3206 2908 ι
3232 2857 3435 2927 Εἰρήνη
3463 2854 3594 2924 γὰρ,
3620 2871 3641 2902 ι

2061 2957 2240 3026 φησιν,
2281 2975 2298 3006 ι
2323 2958 2432 3018 τοῖς
2462 2955 2716 3022 ἀγαπῶσι
2745 2955 2834 3006 τὸν
2864 2953 3026 3022 νόμον
3074 2967 3188 3006 σου.
3237 2949 3330 3002 καὶ
3367 2948 3466 3001 οὐκ
3493 2945 3652 2999 ἔστιν

2060 3049 2241 3110 αὐτοῖς
2269 3047 2582 3100 σκάνδαλον.
2608 3065 2626 3096 ι
2661 3046 2871 3115 Ὥσπερ
2898 3044 2954 3095 δὲ
2983 3042 3132 3094 οῐκου
3159 3039 3266 3092 εἰσὶ
3305 3037 3647 3109 προπύλαια,

2061 3137 2155 3190 καὶ
2180 3135 2444 3199 πυλῶνες,
2476 3135 2626 3188 στοαί
2658 3151 2716 3186 τε
2751 3134 2846 3187 καὶ
2875 3131 3136 3202 τρίκλινοι
3179 3128 3271 3182 καὶ
3309 3123 3445 3180 οἶκοι
3482 3143 3649 3197 περι-

2059 3230 2246 3297 φανείς
2264 3242 2277 3256 ·
2301 3227 2505 3280 τούτων
2522 3227 2578 3280 δὲ
2602 3227 2816 3280 πάντων
2838 3222 3108 3277 ἐσώτατόν
3125 3223 3241 3274 ἐστι
3262 3223 3481 3290 ταμεῖον
3506 3218 3651 3288 (9.5),

2059 3320 2087 3370 ὁ
2119 3317 2661 3389 προσαγορευόμενος
2687 3313 2905 3378 κοιτὼν,
2935 3315 2990 3366 ὲν
3019 3305 3062 3380 ᾧ
3093 3314 3127 3382 ἡ
3157 3310 3342 3382 νύμφη
3378 3310 3518 3380 μετά
3546 3309 3650 3361 τοῦ

2059 3411 2292 3482 νυμφίου
2321 3408 2733 3480 ἀναπαυομένη,
2760 3409 2854 3460 καὶ
2879 3406 2948 3459 τὰ
2973 3405 3266 3474 ἀπόκρυφα
3291 3403 3390 3470 τῆς
3421 3400 3652 3471 βαθείας

2060 3501 2237 3556 αὐτῶν
2265 3502 2376 3570 (‘26)
2425 3500 2680 3569 γνώσεως
2722 3498 3043 3570 προσλαλεῖ·
3098 3495 3244 3550 οὕτω
3293 3495 3384 3548 κα)⁵
3430 3495 3489 3546 ὲν
3534 3495 3653 3556 τοῖς

2065 3595 2304 3666 ’ᾼσμασι
2333 3594 2442 3646 τῶν
2473 3593 2731 3664 ᾀσμάτων
2760 3594 2793 3662 ἡ
2847 3591 2978 3659 ἁγία
3021 3588 3204 3658 νύμφη
3248 3584 3544 3655 Ἐκκλησία
3579 3583 3656 3637 τὰ

2063 3687 2232 3759 βαθέα
2299 3689 2393 3741 καὶ
2449 3684 2800 3757 μυστηριώδη
2850 3683 2947 3752 τῆς
2998 3681 3234 3743 πίστεως
3295 3679 3517 3748 ῥήματα
3570 3674 3654 3746 τῷ

2065 3780 2178 3851 ἰδίῳ
2205 3778 2496 3851 προσλαλεῖ
2519 3777 2757 3848 νυμφίῳ,
2790 3774 2883 3827 καί
2913 3790 3044 3844 φησι
3064 3787 3080 3803 ο

2714 3867 2862 3919 ΚΕΦ.
2897 3867 2975 3918 Α’.

2132 3961 2210 4018 Α’.
2238 3964 2328 4016 Στ.
2371 3968 2438 4016 α’.
2479 3959 2795 4029 Φιλησάτω
2819 3975 2895 4028 με
2927 3955 3043 4010 ἀπὸ
3067 3952 3415 4024 φιλημάτων
3437 3948 3655 4016 στόμα-

2062 4052 2165 4101 τος
2205 4033 2410 4087 αὐτοῦ.

2134 4141 2235 4200 Οἴα
2262 4145 2664 4216 νυμφαγωγῶν,
2701 4141 2776 4205 ὡς
2822 4141 3019 4202 εἰπεῖν,
3055 4126 3205 4207 παρά
3253 4125 3346 4186 τού
3403 4147 3655 4202 επουρα-

2064 4239 2176 4294 νίου
2209 4239 2442 4308 νυμφίου
2477 4236 2569 4290 ἐπὶ
2599 4234 2700 4306 τὴν
2729 4233 2915 4303 τιμίαν
2945 4229 3164 4300 νύμφην
3195 4223 3652 4294 ἀπεσταλμένων,

2066 4328 2277 4383 καὶτοῦ
2310 4328 2543 4399 νυμφίου
2572 4327 2633 4379 τὸ
2665 4325 2860 4386 κάλλος
2883 4323 3016 4392 αὐτῇ
3043 4317 3413 4390 διηγουμένων
3455 4313 3654 4384 (οὕτως

2071 4421 2168 4492 μὲν
2205 4422 2424 4473 Ἡσαΐου
2473 4419 2702 4490 βοῶντος
2735 4417 2893 4487 αὐτῇ·
2932 4433 2949 4466 ί
2983 4405 3152 4473 Οὗτος
3186 4411 3385 4482 ὡραῖος
3426 4411 3483 4461 ὲν
3523 4424 3653 4459 στο-

388 4529 576 4569 rursus
607 4511 744 4564 alius
779 4509 908 4564 dicit
936 4508 978 4540 ⁸⁸
1015 4525 1028 4561 :
1069 4530 1087 4559 ι
1121 4505 1408 4576 Speciosus
1463 4506 1634 4560 forma
1687 4523 1795 4576 pra:
1839 4507 1953 4563 ﬁliit

2081 4515 2150 4582 ίῇ·
2194 4532 2211 4563 ›
2240 4513 2334 4565 καὶ
2362 4511 2522 4564 πάλιν
2546 4510 2703 4564 ἄλλου
2729 4509 2994 4575 λέγοντοςο
3032 4523 3050 4556 t
3092 4504 3306 4574 Ὠραῖος
3333 4499 3517 4553 κάλλει
3547 4515 3654 4552 πα-

388 4605 699 4666 bominum;
746 4619 764 4652 ι
812 4611 974 4668 atque
1020 4599 1214 4652 iterum
1261 4599 1396 4652 alter
1447 4599 1729 4653 consilium
1758 4600 1865 4661 dat,
1914 4609 1968 4653 et

389 4695 521 4750 dicit
554 4709 568 4747 :
603 4711 623 4744 ι
657 4692 878 4746 Amicus
913 4691 1110 4753 ﬁdelis,
1155 4691 1423 4759 protectio
1469 4689 1725 4744 fortis":
1759 4691 1964 4744 amicus

392 4787 586 4850 lidelis,
629 4786 980 4854 pharmacum
1037 4783 1221 4837 vitta"
1257 4801 1272 4837 :
1307 4783 1448 4838 ﬁdeli
1501 4783 1676 4837 amico
1733 4798 1836 4836 non
1884 4791 1966 4838 est

390 4878 761 4948 compensatio
813 4876 950 4942 ¹¹;›
1018 4883 1074 4930 et
1126 4874 1292 4930 David
1339 4875 1413 4929 ita
1465 4888 1586 4928 eam
1626 4875 1962 4944 alloquitur:

463 5015 506 5046 "
541 5016 644 5070 lsa.
673 5029 725 5076 v,
759 5014 809 5068 1.
889 5013 934 5045 ¹⁵⁵
959 5013 978 5068 1
1006 5013 1134 5079 Reg.
1167 5011 1306 5074 ".1.

391 5101 538 5152 XLIV,
567 5085 621 5140 5.
701 5086 744 5116 ¹⁹
772 5084 936 5138 Eccli.
972 5101 1043 5147 vr,
1087 5084 1174 5137 15.
1251 5083 1295 5113 ²⁰
1324 5081 1453 5136 ibid.
1490 5080 1579 5132 16.

464 5239 577 5309 (20)
629 5237 721 5295 Sic
776 5239 1163 5302 scribendum,
1222 5250 1327 5289 non
1381 5241 1442 5288 ut
1496 5233 1696 5289 habent
1743 5237 1976 5303 codices,

391 5311 576 5450 ἡσῗεέί)
606 5379 790 5440 Barb..
810 5379 1024 5450 Ausim.
1044 5386 1097 5450 et
1121 5391 1269 5450 meus
1299 5375 1439 5450 male
1456 5374 1742 5445 ἀκρίόασε.
1779 5373 1972 5430 Theat.

392 5446 692 5520 ἀκρίὸασαι
721 5451 780 5504 δέ
823 5467 933 5520 μοι.
959 5447 1169 5520 Mallem
1201 5446 1526 5520 ἀκρίόωσαι.

467 5514 581 5604 ('22.)
634 5514 834 5577 Theat.
879 5515 1228 5588 ὑπογραφῆς.
1275 5514 1430 5572 Meus
1472 5526 1525 5572 et
1573 5514 1794 5573 Barber.
1833 5517 1975 5572 ἀπο-

393 5609 716 5728 Ὑρῗὲἳτξςέἰο
745 5659 1048 5715 emendavi.
1079 5657 1230 5713 Meus
1253 5667 1308 5712 et
1332 5657 1551 5712 Barber.
1581 5658 1858 5723 ποθείσας.

471 5731 582 5798 (Ἡ)
623 5731 979 5801 ῥιιχίηιηκαὶ
1043 5733 1140 5801 τῆς
1197 5728 1548 5801 σωφροσύνης
1603 5731 1964 5801 περιστρέψαι

402 5802 590 5870 ἀςετῇ.
619 5799 812 5855 Theat.
854 5799 1015 5856 habet
1055 5799 1412 5873 περιπρέᾧη.
1458 5799 1598 5870 Lego
1633 5799 1961 5872 περιστέψῃ,

1387 5011 1430 5042 ¹⁸
1463 5009 1603 5063 Psal.
1623 5025 1745 5073 xcv,
1771 5011 1864 5074 97,
1893 5019 2158 5081 etcxux,
2192 5016 2244 5071 1.

1387 5081 1453 5135 id.
1490 5080 1579 5132 16.
1653 5082 1695 5130 εί
1731 5082 1858 5136 ibid.
1891 5082 1979 5136 15.

1669 5097 1695 5130 ξ·
1731 5097 1858 5136 ιυια.
1891 5097 1979 5136 ιδ.

2075 4602 2142 4674 ρὰ
2189 4605 2300 4664 τοῖς
2335 4603 2470 4663 υἱοῖς
2514 4600 2622 4652 τῶν
2663 4596 2981 4667 ἀνθρώπων
3026 4613 3045 4645 ι
3099 4593 3194 4646 καὶ
3245 4589 3405 4643 πάλιν
3461 4589 3654 4658 ἐτέρου

2073 4694 2549 4766 συμϐουλεύοντος,
2591 4694 2686 4747 καὶ
2713 4692 2979 4759 λέγοντος·
3019 4706 3039 4739 ι
3075 4687 3231 4748 Φίλος
3275 4685 3483 4747 πιστὸς,
3522 4683 3653 4735 σκέ-

2071 4805 2145 4856 πη
2175 4786 2432 4859 κραταιά·
2471 4785 2624 4855 φίλος
2685 4783 2894 4845 πιστὸς,
2949 4780 3240 4851 φάρμακον
3293 4775 3457 4846 ζωῆς-
3494 4773 3655 4843 φίλου

2071 4877 2264 4930 πιστοῦ
2295 4879 2396 4932 ούκ
2427 4878 2573 4933 ἔστιν
2600 4876 2971 4945 ἀντάλλαγμα·
3010 4893 3028 4925 ι
3066 4872 3160 4926 καὶ
3201 4868 3294 4923 τοῦ
3329 4866 3491 4921 Δαὸὶδ
3522 4882 3654 4920 συν-

2320 5019 2364 5050 ¹⁶
2387 5018 2530 5074 Psal.
2553 5033 2736 5080 cxvnt,
2772 5013 2893 5069 165.
2971 5013 3014 5044 ³⁷
3047 5009 3148 5067 lsa.
3175 5024 3267 5072 ιι.
3299 5007 3352 5066 1.
3429 5004 3472 5037 ¹⁸
3504 5004 3651 5061 Psal.

2085 5245 2142 5290 et
2186 5236 2264 5291 sic
2298 5235 2492 5310 legisse
2523 5235 2925 5310 videtur-vetus
2975 5233 3274 5310 interpres,
3319 5229 3410 5310 qui
3451 5231 3652 5310 vertit,

2091 5325 2109 5358 ι
2147 5322 2298 5361 suam
2338 5301 2573 5360 animam
2608 5305 2762 5360 simul
2799 5314 2851 5358 et
2893 5318 3088 5371 corpus
3136 5301 3400 5355 castitatis
3444 5301 3648 5354 virtute

2083 5386 2355 5432 coronet.»
2395 5377 2488 5431 Sic
2528 5377 2687 5431 etiam
2730 5372 3307 5448 habuisseput‘averim
3341 5371 3392 5422 in
3427 5385 3526 5422 suo
3557 5385 3652 5422 eo.

2083 5449 2200 5503 dice
2229 5448 2564 5512 Sulutatum;
2609 5445 2768 5499 vertit
2817 5446 2957 5498 enim
2982 5441 3060 5496 ἰι
3091 5441 3330 5512 Corpore
3357 5449 3556 5512 castus
3593 5449 3650 5493 et

2083 5519 2262 5572 animo
2302 5509 2772 5586 temperantiaeque
2800 5514 3004 5586 viribus
3031 5510 3261 5565 vallatus
3291 5509 3415 5565 erit.
3446 5527 3465 5560 ι

2304 5584 2534 5664 ilesj'clt.
2559 5588 2801 5656 ταμεῖον,
2825 5584 3083 5664 θάλαμοςζ

2151 5650 2263 5728 (96')
2304 5650 2792 5728 Legendum'puto
2839 5650 3006 5725 αὐτῷ.
3055 5651 3148 5709 Sic
3193 5650 3354 5723 paulo
3399 5660 3522 5723 post
3572 5650 3653 5723 τῷ

2079 5729 2194 5800 ίδίῳ
2223 5726 2518 5800 προσλαλεῖ
2547 5726 2776 5798 νυμφίῳ.
