3810 6338
113 357 163 414 :3
1009 354 1416 408 LNARRA'I‘IO
1453 354 1522 407 IN
1570 355 1943 409 CANTICUM
1984 355 2455 412 CANTICORUM.
3269 368 3341 417 δι

111 472 399 546 ομιλοῦντος
432 470 552 546 (27)
582 471 749 544 αὐτῆ
790 489 810 524 ι
840 471 1126 537 Ἄκουσον,
1157 469 1417 541 θύγατερ,
1456 470 1551 525 καὶ
1580 469 1665 535 ἴδεἸ

1788 492 1809 526 ι
1841 475 2000 541 Audi,
2050 474 2158 529 lilia
2189 490 2205 528 :
2236 484 2292 529 et
2328 472 2473 537 vide,
2520 479 2574 528 et
2614 471 2808 528 inclina
2848 485 3033 527 aurem
3080 481 3259 538 tuam,
3285 485 3341 527 et

112 566 184 620 καὶ
232 565 413 619 κλῖνον
470 565 536 618 τὸ
584 560 685 628 οὖς
721 579 850 617 σου*
915 564 1008 617 καὶ
1066 562 1325 617 ἐπιλάθου
1391 561 1488 616 τοῦ
1544 562 1675 616 λαοῦ

111 675 185 711 σου
218 656 351 726 (28),
388 656 484 709 καὶ
510 655 607 709 τοῦ
636 656 790 710 οτκου
819 653 913 708 τοῦ
949 654 1156 725 πατρός
1194 670 1311 708 σου⁸
1361 655 1455 708 καὶ
1481 653 1674 708 ἐπιθυ-

112 749 249 819 μήσει
280 747 310 799 ό
346 744 606 816 βασιλεὺς
652 745 749 799 τοῦ
790 745 1019 807 κάλλους
1067 760 1184 805 σου.
1235 745 1319 798 ὅτι
1359 744 1520 808 αὑτός
1557 745 1674 798 ἐστι

112 839 286 911 Κύριός
310 855 429 893 σοιν
477 857 499 890 ι
532 838 632 893 καὶ
658 837 823 893 πάλιν
861 839 1083 893 Ἡσαΐου
1111 837 1202 892 τὸν
1228 836 1451 907 ἔννομον
1472 837 1675 908 τιμῶν-

110 949 180 995 τος
224 932 423 1002 γάμον,
461 930 561 984 καὶ
610 930 865 999 λέγοντος
908 930 1073 1002 αὐτῇ·
1121 947 1141 981 ι
1185 930 1281 983 Ὃν
1334 930 1535 1001 τρόπον
1579 931 1671 983 εύ-

112 1022 454 1093 ᾳρανθήσεται
496 1021 734 1093 νυμφίος
764 1022 858 1074 ἐπὶ
883 1024 949 1093 τῇ
977 1021 1186 1093 νύμφῃ,
1216 1021 1390 1084 οὕτως
1432 1022 1672 1094 εὐφραν-

113 1114 307 1186 θήσεται
335 1113 547 1186 Κύριος
576 1114 670 1167 sui.
694 1113 778 1167 σοι
813 1113 858 1183 ι)
875 1131 890 1145 ·
932 1113 1122 1185 ὥσπερ
1146 1109 1240 1167 οὖν
1268 1112 1472 1167 τούτων
1496 1116 1674 1168 ὲνωτι-

113 1208 291 1278 σιμένη
329 1208 429 1260 καὶ
454 1206 634 1262 ἄλλων
670 1208 872 1277 ὁμοίων
907 1207 943 1278 ἡ
978 1205 1289 1278 καλουμένη
1319 1205 1503 1277 νύμφη
1535 1207 1668 1278 (29),

114 1301 354 1367 ἁναφωνεῖ
389 1299 490 1353 καὶ
520 1298 692 1368 λέγει·
722 1297 1038 1366 Φιλησάτω
1069 1315 1147 1369 με
1179 1298 1299 1352 ἀπὸ
1325 1297 1675 1368 φιλημάτων

113 1394 376 1460 πόματος
406 1392 622 1447 αὑτοῦ.
655 1392 730 1446 Σὺ
774 1390 926 1460 γοῦν,
969 1393 1077 1455 πᾶς
1118 1392 1148 1443 ὁ
1181 1390 1530 1462 ἀκροώμενος
1561 1390 1670 1444 τῶν

116 1484 472 1555 πνευματικῶν
495 1485 781 1556 ᾀσμάτων,
811 1485 893 1537 ὅτι
925 1484 1138 1555 φίλημα
1165 1483 1540 1554 πνευματικὸν
1572 1485 1667 1537 καὶ

115 1578 344 1648 ἄχραντον
376 1575 482 1648 τῆς
511 1575 718 1645 σαρκὸς
746 1573 968 1638 ἀκούεις
999 1574 1233 1645 φίλημα,
1263 1573 1338 1645 μὴ
1366 1572 1669 1646 τιτρώσκου

112 1674 190 1739 τὴν
225 1669 463 1724 διάνοιαν
515 1671 641 1731 ταῖς
674 1668 774 1738 τῆς
806 1668 1007 1740 σαρκὸς
1043 1664 1415 1739 ἡδυπαθείαις.
1455 1666 1668 1739 Φίλημα

112 1762 198 1831 γὰρ
253 1759 627 1831 πνευματικὸν
693 1757 991 1830 φιλήματος
1059 1755 1324 1828 σαρκικοῦ
1377 1754 1522 1810 πολὺ
1576 1757 1669 1810 καὶ

111 1854 421 1925 ἀσυγκρετως
454 1853 754 1924 διενήνοχε,
789 1850 1041 1921 καθάπερ
1064 1852 1098 1922 ἡ
1133 1849 1315 1922 ἡμέρα
1345 1849 1447 1921 τῆς
1477 1849 1669 1915 νυκτός

1776 566 2093 622 obliviscere
2127 566 2381 637 populum
2412 574 2560 621 tuum
2592 574 2648 620 et
2667 565 2883 622 domum
2911 564 3079 634 patris
3132 566 3209 620 tui
3242 583 3256 620 :
3289 578 3341 620 et

1779 658 2122 727 concupiscet
2171 673 2268 713 rex
2328 658 2779 729 pulchritudinem
2839 667 3021 722 tuam,
3067 660 3189 728 quia
3233 658 3342 728 ipse

1774 758 1858 803 est
1890 748 2148 804 Dominus
2179 750 2319 804 Deus
2349 760 2471 805 tuus
2500 752 2546 783 ”
2574 767 2592 805 :
2624 769 2645 803 ι
2676 761 2729 806 et
2758 765 2946 805 rursus
2981 748 3151 805 Isaias
3173 749 3340 820 legiti-

1775 854 1892 895 mas
1943 840 2213 896 bonorans
2241 841 2477 911 nuptias,
2526 842 2658 897 dicit
2699 843 2746 897 ei
2795 842 2842 874 ³³
2874 861 2889 898 :
2926 861 2945 893 ι
2979 842 3344 909 Quemadmo-

1772 932 1899 984 dum
1929 931 2197 985 Iaetabitur
2224 947 2455 1002 sponsus
2484 935 2535 987 in
2566 948 2786 1003 sponsa,
2823 933 2901 988 sic
2936 933 3208 989 laetabitur
3238 933 3343 988 Do-

1773 1025 1957 1079 minus
1993 1025 2132 1079 in-le
2158 1024 2243 1094 ι);
2285 1025 2436 1094 quasi
2481 1025 2645 1094 igitur
2674 1026 2760 1080 bis
2820 1025 3043 1093 aliisque
3083 1024 3341 1091 ejusmodi

1783 1117 2124 1171 sermonibus
2153 1131 2345 1186 sponsa
2378 1118 2622 1185 prmbens
2647 1130 2805 1170 aures
2831 1115 3051 1183 clamat,
3095 1126 3150 1169 et
3176 1115 3341 1169 dicit:

1785 1206 2065 1262 Osculetur
2088 1225 2169 1262 me
2200 1210 2264 1261 ab
2291 1206 2482 1262 osculis
2514 1208 2620 1262 oris
2651 1208 2756 1261 sui.
2783 1207 2860 1260 Tu
2889 1207 3074 1276 igitur,
3101 1206 3342 1275 quisquis

1773 1300 1993 1356 Cantica
2028 1302 2360 1356 canticorum
2403 1302 2576 1365 audis,
2607 1300 3136 1370 quandoSpirituale
3178 1309 3229 1354 et
3275 1299 3341 1353 ab

1769 1393 1915 1447 omni
1951 1408 2118 1449 carne
2156 1409 2350 1464 purum
2403 1394 2643 1448 osculum
2699 1394 2872 1457 audis,
2931 1392 3038 1447 noli
3109 1402 3341 1446 mentem

1771 1484 2078 1540 carnalibus
2125 1486 2327 1540 laedere
2364 1486 2748 1556 voluptatibus.
2784 1484 3036 1540 Osculum
3063 1486 3207 1539 enim
3237 1487 3344 1554 spi-

1771 1576 1965 1630 rituale
2015 1577 2221 1631 carnali
2268 1578 2453 1632 osculo
2491 1579 2660 1631 mimo
2691 1587 2776 1632 est
2806 1587 2862 1632 et
2899 1580 3016 1632 sine
3055 1590 3343 1645 compara-

1771 1668 1917 1724 tione
1936 1670 2301 1739 praastautius,
2332 1670 2473 1724 sicut
2497 1670 2612 1725 dies
2636 1681 2846 1725 noctem
2871 1669 3072 1724 lumine
3098 1677 3341 1736 superat.

1770 1760 2232 1828 Quemadmodum
2268 1762 2411 1816 enim
2478 1778 2672 1833 corpus
2724 1772 2807 1818 est
2836 1763 3090 1825 animale,
3134 1771 3188 1817 et
3218 1776 3338 1816 cor-

1766 1868 1867 1923 pus
1896 1853 2175 1924 spirituale
2199 1853 2282 1908 ’δε
2320 1856 2391 1909 ita
2438 1856 2678 1911 osculum
2709 1864 2792 1911 est
2820 1856 3061 1923 carnale,
3094 1864 3149 1910 et
3179 1870 3342 1910 oscu-

113 1948 221 2014 φωτὶ
248 1946 665 2017 ἐπερίσσευσεν.
693 1944 907 2015 Ὥσπερ
935 1941 1046 2014 γὰρ
1080 1942 1196 1995 ἔστι
1227 1940 1387 2013 σῶμα
1415 1939 1663 2011 ψυχικὸν,

1778 1946 1877 2000 lum
1911 1945 2209 2017 spirituale.
2240 1943 2435 2001 Verum
2470 1947 2688 2002 carnale
2718 1958 2976 2003 terrestre
3015 1956 3135 2013 est;
3175 1947 3342 2018 spiri-

112 2041 185 2093 καὶ
228 2040 336 2093 ἔστι
391 2038 558 2109 σῶμα
616 2034 1003 2107 πνευματικόν⁸
1049 2033 1222 2098 οὕτως
1267 2034 1387 2087 ἐστι
1453 2034 1667 2107 φίλημα

114 2132 359 2205 σαρκικὸν,
386 2133 488 2185 καὶ
532 2130 748 2201 φίλημα
794 2127 1183 2200 πνευματικόν.
1237 2126 1398 2180 Ἀλλὰ
1444 2128 1505 2181 τὸ
1567 2128 1665 2199 μὲν

110 2225 338 2298 «pxme
365 2225 616 2293 ἐπίγειον
632 2240 647 2253 ⁶
673 2222 736 2276 τὸ
758 2221 817 2275 δὲ
839 2218 1206 2291 πνευματικὸν
1227 2219 1569 2292 ἐπουράνιον.
1599 2220 1667 2273 Ἠ

109 2320 254 2375 τοίνυν
296 2319 391 2373 ἐπὶ
440 2318 549 2388 γῆς
576 2314 727 2386 φιλία
760 2314 871 2385 (50)
916 2311 1107 2383 ὲπιμίξ
1135 2314 1249 2366 ἐστι
1278 2311 1445 2366 καλοῦ
1480 2327 1541 2365 τε
1571 2312 1666 2365 καὶ

109 2409 266 2464 κακοῦ.
300 2407 465 2479 Καλὴ
490 2407 603 2478 γὰρ
628 2407 663 2476 ἡ
696 2404 827 2476 περὶ
848 2402 1024 2473 γάμον
1057 2399 1225 2470 φιλία,
1262 2399 1408 2470 κακὴ
1432 2398 1492 2452 δὲ
1510 2400 1544 2468 ή
1569 2414 1667 2450 πε-

112 2503 153 2571 ρὶ
184 2501 453 2574 πορνείαν.
490 2498 566 2552 οὐ
616 2496 727 2569 γὰρ
772 2494 908 2566 πρὸς
950 2494 1117 2565 μόνας
1145 2492 1247 2556 τὰς
1280 2491 1386 2545 ὑπὸ
1409 2489 1545 2543 Θεοῦ
1571 2506 1666 2543 συ-

110 2594 393 2664 ζευχΘεΞσας
422 2593 617 2654 αὐτοῖς
641 2589 888 2660 νομίμως
911 2585 1156 2660 γαμετὰς
1178 2585 1426 2638 ἕλκονται
1461 2581 1666 2645 πάντες

108 2685 169 2755 τῷ
192 2685 333 2756 πόθῳ
360 2685 502 2755 (τοῖς
523 2682 571 2735 δ’
595 2679 958 2752 ἀρκουμένοις
978 2676 1175 2746 τούτῳ,
1199 2673 1400 2741 ἀγαθόν
1431 2671 1570 2745 [5l]'
1606 2672 1665 2738 ἐξ

109 2778 281 2846 habui}
301 2777 414 2849 γὰρ
448 2778 481 2830 ὁ
500 2775 724 2845 γάμος)·
751 2771 887 2827 ἀλλὰ
919 2770 1102 2825 πολλοὶ
1136 2768 1230 2822 καὶ
1268 2767 1406 2839 μετὰ
1435 2764 1667 2836 ἀνομίας

110 2870 435 2941 κλιψιγάμοις
483 2869 668 2928 εὐναῖς
724 2863 1146 2936 συμπλέκονται,
1185 2859 1467 2930 δεινοτάτῃ
1512 2857 1665 2929 φιλίᾳ

107 2960 612 3036 οἰστρηλατούμενοιθ
657 2958 780 3028 ἣτις
811 2956 994 3019 αὐτοῖς
1039 2955 1119 3018 εἰς
1154 2951 1354 3023 ἔχθραν
1394 2966 1667 3020 μετατρα-

112 3055 329 3123 πήσεται,
357 3055 493 3107 ὅταν
531 3050 676 3106 κατὰ
718 3049 935 3103 πάντων
962 3047 1071 3100 τῶν
1097 3043 1356 3117 κρυπτῶν
1398 3040 1665 3110 ἑποπτικὴ

110 3143 183 3196 τοῦ
208 3143 336 3198 Θεοῦ
368 3143 559 3214 κρίσις
608 3140 972 3212 παραγίνεται
1031 3138 1244 3207 ἑκάστῳ
1287 3134 1355 3189 τὰ
1395 3133 1521 3201 ἄξια
1565 3151 1664 3186 τα-

1775 2035 1918 2094 tuale
1970 2047 2054 2093 est
2105 2037 2344 2094 caeleste.
2396 2038 2564 2094 Amor
2596 2039 2761 2110 igitur
2798 2039 2852 2094 in
2901 2040 3001 2094 hac
3033 2049 3177 2094 terra
3217 2054 3343 2109 pro-

1770 2130 1976 2185 miscue
2015 2137 2101 2187 est
2142 2140 2257 2184 tum
2292 2131 2418 2185 boni
2467 2140 2579 2185 tum
2627 2131 2771 2185 mali.
2829 2130 3009 2186 Bonus
3060 2132 3204 2186 enim
3258 2141 3342 2186 est

1768 2229 1921 2269 amor
1972 2216 2026 2270 in
2078 2218 2297 2286 nuptiis,
2355 2218 2633 2287 improbus
2691 2219 2743 2273 in
2792 2218 3181 2287 fornicatione;
3235 2236 3340 2275 non

1770 2307 1916 2361 enim
1949 2322 2138 2364 omnes
2177 2309 2445 2366 desiderio
2498 2311 2565 2365 ad
2620 2311 2761 2367 solas
2788 2313 3077 2367 trahuntur
3118 2326 3341 2376 uxores,

1773 2415 1896 2469 qua:
1950 2400 2058 2454 illis
2100 2415 2130 2454 a
2189 2401 2295 2455 Deo
2336 2402 2575 2470 legitime
2625 2413 2748 2457 sunt
2784 2404 3120 2472 conjunctze;
3169 2412 3223 2458 et
3274 2405 3341 2458 iis

1767 2493 1986 2561 quidem
2042 2493 2133 2563 qui
2178 2509 2242 2547 eo
2290 2494 2531 2550 contenti
2582 2504 2725 2557 sunt,
2767 2495 2819 2549 id
2866 2495 3069 2549 bonum
3103 2505 3235 2549 est:
3271 2510 3339 2549 ex

1765 2582 1910 2638 bono
1932 2582 2076 2637 enim
2108 2584 2324 2654 nuptiae.
2358 2581 2556 2637 Verum
2604 2584 2755 2638 multi
2787 2584 2986 2639 furtivo
3054 2584 3341 2638 concubitu

1767 2690 1890 2731 cum
1919 2674 2112 2730 alienis
2141 2677 2406 2733 uxoribus
2425 2676 2872 2741 commiscentur,
2906 2676 3116 2731 nefario
3141 2677 3331 2746 perciti

1768 2782 1995 2833 amore;
2047 2767 2137 2837 qui
2180 2769 2396 2838 quidcm
2432 2769 2484 2823 in
2516 2768 2696 2823 odium
2725 2769 2831 2824 illis
2856 2777 3051 2834 vertet,
3092 2784 3213 2823 cum
3248 2767 3342 2822 Dei

1760 2857 2028 2928 judicium
2064 2860 2273 2913 occulta
2309 2875 2538 2931 quaeque
2569 2861 2906 2930 perspiciens
2954 2861 3251 2926 advenerit,
3281 2872 3344 2916 ut

1767 2966 1927 3007 suum
1964 2967 2073 3022 quo
2102 2952 2329 3022 quisque
2356 2953 2550 3022 dignus
2575 2963 2677 3016 est,
2712 2954 2999 3023 unicuique
3029 2953 3342 3010 distribuat.

1769 3042 2003 3100 Sanctus
2063 3053 2244 3099 autem
2303 3060 2767 3116 superuarumque
2824 3061 3005 3101 rerqu
3055 3060 3209 3099 amor
3256 3046 3344 3100 ille

1774 3144 1877 3200 est,
1914 3136 2008 3206 qui
2038 3134 2279 3191 inﬁnitas
2318 3135 2561 3190 continet
2592 3138 2944 3204 dulcedines;
3007 3139 3096 3206 qui
3130 3136 3342 3206 gaudiis

111 3231 427 3300 μιεύσασοαι.
482 3230 549 3283 Ἦ
595 3229 653 3282 δὲ
704 3226 910 3282 ἄνωθεν
963 3227 1058 3281 καὶ
1104 3223 1333 3297 περὶτὰ
1361 3223 1474 3278 ἄνω
1511 3221 1662 3293 φιλία

1778 3241 2045 3297 nunquam
2079 3225 2457 3281 deﬁcientibus
2489 3236 2694 3292 scatet;
2750 3228 3179 3282 interminabiles
3214 3229 3347 3280 odo-

1689 3274 1738 3339 ο

109 3318 214 3388 ἁγία
238 3322 399 3387 ἐστὶν,
428 3318 684 3383 αἰωνίους
703 3320 803 3382 τὰς
823 3316 1161 3387 γλυκύτητος
1190 3315 1389 3386 ἔχουσα
1405 3353 1421 3378 ,
1452 3315 1663 3368 ἀκατα-

1778 3336 1889 3375 rum
1921 3320 2094 3390 spirat
2126 3321 2421 3375 suavitates
2454 3337 2469 3385 ;
2511 3320 2833 3374 ineﬂ'abilem
2870 3321 3034 3375 habet
3072 3319 3340 3390 gloriam;

108 3413 348 3477 παύστους
401 3413 507 3476 τὰς
539 3409 878 3483 εὐφροσύνας
904 3408 1162 3481 βρύουσα,
1191 3405 1529 3478 ἀπεράντους
1564 3405 1664 3470 τὰς

106 3505 301 3570 sinuata;
340 3507 604 3570 πνέουσα,
637 3505 911 3576 ἀρρήτους
941 3502 1041 3566 τὰς
1078 3501 1234 3566 δόξας
1265 3498 1484 3570 ἔχουσα,
1508 3499 1663 3567 ῑσαγ-

1769 3411 2008 3467 houores
2063 3409 2221 3466 affert
2276 3411 2536 3481 angelicis
2572 3413 2869 3465 honoribus
2913 3426 3108 3480 pares;
3168 3411 3342 3479 ipsum

1769 3500 2054 3555 Dominum
2087 3500 2181 3569 qui
2210 3514 2309 3555 nos
2331 3479 2542 3562 dilexﬁ,
2577 3509 2831 3569 tauquam
2864 3479 2923 3553 in
2949 3498 3170 3568 speculo
3192 3497 3345 3550 nobis

105 3596 269 3664 τέλους
316 3597 417 3662 τὰς
462 3596 635 3668 τιμὰς
678 3596 939 3668 φέρουσα,
969 3593 1131 3648 αὐτὸν
1171 3592 1261 3646 τὸν
1301 3591 1662 3663 ἀγαπήσαντα

1778 3592 2133 3664 aspiciendum
2171 3593 2431 3657 exhibet;
2478 3591 2730 3647 ﬁduciam
2778 3595 2845 3646 ad
2894 3592 3173 3646 Dominum
3205 3605 3342 3659 pra:-

103 3691 234 3760 ἡμᾶς
269 3689 473 3763 Κύριον
518 3692 653 3761 ἡμῖν
695 3685 1109 3761 ὲσοπτρίζουσα,
1151 3684 1251 3757 τὴν
1292 3683 1430 3756 πρὸς
1457 3683 1549 3737 τὸν
1573 3686 1665 3736 Δε-

1778 3688 1891 3751 bet;
1943 3685 2253 3755 aequitatem
2301 3685 2525 3756 justitia:
2570 3684 2766 3750 affert;
2819 3692 2874 3738 et
2919 3684 2974 3737 iu
3018 3692 3157 3736 terra
3198 3691 3253 3736 et
3289 3681 3342 3736 in

108 3782 284 3855 πότην
306 3782 624 3856 παρρησίαν
652 3778 1009 3854 προξενοῦσα,
1031 3777 1093 3831 τὸ
1129 3777 1417 3849 ἰσόρροπον
1439 3774 1539 3846 τῆς
1579 3774 1660 3828 δι-

1778 3778 1926 3834 cmlis
1949 3777 2212 3833 honorem
2248 3787 2303 3833 et
2331 3777 2560 3847 gloriam
2595 3777 2760 3855 parit.
2795 3777 3007 3832 Audisti
3030 3776 3173 3830 inter
3196 3790 3344 3829 oscu-

106 3876 367 3947 καιοσύνης
399 3875 705 3942 ἐπάγουσα,
742 3870 837 3926 καὶ
886 3871 981 3924 ἐπὶ
1036 3870 1143 3940 γῆς
1191 3868 1285 3923 καὶ
1325 3870 1384 3922 ὲν
1415 3867 1663 3938 οὐρανοῖς

1778 3867 1883 3923 lum
1913 3876 1972 3923 et
2013 3868 2260 3924 osculum
2294 3868 2653 3924 dilfereutiam
2696 3879 2750 3924 ct
2798 3867 3132 3924 discrimen?
3174 3865 3344 3920 Nosm

104 3972 247 4041 τιμὴν
285 3971 378 4025 καὶ
416 3968 577 4037 δόξαν
611 3966 876 4038 φέρουσα.
915 3964 1186 4034 Ἀκήκοας
1227 3961 1528 4033 φιλήματος
1567 3957 1665 4012 καὶ

1778 3960 1904 4029 quid
1945 3960 2089 4016 inter
2126 3953 2419 4030 utrumque
2446 3961 2664 4016 intersit
2693 3978 2708 4015 :
2740 3961 2953 4032 seligito
2977 3961 3118 4030 quod
3152 3958 3345 4012 melius

113 4062 386 4134 φιλήματος
418 4060 687 4131 διαφορὰν
740 4059 834 4112 καὶ
874 4055 1148 4128 διάκρισιν
1184 4053 1332 4124 (52);
1383 4051 1557 4106 Γνῶθι
1603 4052 1665 4105 τδ

1778 4063 1857 4108 est
1888 4071 1902 4107 :
1936 4053 2058 4122 iuge
2088 4055 2231 4124 quod
2259 4055 2403 4110 laedit
2435 4072 2451 4109 :
2481 4064 2604 4111 tene
2638 4054 2780 4126 quod
2810 4054 3040 4110 salutem
3069 4054 3231 4124 parit.

104 4156 348 4225 meum,
409 4153 627 4218 ἐκλεξαι
683 4150 747 4204 τὸ
792 4151 1059 4220 κρεῖττον,
1106 4145 1245 4215 φύγε
1297 4144 1358 4198 τὸ
1396 4142 1654 4215 βλάπτον,
1697 4144 1889 4216 κράτει
1909 4145 1971 4199 τὸ
1997 4144 2168 4212 σῶζον
2197 4145 2333 4219 (55).

165 4247 461 4315 cunmm
481 4264 562 4316 με
592 4243 713 4300 ἀπὸ
742 4240 1090 4313 φιλημάτων
1120 4240 1419 4309 στόματος
1451 4236 1663 4293 αὑτοῦ·

1845 4240 2129 4296 Osculetur
2171 4257 2251 4295 me
2291 4243 2356 4295 ab
2392 4239 2589 4297 osculis
2612 4241 2721 4295 oris
2749 4243 2834 4295 sui
2853 4256 2874 4295 :
2896 4240 3106 4297 scilicet
3149 4240 3341 4297 Filius.

105 4340 367 4403 τουτέστιν,
413 4342 443 4393 ὁ
484 4337 632 4402 Υἱός.
660 4337 812 4393 Ἂνω
850 4338 949 4406 τῆς
988 4331 1229 4396 διανοίας
1277 4330 1341 4384 τὸ
1387 4329 1570 4402 δμμαο
1599 4331 1663 4384 οὐ

1778 4330 2000 4387 Sursum
2032 4330 2181 4397 erige
2206 4330 2405 4388 mentis
2429 4329 2669 4387 oculum.
2703 4330 2817 4386 Non
2843 4332 2991 4386 enim
3021 4331 3236 4385 carnale
3261 4340 3345 4386 est
3402 4366 3415 4383 π

106 4434 200 4505 γάρ
236 4432 494 4505 σαρκικδν
543 4430 607 4484 τὺ
655 4429 968 4500 λεγόμενον,
1013 4424 1151 4479 ἀλλὰ
1189 4423 1562 4495 πνευματικὸν
1602 4421 1665 4475 τὸ

1778 4424 1825 4477 id
1863 4423 1930 4479 de
1955 4437 2061 4493 quo
2090 4433 2174 4478 est
2205 4436 2385 4479 sermo
2413 4441 2429 4491 ;
2477 4427 2573 4479 sed
2601 4424 2900 4494 spirituale,
2936 4423 3077 4493 quod
3112 4425 3346 4494 praplie-

113 4526 576 4596 προφητευόμιενον.
634 4521 712 4576 Ού
755 4519 1000 4591 βούλεται
1042 4517 1151 4589 γὰρ
1206 4513 1317 4587 (54)
1368 4513 1456 4569 διὰ
1500 4513 1664 4584 μόνου

1778 4513 1877 4569 tice
1925 4513 2144 4568 dicitur.
2182 4512 2477 4579 Nun‘enim
2510 4515 2846 4571 solummodo
2876 4530 2973 4587 per
3013 4530 3075 4570 os
3115 4517 3345 4585 prophe-

112 4613 349 4682 στόματος
388 4611 690 4687 προφητῶν
728 4607 1064 4680 διδαχθῆναι·
1113 4605 1227 4660 ἀλλ’
1258 4604 1442 4669 αὐτὸς,
1478 4606 1662 4676 φησιν,

1779 4619 1954 4661 tarum
1982 4605 2164 4660 doceri
2194 4607 2341 4673 vult;
2381 4608 2474 4663 sed
2506 4608 2640 4678 ipse,
2671 4608 2867 4678 inquit,
2919 4609 3141 4662 accedat
3167 4617 3221 4659 et
3259 4622 3347 4660 me

104 4706 355 4773 ἑτγισάτω
405 4705 503 4760 καὶ¹
547 4701 813 4769 διδαξάτω
853 4717 920 4773 με
954 4699 1104 4764 Υἱός.
1140 4697 1366 4769 Μεγάλη
1405 4696 1514 4769 γάρ
1548 4696 1660 4770 (⁸55)

1778 4698 1957 4752 doceat
1982 4694 2173 4751 Filius.
2202 4694 2396 4755 Gravis
2429 4697 2595 4764 enim,
2635 4698 2813 4751 aiebat
2856 4696 3125 4766 quondam
3158 4694 3343 4751 Eccle-

165 4844 207 4875 ¹³
231 4843 368 4899 Psal.
414 4858 564 4909 xuv,
602 4839 693 4895 l0.
767 4837 815 4871 ³⁸
844 4837 950 4892 lsa.
980 4851 1115 4900 un,
1140 4835 1196 4891 5.
1268 4835 1316 4869 ³⁵
1342 4834 1361 4888 l
1385 4833 1511 4891 Cor.
1542 4850 1632 4902 xv,
1658 4832 1750 4890 44.

169 4978 275 5047 (27)
312 4978 402 5034 Sic
439 4989 618 5043 meus,
645 4984 702 5030 et
731 4971 895 5028 Barb.
919 4980 974 5027 et
1000 4969 1197 5027 Theat.
1220 4968 1283 5026 In
1317 4968 1654 5029 Vallicellan.

109 5049 557 5118 συμϐουλεύοντος.
784 5077 791 5083 ο

140 5112 268 5243 h(:8)
302 5119 529 5174 Βεειίιυί
557 5132 675 5181 οου,
699 5129 821 5186 qua:
846 5112 1033 5169 vocula
1058 5127 1090 5167 a
1120 5125 1243 5168 meo
1263 5113 1387 5170 cod.
1413 5121 1470 5169 et
1492 5112 1654 5171 Barb.

109 5202 136 5240 ι
223 5203 262 5242 ι.

1834 4966 2150 5041 (32)-Vetus
2201 4964 2470 5041 interpres
2513 4964 2716 5041 vertit:
2757 4980 2778 5015 ι
2828 4961 3077 5041 Audistis
3123 4959 3343 5041 quidem

1761 5031 1940 5097 osculi
1986 5046 2042 5093 et
2072 5034 2247 5092 osculi
2296 5031 2653 5089 di'ﬂ‘erentiam
2696 5043 2858 5101 atque
2907 5031 3197 5098 judicium.
3238 5031 3346 5086 Co-

1763 5123 1971 5183 gnosce
1983 5107 2414 5183 _discretionem.
2446 5104 2596 5183 Elige
2624 5104 2762 5183 quod
2787 5102 2983 5183 _iuelius
3000 5110 3103 5167 est,
3137 5119 3156 5152 ι
3182 5112 3289 5183 etc.

1836 5182 1951 5251 (35)
1983 5177 2356 5251 Yetus_versio
2385 5178 2630 5251 quietiam
2665 5174 2754 5229 hic
2785 5173 2972 5239 habet,
3005 5187 3130 5243 quas
3147 5173 3345 5228 absunt

170 5259 271 5328 (29)
310 5257 425 5314 Yet.
456 5259 683 5328 interpr.
720 5274 740 5307 ι
769 5263 993 5328 evocata
1033 5267 1252 5328 sponsa.
1281 5272 1301 5306 ι
1325 5252 1450 5328 _Sed
1480 5254 1657 5328 ή-κα-

108 5323 316 5401 λουμένῃ
337 5329 525 5401 νύμφη
552 5323 702 5401 idem
722 5336 896 5401 estsi:
924 5323 1247 5401 simpliciter
1277 5323 1652 5401 νύμφηζνίᾱ.

110 5393 381 5455 Comment.
406 5393 590 5454 meum
637 5398 707 5452 ad
754 5393 943 5450 Electr.
1007 5393 1288 5466 Sophocl.,
1325 5393 1415 5451 ad
1443 5393 1658 5450 versum

172 5541 270 5611 (ὅθ)
298 5541 552 5598 Vallicell.
579 5536 983 5611 φιλανθρωπία,

173 5606 270 5682 (5|)
312 5612 529 5682 T0793?
567 5606 821 5682 dpmg.
860 5624 914 5660 τ.
944 5608 1193 5682 ἀγαθόν.
1219 5606 1656 5682 _Sicinterpun-

112 5675 315 5745 gendum
339 5675 628 5738 σίνοιιίοζ
656 5691 713 5735 et
746 5675 941 5733 Theat.
967 5675 1143 5749 τούτῳ
1176 5676 1256 5748 τῷ
1294 5676 1485 5749 πόθῳη
1522 5675 1654 5727 Bar-

115 5750 323 5818 berinus,
362 5764 415 5808 et
445 5766 601 5807 meus
649 5747 1079 5819 liabeuticoiito,
1108 5747 1167 5804 et
1199 5747 1422 5819 pravam
1474 5747 1647 5801 inter-

113 5823 419 5889 punctionem
449 5824 655 5879 habent
681 5820 842 5891 hujus
872 5818 995 5876 loci.

1762 5250 1832 5307 ab
1845 5245 2112 5305 omnibus
2144 5246 2351 5303 Graecis
2378 5245 2675 5301 codicibus.

1836 5321 1949 5392 (54)
1995 5318 2230 5373 Restitui
2261 5316 2370 5389 γάρ
2422 5331 2489 5371 ex
2523 5314 2645 5370 aliis
2705 5314 2861 5371 codd.
2897 5314 3067 5370 Abest
3109 5313 3253 5369 enim
3309 5328 3341 5368 ο

1757 5391 1920 5446 Barh.
1953 5399 2008 5445 et
2044 5403 2184 5444 meo.
3085 5398 3093 5408 '

1828 5461 1941 5534 (35)
1986 5459 2196 5534 Haecin
2226 5458 2396 5534 veteri
2432 5456 2685 5534 versione
2714 5454 2926 5534 reddita
2954 5461 3082 5534 sunt
3108 5467 3340 5534 perver-

1754 5524 2013 5589 sissime:
2050 5548 2071 5580 ι
2098 5528 2268 5584 Mater
2302 5528 2446 5582 enim
2477 5542 2595 5582 mea
2643 5527 2886 5581 Ecclesia
2935 5524 3230 5593 aliquando
3260 5524 3342 5577 di-

1752 5604 1911 5659 cebat
1936 5620 1950 5656 :
1978 5601 2195 5656 Pusillis
2220 5614 2325 5654 non
2351 5599 2640 5663 salvabor;
2675 5611 2927 5667 magnum
2958 5604 3013 5649 et
3040 5593 3339 5667 perfectum

1752 5674 2025 5728 medicum
2087 5671 2396 5737 requiram,
2444 5683 2594 5723 mero
2633 5666 2844 5737 perfusa
2903 5680 3061 5726 sum,
3099 5666 3342 5737 _teaebm

1759 5753 1888 5797 sunt
1914 5743 2144 5797 lucerna:
2164 5733 2296 5813 legis
2317 5749 2373 5792 et
2391 5733 2665 5813 propheta;
2691 5740 2798 5792 :ait
2825 5736 2968 5792 enim
2993 5749 3014 5813 ξ
3038 5753 3068 5813 _c
3095 5733 3339 5813 Lucerna

1755 5814 1981 5885 pedibus
2046 5813 2187 5867 meis
2218 5804 2314 5866 lex
2354 5804 2506 5875 ttia,‘
2536 5818 2592 5864 et
2647 5809 2827 5862 lumen
2874 5804 3084 5861 semitis
3134 5804 3288 5858 meis.
3315 5820 3339 5855 ι
