3810 6320
181 333 242 388 37
1097 327 1502 386 ENARRATIO
1544 325 1612 382 IN
1649 327 2003 388 CANTICUM
2042 330 2519 393 CANTICORUM.
3362 339 3439 400 38

180 451 285 506 ἀπὺ
339 447 636 522 προσώπου
695 447 1028 520 εὐπρεπείας
1089 447 1249 520 δόξης
1311 448 1509 502 αὑτοῦ·
1563 468 1582 502 ι
1642 448 1740 522 τὴν
1781 450 2083 525 ὑπερϐολὴν
2126 455 2226 526 τῆς
2263 456 2562 527 εὐφρασίας
2596 455 2704 511 τῶν
2752 451 2842 511 τοῢ
2909 459 3043 513 Θεοῦ
3111 459 3302 530 λογίων
3342 465 3436 517 ἐκ.

182 546 384 615 πληττό
390 560 571 615 μενος.

246 637 318 689 Γ.
349 635 443 688 Στ.
483 632 550 704 β’.
582 631 694 687 Καὶ
729 631 891 702 ὀσμὴ
911 631 1118 701 μύρων
1142 647 1259 698 σου
1286 631 1439 700 ὑπὲρ
1467 630 1664 686 πάντα
1687 632 1760 686 τὰ

1934 627 2022 683 Ill.
2065 625 2230 683 Vens.
2269 629 2324 683 2.
2366 627 2434 683 Et
2460 629 2593 684 odor
2615 640 2992 701 unguentorum
3036 641 3245 690 tuorum
3284 654 3438 708 super

180 729 472 797 ἀρώματα.

247 821 342 882 Εἰς
387 816 726 888 προτροπὴν,
775 810 951 886 οἴμαι,
996 817 1094 884 τῆς
1142 813 1468 885 Ἐκκλησίας
1509 813 1570 866 τὸ
1607 814 1762 883 ἅγιον

184 908 401 977 Πνεῦμα
439 905 668 959 τοιαῦτα
706 904 936 976 μελῳδεῖ
973 903 1083 974 (46)
1115 902 1193 973 τῷ
1224 903 1414 974 Κυρίῳ
1438 918 1453 930 ’
1508 903 1572 955 ἵν’
1601 905 1762 974 ἡμεῖς

182 999 431 1069 τοιαύτης
466 997 695 1059 εὐωδίας
728 996 1062 1066 αἰσθόμενοι,
1091 995 1188 1065 τὴν
1212 995 1476 1048 δυσωδίαν
1511 996 1618 1050 τῶν
1659 1013 1761 1067 μυ-

187 1091 360 1161 σαρῶν
387 1089 806 1159 ἁμαρτημάτων
838 1085 1261 1156 ἀποπτύσωμεν·
1303 1086 1402 1157 τὴν
1445 1085 1502 1139 δὲ
1535 1085 1762 1140 εὐωδίαν

185 1183 272 1251 τῆς
296 1180 394 1234 τοῦ
437 1178 679 1250 Χριστοῦ
714 1176 1060 1246 δικαιοσύνης
1102 1179 1192 1239 εἰς
1220 1176 1446 1240 ἑαυτοὺς
1489 1176 1764 1247 ἀντλήσω-

191 1288 297 1342 μεν.
331 1290 352 1321 ι
399 1268 577 1339 Ὀσμὴ
636 1266 825 1338 μύρων
879 1283 992 1329 σου,
1035 1285 1053 1316 ι
1105 1265 1288 1336 φησὶν,
1337 1283 1354 1316 ι
1398 1263 1534 1335 ὑπὲρ
1586 1264 1763 1318 πάντα

189 1362 464 1433 ἀρώματα.
510 1379 528 1411 ι
563 1358 638 1411 Τὸ
675 1357 866 1428 μύρον,
912 1356 1131 1425 ἀδελφοὶ
1173 1354 1308 1426 (47),
1344 1356 1438 1409 ἐπὶ
1478 1355 1763 1426 βασιλικῆς

189 1473 240 1508 τε
263 1455 356 1507 καὶ
380 1451 665 1524 ἱερατικῆς
688 1449 844 1514 ἀξίας
866 1448 1122 1520 τετάχθαι
1144 1449 1251 1502 ἀπὸ
1275 1447 1382 1502 τῶν
1408 1447 1579 1516 ἁγίων
1603 1447 1764 1519 ᾐσθή-

193 1548 318 1620 μεθα
347 1545 608 1618 Γραφῶν.
641 1545 756 1598 Οὐκ
788 1543 998 1614 ἄσημον
1040 1542 1146 1613 γὰρ
1180 1542 1307 1612 ὑμῖν
1339 1541 1480 1594 δοκῶ
1517 1543 1630 1605 τοῖς
1661 1559 1760 1594 πο-

191 1641 502 1711 λυμαθέσιν,
532 1639 616 1691 ὅτι
643 1638 693 1690 oi
722 1636 781 1689 ἐν
805 1638 925 1699 ταῖς
952 1635 1197 1704 Γραφαῖς
1231 1632 1467 1704 βασιλεῖς
1493 1632 1571 1704 τῷ
1597 1633 1762 1704 ἐλαίῳ

188 1734 274 1803 τῆς
311 1732 549 1803 χρίσεως
587 1727 890 1800 βασιλεύειν
916 1727 1258 1783 καθίσταντο.
1291 1726 1527 1778 Κάκεῖνο
1550 1723 1606 1777 δὲ
1633 1725 1762 1795 ὑμῖν

190 1825 412 1896 οανερὸν
441 1821 586 1876 εἶναι
635 1821 918 1892 βούλομαι,
951 1820 1032 1872 ὅτι
1062 1818 1154 1872 καὶ
1177 1820 1225 1871 οἱ
1255 1817 1374 1871 τότε
1405 1819 1570 1892 ἱερεῖς
1605 1817 1765 1888 μύρῳ

190 1918 479 1990 χρώμενοι,
534 1913 596 1966 τὸ
646 1908 942 1982 ἱερατεύειν
991 1907 1293 1978 ἐλάμϐανον
1340 1905 1474 1976 (48).
1544 1905 1762 1977 Ἐπειδὴ

1869 722 2048 776 omnia
2076 729 2337 773 aromata.

1938 813 2018 866 Ad
2049 811 2458 877 cohortandam,
2495 819 2556 866 ut
2599 813 2810 882 opinor,
2854 813 3156 870 Ecclesiam
3201 815 3438 886 Spiritus

1869 914 2091 961 sanctus
2126 903 2250 957 talia
2283 904 2427 960 canit
2456 903 2712 972 Domino;
2751 916 2809 959 ut
2846 921 2944 960 nos
2967 907 3230 977 ejusmodi
3263 911 3440 963 suavi-

1870 996 1995 1052 tatis
2021 999 2187 1051 odore
2228 995 2377 1059 tacti,
2428 994 2757 1063 impnrorum
2817 995 3044 1052 fetorem
3085 1009 3433 1069 peccatorum

1867 1104 2202 1154 aversemur,
2233 1097 2287 1142 et
2310 1087 2606 1158 jucundum
2637 1088 2861 1158 iustitiae
2895 1091 3094 1146 Christi
3125 1092 3346 1148 odorem
3383 1094 3437 1147 in

1868 1198 1968 1237 nos
2000 1181 2329 1237 hauriamus.
2357 1199 2374 1230 ι
2400 1179 2598 1247 θύοι-,ι
2635 1182 2826 1251 inquit,
2861 1201 2880 1234 ι
2903 1193 3293 1252 unguentorum
3321 1195 3439 1240 tuo-

1868 1288 1986 1328 rum
2025 1287 2187 1342 super
2234 1271 2414 1326 omnia
2457 1268 2784 1336 ,aromalah
2843 1270 3215 1343 Unguentum,
3259 1275 3438 1330 dilecti

1868 1364 2088 1428 fratres,
2115 1363 2180 1418 ad
2212 1362 2416 1433 regiam
2447 1371 2502 1417 et
2525 1363 2918 1420 sacerdotalem
2944 1365 3253 1435 dignitatem
3282 1366 3439 1420 insli-

1870 1467 2040 1511 tutum
2067 1470 2186 1511 esse
2211 1470 2241 1509 a
2275 1456 2445 1509 sacris
2463 1455 2758 1524 Scripturis
2785 1457 3064 1523 novimus;
3097 1457 3257 1528 idque
3286 1457 3438 1512 vobis

1868 1548 2194 1604 doctissimis
2230 1546 2365 1601 viris
2402 1547 2678 1617 cognitum
2713 1562 2834 1604 esse
2879 1549 3135 1614 arbitror,
3187 1551 3328 1619 quod
3381 1550 3437 1604 in

1868 1641 2039 1698 sacris
2100 1640 2396 1710 Scripturis
2450 1654 2606 1710 reges
2656 1654 2752 1709 per
2812 1639 2986 1695 oleum
3044 1640 3316 1696 unctionis
3369 1641 3438 1696 ad

1869 1735 2198 1806 regnandum
2221 1732 2719 1788 constituebantur.
2749 1730 2883 1786 Illud
2909 1732 3074 1787 etiam
3104 1747 3201 1786 vos
3227 1731 3438 1785 nescios

1867 1842 1990 1883 esse
2039 1824 2182 1891 nolo,
2218 1825 2357 1894 quod
2398 1824 2709 1879 sacerdotes
2759 1837 2975 1893 quoque
3021 1831 3132 1878 tum
3182 1822 3444 1891 temporis

1869 1919 1985 1974 oleo
2014 1918 2259 1988 peruncti
2283 1917 2646 1971 sacerdotium
2682 1917 3072 1986 suscipiebant.
3108 1914 3244 1970 Cum
3275 1915 3439 1985 igitur

188 2010 354 2062 τοίνυν
384 2005 531 2060 κατὰ
584 2004 749 2074 νόμον
792 2000 954 2075 μύρῳ
997 1999 1240 2070 ἐχρίοντο
1296 1997 1527 2070 βασιλεῖς
1553 2013 1611 2050 τε
1653 1996 1763 2068 (49)

1880 2012 1922 2064 in
1955 2010 2069 2081 lege
2115 2018 2224 2064 tum
2266 2023 2438 2080 reges,
2478 2017 2590 2062 tum
2633 2009 2942 2063 sacerdotes
2969 2016 3238 2078 unguento
3268 2021 3444 2076 tinge.

191 2100 274 2154 καὶ
298 2101 490 2170 ἱερεῖς,
530 2093 800 2166 λαμπρῶς
836 2091 937 2163 ήδη
985 2091 1084 2162 τὴν
1124 2087 1415 2160 περιϐολὴν
1460 2087 1559 2158 τῆς
1611 2085 1764 2156 βασι-

191 2193 325 2256 λείας
351 2190 466 2260 (50)
496 2189 595 2243 καὶ
633 2184 903 2257 ίερατείας
930 2181 1025 2236 τοῦ
1059 2178 1395 2250 Μονογενοῦς
1427 2179 1700 2233 ἐκτίθεται
1725 2179 1766 2249 η’

191 2283 299 2337 θεία
329 2283 367 2334 Γ
374 2282 546 2354 ραφὴ,
578 2298 598 2331 ι
643 2277 818 2348 Ὀσμὴ
847 2274 1032 2347 μύρων
1066 2290 1182 2336 σου,
1217 2292 1236 2324 ι
1269 2272 1522 2341 λέγουσα,
1567 2289 1586 2324 ι
1623 2271 1762 2345 ὑπὲρ

193 2377 358 2429 πάντα
385 2374 457 2427 τὰ
481 2370 750 2445 ἀρώματα
773 2387 791 2419 ι
826 2368 902 2432 ὡς
933 2367 1122 2422 εἰπεῖν·
1152 2364 1324 2436 Ὀσμὴ
1353 2365 1453 2434 τῆς
1475 2363 1576 2434 σῆς
1607 2363 1762 2434 βασι-

191 2466 329 2531 λείας
365 2468 463 2519 καὶ
508 2460 921 2536 ἀρχιερωσύνης
965 2458 1105 2529 ὑπὲρ
1143 2456 1322 2520 πάσας
1359 2456 1457 2520 τὰς
1490 2454 1764 2527 βασιλείας

191 2562 276 2613 καὶ
306 2557 714 2631 ἀρχιερατείας·
750 2551 928 2616 καθὼς
959 2551 988 2604 ὁ
1007 2549 1206 2620 Δανιήλ
1225 2564 1406 2619 φησιν·
1445 2567 1463 2598 ι
1507 2549 1768 2619 Ἀναστή-

195 2667 267 2704 σει
295 2653 324 2704 ὁ
345 2649 482 2713 Θεὸς
509 2647 604 2701 τοῦ
639 2644 870 2718 οὐρανοῦ
903 2642 1198 2714 βασιλείαν,
1229 2641 1351 2711 ἥτις
1379 2639 1630 2712 ὑπερέξει
1661 2639 1766 2694 πά-

195 2761 283 2807 σας
313 2745 416 2807 τὰς
448 2739 726 2813 βασιλείας
769 2738 870 2808 τῆς
905 2737 1029 2807 γῆς’
1062 2755 1079 2787 ι
1117 2735 1229 2800 καὶ,
1273 2752 1292 2786 ι
1338 2733 1412 2786 Σὺ
1460 2733 1638 2805 ἱερεὺς
1687 2734 1766 2797 είς

193 2838 277 2891 τὸν
326 2836 505 2891 αἰῶνα
569 2833 712 2887 κατὰ
756 2831 852 2900 τὴν
898 2829 1051 2895 τάξιν
1111 2827 1465 2898 Μελχισεδὲκ,
1510 2844 1529 2878 ι
1577 2821 1762 2896 φησίν.

197 2949 215 2983 ι
257 2929 430 3000 Ὀσμὴ
466 2926 656 2998 μύρων
699 2941 846 2988 sou,»
880 2923 1062 2992 φησὶν,
1101 2939 1118 2972 ι
1144 2920 1285 2991 ὑπὲρ
1321 2919 1499 2972 πάντα
1523 2917 1590 2970 τὰ
1620 2914 1766 2988 ἀρώ-

195 3041 354 3094 ματα.
394 3041 415 3076 ι
458 3021 535 3074 Τὸ
575 3019 768 3091 μύρον,
811 3015 1025 3085 άδελφὲ,
1057 3013 1178 3068 καθ’
1207 3013 1265 3066 ὃν
1301 3013 1465 3066 τόπον
1508 3011 1764 3082 ὑπάρχει,

193 3117 362 3169 ἐκεῖσε
401 3114 498 3167 καὶ
539 3113 638 3182 τὴν
674 3109 900 3164 εὐωδίαν
932 3107 1180 3178 παρέχει.
1221 3104 1456 3176 Χριστὸς
1495 3103 1556 3157 δὲ
1585 3103 1767 3156 τοίνυν

189 3209 243 3262 ἐν
271 3205 487 3278 οὐρανῷ
517 3204 611 3258 καὶ
638 3205 708 3274 γῇ
738 3202 832 3255 καὶ
857 3199 1098 3272 θαλάττῃ
1131 3198 1310 3252 πάντα
1341 3196 1629 3268 περιέχων,
1670 3195 1769 3266 τὴν

189 3297 504 3352 δεσποτείαν
533 3295 646 3366 (51)
681 3291 846 3348 αὐτοῦ
876 3292 970 3345 καὶ
1003 3289 1276 3362 βασιλείαν
1305 3287 1482 3357 πάντη
1518 3286 1627 3357 (52)
1675 3285 1770 3339 καὶ⁵

1867 2099 2085 2167 bantur,
2115 2099 2395 2168 perspicue
2423 2099 2534 2168 jam
2569 2111 2727 2154 sacra
2759 2099 3037 2169 Scriptura
3063 2107 3118 2153 et
3147 2100 3346 2169 regiam
3382 2105 3440 2154 et

1869 2189 2256 2244 sacerdotalem
2301 2190 2613 2258 dignitatem
2657 2190 2710 2244 iu
2755 2189 3040 2261 Unigenito
3072 2190 3291 2258 exponit
3319 2205 3440 2246 esse

1874 2281 2237 2350 coniunctam.
2269 2299 2288 2335 ι
2316 2280 2462 2337 Odor
2503 2292 2894 2352 unguentorum
2928 2291 3161 2347 tuorum,
3189 2302 3208 2335 ι
3244 2283 3436 2350 inquit,

1877 2391 1898 2426 ι
1925 2389 2086 2443 super
2111 2375 2292 2429 omnia
2334 2383 2578 2429 aromata
2605 2390 2620 2428 :
2653 2393 2672 2426 )
2707 2375 2861 2444 quasi
2898 2374 3078 2430 dicat:
3110 2373 3256 2428 Odor
3290 2375 3439 2442 regni

1870 2474 1924 2521 et
1953 2466 2242 2521 sacerdotii
2286 2467 2362 2521 tui
2399 2481 2560 2536 super
2601 2469 2784 2524 omnia
2821 2481 2984 2537 regna
3015 2476 3068 2520 et
3099 2466 3438 2532 sacerdotia;

1871 2557 2321 2628 quemadmodum
2359 2559 2434 2612 ait
2469 2558 2652 2614 Daniel
2685 2576 2700 2614 :
2748 2577 2766 2610 ι
2797 2557 3091 2614 Suscitabit
3124 2560 3265 2611 Deus
3313 2556 3437 2612 coeli

1871 2665 2094 2718 regnum
2134 2649 2276 2720 quod
2301 2651 2574 2720 superabit
2598 2651 2778 2708 omnia
2807 2666 2968 2721 regna
2995 2659 3152 2705 terra;
3178 2651 3255 2716 ²⁸;
3284 2667 3303 2702 ι
3337 2658 3391 2704 et
3419 2667 3437 2704 :

1877 2759 1896 2792 ι
1927 2739 2004 2794 Tu
2038 2741 2290 2796 sacerdos
2331 2741 2382 2794 in
2412 2751 2674 2796 aaternum
2709 2743 3004 2797 secundum
3033 2741 3274 2796 ordinem
3307 2739 3439 2795 Mel-

1873 2833 2122 2888 chisedec
2138 2833 2204 2887 ".
2219 2849 2340 2884 ›-‹
2364 2830 2508 2888 Odor
2531 2843 2919 2903 unguentorum
2943 2841 3208 2900 tuorum,»
3245 2832 3439 2903 inquit,

1877 2943 1897 2976 ι
1925 2939 2086 2994 super
2115 2924 2296 2978 omnia
2343 2934 2602 2980 aromata.
2631 2944 2650 2976 ι
2683 2924 3018 2995 Unguentum
3039 2965 3055 2990 ,
3113 2926 3300 2992 frater,
3336 2940 3444 2994 quo

1873 3011 1992 3066 loco
2019 3020 2124 3075 est,
2155 3011 2224 3066 ibi
2251 3027 2472 3067 suavem
2500 3013 2701 3083 praebet
2729 3017 2974 3071 odorem.
3029 3014 3302 3070 Christum
3343 3015 3444 3086 igi-

1876 3113 1964 3155 tur
2001 3102 2056 3156 in
2085 3101 2225 3158 caelo
2262 3111 2317 3157 et
2353 3102 2408 3156 in
2456 3110 2595 3158 terra
2626 3112 2677 3158 et
2710 3105 2764 3158 in
2810 3105 2946 3159 mari
2997 3106 3177 3160 omnia
3205 3107 3446 3176 comple-

1875 3203 2047 3261 ctens,
2096 3195 2520 3250 dominationem
2553 3177 2704 3252 suam
2751 3208 2806 3252 et
2839 3213 3061 3268 regnum
3106 3213 3446 3269 quoquover-

1875 3306 1995 3346 sum
2030 3298 2085 3346 et
2115 3291 2313 3361 ubique
2344 3291 2627 3348 suavitatis
2653 3292 2818 3345 odore
2863 3291 3118 3362 complet.
3167 3290 3440 3346 Luculen-

193 3391 466 3462 πανταχοῦ
499 3386 806 3451 εὐωδιάζει.
844 3383 1128 3456 Λαμπρῶς
1154 3382 1219 3453 δὴ
1246 3381 1341 3434 καὶ
1369 3379 1622 3443 ἐνταῦθα,
1673 3378 1763 3431 καὶ

1883 3381 2092 3452 terjam
2119 3391 2172 3437 et
2198 3381 2296 3446 ibi,
2326 3392 2378 3437 et
2404 3383 2690 3437 admodum
2735 3383 2882 3437 clare
2919 3382 3198 3454 Scriptura
3233 3383 3446 3438 divino-

197 3484 394 3554 σᾳὸδρα
421 3479 740 3553 περιφανῶς
779 3479 812 3550 ἡ
839 3477 946 3530 τῶν
977 3476 1137 3530 θείων
1173 3474 1266 3528 καὶ
1296 3471 1630 3543 ἀποκρύφων
1664 3487 1766 3542 μυ-

198 3573 424 3644 στηρίων
481 3567 912 3641 ἐμπεφορημένη
956 3563 1168 3637 Γραφὴ,
1225 3563 1320 3617 καὶ
1359 3561 1419 3616 τὸ
1465 3561 1639 3632 ὄνομα
1674 3559 1767 3614 τοῦ

200 3665 425 3738 μεγάλου
448 3661 726 3724 Βασιλέως
746 3657 1108 3724 ἀναδείκνυσι,
1130 3654 1381 3725 λέγουσα·

259 3761 330 3812 Δ’.
365 3757 574 3825 Μύρων
622 3750 953 3807 ἐκκενωθὲν
1010 3747 1198 3819 ὄνομὰ
1259 3763 1397 3812 σου,
1440 3747 1540 3802 διὰ
1594 3747 1770 3802 τοῦτο

196 3847 460 3914 νεάνιδες
490 3842 823 3916 ὴγάπησάν
852 3857 945 3909 σε,
971 3839 1269 3895 εἵλκυσάν
1295 3854 1370 3893 σε
1408 3840 1600 3892 ὀπίσω
1627 3853 1766 3893 σου.

261 3943 504 4010 Λέγουσα
559 3939 617 3992 δέ
666 3937 700 4008 ἡ
755 3934 874 3989 θεία
911 3932 1123 4005 Γραφὴ,
1179 3951 1198 3984 ι
1241 3931 1425 4004 Μύρον
1469 3930 1770 3985 ἐκκενωθὲν

193 4036 357 4106 ὄνομα
377 4051 493 4097 σου,
529 4051 550 4085 ι
575 4029 811 4102 Χριστὸν
839 4027 1001 4082 αὐτὸν
1033 4025 1377 4096 ἐπονομάζει.
1419 4024 1493 4078 Τὸ
1532 4024 1640 4096 γὰρ
1665 4024 1768 4095 μύ-

201 4144 284 4195 ρον
320 4122 715 4193 εκκενούμενον
755 4117 958 4190 δηλαδὴ
990 4119 1070 4182 εἰς
1103 4117 1280 4189 χρίσιν
1324 4116 1436 4187 (55)
1470 4118 1766 4188 προχωρεῖ.

201 4217 350 4271 Ὅθεν
374 4218 471 4271 καὶ
495 4215 557 4268 τὸ
579 4211 852 4285 ἱερατικὸν
880 4209 1050 4282 μύρον
1077 4209 1295 4278 λέγεται
1322 4206 1549 4279 χρίσμα.
1585 4207 1693 4258 Kal.
1719 4207 1769 4260 οί

202 4310 453 4382 πρότερον
493 4304 737 4376 βασιλεῖς
779 4302 856 4373 τῷ
905 4302 1062 4374 μύρῳ
1105 4299 1419 4372 χριόμενοι,
1464 4296 1770 4369 βασιλεύειν

203 4399 534 4453 καθίσταντο.
581 4397 749 4449 Ὀταν
795 4391 888 4448 οὖν
933 4392 1115 4462 λέγει,
1167 4410 1188 4443 ι
1235 4391 1422 4462 Μύρον
1469 4389 1769 4444 ἐκκενωθέν

202 4492 358 4561 δνομά
400 4509 517 4556 σου,
559 4510 578 4542 ι
621 4487 717 4542 δύο
763 4486 1126 4556 ὑποσημαίνει
1174 4484 1411 4555 τρόπους
1443 4483 1577 4555 (54).
1617 4480 1768 4536 Καθ-

204 4581 333 4653 άπερ
358 4581 468 4652 γὰρ
494 4580 607 4650 (55)
636 4577 807 4650 μύρον
839 4575 1138 4630 ἐκκενωθέν
1175 4572 1322 4628 οἶκον
1355 4572 1651 4638 εὐωδιάξειο
1678 4568 1770 4624 οὗ·

203 4690 271 4724 τω
289 4674 380 4727 τοῦ
406 4672 620 4744 Κυρίου
650 4670 807 4740 ἡμῶν
848 4668 1024 4740 Ἰησοῦ
1051 4666 1287 4740 Χριστοῦ
1319 4666 1414 4719 ἐπὶ
1439 4665 1546 4737 γῆς
1573 4662 1768 4719 κατελ-

1873 3491 1994 3529 rum
2031 3484 2086 3530 et
2117 3475 2398 3546 latentium
2439 3475 2592 3546 plena
2631 3476 3028 3546 mysteriorum,
3060 3476 3225 3532 etiam
3262 3475 3444 3546 magni

1875 3567 2036 3639 Regis
2059 3584 2252 3625 nomen
2285 3569 2488 3623 indicat
2511 3569 2692 3624 dicens
2724 3585 2738 3622 :

1945 3751 2033 3808 IV.
2070 3751 2398 3822 Unguentum
2425 3753 2650 3823 e/fusum
2678 3768 2863 3806 nomen
2913 3761 3081 3815 tuum,
3120 3751 3237 3804 ideo
3264 3750 3445 3805 adole-

1874 3845 2120 3899 scentulus
2160 3844 2454 3899 dilexerunt
2496 3858 2564 3910 te,
2600 3855 2646 3898 et
2677 3853 2948 3898 traxerunt
2987 3855 3034 3898 te
3072 3854 3185 3909 post
3213 3853 3281 3896 te.

1945 3939 2080 3992 Dum
2100 3937 2230 3991 dicit
2257 3935 2532 4004 Scriptura
2561 3937 2761 4000 divina,
2802 3954 2820 3988 ι
2854 3936 3190 4005 Unguentum
3216 3933 3445 3989 otiosum

1875 4045 2068 4085 nomen
2101 4039 2273 4093 tuum,
2306 4048 2324 4081 ι
2365 4029 2535 4098 ipsum
2564 4027 2838 4083 Christum
2881 4027 3142 4083 nominat.
3186 4025 3444 4096 Unguen-

1878 4131 1988 4174 tum
2039 4119 2182 4174 enim
2222 4119 2448 4174 eﬂusum
2492 4119 2559 4173 ad
2605 4118 2912 4173 unctionem
2957 4117 3166 4173 scilicet
3210 4117 3443 4187 prolicit.

1877 4209 2030 4264 Unde
2057 4219 2111 4264 et
2144 4212 2478 4266 sacerdotale
2503 4220 2835 4282 unguentum
2867 4211 3066 4266 dicitur
3092 4211 3347 4266 chrisma.
3380 4210 3448 4264 Et

1872 4313 2085 4359 veteres
2110 4319 2262 4375 reges
2287 4313 2559 4374 unguento
2591 4303 2834 4374 peruncti
2862 4301 3017 4374 reges
3043 4303 3446 4359 constitueban-

1877 4405 1984 4450 tur.
2031 4395 2168 4450 Cum
2213 4397 2377 4466 igitur
2425 4397 2603 4452 dicit:
2640 4415 2658 4448 ι
2690 4397 3032 4466 Unguentum
3074 4395 3300 4451 eli'usum
3346 4410 3446 4449 no-

1874 4495 1996 4536 men
2031 4491 2204 4548 tuum,
2230 4502 2249 4536 ›
2289 4485 2426 4538 duos
2451 4493 2636 4554 tropos
2669 4486 2891 4540 indicat.
2921 4484 2990 4540 Ut
3021 4485 3165 4540 enim
3203 4499 3447 4553 unguen-

1876 4583 1988 4627 tum
2052 4572 2281 4628 eﬂ’usum
2343 4574 2560 4630 domum
2623 4575 2777 4632 suavi
2835 4575 3065 4644 complet
3107 4576 3272 4630 odore
3312 4592 3326 4628 :
3366 4574 3448 4630 sic

1874 4673 2158 4734 postquam
2190 4665 2449 4722 Dominus
2479 4675 2663 4723 noster
2689 4665 2846 4722 Jesus
2879 4666 3128 4722 Christus
3154 4665 3205 4718 in
3243 4673 3443 4719 terram

204 4764 394 4831 θόντος,
423 4765 521 4817 καὶ
539 4763 642 4831 τῆς
661 4760 912 4832 οὐρανίου
945 4759 1229 4830 δυνάμεως
1257 4757 1350 4811 ἐπὶ
1377 4760 1505 4821 τοῦς
1533 4756 1763 4811 ἀποστό-

1880 4754 2168 4825 tlescendit,
2193 4765 2249 4812 et
2276 4757 2516 4816 caelestis
2545 4758 2720 4815 virtus
2766 4774 2928 4830 super
2961 4755 3230 4840 apostolos
3279 4755 3445 4812 eﬂ’usa

264 4921 310 4954 "
363 4922 497 4978 Dan.
548 4936 612 4988 ιι,
655 4921 753 4989 44;
791 4935 890 4988 vti,
931 4919 1024 4975 25.
1102 4919 1147 4952 "
1187 4917 1332 4974 Psal.
1387 4933 1479 4984 cx,
1531 4919 1586 4970 ὀ.

265 5080 369 5151 (46)
552 5079 888 5204 ebmendanda
931 5093 1034 5135 vox
1078 5077 1326 5150 μελῳδῇ,
1370 5093 1530 5150 quam
1566 5078 1765 5135 habent

265 5165 341 5204 tus
366 5167 397 5204 e
503 5167 563 5204 ar
605 5187 622 5202 .

205 5165 341 5204 meus
366 5163 422 5206 et
453 5163 528 5204 ua
536 5163 622 5205 1⁵1).

265 5220 370 5291 (47)
414 5219 711 5290 Ἀδελφοί,
743 5220 955 5291 reposui
1005 5220 1072 5275 ad
1125 5220 1446 5288 implendam
1516 5221 1764 5291 lacunam

208 5289 295 5362 mei
325 5289 445 5346 cod.
475 5303 529 5345 et
565 5289 888 5362 Barberﬁex
918 5291 1088 5348 veteri
1133 5293 1450 5362 interprete,
1482 5292 1571 5360 qui
1603 5289 1768 5344 habet

209 5377 225 5407 ι
251 5359 462 5416 Fratres
484 5361 812 5416 charissimi.
837 5381 857 5413 ι

267 5432 373 5500 (48)
405 5432 571 5486 Barb.
621 5429 979 5501 ὲλλάμόανον,
1009 5432 1101 5501 qui
1145 5446 1290 5502 saepe
1334 5431 1571 5502 occurrit
1618 5428 1766 5502 ineo

205 5504 495 5572 cottLerror
522 5500 831 5570 duplicandi
870 5500 1123 5572 liquidas,
1156 5500 1296 5556 ut'in
1323 5505 1443 5555 cod.
1485 5501 1605 5572 Vat.
1631 5500 1763 5554 edit.

206 5566 354 5634 LXX,
387 5573 530 5625 unde
562 5566 784 5642 apparet
812 5566 943 5641 qnai
957 5582 1067 5627 tum
1096 5566 1256 5628 fuerit
1280 5571 1664 5642 pronuntiatio.

265 5642 370 5710 (49)
398 5642 572 5696 Abest
596 5658 625 5695 a
657 5641 876 5697 Barber.
911 5657 1012 5696 vox
1039 5660 1119 5698 τε.

264 5709 373 5781 (50)
407 5712 542 5776 Quae
578 5711 902 5780 interjacent
937 5714 1078 5767 inter
1121 5712 1258 5768 duas
1294 5725 1456 5767 voces
1489 5709 1768 5781 βασιλείας

211 5788 253 5833 ει
283 5781 666 5854 ἁρχιερατείας
695 5786 892 5839 desunt
925 5784 979 5837 in
1004 5782 1166 5841 Barb.
1196 5794 1251 5840 et
1291 5785 1343 5839 in
1376 5797 1496 5838 meo
1535 5785 1655 5837 cod.
1690 5782 1764 5836 Ea

1869 5079 2314 5153 ex‘Yallicellano
2337 5084 2635 5153 desumpsi.

1962 5152 2053 5219 51)
2080 5151 2304 5206 Barber.
2340 5151 2653 5210 δεσποτίαν.

1910 5221 2053 5345 όι(ἐξ)
2080 5223 2272 5288 Παντί,
2313 5227 2455 5293 quod
2486 5226 2685 5279 habent
2711 5236 2901 5321 omnes
2926 5223 3108 5289 codo.,
3141 5222 3346 5279 mutavi
3391 5222 3444 5277 in

1867 5309 2041 5346 παντη
2050 5333 2062 5345 .
2830 5315 2836 5321 “

2082 5362 2292 5434 Χρῆσιν
2326 5363 2376 5417 ἰιι
2407 5361 2632 5435 Barber.
2658 5371 2712 5418 et
2739 5379 2879 5430 meo,
2908 5363 3112 5420 mutavi
3149 5364 3202 5418 in
3241 5363 3443 5435 χρίσιν.

1870 5431 2007 5487 Male
2034 5431 2200 5486 vetus
2223 5438 2512 5502 interpres,
2541 5433 2808 5489 Christum
2835 5453 2974 5502 eum,
3013 5436 3067 5489 id
3101 5447 3173 5488 est
3204 5431 3442 5496 unctum,

1868 5505 2172 5577 denontinat
2201 5514 2568 5577 :ttnguentum
2624 5507 2765 5560 enim
2816 5507 3041 5577 eﬁ'tuum
3090 5502 3443 5576 signiﬁcatad

1868 5575 2161 5628 unctionem
2197 5575 2466 5642 proﬁcere.

1939 5623 2556 5721 (st)'_imo§ir'3p3§,'m_
2583 5655 2666 5700 est
2713 5648 2848 5702 duos
2893 5623 3208 5721 allegoricus
3233 5657 3445 5702 sensus.

1872 5713 2041 5768 Vetus
2071 5713 2268 5782 interp.
2292 5713 2454 5768 vertit
2484 5732 2502 5766 ι
2528 5717 2659 5769 duos
2692 5721 2901 5780 modos.
2926 5738 2945 5772 ι

1939 5781 2052 5855 (55)
2086 5783 2252 5842 Codd.
2291 5784 2490 5840 habent
2522 5785 2619 5840 καὶ
2652 5784 2774 5842 θαν.
