3810 6302
282 329 357 391 39

1396 313 1717 372 PHILONIS
1758 312 2072 372 EPISCOPI
2108 312 2435 372 CARPASII

3472 312 3542 368 ιο

286 454 392 513 est,
443 444 586 499 bono
635 440 855 512 pietatis
901 438 1068 497 odore
1123 436 1409 493 universus
1475 436 1727 505 perfusus
1783 443 1867 491 est

2004 452 2093 501 ους
2130 435 2408 506 χυθείσης.
2451 432 2574 497 ὅλος
2613 432 2644 487 ὁ
2679 431 2883 503 κόσμος
2920 433 2988 503 τῇ
3030 429 3284 501 εὐσεϐείᾳ
3315 428 3542 483 εὐωδιά-

303 536 559 600 nundus,
621 531 1070 602 quemadmodum
1136 543 1275 584 unus
1342 542 1410 583 ex
1468 527 1535 583 iis
1606 525 1855 584 Paulus:

293 644 314 679 ι
344 624 570 691 Christi,
627 623 823 694 inquit,
877 622 1053 677 bonus
1096 621 1231 675 odor
1287 634 1476 675 sumus
1526 619 1579 673 in
1623 619 1707 674 his
1767 618 1861 689 qui

289 718 427 773 salvi
456 718 611 782 ﬁunt,
640 727 695 769 et
727 715 781 769 in
823 715 889 769 iis
917 716 1007 782 qui
1034 721 1298 784 pereunt:
1324 712 1443 767 aliis
1472 711 1687 781 quidem
1730 714 1864 766 odor

291 811 486 866 mortis
510 810 567 864 in
592 818 845 872 mortem,
873 807 957 861 his
981 814 1160 861 autem
1182 806 1316 860 odor
1342 805 1465 859 vitae
1495 804 1547 858 in
1577 804 1740 857 vitam
1757 802 1857 856 ³⁸.»

291 899 437 957 Idem
476 902 612 957 odor
656 898 942 954 suavitatis
985 896 1107 953 aliis
1139 898 1353 968 quidem
1382 897 1434 951 in
1466 902 1715 960 mortem,
1744 895 1865 951 aliis

291 993 348 1048 in
376 991 542 1045 vitam
570 991 809 1046 suaviter
838 988 965 1044 olet.
1007 986 1154 1044 Odor
1199 988 1342 1042 enim
1390 984 1581 1040 mortis
1611 985 1676 1039 iis
1709 992 1868 1039 erant

292 1083 545 1153 apostoli,
588 1083 679 1152 qui
712 1096 771 1137 se
801 1082 1283 1150 persequebantur,
1326 1077 1657 1149 aﬁligcbant,
1695 1077 1868 1144 conji-

293 1175 509 1229 ciebant
556 1172 610 1227 in
646 1170 892 1238 vincula;
932 1184 1121 1224 rursus
1153 1169 1274 1223 vita:
1322 1168 1459 1223 odor
1500 1166 1864 1227 credentibus.

293 1268 386 1339 qui
413 1266 557 1337 digni
580 1265 752 1322 habiti
773 1273 901 1319 sunt
935 1262 1370 1333 praedicationem
1411 1259 1707 1328 suscipere,
1747 1259 1870 1329 qui-

293 1376 402 1431 que
457 1360 616 1415 ﬁdem
645 1357 870 1427 iustitia:
916 1355 1171 1427 operibus
1223 1352 1637 1409 conﬁrmabant.
1708 1349 1868 1407 «Uu-

295 1462 552 1524 guentum
586 1450 815 1506 eﬁ’usum
846 1464 1043 1504 nomen
1071 1460 1244 1502 tuum.
1274 1466 1294 1499 ι
1339 1444 1538 1501 Eodem
1589 1445 1692 1500 hoc
1722 1452 1869 1497 textu

293 1543 670 1613 propheticum
705 1543 871 1597 etiam
906 1551 1123 1610 tropum
1168 1538 1439 1608 signiﬁcat
1465 1537 1636 1592 beata:
1669 1536 1867 1600 Mariae,

296 1649 419 1703 qua:
444 1635 703 1705 unguenti
724 1634 1002 1688 alabastro
1018 1630 1298 1687 confracta
1322 1630 1605 1685 Dominum
1627 1638 1870 1683 nostrum

294 1727 481 1783 Jesum
510 1726 789 1783 Christum
822 1725 1109 1795 perunxit;
1142 1734 1196 1778 et
1228 1723 1357 1777 illud
1382 1730 1710 1793 unguentum
1740 1719 1872 1774 eﬂu-

296 1835 417 1877 sum
446 1820 658 1875 celebre
704 1818 829 1883 fuit,
884 1826 944 1874 ut
989 1817 1128 1873 dixit
1158 1815 1449 1871 Christus:
1490 1831 1510 1864 ί
1537 1814 1708 1868 Amen
1753 1811 1875 1867 dico

296 1911 475 1977 vobis,
501 1910 805 1979 ubicunque
828 1908 1177 1978 praedicatum
1211 1906 1374 1961 fuerit
1399 1907 1500 1959 hoc
1527 1903 1873 1973 Evangelium

297 2000 356 2055 in
390 1999 645 2054 universo
685 1998 907 2060 mundo,
941 1996 1156 2050 dicetur
1198 2003 1254 2049 et
1302 1994 1448 2064 quod
1490 1994 1605 2048 haec
1653 1992 1780 2047 fecit
1820 1993 1874 2045 iu

296 2093 418 2162 ejus
469 2091 787 2146 memoriam
807 2088 878 2143 υ.
911 2108 930 2141 ι
966 2087 1083 2143 Hos
1115 2086 1251 2142 duos
1304 2085 1628 2155 allegoricos
1685 2098 1877 2140 sensus

296 2184 557 2240 existimo
611 2196 823 2237 sacram
882 2180 1023 2235 hanc
1075 2178 1414 2249 Seripturam
1456 2176 1701 2231 indicare
1751 2190 1874 2230 cum

300 2275 433 2333 dicit
463 2292 479 2332 :
517 2291 538 2326 ι
570 2272 914 2343 Unguentum
965 2269 1197 2327 eﬁ‘usum
1260 2283 1459 2324 nomen
1523 2277 1677 2323 tuum
1711 2286 1725 2322 :
1755 2267 1877 2323 ideo

299 2366 720 2425 adolescentula:
768 2363 1077 2419 dilexerunt
1124 2372 1196 2416 te.
1224 2379 1244 2414 ι
1281 2361 1544 2428 Quoniam
1584 2360 1750 2425 enim,
1796 2358 1879 2413 iu-

301 2460 442 2530 quit,
491 2470 718 2526 regnum
751 2463 901 2509 tuum
948 2461 1004 2508 et
1055 2452 1332 2506 incarnata
1388 2449 1674 2519 prasentia
1709 2450 1880 2501 instar

302 2548 563 2622 mguenti
620 2545 778 2602 επιιεί
836 2546 1149 2600 universum
1204 2542 1464 2596 mundum
1523 2543 1665 2595 bono
1713 2540 1882 2595 odore

301 2642 562 2716 pertudit,
588 2645 874 2711 propterea
920 2633 1336 2692 adulescentula:
1363 2634 1667 2689 dilexerunt
1697 2642 1781 2699 te;
1807 2631 1881 2685 “id

302 2743 386 2790 est
446 2733 641 2787 anima:
691 2731 981 2800 iustorum.
1050 2726 1235 2797 Neque
1283 2741 1410 2779 vero
1463 2735 1618 2794 putes
1666 2738 1878 2778 sacram

307 2825 645 2893 Scripturam
693 2824 762 2877 de
817 2818 1135 2876 mulieribus
1187 2826 1397 2871 tantum
1459 2814 1880 2871 adolescentulis

304 2917 482 2987 loqui;
527 2916 621 2971 sed
658 2915 823 2971 etiam
873 2913 1015 2967 inter
1050 2910 1307 2965 mulieres
1359 2909 1662 2979 reperimus
1693 2908 1880 2962 adole-

306 3009 600 3072 scentulas,
629 3022 737 3062 non
785 3019 1031 3074 corpore,
1093 3008 1304 3073 (neque
1349 3003 1495 3056 enim
1534 3001 1762 3070 quaestio
1799 3009 1883 3054 est

308 3108 517 3155 tantum
598 3099 665 3153 de
728 3110 997 3167 corpore:
1032 3113 1052 3146 ι
1081 3093 1223 3148 Caro
1280 3094 1423 3147 enim
1497 3107 1602 3147 nou
1664 3091 1883 3161 prodest

308 3195 637 3264 quidquam;
696 3192 918 3262 spiritus
954 3198 1131 3245 autem
1159 3183 1572 3255 viviﬁcat"),i
1627 3184 1722 3238 sed
1777 3183 1881 3238 ﬁde

313 3282 770 3341 adolescentulas.
813 3282 946 3337 Vide
975 3279 1431 3336 adolescentulam
1467 3278 1631 3343 illam,
1656 3291 1885 3345 corpore

311 3375 525 3448 quidem
570 3391 794 3445 aegram,
845 3376 1039 3428 anima
1080 3387 1207 3427 vero
1254 3372 1358 3427 ﬁde
1385 3370 1616 3426 validam
1648 3370 1884 3425 haemor-

311 3468 602 3532 rhoissam,
654 3482 776 3538 qua:
819 3481 942 3522 cum
992 3476 1142 3521 retro
1192 3465 1459 3534 tetigisset
1501 3474 1705 3519 vestem
1733 3461 1883 3529 Jesu,

315 3562 593 3631 sanguinis
623 3560 825 3615 ﬁuxum
868 3559 1105 3613 inhibuit
1131 3573 1237 3612 non
1262 3558 1506 3625 corporis
1551 3557 1767 3623 robore,
1791 3556 1886 3612 sed

316 3655 443 3709 ﬁdei
473 3657 671 3708 virtute
706 3652 770 3706 ³³.
797 3651 911 3705 Non
943 3651 1086 3706 enim
1124 3653 1317 3705 rubore
1354 3649 1624 3718 corporis,
1654 3650 1748 3704 sed
1784 3664 1885 3702 va-

314 3748 424 3802 lido
461 3747 582 3801 ﬁdei
616 3746 808 3814 spiritu
834 3743 1164 3797 inﬁrmitatis
1192 3742 1384 3797 morbo
1415 3742 1575 3795 ﬁnem
1607 3742 1880 3811 imposuit.

316 3839 441 3895 Hanc
482 3837 879 3892 adulescentula
926 3835 1094 3888 traxit
1138 3834 1312 3902 ipsum
1345 3841 1492 3885 retro
1538 3841 1794 3901 tangens,
1830 3838 1889 3883 ut

317 3932 371 3987 iu
419 3945 482 3985 ea
520 3929 834 3999 impleretur
865 3927 1010 3996 quod
1063 3927 1327 3993 scriptum
1374 3933 1506 3979 est:
1545 3941 1563 3974 ι
1598 3922 1888 3991 Propterea

319 4019 738 4076 adolescentula:
764 4019 1063 4073 dilexerunt
1106 4026 1178 4081 te,
1222 4023 1503 4070 traxerunt
1534 4023 1587 4069 te
1613 4022 1734 4084 post
1760 4022 1832 4069 te.
1863 4031 1885 4065 ι

318 4114 387 4168 Ει
411 4114 516 4170 alia
547 4126 736 4166 rursus
778 4108 1174 4166 adolescentula
1227 4117 1375 4163 retro
1411 4117 1532 4178 post
1570 4106 1752 4162 Jesum
1780 4106 1893 4161 cla-

320 4207 506 4260 mabat
525 4204 853 4266 Chananma,
878 4202 1017 4273 Syro
1041 4199 1320 4256 Phoenissa
1348 4214 1567 4271 genere,
1584 4198 1894 4254 adolescen-

321 4297 434 4351 tula
489 4311 614 4351 vero
681 4296 785 4349 ﬁde
818 4311 833 4348 :
865 4304 921 4349 et
973 4293 1223 4362 discipuli
1291 4292 1509 4362 quidem
1577 4290 1829 4346 dicebant
1874 4307 1889 4344 :

324 4408 345 4441 ι
377 4388 600 4443 Dimitte
645 4387 813 4452 illam,
863 4386 987 4457 quia
1032 4386 1231 4441 clamat
1283 4395 1405 4455 post
1457 4400 1556 4439 nos
1601 4384 1666 4440 “.
1700 4402 1719 4435 ι
1775 4383 1892 4455 Ipsa

1965 528 2088 598 σθη·
2123 527 2199 592 ὡς
2224 527 2321 581 καὶ
2354 520 2436 588 εἷς
2464 525 2524 590 ἐξ
2550 524 2730 579 αὐτῶν
2754 522 2987 588 Παῦλος·
3020 541 3040 574 ι
3071 520 3311 593 Χριστοῦ
3346 520 3539 575 εὐωδία

1962 615 2130 685 ἐσμὲν
2162 617 2221 669 ὲν
2257 616 2370 676 τοῖς
2394 612 2723 682 σωζομένοις
2752 613 2850 667 καὶ
2891 614 2950 666 ὲν
2983 614 3095 676 τοῖς
3129 609 3540 681 ἀπολλυμένοις·

1964 702 2045 771 οἷς
2089 708 2187 779 μὲν
2227 707 2372 779 ὀσμὴ
2408 710 2473 761 ὲκ
2514 706 2626 777 (56)
2669 706 2899 760 θανάτου
2953 708 3033 769 είς
3082 705 3332 761 θάνατον·
3363 700 3446 768 οἷς
3489 701 3542 757 δὲ

1964 800 2107 872 ὀσμὴ
2162 802 2228 853 ὲκ
2283 801 2430 871 ζωῆς
2482 800 2563 861 είς
2610 798 2776 870 ζωήν.
2817 817 2836 849 ι
2875 799 2940 851 Ἦ
2970 799 3109 868 αὐτὴ
3143 800 3287 868 ὀσμὴ
3323 797 3423 867 τῆς
3454 795 3540 849 εὖ·

1966 891 2148 955 ωδίας,
2183 886 2265 954 οἷς
2300 890 2399 961 μὲν
2448 892 2527 954 είς
2565 889 2815 955 Θάνατον,
2837 885 2918 953 οἷς
2945 889 3003 942 δὲ
3032 891 3111 952 είς
3149 887 3294 960 ζωὴν
3323 887 3549 941 εὐωδιά-

1968 985 2070 1050 ζει,
2107 982 2282 1055 Ὀσμὴ
2319 982 2428 1054 γὰρ
2452 982 2683 1036 θανάτου
2706 978 2849 1054 ἦσαν
2874 982 2921 1035 oi
2947 979 3236 1034 ἀπόστολοι
3271 981 3384 1042 τοῖς
3420 975 3549 1031 διώ-

1967 1093 2122 1129 κουσι
2176 1076 2267 1128 καὶ
2311 1073 2557 1127 θλίϐουσι
2595 1072 2688 1126 καὶ
2734 1071 3076 1142 δεσμεύουσι·
3117 1070 3263 1141 ὀσμὴ
3307 1069 3364 1123 δὲ
3404 1066 3552 1138 ζωῆς

1968 1168 2131 1221 πάλιν
2162 1168 2276 1231 τοῖς
2319 1164 2655 1230 πιστεύουσι,
2706 1168 2822 1228 τοῖς
2865 1164 2930 1217 τὸ
2981 1164 3243 1235 κήρυγμα
3297 1160 3550 1229 δέξασθαι

1968 1257 2413 1329 καταξιουμένοις
2447 1256 2581 1325 (57),
2615 1258 2728 1319 τοῖς
2775 1255 2875 1327 τὴν
2918 1256 3102 1309 πίστιν
3147 1256 3207 1307 ὲν
3246 1254 3426 1325 ἔργοις
3472 1252 3553 1305 δι-

1969 1346 2264 1418 καιοσύνης
2327 1344 2649 1416 βεδαιοῦσιν.
2718 1361 2739 1396 t
2781 1343 2968 1416 Μύρον
3007 1342 3311 1399 ὲκκενωθὲν
3380 1341 3556 1414 δνομά

1972 1459 2086 1496 σου.
2133 1461 2153 1493 ι
2199 1442 2288 1495 Ἑν
2322 1438 2583 1511 ταυτῷδὲ
2623 1439 2961 1511 προφητικὸν
2990 1438 3245 1511 σημαίνει
3284 1437 3394 1510 (58)
3426 1437 3554 1507 τρό-

1971 1554 2072 1589 πον
2097 1536 2192 1590 καὶ
2214 1535 2317 1606 τῆς
2348 1535 2625 1606 μακαρίας
2657 1534 2898 1605 Μαρίας,
2937 1533 3060 1603 ἥτις
3119 1532 3457 1603 συντρίψασα
3492 1529 3557 1584 τὸ

1972 1628 2311 1699 ἀλάϐαστρον
2351 1626 2446 1680 τοῦ
2493 1626 2662 1698 μύρου
2687 1625 2876 1698 ἦλειψε
2909 1626 3002 1679 τὸν
3026 1624 3230 1695 Κύριον
3260 1625 3417 1697 ἡμῶν
3448 1625 3558 1695 ’1η-

1978 1720 2103 1773 σοῦν
2160 1719 2413 1791 Χριστόν·
2466 1720 2685 1772 κάκεῖνο
2732 1717 2795 1771 τὸ
2842 1717 3012 1790 μύρον
3048 1717 3350 1772 ὲκκενωθὲν
3382 1717 3556 1787 ὄνομα

1906 1800 2131 1880 Βέσχεν
2171 1785 2320 1879 (69).
2364 1807 2440 1872 ὡς
2492 1811 2522 1864 ὁ
2579 1807 2783 1878 Κύριος
2841 1785 3055 1877 ἔλεγεν·
3116 1828 3134 1861 r
3191 1809 3362 1881 Ἀμὴν
3413 1785 3559 1877 λέγω
3644 1785 3652 1791 ⁸

1976 1903 2127 1973 ὑμῖν,
2156 1902 2292 1954 ὅπου
2319 1901 2414 1955 ὲὰν
2447 1901 2695 1973 κηρυχθῇ
2721 1902 2784 1955 τὸ
2804 1902 3141 1971 Εὑαγγέλιον
3169 1902 3328 1955 τοῦτο
3365 1904 3424 1955 ὲν
3451 1901 3559 1973 ὅλῳ

1973 1995 2052 2065 τῷ
2079 1995 2290 2065 κόσμῳ,
2315 1994 2680 2065 λαληθήσεται
2708 1996 2803 2047 καὶ
2827 1994 2855 2047 δ
2876 1995 3132 2064 ἐποίησεν
3153 1992 3293 2064 αῦτη
3322 1995 3401 2056 εἰς
3423 2011 3561 2064 μνη-

1979 2085 2208 2156 μόσυνον
2250 2086 2439 2156 αὐτῆς.
2478 2105 2497 2136 ι
2531 2084 2767 2148 Τούτους
2812 2088 2940 2148 τοὺς
2991 2082 3083 2137 δύο
3131 2085 3363 2157 τρόπους
3403 2079 3560 2154 οἶμαι

1978 2176 2379 2249 ὑποσημαίνειν
2409 2177 2506 2248 τὴν
2539 2177 2689 2231 Θείαν
2713 2176 2917 2247 ταύτην
2942 2176 3182 2247 Γραφὴν,
3209 2177 3523 2246 φάσκουσαν
3544 2192 3557 2205 ·

1983 2289 2002 2321 ι
2042 2269 2230 2338 Μύρον
2255 2268 2556 2323 ὲκκενωθὲν
2594 2268 2654 2322 τὺ
2673 2268 2844 2339 ὄνομά
2872 2284 2989 2321 σου·
3017 2267 3103 2321 διὰ
3129 2266 3290 2321 τοῦτο
3323 2266 3564 2329 νεάνιδες

1976 2361 2271 2434 ἠγάπησαν
2296 2378 2376 2415 σε.
2409 2381 2428 2412 ι
2466 2361 2684 2434 Ἐπειδὴ
2705 2362 2835 2433 γὰρ,
2866 2362 3019 2432 φησι,
3042 2362 3074 2432 ἡ
3106 2360 3174 2431 σὴ
3197 2359 3444 2430 βασιλεία
3468 2358 3565 2413 καὶ⁹

1978 2452 2241 2523 ἔνσαρκος
2291 2451 2565 2523 παρουσία
2603 2451 2775 2522 μύρου
2820 2452 2976 2513 δίκην
3020 2448 3416 2511 ὲκκενωθέντος
3443 2448 3567 2501 ὅλον

1979 2544 2272 2599 εὐωδίασεν
2294 2545 2387 2597 τὸν
2421 2544 2647 2614 κόσμον,
2688 2543 2779 2597 διά
2813 2542 2973 2596 τοῦτο
2999 2542 3238 2606 νεάνιδες
3267 2542 3567 2613 ἡγὰπησάν

1983 2655 2075 2691 σε·
2107 2638 2245 2709 ὅπερ
2283 2638 2450 2699 ἐστὶν,
2477 2637 2535 2689 αἱ
2570 2636 2739 2707 ψυχαὶ
2772 2634 2882 2687 τῶν
2907 2635 3149 2687 δικαίων.
3191 2633 3283 2706 Μὴ
3323 2634 3433 2705 γάρ
3472 2651 3565 2705 μοι

1980 2728 2168 2799 νόμιζε
2192 2729 2352 2799 μόνον
2382 2728 2627 2791 νεάνιδας
2648 2726 2748 2791 τὰς
2780 2730 3043 2796 γυναῖκας
3066 2726 3246 2796 λέγειν
3273 2727 3371 2798 τὴν
3402 2726 3567 2796 ἁγίαν

1982 2824 2228 2895 Γραφήν·
2260 2821 2397 2875 ἀλλὰ
2433 2822 2528 2875 κα)¹
2553 2825 2614 2875 ὲν
2650 2820 2867 2890 γυναιξὶ
2903 2821 3002 2892 μὲν
3035 2822 3280 2886 νεάνιδας
3313 2822 3566 2894 εὑρίσκο-

1986 2932 2085 2988 μεν
2107 2916 2169 2968 οὐ
2194 2914 2272 2986 τῷ
2295 2913 2507 2985 σώματι
2532 2914 2612 2985 (οὐ
2644 2914 2753 2986 γὰρ
2784 2915 2853 2967 τά
2882 2913 2977 2967 τοῦ
3008 2913 3258 2985 σώματος
3291 2916 3450 2987 μόνον
3478 2913 3567 2985 ζη-

1982 3010 2154 3061 τεῖται
2176 3024 2192 3038 ·
2232 3026 2250 3059 ι
2286 3008 2352 3060 Ἠ
2385 3005 2523 3078 σάρξ
2546 3005 2658 3077 γάρ
2688 3006 2841 3059 οὐδὲν
2868 3005 3089 3076 ὠφελεῖ·
3113 3007 3175 3061 τὸ
3203 3007 3420 3078 πνεῦμά
3451 3010 3568 3061 ἐστι

1984 3098 2046 3151 τὸ
2071 3095 2389 3164 ζωοποιοῦν,
2419 3096 2464 3166 ι)
2490 3093 2628 3150 ἁλλὰ
2670 3095 2850 3149 πίστει
2888 3095 3152 3159 νεάνιδας.
3189 3096 3361 3150 Βλέπε
3392 3098 3570 3151 νεάνι-

1984 3189 2048 3242 δα
2084 3190 2300 3260 ἐκείνην
2350 3189 2451 3261 τὴν
2487 3188 2565 3259 τῷ
2594 3186 2805 3258 σώματι
2841 3187 3258 3259 ἀσθενεστέραν,
3300 3187 3477 3259 ψυχῆς
3511 3189 3571 3242 δὲ

1988 3282 2168 3335 πίστει
2226 3281 2582 3353 ίσχυροτέραν
2633 3279 2769 3350 (60),
2802 3279 2928 3351 τὴν·
2959 3280 3379 3353 αἱμορροοῦσαν,
3445 3282 3573 3351 ἥτις

1988 3373 2241 3447 ἁψαμένη
2268 3371 2378 3426 τῶν
2407 3373 2638 3444 ἱματίων
2664 3372 2889 3426 δπισθεν
2909 3372 3007 3426 τοῦ
3048 3372 3243 3444 Ἰησοῦ,
3281 3374 3380 3445 τὴν
3408 3374 3572 3444 αἱμά-

1985 3486 2096 3523 των
2133 3467 2329 3537 ἐστησε
2357 3465 2466 3536 (61)
2509 3464 2686 3537 ῥύσιν,
2727 3466 2790 3518 οὐ
2827 3465 3076 3537 σώματος
3122 3467 3286 3537 ἰσχύϊ,
3319 3467 3454 3522 ἀλλὰ
3484 3469 3572 3521 πξο

1989 3576 2159 3623 στεως
2216 3558 2465 3626 δυνάμει.
2511 3558 2585 3611 Οὐ
2635 3555 2743 3627 γὰρ
2787 3561 3167 3631 νεανιευομένη
3216 3559 3294 3630 τῷ
3336 3560 3571 3631 σώματι,

1988 3651 2219 3721 νεανικῷ
2250 3651 2307 3704 δὲ
2338 3649 2418 3720 τῷ
2466 3650 2564 3721 τῆς
2616 3650 2851 3715 πίστεως
2900 3654 3226 3724 φρονήματι,
3255 3653 3429 3725 πέρας
3473 3655 3572 3706 έπ-

1993 3746 2156 3817 έθηκε
2197 3743 2277 3815 τῷ
2326 3743 2426 3814 τῆς
2478 3742 2761 3805 ἀσθενείας
2811 3746 3112 3815 νοσήματι·
3166 3744 3306 3817 αῦτη
3357 3748 3391 3817 ἡ
3444 3747 3574 3800 νεᾶ-

1990 3855 2074 3901 νις
2106 3836 2358 3890 εἵλκυσεν
2385 3835 2566 3897 αὑτὸν,
2604 3834 2826 3889 ὄπισθεν
2853 3836 3125 3908 ἁψαμένη·
3158 3838 3233 3901 ὡς
3256 3839 3352 3891 κα)⁵
3373 3839 3453 3902 εἰς
3478 3838 3574 3891 αὖ-

1991 3928 2089 4021 τὴν
2144 3928 2484 4021 πληροῦσθαι
2538 3928 2600 4021 τὸ
2638 3930 3042 4000 γεγραμμένον·
3097 3950 3117 3981 r
3156 3931 3255 3984 Διὰ
3296 3931 3473 4021 τοῦτοι
3519 3935 3575 3987 αἱ

1994 4019 2240 4083 νεάνιδες
2296 4019 2588 4091 ἡγάπησάν
2648 4036 2729 4073 σε·
2786 4021 3041 4075 εἵλκυσάν
3071 4038 3131 4074 σε
3171 4023 3344 4076 ὀπίσω
3393 4019 3509 4078 σου.
3552 4043 3571 4077 ι

1995 4114 2105 4167 Καὶ
2144 4113 2306 4184 ἑτέρα
2338 4114 2395 4167 δὲ
2423 4113 2589 4168 πάλιν
2620 4115 2803 4177 νεᾶνις
2829 4114 3050 4167 ὄπισθεν
3073 4115 3304 4187 ἔκραζεν
3334 4117 3428 4171 τοῦ
3471 4119 3575 4188 Ἰη-

1999 4205 2113 4271 σοῦ,
2141 4207 2174 4278 ἡ
2208 4208 2489 4261 Χαναναία
2521 4209 2554 4278 ἡ
2587 4208 2983 4279 Συροφοίνισσα
3009 4207 3121 4279 (62)
3147 4208 3226 4280 τῷ
3252 4210 3419 4279 γένει,
3452 4213 3577 4265 νεᾶ-

1996 4317 2077 4363 νις
2107 4299 2163 4353 δὲ
2186 4302 2253 4372 τῇ
2286 4300 2488 4355 πίστει·
2513 4301 2605 4354 καὶ
2631 4302 2681 4354 οἱ
2708 4302 2806 4373 μὲν
2839 4302 3078 4372 μαθηταὶ
3113 4302 3317 4372 ἔλεγον·
3352 4322 3370 4355 ι
3420 4306 3577 4359 Ἀπό-

1996 4391 2155 4446 λυσον
2183 4384 2372 4464 αὐτὴν,
2407 4393 2489 4447 ὅτι
2523 4393 2718 4464 κράζει
2749 4392 2973 4446 ὄπισθεν
3002 4394 3179 4465 ὴμῶν.
3219 4415 3237 4448 ι
3278 4397 3389 4451 Καὶ
3441 4398 3578 4472 αὐτὴ

322 4482 488 4552 igitur
513 4491 660 4535 retro
684 4478 870 4534 .lesum
901 4479 1089 4542 traxit,
1112 4478 1199 4533 cui
1231 4478 1345 4547 ipse
1368 4478 1534 4531 dixit:
1564 4494 1583 4529 ι
1604 4475 1719 4531 Νοιι
1739 4477 1880 4531 decet

2004 4478 2090 4536 οὖν
2116 4482 2340 4536 ὄπισθεν
2366 4484 2583 4537 εἵλκυσε
2609 4485 2701 4539 τὸν
2747 4484 2973 4556 Ἰησοῦν·
3006 4488 3143 4559 πρὸς
3171 4488 3238 4559 ἦν
3262 4490 3422 4555 αὐτὸς
3453 4491 3577 4561 ἔφη·

322 4574 510 4630 tollere
546 4589 738 4643 panem
788 4572 936 4637 ﬁliis,
984 4580 1041 4625 et
1085 4570 1352 4640 projicere
1390 4571 1616 4625 canibus
1644 4569 1711 4621 ³⁸.
1742 4587 1762 4620 ι
1798 4568 1892 4623 llla

322 4682 451 4721 vero
476 4666 875 4721 adulescentula
918 4666 1095 4719 adhuc
1143 4666 1265 4727 llde,
1299 4663 1552 4716 innovata
1581 4671 1761 4715 tamen
1788 4662 1898 4731 spi-

321 4849 392 4905 26

395 4938 508 5011 (56)
536 4938 815 5009 Ρῐιεροείι.
865 4942 930 4995 ὲκ
968 4942 1120 4997 abest
1148 4956 1178 4995 a
1214 4939 1279 5001 Ν.
1312 4939 1376 4993 Τ.
1409 4938 1551 5010 typis
1593 4937 1883 5011 impresso.

321 5009 455 5065 Eam
497 5022 679 5063 tamen
725 5014 968 5080 agnoscit
1002 5024 1160 5067 vetus
1208 5009 1495 5079 interpres,
1542 5010 1635 5079 qui
1677 5013 1885 5080 vertit:

2006 4591 2025 4624 ι
2056 4574 2171 4627 Οὐκ
2209 4572 2326 4626 ἐστι
2370 4573 2534 4627 καλὸν
2562 4573 2747 4627 λαϐεῖν
2782 4574 2873 4628 τὸν
2901 4575 3064 4647 ἁρτον
3090 4579 3204 4641 τοῖς
3226 4578 3458 4643 τέκνοις,
3486 4578 3582 4632 καὶ

2006 4664 2187 4735 βαλεῖν
2221 4666 2335 4728 τοῖς
2370 4665 2668 4736 κυναρίοις.
2708 4685 2726 4717 ι
2769 4667 2834 4720 Ἦ
2864 4666 2921 4721 δὲ
2946 4669 3126 4733 νεᾶνις
3162 4669 3271 4739 (65)
3318 4668 3397 4740 τῷ
3422 4672 3583 4724 πνεύ-

382 4778 441 4853 ς³⁶
477 4776 519 4833 ιι
544 4778 671 4835 Cor.
699 4794 760 4840 tt.
794 4776 994 4844 15,16.
1072 4777 1114 4807 ³⁸
1146 4776 1336 4833 Matth.
1366 4792 1515 4843 xxvi,
1540 4776 1626 4831 15.
1701 4776 1747 4808 ³³
1779 4774 1873 4830 Joa

2004 4792 2040 4842 ι,
2074 4778 2160 4832 65.
2240 4779 2285 4808 ⁸³
2315 4777 2502 4833 Matth.
2532 4795 2604 4845 tx,
2638 4779 2728 4836 ‘20.
2805 4782 2851 4814 “
2880 4782 3178 4853 Matthaxv,
3202 4785 3292 4839 25.
3369 4785 3417 4818 ⁸⁸
3450 4786 3576 4843 ibid.

2063 4938 2179 5010 (60)
2204 4937 2429 4993 Barbar.
2449 4946 2503 4994 et
2528 4954 2679 4995 meus
2702 4956 2891 4997 vocem
2919 4941 3069 4996 nihili
3115 4942 3315 4996 habent
3351 4958 3575 4996 πιστειο·

1996 5011 2297 5081 χρωτέραν,
2331 5023 2492 5081 quam
2516 5013 2794 5066 emendavi
2826 5014 2876 5066 itt
2908 5021 3077 5067 textu.
3105 5042 3175 5052 --
3202 5012 3365 5069 Codd.
3397 5013 3584 5067 lectio-
3694 5042 3701 5052 ι

328 5100 350 5133 ι
373 5081 497 5135 aliis
519 5077 909 5153 quidem—odor
940 5085 1005 5138 de
1053 5092 1228 5137 morte
1253 5084 1319 5136 ad
1355 5077 1607 5147 mortem,
1641 5077 1763 5133 aliis
1793 5093 1880 5134 au-

2004 5077 2121 5153 iiem
2143 5077 2748 5153 retinuerimﬁequidem,
2768 5082 2989 5151 legendo
3012 5082 3191 5137 πίστει
3216 5084 3580 5153 ὀχυρωτέραν.

324 5160 432 5207 tem
467 5150 600 5204 odor
622 5151 688 5206 de
714 5152 821 5205 vita
852 5155 919 5207 ad
944 5154 1127 5208 vitam.
1154 5171 1174 5204 ι

419 5221 511 5295 ξεί)
537 5220 680 5295 iaceo
704 5220 1155 5295 μτηξιωμνοις.

421 5290 510 5363 58)
534 5290 671 5347 Male
704 5290 980 5349 Rath—criti.
1011 5304 1066 5348 et
1092 5308 1245 5348 meus
1280 5291 1539 5363 σιμαίνει.

399 5356 514 5435 (59)
547 5363 766 5435 ’ρνομα
796 5363 985 5435 ἔσχεν
1026 5356 1436 5435 locutio_pro_h:e
1463 5371 1635 5435 ιιοιιιι.Δ
1656 5360 1811 5417 Plato
1846 5356 1900 5416 in

328 5430 528 5505 Hippia
562 5430 720 5502 Μαί,
752 5430 989 5505 ραεξθό,
1020 5433 1188 5503 ΐ,,ἁφ’
1322 5431 1572 5501 τδδνομα
1612 5432 1756 5504 ἔσχε,
1790 5451 1808 5484 ι
1832 5447 1898 5505 εξ

329 5502 524 5575 quibus
550 5502 773 5575 gloriam
796 5502 1022 5575 adeptus
1049 5502 1200 5575 est.)
1238 5504 1364 5575 Haec
1382 5516 1522 5575 vero
1547 5502 1811 5575 εκάκείνο
1839 5502 1903 5557 τὸ
1920 5510 1935 5525 ⁸

334 5570 504 5643 μύρον
542 5570 663 5626 ἔκκ.
708 5574 878 5646 ὄνομα
901 5570 1101 5644 Ἑσχεν,
1140 5573 1215 5637 ὡς
1246 5576 1275 5627 ὁ
1314 5572 1519 5643 Κύριος
1563 5574 1769 5644 ἔλεγεν,
1808 5576 1903 5629 ab—

332 5652 462 5696 sunt
485 5646 711 5715 a_veteri
742 5646 1208 5712 interpretatione,
1233 5659 1353 5715 qua:
1390 5655 1570 5700 tamen
1595 5646 1899 5703 necessaria

330 5720 479 5767 sunt.
520 5713 576 5768 Si
592 5714 751 5785 enim
771 5716 965 5785 desint,
1005 5713 1275 5781 quomodo
1320 5716 1643 5780 cohaereant,
1673 5730 1793 5785 quae
1814 5731 1903 5773 se-

336 5782 610 5853 quuntur?
643 5802 662 5834 ι
686 5782 791 5840 llos
818 5784 953 5839 duos
982 5785 1297 5853 allegoricos
1329 5800 1543 5853 sensus,
1571 5806 1589 5839 ι
1618 5782 1723 5842 etc.

2073 5151 2184 5221 (61)
2221 5151 2387 5204 Vetus
2413 5154 2589 5206 versio
2618 5152 2799 5217 habet,
2829 5154 3101 5220 sanguinis
3134 5151 3337 5221 [luxurii
3378 5151 3584 5221 repente

2003 5221 2289 5302 damnavit.
2318 5222 2480 5275 Error
2516 5222 2859 5278 manifestus.
2894 5221 3205 5292 Legendum
3234 5225 3581 5288 crediderim,

2006 5302 2231 5346 sanavit.

2101 5362 2192 5435 62)
2222 5360 2449 5435 _Barber.
2484 5374 2540 5417 et
2567 5377 2718 5417 meus
2750 5362 3232 5435 Συροφοινήκισσα.

2102 5433 2193 5504 65)
2221 5433 2416 5497 Locus,
2438 5442 2497 5488 ut
2524 5442 2765 5501 apparet,
2795 5431 3102 5503 cerruptus.
3127 5433 3236 5504 Ego
3253 5434 3307 5488 in
3337 5431 3585 5504 versione

2007 5503 2197 5574 scripsi
2241 5516 2299 5558 ut
2343 5504 2661 5558 Salutatus:
2698 5520 2719 5555 ι
2750 5503 3189 5560 Αιιοιεεεειιιιιιιι
3218 5505 3393 5559 adhuc
3456 5503 3581 5566 ﬁde,

2006 5577 2260 5631 iunovata
2305 5584 2484 5629 tamen
2535 5575 2725 5641 spiritu
2756 5584 2809 5626 et
2841 5575 2963 5631 ﬁde.
2994 5594 3012 5626 ι
3055 5575 3206 5631 Unde
3243 5577 3450 5630 videtur
3490 5575 3580 5627 ha-

2008 5647 2195 5716 buisse
2234 5645 2447 5716 inusuo.
2478 5645 2712 5716 codice:
2738 5644 2926 5716 Πίστει
2978 5645 3074 5716 μὲν
3103 5645 3182 5698 ἔτι
3219 5648 3418 5710 νεᾶνις,
3454 5645 3585 5716 ἁνα-

2007 5715 2269 5796 νεουμένη
2290 5714 2347 5767 δὲ
2382 5712 2458 5785 τῷ
2477 5713 2758 5784 Πνεῦματι
2799 5714 2895 5769 καὶ
2924 5712 2990 5788 τῇ
3020 5716 3200 5770 πίστει
3223 5733 3237 5748 ·
3267 5725 3349 5774 est
3376 5714 3586 5786 phrasis

2010 5786 2257 5852 Paulina,
2290 5784 2485 5854 Ephes.
2518 5798 2594 5853 tv,
2630 5786 2721 5839 ‘23.

2204 5821 2257 5852 11,
2291 5821 2485 5853 μγιινῦο
2518 5821 2594 5853 IV,
2634 5821 2721 5839 σευ.
