3810 6310
390 306 464 369 b3
1502 305 1822 362 PHILONIS
1856 306 2167 363 EPISCOPI
2203 303 2525 362 CARPASII
3536 305 3623 362 44

392 426 656 484 thesauri.
722 421 975 479 Caelestis
1024 422 1167 493 regis
1238 426 1664 493 promptuarium
1717 424 1954 478 ostendit

2073 422 2123 476 τά
2147 421 2583 493 θησαυρίσματα.
2618 418 2725 473 Τοῦ
2751 419 2810 474 δὲ
2834 395 2958 489 ’(75)
2991 419 3311 491 ἐπουρανίου
3355 418 3624 489 βασιλέως

395 525 570 597 primo
614 533 735 576 esse
778 532 994 587 corpus,
1044 517 1097 570 in
1148 530 1256 584 quo
1300 517 1414 585 ipse
1477 534 1498 567 ι
1526 516 1810 571 aediﬁcavit
1851 515 1953 569 sibi

385 613 611 670 domum
665 607 804 663 δοκι
859 609 1053 664 deinde
1109 608 1368 663 malorum
1430 622 1677 679 regnum.
1734 607 1957 674 Quando

393 706 557 776 igitur
614 699 865 758 Salvator
909 701 1088 756 dicit:
1129 718 1148 751 ι
1178 698 1328 756 Beati
1382 700 1473 769 qui
1525 700 1953 769 persecutionem

395 798 675 864 patiuntur
720 802 940 864 propter
967 791 1253 859 justitiam,
1291 791 1545 860 quoniam
1590 791 1826 860 ipsorum
1875 799 1959 843 est

394 902 619 958 regnum
652 886 910 943 caelorum
935 885 1017 949 “;
1050 903 1068 936 ι
1106 883 1299 938 merito
1321 893 1374 938 et
1402 890 1793 951 consequenter
1818 896 1952 949 pm:-

395 981 536 1034 dicta
576 986 661 1034 est
703 992 765 1032 ea
800 992 902 1031 vox
935 975 1031 1031 :hi
1061 974 1205 1029 enim
1250 975 1588 1028 intraverunt
1632 973 1684 1025 in
1732 986 1953 1039 regnum

399 1069 681 1124 ctelorum.
713 1065 974 1133 Quoniam
997 1079 1127 1119 vero
1150 1073 1205 1119 et
1234 1065 1330 1134 ipsi
1359 1063 1786 1133 persecutionem
1814 1062 1954 1130 passi

402 1167 530 1212 sunt
577 1164 797 1227 propter
822 1153 1119 1231 justitiam,
1173 1162 1454 1222 propterea
1497 1161 1552 1206 et
1595 1151 1866 1205 exsultant
1904 1151 1955 1202 in

398 1248 513 1312 illo,
538 1258 595 1302 et
620 1246 871 1301 laetantur
894 1245 1129 1299 dicentes
1157 1260 1170 1296 :
1205 1260 1223 1294 ι
1249 1241 1671 1306 Exsultabimus,
1721 1248 1776 1293 et
1811 1239 1957 1293 laeta-

398 1338 583 1394 himur
648 1337 704 1391 in
766 1347 885 1391 te.)
953 1334 1211 1390 videntes
1267 1344 1589 1388 teternarutn
1656 1332 1956 1401 nuptiarum

394 1425 667 1492 laetitiam;
746 1425 990 1479 videntes
1066 1438 1186 1494 quae
1257 1432 1555 1505 praeparata
1623 1432 1750 1476 sunt
1834 1432 1959 1475 ante

394 1519 582 1574 mundi
630 1516 1102 1580 constitutionem,
1144 1525 1200 1568 et
1249 1524 1529 1569 narrantes
1577 1511 1959 1584 promissiones

395 1609 584 1665 dicunt
615 1624 631 1661 :

466 1696 579 1754 Vll.
614 1698 903 1769 Diligemus
926 1697 1083 1751 ubera
1114 1706 1205 1750 tua
1232 1711 1386 1765 super
1409 1695 1608 1749 vinum.

466 1789 526 1846 Id
547 1798 634 1845 est
664 1806 680 1843 :
717 1787 1010 1857 Diligemus
1037 1788 1143 1842 duo
1174 1787 1543 1848 Testamenta,
1577 1801 1673 1855 per
1710 1800 1829 1855 quas
1859 1799 1958 1838 nos
1987 1774 2030 1829 Β

396 1882 600 1938 docens
641 1879 757 1935 Rex
802 1880 856 1934 in
900 1877 1324 1949 promptuarium
1382 1878 1678 1931 introduxit
1718 1878 1957 1932 caéleste.

397 1972 536 2029 Nam
565 1973 706 2043 quod
750 1985 845 2039 per
883 1972 990 2027 duo
1037 1970 1380 2025 Testamenta
1435 1969 1696 2024 cmlorum
1737 1984 1958 2038 regnum

397 2063 631 2118 assecuti
680 2074 888 2123 sumus,
933 2058 1059 2114 vide
1099 2056 1267 2114 Vetus
1315 2071 1371 2113 et
1416 2056 1622 2112 Novum
1669 2058 1959 2128 quemlibet

398 2153 782 2215 adhortantia,
856 2159 914 2205 ut
976 2165 1076 2221 pro
1117 2148 1329 2218 iustitia
1384 2158 1442 2203 et
1491 2152 1708 2202 nomine
1760 2147 1960 2202 Christi

398 2247 692 2317 patiamur,
741 2254 796 2297 et
825 2257 920 2309 per
947 2250 1231 2312 angustam
1256 2249 1312 2295 et
1343 2248 1549 2294 arctam
1580 2240 1703 2294 vitae
1732 2239 1878 2293 viam
1914 2238 1961 2271 δ’

399 2337 757 2394 ambulemus.
787 2333 854 2388 Et
884 2348 951 2388 ex
982 2333 1160 2388 Veteri
1191 2333 1405 2401 quidem
1446 2331 1795 2415 Testamento
1838 2332 1963 2385 audi

399 2431 756 2505 Sapientiam.
799 2444 919 2499 quae
951 2429 1123 2483 dicit:
1161 2447 1180 2480 ι
1213 2427 1400 2497 Usque
1439 2426 1506 2481 ad
1545 2435 1771 2480 mortem
1819 2435 1965 2479 certa

397 2540 501 2597 pro
524 2525 754 2579 veritate
780 2521 849 2575 ⁸³.
882 2538 901 2571 ι
940 2518 1129 2574 Simile
1150 2518 1403 2588 quiddam
1429 2518 1481 2570 in
1516 2515 1686 2582 Novo,
1719 2515 1771 2570 in
1798 2515 1967 2569 Eva--

399 2616 554 2687 geliis
612 2615 735 2669 audi
790 2613 967 2682 ipsum
1036 2610 1316 2664 Dominum
1384 2608 1700 2663 dicentem:
1742 2626 1759 2658 ι
1791 2606 1966 2662 Nolite

405 2709 598 2763 timere
627 2719 722 2761 eos
766 2708 857 2774 qui
888 2701 1145 2757 occidunt
1180 2714 1400 2770 corpus,
1447 2700 1641 2754 animae
1670 2713 1800 2752 vero
1831 2698 1965 2752 nihil

398 2807 627 2869 possunt
654 2795 833 2851 facere
859 2797 960 2848 δ’.»
992 2792 1332 2846 Audiautem
1361 2799 1417 2844 et
1453 2789 1615 2844 Vetus
1644 2790 1966 2844 Testamen-
1996 2802 2008 2821 '

390 2903 515 2945 tum
546 2889 774 2944 dicens:
817 2884 1061 2939 «Audite
1101 2884 1323 2937 verbum
1364 2879 1596 2943 Domini,
1638 2881 1730 2949 qui
1766 2878 1967 2933 timetis

399 2981 619 3038 verbum
649 2978 800 3048 ejus;
833 2976 1015 3041 dicite,
1046 2971 1263 3029 Fratres
1284 2973 1477 3035 nostri,
1506 2972 1629 3026 odio
1649 2986 1744 3026 vos
1771 2970 1970 3025 haben-

400 3075 547 3129 tibus
575 3081 631 3126 et
656 3068 1094 3125 abominantibus
1129 3066 1197 3120 “.
1225 3084 1244 3117 ι
1282 3064 1360 3119 Ex
1403 3064 1706 3132 Evangeliis
1741 3078 1869 3119 vero
1896 3078 1962 3117 ex

399 3176 497 3218 ore
551 3160 721 3229 ipsius
786 3157 998 3214 Domini
1049 3156 1171 3210 audi
1207 3170 1220 3207 :
1254 3174 1274 3206 ι
1308 3153 1523 3223 Diligite
1568 3153 1818 3208 inimicos
1870 3166 1962 3206 ve-

397 3267 546 3309 stros
575 3251 657 3319 “;
690 3269 710 3303 ι
743 3260 803 3305 et
837 3263 1026 3305 rursus
1055 3264 1070 3302 :
1104 3265 1124 3298 ι
1154 3244 1461 3300 Benefacite
1500 3246 1582 3298 bis
1609 3244 1699 3313 qui
1738 3244 1968 3298 oderunt

401 3358 500 3399 vos
524 3342 593 3397 "'.
623 3360 644 3395 ι
680 3339 738 3395 In
778 3339 894 3411 lege
921 3347 1099 3394 autem
1126 3336 1304 3392 simile
1326 3335 1455 3390 illud
1485 3353 1498 3389 :
1530 3352 1551 3386 ι
1576 3333 1632 3389 Si
1667 3334 1968 3390 obviaveris

396 3434 707 3507 iumentum
740 3430 946 3486 inimici
978 3430 1051 3485 tui
1088 3429 1231 3499 quod
1260 3430 1467 3484 corruit
1490 3428 1591 3482 sub
1621 3441 1758 3482 onus
1785 3441 1965 3491 suum,

401 3541 508 3582 non
539 3529 851 3595 praetereas,
878 3521 973 3577 sed
1004 3520 1174 3576 alleva
1206 3519 1337 3574 illud
1366 3519 1445 3585 δ⁸;
1475 3537 1494 3570 ι
1533 3516 1678 3586 quod
1711 3517 1852 3572 idem
1885 3524 1967 3570 est

403 3632 469 3673 ac
501 3615 631 3671 illud
661 3633 677 3668 :
712 3632 732 3665 ι
768 3612 1076 3669 Beneiacite
1103 3612 1189 3665 his
1219 3611 1314 3681 qui
1345 3611 1577 3665 oderunt
1604 3622 1717 3662 vos.
1743 3625 1764 3659 ι
1820 3603 1967 3660 Unus

394 3710 546 3766 enim
586 3718 643 3762 et
686 3707 827 3761 idem
862 3714 947 3760 est
985 3703 1281 3773 legislator,
1335 3701 1425 3772 qui
1475 3709 1739 3769 praecepta
1791 3701 1884 3751 dat
1915 3699 1967 3750 in

396 3812 637 3870 utroque
684 3798 1050 3854 Testamento.
1096 3796 1209 3850 Duo
1253 3794 1416 3864 igitur
1452 3795 1615 3847 ubera
1659 3790 1829 3858 ipsius
1863 3790 1969 3843 duo

403 3892 744 3963 appellantur
791 3890 1162 3952 Testamenta,
1215 3895 1380 3956 atque
1424 3900 1490 3939 ex
1542 3898 1647 3938 uno
1680 3880 1968 3937 immortali

394 3985 554 4040 dente
574 3980 870 4052 spiritualis
895 3979 1049 4034 lactis
1068 3978 1396 4034 aﬂluentiam
1416 3976 1686 4031 habentia.
1720 3974 1973 4042 Propter-

403 4092 470 4130 ea
508 4074 598 4146 qui
636 4071 972 4130 incmlorum
1000 4069 1305 4125 cubiculum
1329 4066 1556 4135 ingressi
1583 4074 1730 4130 sunt,
1756 4065 1967 4119 dicunt:

408 4186 429 4219 ι
461 4167 756 4235 Diligentus
803 4163 968 4219 ubera
1005 4172 1094 4217 tua
1133 4175 1295 4229 super
1335 4160 1585 4212 vinum.»
1640 4157 1779 4223 Quid
1826 4156 1970 4209 enim

398 4257 537 4313 facit
575 4255 803 4310 vinum?
848 4252 1044 4309 Vinum
1081 4251 1369 4306 immodice
1407 4255 1661 4304 haustum
1720 4248 1973 4303 tenebras

404 4346 636 4402 oil'undit
688 4363 703 4400 :
751 4344 1027 4414 splendida
1102 4357 1232 4398 vero
1310 4341 1654 4396 Testamenta
1738 4349 1969 4393 mentem

2054 517 2276 584 ταμεῖον
2325 514 2480 581 δῆλον
2521 514 2603 566 ὅτι
2642 512 2857 583 πρῶτον
2898 514 2995 584 μὲν
3030 512 3092 566 τὸ
3140 512 3327 583 σῶμα,
3372 531 3391 564 ι
3506 513 3626 584 (74)

2055 606 2231 677 ἑαυτῷ
2261 606 2606 677 ᾠκοδόμησεν
2631 602 2780 659 οἷκον
2798 624 2811 637 ·
2852 624 2870 657 ι
2910 605 3099 660 ἔπειτα
3127 606 3184 660 δὲ
3216 606 3309 660 καί
3340 608 3374 677 ἡ
3399 605 3506 659 τῶν
3534 605 3628 658 οὐ·

2057 698 2232 769 ρανῶν
2278 696 2542 767 βασιλεία.
2588 696 2759 750 Ὅταν
2790 692 2884 750 οὖν
2924 697 3070 767 λέγει
3103 700 3132 752 ὀ
3169 699 3393 770 Σωτήρ·
3438 715 3457 748 ι
3496 698 3626 751 Μα-

2058 790 2237 860 κάριοι
2275 791 2323 842 οἰ
2369 788 2715 860 δεδιωγμένοι
2747 789 2931 842 ἕνεκεν
2962 789 3344 860 δικαιοσύνης,
3398 790 3478 842 ὅτι
3526 789 3629 842 αὐ-

2060 881 2167 934 τῶν
2202 880 2347 933 ἐστιν
2395 881 2428 952 ἡ
2462 879 2706 950 βασιλεία
2736 880 2845 934 τῶν
2891 882 3166 951 οὐρανῶν,
3203 899 3221 931 ι
3264 880 3486 943 εἰκότως
3529 879 3628 931 καῖΙ

2057 976 2361 1041 ἀκολούθως
2396 976 2716 1048 προείρηται
2755 976 2851 1029 καὶ
2885 976 3020 1046 αὐτὴ
3053 978 3087 1044 η
3121 977 3311 1047 φωνή·
3344 969 3489 1029 οὗτοι
3516 975 3630 1047 γὰρ

2057 1068 2302 1137 εἰσῆλθον
2324 1068 2405 1130 εἰς
2436 1067 2533 1138 τὴν
2564 1067 2672 1119 τῶν
2695 1065 2940 1138 οὐρανῶν
2965 1065 3259 1136 βασιλείαν.
3300 1064 3631 1135 Ἐπειδήπερ

2057 1162 2153 1212 καὶ
2210 1159 2363 1213 αὐτοὶ
2398 1156 2729 1229 ἐδιώχθησαν
2778 1158 2963 1211 ἕνεκεν
2997 1156 3373 1227 δικαιοσύνης,
3414 1156 3494 1209 διὸ
3533 1157 3631 1209 καὶ

2057 1250 2416 1318 άγαλλιῶνται
2470 1251 2527 1301 ὲν
2568 1248 2750 1319 αὐτῷ,
2793 1249 2886 1302 καὶ
2925 1247 3302 1319 εὐφραίνονται
3345 1247 3625 1316 λέγοντες·

2064 1362 2082 1393 ι
2125 1339 2604 1411 Ἀγαλλιασώμεθα
2648 1340 2744 1392 καὶ
2771 1328 3257 1410 εὐφρανθῶμενθὲν
3296 1339 3397 1391 σοί.
3447 1358 3465 1390 ι
3498 1338 3632 1391 Βλέ-

2059 1449 2250 1495 ποντες
2281 1433 2379 1503 τὴν
2418 1431 2525 1484 τῶν
2556 1430 2787 1484 αἰωνίων
2821 1432 3023 1502 χαράνο
3060 1431 3348 1499 βλέποντες
3379 1430 3446 1484 τὰ
3483 1432 3633 1500 ἡτοι-

2062 1521 2312 1593 μασμένα
2339 1522 2443 1593 πρὸ
2479 1521 2784 1593 καταϐολῆς
2811 1521 3038 1591 κόσμου,
3070 1522 3165 1575 καί
3184 1520 3633 1588 ’ἀπαγγέλλοντες

2058 1614 2509 1682 τὰς.ὲπαγγελίας
2526 1653 2540 1677 ,
2568 1613 2748 1683 φασίν·

2130 1704 2204 1757 Ζ’.
2235 1701 2651 1771 Ἀταπήσωμεν
2673 1701 2941 1769 μαστούς
2970 1714 3085 1754 σου
3116 1698 3268 1769 ὑπὲρ
3297 1697 3482 1754 οἶνον.

2133 1793 2311 1863 Ὅπερ
2341 1794 2516 1845 ὲστίνο
2553 1793 2951 1860 Ἀγαπήσωμεν
2980 1791 3077 1854 τὰς
3108 1791 3200 1843 δύο
3230 1790 3522 1862 Διαθήκας,
3557 1790 3630 1844 δι’

2057 1877 2133 1938 ὧν
2171 1885 2317 1955 ἡμᾶς
2347 1885 2376 1936 ὁ
2424 1883 2677 1954 βασιλεὺς
2710 1881 3137 1952 παιδαγωγήσας
3158 1922 3173 1946 ,
3201 1883 3279 1944 εἰς
3308 1882 3367 1934 τὸ
3404 1884 3634 1950 ταμεῖον

2061 1974 2319 2043 εἰσήγαγε
2345 1972 2406 2025 τὸ
2443 1971 2761 2043 ἐπουράνιον
2784 1987 2799 2001 ·
2833 1971 2913 2024 ὅτι
2935 1970 3040 2043 γὰρ
3071 1970 3159 2023 διὰ
3185 1970 3294 2024 τῶν
3316 1970 3410 2023 δύο
3433 1971 3635 2041 Διαθη-

2061 2065 2171 2119 κῶν
2201 2063 2463 2133 ἐτύχομεν
2490 2063 2589 2133 τῆς
2617 2065 2869 2137 οὐρανίου
2892 2063 3188 2135 βασιλείας,
3223 2062 3385 2132 βλέπε
3410 2064 3504 2115 καὶ
3530 2062 3635 2133 τὴν

2062 2154 2302 2208 Παλαιὰν
2331 2155 2427 2209 καὶ
2457 2155 2555 2226 τὴν
2584 2157 2789 2228 Καινὴν
2813 2155 3090 2227 Διαθήκην
3114 2154 3483 2227 παρορμῶσαν
3503 2155 3637 2216 τοὺς

2065 2244 2420 2316 βουλομένους
2449 2244 2590 2316 ὑπὲρ
2619 2246 2717 2317 τῆς
2745 2244 3089 2316 δικαιοσύνης
3121 2244 3216 2299 καὶ
3239 2244 3334 2298 τοῦ
3370 2245 3638 2314 ὀνόματος

2062 2337 2154 2390 τοῦ
2182 2335 2420 2407 Χριστοῦ
2458 2337 2707 2407 πάσχειν,
2738 2337 2834 2391 καὶ
2858 2336 2956 2408 τὴν
2985 2336 3176 2400 στενὴν
3211 2338 3305 2390 καὶ
3341 2334 3638 2405 τεθλιμμέ-

2063 2444 2161 2497 νην
2189 2427 2308 2479 ὁδὸν
2332 2428 2432 2499 τῆς
2463 2427 2608 2499 ζωῆς
2643 2428 2873 2483 ὁδεύειν.
2905 2429 3016 2483 Καὶ
3047 2431 3112 2482 ὲκ
3147 2429 3245 2500 μὲν
3271 2428 3371 2499 τῆς
3392 2428 3638 2491 Παλαιᾶς

2063 2518 2163 2589 τὴν
2194 2519 2393 2587 Σοφίαν
2424 2519 2586 2573 ἄκουε
2618 2519 2912 2589 λέγουσαν*
2955 2539 2974 2571 ι
3006 2520 3151 2583 Ἕως
3173 2519 3403 2574 θανάτου
3432 2519 3637 2588 ἀγώνι-

2067 2627 2158 2663 σαι
2184 2608 2325 2682 ὐπὲρ
2349 2611 2447 2681 τῆς
2467 2611 2743 2681 ἀληθείας.
2779 2631 2798 2664 ι
2823 2612 2897 2666 Τὸ
2922 2613 3106 2681 ὅμοιον
3139 2614 3233 2666 καὶ
3251 2614 3309 2665 ὲν
3338 2617 3407 2683 τῇ
3434 2615 3636 2684 Καινῇ,

2066 2703 2124 2756 έν
2168 2704 2280 2764 τοῖς
2312 2701 2663 2771 Εὐαγγελίοις
2702 2703 2862 2756 αὐτὸν
2908 2704 2998 2756 τὸν
3033 2703 3232 2775 Κύριον
3264 2705 3518 2769 ὲνωτίζου
3547 2705 3640 2759 λέ-

2066 2808 2258 2862 γοντα·
2305 2810 2323 2843 ι
2364 2793 2455 2863 Μὴ
2491 2793 2764 2865 φοϐηθῆτε
2811 2794 2920 2847 ἀπὸ
2960 2793 3068 2847 τῶν
3113 2795 3543 2849 ἀποκτεινόντων
3575 2796 3639 2849 τὸ

2069 2883 2262 2954 σῶμα,
2313 2883 2413 2954 τὴν
2474 2884 2532 2937 δὲ
2580 2885 2757 2956 ψυχὴν
2825 2886 2899 2958 μὴ
2943 2887 3174 2957 ἐχόντων
3211 2904 3265 2940 τι
3306 2888 3547 2959 ποιῆσαι.
3613 2907 3634 2940 ι

2071 2975 2267 3028 Ἄκουε
2304 2974 2362 3028 δὲ
2392 2975 2489 3029 καὶ
2512 2976 2614 3047 τῆς
2657 2976 2899 3040 Παλαιᾶς
2930 2976 3196 3050 λεγούσης
3216 2994 3229 3008 ·
3273 2997 3293 3030 ι
3342 2978 3640 3032 Ἀκούσατε

2066 3066 2158 3119 τὸν
2201 3065 2356 3135 λόγον
2402 3066 2640 3137 Κυρίου,
2685 3068 2736 3120 σί
2786 3068 3084 3140 τρέμοντες
3134 3069 3192 3122 τὸ
3240 3070 3389 3140 ῥῆμα
3431 3070 3637 3125 αὐτοῦ’

2070 3157 2257 3209 εἴπατε
2304 3158 2415 3219 τοῖς
2459 3155 2710 3226 μισοῦσιν
2750 3157 2928 3228 ὑμᾶς·
2974 3157 3417 3238 Ἀδελφοὶὴμῶν.
3476 3177 3495 3209 ι
3548 3157 3642 3213 Ἐν

2070 3247 2422 3317 Εὐαγγελίοις
2458 3248 2515 3301 δὲ
2546 3251 2612 3302 ὲκ
2646 3249 2740 3302 τοῦ
2771 3249 3101 3304 Δεσποτικοῦ
3136 3251 3397 3322 στόματος
3436 3250 3639 3305 ἄκουε·

2077 3359 2096 3392 ι
2144 3341 2419 3409 Ἀγαπᾶτε
2446 3341 2574 3403 τοὺς
2602 3341 2828 3412 ἐχθροὺς
2851 3343 3034 3413 ὐμῶν·
3069 3362 3088 3394 ι
3125 3343 3219 3396 καὶ
3249 3343 3409 3397 πάλιν
3429 3360 3442 3373 ·
3475 3362 3493 3394 ι
3523 3345 3642 3398 Κα-

2070 3431 2176 3494 λῶς
2200 3433 2401 3484 ποιεῖτε
2434 3435 2547 3495 τοῖς
2575 3432 2822 3502 μισοῦσιν
2853 3434 2966 3506 (75)
2998 3436 3142 3506 ὑμᾶς
3163 3453 3177 3467 ο
3214 3454 3233 3486 ι
3274 3437 3331 3487 ὲν
3360 3434 3418 3489 δὲ
3446 3433 3525 3506 τῷ
3553 3437 3642 3489 νό-

2075 3540 2160 3594 μῳ
2184 3522 2245 3575 τὸ
2271 3523 2483 3593 ὅμοιον·
2529 3542 2550 3576 ι
2609 3522 2734 3577 Ἐὰν
2778 3525 3092 3597 ἁπαντήσῃς
3122 3525 3201 3596 τῷ
3232 3525 3506 3597 ὑποζυγίῳ
3543 3526 3641 3579 τοῦ

2071 3612 2265 3684 ἐχθροῦ
2288 3629 2381 3665 σου
2410 3615 2717 3668 πεπτωκότι
2744 3616 2848 3671 ὐπὸ
2868 3616 2958 3669 τὸν
2980 3616 3146 3687 γόμον
3187 3617 3373 3679 αὐτοῦ.
3405 3619 3465 3671 οὐ
3497 3635 3643 3690 παρ-

2072 3705 2435 3777 ελεύσῃ,ἀλλὰ
2458 3710 2766 3779 ωνεγερείς
2784 3707 3061 3776 (76)αὐτὸ.
3104 3728 3123 3761 ι
3144 3739 3215 3748 -
3239 3727 3258 3760 ι
3297 3709 3491 3773 Καλῶς
3526 3709 3643 3781 (77)

2073 3800 2276 3851 ποιεῖτε
2301 3801 2413 3860 τοῖς
2444 3796 2689 3868 μισοῦσιν
2713 3800 2885 3870 ὑμᾶς·
2923 3818 2941 3851 ι
2978 3794 3060 3862 εἷς
3102 3799 3212 3871 γὰρ
3246 3799 3339 3853 καὶ
3364 3800 3527 3863 αὐτὸς
3553 3817 3643 3853 νο-

2078 3888 2309 3960 μοθέτης
2342 3888 2628 3959 ἑκατέραις
2653 3889 2956 3944 διετάττετο
2991 3889 3304 3960 Διαθήκαις.
3332 3890 3434 3944 Δύο
3462 3891 3643 3945 τοίνυν

2078 3978 2273 4050 μαστοὶ
2314 3978 2478 4032 αὐτοῦ
2511 3981 2567 4032 αἱ
2610 3979 2703 4032 δύο
2758 3980 3047 4052 κέκληνται
3088 3962 3392 4053 Διαθῆκαι*
3440 3983 3535 4035 καὶ
3576 3984 3645 4036 ἐκ

2079 4068 2208 4139 μιᾶς
2235 4067 2336 4138 τῆς
2374 4066 2641 4121 ἀθανάτου
2683 4068 2867 4139 πηγῆς
2907 4068 3004 4140 τὴν
3044 4070 3304 4141 ἐπιρροήν
3340 4067 3434 4121 τοῦ
3472 4086 3643 4122 πνευ-

2080 4156 2309 4228 ματικοῦ
2352 4157 2621 4226 γάλακτος
2663 4157 2900 4228 ἔχουσαι.
2943 4159 3034 4212 Διὸ
3072 4159 3319 4227 λέγουσιν
3358 4161 3405 4211 οἰ
3449 4161 3529 4223 εἰς
3579 4160 3645 4213 τὸ

2073 4251 2297 4318 ταμεῖον
2323 4248 2432 4302 τῶν
2453 4248 2694 4320 οὐρανῶν
2716 4249 3115 4321 εἰσεληλυθότες
3136 4265 3151 4279 ’
3184 4267 3203 4299 ι
3244 4249 3643 4321 Ἀγαπήσωμεν

2078 4338 2316 4409 μαστούς
2343 4354 2435 4392 σου
2466 4339 2604 4409 ὑπὲρ
2630 4335 2790 4393 οἶνον.
2831 4359 2850 4392 ι
2885 4338 2950 4393 Τί
2977 4339 3085 4411 γὰρ
3114 4342 3259 4393 ποιεῖ
3285 4336 3459 4406 οἰνος;
3488 4338 3645 4405 Οἷνος

400 4437 747 4503 roniirmant.
774 4436 932 4492 tidem
958 4434 1255 4498 stabiliunt,
1280 4431 1501 4487 fundant
1523 4433 1590 4485 ad
1618 4446 1839 4501 regnum
1863 4444 1964 4485 caa-

2077 4430 2332 4501 άμέτρως
2360 4429 2543 4494 ποθεῖς
2570 4430 2832 4495 σκοτίζει·
2862 4432 2920 4484 αἰ
2943 4430 2999 4484 δὲ
3027 4432 3349 4502 φωταγωγοὶ
3377 4432 3645 4502 Διαθῆκαι

401 4530 594 4613 lorum.

477 4706 607 4763 Vill.
643 4704 917 4761 Rcclitudo
954 4704 1135 4757 dilexit
1160 4714 1226 4758 te.

483 4798 666 4865 Omnia
699 4798 919 4867 quidem
961 4796 1262 4851 divinarum
1304 4793 1708 4863 Scripturarum
1752 4794 1966 4863 eloquia

2080 4519 2393 4590 στηρίζουσι
2418 4520 2480 4573 τὸ
2508 4521 2780 4592 φρόνημα,
2806 4520 3080 4593 στερεοῦσι
3113 4522 3223 4592 (78)
3252 4523 3453 4590 πίστιν,
3476 4523 3643 4595 θεμε-

2077 4609 2279 4665 λιοῦσιν
2307 4612 2386 4674 εἰς
2410 4612 2507 4682 τὴν
2535 4612 2778 4682 οὐρανῶν
2806 4612 3101 4682 βασιλείαν.

2149 4708 2230 4758 H‘.
2266 4704 2537 4769 Εὐθύτης
2565 4701 2844 4771 ἡγὰπησέ
2873 4720 2966 4758 σε.

2144 4798 2350 4859 Πάντες
2383 4794 2482 4865 μὲν
2518 4794 2566 4845 οἱ
2603 4794 2712 4847 τῶν
2750 4794 2908 4849 θείων
2934 4797 3164 4867 Γραφῶν
3192 4796 3360 4865 λόγοι,
3395 4796 3488 4851 καὶ
3514 4796 3645 4851 ταύ-

475 4937 702 4992 I“Prov.
727 4952 807 4998 ιι.
844 4938 896 4990 1.
972 4935 1016 4966 ⁸³
1051 4933 1239 4989 Matth.
1264 4932 1452 5004 v,_lO.
1526 4934 1571 4964 “
1599 4933 1787 4988 Matth.
1831 4950 1929 5002 vn,
1962 4960 1964 4967 ι

2096 4966 2100 4971 -
2127 4936 2173 4968 ⁸³
2201 4934 2364 4991 Eccli.
2389 4949 2464 4999 tv,
2491 4932 2582 4988 9.8.
2655 4934 2702 4966 “
2734 4933 2923 4989 Matth.
2960 4951 3014 4999 ι,
3038 4935 3128 4991 28.
3201 4934 3249 4968 ⁸⁸
3274 4934 3375 4991 Isa.
3410 4952 3556 5004 vat,
3586 4937 3643 4993 5.

401 5010 449 5045 δ’
481 5008 670 5062 Matth.
700 5021 755 5073 v,
788 5006 880 5060 44.
957 5004 1001 5035 ⁸⁷
1032 5005 1163 5061 ibid.
1266 5004 1312 5035 ⁵⁸
1337 5002 1509 5057 Exod.
1543 5019 1699 5070 um,
1730 5003 1783 5061 5.

479 5121 592 5193 (73)
620 5120 823 5193 Locum
846 5122 1081 5193 hunccg
1109 5118 1331 5193 Philone
1353 5118 1982 5193 atl‘ertcosmaslndico—
2088 5131 2294 5193 terpres
2318 5118 2395 5171 ait
2421 5134 2434 5169 :
2465 5137 2483 5193 ι
2510 5117 2646 5185 Quid
2671 5128 2755 5193 est
2784 5117 2874 5193 hic
2902 5116 3045 5172 aliud
3089 5117 3191 5193 nisi
3230 5117 3380 5193 illud,
3417 5117 3646 5193 Bttnera-
3690 5108 3695 5113 “

404 5188 757 5266 pletisteslib.
775 5208 829 5266 ξ,
853 5207 905 5260 p.
923 5188 1257 5266 3290011251.
1284 5206 1427 5244 nova:
1454 5188 1837 5266 PP.Gra;cor.,
1856 5202 1896 5245 t.
1914 5192 1978 5245 ll.

482 5262 598 5333 (74)
626 5260 751 5333 Yet.
789 5254 983 5330 initerp.
1009 5260 1236 5333 legitii,
1254 5277 1358 5333 nec
1381 5263 1624 5333 agnoscit
1653 5254 1824 5333 οἶκρν.

475 5328 589 5403 (75)
618 5331 785 5403 Sacer
813 5328 989 5386 textus
1007 5328 1258 5403 Matthxi
1275 5330 1436 5384 habet
1452 5330 1577 5391 τοὺς
1602 5328 1917 5403 μισοῦντας.

476 5396 589 5472 (76)
619 5401 714 5457 Sic
772 5399 1075 5472 emendavi.
1130 5396 1355 5472 Codices
1377 5396 1661 5472 _cor_rupte
1714 5400 1975 5472 exhibent

407 5465 751 5544 aova'fspsis.
775 5470 949 5544 Locus
974 5475 1150 5544 autem
1180 5468 1269 5544 bi_c_
1294 5468 1346 5520 in
1377 5465 1869 5544 Bibliis'impressis
1896 5470 1973 5523 ita

400 5534 639 5613 ,legiuiri:
672 5541 800 5613 Ἐὰν
818 5539 875 5613 δὲ
893 5537 1007 5609 ἴδῃς
1025 5536 1087 5613 εδ
1104 5536 1393 5613 iamiam
1416 5534 1729 5613 τρῢέχθρὸῦ
1751 5554 1972 5613 arma:

409 5604 506 5675 κίἷς
541 5611 645 5664 ὐπὸ
677 5610 767 5663 τὸν
792 5604 976 5679 γόμον⁷
1001 5604 1189 5679 αὐτοῦ,
1213 5607 1272 5658 οὐ
1292 5604 1610 5679 παρελεύση
1639 5604 1807 5674 ἀύτὸ,
1836 5607 1973 5662 άλλά

408 5674 660 5747 συναρεῖς
684 5674 817 5734 αὐτό
837 5674 951 5747 μετ’
978 5674 1162 5747 αὐτοῦ.

466 5745 594 5809 (77)
627 5753 770 5804 Ante
803 5745 981 5809 καλῶς
1012 5746 1222 5802 videtur
1242 5745 1442 5814 aliquid
1468 5746 1678 5805 deesse.
1698 5746 1860 5804 Vetus
1885 5748 1971 5805 in-

2087 5185 2257 5250 cite,»
2309 5200 2414 5243 etc.
2458 5189 2528 5241 At
2579 5203 2609 5241 a
2659 5188 2778 5241 cod.
2812 5185 3002 5239 Theat.
3053 5188 3246 5241 absunt
3298 5189 3432 5248 haec,
3464 5188 3646 5251 καλῶς

2087 5262 2290 5312 ποιεῖτε
2327 5260 2438 5320 τοῖς
2471 5255 2718 5329 μισοῦσιν
2739 5256 2921 5329 ὐμιξὶς.Δ
2949 5256 3054 5329 Sed
3083 5256 3312 5329 postilla
3337 5262 3644 5329 συνεγερεῖς

2084 5329 2215 5383 αὐτό
2249 5324 2490 5396 sequitur
2505 5324 2799 5396 sigcaiydtp
2820 5325 3026 5396 ὁαύτὸς
3056 5326 3368 5396 νομοθέτης,
3386 5324 3503 5393 quae
3525 5324 3644 5382 cor-

2086 5408 2241 5468 rupta
2254 5390 2381 5452 sunt
2397 5412 2511 5467 pro,
2529 5390 2610 5459 εἷς
2875 5396 3036 5468 αὐτὸς
3059 5390 3369 5468 νομοθέτης.
3383 5390 3645 5468 (laterum

2084 5464 2412 5523 inversione
2458 5467 2578 5521 ideo
2627 5464 2804 5519 addidi
2834 5480 2850 5518 :
2876 5483 2894 5516 ι
2921 5464 3074 5531 Quod
3106 5464 3246 5519 idem
3270 5464 3351 5520 εει
3374 5481 3436 5519 ac
3474 5465 3643 5521 illud:

2082 5536 2452 5601 Benefacite,»
2503 5545 2634 5601 etc.,
2677 5543 2736 5589 ut
2772 5534 2910 5595 bene
2954 5534 3261 5589 commeant
3300 5550 3361 5589 ea
3397 5551 3515 5603 quae
3557 5550 3645 5589 se-

2081 5617 2328 5676 quuntur
2352 5621 2365 5657 :
2399 5604 2593 5676 [linus
2621 5605 2767 5659 enim
2808 5617 2863 5676 et
2885 5604 3026 5658 idem
3055 5614 3139 5676 e_st
3164 5604 3457 5676 legislator,
3486 5623 3503 5655 ι
3536 5615 3643 5660 etc.

2150 5675 2260 5746 (78)
2292 5675 2368 5728 Ex
2400 5674 2585 5733 Vallic.
2622 5672 2838 5745 reposui
2878 5673 3175 5743 στερεοῦσι.
3225 5674 3385 5732 Banb.
3413 5684 3466 5728 et
3494 5689 3645 5731 meus

2150 5676 2270 5809 (78)
2292 5676 2368 5728 Ex
2400 5676 2407 5691 ‘

2082 5745 2237 5815 στηρί
2270 5761 2407 5798 ουσι.
