3810 6330
369 358 440 415 Π
1493 351 1810 411 PHILONIS
1849 350 2155 409 EPISCOPI
2194 350 2279 409 CA
2288 350 2509 409 BPASII
3528 351 3601 407 ‘8

368 488 541 535 torum
572 489 811 532 meorum
849 475 1144 543 nigrorem,
1181 474 1322 543 quod
1349 473 1564 544 oblique
1592 490 1678 530 me
1708 489 1928 545 aspexe-

2045 476 2315 547 μελανίας,
2340 476 2421 529 ὅτι
2446 475 2752 546 παρέϐλεψὲ
2785 493 2853 547 με
2880 471 3137 542 Χριστὸς.
3161 471 3191 524 δ
3217 471 3314 542 τῆς
3335 466 3605 523 δικαιοσύ-

366 570 438 624 rit
462 567 709 622 Christus
741 566 968 634 iustitiae
1014 565 1114 619 sol.
1162 565 1218 619 Si
1249 567 1391 620 enim
1419 565 1671 621 sensibile
1702 576 1846 620 esset
1876 566 1928 619 id

366 659 433 714 de
454 672 563 729 quo
589 671 769 713 sermo
792 667 898 722 est,
929 665 985 711 et
1007 657 1074 711 de
1104 660 1217 712 sole
1242 657 1552 727 aspectabili
1597 656 1928 726 loqueretur,

366 765 474 805 non
503 749 730 813 diceret,
782 766 802 799 ι
831 747 1055 818 Obliqne
1099 762 1185 802 me
1217 747 1307 802 hic
1335 746 1413 802 sol
1445 747 1651 815 aspexit
1679 766 1692 802 :
1722 766 1742 800 ι
1783 762 1928 812 nam,

366 840 460 912 qui
493 841 547 896 in
580 841 770 895 umbra
793 840 883 894 alti
914 839 1233 909 educatique
1253 847 1395 904 sunt,
1425 840 1606 909 potius
1628 839 1924 895 albescunt.

367 932 460 989 Illa
516 939 695 988 autem
754 940 878 986 ante
913 931 1069 985 ﬁdem
1118 931 1170 985 in
1216 945 1415 985 vesano
1471 929 1731 985 idolorum
1784 931 1929 985 cultu

366 1032 602 1089 versata,
649 1031 705 1079 et
757 1022 827 1077 ab
871 1022 1092 1091 iustitiae
1136 1020 1248 1076 sole
1306 1023 1652 1075 transversitn
1690 1032 1929 1091 aspecta,

366 1118 513 1171 fusca
551 1115 690 1169 facta
724 1122 830 1176 est,
866 1114 1037 1168 donec
1083 1131 1103 1164 ι
1132 1110 1408 1181 speciosus
1451 1110 1620 1164 forma
1660 1126 1771 1180 prae
1805 1111 1929 1165 ﬁliis

367 1206 641 1262 hominum
678 1204 727 1238 “
756 1221 776 1255 ι
834 1204 1051 1258 veniens
1092 1203 1366 1273 impressit
1408 1204 1460 1256 in
1524 1216 1586 1255 ea
1631 1217 1726 1270 per
1755 1201 1930 1270 bapti-

370 1311 545 1350 smum
582 1294 1031 1364 pulchritudinem
1062 1292 1696 1361 suam,quemadmodum
1723 1294 1798 1345 ait
1827 1291 1932 1343 Da-

367 1387 500 1444 vid:
535 1385 860 1456 «Signatum
919 1395 1003 1439 est
1052 1384 1104 1438 in
1172 1384 1325 1438 nobis
1374 1384 1547 1436 lumen
1601 1383 1927 1445 vultus'tni,

368 1478 591 1535 Domina
635 1478 723 1542 ¹⁸;
756 1493 775 1526 ν
804 1484 858 1529 et
910 1490 1099 1531 rursus
1151 1474 1283 1528 alibi
1316 1491 1330 1527 :
1367 1492 1387 1525 ι
1421 1474 1484 1526 Et
1532 1473 1636 1527 erit
1678 1473 1929 1544 splendor

366 1570 576 1626 Domini
608 1568 701 1624 Dei
732 1568 901 1623 nostri
938 1582 1101 1637 super
1130 1582 1229 1621 nos
1251 1567 1319 1620 ⁸⁸.
1351 1585 1369 1616 ι

433 1766 573 1824 XIII.
614 1765 744 1822 Filii
780 1766 964 1820 matris
1000 1782 1128 1820 mea:
1165 1775 1521 1836 pugnaverunt
1561 1766 1614 1821 in
1658 1781 1759 1820 me.

2038 583 2136 636 νης
2167 565 2383 635 ὁῆλιος.
2418 566 2484 617 Ei
2520 564 2630 635 γὰρ
2670 563 2924 634 αἰσθητὸν
2963 560 3074 632 (90)
3108 555 3176 630 ἦν
3222 558 3285 611 τὸ
3316 556 3607 625 λεγόμενον

2039 658 2133 711 καὶ
2158 657 2285 727 περὶ
2308 656 2497 710 τούτου
2531 655 2626 709 τοῦ
2657 654 2807 725 ἡλίου
2833 650 2901 726 ἦν
2934 653 2993 706 τὸ
3028 649 3373 720 λαλούμενον,
3405 647 3507 700 οὐκ
3538 645 3610 699 ἂν

2041 745 2224 813 ἔλεγεν
2245 784 2259 807 ,
2281 746 2363 799 ὅτι
2399 744 2742 816 «Παρέὁλεψέ
2780 762 2847 815 με
2869 746 2897 797 ὁ
2911 743 3061 814 ἥλιος
3087 734 3243 803 οὗτος
3261 756 3275 769 ·
3293 758 3310 791 ι
3334 736 3471 791 ἀλλὰ
3493 736 3575 807 (9i
3587 745 3607 805 )

2043 839 2244 910 μᾶλλον
2292 841 2341 892 oi
2417 840 2545 910 σκιᾷ
2605 838 2962 910 τροφούμενοι
3023 834 3155 903 (92)
3213 830 3603 885 λευκαίνονται.

2050 929 2262 1000 Ἐκείνη
2291 928 2348 983 δὲ
2372 931 2431 982 ἐν
2461 931 2581 992 ταῖς
2607 930 2714 983 τῶν
2745 928 2975 982 εἰδώλων
2995 921 3355 994 ἐξεταζομένη
3390 916 3608 990 μανίαις

2040 1020 2147 1090 πρὸ
2170 1020 2269 1092 τῆς
2297 1021 2552 1085 πίστεως,
2577 1021 2671 1074 καὶ
2704 1020 2809 1074 ὑπὸ
2839 1018 2933 1073 τοῦ
2956 1019 3053 1088 τῆς
3080 1014 3425 1083 δικαιοσύνης
3454 1007 3607 1080 ἡλίου

2042 1111 2441 1184 παρεωραμένη
2505 1113 2715 1183 ὑπῆρχε
2769 1109 3228 1183 μεμελανωμένη·
3286 1105 3392 1167 ἓως
3427 1096 3552 1156 οὗ]
3579 1101 3611 1155 ὁ

2037 1202 2235 1274 ὡραῖος
2248 1203 2431 1257 κάλλει
2457 1204 2608 1274 παρά
2629 1204 2754 1266 τοὺς
2776 1204 2924 1266 υἱοὺς
2937 1200 3044 1253 τῶν
3065 1196 3366 1269 ἀνθρώπων
3396 1213 3415 1247 ι
3436 1208 3612 1263 παρα-

2036 1294 2348 1366 γενόμενος,
2386 1296 2449 1349 τὸ
2491 1295 2682 1349 ἐαυτοῦ
2730 1294 2926 1357 κάλλος
2969 1293 3058 1347 διὰ
3097 1290 3191 1345 τοῦ
3236 1288 3608 1360 βαπτίσματος

2037 1387 2454 1441 ἐναπετύπωσεν
2487 1389 2568 1440 εἰς
2605 1387 2801 1458 αὐτήν·
2854 1384 3035 1448 καθὼς
3059 1384 3153 1439 καὶ
3190 1382 3352 1436 Δαῦὶδ
3380 1380 3606 1451 φάσκειο

2043 1498 2062 1531 ι
2112 1478 2455 1550 Ἐσημειώθη
2487 1480 2570 1548 ἐφ’
2611 1481 2760 1549 ἡμᾶς
2787 1477 2848 1531 τὸ
2876 1478 2993 1546 φῶς
3028 1475 3122 1530 τοῦ
3163 1473 3454 1546 προσώπου
3488 1485 3606 1529 σου.

2036 1569 2243 1642 Κύριε·
2281 1589 2300 1623 ι
2335 1571 2430 1626 καὶ
2449 1570 2683 1640 ἀλλαχοῦ
2718 1571 2911 1623 πάλιν
2950 1588 2969 1620 ι
2997 1568 3108 1620 Καὶ
3135 1569 3275 1619 ἔστω
3298 1567 3332 1637 ἡ
3364 1561 3611 1633 λαμπρό-

2037 1680 2137 1735 της
2161 1663 2367 1736 Κυρίου
2398 1661 2492 1716 τοῦ
2518 1662 2651 1715 Θεοῦ
2677 1663 2833 1733 ἡμῶν
2861 1661 2946 1731 ἐφ’
2975 1662 3138 1731 ἡμᾶς.
3178 1678 3197 1712 ι
3381 1731 3388 1739 η

2110 1775 2207 1829 II".
2244 1774 2364 1829 Υἱοὶ
2385 1774 2616 1844 μητρός
2637 1791 2756 1843 μου
2781 1772 3154 1843 ἐμαχέσαντο
3186 1770 3256 1824 ἐν
3280 1767 3413 1838 ἐμοί
3417 1807 3431 1820 .

431 1860 599 1919 Filios
647 1860 836 1915 matris
883 1873 994 1913 sure
1037 1860 1273 1913 arbitror
1320 1860 1498 1913 dicere
1523 1859 1794 1925 sapientes
1827 1871 1928 1914 cut.

2110 1866 2273 1930 Υἱοὺς
2298 1866 2501 1938 μητρὸς
2516 1866 2686 1937 αὐτῆς
2714 1861 2865 1936 οἶμαι
2885 1864 3010 1927 τοὺς
3034 1863 3230 1933 σοφοὺς
3248 1861 3347 1930 τῆς
3373 1860 3583 1929 ἐπουρα

368 1953 521 2009 Iestis
555 1952 705 2024 regni
748 1950 919 2016 ﬁlios,
953 1949 1242 2021 apostolos.
1283 1948 1353 2005 Ut
1408 1961 1586 2005 autem
1642 1950 1942 2006 luculenter

366 2050 766 2102 demonstretur
810 2054 1086 2100 strenuam
1139 2051 1194 2096 et
1235 2042 1514 2112 pulchram
1559 2057 1789 2111 pugnam
1844 2058 1941 2111 pa-

366 2151 486 2192 rere
513 2150 730 2207 pacem,
768 2136 1049 2203 zelutnque
1087 2131 1270 2188 aﬁlare
1314 2133 1551 2187 divinum
1575 2175 1590 2195 ,
1652 2134 1771 2188 vide
1812 2133 1937 2202 quid

366 2229 564 2286 Paulus
589 2228 774 2285 dicat:
802 2244 822 2279 ι
851 2227 971 2282 Dixi
1001 2226 1196 2296 Ceplm
1221 2264 1237 2290 ,
1274 2243 1294 2277 ι
1327 2225 1531 2294 inquit,
1562 2244 1583 2278 ι
1615 2240 1797 2279 coram
1823 2240 1939 2279 om-

364 2320 525 2376 nibus
551 2336 566 2375 :
603 2317 661 2374 Si
698 2326 751 2372 tu
781 2333 902 2373 cum
927 2316 1143 2374 Judaeus
1175 2316 1284 2380 sis,
1315 2315 1591 2386 gentiliter
1616 2327 1671 2370 et
1703 2331 1806 2371 non
1842 2303 1937 2370 Ju-

365 2406 522 2461 daice
540 2406 723 2462 vivere
755 2405 1031 2461 instituisti
1065 2415 1284 2475 propter
1310 2403 1582 2459 Christum
1610 2415 1666 2458 et
1692 2405 1929 2459 aediﬁca-

365 2495 567 2553 tionem
609 2492 875 2561 ﬁdelium,
911 2509 1010 2550 cur
1053 2504 1241 2563 gentes
1281 2494 1433 2563 cogis
1477 2494 1759 2559 judaizare
1785 2496 1833 2529 ⁸⁷
1858 2494 1882 2547 ?
1910 2512 1929 2545 ι

365 2590 682 2662 Huiusmodi
732 2588 1014 2660 paciﬁcam
1065 2602 1374 2658 pugnavere
1429 2603 1662 2659 pugnant
1716 2589 1768 2643 in
1819 2603 1927 2653 ea;

358 2694 648 2763 propterea
686 2680 819 2769 dicit
854 2699 869 2736 :
911 2697 930 2732 ι
974 2678 1092 2733 Filii
1132 2680 1322 2733 matris
1373 2694 1506 2733 mete
1556 2688 1935 2750 pugnaverunt

365 2777 421 2832 in
457 2792 560 2833 me.
594 2794 614 2828 ι

433 2886 576 2945 XIV.
621 2887 916 2943 Posuerunt
952 2904 1033 2942 me
1070 2896 1336 2941 custoaem
1382 2886 1437 2939 in
1475 2886 1654 2938 vineis.
1720 2882 1931 2937 Vineam

365 2989 534 3032 meum
574 2992 679 3031 non
713 2977 989 3030 custodivi.

445 3068 608 3123 Vinea
648 3068 888 3138 pluribus
911 3069 1048 3125 locis
1086 3069 1141 3124 in
1181 3065 1356 3125 sacris
1394 3064 1690 3135 Scripturis
1729 3065 1929 3134 scripta

2038 1958 2152 2011 νίου
2188 1956 2462 2027 βασιλείας
2494 1958 2665 2021 υἱοὺς,
2690 1956 2817 2018 τοὺς
2842 1954 3171 2016 ἀποστόλους
3199 1947 3612 2027 λέγειν.”1ναδέ

2040 2048 2353 2117 σαφέστατα
2376 2047 2560 2118 δειχθῇ
2594 2047 2705 2118 (93)
2736 2046 2946 2118 ἀγαθήν
2990 2061 3049 2098 τε
3081 2044 3176 2097 καὶ
3226 2041 3397 2112 καλὴν
3428 2039 3610 2110 μάχην

2038 2136 2133 2190 καὶ
2162 2136 2383 2207 εἰρήνης
2415 2134 2782 2206 παρεκτικὴν,
2829 2135 2924 2187 καὶ
2958 2132 3120 2204 ζήλου
3152 2131 3492 2202 ἐμπνέουσαν
3519 2129 3609 2180 ἐν-

2038 2228 2185 2292 θέου,
2230 2226 2393 2298 βλέπε
2414 2227 2468 2280 τί
2500 2227 2711 2291 Παῦλος
2741 2226 2916 2295 λέγει·
2952 2244 2970 2276 ι
3012 2222 3358 2295 Ἔμπροσθεν
3387 2222 3608 2275 πάντων

2037 2318 2187 2374 εἷπον
2224 2319 2302 2391 τῷ
2331 2321 2498 2392 Κηφᾷ
2519 2335 2533 2349 '
2573 2321 2638 2373 Ei.
2676 2320 2740 2373 σὺ
2777 2319 3024 2383 Ἰουδαῖος
3049 2318 3328 2391 ὑπάρχων,
3351 2311 3603 2376 ἐθνικῶς,

2036 2413 2129 2466 καὶ
2166 2413 2266 2466 οὐκ
2299 2412 2621 2477 Ἰουδαϊκῶς,
2652 2412 2751 2484 ζῇν
2778 2412 3087 2483 προῄρησαι
3127 2410 3238 2480 (94)
3259 2408 3344 2461 διὰ
3371 2406 3609 2479 Χριστὸν

2035 2507 2131 2557 καλ⁵
2161 2503 2259 2575 τὴν
2284 2503 2569 2575 οἰκοδομὴν
2597 2503 2705 2558 τῶν
2722 2503 2949 2565 πιστῶν,
2981 2502 3098 2565 πῶς
3118 2500 3185 2554 τὰ
3212 2498 3340 2570 ἔθνη
3365 2498 3610 2567 ἀναγκά-

2035 2592 2148 2657 ζεις
2193 2592 2503 2657 ἰουδαΐζεινς
2548 2611 2567 2643 ι
2606 2592 2872 2664 Τοιαύτην
2915 2592 3197 2665 εἰρηνικὴν
3267 2591 3609 2661 ἐμαχέσαντο

2037 2686 2216 2756 μάχην
2245 2686 2303 2737 ἐν
2333 2685 2471 2756 αὐτῇ
2499 2702 2512 2717 ·
2547 2685 2628 2739 διὸ
2655 2684 2836 2754 λέγει·
2868 2702 2887 2735 ι
2928 2683 3049 2737 Υἱοὶ
3074 2682 3282 2755 μητρός
3323 2699 3425 2753 μου
3468 2682 3609 2752 ἐμα-

2033 2777 2257 2849 χέσαντο
2281 2778 2339 2830 ἐν
2362 2780 2386 2830 ἐ
2376 2776 2504 2857 ⁸μοί.
2537 2796 2555 2829 ι

2104 2891 2202 2944 ΙΔ’.
2233 2892 2482 2945 Ἕθεντό
2498 2908 2576 2961 με
2598 2890 2992 2961 φυλάκισοάν
3013 2890 3085 2943 ἐν
3119 2889 3462 2961 ἀμπελῶσιο
3498 2887 3610 2943 τὸν

2031 2980 2350 3051 ἀμπελῶιά
2378 2982 2488 3053 (95)
2510 2984 2657 3052 ἐμὸν
2686 2984 2798 3036 οὐκ
2818 2982 3111 3053 ἐφύλαξα.

2114 3073 2399 3153 Ἀμπελὼν
2462 3073 2876 3145 ἀναγέγραπται
2938 3073 3178 3145 πολλαχῆ
3227 3073 3326 3144 μὲν
3375 3074 3433 3126 ἐν
3484 3073 3611 3136 ταῖς

373 3163 662 3233 reperitur.
698 3157 946 3215 Breviter
976 3159 1258 3217 dicendum
1293 3169 1377 3214 est
1403 3155 1769 3225 evangelicum
1802 3153 1928 3208 illud

2045 3162 2206 3225 ὂείαις
2226 3162 2469 3234 Γραφαῖς
2488 3179 2501 3192 ·
2533 3164 2590 3215 ἐν
2618 3163 2851 3234 ἐπιτομῇ
2880 3162 2934 3216 δέ
2959 3162 3177 3216 λεκτέον
3216 3163 3275 3217 τὸ
3324 3161 3608 3232 εὐαγγελι-

367 3250 582 3308 Domini
633 3253 699 3307 de
748 3252 814 3307 iis
845 3252 937 3322 qui
994 3267 1099 3307 non
1150 3253 1281 3306 dant
1330 3250 1573 3311 fructus,
1621 3249 1687 3301 iis
1724 3246 1815 3315 qui
1856 3244 1931 3317 (a

367 3339 794 3411 patrelamilias)
853 3340 1001 3397 missi
1054 3340 1269 3396 fuerunt
1313 3356 1328 3393 :
1382 3354 1401 3387 ι
1434 3334 1623 3390 Veniet
1684 3333 1933 3388 dominus

363 3433 569 3497 vinea,
614 3443 670 3489 et
723 3433 894 3489 malos
943 3432 1084 3487 male
1132 3432 1319 3502 perdet
1373 3428 1560 3500 ipsos,
1613 3435 1669 3483 et
1722 3426 1931 3481 vineam

368 3522 569 3580 Iocabit
596 3523 719 3580 aliis
750 3523 1004 3595 agricolis
1034 3524 1124 3591 qui
1176 3523 1402 3577 reddent
1447 3520 1652 3573 fructus
1697 3527 1935 3587 tempore

364 3630 466 3672 suo
498 3616 570 3672 ⁸⁸.
608 3634 628 3668 ι
677 3616 980 3671 Conﬁrmat
1040 3625 1219 3669 autem
1282 3611 1537 3667 Dominus
1590 3610 1831 3675 dictum,
1881 3619 1936 3664 et

363 3706 549 3761 subdit
583 3706 770 3761 dicens
801 3707 869 3760 ad
904 3719 998 3759 eos
1026 3723 1040 3761 :
1080 3721 1100 3755 ι
1136 3704 1424 3756 Auferetur
1456 3716 1485 3752 a
1521 3700 1677 3754 vobis
1709 3713 1934 3769 regnum

366 3794 462 3849 Dei
493 3794 565 3852 ".
603 3812 623 3847 ι
687 3793 888 3848 Deinde
936 3793 1170 3862 loquitur
1224 3793 1290 3846 dc
1338 3792 1438 3845 hac
1489 3804 1714 3861 Sponsa,
1771 3803 1933 3859 quam

364 3884 514 3940 novit
559 3883 614 3939 in
660 3883 903 3940 Canticis
948 3884 1285 3938 canticorum
1341 3896 1463 3935 cunt
1513 3896 1572 3935 se
1613 3881 1729 3949 ipso
1763 3879 1932 3933 collo-

360 3976 550 4047 quium
585 3975 789 4031 habere
821 3993 835 4029 :
870 3993 889 4027 ι
926 3974 992 4029 Ει
1023 3974 1239 4027 dabitur
1274 3974 1423 4043 genti
1462 3973 1680 4028 facienti
1722 3969 1933 4025 fructus

360 4069 480 4139 ejus
510 4068 581 4123 “.
612 4085 632 4121 ι
662 4067 786 4124 [late
836 4067 907 4122 ab
957 4067 1215 4136 apostolis
1268 4066 1489 4135 ponitur
1537 4066 1590 4119 in
1653 4066 1755 4120 bac
1807 4062 1930 4118 ﬁdei

363 4159 519 4216 vinea
574 4167 759 4215 custos
818 4157 1026 4212 fructus
1086 4157 1286 4212 multos
1351 4169 1600 4211 racemos
1659 4154 1926 4209 habentis.

366 4268 387 4301 ι
430 4248 731 4306 Posuerunt
768 4263 856 4304 me
881 4249 1160 4304 custodem
1200 4248 1253 4301 in
1291 4247 1468 4301 vinea.
1501 4264 1521 4298 ι
1558 4243 1761 4299 Deinde
1794 4257 1926 4298 con-

361 4341 649 4399 fessionem
745 4356 901 4396 suam
963 4340 1185 4410 exponit
1245 4337 1549 4393 Judarorum
1618 4349 1924 4409 synagoga,

360 4432 583 4502 ipsaque
631 4430 854 4498 fatetur,
907 4447 966 4486 se
1012 4448 1041 4486 a
1084 4430 1284 4486 Judzeis
1316 4431 1384 4485 ad
1426 4438 1670 4484 sanctam
1713 4428 1927 4484 venisse

2036 3254 2130 3308 κδν
2162 3254 2337 3307 ἐκεῖνο
2363 3254 2566 3325 Κυρίου
2609 3253 2722 3325 (96)
2752 3254 2881 3326 περὶ
2924 3253 3031 3307 τῶν
3069 3254 3143 3324 μὴ
3181 3252 3430 3307 διδόντων
3479 3254 3611 3318 τοῖς

2035 3343 2283 3415 καρποὺς
2316 3346 2427 3407 τοῖς
2470 3344 2882 3398 ἀποσταλεῖσιψ
2921 3363 2942 3396 ι
2996 3343 3303 3407 Ἐλεύσεται
3335 3343 3364 3395 ὁ
3417 3343 3611 3416 κύριος

2034 3434 2126 3487 τοῦ
2153 3434 2495 3504 ἀμπελῶνος,
2528 3436 2622 3489 καὶ
2643 3436 2846 3499 κακοὺς
2869 3435 3054 3499 κακῶς
3083 3435 3338 3489 ἀπολέσει
3371 3436 3605 3500 αὐτούς’

2035 3526 2128 3578 καὶ
2156 3526 2245 3578 τὸν
2266 3525 2565 3596 ἀμπελῶνα
2608 3525 2904 3580 ἐκδώσεται
2949 3525 3129 3589 ἄλλοις
3159 3529 3445 3597 γεωργοῖς,
3475 3525 3592 3578 οἶτιι

2035 3632 2123 3678 νες
2160 3612 2390 3668 δώσουσι
2430 3616 2556 3678 τοὺς
2596 3617 2841 3686 καρποὺς
2865 3617 2923 3668 ἐν
2956 3618 3068 3679 τοῖς
3101 3619 3312 3688 καιροῖς
3337 3616 3538 3671 αὐτῶν.
3578 3634 3601 3669 ι

2046 3704 2103 3756 '0
2145 3703 2201 3757 δὲ
2245 3701 2448 3775 Κύριος
2494 3702 2702 3773 βεϐαιοῖ
2735 3703 2795 3756 τὸ
2839 3706 3011 3775 ῥῆμα,
3057 3708 3154 3757 καὶ
3197 3706 3391 3774 ἐπάγει
3430 3703 3608 3773 λέγων

2034 3795 2170 3867 πρὸς
2189 3796 2458 3859 ἐκείνους·
2498 3812 2518 3846 ι
2571 3793 2894 3867 Ἀρθήσεται
2928 3796 3020 3866 ἀφ’
3064 3795 3220 3868 ὑμῶν
3260 3798 3293 3869 ή
3357 3796 3606 3867 βασιλεία

2032 3885 2126 3939 τοῦ
2157 3884 2314 3939 Θεοῦ.
2348 3905 2367 3937 ι
2395 3885 2505 3939 Καὶ
2540 3884 2693 3955 λέγει
2724 3888 2854 3958 περὶ
2887 3886 3110 3958 ταύτης,
3142 3881 3212 3960 ἦς
3239 3884 3349 3941 οἶδε
3381 3887 3606 3960 νύμφης

2032 3972 2135 4042 τῆς
2164 3974 2223 4024 ἐν
2255 3972 2526 4044 ’ᾼσμασιν
2551 3973 2698 4045 αῦτῷ
2738 3976 3199 4047 προσομιλούσηςο
3234 3996 3252 4028 ι
3289 3977 3398 4030 Καὶ
3422 3976 3601 4049 δωθή;

2035 4078 2185 4116 σεται
2220 4062 2359 4116 ἔθνει
2380 4064 2457 4135 τῷ
2482 4064 2721 4118 ποιοῦντι
2752 4068 2876 4129 τοὺς
2908 4068 3156 4138 καρποὺς
3192 4067 3377 4120 αὑτοῦ.
3404 4087 3423 4119 ι
3447 4067 3601 4142 Αὕτη

2031 4152 2138 4206 ὑπὸ
2164 4153 2273 4208 τῶν
2302 4155 2613 4209 ἀποστόλων
2641 4155 2848 4209 τίθεται
2886 4156 3194 4227 φυλάκισσα
3228 4159 3285 4210 ἐν
3314 4157 3601 4229 ἀμπελῶνι

2028 4245 2203 4317 τούτῳ
2229 4246 2328 4318 τῆς
2356 4247 2590 4311 πίστεως
2610 4246 2932 4319 πολυϐότρυῖ
2966 4247 3181 4320 καρπῷ.
3222 4266 3242 4300 ι
3276 4249 3498 4303 Ἕθεντό
3529 4268 3599 4321 με

2031 4334 2372 4403 φυλάκισσαν
2403 4339 2462 4391 ἐν
2490 4338 2791 4409 ἀμπελῶνι.
2825 4358 2843 4391 ι
2878 4335 3013 4393 Εἶτα
3055 4338 3518 4411 ἐξομολογουμένη
3562 4343 3599 4412 ὴ

2042 4428 2312 4481 Ἰουδαίων
2347 4430 2659 4500 συναγωγὴ,
2685 4430 2779 4483 καὶ
2814 4429 2950 4499 αὐτὴ
2984 4430 3235 4501 ὁμολογεῖ
3263 4431 3339 4494 ὡς
3367 4431 3599 4486 ἐλθοῦσα

359 4522 698 4590 Ecclesiam,
755 4534 813 4581 et
863 4524 986 4578 ait:
1021 4540 1040 4575 ι
1073 4523 1297 4577 Vineam
1356 4536 1528 4577 meam
1585 4536 1692 4574 non
1739 4529 1921 4574 custo-

2045 4519 2138 4572 irch
2182 4519 2452 4574 Ἰουδαίων
2473 4523 2551 4585 εἰς
2578 4524 2674 4593 τὴν
2699 4522 2860 4591 ἀγίαν
2906 4522 3253 4593 Ἐκκλησίαν,
3286 4523 3380 4578 καί
3421 4541 3596 4594 φησι⁸

356 4614 515 4671 divi:
549 4633 570 4669 ι
601 4614 656 4672 id
686 4625 803 4681 est,
835 4629 957 4685 quae
1002 4615 1059 4670 in
1106 4613 1222 4683 lege
1268 4622 1430 4667 antea
1476 4620 1743 4682 praecepta
1803 4610 1919 4666 l'uc‘

2033 4630 2052 4663 ι
2092 4612 2195 4665 Τὸν
2215 4612 2508 4684 ἀμπελῶνα
2540 4615 2671 4685 ἐμὸν
2702 4615 2802 4668 οὐκ
2821 4614 3086 4685 ἐφύλαξα·
3122 4637 3140 4669 ι
3177 4616 3314 4689 ὅπερ
3342 4617 3459 4670 ἐστι
3480 4617 3600 4672 ’Τά

425 4812 474 4847 ³⁸
509 4811 831 4884 ῐξειιιεκιιν,
865 4790 919 4867 δέ
996 4811 1042 4843 ⁸⁸
1089 4809 1229 4864 Psal.
1259 4825 1332 4872 tv,
1360 4809 1416 4863 7.
1492 4809 1539 4841 "
1579 4807 1721 4863 l'sal.
1758 4824 1920 4863 um

2045 4809 2112 4863 Π.
2188 4815 2233 4847 ⁵⁷
2267 4811 2440 4868 Galat.
2490 4831 2552 4877 ιι,
2587 4815 2674 4870 Η.
2752 4815 2800 4847 ⁸⁸
2840 4814 3030 4872 Matth.
3065 4832 3180 4884 χιιι,
3209 4817 3300 4873 41.
3376 4817 3423 4851 ³⁹
3461 4818 3596 4875 ibid.

356 4884 450 4942 45.
526 4883 573 4914 ⁸⁸
610 4883 742 4937 ibid.

427 5061 557 5145 (99)!
581 5064 651 5118 Ei
677 5060 791 5133 γὰρ
821 5063 1129 5145 αισθητόη.
1178 5061 1300 5145 ραις
1330 5061 1581 5145 barbare
1762 5062 1923 5143 vertit

2090 5061 2595 5141 (99.)_Omnes_quos
2630 5063 2790 5141 vidi,_
2817 5064 3168 5132 manuscripti
3213 5064 3416 5141 habent
3463 5071 3595 5141 σκιᾷ

357 5129 467 5191 vet.
488 5129 772 5208 interpres,
798 5146 855 5187 ttt
874 5129 1063 5208 canon
1092 5132 1247 5208 facile
1270 5131 1533 5208 intelligas
1556 5147 1568 5182 :
1591 5149 1610 5182 ι
1636 5129 1748 5183 Νοη
1777 5132 1919 5208 enim

2045 5129 2395 5208 'pecpg'dusvm.
2431 5129 2735 5208 Legendum
2768 5132 3002 5208 fortasse
3032 5129 3552 5208 cx'tzspacpodpevm.

356 5213 475 5260 erat
512 5199 767 5272 sensibile
810 5204 952 5272 quod
997 5200 1355 5272 dicebat,_sed
1394 5202 1460 5253 de
1491 5199 1595 5272 isto
1626 5209 1744 5272 erat
1785 5200 1919 5272 sole,

2095 5203 2206 5272 (95)
2242 5203 2334 5256 Sic
2376 5203 2678 5264 emendavi.
2721 5219 2842 5257 cum
2881 5203 3043 5257 Barh.
3091 5214 3147 5258 et
3189 5203 3389 5262 νηιιίςξ
3424 5209 3590 5262 habe-

355 5273 497 5345 quod
527 5269 1024 5345 loqttebatur._Nam
1063 5284 1168 5324 non
1201 5269 1421 5332 diceret,
1441 5287 1478 5345 ἢ(
1500 5271 1629 5345 quia
1674 5270 1921 5345 despexit
2020 5269 2137 5345 rent
2162 5272 2355 5345 λεχθῇ.
2379 5283 2446 5345 Δοι
2487 5274 2669 5345 itidem
2699 5272 2888 5345 Theat.

356 5338 442 5398 tite
468 5340 570 5397 θοι.
597 5338 629 5394 ἰ
654 5339 772 5397 Non
800 5341 942 5396 enim
967 5339 1247 5393 fuscantur
1260 5354 1395 5408 quos
1421 5339 1648 5408 despicit
1671 5338 1753 5392 sol
1785 5339 1916 5402 iste;

2091 5342 2203 5411 (94)
2236 5340 2331 5416 §ic
2364 5341 2681 5416 legendum.
2723 5340 2885 5416 Bar_b.
2928 5345 3291 5416 προαιρεῖται.
3318 5342 3585 5403 Vallicell.

354 5411 657 5483 sedmagis,
672 5411 797 5483 dum
815 5412 1004 5465 umbra
1026 5417 1341 5483 pascuntur,
1361 5409 1701 5483 candidiores
1728 5411 1914 5461 ﬁunt»

2045 5409 2320 5483 προαιρεζς.
2362 5409 2553 5466 ΤΙιόειι.
2589 5413 2925 5483 προαιρεῖσε.

424 5476 721 5551 (9I)'Ind_e
759 5476 1301 5551 apparet__l’hi|0tiem
1367 5477 1454 5551 illa
1501 5478 1643 5551 sacri
1693 5488 1908 5551 testus;

381 5546 477 5605 οτι
507 5546 908 5630 sapimus}:
926 5546 960 5600 δ
984 5546 1625 5630 ᾖλιοςείεἰοῇιιιειιεκίξεε.
1661 5556 1719 5602 ut
1747 5548 1915 5630 interf

358 5614 601 5691 prctatur
649 5620 712 5672 D.
756 5614 1073 5700 Ambrosius
1126 5614 1366 5670 Humilia
1416 5619 1480 5699 de
1519 5614 1699 5702 Isaac,
1732 5618 1823 5699 qui
1857 5627 1917 5673 nt

355 5686 659 5744 observavit
686 5685 949 5755 Nobilius,
977 5685 1178 5745 vertit:
1214 5704 1234 5739 ι
1259 5689 1522 5755 Quoniam
1546 5703 1653 5744 non
1688 5696 1917 5745 intuitus

356 5766 438 5816 est
459 5770 546 5812 me
570 5755 670 5812 sol.
691 5773 712 5807 ι

2095 5482 2206 5555 (Q5)
2244 5481 2365 5555 lbet:
2394 5484 2554 5534 verba
2583 5482 2960 5555 ΔιιιΙιΙὶᾳιηιιιιίξι
3001 5497 3062 5537 ea
3106 5483 3371 5555 explicata
3420 5483 3590 5541 babes

2025 5550 2078 5604 in
2106 5548 2225 5604 'line
2265 5552 2429 5623 hujus
2474 5548 2883 5623 explanationis.
2920 5553 3088 5623 Vetus
3144 5548 3367 5623 interpr.
3407 5555 3479 5609 ita
3519 5569 3585 5611 ea

2025 5630 2267 5689 separata
2310 5622 2459 5689 ponit
2499 5636 2619 5673 cum
2661 5621 3057 5689 explanatione,
3094 5633 3151 5677 ttt
3183 5621 3397 5679 verSum
3437 5639 3592 5679 seor-

2026 5690 2125 5746 sim
2147 5692 2213 5741 ab
2239 5690 2357 5744 aliis
2385 5691 2731 5744 constituant.
3246 5714 3251 5719 η

2095 5759 2207 5831 (96)
2249 5758 2337 5815 Sic
2367 5759 2664 5827 legendum.
2693 5758 2827 5817 Male
2848 5761 3005 5817 Barb.
3033 5773 3086 5819 ct
3119 5762 3304 5820 Vallic.
3356 5760 3584 5834 κυρίως.
