  <div class='ocr_page' id='page_1' title='image "/cluster/home/n/w/nwhite01/storage/ocr_20150623/40/hvd.32044019207786/032.png"; bbox 0 0 3810 6368; ppageno 0'>
   <div class='ocr_carea' id='block_1_1' title="bbox 196 350 2502 427">
    <p class='ocr_par' dir='ltr' id='par_1_1' title="bbox 196 350 2502 427">
     <span class='ocr_line' id='line_1_1' title="bbox 196 350 2502 427; baseline 0.003 -10"><span class='ocrx_word' id='word_1_1' title='bbox 196 367 257 425; x_wconf 75' lang='grc'><strong>49</strong></span> <span class='ocrx_word' id='word_1_2' title='bbox 518 371 527 381; x_wconf 91' lang='grc'><strong>·</strong></span> <span class='ocrx_word' id='word_1_3' title='bbox 1089 363 1497 423; x_wconf 78' lang='lat' dir='ltr'><strong>ENARRA&#39;I‘IO</strong></span> <span class='ocrx_word' id='word_1_4' title='bbox 1532 364 1603 421; x_wconf 80' lang='lat' dir='ltr'><strong>IN</strong></span> <span class='ocrx_word' id='word_1_5' title='bbox 1638 366 1993 425; x_wconf 73' lang='lat' dir='ltr'><strong>CANTICUM</strong></span> <span class='ocrx_word' id='word_1_6' title='bbox 2030 350 2502 427; x_wconf 66' lang='lat' dir='ltr'><strong>csumonuu.</strong></span> 
     </span>
    </p>
   </div>
   <div class='ocr_carea' id='block_1_2' title="bbox 3333 373 3414 430">
    <p class='ocr_par' dir='ltr' id='par_1_2' title="bbox 3333 373 3414 430">
     <span class='ocr_line' id='line_1_2' title="bbox 3333 373 3414 430; baseline 0 0"><span class='ocrx_word' id='word_1_7' title='bbox 3333 373 3414 430; x_wconf 76' lang='lat'><strong>50</strong></span> 
     </span>
    </p>
   </div>
   <div class='ocr_carea' id='block_1_3' title="bbox 196 436 1766 556">
    <p class='ocr_par' dir='ltr' id='par_1_3' title="bbox 196 474 1744 551">
     <span class='ocr_line' id='line_1_3' title="bbox 196 474 1744 551; baseline -0.004 -12"><span class='ocrx_word' id='word_1_8' title='bbox 196 485 245 539; x_wconf 71' lang='grc' dir='ltr'><strong>ιν</strong></span> <span class='ocrx_word' id='word_1_9' title='bbox 266 479 405 551; x_wconf 81' lang='grc' dir='ltr'>νόμῳ</span> <span class='ocrx_word' id='word_1_10' title='bbox 435 475 857 549; x_wconf 81' lang='grc' dir='ltr'>προτεταγμένα</span> <span class='ocrx_word' id='word_1_11' title='bbox 899 474 1011 548; x_wconf 84' lang='lat'><strong>(97)</strong></span> <span class='ocrx_word' id='word_1_12' title='bbox 1055 475 1156 530; x_wconf 79' lang='grc' dir='ltr'><strong>οὐκ</strong></span> <span class='ocrx_word' id='word_1_13' title='bbox 1198 477 1481 549; x_wconf 73' lang='grc' dir='ltr'>ἐτήρησαο</span> <span class='ocrx_word' id='word_1_14' title='bbox 1533 479 1619 532; x_wconf 75' lang='grc' dir='ltr'>ἵνα</span> <span class='ocrx_word' id='word_1_15' title='bbox 1653 479 1744 534; x_wconf 78' lang='grc' dir='ltr'><strong>διὰ</strong></span> 
     </span>
    </p>
   </div>
   <div class='ocr_carea' id='block_1_4' title="bbox 1890 436 3409 556">
    <p class='ocr_par' dir='ltr' id='par_1_4' title="bbox 1890 480 3409 556">
     <span class='ocr_line' id='line_1_4' title="bbox 1890 480 3409 556; baseline 0.005 -20"><span class='ocrx_word' id='word_1_16' title='bbox 1890 491 1999 547; x_wconf 81' lang='lat' dir='ltr'><strong>tut,</strong></span> <span class='ocrx_word' id='word_1_17' title='bbox 2043 496 2149 537; x_wconf 89' lang='lat' dir='ltr'><strong>non</strong></span> <span class='ocrx_word' id='word_1_18' title='bbox 2197 484 2446 551; x_wconf 81' lang='lat' dir='ltr'><strong>servavi,</strong></span> <span class='ocrx_word' id='word_1_19' title='bbox 2490 490 2550 537; x_wconf 91' lang='lat' dir='ltr'><strong>ut</strong></span> <span class='ocrx_word' id='word_1_20' title='bbox 2595 494 2692 552; x_wconf 89' lang='lat' dir='ltr'><strong>per</strong></span> <span class='ocrx_word' id='word_1_21' title='bbox 2725 480 3117 540; x_wconf 68' lang='lat' dir='ltr'><strong>confessionem</strong></span> <span class='ocrx_word' id='word_1_22' title='bbox 3150 494 3409 556; x_wconf 86' lang='lat' dir='ltr'><strong>peccato-</strong></span> 
     </span>
    </p>
   </div>
   <div class='ocr_carea' id='block_1_5' title="bbox 194 566 1746 713">
    <p class='ocr_par' dir='ltr' id='par_1_5' title="bbox 194 566 1746 713">
     <span class='ocr_line' id='line_1_5' title="bbox 194 566 1746 713; baseline -0.001 -89"><span class='ocrx_word' id='word_1_23' title='bbox 194 574 276 644; x_wconf 70' lang='grc' dir='ltr'>τῆς</span> <span class='ocrx_word' id='word_1_24' title='bbox 294 569 727 713; x_wconf 50' lang='grc' dir='ltr'>ἐξομολογήσεως</span> <span class='ocrx_word' id='word_1_25' title='bbox 754 566 989 641; x_wconf 72' lang='grc' dir='ltr'><strong>ἐπιτύχῃ</strong></span> <span class='ocrx_word' id='word_1_26' title='bbox 1018 566 1127 639; x_wconf 89' lang='grc'><strong>(98)</strong></span> <span class='ocrx_word' id='word_1_27' title='bbox 1156 567 1259 639; x_wconf 79' lang='grc' dir='ltr'>τῆς</span> <span class='ocrx_word' id='word_1_28' title='bbox 1280 569 1390 623; x_wconf 82' lang='grc' dir='ltr'><strong>τῶν</strong></span> <span class='ocrx_word' id='word_1_29' title='bbox 1419 570 1746 643; x_wconf 64' lang='grc' dir='ltr'>ἁμαρτημάν</span> 
     </span>
     <span class='ocr_line' id='line_1_6' title="bbox 196 676 574 713; baseline -0.005 0"><span class='ocrx_word' id='word_1_30' title='bbox 196 680 285 713; x_wconf 71' lang='grc' dir='ltr'><strong>των</strong></span> <span class='ocrx_word' id='word_1_31' title='bbox 344 677 380 713; x_wconf 71' lang='lat' dir='ltr'><strong>cs</strong></span> <span class='ocrx_word' id='word_1_32' title='bbox 415 676 574 713; x_wconf 81' lang='grc' dir='ltr'>σεως.</span> 
     </span>
    </p>
   </div>
   <div class='ocr_carea' id='block_1_6' title="bbox 196 676 574 729">
    <p class='ocr_par' dir='ltr' id='par_1_6' title="bbox 196 676 574 729">
     <span class='ocr_line' id='line_1_7' title="bbox 196 676 574 729; baseline -0.013 -13"><span class='ocrx_word' id='word_1_33' title='bbox 196 680 285 716; x_wconf 82' lang='grc' dir='ltr'><strong>των</strong></span> <span class='ocrx_word' id='word_1_34' title='bbox 308 676 574 729; x_wconf 77' lang='grc' dir='ltr'>αφεσεως.</span> 
     </span>
    </p>
   </div>
   <div class='ocr_carea' id='block_1_7' title="bbox 253 730 1747 818">
    <p class='ocr_par' dir='ltr' id='par_1_7' title="bbox 253 730 1747 818">
     <span class='ocr_line' id='line_1_8' title="bbox 253 730 1747 818; baseline -0.002 -13"><span class='ocrx_word' id='word_1_35' title='bbox 253 750 338 805; x_wconf 87' lang='lat' dir='ltr'><strong>lE&#39;.</strong></span> <span class='ocrx_word' id='word_1_36' title='bbox 362 750 457 803; x_wconf 84' lang='grc' dir='ltr'>Στ.</span> <span class='ocrx_word' id='word_1_37' title='bbox 497 747 575 812; x_wconf 84' lang='grc' dir='ltr'><strong>ς’.</strong></span> <span class='ocrx_word' id='word_1_38' title='bbox 624 746 1007 817; x_wconf 69' lang='grc' dir='ltr'><strong>Ἁπάγγειλόν</strong></span> <span class='ocrx_word' id='word_1_39' title='bbox 1048 762 1173 818; x_wconf 83' lang='grc' dir='ltr'>μοι,</span> <span class='ocrx_word' id='word_1_40' title='bbox 1228 746 1303 802; x_wconf 77' lang='grc' dir='ltr'><strong>ὃν</strong></span> <span class='ocrx_word' id='word_1_41' title='bbox 1348 730 1668 818; x_wconf 69' lang='grc' dir='ltr'><strong>ἠτάπήσεν</strong></span> <span class='ocrx_word' id='word_1_42' title='bbox 1706 749 1747 817; x_wconf 75' lang='grc' dir='ltr'><strong><em>ἠ</em></strong></span> 
     </span>
    </p>
   </div>
   <div class='ocr_carea' id='block_1_8' title="bbox 198 839 1752 911">
    <p class='ocr_par' dir='ltr' id='par_1_8' title="bbox 198 839 1752 911">
     <span class='ocr_line' id='line_1_9' title="bbox 198 839 1752 911; baseline 0.001 -17"><span class='ocrx_word' id='word_1_43' title='bbox 198 840 340 911; x_wconf 52' lang='grc' dir='ltr'><strong>ψυχή</strong></span> <span class='ocrx_word' id='word_1_44' title='bbox 367 857 514 910; x_wconf 84' lang='grc' dir='ltr'>μου,</span> <span class='ocrx_word' id='word_1_45' title='bbox 550 839 673 894; x_wconf 76' lang='grc' dir='ltr'>ποῦ</span> <span class='ocrx_word' id='word_1_46' title='bbox 706 841 1062 910; x_wconf 75' lang='grc' dir='ltr'>ποιμαίνει-ις,</span> <span class='ocrx_word' id='word_1_47' title='bbox 1081 840 1201 896; x_wconf 80' lang='grc' dir='ltr'>ποῦ</span> <span class='ocrx_word' id='word_1_48' title='bbox 1224 839 1511 909; x_wconf 81' lang='grc' dir='ltr'>κοιτάζεις</span> <span class='ocrx_word' id='word_1_49' title='bbox 1542 842 1613 896; x_wconf 85' lang='grc' dir='ltr'><strong>ἐν</strong></span> <span class='ocrx_word' id='word_1_50' title='bbox 1646 857 1752 911; x_wconf 81' lang='grc' dir='ltr'><strong>με·</strong></span> 
     </span>
    </p>
   </div>
   <div class='ocr_carea' id='block_1_9' title="bbox 197 929 449 999">
    <p class='ocr_par' dir='ltr' id='par_1_9' title="bbox 197 929 449 999">
     <span class='ocr_line' id='line_1_10' title="bbox 197 929 449 999; baseline -0.012 0"><span class='ocrx_word' id='word_1_51' title='bbox 197 929 449 999; x_wconf 46' lang='lat' dir='ltr'><strong>maele-</strong></span> 
     </span>
    </p>
   </div>
   <div class='ocr_carea' id='block_1_10' title="bbox 266 1020 1751 1093">
    <p class='ocr_par' dir='ltr' id='par_1_10' title="bbox 266 1020 1751 1093">
     <span class='ocr_line' id='line_1_11' title="bbox 266 1020 1751 1093; baseline 0.001 -18"><span class='ocrx_word' id='word_1_52' title='bbox 266 1021 474 1092; x_wconf 60' lang='grc' dir='ltr'><strong>Ἐπειδὴ</strong></span> <span class='ocrx_word' id='word_1_53' title='bbox 502 1020 618 1092; x_wconf 82' lang='grc' dir='ltr'>γὰρ</span> <span class='ocrx_word' id='word_1_54' title='bbox 655 1021 1014 1093; x_wconf 81' lang='grc' dir='ltr'><strong>προφητικῶς</strong></span> <span class='ocrx_word' id='word_1_55' title='bbox 1044 1020 1138 1075; x_wconf 76' lang='grc' dir='ltr'><strong>καὶ</strong></span> <span class='ocrx_word' id='word_1_56' title='bbox 1171 1022 1230 1075; x_wconf 79' lang='grc' dir='ltr'>ὲν</span> <span class='ocrx_word' id='word_1_57' title='bbox 1256 1021 1419 1076; x_wconf 74' lang='grc' dir='ltr'>Δασὶδ</span> <span class='ocrx_word' id='word_1_58' title='bbox 1443 1022 1751 1076; x_wconf 79' lang='grc' dir='ltr'>ἀποτυποῦ-</span> 
     </span>
    </p>
   </div>
   <div class='ocr_carea' id='block_1_11' title="bbox 200 1109 1748 1182">
    <p class='ocr_par' dir='ltr' id='par_1_11' title="bbox 200 1109 1748 1182">
     <span class='ocr_line' id='line_1_12' title="bbox 200 1109 1748 1182; baseline 0 -19"><span class='ocrx_word' id='word_1_59' title='bbox 200 1126 271 1163; x_wconf 64' lang='lat' dir='ltr'><strong>tat</strong></span> <span class='ocrx_word' id='word_1_60' title='bbox 292 1110 383 1163; x_wconf 76' lang='grc' dir='ltr'><strong>καὶ</strong></span> <span class='ocrx_word' id='word_1_61' title='bbox 401 1110 459 1163; x_wconf 84' lang='grc' dir='ltr'>ὲν</span> <span class='ocrx_word' id='word_1_62' title='bbox 490 1110 632 1181; x_wconf 73' lang='grc' dir='ltr'>αὐτῇ</span> <span class='ocrx_word' id='word_1_63' title='bbox 654 1109 717 1163; x_wconf 82' lang='grc' dir='ltr'>τὸ</span> <span class='ocrx_word' id='word_1_64' title='bbox 746 1109 898 1181; x_wconf 81' lang='grc' dir='ltr'><strong>ῥῆμα</strong></span> <span class='ocrx_word' id='word_1_65' title='bbox 920 1124 935 1139; x_wconf 86' lang='grc'><strong>·</strong></span> <span class='ocrx_word' id='word_1_66' title='bbox 974 1128 995 1162; x_wconf 83' lang='grc' dir='ltr'><strong>ι</strong></span> <span class='ocrx_word' id='word_1_67' title='bbox 1038 1110 1336 1181; x_wconf 80' lang='grc' dir='ltr'>Ἀγαπήσω</span> <span class='ocrx_word' id='word_1_68' title='bbox 1370 1127 1451 1176; x_wconf 81' lang='grc' dir='ltr'>σε,</span> <span class='ocrx_word' id='word_1_69' title='bbox 1487 1109 1680 1181; x_wconf 83' lang='grc' dir='ltr'>Κύριε,</span> <span class='ocrx_word' id='word_1_70' title='bbox 1714 1115 1748 1182; x_wconf 77' lang='grc' dir='ltr'>ἡ</span> 
     </span>
    </p>
   </div>
   <div class='ocr_carea' id='block_1_12' title="bbox 203 1195 1751 1269">
    <p class='ocr_par' dir='ltr' id='par_1_12' title="bbox 203 1195 1751 1269">
     <span class='ocr_line' id='line_1_13' title="bbox 203 1195 1751 1269; baseline 0.001 -20"><span class='ocrx_word' id='word_1_71' title='bbox 203 1198 328 1268; x_wconf 74' lang='grc' dir='ltr'>ἰσχύς</span> <span class='ocrx_word' id='word_1_72' title='bbox 360 1214 461 1266; x_wconf 83' lang='grc' dir='ltr'><strong>μου</strong></span> <span class='ocrx_word' id='word_1_73' title='bbox 480 1213 497 1226; x_wconf 78' lang='grc'><em>’</em></span> <span class='ocrx_word' id='word_1_74' title='bbox 531 1216 550 1250; x_wconf 78' lang='grc' dir='ltr'><strong>ι</strong></span> <span class='ocrx_word' id='word_1_75' title='bbox 590 1197 688 1251; x_wconf 78' lang='grc' dir='ltr'><strong>καὶ</strong></span> <span class='ocrx_word' id='word_1_76' title='bbox 709 1196 849 1268; x_wconf 82' lang='grc' dir='ltr'>αὐτὴ</span> <span class='ocrx_word' id='word_1_77' title='bbox 874 1196 931 1249; x_wconf 83' lang='grc' dir='ltr'><strong>δὲ</strong></span> <span class='ocrx_word' id='word_1_78' title='bbox 957 1195 1271 1269; x_wconf 78' lang='grc' dir='ltr'><strong>κατηξιώθη</strong></span> <span class='ocrx_word' id='word_1_79' title='bbox 1298 1196 1751 1268; x_wconf 81' lang='grc' dir='ltr'>προαγαπηθεῑσα</span> 
     </span>
    </p>
   </div>
   <div class='ocr_carea' id='block_1_13' title="bbox 202 1286 1751 1361">
    <p class='ocr_par' dir='ltr' id='par_1_13' title="bbox 202 1286 1751 1361">
     <span class='ocr_line' id='line_1_14' title="bbox 202 1286 1751 1361; baseline 0.002 -21"><span class='ocrx_word' id='word_1_80' title='bbox 202 1287 287 1341; x_wconf 74' lang='grc' dir='ltr'><strong>ὑπὸ</strong></span> <span class='ocrx_word' id='word_1_81' title='bbox 323 1286 418 1340; x_wconf 76' lang='grc' dir='ltr'>τοῦ</span> <span class='ocrx_word' id='word_1_82' title='bbox 465 1288 678 1359; x_wconf 81' lang='grc' dir='ltr'><strong>Κυρίου</strong></span> <span class='ocrx_word' id='word_1_83' title='bbox 738 1288 1024 1359; x_wconf 79' lang='grc' dir='ltr'>ἀγαπῆσαι</span> <span class='ocrx_word' id='word_1_84' title='bbox 1083 1288 1177 1342; x_wconf 75' lang='grc' dir='ltr'><strong>τὸν</strong></span> <span class='ocrx_word' id='word_1_85' title='bbox 1222 1288 1448 1360; x_wconf 82' lang='grc' dir='ltr'>Κύριον,</span> <span class='ocrx_word' id='word_1_86' title='bbox 1494 1288 1569 1353; x_wconf 82' lang='grc' dir='ltr'>ὥς</span> <span class='ocrx_word' id='word_1_87' title='bbox 1619 1307 1751 1361; x_wconf 71' lang='grc' dir='ltr'>φησι</span> 
     </span>
    </p>
   </div>
   <div class='ocr_carea' id='block_1_14' title="bbox 205 1376 1749 1450">
    <p class='ocr_par' dir='ltr' id='par_1_14' title="bbox 205 1376 1749 1450">
     <span class='ocr_line' id='line_1_15' title="bbox 205 1376 1749 1450; baseline 0 -19"><span class='ocrx_word' id='word_1_88' title='bbox 205 1377 387 1442; x_wconf 75' lang='grc' dir='ltr'>Παῦλος</span> <span class='ocrx_word' id='word_1_89' title='bbox 419 1376 531 1448; x_wconf 75' lang='lat'><strong>(99)</strong></span> <span class='ocrx_word' id='word_1_90' title='bbox 551 1395 566 1408; x_wconf 80' lang='lat'>&#39;</span> <span class='ocrx_word' id='word_1_91' title='bbox 605 1397 624 1430; x_wconf 81' lang='grc' dir='ltr'>ι</span> <span class='ocrx_word' id='word_1_92' title='bbox 650 1377 762 1448; x_wconf 79' lang='grc' dir='ltr'><strong>Οὐχ</strong></span> <span class='ocrx_word' id='word_1_93' title='bbox 786 1380 870 1431; x_wconf 82' lang='grc' dir='ltr'>ὃτι</span> <span class='ocrx_word' id='word_1_94' title='bbox 898 1380 1059 1450; x_wconf 81' lang='grc' dir='ltr'><strong>ἡμεῖς</strong></span> <span class='ocrx_word' id='word_1_95' title='bbox 1096 1379 1466 1449; x_wconf 72' lang='grc' dir='ltr'><strong>ἠγαπήσαμεν</strong></span> <span class='ocrx_word' id='word_1_96' title='bbox 1486 1379 1579 1433; x_wconf 81' lang='grc' dir='ltr'>τὸν</span> <span class='ocrx_word' id='word_1_97' title='bbox 1593 1378 1749 1442; x_wconf 79' lang='grc' dir='ltr'>Θεὸν,</span> 
     </span>
    </p>
   </div>
   <div class='ocr_carea' id='block_1_15' title="bbox 203 1467 1753 1541">
    <p class='ocr_par' dir='ltr' id='par_1_15' title="bbox 203 1467 1753 1541">
     <span class='ocr_line' id='line_1_16' title="bbox 203 1467 1753 1541; baseline 0 -19"><span class='ocrx_word' id='word_1_98' title='bbox 320 1470 404 1522; x_wconf 82' lang='grc' dir='ltr'><strong>ὅτι</strong></span> <span class='ocrx_word' id='word_1_99' title='bbox 425 1467 589 1531; x_wconf 73' lang='grc' dir='ltr'>αὐτὸς</span> <span class='ocrx_word' id='word_1_100' title='bbox 616 1469 903 1539; x_wconf 68' lang='grc' dir='ltr'>ἠγάπησεν</span> <span class='ocrx_word' id='word_1_101' title='bbox 945 1471 1114 1541; x_wconf 79' lang='grc' dir='ltr'>ἡμᾶς,</span> <span class='ocrx_word' id='word_1_102' title='bbox 1156 1471 1252 1523; x_wconf 77' lang='grc' dir='ltr'><strong>καὶ</strong></span> <span class='ocrx_word' id='word_1_103' title='bbox 1279 1470 1595 1541; x_wconf 84' lang='grc' dir='ltr'>παρέδωκεν</span> <span class='ocrx_word' id='word_1_104' title='bbox 1624 1471 1753 1523; x_wconf 76' lang='grc' dir='ltr'>ἑαυ-</span> 
     </span>
    </p>
   </div>
   <div class='ocr_carea' id='block_1_16' title="bbox 204 1559 1755 1633">
    <p class='ocr_par' dir='ltr' id='par_1_16' title="bbox 204 1559 1755 1633">
     <span class='ocr_line' id='line_1_17' title="bbox 204 1559 1755 1633; baseline 0.001 -21"><span class='ocrx_word' id='word_1_105' title='bbox 204 1559 275 1613; x_wconf 67' lang='grc' dir='ltr'>τὸν</span> <span class='ocrx_word' id='word_1_106' title='bbox 298 1560 432 1632; x_wconf 79' lang='grc' dir='ltr'>ὑπὲρ</span> <span class='ocrx_word' id='word_1_107' title='bbox 472 1559 634 1631; x_wconf 74' lang='grc' dir='ltr'>ἡμῶν</span> <span class='ocrx_word' id='word_1_108' title='bbox 654 1578 669 1593; x_wconf 67' lang='grc' dir='ltr'><strong><em>ο</em></strong></span> <span class='ocrx_word' id='word_1_109' title='bbox 702 1579 721 1613; x_wconf 77' lang='grc' dir='ltr'><strong>ι</strong></span> <span class='ocrx_word' id='word_1_110' title='bbox 754 1560 842 1614; x_wconf 82' lang='grc' dir='ltr'><strong>διὰ</strong></span> <span class='ocrx_word' id='word_1_111' title='bbox 868 1560 1026 1614; x_wconf 77' lang='grc' dir='ltr'>τοῦτο</span> <span class='ocrx_word' id='word_1_112' title='bbox 1080 1560 1428 1633; x_wconf 61' lang='grc' dir='ltr'>ἀγαπηθεᾶτα</span> <span class='ocrx_word' id='word_1_113' title='bbox 1467 1562 1755 1633; x_wconf 77' lang='grc' dir='ltr'>ἀνταγαπᾷ</span> 
     </span>
    </p>
   </div>
   <div class='ocr_carea' id='block_1_17' title="bbox 204 1651 1751 1723">
    <p class='ocr_par' dir='ltr' id='par_1_17' title="bbox 204 1651 1751 1723">
     <span class='ocr_line' id='line_1_18' title="bbox 204 1651 1751 1723; baseline 0 -19"><span class='ocrx_word' id='word_1_114' title='bbox 204 1651 444 1720; x_wconf 76' lang='grc' dir='ltr'>καὶλέγει</span> <span class='ocrx_word' id='word_1_115' title='bbox 464 1668 480 1682; x_wconf 90' lang='grc'><strong>·</strong></span> <span class='ocrx_word' id='word_1_116' title='bbox 516 1671 535 1703; x_wconf 81' lang='grc' dir='ltr'><strong>ι</strong></span> <span class='ocrx_word' id='word_1_117' title='bbox 578 1651 939 1721; x_wconf 81' lang='grc' dir='ltr'><strong>Ἀπάγγειλόν</strong></span> <span class='ocrx_word' id='word_1_118' title='bbox 975 1669 1086 1723; x_wconf 86' lang='grc' dir='ltr'>μοι,</span> <span class='ocrx_word' id='word_1_119' title='bbox 1116 1651 1175 1705; x_wconf 84' lang='grc' dir='ltr'>ὃν</span> <span class='ocrx_word' id='word_1_120' title='bbox 1201 1654 1487 1723; x_wconf 69' lang='grc' dir='ltr'>ἠγάπησεν</span> <span class='ocrx_word' id='word_1_121' title='bbox 1539 1653 1574 1722; x_wconf 83' lang='grc' dir='ltr'>ὴ</span> <span class='ocrx_word' id='word_1_122' title='bbox 1607 1652 1751 1723; x_wconf 72' lang='grc' dir='ltr'>ψυχή</span> 
     </span>
    </p>
   </div>
   <div class='ocr_carea' id='block_1_18' title="bbox 207 1740 1748 1813">
    <p class='ocr_par' dir='ltr' id='par_1_18' title="bbox 207 1740 1748 1813">
     <span class='ocr_line' id='line_1_19' title="bbox 207 1740 1748 1813; baseline -0.001 -18"><span class='ocrx_word' id='word_1_123' title='bbox 207 1758 308 1813; x_wconf 82' lang='grc' dir='ltr'>μου,</span> <span class='ocrx_word' id='word_1_124' title='bbox 331 1740 432 1795; x_wconf 77' lang='grc' dir='ltr'><strong>ποῦ</strong></span> <span class='ocrx_word' id='word_1_125' title='bbox 472 1741 927 1813; x_wconf 75' lang='grc' dir='ltr'>ποιμαίνεις,ποῦ</span> <span class='ocrx_word' id='word_1_126' title='bbox 954 1740 1225 1806; x_wconf 73' lang='grc' dir='ltr'><strong>κοιτάξεις</strong></span> <span class='ocrx_word' id='word_1_127' title='bbox 1254 1743 1314 1794; x_wconf 83' lang='grc' dir='ltr'>ὲν</span> <span class='ocrx_word' id='word_1_128' title='bbox 1350 1741 1695 1813; x_wconf 77' lang='grc' dir='ltr'>μεσημϐρίᾳ·</span> <span class='ocrx_word' id='word_1_129' title='bbox 1730 1759 1748 1793; x_wconf 75' lang='grc' dir='ltr'><strong>ι</strong></span> 
     </span>
    </p>
   </div>
   <div class='ocr_carea' id='block_1_19' title="bbox 1849 574 2804 643">
    <p class='ocr_par' dir='ltr' id='par_1_19' title="bbox 1849 574 2804 643">
     <span class='ocr_line' id='line_1_20' title="bbox 1849 574 2804 643; baseline -0.001 -14"><span class='ocrx_word' id='word_1_130' title='bbox 1849 587 1970 629; x_wconf 86' lang='lat' dir='ltr'><strong>rum</strong></span> <span class='ocrx_word' id='word_1_131' title='bbox 2015 574 2384 630; x_wconf 82' lang='lat' dir='ltr'><strong>remissionem</strong></span> <span class='ocrx_word' id='word_1_132' title='bbox 2423 581 2804 643; x_wconf 87' lang='lat' dir='ltr'><strong>consequatur.</strong></span> 
     </span>
    </p>
   </div>
   <div class='ocr_carea' id='block_1_20' title="bbox 1924 748 3377 821">
    <p class='ocr_par' dir='ltr' id='par_1_20' title="bbox 1924 748 3377 821">
     <span class='ocr_line' id='line_1_21' title="bbox 1924 748 3377 821; baseline 0.001 -16"><span class='ocrx_word' id='word_1_133' title='bbox 1924 748 2046 805; x_wconf 81' lang='lat' dir='ltr'><strong>XV.</strong></span> <span class='ocrx_word' id='word_1_134' title='bbox 2084 748 2251 807; x_wconf 67' lang='lat' dir='ltr'><strong>Vens.</strong></span> <span class='ocrx_word' id='word_1_135' title='bbox 2282 750 2336 805; x_wconf 77' lang='lat'><strong>6‘.</strong></span> <span class='ocrx_word' id='word_1_136' title='bbox 2372 751 2641 805; x_wconf 77' lang='lat' dir='ltr'><strong>Annunlia</strong></span> <span class='ocrx_word' id='word_1_137' title='bbox 2677 749 2806 804; x_wconf 81' lang='lat' dir='ltr'><strong>mihi</strong></span> <span class='ocrx_word' id='word_1_138' title='bbox 2834 766 2984 821; x_wconf 85' lang='lat' dir='ltr'><strong>quem</strong></span> <span class='ocrx_word' id='word_1_139' title='bbox 3017 750 3197 807; x_wconf 78' lang='lat' dir='ltr'><strong>dilexit</strong></span> <span class='ocrx_word' id='word_1_140' title='bbox 3230 752 3377 807; x_wconf 81' lang='lat' dir='ltr'><strong>anim</strong></span> 
     </span>
    </p>
   </div>
   <div class='ocr_carea' id='block_1_21' title="bbox 1854 840 3042 911">
    <p class='ocr_par' dir='ltr' id='par_1_21' title="bbox 1854 840 3042 911">
     <span class='ocr_line' id='line_1_22' title="bbox 1854 840 3042 911; baseline -0.003 -13"><span class='ocrx_word' id='word_1_141' title='bbox 1854 858 2004 908; x_wconf 86' lang='lat' dir='ltr'><strong>mea,</strong></span> <span class='ocrx_word' id='word_1_142' title='bbox 2040 842 2128 896; x_wconf 81' lang='lat' dir='ltr'><strong>ubi</strong></span> <span class='ocrx_word' id='word_1_143' title='bbox 2159 842 2367 911; x_wconf 85' lang='lat' dir='ltr'><strong>pascis,</strong></span> <span class='ocrx_word' id='word_1_144' title='bbox 2400 840 2489 896; x_wconf 87' lang='lat' dir='ltr'><strong>ubi</strong></span> <span class='ocrx_word' id='word_1_145' title='bbox 2512 842 2689 909; x_wconf 45' lang='lat' dir='ltr'><strong>,cubas</strong></span> <span class='ocrx_word' id='word_1_146' title='bbox 2715 841 2773 896; x_wconf 85' lang='lat' dir='ltr'><strong>in</strong></span> <span class='ocrx_word' id='word_1_147' title='bbox 2804 842 3042 896; x_wconf 77' lang='lat' dir='ltr'><strong>meridie.</strong></span> 
     </span>
    </p>
   </div>
   <div class='ocr_carea' id='block_1_22' title="bbox 1923 1017 3414 1089">
    <p class='ocr_par' dir='ltr' id='par_1_22' title="bbox 1923 1017 3414 1089">
     <span class='ocr_line' id='line_1_23' title="bbox 1923 1017 3414 1089; baseline 0.001 -15"><span class='ocrx_word' id='word_1_148' title='bbox 1923 1019 2186 1088; x_wconf 84' lang='lat' dir='ltr'><strong>Quoniam</strong></span> <span class='ocrx_word' id='word_1_149' title='bbox 2223 1019 2368 1073; x_wconf 89' lang='lat' dir='ltr'><strong>enim</strong></span> <span class='ocrx_word' id='word_1_150' title='bbox 2406 1018 2717 1089; x_wconf 78' lang='lat' dir='ltr'><strong>prophetico</strong></span> <span class='ocrx_word' id='word_1_151' title='bbox 2748 1019 3086 1088; x_wconf 82' lang='lat' dir='ltr'><strong>exprimitur,</strong></span> <span class='ocrx_word' id='word_1_152' title='bbox 3118 1027 3175 1073; x_wconf 91' lang='lat' dir='ltr'><strong>et</strong></span> <span class='ocrx_word' id='word_1_153' title='bbox 3206 1017 3264 1076; x_wconf 89' lang='lat' dir='ltr'><strong>in</strong></span> <span class='ocrx_word' id='word_1_154' title='bbox 3305 1017 3414 1075; x_wconf 83' lang='lat' dir='ltr'><strong>Da-</strong></span> 
     </span>
    </p>
   </div>
   <div class='ocr_carea' id='block_1_23' title="bbox 1851 1109 3417 1182">
    <p class='ocr_par' dir='ltr' id='par_1_23' title="bbox 1851 1109 3417 1182">
     <span class='ocr_line' id='line_1_24' title="bbox 1851 1109 3417 1182; baseline 0.001 -17"><span class='ocrx_word' id='word_1_155' title='bbox 1851 1111 1946 1167; x_wconf 88' lang='lat' dir='ltr'><strong>vid</strong></span> <span class='ocrx_word' id='word_1_156' title='bbox 1980 1121 2038 1166; x_wconf 89' lang='lat' dir='ltr'><strong>et</strong></span> <span class='ocrx_word' id='word_1_157' title='bbox 2058 1114 2110 1166; x_wconf 88' lang='lat' dir='ltr'><strong>in</strong></span> <span class='ocrx_word' id='word_1_158' title='bbox 2143 1110 2257 1180; x_wconf 87' lang='lat' dir='ltr'><strong>ipsa</strong></span> <span class='ocrx_word' id='word_1_159' title='bbox 2292 1109 2513 1166; x_wconf 82' lang='lat' dir='ltr'><strong>verbum</strong></span> <span class='ocrx_word' id='word_1_160' title='bbox 2538 1110 2665 1165; x_wconf 89' lang='lat' dir='ltr'><strong>illud</strong></span> <span class='ocrx_word' id='word_1_161' title='bbox 2698 1129 2713 1167; x_wconf 90' lang='lat'><strong>:</strong></span> <span class='ocrx_word' id='word_1_162' title='bbox 2743 1129 2763 1163; x_wconf 87' lang='grc'><strong>‹</strong></span> <span class='ocrx_word' id='word_1_163' title='bbox 2796 1111 3024 1182; x_wconf 87' lang='lat' dir='ltr'><strong>Diligam</strong></span> <span class='ocrx_word' id='word_1_164' title='bbox 3056 1119 3130 1179; x_wconf 90' lang='lat' dir='ltr'><strong>te,</strong></span> <span class='ocrx_word' id='word_1_165' title='bbox 3163 1111 3417 1180; x_wconf 87' lang='lat' dir='ltr'><strong>Domine,</strong></span> 
     </span>
    </p>
   </div>
   <div class='ocr_carea' id='block_1_24' title="bbox 1852 1201 3417 1272">
    <p class='ocr_par' dir='ltr' id='par_1_24' title="bbox 1852 1201 3417 1272">
     <span class='ocr_line' id='line_1_25' title="bbox 1852 1201 3417 1272; baseline 0.003 -18"><span class='ocrx_word' id='word_1_166' title='bbox 1852 1203 2025 1258; x_wconf 85' lang='lat' dir='ltr'><strong>virtus</strong></span> <span class='ocrx_word' id='word_1_167' title='bbox 2055 1215 2172 1257; x_wconf 87' lang='lat' dir='ltr'><strong>mea</strong></span> <span class='ocrx_word' id='word_1_168' title='bbox 2207 1201 2250 1234; x_wconf 79' lang='lat'>“</span> <span class='ocrx_word' id='word_1_169' title='bbox 2279 1242 2294 1266; x_wconf 88' lang='lat'><strong>,</strong></span> <span class='ocrx_word' id='word_1_170' title='bbox 2338 1219 2357 1254; x_wconf 74' lang='grc' dir='ltr'><strong>ι</strong></span> <span class='ocrx_word' id='word_1_171' title='bbox 2391 1202 2505 1272; x_wconf 88' lang='lat' dir='ltr'><strong>ipsa</strong></span> <span class='ocrx_word' id='word_1_172' title='bbox 2550 1217 2676 1255; x_wconf 89' lang='lat' dir='ltr'><strong>vero</strong></span> <span class='ocrx_word' id='word_1_173' title='bbox 2706 1203 2853 1271; x_wconf 83' lang='lat' dir='ltr'><strong>prius</strong></span> <span class='ocrx_word' id='word_1_174' title='bbox 2881 1203 3106 1268; x_wconf 81' lang='lat' dir='ltr'><strong>dilecta,</strong></span> <span class='ocrx_word' id='word_1_175' title='bbox 3143 1203 3299 1271; x_wconf 84' lang='lat' dir='ltr'><strong>digna</strong></span> <span class='ocrx_word' id='word_1_176' title='bbox 3329 1211 3417 1258; x_wconf 87' lang='lat' dir='ltr'><strong>est</strong></span> 
     </span>
    </p>
   </div>
   <div class='ocr_carea' id='block_1_25' title="bbox 1853 1292 3420 1363">
    <p class='ocr_par' dir='ltr' id='par_1_25' title="bbox 1853 1292 3420 1363">
     <span class='ocr_line' id='line_1_26' title="bbox 1853 1292 3420 1363; baseline 0.001 -15"><span class='ocrx_word' id='word_1_177' title='bbox 1853 1293 2035 1349; x_wconf 86' lang='lat' dir='ltr'><strong>habita</strong></span> <span class='ocrx_word' id='word_1_178' title='bbox 2084 1309 2112 1346; x_wconf 86' lang='lat' dir='ltr'><strong>a</strong></span> <span class='ocrx_word' id='word_1_179' title='bbox 2163 1293 2389 1348; x_wconf 88' lang='lat' dir='ltr'><strong>Domino</strong></span> <span class='ocrx_word' id='word_1_180' title='bbox 2431 1308 2551 1362; x_wconf 79' lang='lat' dir='ltr'><strong>qua:</strong></span> <span class='ocrx_word' id='word_1_181' title='bbox 2597 1292 2881 1348; x_wconf 91' lang='lat' dir='ltr'><strong>Dominum</strong></span> <span class='ocrx_word' id='word_1_182' title='bbox 2929 1294 3204 1363; x_wconf 84' lang='lat' dir='ltr'><strong>diligeret,</strong></span> <span class='ocrx_word' id='word_1_183' title='bbox 3239 1303 3297 1348; x_wconf 85' lang='grc' dir='ltr'><strong>ιιι</strong></span> <span class='ocrx_word' id='word_1_184' title='bbox 3342 1294 3420 1350; x_wconf 83' lang='lat' dir='ltr'><strong>ait</strong></span> 
     </span>
    </p>
   </div>
   <div class='ocr_carea' id='block_1_26' title="bbox 1854 1381 3421 1452">
    <p class='ocr_par' dir='ltr' id='par_1_26' title="bbox 1854 1381 3421 1452">
     <span class='ocr_line' id='line_1_27' title="bbox 1854 1381 3421 1452; baseline 0.002 -14"><span class='ocrx_word' id='word_1_185' title='bbox 1854 1384 2055 1438; x_wconf 84' lang='lat' dir='ltr'><strong>Paulus</strong></span> <span class='ocrx_word' id='word_1_186' title='bbox 2082 1397 2098 1437; x_wconf 89' lang='lat'><strong>:</strong></span> <span class='ocrx_word' id='word_1_187' title='bbox 2129 1401 2149 1435; x_wconf 79' lang='grc' dir='ltr'><strong>ι</strong></span> <span class='ocrx_word' id='word_1_188' title='bbox 2176 1381 2291 1437; x_wconf 88' lang='lat' dir='ltr'><strong>Non</strong></span> <span class='ocrx_word' id='word_1_189' title='bbox 2319 1385 2459 1452; x_wconf 87' lang='lat' dir='ltr'><strong>quod</strong></span> <span class='ocrx_word' id='word_1_190' title='bbox 2487 1398 2584 1438; x_wconf 92' lang='lat' dir='ltr'><strong>nos</strong></span> <span class='ocrx_word' id='word_1_191' title='bbox 2616 1383 2964 1439; x_wconf 79' lang='lat' dir='ltr'><strong>dilexerimns</strong></span> <span class='ocrx_word' id='word_1_192' title='bbox 2992 1384 3159 1437; x_wconf 88' lang='lat' dir='ltr'><strong>Deum</strong></span> <span class='ocrx_word' id='word_1_193' title='bbox 3196 1384 3242 1416; x_wconf 82' lang='lat'>&quot;</span> <span class='ocrx_word' id='word_1_194' title='bbox 3270 1403 3286 1451; x_wconf 87' lang='lat'><strong>;</strong></span> <span class='ocrx_word' id='word_1_195' title='bbox 3325 1384 3421 1441; x_wconf 85' lang='lat' dir='ltr'><strong>sed</strong></span> 
     </span>
    </p>
   </div>
   <div class='ocr_carea' id='block_1_27' title="bbox 1853 1472 3419 1543">
    <p class='ocr_par' dir='ltr' id='par_1_27' title="bbox 1853 1472 3419 1543">
     <span class='ocr_line' id='line_1_28' title="bbox 1853 1472 3419 1543; baseline 0.002 -18"><span class='ocrx_word' id='word_1_196' title='bbox 1853 1473 1979 1542; x_wconf 84' lang='lat' dir='ltr'><strong>quia</strong></span> <span class='ocrx_word' id='word_1_197' title='bbox 2012 1472 2128 1542; x_wconf 90' lang='lat' dir='ltr'><strong>ipse</strong></span> <span class='ocrx_word' id='word_1_198' title='bbox 2164 1472 2354 1527; x_wconf 79' lang='lat' dir='ltr'><strong>dilexit</strong></span> <span class='ocrx_word' id='word_1_199' title='bbox 2384 1488 2484 1526; x_wconf 87' lang='lat' dir='ltr'><strong>nos</strong></span> <span class='ocrx_word' id='word_1_200' title='bbox 2505 1515 2520 1539; x_wconf 91' lang='lat'><strong>,</strong></span> <span class='ocrx_word' id='word_1_201' title='bbox 2554 1481 2612 1527; x_wconf 89' lang='lat' dir='ltr'><strong>et</strong></span> <span class='ocrx_word' id='word_1_202' title='bbox 2643 1473 2863 1527; x_wconf 85' lang='lat' dir='ltr'><strong>tradidit</strong></span> <span class='ocrx_word' id='word_1_203' title='bbox 2893 1488 2953 1528; x_wconf 91' lang='lat' dir='ltr'><strong>se</strong></span> <span class='ocrx_word' id='word_1_204' title='bbox 2982 1473 3154 1543; x_wconf 89' lang='lat' dir='ltr'><strong>ipsum</strong></span> <span class='ocrx_word' id='word_1_205' title='bbox 3189 1487 3286 1543; x_wconf 92' lang='lat' dir='ltr'><strong>pro</strong></span> <span class='ocrx_word' id='word_1_206' title='bbox 3316 1489 3419 1529; x_wconf 84' lang='lat' dir='ltr'><strong>no-</strong></span> 
     </span>
    </p>
   </div>
   <div class='ocr_carea' id='block_1_28' title="bbox 1855 1562 3422 1632">
    <p class='ocr_par' dir='ltr' id='par_1_28' title="bbox 1855 1562 3422 1632">
     <span class='ocr_line' id='line_1_29' title="bbox 1855 1562 3422 1632; baseline 0.001 -15"><span class='ocrx_word' id='word_1_207' title='bbox 1855 1564 1938 1618; x_wconf 86' lang='lat' dir='ltr'><strong>bis</strong></span> <span class='ocrx_word' id='word_1_208' title='bbox 1977 1563 2023 1601; x_wconf 76' lang='grc'>⁸³</span> <span class='ocrx_word' id='word_1_209' title='bbox 2054 1578 2069 1629; x_wconf 91' lang='lat'><strong>;</strong></span> <span class='ocrx_word' id='word_1_210' title='bbox 2103 1583 2123 1615; x_wconf 72' lang='grc' dir='ltr'><strong>ι</strong></span> <span class='ocrx_word' id='word_1_211' title='bbox 2153 1573 2432 1632; x_wconf 81' lang='lat' dir='ltr'><strong>prOpterea</strong></span> <span class='ocrx_word' id='word_1_212' title='bbox 2467 1564 2660 1619; x_wconf 87' lang='lat' dir='ltr'><strong>dilecta</strong></span> <span class='ocrx_word' id='word_1_213' title='bbox 2703 1564 2940 1618; x_wconf 83' lang='lat' dir='ltr'><strong>vicissim</strong></span> <span class='ocrx_word' id='word_1_214' title='bbox 2985 1572 3130 1618; x_wconf 89' lang='lat' dir='ltr'><strong>amat</strong></span> <span class='ocrx_word' id='word_1_215' title='bbox 3160 1572 3214 1618; x_wconf 90' lang='lat' dir='ltr'><strong>et</strong></span> <span class='ocrx_word' id='word_1_216' title='bbox 3248 1562 3422 1618; x_wconf 80' lang='lat' dir='ltr'><strong>dicit:</strong></span> 
     </span>
    </p>
   </div>
   <div class='ocr_carea' id='block_1_29' title="bbox 1860 1652 3424 1725">
    <p class='ocr_par' dir='ltr' id='par_1_29' title="bbox 1860 1652 3424 1725">
     <span class='ocr_line' id='line_1_30' title="bbox 1860 1652 3424 1725; baseline 0.001 -18"><span class='ocrx_word' id='word_1_217' title='bbox 1860 1674 1881 1707; x_wconf 80' lang='grc' dir='ltr'><strong>ι</strong></span> <span class='ocrx_word' id='word_1_218' title='bbox 1921 1655 2117 1710; x_wconf 84' lang='lat' dir='ltr'><strong>Nuntia</strong></span> <span class='ocrx_word' id='word_1_219' title='bbox 2176 1656 2306 1710; x_wconf 88' lang='lat' dir='ltr'><strong>milti</strong></span> <span class='ocrx_word' id='word_1_220' title='bbox 2341 1695 2356 1720; x_wconf 90' lang='lat'><strong>,</strong></span> <span class='ocrx_word' id='word_1_221' title='bbox 2415 1670 2573 1725; x_wconf 83' lang='lat' dir='ltr'><strong>quem</strong></span> <span class='ocrx_word' id='word_1_222' title='bbox 2634 1654 2825 1709; x_wconf 78' lang='lat' dir='ltr'><strong>dilexit</strong></span> <span class='ocrx_word' id='word_1_223' title='bbox 2873 1655 3067 1709; x_wconf 77' lang='lat' dir='ltr'><strong>anima&#39;</strong></span> <span class='ocrx_word' id='word_1_224' title='bbox 3112 1669 3229 1709; x_wconf 90' lang='lat' dir='ltr'><strong>mea</strong></span> <span class='ocrx_word' id='word_1_225' title='bbox 3260 1695 3276 1720; x_wconf 90' lang='lat'><strong>,</strong></span> <span class='ocrx_word' id='word_1_226' title='bbox 3333 1652 3424 1708; x_wconf 87' lang='lat' dir='ltr'><strong>uhl</strong></span> 
     </span>
    </p>
   </div>
   <div class='ocr_carea' id='block_1_30' title="bbox 1857 1742 3422 1816">
    <p class='ocr_par' dir='ltr' id='par_1_30' title="bbox 1857 1742 3422 1816">
     <span class='ocr_line' id='line_1_31' title="bbox 1857 1742 3422 1816; baseline -0.002 -16"><span class='ocrx_word' id='word_1_227' title='bbox 1857 1747 2067 1816; x_wconf 81' lang='lat' dir='ltr'><strong>pascis,</strong></span> <span class='ocrx_word' id='word_1_228' title='bbox 2120 1746 2211 1800; x_wconf 91' lang='lat' dir='ltr'><strong>ubi</strong></span> <span class='ocrx_word' id='word_1_229' title='bbox 2270 1747 2439 1801; x_wconf 84' lang='lat' dir='ltr'><strong>cubas</strong></span> <span class='ocrx_word' id='word_1_230' title='bbox 2493 1746 2545 1800; x_wconf 93' lang='lat' dir='ltr'><strong>in</strong></span> <span class='ocrx_word' id='word_1_231' title='bbox 2598 1746 2857 1809; x_wconf 79' lang='lat' dir='ltr'><strong>meridie;</strong></span> <span class='ocrx_word' id='word_1_232' title='bbox 2893 1764 2912 1798; x_wconf 77' lang='grc' dir='ltr'><strong>ι</strong></span> <span class='ocrx_word' id='word_1_233' title='bbox 2970 1746 3071 1800; x_wconf 89' lang='lat' dir='ltr'><strong>hoc</strong></span> <span class='ocrx_word' id='word_1_234' title='bbox 3113 1754 3234 1809; x_wconf 84' lang='lat' dir='ltr'><strong>est,</strong></span> <span class='ocrx_word' id='word_1_235' title='bbox 3281 1742 3422 1798; x_wconf 82' lang='lat' dir='ltr'><strong>liora</strong></span> 
     </span>
    </p>
   </div>
   <div class='ocr_carea' id='block_1_31' title="bbox 203 1823 1766 1909">
    <p class='ocr_par' dir='ltr' id='par_1_31' title="bbox 203 1832 1758 1906">
     <span class='ocr_line' id='line_1_32' title="bbox 203 1832 1758 1906; baseline 0.001 -22"><span class='ocrx_word' id='word_1_236' title='bbox 203 1833 421 1885; x_wconf 73' lang='grc' dir='ltr'>τουτέστι</span> <span class='ocrx_word' id='word_1_237' title='bbox 438 1850 453 1864; x_wconf 90' lang='grc'><strong>·</strong></span> <span class='ocrx_word' id='word_1_238' title='bbox 478 1833 639 1887; x_wconf 76' lang='grc' dir='ltr'>Κατὰ</span> <span class='ocrx_word' id='word_1_239' title='bbox 664 1834 765 1903; x_wconf 81' lang='grc' dir='ltr'>τὴν</span> <span class='ocrx_word' id='word_1_240' title='bbox 791 1834 886 1888; x_wconf 75' lang='grc' dir='ltr'><strong>τοῦ</strong></span> <span class='ocrx_word' id='word_1_241' title='bbox 914 1833 1117 1898; x_wconf 83' lang='grc' dir='ltr'><strong>πάθους</strong></span> <span class='ocrx_word' id='word_1_242' title='bbox 1146 1833 1316 1906; x_wconf 84' lang='grc' dir='ltr'>ὥραν,</span> <span class='ocrx_word' id='word_1_243' title='bbox 1339 1835 1429 1887; x_wconf 79' lang='grc' dir='ltr'><strong>ὅτε</strong></span> <span class='ocrx_word' id='word_1_244' title='bbox 1464 1832 1572 1887; x_wconf 69' lang='grc' dir='ltr'><strong>ἀπὸ</strong></span> <span class='ocrx_word' id='word_1_245' title='bbox 1607 1832 1758 1905; x_wconf 85' lang='grc' dir='ltr'>ὥρας</span> 
     </span>
    </p>
   </div>
   <div class='ocr_carea' id='block_1_32' title="bbox 1890 1823 3426 1909">
    <p class='ocr_par' dir='ltr' id='par_1_32' title="bbox 1890 1837 3426 1908">
     <span class='ocr_line' id='line_1_33' title="bbox 1890 1837 3426 1908; baseline -0.001 -17"><span class='ocrx_word' id='word_1_246' title='bbox 1890 1840 2126 1894; x_wconf 71' lang='grc' dir='ltr'><strong>πεδδθίοιιίε</strong></span> <span class='ocrx_word' id='word_1_247' title='bbox 2151 1880 2168 1905; x_wconf 97' lang='grc'>,</span> <span class='ocrx_word' id='word_1_248' title='bbox 2201 1839 2415 1908; x_wconf 83' lang='lat' dir='ltr'><strong>quando</strong></span> <span class='ocrx_word' id='word_1_249' title='bbox 2447 1839 2514 1894; x_wconf 85' lang='lat' dir='ltr'><strong>ab</strong></span> <span class='ocrx_word' id='word_1_250' title='bbox 2547 1838 2678 1893; x_wconf 83' lang='lat' dir='ltr'><strong>hora</strong></span> <span class='ocrx_word' id='word_1_251' title='bbox 2721 1847 2872 1893; x_wconf 76' lang='lat' dir='ltr'><strong>sexta</strong></span> <span class='ocrx_word' id='word_1_252' title='bbox 2915 1851 3083 1907; x_wconf 89' lang='lat' dir='ltr'><strong>usque</strong></span> <span class='ocrx_word' id='word_1_253' title='bbox 3124 1837 3191 1891; x_wconf 89' lang='lat' dir='ltr'><strong>ad</strong></span> <span class='ocrx_word' id='word_1_254' title='bbox 3230 1850 3426 1892; x_wconf 88' lang='lat' dir='ltr'><strong>nonam</strong></span> 
     </span>
    </p>
   </div>
   <div class='ocr_carea' id='block_1_33' title="bbox 202 1923 1756 1996">
    <p class='ocr_par' dir='ltr' id='par_1_33' title="bbox 202 1923 1756 1996">
     <span class='ocr_line' id='line_1_34' title="bbox 202 1923 1756 1996; baseline 0.003 -21"><span class='ocrx_word' id='word_1_255' title='bbox 202 1923 347 1995; x_wconf 68' lang='grc' dir='ltr'>ἕκτης</span> <span class='ocrx_word' id='word_1_256' title='bbox 379 1924 484 1989; x_wconf 66' lang='grc' dir='ltr'><strong>ἕως</strong></span> <span class='ocrx_word' id='word_1_257' title='bbox 525 1925 755 1996; x_wconf 80' lang='grc' dir='ltr'>ὲννάτης</span> <span class='ocrx_word' id='word_1_258' title='bbox 789 1925 977 1989; x_wconf 79' lang='grc' dir='ltr'><strong>σκότος</strong></span> <span class='ocrx_word' id='word_1_259' title='bbox 1014 1925 1251 1993; x_wconf 83' lang='grc' dir='ltr'>ἐγένετο,</span> <span class='ocrx_word' id='word_1_260' title='bbox 1289 1925 1378 1979; x_wconf 82' lang='grc' dir='ltr'><strong>διὰ</strong></span> <span class='ocrx_word' id='word_1_261' title='bbox 1403 1923 1564 1978; x_wconf 80' lang='grc' dir='ltr'>τοῦτο</span> <span class='ocrx_word' id='word_1_262' title='bbox 1601 1945 1621 1976; x_wconf 77' lang='grc' dir='ltr'><strong>ι</strong></span> <span class='ocrx_word' id='word_1_263' title='bbox 1653 1924 1756 1979; x_wconf 82' lang='grc' dir='ltr'><strong>ποῦ</strong></span> 
     </span>
    </p>
   </div>
   <div class='ocr_carea' id='block_1_34' title="bbox 204 2014 1761 2094">
    <p class='ocr_par' dir='ltr' id='par_1_34' title="bbox 204 2014 1761 2094">
     <span class='ocr_line' id='line_1_35' title="bbox 204 2014 1761 2094; baseline 0 -20"><span class='ocrx_word' id='word_1_264' title='bbox 204 2023 509 2094; x_wconf 43' lang='lat' dir='ltr'><strong>mue-Ivem,</strong></span> <span class='ocrx_word' id='word_1_265' title='bbox 543 2022 648 2076; x_wconf 76' lang='grc' dir='ltr'><strong>ποῦ</strong></span> <span class='ocrx_word' id='word_1_266' title='bbox 688 2023 957 2087; x_wconf 78' lang='grc' dir='ltr'>κοιτάζεις</span> <span class='ocrx_word' id='word_1_267' title='bbox 982 2024 1040 2076; x_wconf 81' lang='grc' dir='ltr'>ὲν</span> <span class='ocrx_word' id='word_1_268' title='bbox 1077 2020 1412 2093; x_wconf 77' lang='grc' dir='ltr'>μεσημϐρίᾳ,</span> <span class='ocrx_word' id='word_1_269' title='bbox 1442 2040 1460 2072; x_wconf 74' lang='grc' dir='ltr'><strong>ι</strong></span> <span class='ocrx_word' id='word_1_270' title='bbox 1503 2023 1560 2074; x_wconf 81' lang='grc' dir='ltr'>ἐν</span> <span class='ocrx_word' id='word_1_271' title='bbox 1667 2021 1761 2074; x_wconf 77' lang='grc' dir='ltr'>καὶ</span> 
     </span>
    </p>
   </div>
   <div class='ocr_carea' id='block_1_35' title="bbox 203 2111 1760 2187">
    <p class='ocr_par' dir='ltr' id='par_1_35' title="bbox 203 2111 1760 2187">
     <span class='ocr_line' id='line_1_36' title="bbox 203 2111 1760 2187; baseline -0.001 -21"><span class='ocrx_word' id='word_1_272' title='bbox 203 2115 335 2185; x_wconf 72' lang='grc' dir='ltr'><strong>ἀκμὴ</strong></span> <span class='ocrx_word' id='word_1_273' title='bbox 362 2116 439 2187; x_wconf 75' lang='grc'><strong>(1)</strong></span> <span class='ocrx_word' id='word_1_274' title='bbox 466 2115 562 2169; x_wconf 81' lang='grc' dir='ltr'>τοῦ</span> <span class='ocrx_word' id='word_1_275' title='bbox 587 2115 866 2178; x_wconf 83' lang='grc' dir='ltr'><strong>καύσωνος</strong></span> <span class='ocrx_word' id='word_1_276' title='bbox 884 2114 992 2168; x_wconf 82' lang='grc' dir='ltr'>τῶν</span> <span class='ocrx_word' id='word_1_277' title='bbox 1019 2113 1359 2184; x_wconf 78' lang='grc' dir='ltr'><strong>πειρασμῶν.</strong></span> <span class='ocrx_word' id='word_1_278' title='bbox 1376 2112 1486 2166; x_wconf 81' lang='grc' dir='ltr'><strong>Ποῦ</strong></span> <span class='ocrx_word' id='word_1_279' title='bbox 1509 2111 1760 2184; x_wconf 83' lang='grc' dir='ltr'>κρυπτά-</span> 
     </span>
    </p>
   </div>
   <div class='ocr_carea' id='block_1_36' title="bbox 204 2190 1706 2272">
    <p class='ocr_par' dir='ltr' id='par_1_36' title="bbox 204 2190 1706 2272">
     <span class='ocr_line' id='line_1_37' title="bbox 204 2190 1706 2272; baseline 0.001 -18"><span class='ocrx_word' id='word_1_280' title='bbox 204 2202 320 2266; x_wconf 80' lang='grc' dir='ltr'>ζεις,</span> <span class='ocrx_word' id='word_1_281' title='bbox 341 2206 465 2268; x_wconf 74' lang='grc' dir='ltr'>τοὺς</span> <span class='ocrx_word' id='word_1_282' title='bbox 491 2205 619 2267; x_wconf 77' lang='grc' dir='ltr'>σοὺς</span> <span class='ocrx_word' id='word_1_283' title='bbox 647 2204 819 2267; x_wconf 79' lang='grc' dir='ltr'>ἐάσας</span> <span class='ocrx_word' id='word_1_284' title='bbox 843 2202 1201 2272; x_wconf 71' lang='grc' dir='ltr'>πειράζεσθαι</span> <span class='ocrx_word' id='word_1_285' title='bbox 1224 2217 1241 2266; x_wconf 88' lang='lat'><strong>;</strong></span> <span class='ocrx_word' id='word_1_286' title='bbox 1698 2190 1706 2199; x_wconf 69' lang='grc'><strong>’</strong></span> 
     </span>
    </p>
   </div>
   <div class='ocr_carea' id='block_1_37' title="bbox 264 2280 1761 2362">
    <p class='ocr_par' dir='ltr' id='par_1_37' title="bbox 264 2280 1761 2362">
     <span class='ocr_line' id='line_1_38' title="bbox 264 2280 1761 2362; baseline -0.003 -17"><span class='ocrx_word' id='word_1_287' title='bbox 264 2292 373 2360; x_wconf 75' lang='grc' dir='ltr'>ις’.</span> <span class='ocrx_word' id='word_1_288' title='bbox 420 2292 670 2360; x_wconf 73' lang='grc' dir='ltr'>Μήποτε</span> <span class='ocrx_word' id='word_1_289' title='bbox 710 2291 970 2362; x_wconf 73' lang='grc' dir='ltr'>γένωμαι</span> <span class='ocrx_word' id='word_1_290' title='bbox 1022 2292 1105 2357; x_wconf 83' lang='grc' dir='ltr'>ὠς</span> <span class='ocrx_word' id='word_1_291' title='bbox 1165 2280 1644 2360; x_wconf 74' lang='grc' dir='ltr'>περιϐαλλομένη</span> <span class='ocrx_word' id='word_1_292' title='bbox 1667 2288 1761 2340; x_wconf 81' lang='grc' dir='ltr'><strong>ἐπ’</strong></span> 
     </span>
    </p>
   </div>
   <div class='ocr_carea' id='block_1_38' title="bbox 203 2382 862 2452">
    <p class='ocr_par' dir='ltr' id='par_1_38' title="bbox 203 2382 862 2452">
     <span class='ocr_line' id='line_1_39' title="bbox 203 2382 862 2452; baseline 0.002 -17"><span class='ocrx_word' id='word_1_293' title='bbox 203 2382 423 2452; x_wconf 72' lang='grc' dir='ltr'>ἀγέλαις</span> <span class='ocrx_word' id='word_1_294' title='bbox 445 2383 701 2452; x_wconf 76' lang='grc' dir='ltr'>ἑταίρων</span> <span class='ocrx_word' id='word_1_295' title='bbox 722 2398 862 2437; x_wconf 89' lang='grc' dir='ltr'>σου.</span> 
     </span>
    </p>
   </div>
   <div class='ocr_carea' id='block_1_39' title="bbox 265 2472 1764 2548">
    <p class='ocr_par' dir='ltr' id='par_1_39' title="bbox 265 2472 1764 2548">
     <span class='ocr_line' id='line_1_40' title="bbox 265 2472 1764 2548; baseline -0.001 -19"><span class='ocrx_word' id='word_1_296' title='bbox 265 2476 434 2546; x_wconf 85' lang='grc' dir='ltr'>Ὅπερ</span> <span class='ocrx_word' id='word_1_297' title='bbox 457 2476 577 2530; x_wconf 81' lang='grc' dir='ltr'>ὲστί</span> <span class='ocrx_word' id='word_1_298' title='bbox 597 2493 610 2506; x_wconf 80' lang='grc'><em>’</em></span> <span class='ocrx_word' id='word_1_299' title='bbox 639 2477 867 2547; x_wconf 79' lang='grc' dir='ltr'><strong>Μήποτε</strong></span> <span class='ocrx_word' id='word_1_300' title='bbox 904 2472 1042 2546; x_wconf 80' lang='grc' dir='ltr'>μετὰ</span> <span class='ocrx_word' id='word_1_301' title='bbox 1067 2474 1179 2529; x_wconf 84' lang='grc' dir='ltr'><strong>τῶν</strong></span> <span class='ocrx_word' id='word_1_302' title='bbox 1231 2476 1494 2548; x_wconf 81' lang='grc' dir='ltr'><strong>αἱρέσεων</strong></span> <span class='ocrx_word' id='word_1_303' title='bbox 1520 2473 1764 2544; x_wconf 81' lang='grc' dir='ltr'>γένωμαι</span> 
     </span>
    </p>
   </div>
   <div class='ocr_carea' id='block_1_40' title="bbox 206 2561 1764 2635">
    <p class='ocr_par' dir='ltr' id='par_1_40' title="bbox 206 2561 1764 2635">
     <span class='ocr_line' id='line_1_41' title="bbox 206 2561 1764 2635; baseline 0 -20"><span class='ocrx_word' id='word_1_304' title='bbox 206 2563 645 2635; x_wconf 72' lang='grc' dir='ltr'>περιϐαλλομένη.</span> <span class='ocrx_word' id='word_1_305' title='bbox 679 2563 779 2617; x_wconf 80' lang='grc' dir='ltr'><strong>Διὰ</strong></span> <span class='ocrx_word' id='word_1_306' title='bbox 815 2561 973 2618; x_wconf 83' lang='grc' dir='ltr'>τοῦτο</span> <span class='ocrx_word' id='word_1_307' title='bbox 1020 2562 1473 2635; x_wconf 80' lang='grc' dir='ltr'>ἀνταποκρίνεται</span> <span class='ocrx_word' id='word_1_308' title='bbox 1518 2561 1655 2633; x_wconf 77' lang='grc' dir='ltr'>αὐτῇ</span> <span class='ocrx_word' id='word_1_309' title='bbox 1688 2562 1764 2631; x_wconf 72' lang='grc'><strong>(2)</strong></span> 
     </span>
    </p>
   </div>
   <div class='ocr_carea' id='block_1_41' title="bbox 206 2652 1587 2724">
    <p class='ocr_par' dir='ltr' id='par_1_41' title="bbox 206 2652 1587 2724">
     <span class='ocr_line' id='line_1_42' title="bbox 206 2652 1587 2724; baseline 0.001 -17"><span class='ocrx_word' id='word_1_310' title='bbox 206 2656 288 2707; x_wconf 81' lang='grc' dir='ltr'><strong>καὶ</strong></span> <span class='ocrx_word' id='word_1_311' title='bbox 318 2654 463 2724; x_wconf 84' lang='grc' dir='ltr'>λέγει</span> <span class='ocrx_word' id='word_1_312' title='bbox 481 2672 495 2686; x_wconf 92' lang='grc'><strong>·</strong></span> <span class='ocrx_word' id='word_1_313' title='bbox 1578 2652 1587 2659; x_wconf 84' lang='grc'><strong>”</strong></span> 
     </span>
    </p>
   </div>
   <div class='ocr_carea' id='block_1_42' title="bbox 266 2741 1768 2815">
    <p class='ocr_par' dir='ltr' id='par_1_42' title="bbox 266 2741 1768 2815">
     <span class='ocr_line' id='line_1_43' title="bbox 266 2741 1768 2815; baseline 0 -18"><span class='ocrx_word' id='word_1_314' title='bbox 266 2745 355 2797; x_wconf 88' lang='lat' dir='ltr'><strong>lZ&#39;.</strong></span> <span class='ocrx_word' id='word_1_315' title='bbox 384 2746 475 2798; x_wconf 87' lang='grc' dir='ltr'>Στ.</span> <span class='ocrx_word' id='word_1_316' title='bbox 509 2745 577 2810; x_wconf 82' lang='grc' dir='ltr'><strong>ζ’.</strong></span> <span class='ocrx_word' id='word_1_317' title='bbox 620 2743 760 2799; x_wconf 81' lang='grc' dir='ltr'><strong>Ἐὰν</strong></span> <span class='ocrx_word' id='word_1_318' title='bbox 780 2744 867 2815; x_wconf 78' lang='grc' dir='ltr'><strong>μὴ</strong></span> <span class='ocrx_word' id='word_1_319' title='bbox 904 2741 1062 2815; x_wconf 73' lang='grc' dir='ltr'><strong>γνῷς</strong></span> <span class='ocrx_word' id='word_1_320' title='bbox 1099 2742 1389 2813; x_wconf 82' lang='grc' dir='ltr'>σεαυτὴν,</span> <span class='ocrx_word' id='word_1_321' title='bbox 1420 2745 1461 2812; x_wconf 77' lang='grc' dir='ltr'>ἡ</span> <span class='ocrx_word' id='word_1_322' title='bbox 1497 2742 1657 2811; x_wconf 77' lang='grc' dir='ltr'>καλὴ</span> <span class='ocrx_word' id='word_1_323' title='bbox 1698 2743 1768 2797; x_wconf 81' lang='grc' dir='ltr'><strong>ἐν</strong></span> 
     </span>
    </p>
   </div>
   <div class='ocr_carea' id='block_1_43' title="bbox 207 2835 485 2904">
    <p class='ocr_par' dir='ltr' id='par_1_43' title="bbox 207 2835 485 2904">
     <span class='ocr_line' id='line_1_44' title="bbox 207 2835 485 2904; baseline 0.004 -16"><span class='ocrx_word' id='word_1_324' title='bbox 207 2835 485 2904; x_wconf 68' lang='grc' dir='ltr'>γυναιξίν.</span> 
     </span>
    </p>
   </div>
   <div class='ocr_carea' id='block_1_44' title="bbox 268 2924 1764 2998">
    <p class='ocr_par' dir='ltr' id='par_1_44' title="bbox 268 2924 1764 2998">
     <span class='ocr_line' id='line_1_45' title="bbox 268 2924 1764 2998; baseline -0.002 -18"><span class='ocrx_word' id='word_1_325' title='bbox 268 2927 434 2998; x_wconf 59' lang='grc' dir='ltr'>Ὅπερ</span> <span class='ocrx_word' id='word_1_326' title='bbox 457 2924 637 2980; x_wconf 67' lang='grc' dir='ltr'>ἐστίν’</span> <span class='ocrx_word' id='word_1_327' title='bbox 681 2925 808 2980; x_wconf 70' lang='grc' dir='ltr'>Ἐὰν</span> <span class='ocrx_word' id='word_1_328' title='bbox 838 2924 911 2998; x_wconf 81' lang='grc' dir='ltr'><strong>μὴ</strong></span> <span class='ocrx_word' id='word_1_329' title='bbox 926 2924 1073 2994; x_wconf 81' lang='grc' dir='ltr'>γνῷς</span> <span class='ocrx_word' id='word_1_330' title='bbox 1105 2924 1358 2997; x_wconf 80' lang='grc' dir='ltr'>σεαυτὴν,</span> <span class='ocrx_word' id='word_1_331' title='bbox 1377 2924 1464 2979; x_wconf 79' lang='grc' dir='ltr'>οἵα</span> <span class='ocrx_word' id='word_1_332' title='bbox 1498 2925 1764 2996; x_wconf 78' lang='grc' dir='ltr'>ὑπῆρχες,</span> 
     </span>
    </p>
   </div>
   <div class='ocr_carea' id='block_1_45' title="bbox 208 3016 1769 3089">
    <p class='ocr_par' dir='ltr' id='par_1_45' title="bbox 208 3016 1769 3089">
     <span class='ocr_line' id='line_1_46' title="bbox 208 3016 1769 3089; baseline -0.001 -18"><span class='ocrx_word' id='word_1_333' title='bbox 208 3018 294 3072; x_wconf 71' lang='grc' dir='ltr'>καὶ</span> <span class='ocrx_word' id='word_1_334' title='bbox 318 3018 403 3071; x_wconf 81' lang='grc' dir='ltr'>οἶα</span> <span class='ocrx_word' id='word_1_335' title='bbox 432 3017 686 3086; x_wconf 83' lang='grc' dir='ltr'>γέγονας.</span> <span class='ocrx_word' id='word_1_336' title='bbox 705 3016 890 3089; x_wconf 77' lang='grc' dir='ltr'>Καλὴν</span> <span class='ocrx_word' id='word_1_337' title='bbox 917 3017 976 3070; x_wconf 83' lang='grc' dir='ltr'><strong>δὲ</strong></span> <span class='ocrx_word' id='word_1_338' title='bbox 999 3018 1058 3070; x_wconf 79' lang='grc' dir='ltr'>ὲν</span> <span class='ocrx_word' id='word_1_339' title='bbox 1086 3016 1305 3085; x_wconf 73' lang='grc' dir='ltr'>γυναιξὶ</span> <span class='ocrx_word' id='word_1_340' title='bbox 1333 3016 1502 3085; x_wconf 89' lang='grc' dir='ltr'>λέγει.</span> <span class='ocrx_word' id='word_1_341' title='bbox 1544 3016 1632 3069; x_wconf 86' lang='grc' dir='ltr'>Ἑν</span> <span class='ocrx_word' id='word_1_342' title='bbox 1662 3016 1769 3070; x_wconf 84' lang='grc' dir='ltr'><strong>πά-</strong></span> 
     </span>
    </p>
   </div>
   <div class='ocr_carea' id='block_1_46' title="bbox 1862 1926 3427 1999">
    <p class='ocr_par' dir='ltr' id='par_1_46' title="bbox 1862 1926 3427 1999">
     <span class='ocr_line' id='line_1_47' title="bbox 1862 1926 3427 1999; baseline -0.004 -13"><span class='ocrx_word' id='word_1_343' title='bbox 1862 1934 2095 1986; x_wconf 70' lang='lat' dir='ltr'><strong>tenebra:</strong></span> <span class='ocrx_word' id='word_1_344' title='bbox 2142 1932 2298 1986; x_wconf 77' lang='lat' dir='ltr'><strong>facta:</strong></span> <span class='ocrx_word' id='word_1_345' title='bbox 2343 1940 2468 1985; x_wconf 88' lang='lat' dir='ltr'><strong>sunt</strong></span> <span class='ocrx_word' id='word_1_346' title='bbox 2504 1949 2518 1986; x_wconf 88' lang='lat'><strong>:</strong></span> <span class='ocrx_word' id='word_1_347' title='bbox 2570 1940 2852 1999; x_wconf 79' lang='lat' dir='ltr'><strong>propterea</strong></span> <span class='ocrx_word' id='word_1_348' title='bbox 2886 1948 2905 1981; x_wconf 80' lang='grc' dir='ltr'><strong>ι</strong></span> <span class='ocrx_word' id='word_1_349' title='bbox 2939 1929 3028 1983; x_wconf 90' lang='lat' dir='ltr'><strong>ubi</strong></span> <span class='ocrx_word' id='word_1_350' title='bbox 3082 1928 3292 1998; x_wconf 83' lang='lat' dir='ltr'><strong>pascis,</strong></span> <span class='ocrx_word' id='word_1_351' title='bbox 3337 1926 3427 1981; x_wconf 91' lang='lat' dir='ltr'><strong>ubi</strong></span> 
     </span>
    </p>
   </div>
   <div class='ocr_carea' id='block_1_47' title="bbox 1858 2018 3445 2088">
    <p class='ocr_par' dir='ltr' id='par_1_47' title="bbox 1858 2018 3445 2088">
     <span class='ocr_line' id='line_1_48' title="bbox 1858 2018 3445 2088; baseline -0.004 -11"><span class='ocrx_word' id='word_1_352' title='bbox 1858 2022 2027 2077; x_wconf 88' lang='lat' dir='ltr'><strong>cubas</strong></span> <span class='ocrx_word' id='word_1_353' title='bbox 2075 2021 2130 2076; x_wconf 91' lang='lat' dir='ltr'><strong>in</strong></span> <span class='ocrx_word' id='word_1_354' title='bbox 2191 2021 2452 2085; x_wconf 82' lang='lat' dir='ltr'><strong>meridie,</strong></span> <span class='ocrx_word' id='word_1_355' title='bbox 2490 2038 2508 2071; x_wconf 75' lang='grc' dir='ltr'><strong>ι</strong></span> <span class='ocrx_word' id='word_1_356' title='bbox 2547 2021 2598 2074; x_wconf 93' lang='lat' dir='ltr'><strong>in</strong></span> <span class='ocrx_word' id='word_1_357' title='bbox 2633 2035 2737 2088; x_wconf 86' lang='lat' dir='ltr'><strong>qua</strong></span> <span class='ocrx_word' id='word_1_358' title='bbox 2768 2019 3001 2076; x_wconf 81' lang='lat' dir='ltr'><strong>maxime</strong></span> <span class='ocrx_word' id='word_1_359' title='bbox 3051 2018 3223 2074; x_wconf 82' lang='lat' dir='ltr'><strong>fervet</strong></span> <span class='ocrx_word' id='word_1_360' title='bbox 3266 2026 3445 2072; x_wconf 37' lang='lat' dir='ltr'><strong>mstus.</strong></span> 
     </span>
    </p>
   </div>
   <div class='ocr_carea' id='block_1_48' title="bbox 1863 2110 3429 2182">
    <p class='ocr_par' dir='ltr' id='par_1_48' title="bbox 1863 2110 3429 2182">
     <span class='ocr_line' id='line_1_49' title="bbox 1863 2110 3429 2182; baseline -0.002 -14"><span class='ocrx_word' id='word_1_361' title='bbox 1863 2114 2243 2169; x_wconf 88' lang='lat' dir='ltr'><strong>tentationum.</strong></span> <span class='ocrx_word' id='word_1_362' title='bbox 2273 2112 2375 2169; x_wconf 89' lang='lat' dir='ltr'><strong>Ubi</strong></span> <span class='ocrx_word' id='word_1_363' title='bbox 2422 2112 2587 2182; x_wconf 79' lang='lat' dir='ltr'><strong>igitur</strong></span> <span class='ocrx_word' id='word_1_364' title='bbox 2637 2111 2949 2177; x_wconf 88' lang='lat' dir='ltr'><strong>delitescis,</strong></span> <span class='ocrx_word' id='word_1_365' title='bbox 3004 2110 3201 2167; x_wconf 88' lang='lat' dir='ltr'><strong>tentari</strong></span> <span class='ocrx_word' id='word_1_366' title='bbox 3248 2111 3429 2166; x_wconf 75' lang='lat' dir='ltr'><strong>sitiens</strong></span> 
     </span>
    </p>
   </div>
   <div class='ocr_carea' id='block_1_49' title="bbox 1863 2205 2033 2260">
    <p class='ocr_par' dir='ltr' id='par_1_49' title="bbox 1863 2205 2033 2260">
     <span class='ocr_line' id='line_1_50' title="bbox 1863 2205 2033 2260; baseline -0.012 0"><span class='ocrx_word' id='word_1_367' title='bbox 1863 2214 1985 2260; x_wconf 89' lang='lat' dir='ltr'><strong>tuos</strong></span> <span class='ocrx_word' id='word_1_368' title='bbox 2009 2205 2033 2258; x_wconf 77' lang='lat' dir='ltr'><strong>i</strong></span> 
     </span>
    </p>
   </div>
   <div class='ocr_carea' id='block_1_50' title="bbox 1878 2294 3431 2365">
    <p class='ocr_par' dir='ltr' id='par_1_50' title="bbox 1878 2294 3431 2365">
     <span class='ocr_line' id='line_1_51' title="bbox 1878 2294 3431 2365; baseline -0.003 -13"><span class='ocrx_word' id='word_1_369' title='bbox 1878 2335 1884 2341; x_wconf 88' lang='grc'><strong>-</strong></span> <span class='ocrx_word' id='word_1_370' title='bbox 1932 2294 2076 2354; x_wconf 78' lang='lat' dir='ltr'><strong>XVI.</strong></span> <span class='ocrx_word' id='word_1_371' title='bbox 2117 2295 2201 2350; x_wconf 89' lang='lat' dir='ltr'><strong>Ne</strong></span> <span class='ocrx_word' id='word_1_372' title='bbox 2234 2296 2367 2365; x_wconf 68' lang='lat' dir='ltr'><strong>forte</strong></span> <span class='ocrx_word' id='word_1_373' title='bbox 2392 2294 2588 2364; x_wconf 77' lang='lat' dir='ltr'><strong>e/Iiciar</strong></span> <span class='ocrx_word' id='word_1_374' title='bbox 2615 2296 2750 2349; x_wconf 80' lang='lat' dir='ltr'><strong>sicut</strong></span> <span class='ocrx_word' id='word_1_375' title='bbox 2784 2294 3036 2365; x_wconf 82' lang='lat' dir='ltr'><strong>adoperta</strong></span> <span class='ocrx_word' id='word_1_376' title='bbox 3063 2308 3222 2363; x_wconf 89' lang='lat' dir='ltr'><strong>super</strong></span> <span class='ocrx_word' id='word_1_377' title='bbox 3249 2306 3431 2364; x_wconf 83' lang='lat' dir='ltr'><strong>greges</strong></span> 
     </span>
    </p>
   </div>
   <div class='ocr_carea' id='block_1_51' title="bbox 1863 2388 2389 2442">
    <p class='ocr_par' dir='ltr' id='par_1_51' title="bbox 1863 2388 2389 2442">
     <span class='ocr_line' id='line_1_52' title="bbox 1863 2388 2389 2442; baseline -0.002 0"><span class='ocrx_word' id='word_1_378' title='bbox 1863 2388 2122 2442; x_wconf 77' lang='lat' dir='ltr'><strong>sodalium</strong></span> <span class='ocrx_word' id='word_1_379' title='bbox 2158 2398 2389 2442; x_wconf 84' lang='lat' dir='ltr'><strong>tuorum.</strong></span> 
     </span>
    </p>
   </div>
   <div class='ocr_carea' id='block_1_52' title="bbox 1936 2471 3431 2542">
    <p class='ocr_par' dir='ltr' id='par_1_52' title="bbox 1936 2471 3431 2542">
     <span class='ocr_line' id='line_1_53' title="bbox 1936 2471 3431 2542; baseline -0.003 -10"><span class='ocrx_word' id='word_1_380' title='bbox 1936 2478 1994 2533; x_wconf 87' lang='lat' dir='ltr'><strong>Id</strong></span> <span class='ocrx_word' id='word_1_381' title='bbox 2022 2488 2106 2533; x_wconf 78' lang='lat' dir='ltr'><strong>est</strong></span> <span class='ocrx_word' id='word_1_382' title='bbox 2126 2515 2142 2541; x_wconf 91' lang='lat'><strong>,</strong></span> <span class='ocrx_word' id='word_1_383' title='bbox 2177 2476 2254 2532; x_wconf 89' lang='lat' dir='ltr'><strong>Ne</strong></span> <span class='ocrx_word' id='word_1_384' title='bbox 2284 2479 2419 2532; x_wconf 79' lang='lat' dir='ltr'><strong>forte</strong></span> <span class='ocrx_word' id='word_1_385' title='bbox 2448 2492 2567 2532; x_wconf 87' lang='lat' dir='ltr'><strong>cum</strong></span> <span class='ocrx_word' id='word_1_386' title='bbox 2603 2476 2896 2532; x_wconf 80' lang='lat' dir='ltr'><strong>Incresihus</strong></span> <span class='ocrx_word' id='word_1_387' title='bbox 2921 2472 3123 2531; x_wconf 80' lang='lat' dir='ltr'><strong>ciliciar</strong></span> <span class='ocrx_word' id='word_1_388' title='bbox 3151 2471 3431 2542; x_wconf 85' lang='lat' dir='ltr'><strong>adoperta.</strong></span> 
     </span>
    </p>
   </div>
   <div class='ocr_carea' id='block_1_53' title="bbox 1866 2562 3426 2642">
    <p class='ocr_par' dir='ltr' id='par_1_53' title="bbox 1866 2562 3426 2642">
     <span class='ocr_line' id='line_1_54' title="bbox 1866 2562 3426 2642; baseline -0.003 -18"><span class='ocrx_word' id='word_1_389' title='bbox 1866 2569 2155 2642; x_wconf 80' lang='lat' dir='ltr'><strong>Propterea</strong></span> <span class='ocrx_word' id='word_1_390' title='bbox 2187 2570 2423 2626; x_wconf 77' lang='lat' dir='ltr'><strong>vicissim</strong></span> <span class='ocrx_word' id='word_1_391' title='bbox 2452 2571 2501 2625; x_wconf 91' lang='lat' dir='ltr'><strong>ei</strong></span> <span class='ocrx_word' id='word_1_392' title='bbox 2533 2568 2816 2641; x_wconf 72' lang='lat' dir='ltr'><strong>(sponsae)</strong></span> <span class='ocrx_word' id='word_1_393' title='bbox 2853 2567 3140 2638; x_wconf 85' lang='lat' dir='ltr'><strong>respondet</strong></span> <span class='ocrx_word' id='word_1_394' title='bbox 3170 2574 3224 2622; x_wconf 88' lang='lat' dir='ltr'><strong>et</strong></span> <span class='ocrx_word' id='word_1_395' title='bbox 3252 2562 3384 2620; x_wconf 87' lang='lat' dir='ltr'><strong>dicit</strong></span> <span class='ocrx_word' id='word_1_396' title='bbox 3410 2582 3426 2620; x_wconf 94' lang='lat'><strong>:</strong></span> 
     </span>
    </p>
   </div>
   <div class='ocr_carea' id='block_1_54' title="bbox 1937 2744 3435 2819">
    <p class='ocr_par' dir='ltr' id='par_1_54' title="bbox 1937 2744 3435 2819">
     <span class='ocr_line' id='line_1_55' title="bbox 1937 2744 3435 2819; baseline 0 -18"><span class='ocrx_word' id='word_1_397' title='bbox 1937 2746 2100 2802; x_wconf 78' lang='lat' dir='ltr'><strong>XVII.</strong></span> <span class='ocrx_word' id='word_1_398' title='bbox 2136 2746 2299 2803; x_wconf 80' lang='lat' dir='ltr'><strong>Vens.</strong></span> <span class='ocrx_word' id='word_1_399' title='bbox 2326 2748 2379 2802; x_wconf 89' lang='lat'><strong>7.</strong></span> <span class='ocrx_word' id='word_1_400' title='bbox 2413 2746 2535 2803; x_wconf 85' lang='lat' dir='ltr'><strong>Nisi</strong></span> <span class='ocrx_word' id='word_1_401' title='bbox 2566 2746 2866 2819; x_wconf 79' lang='lat' dir='ltr'><strong>cognoveris</strong></span> <span class='ocrx_word' id='word_1_402' title='bbox 2896 2757 2944 2802; x_wconf 85' lang='lat' dir='ltr'><strong>te</strong></span> <span class='ocrx_word' id='word_1_403' title='bbox 2985 2748 3186 2818; x_wconf 87' lang='lat' dir='ltr'><strong>ipsam,</strong></span> <span class='ocrx_word' id='word_1_404' title='bbox 3215 2744 3435 2818; x_wconf 84' lang='lat' dir='ltr'><strong>pulchra</strong></span> 
     </span>
    </p>
   </div>
   <div class='ocr_carea' id='block_1_55' title="bbox 1866 2836 2305 2891">
    <p class='ocr_par' dir='ltr' id='par_1_55' title="bbox 1866 2836 2305 2891">
     <span class='ocr_line' id='line_1_56' title="bbox 1866 2836 2305 2891; baseline 0.005 -2"><span class='ocrx_word' id='word_1_405' title='bbox 1866 2836 2007 2889; x_wconf 83' lang='lat' dir='ltr'><strong>inter</strong></span> <span class='ocrx_word' id='word_1_406' title='bbox 2039 2837 2305 2891; x_wconf 83' lang='lat' dir='ltr'><strong>mulieres.</strong></span> 
     </span>
    </p>
   </div>
   <div class='ocr_carea' id='block_1_56' title="bbox 1938 2926 3437 2999">
    <p class='ocr_par' dir='ltr' id='par_1_56' title="bbox 1938 2926 3437 2999">
     <span class='ocr_line' id='line_1_57' title="bbox 1938 2926 3437 2999; baseline 0 -18"><span class='ocrx_word' id='word_1_407' title='bbox 1938 2926 1994 2981; x_wconf 77' lang='grc' dir='ltr'><strong>ιιι</strong></span> <span class='ocrx_word' id='word_1_408' title='bbox 2025 2938 2143 2994; x_wconf 85' lang='lat' dir='ltr'><strong>est,</strong></span> <span class='ocrx_word' id='word_1_409' title='bbox 2172 2926 2285 2983; x_wconf 86' lang='lat' dir='ltr'><strong>Nisi</strong></span> <span class='ocrx_word' id='word_1_410' title='bbox 2318 2928 2637 2999; x_wconf 75' lang='lat' dir='ltr'><strong>cognoveris</strong></span> <span class='ocrx_word' id='word_1_411' title='bbox 2668 2938 2719 2984; x_wconf 92' lang='lat' dir='ltr'><strong>te</strong></span> <span class='ocrx_word' id='word_1_412' title='bbox 2752 2930 2921 2998; x_wconf 86' lang='lat' dir='ltr'><strong>ipsam</strong></span> <span class='ocrx_word' id='word_1_413' title='bbox 2953 2926 3250 2999; x_wconf 75' lang='lat' dir='ltr'><strong>cuiusmodi</strong></span> <span class='ocrx_word' id='word_1_414' title='bbox 3280 2941 3401 2982; x_wconf 88' lang='lat' dir='ltr'><strong>eras</strong></span> <span class='ocrx_word' id='word_1_415' title='bbox 3421 2964 3437 2990; x_wconf 88' lang='lat'><strong>,</strong></span> 
     </span>
    </p>
   </div>
   <div class='ocr_carea' id='block_1_57' title="bbox 1869 3019 3437 3089">
    <p class='ocr_par' dir='ltr' id='par_1_57' title="bbox 1869 3019 3437 3089">
     <span class='ocr_line' id='line_1_58' title="bbox 1869 3019 3437 3089; baseline -0.002 -15"><span class='ocrx_word' id='word_1_416' title='bbox 1869 3032 1923 3074; x_wconf 88' lang='lat' dir='ltr'><strong>et</strong></span> <span class='ocrx_word' id='word_1_417' title='bbox 1953 3021 2253 3089; x_wconf 83' lang='lat' dir='ltr'><strong>cujusmodi</strong></span> <span class='ocrx_word' id='word_1_418' title='bbox 2313 3021 2453 3076; x_wconf 80' lang='lat' dir='ltr'><strong>facta</strong></span> <span class='ocrx_word' id='word_1_419' title='bbox 2483 3020 2578 3075; x_wconf 88' lang='lat' dir='ltr'><strong>sis.</strong></span> <span class='ocrx_word' id='word_1_420' title='bbox 2612 3020 2902 3075; x_wconf 87' lang='lat' dir='ltr'><strong>Pulchram</strong></span> <span class='ocrx_word' id='word_1_421' title='bbox 2945 3036 3072 3076; x_wconf 89' lang='lat' dir='ltr'><strong>vero</strong></span> <span class='ocrx_word' id='word_1_422' title='bbox 3123 3019 3266 3074; x_wconf 89' lang='lat' dir='ltr'><strong>inter</strong></span> <span class='ocrx_word' id='word_1_423' title='bbox 3314 3031 3437 3072; x_wconf 83' lang='lat' dir='ltr'><strong>ntu-</strong></span> 
     </span>
    </p>
   </div>
   <div class='ocr_carea' id='block_1_58' title="bbox 209 3109 1766 3181">
    <p class='ocr_par' dir='ltr' id='par_1_58' title="bbox 209 3109 1766 3181">
     <span class='ocr_line' id='line_1_59' title="bbox 209 3109 1766 3181; baseline -0.001 -18"><span class='ocrx_word' id='word_1_424' title='bbox 209 3126 320 3173; x_wconf 76' lang='grc' dir='ltr'>σαις</span> <span class='ocrx_word' id='word_1_425' title='bbox 348 3111 455 3180; x_wconf 85' lang='grc' dir='ltr'><strong>γὰρ</strong></span> <span class='ocrx_word' id='word_1_426' title='bbox 490 3112 612 3173; x_wconf 85' lang='grc' dir='ltr'>ταῖς</span> <span class='ocrx_word' id='word_1_427' title='bbox 636 3109 882 3181; x_wconf 77' lang='grc' dir='ltr'><strong>αἱρέσεσι</strong></span> <span class='ocrx_word' id='word_1_428' title='bbox 937 3109 1033 3163; x_wconf 78' lang='grc' dir='ltr'><strong>καὶ</strong></span> <span class='ocrx_word' id='word_1_429' title='bbox 1062 3111 1185 3172; x_wconf 83' lang='grc' dir='ltr'>ταῖς</span> <span class='ocrx_word' id='word_1_430' title='bbox 1227 3111 1574 3178; x_wconf 77' lang='grc' dir='ltr'><strong>συναγωγαῖς</strong></span> <span class='ocrx_word' id='word_1_431' title='bbox 1630 3110 1766 3179; x_wconf 84' lang='grc' dir='ltr'><strong>μόνη</strong></span> 
     </span>
    </p>
   </div>
   <div class='ocr_carea' id='block_1_59' title="bbox 1890 3109 3441 3181">
    <p class='ocr_par' dir='ltr' id='par_1_59' title="bbox 1893 3109 3441 3179">
     <span class='ocr_line' id='line_1_60' title="bbox 1893 3109 3441 3179; baseline -0.003 -14"><span class='ocrx_word' id='word_1_432' title='bbox 1893 3112 2032 3165; x_wconf 82' lang='lat' dir='ltr'><strong>ieres</strong></span> <span class='ocrx_word' id='word_1_433' title='bbox 2079 3112 2229 3166; x_wconf 77' lang='lat' dir='ltr'><strong>dicit.</strong></span> <span class='ocrx_word' id='word_1_434' title='bbox 2277 3111 2334 3166; x_wconf 93' lang='lat' dir='ltr'><strong>In</strong></span> <span class='ocrx_word' id='word_1_435' title='bbox 2373 3112 2624 3166; x_wconf 86' lang='lat' dir='ltr'><strong>omnibus</strong></span> <span class='ocrx_word' id='word_1_436' title='bbox 2666 3112 2810 3167; x_wconf 89' lang='lat' dir='ltr'><strong>enim</strong></span> <span class='ocrx_word' id='word_1_437' title='bbox 2856 3109 3154 3165; x_wconf 73' lang='lat' dir='ltr'><strong>Ineresibus</strong></span> <span class='ocrx_word' id='word_1_438' title='bbox 3185 3117 3240 3164; x_wconf 90' lang='lat' dir='ltr'><strong>et</strong></span> <span class='ocrx_word' id='word_1_439' title='bbox 3282 3121 3441 3179; x_wconf 84' lang='lat' dir='ltr'><strong>syna-</strong></span> 
     </span>
    </p>
   </div>
   <div class='ocr_carea' id='block_1_60' title="bbox 206 3197 1766 3273">
    <p class='ocr_par' dir='ltr' id='par_1_60' title="bbox 206 3197 1766 3271">
     <span class='ocr_line' id='line_1_61' title="bbox 206 3197 1766 3271; baseline -0.003 -17"><span class='ocrx_word' id='word_1_440' title='bbox 206 3199 357 3271; x_wconf 76' lang='grc' dir='ltr'><strong>καλὴ,</strong></span> <span class='ocrx_word' id='word_1_441' title='bbox 392 3200 493 3254; x_wconf 77' lang='grc' dir='ltr'><strong>οὐκ</strong></span> <span class='ocrx_word' id='word_1_442' title='bbox 531 3199 593 3265; x_wconf 77' lang='grc' dir='ltr'><strong>ἐξ</strong></span> <span class='ocrx_word' id='word_1_443' title='bbox 633 3199 837 3269; x_wconf 76' lang='grc' dir='ltr'>ἑαυτῆς</span> <span class='ocrx_word' id='word_1_444' title='bbox 881 3198 1080 3270; x_wconf 69' lang='grc' dir='ltr'>ἔχουσα</span> <span class='ocrx_word' id='word_1_445' title='bbox 1105 3198 1169 3252; x_wconf 78' lang='grc' dir='ltr'>τὸ</span> <span class='ocrx_word' id='word_1_446' title='bbox 1191 3198 1415 3263; x_wconf 86' lang='grc' dir='ltr'>κάλλος,</span> <span class='ocrx_word' id='word_1_447' title='bbox 1443 3198 1558 3251; x_wconf 78' lang='grc' dir='ltr'><strong>ἀλλ’</strong></span> <span class='ocrx_word' id='word_1_448' title='bbox 1583 3199 1649 3251; x_wconf 83' lang='grc' dir='ltr'>ὲκ</span> <span class='ocrx_word' id='word_1_449' title='bbox 1673 3197 1766 3251; x_wconf 81' lang='grc' dir='ltr'>τοῦ</span> 
     </span>
    </p>
   </div>
   <div class='ocr_carea' id='block_1_61' title="bbox 1890 3197 3441 3273">
    <p class='ocr_par' dir='ltr' id='par_1_61' title="bbox 1890 3198 3441 3273">
     <span class='ocr_line' id='line_1_62' title="bbox 1890 3198 3441 3273; baseline -0.002 -18"><span class='ocrx_word' id='word_1_450' title='bbox 1890 3203 2031 3273; x_wconf 79' lang='lat' dir='ltr'><strong>gogis</strong></span> <span class='ocrx_word' id='word_1_451' title='bbox 2074 3204 2184 3272; x_wconf 87' lang='lat' dir='ltr'><strong>ipsa</strong></span> <span class='ocrx_word' id='word_1_452' title='bbox 2229 3203 2341 3259; x_wconf 80' lang='lat' dir='ltr'><strong>sola</strong></span> <span class='ocrx_word' id='word_1_453' title='bbox 2378 3204 2644 3272; x_wconf 84' lang='lat' dir='ltr'><strong>pulchra;</strong></span> <span class='ocrx_word' id='word_1_454' title='bbox 2698 3218 2800 3257; x_wconf 89' lang='lat' dir='ltr'><strong>non</strong></span> <span class='ocrx_word' id='word_1_455' title='bbox 2845 3216 2911 3258; x_wconf 76' lang='lat' dir='ltr'><strong>ex</strong></span> <span class='ocrx_word' id='word_1_456' title='bbox 2958 3216 3019 3258; x_wconf 91' lang='lat' dir='ltr'><strong>se</strong></span> <span class='ocrx_word' id='word_1_457' title='bbox 3065 3199 3179 3270; x_wconf 83' lang='lat' dir='ltr'><strong>ipsa</strong></span> <span class='ocrx_word' id='word_1_458' title='bbox 3221 3198 3441 3269; x_wconf 83' lang='lat' dir='ltr'><strong>quidem</strong></span> 
     </span>
    </p>
   </div>
   <div class='ocr_carea' id='block_1_62' title="bbox 205 3290 1774 3364">
    <p class='ocr_par' dir='ltr' id='par_1_62' title="bbox 205 3290 1774 3364">
     <span class='ocr_line' id='line_1_63' title="bbox 205 3290 1774 3364; baseline 0 -20"><span class='ocrx_word' id='word_1_459' title='bbox 205 3292 398 3364; x_wconf 74' lang='grc' dir='ltr'>ὡραίου</span> <span class='ocrx_word' id='word_1_460' title='bbox 422 3292 608 3346; x_wconf 77' lang='grc' dir='ltr'><strong>κάλλει</strong></span> <span class='ocrx_word' id='word_1_461' title='bbox 631 3290 785 3363; x_wconf 74' lang='grc' dir='ltr'>παρὰ</span> <span class='ocrx_word' id='word_1_462' title='bbox 809 3293 938 3356; x_wconf 84' lang='grc' dir='ltr'>τοὺς</span> <span class='ocrx_word' id='word_1_463' title='bbox 977 3292 1129 3355; x_wconf 82' lang='grc' dir='ltr'>υἱοὺς</span> <span class='ocrx_word' id='word_1_464' title='bbox 1159 3290 1267 3347; x_wconf 83' lang='grc' dir='ltr'><strong>τῶν</strong></span> <span class='ocrx_word' id='word_1_465' title='bbox 1307 3290 1627 3363; x_wconf 75' lang='grc' dir='ltr'>ἀνθρώπων.</span> <span class='ocrx_word' id='word_1_466' title='bbox 1667 3291 1774 3345; x_wconf 77' lang='grc' dir='ltr'><strong>Ἐν·-</strong></span> 
     </span>
    </p>
   </div>
   <div class='ocr_carea' id='block_1_63' title="bbox 210 3382 1774 3455">
    <p class='ocr_par' dir='ltr' id='par_1_63' title="bbox 210 3382 1774 3455">
     <span class='ocr_line' id='line_1_64' title="bbox 210 3382 1774 3455; baseline -0.001 -19"><span class='ocrx_word' id='word_1_467' title='bbox 210 3383 567 3449; x_wconf 67' lang='grc' dir='ltr'>αποτυπὼσας</span> <span class='ocrx_word' id='word_1_468' title='bbox 593 3384 652 3438; x_wconf 81' lang='grc' dir='ltr'><strong>δὲ</strong></span> <span class='ocrx_word' id='word_1_469' title='bbox 683 3385 744 3437; x_wconf 82' lang='grc' dir='ltr'>ὲν</span> <span class='ocrx_word' id='word_1_470' title='bbox 776 3384 914 3455; x_wconf 79' lang='grc' dir='ltr'>αὐτῇ</span> <span class='ocrx_word' id='word_1_471' title='bbox 944 3385 1007 3438; x_wconf 87' lang='grc' dir='ltr'>τὸ</span> <span class='ocrx_word' id='word_1_472' title='bbox 1034 3384 1163 3438; x_wconf 81' lang='grc' dir='ltr'>ῑδιον</span> <span class='ocrx_word' id='word_1_473' title='bbox 1192 3382 1385 3447; x_wconf 73' lang='grc' dir='ltr'>κάλλος</span> <span class='ocrx_word' id='word_1_474' title='bbox 1415 3385 1444 3436; x_wconf 86' lang='grc' dir='ltr'>ὁ</span> <span class='ocrx_word' id='word_1_475' title='bbox 1464 3383 1774 3451; x_wconf 81' lang='grc' dir='ltr'>Μονογενὴς</span> 
     </span>
    </p>
   </div>
   <div class='ocr_carea' id='block_1_64' title="bbox 211 3473 1776 3548">
    <p class='ocr_par' dir='ltr' id='par_1_64' title="bbox 211 3473 1776 3548">
     <span class='ocr_line' id='line_1_65' title="bbox 211 3473 1776 3548; baseline 0.001 -22"><span class='ocrx_word' id='word_1_476' title='bbox 211 3473 293 3527; x_wconf 77' lang='grc' dir='ltr'><strong>διὰ</strong></span> <span class='ocrx_word' id='word_1_477' title='bbox 324 3476 414 3529; x_wconf 76' lang='grc' dir='ltr'><strong>τοῦ</strong></span> <span class='ocrx_word' id='word_1_478' title='bbox 452 3478 532 3547; x_wconf 83' lang='lat'><strong>(&#39;5)</strong></span> <span class='ocrx_word' id='word_1_479' title='bbox 572 3475 801 3548; x_wconf 81' lang='grc' dir='ltr'><strong>λουτροῦ</strong></span> <span class='ocrx_word' id='word_1_480' title='bbox 846 3476 944 3548; x_wconf 81' lang='grc' dir='ltr'>τῆς</span> <span class='ocrx_word' id='word_1_481' title='bbox 996 3476 1446 3546; x_wconf 79' lang='grc' dir='ltr'>παλιγγενεσίας,</span> <span class='ocrx_word' id='word_1_482' title='bbox 1488 3476 1776 3546; x_wconf 81' lang='grc' dir='ltr'><strong>χρησίμως</strong></span> 
     </span>
    </p>
   </div>
   <div class='ocr_carea' id='block_1_65' title="bbox 215 3564 1776 3639">
    <p class='ocr_par' dir='ltr' id='par_1_65' title="bbox 215 3564 1776 3639">
     <span class='ocr_line' id='line_1_66' title="bbox 215 3564 1776 3639; baseline 0.003 -23"><span class='ocrx_word' id='word_1_483' title='bbox 215 3566 421 3634; x_wconf 78' lang='grc' dir='ltr'><strong>ἐγκαλεῖ</strong></span> <span class='ocrx_word' id='word_1_484' title='bbox 445 3569 608 3639; x_wconf 76' lang='grc' dir='ltr'>αὐτῇ,</span> <span class='ocrx_word' id='word_1_485' title='bbox 641 3568 742 3623; x_wconf 80' lang='grc' dir='ltr'><strong>καὶ</strong></span> <span class='ocrx_word' id='word_1_486' title='bbox 773 3567 960 3639; x_wconf 75' lang='grc' dir='ltr'>λέγει’</span> <span class='ocrx_word' id='word_1_487' title='bbox 999 3587 1019 3620; x_wconf 80' lang='grc' dir='ltr'><strong>ι</strong></span> <span class='ocrx_word' id='word_1_488' title='bbox 1077 3568 1205 3623; x_wconf 78' lang='grc' dir='ltr'>Ἐὰν</span> <span class='ocrx_word' id='word_1_489' title='bbox 1231 3566 1307 3638; x_wconf 77' lang='grc' dir='ltr'><strong>μὴ</strong></span> <span class='ocrx_word' id='word_1_490' title='bbox 1330 3564 1475 3637; x_wconf 79' lang='grc' dir='ltr'>γνῷς</span> <span class='ocrx_word' id='word_1_491' title='bbox 1506 3564 1584 3637; x_wconf 63' lang='grc' dir='ltr'><strong>(Δ)</strong></span> <span class='ocrx_word' id='word_1_492' title='bbox 1617 3582 1776 3621; x_wconf 83' lang='grc' dir='ltr'>σεαυ-</span> 
     </span>
    </p>
   </div>
   <div class='ocr_carea' id='block_1_66' title="bbox 214 3656 998 3732">
    <p class='ocr_par' dir='ltr' id='par_1_66' title="bbox 214 3656 998 3732">
     <span class='ocr_line' id='line_1_67' title="bbox 214 3656 998 3732; baseline -0.003 -18"><span class='ocrx_word' id='word_1_493' title='bbox 214 3656 322 3728; x_wconf 79' lang='grc' dir='ltr'>τὴν,</span> <span class='ocrx_word' id='word_1_494' title='bbox 349 3660 382 3730; x_wconf 83' lang='grc' dir='ltr'>ἡ</span> <span class='ocrx_word' id='word_1_495' title='bbox 410 3659 550 3732; x_wconf 82' lang='grc' dir='ltr'>καλὴ</span> <span class='ocrx_word' id='word_1_496' title='bbox 578 3662 638 3713; x_wconf 81' lang='grc' dir='ltr'>ὲν</span> <span class='ocrx_word' id='word_1_497' title='bbox 674 3660 943 3730; x_wconf 83' lang='grc' dir='ltr'>γυναιξίν.</span> <span class='ocrx_word' id='word_1_498' title='bbox 978 3680 998 3712; x_wconf 77' lang='grc' dir='ltr'>ι</span> 
     </span>
    </p>
   </div>
   <div class='ocr_carea' id='block_1_67' title="bbox 279 3836 1777 3911">
    <p class='ocr_par' dir='ltr' id='par_1_67' title="bbox 279 3836 1777 3911">
     <span class='ocr_line' id='line_1_68' title="bbox 279 3836 1777 3911; baseline 0.005 -21"><span class='ocrx_word' id='word_1_499' title='bbox 279 3838 379 3891; x_wconf 75' lang='lat' dir='ltr'><strong>Iﬂ&#39;.</strong></span> <span class='ocrx_word' id='word_1_500' title='bbox 406 3836 655 3903; x_wconf 70' lang='grc' dir='ltr'><strong>Ἔξελθε</strong></span> <span class='ocrx_word' id='word_1_501' title='bbox 683 3836 760 3909; x_wconf 82' lang='lat'><strong>(5)</strong></span> <span class='ocrx_word' id='word_1_502' title='bbox 790 3837 863 3891; x_wconf 78' lang='grc' dir='ltr'><strong>ὲν</strong></span> <span class='ocrx_word' id='word_1_503' title='bbox 891 3837 1176 3907; x_wconf 72' lang='grc' dir='ltr'><strong>πτέρναις</strong></span> <span class='ocrx_word' id='word_1_504' title='bbox 1202 3838 1322 3894; x_wconf 73' lang='grc' dir='ltr'><strong>τῶν</strong></span> <span class='ocrx_word' id='word_1_505' title='bbox 1344 3842 1656 3911; x_wconf 74' lang='grc' dir='ltr'><strong>ποιμνίων,</strong></span> <span class='ocrx_word' id='word_1_506' title='bbox 1678 3843 1777 3898; x_wconf 79' lang='grc' dir='ltr'>καί</span> 
     </span>
    </p>
   </div>
   <div class='ocr_carea' id='block_1_68' title="bbox 220 3927 1032 3998">
    <p class='ocr_par' dir='ltr' id='par_1_68' title="bbox 220 3927 1032 3998">
     <span class='ocr_line' id='line_1_69' title="bbox 220 3927 1032 3998; baseline 0.002 -16"><span class='ocrx_word' id='word_1_507' title='bbox 220 3927 476 3997; x_wconf 60' lang='lat' dir='ltr'><strong>adleuare</strong></span> <span class='ocrx_word' id='word_1_508' title='bbox 491 3928 604 3995; x_wconf 80' lang='grc' dir='ltr'>τὰς</span> <span class='ocrx_word' id='word_1_509' title='bbox 626 3928 876 3998; x_wconf 67' lang='grc' dir='ltr'>ἐρίφους</span> <span class='ocrx_word' id='word_1_510' title='bbox 894 3945 1032 3984; x_wconf 88' lang='grc' dir='ltr'>σου.</span> 
     </span>
    </p>
   </div>
   <div class='ocr_carea' id='block_1_69' title="bbox 294 4017 1777 4098">
    <p class='ocr_par' dir='ltr' id='par_1_69' title="bbox 294 4017 1777 4098">
     <span class='ocr_line' id='line_1_70' title="bbox 294 4017 1777 4098; baseline 0.004 -26"><span class='ocrx_word' id='word_1_511' title='bbox 294 4019 413 4073; x_wconf 80' lang='grc' dir='ltr'>Ἐὰν</span> <span class='ocrx_word' id='word_1_512' title='bbox 439 4019 514 4092; x_wconf 81' lang='grc' dir='ltr'><strong>μὴ</strong></span> <span class='ocrx_word' id='word_1_513' title='bbox 539 4020 706 4091; x_wconf 80' lang='grc' dir='ltr'>γνῷς,</span> <span class='ocrx_word' id='word_1_514' title='bbox 736 4022 893 4093; x_wconf 66' lang='grc' dir='ltr'>φησι,</span> <span class='ocrx_word' id='word_1_515' title='bbox 916 4020 1020 4075; x_wconf 83' lang='grc' dir='ltr'>ποῦ</span> <span class='ocrx_word' id='word_1_516' title='bbox 1064 4017 1152 4093; x_wconf 78' lang='grc' dir='ltr'><strong>ἧς,</strong></span> <span class='ocrx_word' id='word_1_517' title='bbox 1185 4022 1279 4076; x_wconf 72' lang='grc' dir='ltr'><strong>καὶ</strong></span> <span class='ocrx_word' id='word_1_518' title='bbox 1317 4021 1422 4076; x_wconf 84' lang='grc' dir='ltr'><strong>ποῦ</strong></span> <span class='ocrx_word' id='word_1_519' title='bbox 1455 4017 1537 4077; x_wconf 80' lang='grc' dir='ltr'><strong>εἶ’</strong></span> <span class='ocrx_word' id='word_1_520' title='bbox 1562 4023 1657 4078; x_wconf 81' lang='grc' dir='ltr'>ἐὰν</span> <span class='ocrx_word' id='word_1_521' title='bbox 1703 4026 1777 4098; x_wconf 85' lang='grc' dir='ltr'><strong>μὴ</strong></span> 
     </span>
    </p>
   </div>
   <div class='ocr_carea' id='block_1_70' title="bbox 222 4111 1779 4188">
    <p class='ocr_par' dir='ltr' id='par_1_70' title="bbox 222 4111 1779 4188">
     <span class='ocr_line' id='line_1_71' title="bbox 222 4111 1779 4188; baseline 0.003 -24"><span class='ocrx_word' id='word_1_522' title='bbox 222 4111 349 4183; x_wconf 74' lang='grc' dir='ltr'>γνῷς</span> <span class='ocrx_word' id='word_1_523' title='bbox 372 4111 433 4164; x_wconf 81' lang='grc' dir='ltr'><strong>τὸ</strong></span> <span class='ocrx_word' id='word_1_524' title='bbox 470 4111 670 4177; x_wconf 78' lang='grc' dir='ltr'>κάλλος</span> <span class='ocrx_word' id='word_1_525' title='bbox 710 4114 849 4185; x_wconf 83' lang='grc' dir='ltr'>ὅπερ</span> <span class='ocrx_word' id='word_1_526' title='bbox 878 4112 1131 4185; x_wconf 78' lang='grc' dir='ltr'>εἴληφας,</span> <span class='ocrx_word' id='word_1_527' title='bbox 1170 4132 1189 4165; x_wconf 82' lang='grc' dir='ltr'><strong>ι</strong></span> <span class='ocrx_word' id='word_1_528' title='bbox 1227 4113 1408 4179; x_wconf 75' lang='grc' dir='ltr'>ἔξελθε</span> <span class='ocrx_word' id='word_1_529' title='bbox 1436 4115 1493 4168; x_wconf 80' lang='grc' dir='ltr'>ὲν</span> <span class='ocrx_word' id='word_1_530' title='bbox 1520 4115 1779 4188; x_wconf 83' lang='grc' dir='ltr'>πτέρναις</span> 
     </span>
    </p>
   </div>
   <div class='ocr_carea' id='block_1_71' title="bbox 223 4202 1779 4277">
    <p class='ocr_par' dir='ltr' id='par_1_71' title="bbox 223 4202 1779 4277">
     <span class='ocr_line' id='line_1_72' title="bbox 223 4202 1779 4277; baseline 0.003 -21"><span class='ocrx_word' id='word_1_531' title='bbox 223 4202 316 4255; x_wconf 69' lang='grc' dir='ltr'>τῶν</span> <span class='ocrx_word' id='word_1_532' title='bbox 341 4204 624 4275; x_wconf 78' lang='grc' dir='ltr'>ποιμνίων.</span> <span class='ocrx_word' id='word_1_533' title='bbox 650 4223 671 4257; x_wconf 79' lang='lat' dir='ltr'><strong>s</strong></span> <span class='ocrx_word' id='word_1_534' title='bbox 708 4204 1089 4276; x_wconf 82' lang='grc' dir='ltr'>Ἀπειλητικὸς</span> <span class='ocrx_word' id='word_1_535' title='bbox 1116 4207 1147 4259; x_wconf 81' lang='grc' dir='ltr'><strong>ὁ</strong></span> <span class='ocrx_word' id='word_1_536' title='bbox 1182 4205 1362 4275; x_wconf 86' lang='grc' dir='ltr'>λόγος,</span> <span class='ocrx_word' id='word_1_537' title='bbox 1396 4207 1779 4277; x_wconf 75' lang='grc' dir='ltr'>ἐπιτιμητικὸν</span> 
     </span>
    </p>
   </div>
   <div class='ocr_carea' id='block_1_72' title="bbox 225 4292 1775 4371">
    <p class='ocr_par' dir='ltr' id='par_1_72' title="bbox 225 4292 1775 4371">
     <span class='ocr_line' id='line_1_73' title="bbox 225 4292 1775 4371; baseline 0.005 -27"><span class='ocrx_word' id='word_1_538' title='bbox 225 4292 280 4345; x_wconf 77' lang='grc' dir='ltr'>τὸ</span> <span class='ocrx_word' id='word_1_539' title='bbox 315 4295 475 4365; x_wconf 80' lang='grc' dir='ltr'>ῥῆμα.</span> <span class='ocrx_word' id='word_1_540' title='bbox 508 4295 686 4350; x_wconf 81' lang='grc' dir='ltr'>Ὅπου</span> <span class='ocrx_word' id='word_1_541' title='bbox 724 4296 835 4367; x_wconf 86' lang='grc' dir='ltr'><strong>γὰρ</strong></span> <span class='ocrx_word' id='word_1_542' title='bbox 865 4295 1056 4365; x_wconf 80' lang='grc' dir='ltr'>ἀγνοία</span> <span class='ocrx_word' id='word_1_543' title='bbox 1090 4296 1192 4366; x_wconf 84' lang='lat'><strong>(6),</strong></span> <span class='ocrx_word' id='word_1_544' title='bbox 1226 4298 1344 4350; x_wconf 69' lang='grc' dir='ltr'><strong>ἐκεῖ</strong></span> <span class='ocrx_word' id='word_1_545' title='bbox 1377 4300 1471 4351; x_wconf 75' lang='grc' dir='ltr'><strong>καὶ</strong></span> <span class='ocrx_word' id='word_1_546' title='bbox 1500 4299 1775 4371; x_wconf 81' lang='grc' dir='ltr'>ἐπιτιμία.</span> 
     </span>
    </p>
   </div>
   <div class='ocr_carea' id='block_1_73' title="bbox 238 4384 1779 4462">
    <p class='ocr_par' dir='ltr' id='par_1_73' title="bbox 238 4384 1779 4462">
     <span class='ocr_line' id='line_1_74' title="bbox 238 4384 1779 4462; baseline 0.004 -25"><span class='ocrx_word' id='word_1_547' title='bbox 238 4384 432 4456; x_wconf 75' lang='grc' dir='ltr'>Ἐπειδὴ</span> <span class='ocrx_word' id='word_1_548' title='bbox 462 4388 573 4459; x_wconf 75' lang='grc' dir='ltr'><strong>γὰρ</strong></span> <span class='ocrx_word' id='word_1_549' title='bbox 603 4391 832 4461; x_wconf 79' lang='grc' dir='ltr'>προεῖπε</span> <span class='ocrx_word' id='word_1_550' title='bbox 857 4405 872 4420; x_wconf 80' lang='grc'><strong>’</strong></span> <span class='ocrx_word' id='word_1_551' title='bbox 919 4406 938 4439; x_wconf 79' lang='grc' dir='ltr'><strong>ι</strong></span> <span class='ocrx_word' id='word_1_552' title='bbox 972 4389 1198 4460; x_wconf 83' lang='grc' dir='ltr'><strong>Μήποτε</strong></span> <span class='ocrx_word' id='word_1_553' title='bbox 1232 4389 1475 4460; x_wconf 85' lang='grc' dir='ltr'><strong>γένωμαι</strong></span> <span class='ocrx_word' id='word_1_554' title='bbox 1511 4390 1588 4454; x_wconf 83' lang='grc' dir='ltr'>ὡς</span> <span class='ocrx_word' id='word_1_555' title='bbox 1618 4407 1779 4462; x_wconf 88' lang='grc' dir='ltr'>περι-</span> 
     </span>
    </p>
   </div>
   <div class='ocr_carea' id='block_1_74' title="bbox 230 4473 1777 4555">
    <p class='ocr_par' dir='ltr' id='par_1_74' title="bbox 230 4473 1777 4555">
     <span class='ocr_line' id='line_1_75' title="bbox 230 4473 1777 4555; baseline 0.003 -25"><span class='ocrx_word' id='word_1_556' title='bbox 230 4473 509 4550; x_wconf 72' lang='grc' dir='ltr'>ϐαλλομένη</span> <span class='ocrx_word' id='word_1_557' title='bbox 552 4479 643 4532; x_wconf 74' lang='grc' dir='ltr'><strong>ἐπ’</strong></span> <span class='ocrx_word' id='word_1_558' title='bbox 681 4479 911 4548; x_wconf 81' lang='grc' dir='ltr'>ἀγέλαις</span> <span class='ocrx_word' id='word_1_559' title='bbox 943 4480 1180 4552; x_wconf 78' lang='grc' dir='ltr'>ἑταίρων</span> <span class='ocrx_word' id='word_1_560' title='bbox 1224 4498 1318 4535; x_wconf 88' lang='grc' dir='ltr'><strong>σου</strong></span> <span class='ocrx_word' id='word_1_561' title='bbox 1342 4499 1358 4514; x_wconf 76' lang='grc' dir='ltr'><strong>ο</strong></span> <span class='ocrx_word' id='word_1_562' title='bbox 1394 4482 1578 4555; x_wconf 65' lang='grc' dir='ltr'>»ὓπερ</span> <span class='ocrx_word' id='word_1_563' title='bbox 1611 4481 1728 4536; x_wconf 79' lang='grc' dir='ltr'>ἐστί</span> <span class='ocrx_word' id='word_1_564' title='bbox 1762 4500 1777 4514; x_wconf 78' lang='grc' dir='ltr'><strong><em>ο</em></strong></span> 
     </span>
    </p>
   </div>
   <div class='ocr_carea' id='block_1_75' title="bbox 231 4566 1782 4645">
    <p class='ocr_par' dir='ltr' id='par_1_75' title="bbox 231 4566 1782 4645">
     <span class='ocr_line' id='line_1_76' title="bbox 231 4566 1782 4645; baseline 0.006 -26"><span class='ocrx_word' id='word_1_565' title='bbox 231 4566 434 4638; x_wconf 58' lang='lat' dir='ltr'><strong>Munere</strong></span> <span class='ocrx_word' id='word_1_566' title='bbox 481 4571 627 4626; x_wconf 65' lang='grc' dir='ltr'>κατὰ</span> <span class='ocrx_word' id='word_1_567' title='bbox 668 4573 779 4626; x_wconf 86' lang='grc' dir='ltr'>τῶν</span> <span class='ocrx_word' id='word_1_568' title='bbox 825 4573 1090 4644; x_wconf 77' lang='grc' dir='ltr'>αἱρέσεων</span> <span class='ocrx_word' id='word_1_569' title='bbox 1151 4572 1440 4645; x_wconf 79' lang='grc' dir='ltr'>ἁναμιγῶ’</span> <span class='ocrx_word' id='word_1_570' title='bbox 1489 4573 1576 4628; x_wconf 78' lang='grc' dir='ltr'>διὰ</span> <span class='ocrx_word' id='word_1_571' title='bbox 1623 4573 1782 4629; x_wconf 76' lang='grc' dir='ltr'>τοῦτο</span> 
     </span>
    </p>
   </div>
   <div class='ocr_carea' id='block_1_76' title="bbox 233 4656 1781 4736">
    <p class='ocr_par' dir='ltr' id='par_1_76' title="bbox 233 4656 1781 4736">
     <span class='ocr_line' id='line_1_77' title="bbox 233 4656 1781 4736; baseline 0.002 -21"><span class='ocrx_word' id='word_1_572' title='bbox 233 4656 400 4733; x_wconf 80' lang='grc' dir='ltr'>ὥσπερ</span> <span class='ocrx_word' id='word_1_573' title='bbox 422 4663 790 4735; x_wconf 77' lang='grc' dir='ltr'>ἀπειλητικῶς</span> <span class='ocrx_word' id='word_1_574' title='bbox 822 4666 1051 4735; x_wconf 74' lang='grc' dir='ltr'>ἐπιτιμᾷ</span> <span class='ocrx_word' id='word_1_575' title='bbox 1073 4664 1231 4736; x_wconf 78' lang='grc' dir='ltr'>αὐτῇ,</span> <span class='ocrx_word' id='word_1_576' title='bbox 1277 4667 1370 4718; x_wconf 74' lang='grc' dir='ltr'><strong>καὶ</strong></span> <span class='ocrx_word' id='word_1_577' title='bbox 1413 4663 1596 4734; x_wconf 81' lang='grc' dir='ltr'><strong>λέγει·</strong></span> <span class='ocrx_word' id='word_1_578' title='bbox 1655 4664 1781 4719; x_wconf 86' lang='grc' dir='ltr'>Ἐὰν</span> 
     </span>
    </p>
   </div>
   <div class='ocr_carea' id='block_1_77' title="bbox 234 4750 1782 4829">
    <p class='ocr_par' dir='ltr' id='par_1_77' title="bbox 234 4750 1782 4829">
     <span class='ocr_line' id='line_1_78' title="bbox 234 4750 1782 4829; baseline 0.001 -20"><span class='ocrx_word' id='word_1_579' title='bbox 234 4750 299 4821; x_wconf 77' lang='grc' dir='ltr'><strong>μὴ</strong></span> <span class='ocrx_word' id='word_1_580' title='bbox 329 4754 464 4824; x_wconf 81' lang='grc' dir='ltr'>γνῷς</span> <span class='ocrx_word' id='word_1_581' title='bbox 507 4772 606 4808; x_wconf 87' lang='grc' dir='ltr'><strong>σου</strong></span> <span class='ocrx_word' id='word_1_582' title='bbox 639 4756 701 4809; x_wconf 83' lang='grc' dir='ltr'>τὸ</span> <span class='ocrx_word' id='word_1_583' title='bbox 729 4756 944 4820; x_wconf 82' lang='grc' dir='ltr'>κάλλος,</span> <span class='ocrx_word' id='word_1_584' title='bbox 978 4757 1059 4809; x_wconf 81' lang='grc' dir='ltr'>ὅτι</span> <span class='ocrx_word' id='word_1_585' title='bbox 1091 4759 1219 4829; x_wconf 83' lang='grc' dir='ltr'>παρ’</span> <span class='ocrx_word' id='word_1_586' title='bbox 1251 4755 1388 4828; x_wconf 77' lang='grc' dir='ltr'><strong>ἐμοῦ</strong></span> <span class='ocrx_word' id='word_1_587' title='bbox 1423 4756 1555 4810; x_wconf 81' lang='grc' dir='ltr'>αὐτὸ</span> <span class='ocrx_word' id='word_1_588' title='bbox 1581 4756 1782 4827; x_wconf 80' lang='grc' dir='ltr'>κέκτη-</span> 
     </span>
    </p>
   </div>
   <div class='ocr_carea' id='block_1_78' title="bbox 235 4846 1784 4919">
    <p class='ocr_par' dir='ltr' id='par_1_78' title="bbox 235 4846 1784 4919">
     <span class='ocr_line' id='line_1_79' title="bbox 235 4846 1784 4919; baseline 0.007 -27"><span class='ocrx_word' id='word_1_589' title='bbox 235 4857 331 4907; x_wconf 82' lang='grc' dir='ltr'>σαι,</span> <span class='ocrx_word' id='word_1_590' title='bbox 362 4862 381 4896; x_wconf 84' lang='grc' dir='ltr'><strong>ι</strong></span> <span class='ocrx_word' id='word_1_591' title='bbox 413 4846 595 4911; x_wconf 74' lang='grc' dir='ltr'><strong>ἔξελθε</strong></span> <span class='ocrx_word' id='word_1_592' title='bbox 640 4849 698 4901; x_wconf 82' lang='grc' dir='ltr'>ὲν</span> <span class='ocrx_word' id='word_1_593' title='bbox 740 4849 1001 4919; x_wconf 78' lang='grc' dir='ltr'>πτέρναις</span> <span class='ocrx_word' id='word_1_594' title='bbox 1048 4848 1158 4902; x_wconf 85' lang='grc' dir='ltr'><strong>τῶν</strong></span> <span class='ocrx_word' id='word_1_595' title='bbox 1193 4849 1481 4919; x_wconf 85' lang='grc' dir='ltr'>ποιμνίων,</span> <span class='ocrx_word' id='word_1_596' title='bbox 1526 4849 1623 4904; x_wconf 76' lang='grc' dir='ltr'><strong>καὶ</strong></span> <span class='ocrx_word' id='word_1_597' title='bbox 1664 4849 1784 4903; x_wconf 89' lang='grc' dir='ltr'>ποί-</span> 
     </span>
    </p>
   </div>
   <div class='ocr_carea' id='block_1_79' title="bbox 236 4935 1778 5009">
    <p class='ocr_par' dir='ltr' id='par_1_79' title="bbox 236 4935 1778 5009">
     <span class='ocr_line' id='line_1_80' title="bbox 236 4935 1778 5009; baseline 0.006 -26"><span class='ocrx_word' id='word_1_598' title='bbox 236 4945 373 4997; x_wconf 65' lang='grc' dir='ltr'>μαινε</span> <span class='ocrx_word' id='word_1_599' title='bbox 418 4936 518 5000; x_wconf 77' lang='grc' dir='ltr'>τὰς</span> <span class='ocrx_word' id='word_1_600' title='bbox 575 4935 798 5009; x_wconf 69' lang='grc' dir='ltr'>ἐρίφους</span> <span class='ocrx_word' id='word_1_601' title='bbox 849 4954 974 4989; x_wconf 87' lang='grc' dir='ltr'>σου·</span> <span class='ocrx_word' id='word_1_602' title='bbox 1018 4956 1038 4989; x_wconf 77' lang='grc' dir='ltr'><strong>ι</strong></span> <span class='ocrx_word' id='word_1_603' title='bbox 1072 4937 1374 4991; x_wconf 85' lang='grc' dir='ltr'>τουτέστιν·</span> <span class='ocrx_word' id='word_1_604' title='bbox 1438 4939 1501 4991; x_wconf 70' lang='lat' dir='ltr'><strong>Et</strong></span> <span class='ocrx_word' id='word_1_605' title='bbox 1550 4939 1778 5005; x_wconf 80' lang='grc' dir='ltr'>ἀναξίαν</span> 
     </span>
    </p>
   </div>
   <div class='ocr_carea' id='block_1_80' title="bbox 1812 4526 1859 4582">
    <p class='ocr_par' dir='ltr' id='par_1_80' title="bbox 1812 4526 1859 4582">
     <span class='ocr_line' id='line_1_81' title="bbox 1812 4526 1859 4582; baseline 0 0"><span class='ocrx_word' id='word_1_606' title='bbox 1812 4526 1859 4582; x_wconf 88' lang='lat' dir='ltr'><strong>D</strong></span> 
     </span>
    </p>
   </div>
   <div class='ocr_carea' id='block_1_81' title="bbox 1873 3289 3441 3365">
    <p class='ocr_par' dir='ltr' id='par_1_81' title="bbox 1873 3289 3441 3365">
     <span class='ocr_line' id='line_1_82' title="bbox 1873 3289 3441 3365; baseline -0.004 -16"><span class='ocrx_word' id='word_1_607' title='bbox 1873 3295 2332 3365; x_wconf 84' lang='lat' dir='ltr'><strong>pulchritudinem</strong></span> <span class='ocrx_word' id='word_1_608' title='bbox 2390 3296 2628 3359; x_wconf 81' lang='lat' dir='ltr'><strong>habens,</strong></span> <span class='ocrx_word' id='word_1_609' title='bbox 2687 3293 2781 3349; x_wconf 87' lang='lat' dir='ltr'><strong>sed</strong></span> <span class='ocrx_word' id='word_1_610' title='bbox 2831 3308 2898 3348; x_wconf 79' lang='lat' dir='ltr'><strong>ex</strong></span> <span class='ocrx_word' id='word_1_611' title='bbox 2941 3292 3128 3363; x_wconf 83' lang='lat' dir='ltr'><strong>coqui</strong></span> <span class='ocrx_word' id='word_1_612' title='bbox 3166 3289 3441 3362; x_wconf 78' lang='lat' dir='ltr'><strong>Speciosus</strong></span> 
     </span>
    </p>
   </div>
   <div class='ocr_carea' id='block_1_82' title="bbox 1873 3377 3441 3439">
    <p class='ocr_par' dir='ltr' id='par_1_82' title="bbox 1873 3377 3441 3439">
     <span class='ocr_line' id='line_1_83' title="bbox 1873 3377 3441 3439; baseline -0.005 0"><span class='ocrx_word' id='word_1_613' title='bbox 1873 3391 1960 3439; x_wconf 87' lang='lat' dir='ltr'><strong>est</strong></span> <span class='ocrx_word' id='word_1_614' title='bbox 1991 3386 2161 3438; x_wconf 81' lang='lat' dir='ltr'><strong>forma</strong></span> <span class='ocrx_word' id='word_1_615' title='bbox 2207 3382 2346 3437; x_wconf 88' lang='lat' dir='ltr'><strong>inter</strong></span> <span class='ocrx_word' id='word_1_616' title='bbox 2386 3382 2526 3438; x_wconf 84' lang='lat' dir='ltr'><strong>ﬁlios</strong></span> <span class='ocrx_word' id='word_1_617' title='bbox 2574 3385 2849 3438; x_wconf 84' lang='lat' dir='ltr'><strong>hominum</strong></span> <span class='ocrx_word' id='word_1_618' title='bbox 2879 3381 2951 3437; x_wconf 79' lang='lat'><strong>“.</strong></span> <span class='ocrx_word' id='word_1_619' title='bbox 2977 3381 3111 3435; x_wconf 89' lang='lat' dir='ltr'><strong>Cum</strong></span> <span class='ocrx_word' id='word_1_620' title='bbox 3159 3392 3292 3433; x_wconf 89' lang='lat' dir='ltr'><strong>vero</strong></span> <span class='ocrx_word' id='word_1_621' title='bbox 3337 3377 3441 3433; x_wconf 81' lang='lat' dir='ltr'><strong>im-</strong></span> 
     </span>
    </p>
   </div>
   <div class='ocr_carea' id='block_1_83' title="bbox 1874 3466 3438 3546">
    <p class='ocr_par' dir='ltr' id='par_1_83' title="bbox 1874 3466 3438 3546">
     <span class='ocr_line' id='line_1_84' title="bbox 1874 3466 3438 3546; baseline -0.005 -17"><span class='ocrx_word' id='word_1_622' title='bbox 1874 3476 2137 3546; x_wconf 82' lang='lat' dir='ltr'><strong>presserit</strong></span> <span class='ocrx_word' id='word_1_623' title='bbox 2165 3475 2217 3529; x_wconf 92' lang='lat' dir='ltr'><strong>in</strong></span> <span class='ocrx_word' id='word_1_624' title='bbox 2252 3475 2365 3545; x_wconf 85' lang='lat' dir='ltr'><strong>ipsa</strong></span> <span class='ocrx_word' id='word_1_625' title='bbox 2397 3476 2670 3545; x_wconf 82' lang='lat' dir='ltr'><strong>propriam</strong></span> <span class='ocrx_word' id='word_1_626' title='bbox 2715 3472 3039 3544; x_wconf 85' lang='lat' dir='ltr'><strong>Unigenitus</strong></span> <span class='ocrx_word' id='word_1_627' title='bbox 3081 3466 3438 3541; x_wconf 81' lang='lat' dir='ltr'><strong>pulchritudi-</strong></span> 
     </span>
    </p>
   </div>
   <div class='ocr_carea' id='block_1_84' title="bbox 1877 3558 3444 3635">
    <p class='ocr_par' dir='ltr' id='par_1_84' title="bbox 1877 3558 3444 3635">
     <span class='ocr_line' id='line_1_85' title="bbox 1877 3558 3444 3635; baseline -0.008 -13"><span class='ocrx_word' id='word_1_628' title='bbox 1877 3582 2000 3622; x_wconf 89' lang='lat' dir='ltr'><strong>nem</strong></span> <span class='ocrx_word' id='word_1_629' title='bbox 2033 3580 2127 3635; x_wconf 90' lang='lat' dir='ltr'><strong>per</strong></span> <span class='ocrx_word' id='word_1_630' title='bbox 2152 3565 2432 3620; x_wconf 86' lang='lat' dir='ltr'><strong>lavacrum</strong></span> <span class='ocrx_word' id='word_1_631' title='bbox 2461 3564 2922 3635; x_wconf 84' lang='lat' dir='ltr'><strong>regenerationis,</strong></span> <span class='ocrx_word' id='word_1_632' title='bbox 2965 3561 3168 3616; x_wconf 89' lang='lat' dir='ltr'><strong>utiliter</strong></span> <span class='ocrx_word' id='word_1_633' title='bbox 3200 3574 3322 3615; x_wconf 87' lang='lat' dir='ltr'><strong>eam</strong></span> <span class='ocrx_word' id='word_1_634' title='bbox 3364 3558 3444 3611; x_wconf 88' lang='lat' dir='ltr'><strong>in-</strong></span> 
     </span>
    </p>
   </div>
   <div class='ocr_carea' id='block_1_85' title="bbox 1877 3648 3446 3728">
    <p class='ocr_par' dir='ltr' id='par_1_85' title="bbox 1877 3648 3446 3728">
     <span class='ocr_line' id='line_1_86' title="bbox 1877 3648 3446 3728; baseline -0.004 -14"><span class='ocrx_word' id='word_1_635' title='bbox 1877 3666 2063 3728; x_wconf 85' lang='lat' dir='ltr'><strong>crepat</strong></span> <span class='ocrx_word' id='word_1_636' title='bbox 2091 3667 2144 3712; x_wconf 92' lang='lat' dir='ltr'><strong>et</strong></span> <span class='ocrx_word' id='word_1_637' title='bbox 2175 3658 2310 3713; x_wconf 87' lang='lat' dir='ltr'><strong>dicit</strong></span> <span class='ocrx_word' id='word_1_638' title='bbox 2342 3675 2357 3711; x_wconf 88' lang='lat'><strong>:</strong></span> <span class='ocrx_word' id='word_1_639' title='bbox 2389 3674 2409 3707; x_wconf 81' lang='grc' dir='ltr'><strong>ι</strong></span> <span class='ocrx_word' id='word_1_640' title='bbox 2440 3655 2552 3710; x_wconf 82' lang='lat' dir='ltr'><strong>Nisi</strong></span> <span class='ocrx_word' id='word_1_641' title='bbox 2585 3657 2906 3726; x_wconf 81' lang='lat' dir='ltr'><strong>cognoveris</strong></span> <span class='ocrx_word' id='word_1_642' title='bbox 2937 3664 2990 3708; x_wconf 90' lang='lat' dir='ltr'><strong>te</strong></span> <span class='ocrx_word' id='word_1_643' title='bbox 3023 3654 3191 3724; x_wconf 83' lang='lat' dir='ltr'><strong>ipsam</strong></span> <span class='ocrx_word' id='word_1_644' title='bbox 3211 3689 3229 3717; x_wconf 88' lang='lat'><strong>,</strong></span> <span class='ocrx_word' id='word_1_645' title='bbox 3262 3664 3297 3706; x_wconf 89' lang='grc' dir='ltr'><strong>ο</strong></span> <span class='ocrx_word' id='word_1_646' title='bbox 3324 3648 3446 3720; x_wconf 63' lang='lat' dir='ltr'><strong>puls-</strong></span> 
     </span>
    </p>
   </div>
   <div class='ocr_carea' id='block_1_86' title="bbox 1876 3749 2545 3805">
    <p class='ocr_par' dir='ltr' id='par_1_86' title="bbox 1876 3749 2545 3805">
     <span class='ocr_line' id='line_1_87' title="bbox 1876 3749 2545 3805; baseline -0.006 0"><span class='ocrx_word' id='word_1_647' title='bbox 1876 3751 2008 3805; x_wconf 86' lang='lat' dir='ltr'><strong>chra</strong></span> <span class='ocrx_word' id='word_1_648' title='bbox 2043 3749 2185 3804; x_wconf 90' lang='lat' dir='ltr'><strong>inter</strong></span> <span class='ocrx_word' id='word_1_649' title='bbox 2214 3749 2484 3805; x_wconf 81' lang='lat' dir='ltr'><strong>mulieres.</strong></span> <span class='ocrx_word' id='word_1_650' title='bbox 2525 3767 2545 3801; x_wconf 73' lang='grc' dir='ltr'><strong>ι</strong></span> 
     </span>
    </p>
   </div>
   <div class='ocr_carea' id='block_1_87' title="bbox 1949 3838 3447 3914">
    <p class='ocr_par' dir='ltr' id='par_1_87' title="bbox 1949 3838 3447 3914">
     <span class='ocr_line' id='line_1_88' title="bbox 1949 3838 3447 3914; baseline -0.006 -19"><span class='ocrx_word' id='word_1_651' title='bbox 1949 3838 2135 3896; x_wconf 76' lang='lat' dir='ltr'><strong>XVIII.</strong></span> <span class='ocrx_word' id='word_1_652' title='bbox 2179 3840 2438 3912; x_wconf 80' lang='lat' dir='ltr'><strong>Egredere</strong></span> <span class='ocrx_word' id='word_1_653' title='bbox 2495 3843 2548 3895; x_wconf 82' lang='lat' dir='ltr'><strong>in</strong></span> <span class='ocrx_word' id='word_1_654' title='bbox 2606 3840 2831 3914; x_wconf 74' lang='lat' dir='ltr'><strong>vestigiis</strong></span> <span class='ocrx_word' id='word_1_655' title='bbox 2883 3853 3128 3911; x_wconf 86' lang='lat' dir='ltr'><strong>gregum,</strong></span> <span class='ocrx_word' id='word_1_656' title='bbox 3194 3844 3245 3890; x_wconf 85' lang='lat' dir='ltr'><strong>et</strong></span> <span class='ocrx_word' id='word_1_657' title='bbox 3296 3847 3447 3905; x_wconf 69' lang='lat' dir='ltr'><strong>pasce</strong></span> 
     </span>
    </p>
   </div>
   <div class='ocr_carea' id='block_1_88' title="bbox 1878 3931 2226 3985">
    <p class='ocr_par' dir='ltr' id='par_1_88' title="bbox 1878 3931 2226 3985">
     <span class='ocr_line' id='line_1_89' title="bbox 1878 3931 2226 3985; baseline -0.003 0"><span class='ocrx_word' id='word_1_658' title='bbox 1878 3931 2055 3985; x_wconf 67' lang='lat' dir='ltr'><strong>hazdos</strong></span> <span class='ocrx_word' id='word_1_659' title='bbox 2091 3939 2226 3984; x_wconf 81' lang='lat' dir='ltr'><strong>tuos.</strong></span> 
     </span>
    </p>
   </div>
   <div class='ocr_carea' id='block_1_89' title="bbox 1950 4014 3446 4093">
    <p class='ocr_par' dir='ltr' id='par_1_89' title="bbox 1950 4014 3446 4093">
     <span class='ocr_line' id='line_1_90' title="bbox 1950 4014 3446 4093; baseline -0.008 -15"><span class='ocrx_word' id='word_1_660' title='bbox 1950 4021 2067 4078; x_wconf 86' lang='lat' dir='ltr'><strong>Nisi</strong></span> <span class='ocrx_word' id='word_1_661' title='bbox 2117 4021 2474 4093; x_wconf 87' lang='lat' dir='ltr'><strong>cognoveris,</strong></span> <span class='ocrx_word' id='word_1_662' title='bbox 2528 4022 2729 4092; x_wconf 82' lang='lat' dir='ltr'><strong>inquit,</strong></span> <span class='ocrx_word' id='word_1_663' title='bbox 2778 4020 2869 4077; x_wconf 91' lang='lat' dir='ltr'><strong>uhi</strong></span> <span class='ocrx_word' id='word_1_664' title='bbox 2917 4033 3072 4087; x_wconf 87' lang='lat' dir='ltr'><strong>eras,</strong></span> <span class='ocrx_word' id='word_1_665' title='bbox 3113 4026 3171 4074; x_wconf 91' lang='lat' dir='ltr'><strong>et</strong></span> <span class='ocrx_word' id='word_1_666' title='bbox 3212 4014 3303 4071; x_wconf 89' lang='lat' dir='ltr'><strong>ubi</strong></span> <span class='ocrx_word' id='word_1_667' title='bbox 3342 4025 3446 4068; x_wconf 89' lang='lat' dir='ltr'><strong>es:</strong></span> 
     </span>
    </p>
   </div>
   <div class='ocr_carea' id='block_1_90' title="bbox 1880 4105 3442 4185">
    <p class='ocr_par' dir='ltr' id='par_1_90' title="bbox 1880 4105 3442 4185">
     <span class='ocr_line' id='line_1_91' title="bbox 1880 4105 3442 4185; baseline -0.006 -15"><span class='ocrx_word' id='word_1_668' title='bbox 1880 4116 1983 4172; x_wconf 91' lang='lat' dir='ltr'><strong>nisi</strong></span> <span class='ocrx_word' id='word_1_669' title='bbox 2035 4117 2354 4185; x_wconf 74' lang='lat' dir='ltr'><strong>cognoveris</strong></span> <span class='ocrx_word' id='word_1_670' title='bbox 2412 4113 2871 4183; x_wconf 84' lang='lat' dir='ltr'><strong>pulchritudinem</strong></span> <span class='ocrx_word' id='word_1_671' title='bbox 2924 4126 3085 4182; x_wconf 90' lang='lat' dir='ltr'><strong>quam</strong></span> <span class='ocrx_word' id='word_1_672' title='bbox 3148 4105 3442 4176; x_wconf 85' lang='lat' dir='ltr'><strong>accepisti,</strong></span> 
     </span>
    </p>
   </div>
   <div class='ocr_carea' id='block_1_91' title="bbox 1885 4201 3449 4281">
    <p class='ocr_par' dir='ltr' id='par_1_91' title="bbox 1885 4201 3449 4281">
     <span class='ocr_line' id='line_1_92' title="bbox 1885 4201 3449 4281; baseline -0.006 -19"><span class='ocrx_word' id='word_1_673' title='bbox 1885 4228 1906 4262; x_wconf 79' lang='grc' dir='ltr'><strong>ι</strong></span> <span class='ocrx_word' id='word_1_674' title='bbox 1933 4210 2189 4281; x_wconf 80' lang='lat' dir='ltr'><strong>egredere</strong></span> <span class='ocrx_word' id='word_1_675' title='bbox 2215 4210 2266 4264; x_wconf 93' lang='lat' dir='ltr'><strong>in</strong></span> <span class='ocrx_word' id='word_1_676' title='bbox 2293 4209 2532 4279; x_wconf 77' lang='lat' dir='ltr'><strong>vestigiis</strong></span> <span class='ocrx_word' id='word_1_677' title='bbox 2554 4222 2798 4277; x_wconf 80' lang='lat' dir='ltr'><strong>gregum.</strong></span> <span class='ocrx_word' id='word_1_678' title='bbox 2821 4225 2840 4259; x_wconf 75' lang='grc' dir='ltr'><strong>ι</strong></span> <span class='ocrx_word' id='word_1_679' title='bbox 2870 4201 3295 4262; x_wconf 81' lang='lat' dir='ltr'><strong>Comminativus</strong></span> <span class='ocrx_word' id='word_1_680' title='bbox 3335 4212 3449 4255; x_wconf 85' lang='lat' dir='ltr'><strong>ser-</strong></span> 
     </span>
    </p>
   </div>
   <div class='ocr_carea' id='block_1_92' title="bbox 1881 4290 3457 4373">
    <p class='ocr_par' dir='ltr' id='par_1_92' title="bbox 1881 4290 3457 4373">
     <span class='ocr_line' id='line_1_93' title="bbox 1881 4290 3457 4373; baseline -0.009 -14"><span class='ocrx_word' id='word_1_681' title='bbox 1881 4319 2011 4358; x_wconf 86' lang='lat' dir='ltr'><strong>mo:</strong></span> <span class='ocrx_word' id='word_1_682' title='bbox 2047 4303 2439 4373; x_wconf 80' lang='lat' dir='ltr'><strong>objurgativum</strong></span> <span class='ocrx_word' id='word_1_683' title='bbox 2471 4301 2716 4357; x_wconf 85' lang='lat' dir='ltr'><strong>verbum.</strong></span> <span class='ocrx_word' id='word_1_684' title='bbox 2759 4299 2861 4356; x_wconf 88' lang='lat' dir='ltr'><strong>Ubi</strong></span> <span class='ocrx_word' id='word_1_685' title='bbox 2910 4298 3055 4354; x_wconf 89' lang='lat' dir='ltr'><strong>enim</strong></span> <span class='ocrx_word' id='word_1_686' title='bbox 3097 4293 3347 4360; x_wconf 84' lang='lat' dir='ltr'><strong>inscitia,</strong></span> <span class='ocrx_word' id='word_1_687' title='bbox 3376 4290 3457 4346; x_wconf 78' lang='lat' dir='ltr'><strong>ibi</strong></span> 
     </span>
    </p>
   </div>
   <div class='ocr_carea' id='block_1_93' title="bbox 1880 4384 3454 4464">
    <p class='ocr_par' dir='ltr' id='par_1_93' title="bbox 1880 4384 3454 4464">
     <span class='ocr_line' id='line_1_94' title="bbox 1880 4384 3454 4464; baseline -0.009 -14"><span class='ocrx_word' id='word_1_688' title='bbox 1880 4407 1937 4451; x_wconf 92' lang='lat' dir='ltr'><strong>et</strong></span> <span class='ocrx_word' id='word_1_689' title='bbox 1968 4393 2281 4464; x_wconf 86' lang='lat' dir='ltr'><strong>increpatio.</strong></span> <span class='ocrx_word' id='word_1_690' title='bbox 2316 4392 2449 4449; x_wconf 89' lang='lat' dir='ltr'><strong>Cum</strong></span> <span class='ocrx_word' id='word_1_691' title='bbox 2488 4395 2632 4448; x_wconf 89' lang='lat' dir='ltr'><strong>enim</strong></span> <span class='ocrx_word' id='word_1_692' title='bbox 2680 4398 2839 4447; x_wconf 83' lang='lat' dir='ltr'><strong>antea</strong></span> <span class='ocrx_word' id='word_1_693' title='bbox 2869 4390 3110 4447; x_wconf 80' lang='lat' dir='ltr'><strong>dixerit:</strong></span> <span class='ocrx_word' id='word_1_694' title='bbox 3146 4406 3165 4440; x_wconf 85' lang='grc' dir='ltr'><strong>ι</strong></span> <span class='ocrx_word' id='word_1_695' title='bbox 3192 4385 3271 4441; x_wconf 92' lang='lat' dir='ltr'><strong>Ne</strong></span> <span class='ocrx_word' id='word_1_696' title='bbox 3313 4384 3454 4438; x_wconf 78' lang='lat' dir='ltr'><strong>forte</strong></span> 
     </span>
    </p>
   </div>
   <div class='ocr_carea' id='block_1_94' title="bbox 1884 4478 3451 4555">
    <p class='ocr_par' dir='ltr' id='par_1_94' title="bbox 1884 4478 3451 4555">
     <span class='ocr_line' id='line_1_95' title="bbox 1884 4478 3451 4555; baseline -0.01 -13"><span class='ocrx_word' id='word_1_697' title='bbox 1884 4484 2087 4543; x_wconf 84' lang='lat' dir='ltr'><strong>eIIiciar</strong></span> <span class='ocrx_word' id='word_1_698' title='bbox 2114 4486 2256 4541; x_wconf 90' lang='lat' dir='ltr'><strong>sicut</strong></span> <span class='ocrx_word' id='word_1_699' title='bbox 2283 4485 2538 4555; x_wconf 88' lang='lat' dir='ltr'><strong>adoperta</strong></span> <span class='ocrx_word' id='word_1_700' title='bbox 2582 4499 2746 4554; x_wconf 90' lang='lat' dir='ltr'><strong>super</strong></span> <span class='ocrx_word' id='word_1_701' title='bbox 2788 4496 2978 4553; x_wconf 81' lang='lat' dir='ltr'><strong>greges</strong></span> <span class='ocrx_word' id='word_1_702' title='bbox 3019 4478 3286 4537; x_wconf 84' lang='lat' dir='ltr'><strong>sodalium</strong></span> <span class='ocrx_word' id='word_1_703' title='bbox 3336 4484 3451 4530; x_wconf 83' lang='lat' dir='ltr'><strong>tuo-</strong></span> 
     </span>
    </p>
   </div>
   <div class='ocr_carea' id='block_1_95' title="bbox 1886 4563 3451 4641">
    <p class='ocr_par' dir='ltr' id='par_1_95' title="bbox 1886 4563 3451 4641">
     <span class='ocr_line' id='line_1_96' title="bbox 1886 4563 3451 4641; baseline -0.01 -8"><span class='ocrx_word' id='word_1_704' title='bbox 1886 4592 2043 4633; x_wconf 88' lang='lat' dir='ltr'><strong>rum:</strong></span> <span class='ocrx_word' id='word_1_705' title='bbox 2075 4595 2095 4629; x_wconf 74' lang='grc' dir='ltr'><strong>ι</strong></span> <span class='ocrx_word' id='word_1_706' title='bbox 2123 4577 2225 4632; x_wconf 88' lang='lat' dir='ltr'><strong>hoc</strong></span> <span class='ocrx_word' id='word_1_707' title='bbox 2277 4584 2389 4641; x_wconf 88' lang='lat' dir='ltr'><strong>est,</strong></span> <span class='ocrx_word' id='word_1_708' title='bbox 2435 4575 2514 4630; x_wconf 86' lang='lat' dir='ltr'><strong>Ne</strong></span> <span class='ocrx_word' id='word_1_709' title='bbox 2573 4576 2716 4630; x_wconf 78' lang='lat' dir='ltr'><strong>forte</strong></span> <span class='ocrx_word' id='word_1_710' title='bbox 2766 4589 2889 4629; x_wconf 92' lang='lat' dir='ltr'><strong>cum</strong></span> <span class='ocrx_word' id='word_1_711' title='bbox 2945 4570 3241 4627; x_wconf 66' lang='lat' dir='ltr'><strong>haeresibus</strong></span> <span class='ocrx_word' id='word_1_712' title='bbox 3280 4563 3451 4620; x_wconf 84' lang='lat' dir='ltr'><strong>admi-</strong></span> 
     </span>
    </p>
   </div>
   <div class='ocr_carea' id='block_1_96' title="bbox 1884 4661 3452 4741">
    <p class='ocr_par' dir='ltr' id='par_1_96' title="bbox 1884 4661 3452 4741">
     <span class='ocr_line' id='line_1_97' title="bbox 1884 4661 3452 4741; baseline -0.012 -14"><span class='ocrx_word' id='word_1_713' title='bbox 1884 4686 2093 4737; x_wconf 85' lang='lat' dir='ltr'><strong>scear;</strong></span> <span class='ocrx_word' id='word_1_714' title='bbox 2159 4680 2441 4741; x_wconf 86' lang='lat' dir='ltr'><strong>propterea</strong></span> <span class='ocrx_word' id='word_1_715' title='bbox 2515 4677 2769 4737; x_wconf 84' lang='lat' dir='ltr'><strong>tanquam</strong></span> <span class='ocrx_word' id='word_1_716' title='bbox 2841 4665 3128 4723; x_wconf 84' lang='lat' dir='ltr'><strong>minaciter</strong></span> <span class='ocrx_word' id='word_1_717' title='bbox 3205 4661 3452 4726; x_wconf 88' lang='lat' dir='ltr'><strong>increpat</strong></span> 
     </span>
    </p>
   </div>
   <div class='ocr_carea' id='block_1_97' title="bbox 1884 4745 3453 4829">
    <p class='ocr_par' dir='ltr' id='par_1_97' title="bbox 1884 4745 3453 4829">
     <span class='ocr_line' id='line_1_98' title="bbox 1884 4745 3453 4829; baseline -0.011 -12"><span class='ocrx_word' id='word_1_718' title='bbox 1884 4777 2042 4827; x_wconf 89' lang='lat' dir='ltr'><strong>eam,</strong></span> <span class='ocrx_word' id='word_1_719' title='bbox 2100 4769 2156 4816; x_wconf 92' lang='lat' dir='ltr'><strong>et</strong></span> <span class='ocrx_word' id='word_1_720' title='bbox 2207 4761 2377 4816; x_wconf 91' lang='lat' dir='ltr'><strong>dicit:</strong></span> <span class='ocrx_word' id='word_1_721' title='bbox 2434 4755 2548 4814; x_wconf 89' lang='lat' dir='ltr'><strong>Nisi</strong></span> <span class='ocrx_word' id='word_1_722' title='bbox 2608 4757 2926 4829; x_wconf 77' lang='lat' dir='ltr'><strong>cognoveris</strong></span> <span class='ocrx_word' id='word_1_723' title='bbox 2980 4756 3154 4825; x_wconf 89' lang='lat' dir='ltr'><strong>ipsam</strong></span> <span class='ocrx_word' id='word_1_724' title='bbox 3213 4745 3453 4821; x_wconf 87' lang='lat' dir='ltr'><strong>pulchri-</strong></span> 
     </span>
    </p>
   </div>
   <div class='ocr_carea' id='block_1_98' title="bbox 1886 4832 3452 4916">
    <p class='ocr_par' dir='ltr' id='par_1_98' title="bbox 1886 4832 3452 4916">
     <span class='ocr_line' id='line_1_99' title="bbox 1886 4832 3452 4916; baseline -0.009 -11"><span class='ocrx_word' id='word_1_725' title='bbox 1886 4852 2122 4907; x_wconf 88' lang='lat' dir='ltr'><strong>tudinem</strong></span> <span class='ocrx_word' id='word_1_726' title='bbox 2171 4861 2223 4906; x_wconf 93' lang='lat' dir='ltr'><strong>te</strong></span> <span class='ocrx_word' id='word_1_727' title='bbox 2251 4865 2281 4904; x_wconf 89' lang='lat' dir='ltr'><strong>a</strong></span> <span class='ocrx_word' id='word_1_728' title='bbox 2322 4865 2407 4905; x_wconf 90' lang='lat' dir='ltr'><strong>me</strong></span> <span class='ocrx_word' id='word_1_729' title='bbox 2463 4848 2701 4914; x_wconf 87' lang='lat' dir='ltr'><strong>habere,</strong></span> <span class='ocrx_word' id='word_1_730' title='bbox 2736 4865 2757 4900; x_wconf 80' lang='grc' dir='ltr'><strong>ι</strong></span> <span class='ocrx_word' id='word_1_731' title='bbox 2788 4846 3049 4916; x_wconf 81' lang='lat' dir='ltr'><strong>egredere</strong></span> <span class='ocrx_word' id='word_1_732' title='bbox 3100 4842 3154 4897; x_wconf 90' lang='lat' dir='ltr'><strong>in</strong></span> <span class='ocrx_word' id='word_1_733' title='bbox 3205 4832 3452 4906; x_wconf 71' lang='lat' dir='ltr'><strong>vestigiis</strong></span> 
     </span>
    </p>
   </div>
   <div class='ocr_carea' id='block_1_99' title="bbox 1886 4929 3461 5013">
    <p class='ocr_par' dir='ltr' id='par_1_99' title="bbox 1886 4929 3461 5013">
     <span class='ocr_line' id='line_1_100' title="bbox 1886 4929 3461 5013; baseline -0.01 -16"><span class='ocrx_word' id='word_1_734' title='bbox 1886 4959 2108 5013; x_wconf 83' lang='lat' dir='ltr'><strong>gregum</strong></span> <span class='ocrx_word' id='word_1_735' title='bbox 2137 4952 2191 4997; x_wconf 92' lang='lat' dir='ltr'><strong>et</strong></span> <span class='ocrx_word' id='word_1_736' title='bbox 2217 4955 2377 5012; x_wconf 81' lang='lat' dir='ltr'><strong>pasce</strong></span> <span class='ocrx_word' id='word_1_737' title='bbox 2401 4941 2581 4995; x_wconf 80' lang='lat' dir='ltr'><strong>hzedos</strong></span> <span class='ocrx_word' id='word_1_738' title='bbox 2610 4949 2770 5001; x_wconf 84' lang='lat' dir='ltr'><strong>tuos;</strong></span> <span class='ocrx_word' id='word_1_739' title='bbox 2801 4955 2819 4990; x_wconf 71' lang='grc' dir='ltr'><strong>ι</strong></span> <span class='ocrx_word' id='word_1_740' title='bbox 2854 4937 2906 4990; x_wconf 88' lang='lat' dir='ltr'><strong>id</strong></span> <span class='ocrx_word' id='word_1_741' title='bbox 2936 4944 3054 5000; x_wconf 86' lang='lat' dir='ltr'><strong>est,</strong></span> <span class='ocrx_word' id='word_1_742' title='bbox 3104 4929 3163 4988; x_wconf 85' lang='lat' dir='ltr'><strong>Si</strong></span> <span class='ocrx_word' id='word_1_743' title='bbox 3192 4939 3246 4985; x_wconf 84' lang='lat' dir='ltr'><strong>te</strong></span> <span class='ocrx_word' id='word_1_744' title='bbox 3280 4929 3461 4998; x_wconf 79' lang='lat' dir='ltr'><strong>ipsam.</strong></span> 
     </span>
    </p>
   </div>
   <div class='ocr_carea' id='block_1_100' title="bbox 292 5111 1766 5186">
    <p class='ocr_par' dir='ltr' id='par_1_100' title="bbox 292 5111 1766 5186">
     <span class='ocr_line' id='line_1_101' title="bbox 292 5111 1766 5186; baseline -0.003 -10"><span class='ocrx_word' id='word_1_745' title='bbox 292 5119 335 5151; x_wconf 86' lang='grc'><strong>⁶¹</strong></span> <span class='ocrx_word' id='word_1_746' title='bbox 369 5117 515 5175; x_wconf 84' lang='lat' dir='ltr'><strong>Psal.</strong></span> <span class='ocrx_word' id='word_1_747' title='bbox 541 5132 683 5186; x_wconf 81' lang='lat' dir='ltr'><strong>xvu,</strong></span> <span class='ocrx_word' id='word_1_748' title='bbox 718 5116 770 5172; x_wconf 84' lang='lat' dir='ltr'><strong>I.</strong></span> <span class='ocrx_word' id='word_1_749' title='bbox 844 5114 891 5147; x_wconf 81' lang='lat'>“</span> <span class='ocrx_word' id='word_1_750' title='bbox 930 5111 1136 5170; x_wconf 82' lang='lat' dir='ltr'><strong>lJoan.</strong></span> <span class='ocrx_word' id='word_1_751' title='bbox 1175 5130 1248 5181; x_wconf 87' lang='lat' dir='ltr'><strong>tv,</strong></span> <span class='ocrx_word' id='word_1_752' title='bbox 1280 5114 1366 5170; x_wconf 85' lang='grc'>10.</span> <span class='ocrx_word' id='word_1_753' title='bbox 1443 5115 1489 5147; x_wconf 81' lang='grc'>⁸³</span> <span class='ocrx_word' id='word_1_754' title='bbox 1528 5115 1724 5186; x_wconf 82' lang='lat' dir='ltr'><strong>Ephes.</strong></span> <span class='ocrx_word' id='word_1_755' title='bbox 1756 5131 1766 5158; x_wconf 62' lang='grc' dir='ltr'><strong>ε</strong></span> 
     </span>
    </p>
   </div>
   <div class='ocr_carea' id='block_1_101' title="bbox 1890 5111 2467 5186">
    <p class='ocr_par' dir='ltr' id='par_1_101' title="bbox 1890 5114 2467 5181">
     <span class='ocr_line' id='line_1_102' title="bbox 1890 5114 2467 5181; baseline -0.003 -11"><span class='ocrx_word' id='word_1_756' title='bbox 1890 5158 1894 5170; x_wconf 85' lang='grc'><em>,</em></span> <span class='ocrx_word' id='word_1_757' title='bbox 1971 5116 2017 5148; x_wconf 67' lang='grc'><strong>⁸⁸</strong></span> <span class='ocrx_word' id='word_1_758' title='bbox 2054 5114 2199 5170; x_wconf 82' lang='lat' dir='ltr'><strong>Psal.</strong></span> <span class='ocrx_word' id='word_1_759' title='bbox 2234 5130 2379 5181; x_wconf 77' lang='lat' dir='ltr'><strong>xuv,</strong></span> <span class='ocrx_word' id='word_1_760' title='bbox 2415 5114 2467 5169; x_wconf 78' lang='lat'><strong>5.</strong></span> 
     </span>
    </p>
   </div>
   <div class='ocr_carea' id='block_1_102' title="bbox 292 5360 1784 5430">
    <p class='ocr_par' dir='ltr' id='par_1_102' title="bbox 292 5360 1784 5430">
     <span class='ocr_line' id='line_1_103' title="bbox 292 5360 1784 5430; baseline -0.006 -9"><span class='ocrx_word' id='word_1_761' title='bbox 292 5360 396 5430; x_wconf 68' lang='grc'><strong>(98)</strong></span> <span class='ocrx_word' id='word_1_762' title='bbox 424 5367 504 5420; x_wconf 79' lang='lat' dir='ltr'><strong>Ex</strong></span> <span class='ocrx_word' id='word_1_763' title='bbox 538 5360 756 5430; x_wconf 65' lang='lat' dir='ltr'><strong>Vallicl;</strong></span> <span class='ocrx_word' id='word_1_764' title='bbox 793 5380 920 5418; x_wconf 80' lang='lat' dir='ltr'><strong>nam</strong></span> <span class='ocrx_word' id='word_1_765' title='bbox 955 5360 1126 5417; x_wconf 28' lang='lat' dir='ltr'><strong>’Barb.</strong></span> <span class='ocrx_word' id='word_1_766' title='bbox 1157 5370 1213 5416; x_wconf 90' lang='lat' dir='ltr'><strong>et</strong></span> <span class='ocrx_word' id='word_1_767' title='bbox 1263 5373 1416 5415; x_wconf 86' lang='lat' dir='ltr'><strong>meus</strong></span> <span class='ocrx_word' id='word_1_768' title='bbox 1437 5360 1635 5417; x_wconf 85' lang='lat' dir='ltr'><strong>habent</strong></span> <span class='ocrx_word' id='word_1_769' title='bbox 1660 5361 1784 5414; x_wconf 76' lang='grc' dir='ltr'>ἐπι-</span> 
     </span>
    </p>
   </div>
   <div class='ocr_carea' id='block_1_103' title="bbox 234 5434 1557 5576">
    <p class='ocr_par' dir='ltr' id='par_1_103' title="bbox 234 5434 1557 5576">
     <span class='ocr_line' id='line_1_104' title="bbox 234 5434 1557 5576; baseline -0.002 -17"><span class='ocrx_word' id='word_1_770' title='bbox 234 5434 826 5576; x_wconf 78' lang='lat' dir='ltr'><strong>Imo_.loannes.</strong></span> <span class='ocrx_word' id='word_1_771' title='bbox 1088 5571 1098 5576; x_wconf 94' lang='lat'><strong>_</strong></span> <span class='ocrx_word' id='word_1_772' title='bbox 1239 5569 1252 5576; x_wconf 91' lang='lat'>_</span> <span class='ocrx_word' id='word_1_773' title='bbox 1310 5569 1323 5576; x_wconf 91' lang='lat'>_</span> <span class='ocrx_word' id='word_1_774' title='bbox 1442 5569 1455 5576; x_wconf 89' lang='lat'><em>_</em></span> <span class='ocrx_word' id='word_1_775' title='bbox 1553 5524 1557 5576; x_wconf 72' lang='grc' dir='ltr'><strong>ς</strong></span> 
     </span>
    </p>
   </div>
   <div class='ocr_carea' id='block_1_104' title="bbox 293 5291 1138 5435">
    <p class='ocr_par' dir='ltr' id='par_1_104' title="bbox 293 5291 1138 5435">
     <span class='ocr_line' id='line_1_105' title="bbox 293 5291 1138 5435; baseline 0 -90"><span class='ocrx_word' id='word_1_776' title='bbox 293 5295 397 5435; x_wconf 80' lang='lat'><strong>(97)</strong></span> <span class='ocrx_word' id='word_1_777' title='bbox 425 5294 637 5350; x_wconf 76' lang='lat' dir='ltr'><strong>Mallem</strong></span> <span class='ocrx_word' id='word_1_778' title='bbox 667 5291 1138 5415; x_wconf 54' lang='grc' dir='ltr'>προστεταγέιένα.</span> 
     </span>
     <span class='ocr_line' id='line_1_106' title="bbox 293 5364 1126 5435; baseline -0.005 -14"><span class='ocrx_word' id='word_1_779' title='bbox 293 5365 374 5435; x_wconf 73' lang='lat'><strong>(98</strong></span> <span class='ocrx_word' id='word_1_780' title='bbox 424 5367 504 5420; x_wconf 79' lang='lat' dir='ltr'><strong>Ex</strong></span> <span class='ocrx_word' id='word_1_781' title='bbox 538 5364 756 5430; x_wconf 84' lang='lat' dir='ltr'><strong>Vallic.;</strong></span> <span class='ocrx_word' id='word_1_782' title='bbox 793 5380 920 5418; x_wconf 80' lang='lat' dir='ltr'><strong>nam</strong></span> <span class='ocrx_word' id='word_1_783' title='bbox 1009 5364 1126 5417; x_wconf 84' lang='lat' dir='ltr'><strong>arb.</strong></span> 
     </span>
    </p>
   </div>
   <div class='ocr_carea' id='block_1_105' title="bbox 333 5453 379 5489">
    <p class='ocr_par' dir='ltr' id='par_1_105' title="bbox 333 5453 379 5489">
     <span class='ocr_line' id='line_1_107' title="bbox 333 5453 379 5489; baseline -0.022 0"><span class='ocrx_word' id='word_1_784' title='bbox 333 5453 379 5489; x_wconf 84' lang='grc' dir='ltr'><strong>ει</strong></span> 
     </span>
    </p>
   </div>
   <div class='ocr_carea' id='block_1_106' title="bbox 294 5567 1788 5644">
    <p class='ocr_par' dir='ltr' id='par_1_106' title="bbox 294 5567 1788 5644">
     <span class='ocr_line' id='line_1_108' title="bbox 294 5567 1788 5644; baseline -0.004 -16"><span class='ocrx_word' id='word_1_785' title='bbox 294 5567 491 5644; x_wconf 67' lang='grc' dir='ltr'><strong>(ηἐἱο</strong></span> <span class='ocrx_word' id='word_1_786' title='bbox 529 5573 814 5636; x_wconf 72' lang='lat' dir='ltr'><strong>Vallicell.;</strong></span> <span class='ocrx_word' id='word_1_787' title='bbox 859 5573 950 5644; x_wconf 84' lang='lat' dir='ltr'><strong>sed</strong></span> <span class='ocrx_word' id='word_1_788' title='bbox 982 5571 1208 5644; x_wconf 68' lang='lat' dir='ltr'><strong>llarber.</strong></span> <span class='ocrx_word' id='word_1_789' title='bbox 1239 5569 1400 5644; x_wconf 76' lang='lat' dir='ltr'><strong>habet</strong></span> <span class='ocrx_word' id='word_1_790' title='bbox 1430 5569 1583 5644; x_wconf 80' lang='grc' dir='ltr'>ἁγμῇ</span> <span class='ocrx_word' id='word_1_791' title='bbox 1610 5567 1788 5644; x_wconf 75' lang='lat' dir='ltr'><strong>&#39;_inde</strong></span> 
     </span>
    </p>
   </div>
   <div class='ocr_carea' id='block_1_107' title="bbox 238 5632 1788 5711">
    <p class='ocr_par' dir='ltr' id='par_1_107' title="bbox 238 5632 1788 5711">
     <span class='ocr_line' id='line_1_109' title="bbox 238 5632 1788 5711; baseline -0.006 -12"><span class='ocrx_word' id='word_1_792' title='bbox 238 5632 450 5708; x_wconf 80' lang='lat' dir='ltr'><strong>coniicio</strong></span> <span class='ocrx_word' id='word_1_793' title='bbox 476 5654 649 5697; x_wconf 89' lang='lat' dir='ltr'><strong>totum</strong></span> <span class='ocrx_word' id='word_1_794' title='bbox 685 5632 827 5696; x_wconf 82' lang='lat' dir='ltr'><strong>hunc</strong></span> <span class='ocrx_word' id='word_1_795' title='bbox 865 5643 1049 5711; x_wconf 72' lang='lat' dir='ltr'><strong>locum</strong></span> <span class='ocrx_word' id='word_1_796' title='bbox 1075 5640 1157 5695; x_wconf 85' lang='lat' dir='ltr'><strong>sic</strong></span> <span class='ocrx_word' id='word_1_797' title='bbox 1196 5632 1656 5711; x_wconf 48' lang='lat' dir='ltr'><strong>legendum&#39;fé&#39;vﬁ</strong></span> <span class='ocrx_word' id='word_1_798' title='bbox 1691 5638 1788 5711; x_wconf 64' lang='lat' dir='ltr'><strong>agi.</strong></span> 
     </span>
    </p>
   </div>
   <div class='ocr_carea' id='block_1_108' title="bbox 237 5694 1789 5844">
    <p class='ocr_par' dir='ltr' id='par_1_108' title="bbox 237 5694 1789 5844">
     <span class='ocr_line' id='line_1_110' title="bbox 237 5694 1789 5834; baseline -0.003 -65"><span class='ocrx_word' id='word_1_799' title='bbox 237 5694 937 5808; x_wconf 44' lang='lat' dir='ltr'><strong>i&quot;3§pil’cba&quot;iauce.éog</strong></span> <span class='ocrx_word' id='word_1_800' title='bbox 962 5694 1092 5764; x_wconf 51' lang='lat' dir='ltr'><strong>uti»:</strong></span> <span class='ocrx_word' id='word_1_801' title='bbox 1146 5694 1501 5834; x_wconf 55' lang='grc' dir='ltr'>πειξασμῶνί</span> <span class='ocrx_word' id='word_1_802' title='bbox 1532 5694 1656 5765; x_wconf 56' lang='grc' dir='ltr'><strong>Ποῖῗ</strong></span> <span class='ocrx_word' id='word_1_803' title='bbox 1692 5704 1789 5764; x_wconf 82' lang='grc' dir='ltr'><strong>οὖν</strong></span> 
     </span>
     <span class='ocr_line' id='line_1_111' title="bbox 242 5778 1484 5844; baseline -0.002 -7"><span class='ocrx_word' id='word_1_804' title='bbox 242 5786 578 5844; x_wconf 43' lang='lat' dir='ltr'><strong>uomicam,</strong></span> <span class='ocrx_word' id='word_1_805' title='bbox 593 5784 723 5844; x_wconf 79' lang='grc' dir='ltr'>τοὺς</span> <span class='ocrx_word' id='word_1_806' title='bbox 748 5783 873 5844; x_wconf 80' lang='grc' dir='ltr'>σοὺς</span> <span class='ocrx_word' id='word_1_807' title='bbox 900 5782 1066 5844; x_wconf 79' lang='grc' dir='ltr'>ἐάσας</span> <span class='ocrx_word' id='word_1_808' title='bbox 1099 5798 1225 5844; x_wconf 85' lang='grc' dir='ltr'>πειρ</span> <span class='ocrx_word' id='word_1_809' title='bbox 1267 5778 1484 5844; x_wconf 65' lang='lat' dir='ltr'><strong>Cedent;</strong></span> 
     </span>
    </p>
   </div>
   <div class='ocr_carea' id='block_1_109' title="bbox 242 5779 1484 5857">
    <p class='ocr_par' dir='ltr' id='par_1_109' title="bbox 242 5779 1484 5857">
     <span class='ocr_line' id='line_1_112' title="bbox 242 5779 1484 5857; baseline -0.002 -20"><span class='ocrx_word' id='word_1_810' title='bbox 242 5779 578 5857; x_wconf 69' lang='grc' dir='ltr'>ἠρυπταζεις,</span> <span class='ocrx_word' id='word_1_811' title='bbox 593 5784 723 5848; x_wconf 79' lang='grc' dir='ltr'>τοὺς</span> <span class='ocrx_word' id='word_1_812' title='bbox 748 5783 873 5847; x_wconf 80' lang='grc' dir='ltr'>σοὺς</span> <span class='ocrx_word' id='word_1_813' title='bbox 900 5782 1066 5845; x_wconf 79' lang='grc' dir='ltr'>ἐάσας</span> <span class='ocrx_word' id='word_1_814' title='bbox 1099 5779 1484 5853; x_wconf 75' lang='grc' dir='ltr'>πειράζεσθαι;</span> 
     </span>
    </p>
   </div>
   <div class='ocr_carea' id='block_1_110' title="bbox 1956 5278 3459 5357">
    <p class='ocr_par' dir='ltr' id='par_1_110' title="bbox 1956 5278 3459 5357">
     <span class='ocr_line' id='line_1_113' title="bbox 1956 5278 3459 5357; baseline -0.005 -16"><span class='ocrx_word' id='word_1_815' title='bbox 1956 5286 2033 5357; x_wconf 71' lang='grc' dir='ltr'><strong>(Ξ)</strong></span> <span class='ocrx_word' id='word_1_816' title='bbox 2061 5286 2246 5356; x_wconf 78' lang='grc' dir='ltr'><strong>Αὐτῇ,</strong></span> <span class='ocrx_word' id='word_1_817' title='bbox 2280 5302 2399 5356; x_wconf 78' lang='lat' dir='ltr'><strong>quae</strong></span> <span class='ocrx_word' id='word_1_818' title='bbox 2439 5300 2535 5357; x_wconf 80' lang='lat' dir='ltr'><strong>vox</strong></span> <span class='ocrx_word' id='word_1_819' title='bbox 2574 5284 2728 5340; x_wconf 89' lang='lat' dir='ltr'><strong>deest</strong></span> <span class='ocrx_word' id='word_1_820' title='bbox 2753 5284 2808 5340; x_wconf 89' lang='lat' dir='ltr'><strong>in</strong></span> <span class='ocrx_word' id='word_1_821' title='bbox 2831 5294 2952 5339; x_wconf 89' lang='lat' dir='ltr'><strong>meo</strong></span> <span class='ocrx_word' id='word_1_822' title='bbox 2981 5289 3038 5338; x_wconf 89' lang='lat' dir='ltr'><strong>et</strong></span> <span class='ocrx_word' id='word_1_823' title='bbox 3067 5278 3459 5349; x_wconf 69' lang='lat' dir='ltr'><strong>Barber.,eatn</strong></span> 
     </span>
    </p>
   </div>
   <div class='ocr_carea' id='block_1_111' title="bbox 1891 5355 2472 5411">
    <p class='ocr_par' dir='ltr' id='par_1_111' title="bbox 1891 5355 2472 5411">
     <span class='ocr_line' id='line_1_114' title="bbox 1891 5355 2472 5411; baseline -0.003 0"><span class='ocrx_word' id='word_1_824' title='bbox 1891 5355 2100 5411; x_wconf 75' lang='lat' dir='ltr'><strong>restitui</strong></span> <span class='ocrx_word' id='word_1_825' title='bbox 2122 5372 2184 5411; x_wconf 71' lang='lat' dir='ltr'><strong>ev</strong></span> <span class='ocrx_word' id='word_1_826' title='bbox 2212 5355 2472 5411; x_wconf 80' lang='lat' dir='ltr'><strong>Vullieell.</strong></span> 
     </span>
    </p>
   </div>
   <div class='ocr_carea' id='block_1_112' title="bbox 1958 5426 2494 5493">
    <p class='ocr_par' dir='ltr' id='par_1_112' title="bbox 1958 5426 2494 5493">
     <span class='ocr_line' id='line_1_115' title="bbox 1958 5426 2494 5493; baseline -0.006 -13"><span class='ocrx_word' id='word_1_827' title='bbox 1958 5427 2038 5493; x_wconf 79' lang='grc'><strong>(5)</strong></span> <span class='ocrx_word' id='word_1_828' title='bbox 2075 5427 2185 5481; x_wconf 85' lang='grc' dir='ltr'><strong>Τοῦ</strong></span> <span class='ocrx_word' id='word_1_829' title='bbox 2212 5443 2278 5482; x_wconf 75' lang='lat' dir='ltr'><strong>ex</strong></span> <span class='ocrx_word' id='word_1_830' title='bbox 2311 5426 2494 5479; x_wconf 83' lang='lat' dir='ltr'><strong>Vallic.</strong></span> 
     </span>
    </p>
   </div>
   <div class='ocr_carea' id='block_1_113' title="bbox 1961 5494 2505 5566">
    <p class='ocr_par' dir='ltr' id='par_1_113' title="bbox 1961 5494 2505 5566">
     <span class='ocr_line' id='line_1_116' title="bbox 1961 5494 2505 5566; baseline -0.002 -16"><span class='ocrx_word' id='word_1_831' title='bbox 1961 5494 2038 5566; x_wconf 67' lang='lat'><strong>(4)</strong></span> <span class='ocrx_word' id='word_1_832' title='bbox 2063 5496 2223 5566; x_wconf 46' lang='grc' dir='ltr'><strong>ἒξεστί),</strong></span> <span class='ocrx_word' id='word_1_833' title='bbox 2251 5494 2505 5566; x_wconf 73' lang='grc' dir='ltr'>ἐπιγνῷς.</span> 
     </span>
    </p>
   </div>
   <div class='ocr_carea' id='block_1_114' title="bbox 1964 5560 3453 5637">
    <p class='ocr_par' dir='ltr' id='par_1_114' title="bbox 1964 5560 3453 5637">
     <span class='ocr_line' id='line_1_117' title="bbox 1964 5560 3453 5637; baseline -0.004 -15"><span class='ocrx_word' id='word_1_834' title='bbox 1964 5560 2042 5637; x_wconf 76' lang='lat'><strong>(3)</strong></span> <span class='ocrx_word' id='word_1_835' title='bbox 2072 5564 2243 5620; x_wconf 81' lang='lat' dir='ltr'><strong>Vutic.</strong></span> <span class='ocrx_word' id='word_1_836' title='bbox 2286 5560 2469 5632; x_wconf 66' lang='grc' dir='ltr'><strong>ἔξελθε</strong></span> <span class='ocrx_word' id='word_1_837' title='bbox 2517 5562 2582 5617; x_wconf 82' lang='grc' dir='ltr'>σύ</span> <span class='ocrx_word' id='word_1_838' title='bbox 2602 5581 2617 5596; x_wconf 76' lang='grc' dir='ltr'><strong>ο</strong></span> <span class='ocrx_word' id='word_1_839' title='bbox 2642 5574 2698 5619; x_wconf 89' lang='lat' dir='ltr'><strong>et</strong></span> <span class='ocrx_word' id='word_1_840' title='bbox 2733 5564 2880 5637; x_wconf 79' lang='lat' dir='ltr'><strong>hanc</strong></span> <span class='ocrx_word' id='word_1_841' title='bbox 2928 5561 3213 5637; x_wconf 79' lang='lat' dir='ltr'><strong>lectionem</strong></span> <span class='ocrx_word' id='word_1_842' title='bbox 3243 5560 3453 5618; x_wconf 85' lang='lat' dir='ltr'><strong>videtur</strong></span> 
     </span>
    </p>
   </div>
   <div class='ocr_carea' id='block_1_115' title="bbox 1891 5628 3515 5704">
    <p class='ocr_par' dir='ltr' id='par_1_115' title="bbox 1891 5628 3515 5704">
     <span class='ocr_line' id='line_1_118' title="bbox 1891 5628 3515 5704; baseline -0.007 -10"><span class='ocrx_word' id='word_1_843' title='bbox 1891 5628 2147 5694; x_wconf 77' lang='lat' dir='ltr'><strong>habuisse</strong></span> <span class='ocrx_word' id='word_1_844' title='bbox 2181 5646 2292 5691; x_wconf 83' lang='lat' dir='ltr'><strong>vel.</strong></span> <span class='ocrx_word' id='word_1_845' title='bbox 2326 5628 2622 5704; x_wconf 80' lang='lat' dir='ltr'><strong>interpres,</strong></span> <span class='ocrx_word' id='word_1_846' title='bbox 2657 5633 2747 5702; x_wconf 88' lang='lat' dir='ltr'><strong>qui</strong></span> <span class='ocrx_word' id='word_1_847' title='bbox 2778 5634 2877 5704; x_wconf 86' lang='lat' dir='ltr'><strong>ait,</strong></span> <span class='ocrx_word' id='word_1_848' title='bbox 2920 5651 2941 5685; x_wconf 81' lang='grc' dir='ltr'><strong>ι</strong></span> <span class='ocrx_word' id='word_1_849' title='bbox 2963 5632 3220 5704; x_wconf 81' lang='lat' dir='ltr'><strong>egredere</strong></span> <span class='ocrx_word' id='word_1_850' title='bbox 3256 5639 3335 5686; x_wconf 90' lang='lat' dir='ltr'><strong>tu.</strong></span> <span class='ocrx_word' id='word_1_851' title='bbox 3359 5649 3380 5684; x_wconf 76' lang='grc' dir='ltr'><strong>ι</strong></span> <span class='ocrx_word' id='word_1_852' title='bbox 3411 5699 3423 5704; x_wconf 26' lang='grc' dir='ltr'><strong>Δ</strong></span> <span class='ocrx_word' id='word_1_853' title='bbox 3510 5628 3515 5637; x_wconf 81' lang='grc'><strong><em>“</em></strong></span> 
     </span>
    </p>
   </div>
   <div class='ocr_carea' id='block_1_116' title="bbox 1964 5698 3451 5829">
    <p class='ocr_par' dir='ltr' id='par_1_116' title="bbox 1964 5698 3451 5829">
     <span class='ocr_line' id='line_1_119' title="bbox 1964 5698 3451 5829; baseline -0.003 -68"><span class='ocrx_word' id='word_1_854' title='bbox 1964 5708 2042 5829; x_wconf 67' lang='grc' dir='ltr'><strong>(ὅ)</strong></span> <span class='ocrx_word' id='word_1_855' title='bbox 2075 5704 2248 5829; x_wconf 47' lang='grc' dir='ltr'>ἔξῖὲιε</span> <span class='ocrx_word' id='word_1_856' title='bbox 2297 5698 2491 5775; x_wconf 68' lang='lat' dir='ltr'><strong>intcrp.</strong></span> <span class='ocrx_word' id='word_1_857' title='bbox 2538 5698 2733 5776; x_wconf 63' lang='lat' dir='ltr'><strong>legiSSc</strong></span> <span class='ocrx_word' id='word_1_858' title='bbox 2780 5698 3227 5771; x_wconf 57' lang='lat' dir='ltr'><strong>videtur&#39;dtyvsia,</strong></span> <span class='ocrx_word' id='word_1_859' title='bbox 3262 5717 3284 5756; x_wconf 80' lang='grc' dir='ltr'>ι</span> <span class='ocrx_word' id='word_1_860' title='bbox 3305 5699 3451 5772; x_wconf 89' lang='lat' dir='ltr'><strong>puri-</strong></span> 
     </span>
    </p>
   </div>
   <div class='ocr_carea' id='block_1_117' title="bbox 1892 5788 2229 5834">
    <p class='ocr_par' dir='ltr' id='par_1_117' title="bbox 1892 5788 2229 5834">
     <span class='ocr_line' id='line_1_120' title="bbox 1892 5788 2229 5834; baseline -0.018 0"><span class='ocrx_word' id='word_1_861' title='bbox 1892 5788 1996 5834; x_wconf 80' lang='lat' dir='ltr'><strong>tas.</strong></span> <span class='ocrx_word' id='word_1_862' title='bbox 2016 5796 2036 5830; x_wconf 76' lang='grc' dir='ltr'>ι</span> <span class='ocrx_word' id='word_1_863' title='bbox 2075 5788 2229 5830; x_wconf 73' lang='lat' dir='ltr'><strong>atate.</strong></span> 
     </span>
    </p>
   </div>
  </div>
