3810 6316
161 332 215 385 53
562 295 574 312 ’
1055 329 1455 388 ENARRATIO
1493 329 1562 386 1N
1599 331 1948 389 CANTICUM
1987 330 2457 389 CANTICORUM.
3291 326 3362 384 ss

160 452 313 515 στοὺς.
337 451 494 506 Μετὰ
520 451 632 522 γὰρ
657 452 718 506 τὸ
747 453 942 518 εἰπεῖν,
972 473 990 503 ‹
1022 455 1276 522 Σιαγόνες
1293 471 1408 516 σου,
1441 475 1459 507 ι
1482 455 1697 522 ἐπάγει·

1817 457 2076 512 collectos.
2119 455 2407 524 Postquam
2443 452 2585 508 enim
2621 449 2866 509 dixisset.
2912 467 2930 498 ι
2973 447 3294 509 Gente‘tuaz,
3335 464 3356 497 ι

162 566 175 594 ι
203 544 464 623 Τράῃζός
509 562 604 598 σου
643 544 720 608 ὡς
749 548 1010 617 ὁρμίσκος
1031 565 1042 577 ·
1084 567 1102 598 ι
1151 548 1238 601 ἵνα
1265 546 1410 617 δείξῃ
1441 546 1534 599 καὶ
1576 547 1702 610 τοὺς

157 637 244 688 ἀπὸ
269 635 532 688 Ἰουδαίων
556 637 1009 700 πεπιστευκότας,
1028 638 1116 690 τὸν
1133 637 1396 708 ὁρμίσκον
1415 635 1506 689 τοῦ
1536 635 1703 689 Ἰούδα

157 723 235 776 et;
263 725 478 777 δοθέντα
506 726 574 796 τῇ
606 725 805 796 Θάμαρ
830 729 1166 799 ὑπομνήσας.
1214 745 1233 778 ι
1269 727 1542 798 Πρόδηλον
1568 726 1699 798 γὰρ,

158 820 220 868 δτι
258 816 315 879 ἐξ
364 815 538 869 Ἰούδα
578 817 942 872 ἀνατέταλκεν
987 819 1015 870 ὁ
1056 819 1257 890 Κύριος
1288 817 1448 888 ἡμῶν
1499 819 1704 889 Ἰησοῦς

159 905 378 974 Χριστὸς,
428 923 446 956 ι
480 905 626 958 κατὰ
668 905 763 958 τὸν
817 907 1154 961 Ἀπόστολον.
1204 903 1336 960 Εἶτα
1373 905 1470 978 τὴν
1513 907 1702 976 γενεάν

160 999 298 1066 αὐτῆς
322 996 728 1066 διηγησάμενος
760 997 894 1067 (2‘2),
917 1000 1010 1052 καὶ
1033 998 1122 1051 τὸν
1147 998 1347 1068 κόσμον
1373 999 1539 1066 ὅνπερ
1565 999 1700 1070 αὐτῇ

161 1086 409 1159 χαρίζεται
442 1091 470 1141 ὁ
500 1090 756 1158 νυμφίος,
789 1092 1082 1158 ἐπάγουσιν
1108 1095 1156 1144 oi
1185 1091 1499 1145 ἀπόστολοι·

213 1267 322 1319 KP.
372 1267 464 1319 Στ.
517 1274 568 1320 ι’.
627 1267 990 1336 Ὀμοιώματα
1041 1266 1301 1336 χρυσίου
1357 1263 1703 1334 ποιήσωμέν

161 1371 236 1410 σοι
253 1355 393 1425 μετὰ
421 1357 766 1427 στιγμάτων
795 1358 903 1410 τοῦ
933 1357 1237 1426 ἀργιερίου.

227 1449 563 1520 Ὀμοιὼματα
589 1452 815 1521 χρυσίου
839 1451 939 1519 οὐχ
966 1450 1130 1520 ἕτερα
1161 1444 1318 1518 οἶμαι
1341 1443 1496 1508 εἶναι,
1527 1447 1638 1500 ἀλλ’
1668 1446 1701 1517 ἢ

161 1539 262 1600 τὼς
287 1541 472 1606 ἁγίους
510 1539 794 1611 μάρτυρας
813 1554 828 1569 ο
860 1538 1159 1608 ἐπειδήπερ
1184 1536 1272 1589 διὰ
1294 1536 1464 1606 πυρὸς
1488 1535 1704 1605 δοκιμα-

167 1628 370 1693 σθέντες,
398 1628 794 1699 λαμπροτέραν
825 1626 1168 1690 ἐπεδείξαντο
1198 1625 1294 1696 τὴν
1319 1625 1519 1677 πίστιν.
1555 1643 1572 1675 ι
1619 1625 1704 1686 Ὠς

162 1721 348 1787 χρυσίον
384 1739 404 1772 ι
443 1721 577 1789 γάρ,
623 1721 812 1788 φησὶν,
846 1737 864 1769 ι
905 1721 963 1771 ὲν
1005 1717 1354 1788 χωνευτηρίῳ
1385 1716 1702 1785 ἐδοκίμασεν

162 1811 360 1874 αὐτοὺς,
419 1811 518 1863 καὶ
559 1810 636 1873 ὡς
686 1808 1289 1880 δλοκάρπωμα.θυσίας
1347 1805 1704 1877 προσεδέξατο

162 1901 346 1963 αὐτούς.
376 1920 395 1952 ι
423 1901 545 1954 Ἰνα
577 1899 635 1952 δὲ
663 1902 728 1953 ὲκ
750 1901 853 1969 τῆς
886 1898 1206 1961 ἀκολουθίας
1229 1897 1434 1967 δειχθῇ,
1461 1896 1542 1949 ὅτι
1576 1897 1704 1967 περὶ

165 1991 424 2062 μαρτύρων
445 1991 614 2060 λέγει,
643 1973 809 2060 βλέπε
838 1990 890 2042 τί
915 1989 1110 2056 ἐπάγει
1129 2006 1143 2019 ·
1169 2007 1186 2038 ι
1219 1989 1371 2042 Μετὰ
1393 1986 1703 2055 στιγμάτων

162 2079 234 2131 τοῦ
274 2080 557 2150 ἀργυρίου.
601 2099 618 2130 ι
658 2077 938 2148 Στίγματα
969 2076 1077 2146 γὰρ
1124 2076 1308 2144 σαφῶς
1347 2077 1400 2129 αἱ
1445 2075 1703 2145 μάστιγες

167 2170 239 2222 καὶ
267 2173 316 2223 ai
353 2171 578 2240 βάσανοι
604 2168 714 2221 τῶν
737 2168 876 2238 ὑπὲρ
898 2165 1132 2236 Χριστοῦ
1155 2166 1495 2236 πασχόντων·
1523 2163 1703 2226 καθώς

165 2279 239 2329 μοι
267 2263 532 2332 μαρτυρεῖ
560 2261 655 2312 καὶ
681 2260 710 2310 ὁ
751 2257 960 2321 Παῦλος
990 2257 1162 2326 λέγων
1183 2275 1196 2286 ·
1244 2277 1262 2308 ι
1319 2255 1458 2324 Ἐγὼ
1497 2256 1603 2325 γὰρ
1635 2255 1703 2307 τὰ

164 2352 403 2420 στίγματα
452 2349 548 2402 τοῦ
598 2347 803 2418 Κυρίου
851 2347 1008 2418 ἡμῶν
1054 2346 1228 2417 Ἰησοῦ
1276 2345 1508 2416 Χριστοῦ
1538 2348 1595 2398 ὲν
1625 2345 1703 2416 τῷ

165 2441 346 2513 σώματί
379 2459 483 2513 μου
516 2440 792 2510 βαστάζω.
829 2457 849 2490 ι
891 2439 1114 2506 Ἑπάγει
1134 2438 1189 2490 δὲ
1214 2439 1242 2490 ὁ
1267 2437 1455 2505 λόγος’

217 2619 327 2672 KA’.
367 2619 462 2671 Στ.
507 2623 597 2670 ια’.
632 2617 788 2681 Ἕως
815 2609 887 2670 οὗ
921 2616 953 2668 ό
977 2613 1275 2680 ,ϐασιλεὺς
1299 2613 1369 2666 ὲν
1391 2613 1702 2667 ἀνακλίσει

161 2709 337 2761 αὐτοῦ.

219 2800 321 2853 Ἱνα
353 2799 486 2870 εἴπῃ
511 2817 526 2830 ·
573 2799 720 2862 Ἕως
752 2798 851 2866 τῆς
889 2795 1308 2864 παλιγγενεσίας
1349 2794 1438 2847 διὰ
1468 2794 1566 2864 τῆς
1595 2795 1702 2847 τῶν

160 2893 326 2960 γάμων
373 2891 637 2961 εὐωχίαςο
669 2891 774 2952 ἕως
797 2889 916 2940 τότε
951 2886 1018 2940 τά
1055 2885 1374 2956 ὁμοιώματα
1407 2886 1580 2939 ταῦτα
1607 2885 1700 2938 τοῦ

1805 547 2014 600 Subdil:
2068 564 2086 597 ι
2121 545 2324 599 Collum
2369 552 2516 597 tuum
2565 543 2704 597 sicut
2747 538 2976 603 monile;
3011 556 3032 590 ι
3072 546 3132 591 ιιι
3167 536 3367 591 indicet

1803 638 1964 690 etiam
1990 650 2081 689 eos
2115 635 2202 703 qui
2234 649 2298 687 ex
2328 633 2530 687 ludatis
2553 631 2933 691 crediderunt;
2962 631 3013 682 in
3051 627 3363 682 memoriam

1804 743 2060 782 revocans
2087 725 2234 780 Judze
2268 725 2462 778 monile
2485 725 2528 756 ⁸⁸
2562 723 2706 792 qttod
2744 721 2980 776 Thamar
3019 721 3207 774 datum
3243 717 3364 772 fuit.

1812 839 1828 871 ι
1867 816 2202 871 Manifestum
2259 817 2402 869 enim
2444 824 2548 877 est,
2597 813 2740 882 quod
2785 827 2854 866 ex
2905 810 3039 865 Juda
3089 818 3241 863 ortus
3280 815 3366 862 est

1805 908 2060 963 Dominus
2103 917 2286 959 noster
2314 903 2468 959 Jesus
2499 904 2747 958 Christus
2771 943 2788 968 ,
2831 921 2851 954 ι
2888 902 3184 957 secundum
3215 900 3364 968 Apo-

1805 994 2085 1049 stolum".
2127 994 2326 1048 Deinde
2360 995 2760 1063 generationem
2801 991 2916 1059 ejus
2950 988 3202 1060 (sponsae)
3241 1003 3366 1043 cum

1803 1087 2156 1149 enarraverit,
2207 1095 2264 1138 et
2306 1094 2554 1138 ornatum
2601 1099 2759 1153 quem
2806 1083 2881 1137 illi
2917 1083 3082 1136 donat
3114 1095 3363 1150 sponsus,

1805 1176 2039 1230 subdunt
2064 1175 2321 1244 apostoli:

1874 1265 2058 1319 XXIII.
2093 1267 2255 1320 Vsus.
2289 1265 2376 1318 10.
2419 1264 2799 1320 Similitudines
2841 1263 2960 1317 auri
2990 1263 3242 1332 faciemus
3271 1259 3367 1313 tibi

1806 1373 1920 1409 sum
1941 1357 2267 1426 stigmatibus
2293 1357 2514 1425 argenti.

1881 1448 2275 1502 Similitudines
2309 1447 2422 1500 auri
2467 1462 2572 1500 non
2608 1446 2742 1500 alias
2777 1460 2897 1500 esse
2941 1443 3176 1498 arbitror
3207 1454 3367 1510 quam

1810 1548 2025 1593 sanctos
2045 1549 2344 1607 martyres;
2370 1536 2799 1606 quandoquidem
2820 1536 2942 1604 igne
2963 1531 3170 1602 probati
3192 1530 3368 1600 splen-

1803 1631 2063 1684 didiorem
2111 1630 2470 1684 exbibuerunt
2518 1629 2712 1693 Iidem;
2749 1628 2825 1681 ait
2857 1627 2998 1680 enim
3042 1623 3367 1691 Scriptura:

1811 1739 1830 1771 ‹
1871 1720 2147 1788 Tanquam
2207 1735 2395 1772 aurum
2447 1719 2500 1772 in
2553 1717 2769 1772 fornace
2822 1715 3082 1772 conﬂatos
3127 1709 3368 1780 probavit

1805 1826 1920 1875 eos,
1957 1819 2012 1863 et
2035 1811 2173 1865 sicut
2203 1811 2570 1865 holocaustum
2610 1809 2861 1864 sacriﬁcii
2891 1805 3128 1874 suscepit
3148 1803 3318 1858 eos".
3345 1819 3366 1852 ι

1804 1899 1876 1954 Ut
1903 1911 2078 1954 autem
2109 1917 2175 1954 ex
2209 1901 2272 1955 iis
2299 1916 2417 1969 qua:
2451 1911 2750 1968 sequuntur
2796 1899 3199 1953 demonstretur
3250 1909 3369 1948 ser-

1804 2007 2016 2046 monem
2041 2007 2160 2047 esse
2186 1999 2249 2047 de
2271 1991 2615 2063 martyribus,
2635 1993 2756 2046 vide
2779 1990 2920 2059 quod
2943 1988 3150 2043 subdit:
3181 2004 3201 2038 ι
3237 1987 3370 2040 Cum

1804 2087 2148 2156 stigmatibus
2198 2088 2425 2156 argenti.
2485 2106 2502 2138 ι
2565 2086 2826 2157 Stigmata
2888 2085 3030 2140 enim
3087 2080 3370 2137 manifesto

1804 2189 1926 2233 sunt
1974 2181 2198 2232 verbera
2256 2190 2311 2232 et
2353 2187 2615 2232 tormenta
2667 2192 2853 2231 eorum
2902 2176 2993 2244 qui
3026 2189 3124 2245 pro
3155 2171 3370 2227 Christo

1811 2272 1956 2338 passi
1986 2282 2144 2326 sunt:
2186 2269 2634 2337 quemadmodum
2666 2278 2894 2321 testatur
2923 2266 3123 2320 Paulus
3149 2265 3369 2319 dicens:

1809 2382 1827 2413 ι
1866 2363 1975 2431 Ego
2000 2364 2142 2417 enim
2175 2363 2424 2432 stigmata
2461 2360 2668 2415 Domini
2704 2359 2870 2413 nostri
2907 2356 3034 2412 Jesu
3072 2356 3272 2412 Christi
3314 2357 3369 2409 in

1803 2467 2035 2522 corpore
2087 2466 2207 2506 meo
2261 2452 2504 2521 porto“.
2563 2468 2583 2501 ι
2644 2448 2900 2519 Sequitur
2955 2455 3133 2501 autem
3189 2445 3370 2500 oratio

1803 2545 2024 2598 dicens:

1804 2633 1994 2688 XXIV.
2030 2633 2189 2688 VERS.
2224 2635 2312 2692 II.
2351 2633 2539 2698 Quoad
2573 2649 2737 2702 usque
2773 2647 2866 2686 rea:
2900 2632 2955 2684 in
2986 2630 3220 2684 recubitu
3247 2643 3364 2682 suo.

1879 2813 1946 2868 Ut
1968 2813 2143 2868 dicat:
2171 2813 2348 2882 Usque
2377 2813 2444 2867 ad
2464 2813 2921 2883 regenerationem
2947 2825 3043 2880 per
3063 2808 3368 2865 convivium

1809 2906 2156 2975 (caelestium)
2196 2907 2522 2973 nuptiarum.
2566 2905 2745 2974 Usque
2770 2915 2898 2961 tunc
2935 2907 3017 2960 ha:
3048 2904 3256 2975 argenti
3287 2902 3368 2959 si-

161 2984 396 3052 ἁργυρίου
427 2983 719 3049 συνάγεται
735 2997 750 3010 ·
769 2979 1043 3032 τουτέστιν
1059 2996 1070 3009 ·
1099 2979 1162 3030 Οἱ
1187 2977 1327 3046 ὑπὲρ
1350 2978 1448 3046 τῆς
1469 2978 1700 3040 πίστεως

1817 2996 2128 3050 nilitudines
2160 3009 2586 3067 congregantur:
2617 2999 2718 3052 hoc
2747 3007 2850 3060 est,
2877 2995 2978 3062 Qui
3009 3011 3107 3064 pro
3133 2995 3241 3051 ﬁde
3272 3009 3370 3065 pa-

160 3074 458 3142 πάσχοντες,
493 3073 555 3124 οὐ
583 3072 744 3142 μόνον
765 3071 822 3122 ὲν
850 3068 1025 3139 καιρῷ
1043 3067 1298 3137 διωγμῶν
1317 3067 1404 3119 διὰ
1434 3067 1697 3136 βασάνων,

1817 3089 2010 3141 tiuntur
2038 3102 2141 3142 non
2178 3089 2352 3142 solum
2384 3089 2816 3156 persecutionum
2862 3097 3101 3155 tempore
3128 3101 3224 3156 per
3258 3095 3373 3142 tor-

160 3161 381 3216 ἀλλὰκαὶ
416 3165 475 3217 ὲν
514 3161 693 3231 καιρῷ
725 3160 948 3230 εἰρήνης
977 3159 1065 3212 διὰ
1101 3157 1196 3210 τοῦ
1237 3157 1336 3227 τὴν
1380 3157 1569 3228 στενὴν
1611 3159 1703 3210 καὶ

158 3253 500 3324 τεθλιμμένην
533 3253 646 3322 (25)
676 3251 794 3304 ὁδὸν
816 3251 1054 3321 τρέχειν,
1077 3250 1170 3302 καὶ
1190 3252 1309 3312 ταῖς
1337 3247 1447 3320 (24)
1473 3249 1702 3320 πράξεσι

157 3340 259 3402 toi»;
307 3341 593 3411 μάρτυρας
645 3337 945 3409 μιμεῖσθαι.
982 3333 1116 3392 Εἶτα
1164 3338 1614 3408 ἀνταποκρίνεται
1669 3339 1701 3408 ἡ

159 3429 337 3501 νύμφη,
364 3432 459 3484 καὶ
489 3432 637 3498 λέγει
669 3431 806 3500 πρὸς
836 3431 928 3484 τὸν
959 3430 1187 3502 νυμφίον
1210 3447 1225 3460 ο

214 3522 329 3575 κεν.
372 3521 606 3589 Νάρδος
632 3539 754 3589 μου
784 3521 1006 3574 ἔδωκεν
1038 3522 1239 3591 ὀσμὴν
1265 3521 1472 3577 αὑτοῦ.

223 3611 302 3662 Ἐν
338 3612 413 3682 τῷ
454 3612 565 3680 γάρ
600 3613 692 3664 τὸν
724 3613 954 3682 νυμφίον
999 3613 1160 3666 αὑτὸν
1211 3616 1382 3666 εἰπεῖν
1434 3615 1560 3687 περὶ
1595 3615 1702 3668 τῶν

161 3701 444 3770 μαρτύρων,
484 3704 947 3773 άνταποκρίνεται
978 3703 1372 3776 εὐχαριστοῦσα
1399 3706 1566 3776 αὐτῷ,
1609 3708 1702 3760 καὶ

156 3788 304 3857 λέγει·
343 3814 360 3844 ι
392 3795 605 3863 Νάρδος
659 3813 761 3865 μου
810 3795 1006 3849 ἔδωκεν
1034 3799 1208 3869 ὀσμὴν
1255 3799 1453 3850 αὑτοῦ·
1488 3817 1506 3850 ι
1544 3817 1697 3852 τουτ-

155 3880 251 3933 έστι
274 3883 381 3954 (9.5)
402 3900 416 3912 '
445 3886 517 3939 Σὺ
542 3885 716 3939 ταῦτα
739 3887 806 3940 τὰ
830 3889 1008 3956 άγαθὰ
1051 3889 1300 3960 ἀπήρξω.
1329 3891 1428 3943 Διὰ
1469 3893 1574 3963 γὰρ
1601 3892 1700 3962 τῆς

155 3972 344 4041 νάρδου,
366 3976 460 4029 τοῦ
482 3976 593 4047 (26)
615 3978 955 4050 άλαὸάστρου
980 3981 1072 4033 τοῦ
1097 3981 1289 4053 μύρου,
1319 3984 1446 4054 περὶ
1465 3979 1524 4037 οὗ
1543 3987 1570 4038 ὁ
1590 3985 1701 4036 Κύο

154 4079 250 4131 ριος
271 4066 414 4135 λέγει
429 4083 444 4098 ο
485 4088 502 4119 ι
520 4069 743 4138 Ἅφετε,
764 4070 856 4122 καὶ
881 4069 954 4141 μὴ
977 4071 1174 4135 κόπους
1205 4073 1472 4144 παρέχετε
1494 4077 1558 4144 τῇ
1595 4091 1693 4142 γυ-

155 4158 307 4208 ναικίο
338 4160 502 4212 καλὸν
534 4160 644 4230 γάρ
669 4160 830 4230 ἔργον
857 4163 1149 4233 εἰργάσατο
1176 4165 1255 4227 εἰς
1289 4165 1408 4234 ἐμὲ,
1454 4186 1470 4217 ι
1507 4167 1598 4218 καὶ
1626 4166 1696 4218 τά

158 4243 282 4313 έῆς.
317 4250 529 4320 Ὥσπερ
567 4247 661 4304 οὖν
701 4252 1082 4320 ἁντιφωνοῦσα
1113 4259 1178 4326 τῇ
1206 4257 1526 4327 εὐχαριστίᾳ
1554 4258 1697 4326 λέγει

1805 3190 2008 3243 tnenta,
2050 3182 2144 3234 sed
2184 3180 2346 3235 etiam
2395 3181 2544 3250 pacis
2591 3191 2834 3249 tempore
2866 3195 2963 3248 per
3006 3188 3288 3249 angustam
3315 3187 3372 3232 et

1805 3280 2010 3325 arctam
2041 3271 2181 3326 viam
2216 3272 2502 3336 currendo,
2535 3279 2591 3325 et
2618 3271 2923 3326 actionibus
2953 3270 3067 3324 suis
3103 3277 3369 3339 martyres

1806 3362 2089 3417 imitando.
2125 3362 2326 3418 Deinde
2355 3362 2594 3418 vicissim
2629 3376 2825 3431 sponsa
2857 3361 3163 3430 respondet,
3195 3369 3250 3414 et
3291 3360 3372 3414 di-

1804 3454 1875 3508 cit
1906 3468 2133 3521 sponso:

1874 3541 2040 3598 XXV.
2071 3541 2288 3596 Nardus
2321 3558 2434 3596 mea
2463 3541 2605 3596 dedit
2633 3542 2846 3595 odorem
2875 3557 3051 3598 suum.

1875 3631 2008 3686 Dum
2038 3633 2152 3702 ipse
2180 3647 2408 3702 Sponsus
2433 3632 2668 3701 loquitur
2696 3633 2760 3687 de
2784 3633 3132 3702 martyribus,
3159 3633 3370 3702 gratias

1803 3724 1876 3778 illi
1926 3738 2089 3792 agens
2133 3739 2326 3792 sponsa
2360 3723 2668 3792 respondet,
2715 3733 2770 3776 et
2809 3723 2919 3776 ait:
2956 3743 2974 3774 ι
3005 3723 3216 3778 Nardus
3253 3739 3368 3778 mea

1802 3815 1948 3870 dedit.
1977 3814 2196 3869 odorem
2238 3830 2434 3868 suum:
2475 3834 2493 3867 ι
2529 3815 2630 3868 hoc
2667 3822 2768 3877 est,
2805 3813 2926 3868 llaec
2982 3816 3122 3870 bona
3149 3825 3203 3870 tu
3235 3815 3370 3870 deli-

1802 3905 1973 3971 basti;
2004 3919 2125 3958 nam
2155 3919 2252 3974 per
2306 3905 2530 3959 nardum
2571 3903 2899 3959 alabastrum
2927 3907 3183 3976 unguenti
3217 3922 3370 3963 com-

1803 4003 2086 4060 memorat,
2124 3997 2190 4049 de
2227 4010 2332 4064 quo
2365 3997 2619 4050 Dominus
2649 3995 2811 4049 dicit:
2848 4013 2868 4046 ¢
2907 3995 3101 4063 Sinite,
3131 4012 3230 4052 nec
3254 3991 3372 4053 mo-

1803 4088 1922 4144 lesti
1950 4088 2068 4142 sitis
2099 4087 2338 4152 mulieri;
2376 4090 2572 4143 bonum
2605 4088 2748 4158 enim
2779 4103 2915 4158 Opus
2941 4098 3164 4156 Operata
3201 4099 3286 4144 est
3314 4090 3368 4144 in

1801 4176 1982 4240 me";
2022 4193 2042 4227 ι
2073 4185 2127 4229 et
2153 4191 2272 4244 qua:
2303 4177 2572 4244 deinceps.
2623 4176 2833 4245 Sponsa
2864 4176 3029 4246 igitur
3051 4178 3215 4233 veluti
3244 4193 3368 4234 cum

1802 4267 2101 4335 gratiarum
2127 4269 2338 4321 actione
2367 4267 2701 4336 respondens
2732 4269 2842 4323 ait:
2875 4267 2992 4338 Ipse
3022 4270 3148 4323 mihi
3175 4269 3370 4325 dedisti

159 4337 406 4412 ἡνύμςρηο
448 4344 622 4406 Αὐτός
653 4362 743 4414 μοι
772 4345 868 4414 τὴν
901 4345 1126 4400 εὐωδίαν
1172 4349 1378 4412 ἔδωκας
1405 4351 1512 4402 τῶν
1554 4368 1696 4420 μαρ-

1817 4357 2016 4412 )dorem
2048 4367 2366 4427 martyrum.
2407 4376 2426 4408 ι
2460 4357 2668 4414 Nardus
2700 4378 2718 4411 ι
2751 4337 2943 4414 enim}
2973 4361 3118 4417 dedit
3141 4361 3370 4417 odorem

159 4427 328 4498 τύρων.
363 4453 382 4483 ι
429 4435 492 4486 Ἡ
518 4435 711 4504 νάρδος
753 4454 771 4486 ι
803 4436 912 4507 γὰρ
945 4455 963 4487 ι
996 4436 1194 4491 ἔδωκεν
1227 4439 1400 4511 ὀσμὴν
1438 4440 1601 4494 αὑτοῦ
1623 4461 1636 4473 ο
1672 4463 1690 4494 ι

158 4519 270 4592 ὅπερ
310 4524 456 4576 ἐστί’
506 4525 580 4577 Τὸ
627 4526 720 4578 σὸν
774 4526 1104 4600 μαρτύριον,
1155 4532 1246 4584 καὶ
1292 4533 1325 4602 ἡ
1379 4533 1446 4603 σὴ
1502 4533 1698 4587 εὐωδία

163 4616 507 4684 προετρέψατο
537 4617 662 4679 τοὺς
697 4618 978 4688 μάρτυρας
1004 4620 1142 4692 ὑπὲρ
1167 4622 1262 4674 τοῦ
1285 4623 1478 4677 παθεῖν
1500 4641 1513 4654 ο
1549 4626 1698 4678 ἐπειο

157 4701 304 4776 δήπερ
331 4708 422 4760 καὶ
459 4708 522 4759 σὺ
553 4707 756 4771 ἔπαθες
786 4709 927 4780 ὑπὲρ
965 4711 1144 4780 ἡμῶν.
1199 4712 1330 4766 Ἀπὸ
1353 4714 1408 4766 δὲ
1441 4715 1540 4785 τῆς
1569 4719 1698 4770 ἀκο-

159 4793 347 4864 λουθίας
386 4802 706 4869 γινωσκέτω
750 4805 857 4866 πᾶς
899 4821 982 4868 τις
1019 4805 1126 4858 τῶν
1171 4805 1342 4874 λόγων
1385 4807 1482 4878 τὴν
1526 4809 1698 4878 ἁρμο-

156 4885 271 4940 ⁷δίαν.

213 4982 340 5049 KQ”.
381 4985 475 5038 Στ.
519 4984 608 5038 ιϐ’.
663 4984 1021 5054 Ἀπόδεσμος
1051 4985 1163 5053 τῆς
1205 4987 1474 5056 στακτῆς
1516 4989 1692 5044 ἀδελ-

158 5071 299 5139 φιόὀς
315 5093 431 5143 μου
463 5075 620 5144 ἐμοι.

215 5161 370 5230 Εὐθὺς
396 5167 806 5237 ὑπομιμνήσκει
833 5166 893 5220 τὸ
919 5162 1061 5238 αἷμα
1087 5170 1180 5222 καὶ
1207 5169 1266 5221 τὸ
1295 5169 1436 5242 ὕδωρ
1469 5172 1528 5224 τὸ
1561 5175 1691 5229 στά-

1801 4465 1988 4515 suum;
2021 4469 2039 4502 ι
2074 4449 2176 4504 hoc
2206 4459 2308 4514 est,
2337 4449 2510 4504 Tuum
2542 4451 2858 4522 martyrium
2882 4463 2937 4507 et
2958 4454 3092 4508 odor
3123 4464 3245 4509 tuus
3277 4469 3368 4508 co-

1802 4541 2050 4595 hortatus
2079 4551 2160 4595 est
2193 4551 2484 4613 martyres,
2523 4552 2581 4595 ut
2608 4558 2706 4612 pro
2736 4553 2788 4598 te
2818 4553 3152 4613 paterentur,
3183 4559 3363 4611 quan-

1803 4633 2086 4701 doquidem
2119 4643 2171 4688 tu
2216 4649 2435 4703 quoque
2478 4651 2576 4704 pro
2622 4636 2776 4690 nobis
2825 4650 2884 4690 es
2925 4650 3137 4705 passus.
3175 4635 3253 4691 Ex
3300 4634 3369 4690 iis

1803 4737 1932 4776 vero
1965 4737 2084 4791 quae
2113 4731 2429 4791 sequuntur,
2461 4726 2688 4794 quisque
2727 4724 3027 4795 intelligere
3054 4725 3255 4794 poterit
3283 4734 3374 4779 to-

1804 4814 1908 4867 tius
1936 4814 2196 4868 orationis
2217 4816 2622 4871 connexionem.

1872 4994 2056 5050 XXVI.
2083 4995 2243 5050 Vens.
2293 4995 2381 5048 1‘2.
2411 4994 2719 5050 Fasciculus
2745 5005 2906 5066 gutta:
2934 4971 3201 5065 fratruelis
3220 5007 3377 5047 meus.

1797 5088 1944 5142 mihi.

1869 5178 2061 5233 Statim
2095 5189 2481 5232 commemorat
2528 5175 2844 5244 sanguinem
2898 5185 2954 5231 et
2992 5191 3210 5245 aquam,
3247 5190 3374 5244 qua:

212 5274 252 5303 “'
281 5277 408 5334 Gen.
433 5295 668 5344 xxxvm,
692 5281 778 5337 18.
855 5282 898 5314 ⁸³
926 5279 1090 5335 Hebr.
1112 5298 1207 5346 vn,
1239 5284 1325 5337 M.
1406 5285 1452 5316 ’°
1477 5284 1602 5354 Sap.
1629 5302 1711 5352 ιιι,
1747 5287 1799 5342 6.
1874 5289 1919 5329 ⁷⁸
1943 5288 2116 5344 Galat.
2174 5303 2250 5351 vr,
2304 5286 2389 5340 17.
2463 5286 2510 5316 ⁷“
2559 5284 2749 5340 Matth.
2784 5303 2937 5352 uin,
2981 5287 3066 5343 I0.

215 5386 310 5460 (ἦ)
341 5391 715 5466 t\_‘_on_iinat_ivus
777 5395 1090 5463 absolutus;
1149 5413 1323 5466 neque
1367 5399 1566 5454 idcirco
1613 5400 1700 5454 hic

157 5456 278 5509 locus
296 5456 690 5516 sollicitandus.

215 5528 312 5606 (25)
345 5531 766 5606 τεθλιμμένῃν.
804 5533 1081 5606 salutatus
1126 5537 1316 5606 legisse
1364 5537 1579 5593 videtur
1609 5555 1699 5591 τε·

161 5595 493 5674 τελειῳμένην
510 5595 720 5674 ῖδιετιῆί
748 5605 890 5657 enim
930 5624 946 5654 ι
975 5595 1207 5674 μοι-Γοαιξῖ
1219 5625 1266 5658 m
1295 5609 1458 5661 viam.
1495 5629 1511 5659 ι

347 5671 421 5753 Eat
437 5667 720 5763 ;Vallicell.
760 5667 986 5731 restitui
1009 5680 1150 5741 ταῖς.
1201 5678 1359 5734 Barb.
1411 5679 1570 5734 habet
1609 5679 1700 5733 καί

161 5749 298 5791 ταυτα
321 5749 490 5811 πράξε
498 5758 548 5793 σι
558 5783 571 5796 .

1872 5401 1984 5471 (25)
2022 5400 2319 5456 Τουτέστι.
2351 5396 2451 5471 Hic
2487 5397 2538 5451 in
2575 5415 2718 5469 meo,
2748 5412 2804 5458 et
2846 5402 3008 5456 Barb.
3052 5401 3238 5471 incipit
3265 5401 3375 5455 ὶιιιι⁴

1799 5471 1892 5537 ius.
1914 5470 2102 5526 versus
2124 5470 2450 5541 explanatio,
2475 5471 2691 5541 omissis
2719 5473 3087 5541 superioribus
3109 5470 3228 5540 qua:
3250 5487 3365 5540 sup-

1799 5543 1936 5622 plevi
1963 5557 2027 5596 cx
2083 5537 2266 5595 codice
2317 5537 2687 5607 Vallicellano,
2730 5537 2900 5613 eaque
2940 5537 3187 5613 agnoscit
3215 5537 3365 5596 vetus

1798 5622 2083 5678 interpres.

1871 5683 1981 5750 (9.6)
2011 5679 2156 5754 Lego
2196 5680 2283 5754 τὸν
2321 5681 2659 5754 ἀλάϐαστρον
2685 5681 2830 5752 λέγει
2879 5681 2972 5736 τοῦ
2999 5679 3172 5754 μύρου
3192 5697 3207 5712 ο
3239 5679 3372 5752 περὶ·

1798 5745 1859 5804 οὗ
1879 5745 1915 5805 Ἴό
1943 5745 2164 5822 Κύριοςο
2194 5753 2411 5820 Ἄφετε,
2442 5771 2494 5806 κ.
2530 5745 2580 5805 τί
2616 5751 2663 5806 λ.
