3810 6306
349 318 415 377 59
1465 318 1785 376 PIIILONIS
1823 315 2131 375 EPISCOPI
2169 314 2491 373 CARPASII
3518 313 3592 372 60

350 434 521 516 stmba
571 443 757 506 surget
809 450 1101 506 cupressus
1121 437 1245 493 ".1
1270 435 1712 507 Quandoquidem
1777 437 1918 491 enim

2042 451 2157 505 ρησι
2177 450 2193 465 ·
2234 452 2254 484 ι
2289 434 2398 487 Καὶ
2427 432 2549 487 ἀντὶ
2585 433 2685 503 τῆς
2719 432 2939 503 στοιϐἦς
2965 431 3078 503 (55)
3129 431 3458 503 ἀναϐήσεται
3489 450 3592 485 κυ-

350 524 495 593 tigna
538 523 767 580 interius
805 537 949 589 sunt,
981 536 1035 580 et
1069 526 1412 595 laquearibus
1463 527 1607 595 tigna
1638 525 1915 580 occultan-

351 619 468 673 tur;
505 610 778 680 laquearia
829 624 1006 668 autem
1057 614 1275 670 domum
1311 614 1607 684 jucundam
1646 614 1916 680 elliciunt;

351 711 635 770 propterea
660 704 891 773 primum
920 708 1207 776 prophetas
1224 707 1386 777 tignis
1416 707 1699 771 assimilat,
1727 708 1919 763 deinde

352 803 573 863 propter
603 795 813 853 illustre
837 809 1214 854 ornamentum
1246 799 1500 855 Ecclesia}
1523 799 1666 869 quod
1694 801 1762 853 ab
1790 815 1920 867 apo-

352 885 503 941 stolis
526 888 906 958 proliciscitur.
939 892 1015 947 ait
1042 908 1054 944 :
1092 910 1111 943 ι
1136 892 1433 961 Laquearia
1462 901 1669 956 nostra,
1700 905 1920 959 cupres-

353 976 395 1031 si
427 993 441 1029 :
472 995 491 1028 ι
526 986 584 1031 ιιι
626 981 980 1047 apostolicum
1025 982 1154 1037 illud
1189 990 1648 1052 prannonstretur,
1683 982 1872 1037 dicens
1900 1000 1913 1035 :

353 1063 579 1121 rPosuit
604 1066 864 1126 Dominus
885 1072 940 1125 in
964 1071 1201 1126 Ecclesia
1237 1072 1468 1140 primum
1505 1070 1798 1139 apostolos,
1833 1086 1919 1126 se-

353 1157 528 1212 cundo
585 1161 1003 1230 prophetas".i
1061 1161 1385 1229 Praefulgent
1444 1162 1589 1215 enim
1646 1162 1922 1230 prepbetis

353 1250 615 1316 apostoli;
664 1254 1092 1322 quandoquidem
1142 1263 1361 1323 propter
1405 1267 1499 1307 eos
1533 1253 1796 1322 appellata
1835 1262 1922 1307 est

351 1337 577 1403 pulchra
605 1340 807 1395 Christi
834 1357 1056 1411 sponsa,
1090 1357 1212 1412 quae
1247 1352 1304 1396 et
1332 1341 1662 1408 insequendo
1691 1341 1767 1394 ait
1796 1358 1811 1397 :

2019 527 2302 599 πάρισσος.
2342 546 2361 579 ι
2414 525 2630 598 Ἐπειδὴ
2666 526 2775 597 γὰρ
2808 525 2922 597 (56)
2956 527 3014 581 αἱ
3045 525 3191 579 δοκοὶ
3220 524 3331 579 τῶν
3376 541 3595 594 φατνω-

2023 619 2208 690 μάτων
2241 618 2379 671 εἰσιν
2408 616 2695 689 ὲσώτεραι,
2728 618 2822 671 καὶ
2856 617 2961 670 ὑπὸ
2990 617 3101 670 τῶν
3123 616 3499 688 φατνωμάτων
3528 616 3583 669 αἱ

2024 711 2171 766 δοκοὶ⁸
2208 710 2570 765 καλύπτονται
2595 725 2610 740 ⁸
2646 712 2943 784 τερπνότης
2972 710 3029 764 δὲ
3056 708 3150 763 τοῦ
3184 710 3333 763 οἴκου
3379 708 3450 761 τὰ
3482 725 3592 779 φα-

2020 802 2308 873 τνώματα·
2347 801 2435 855 διὰ
2466 801 2623 856 τοῦτο
2669 802 2885 871 πρῶτον
2926 802 3053 866 τοὺς
3093 802 3380 872 προφήτας
3411 800 3592 864 δοκοῖς

2022 889 2340 955 ἀπεικάζειο
2395 874 2585 945 ἔπειτα
2632 890 2721 944 διὰ
2769 892 2863 944 τὸν
2911 891 3183 963 περιφανῆ
3237 890 3442 960 κόσμον
3489 889 3594 959 τῆς

2034 982 2358 1049 Ἐκκλησίας
2406 984 2470 1035 ὲκ
2520 980 2625 1034 τῶν
2679 981 2991 1035 ἀποστόλων
3036 981 3171 1051 αὐτῇ
3227 980 3593 1050 γεγενημένον

2021 1074 2199 1141 λέγει·
2237 1093 2256 1125 ι
2277 1072 2614 1144 Φατνώματα
2638 1071 2814 1143 ἡμῶν,
2834 1073 3181 1144 κυπάρισσοιι
3210 1091 3228 1123 ι
3257 1071 3345 1125 ἵνα
3371 1071 3433 1124 τὸ
3462 1071 3597 1124 ἀπο-

2032 1164 2275 1217 στολικὸν
2328 1165 2501 1216 ἐκεῖνο
2558 1163 2881 1236 προμηνυθῇ
2938 1163 3085 1233 (57),
3144 1162 3208 1216 τδ
3260 1161 3597 1232 λεγόμενον*

2029 1272 2049 1304 ι
2088 1253 2279 1306 Ἐθετο
2310 1252 2513 1324 Κύριος
2558 1255 2615 1306 ὲν
2653 1258 2719 1326 τῇ
2773 1254 3067 1325 Ἐκκλησία
3103 1251 3316 1323 πρῶτον
3356 1249 3595 1303 ἀποπό-
3654 1262 3663 1267 ’

2024 1342 2167 1406 λους,
2199 1342 2447 1414 δεύτερον
2474 1338 2774 1416 προφήτας.
2818 1364 2837 1397 ι
2875 1344 3263 1416 Προλάμπουσι
3296 1342 3404 1415 γὰρ
3431 1345 3491 1397 ὲν
3522 1345 3594 1413 τῇ

362 1430 659 1503 Ἐκκλησία
696 1432 805 1486 τῶν
842 1433 1135 1504 προφητῶν
1174 1434 1225 1487 οἱ
1264 1432 1584 1487 ἀπόστολοι·
1623 1432 1920 1503 ὲπειδήπεο
1956 1432 2023 1485 δι’
2056 1434 2235 1488 αὐτῶν
2304 1434 2505 1506 ἐκλήθη
2569 1438 2603 1508 ἡ
2637 1436 2775 1507 καλὴ
2816 1437 2910 1489 τοῦ
2943 1434 3176 1507 Χριστοῦ
3208 1434 3391 1509 νύμφη
3417 1451 3430 1465 ·
3472 1436 3599 1508 ἥτις

353 1522 447 1579 καὶ
475 1522 845 1595 ἀκολουθοῦσα
872 1525 1018 1595 λέγει
1037 1543 1050 1556 ·

356 1705 571 1764 XXXV.
601 1709 759 1764 Vens.
782 1711 832 1766 1.
852 1709 964 1782 Ego
995 1620 1290 1781 nam};
1317 1724 1364 1768 et
1387 1714 1555 1770 lilium
1585 1714 1919 1771 convallium.

423 1887 703 1960 Tanquam
741 1893 1063 1949 blandiendo
1086 1910 1186 1951 suo
1219 1895 1390 1966 ipsius
1423 1913 1622 1969 sponso
1648 1902 1699 1955 in
1731 1902 1920 1957 iisdem

354 1981 705 2053 immoratur;
742 1989 1128 2042 convenienter
1170 1990 1285 2059 ipsa
1331 2006 1390 2046 se
1415 1991 1598 2049 llorem
1628 1995 1801 2065 campi
1825 2011 1922 2065 ap-

354 2075 539 2144 pellat,
564 2078 691 2144 quia
726 2092 847 2133 cum
881 2082 1135 2136 meditata
1177 2084 1248 2137 sit
1283 2086 1595 2154 prophetica
1640 2088 1919 2153 vaticinia,

353 2168 504 2222 audit
538 2168 607 2224 ab
652 2169 807 2233 Isaia,
868 2189 887 2222 ι
918 2169 1158 2235 Laetare,
1189 2173 1399 2229 deserta
1438 2176 1661 2230 sitiens:
1691 2180 1924 2231 exsultet

353 2258 568 2314 deserta
598 2279 614 2317 :
640 2269 698 2316 et
748 2260 937 2316 ﬂoreat
998 2272 1056 2317 ut
1093 2264 1259 2317 lilium
1288 2282 1301 2317 :
1327 2274 1383 2319 et
1414 2262 1677 2320 eﬂlorebit
1709 2267 1921 2322 deserta

354 2351 659 2421 antiqua”.
691 2371 711 2404 ι
750 2353 855 2407 Sed
911 2369 1053 2409 nunc
1107 2370 1211 2409 non
1264 2355 1436 2410 solum
1484 2356 1705 2412 ﬂoribus
1758 2372 1923 2412 suave

354 2440 485 2506 olet,
524 2444 619 2497 sed
652 2452 707 2497 et
730 2443 956 2513 iustitia:
988 2443 1253 2500 fructibus
1291 2445 1626 2499 dulcedinem
1666 2447 1922 2513 multipli-

354 2540 465 2587 cat.
491 2531 624 2587 Cum
666 2534 828 2604 igitur
859 2536 1028 2590 dicit:
1064 2553 1084 2586 ι
1106 2535 1216 2606 Ego
1248 2535 1346 2590 llos
1389 2538 1587 2605 campi.
1612 2556 1630 2587 ι
1668 2537 1921 2591 vaticinia

353 2624 641 2690 edisserit;
672 2641 794 2679 cum
821 2636 998 2691 autem
1042 2642 1228 2681 rursus
1266 2628 1393 2683 dicit
1418 2645 1432 2681 :
1458 2647 1477 2679 ι
1506 2630 1571 2683 Et
1598 2629 1764 2682 lilium
1793 2644 1925 2683 con-

355 2712 635 2779 vallium,s
672 2716 993 2785 evangelicis
1029 2717 1429 2788 salutiferisque
1463 2730 1518 2772 et
1563 2719 1817 2773 suavibus
1844 2719 1925 2773 di-

356 2804 463 2858 ctis
514 2805 812 2860 delectatur
842 2807 923 2860 sui
974 2808 1180 2877 sponsi,
1218 2810 1433 2877 quando
1466 2809 1756 2877 discipulos
1798 2824 1925 2863 suos

358 2894 629 2959 hortatur,
664 2907 723 2951 ut
756 2897 887 2951 nihil
918 2898 1131 2952 solliciti
1177 2899 1306 2962 sint,
1355 2899 1577 2954 dicens:
1617 2918 1635 2950 ι
1666 2900 1922 2953 Conside-

357 2998 474 3042 rate
526 2989 636 3043 lilia
680 2991 816 3061 agri,
850 2992 1119 3060 quomodo
1171 2992 1504 3055 adolescunt,
1554 2992 1696 3061 quod
1753 2968 1999 3060 nequec

359 3079 605 3135 laborant
636 3098 810 3151 neque
841 3093 967 3138 nent
988 3084 1057 3138 ⁸¹.
1087 3102 1105 3135 ι
1143 3082 1277 3137 Cum
1315 3084 1478 3154 igitur
1508 3098 1567 3138 se
1602 3085 1773 3152 ipsam
1816 3102 1834 3135 ι
1860 3084 1926 3136 li-

359 3172 490 3227 lium
548 3175 920 3230 convalliumi
994 3176 1242 3247 appellat,
1295 3177 1604 3247 evangelica
1661 3185 1929 3246 praecepta

360 3277 787 3323 commemorat:
818 3283 943 3324 cum
996 3284 1124 3324 vero
1173 3269 1305 3325 dicit
1356 3287 1376 3321 ι
1406 3270 1503 3325 llos
1542 3270 1737 3340 campi,
1763 3287 1782 3321 ι
1814 3284 1933 3338 pro-

362 3361 697 3429 pheticorum
760 3364 1137 3420 vaticiniorum
1196 3364 1535 3419 characteres
1604 3362 1926 3417 subindicat.

362 3452 565 3506 Deinde
617 3454 667 3507 ei
716 3456 1001 3525 respondet
1051 3471 1301 3526 sponsus,
1343 3456 1531 3511 dicens
1573 3455 1642 3510 ad
1696 3470 1757 3511 ea
1811 3469 1930 3523 qua:

361 3543 539 3599 locuta
569 3554 651 3600 est
675 3562 691 3599 :

438 3721 679 3778 XXXVI.
710 3725 874 3779 Vsus.
904 3724 960 3779 2.
1001 3723 1070 3778 Ut
1110 3725 1280 3779 lilium
1325 3725 1379 3778 in
1423 3724 1592 3779 medio
1637 3724 1929 3794 spinarum,

363 3814 440 3868 ita
474 3816 716 3882 proxima
740 3833 853 3869 mea
876 3817 930 3871 in
964 3818 1133 3870 medio
1162 3818 1419 3887 ﬁliarum.

440 3905 497 3958 Id
532 3906 665 3972 vult,
695 3906 837 3960 illam
864 3906 1066 3975 justam
1092 3921 1211 3962 esse
1246 3908 1297 3961 in
1344 3907 1517 3962 medio
1564 3908 1930 3979 injustorum,

364 3998 509 4067 piam
559 3997 613 4051 in
666 3998 844 4053 medio
892 3999 1176 4067 impiorum
1227 4001 1432 4053 versari
1468 3999 1521 4052 in
1558 4000 1658 4056 hoc
1686 4003 1927 4057 mundo:

366 4090 456 4146 cui
484 4091 615 4145 dicit
652 4090 938 4159 Apostolus
966 4109 978 4143 :
1018 4109 1037 4141 ι
1066 4089 1132 4145 Ut
1155 4091 1275 4145 sitis
1301 4092 1394 4145 lilii
1422 4092 1513 4147 Dei
1541 4093 1931 4164 irreprchensi-

368 4183 505 4237 biles
531 4182 585 4237 in
614 4183 790 4237 medio
822 4184 1188 4253 generationis
1228 4199 1407 4253 pravae
1442 4195 1497 4239 et
1525 4201 1790 4254 perversae
1804 4187 1872 4241 ³¹.
1905 4205 1925 4239 ι

365 4273 573 4329 Deinde
605 4275 839 4330 vicissim
870 4291 1063 4345 sponsa
1097 4276 1164 4331 ad
1198 4292 1353 4331 suum
1391 4292 1650 4348 sponsum

432 4448 696 4505 XXXVII.
731 4449 894 4506 Vnus.
924 4449 979 4504 5.
1015 4448 1080 4502 Ut
1112 4451 1308 4504 malum
1350 4452 1407 4505 in
1448 4451 1603 4523 lignis
1654 4452 1822 4519 silum,
1856 4454 1931 4507 sic

363 4540 634 4611 fratruelis
658 4558 802 4597 meus
838 4544 895 4597 in
916 4544 1085 4598 medio
1106 4543 1355 4613 ﬁliorum.

438 4719 632 4773 Malum
686 4722 739 4774 in
786 4737 844 4777 se
889 4723 1004 4793 ipso
1045 4725 1223 4780 cibum
1274 4733 1330 4780 et
1358 4733 1541 4793 potum
1570 4724 1830 4779 continet.
1859 4723 1927 4778 Ut

365 4809 527 4882 igitur
557 4811 822 4883 signiﬁcet
850 4816 1128 4887 mysticam
1153 4818 1394 4872 laetitiam
1420 4832 1580 4886 quam
1616 4817 1692 4870 illi
1720 4816 1926 4885 peperit

435 4972 482 5006 ’⁸
506 4973 609 5029 Isa.
640 4989 728 5041 ιν,
757 4975 844 5031 15.
916 4974 1006 5029 "l
1037 4974 1275 5039 Coum,
1299 4974 1391 5028 28.
1467 4974 1513 5006 '°
1534 4973 1636 5029 Isa.
1669 4992 1832 5040 xxxv,
1866 4978 1920 5045 1,

2085 4979 2128 5012 ⁸¹
2154 4977 2344 5034 Matth.
2370 4993 2447 5045 v1,
2482 4978 2575 5035 28.
2623 4978 2639 4993 ⁸

437 5132 550 5204 (55)
581 5130 744 5186 Vetus
798 5132 1076 5204 interprcs_
1113 5131 1276 5184 vertit
1305 5148 1317 5183 :
1356 5150 1374 5181 ι
1405 5146 1510 5204 pro
1535 5134 1928 5200 constipatione

366 5199 572 5259 orietur
624 5204 950 5272 cyparissus.
980 5222 999 5253 ι
1028 5199 1372 5272 Locus‘est
1408 5199 1564 5272 Isaia:
1598 5218 1684 5269 LV,
1718 5199 1805 5268 l3,
1862 5204 1927 5259 ad

367 5288 523 5343 quem
564 5268 738 5326 locum
784 5271 1065 5343 adnotavit
1088 5268 1362 5343 _Nob_i_lins.
1394 5290 1413 5322 ι
1439 5270 1643 5338 Stmba,
1682 5274 1794 5343 hoc
1826 5287 1930 5340 est,

366 5337 629 5397 vilissimo
672 5342 853 5409 stipite
886 5342 1035 5413 juxta
1088 5340 1147 5392 D.
1181 5337 1584 5413 Hieronymum.
1614 5362 1633 5394 ι
1665 5337 1932 5398 Caeterum

367 5413 555 5483 στοιϐή
593 5413 877 5483 herbarum
906 5410 1121 5483 frondes
1149 5420 1293 5475 sunt,
1328 5410 1526 5481 quibus
1554 5414 1657 5468 tori
1683 5425 1738 5469 et
1768 5414 1935 5470 culci-

369 5494 467 5540 tra:
496 5480 793 5535 farciuntur
823 5491 879 5535 et
904 5481 1190 5545 stipantur.

440 5557 553 5615 (so)
583 5550 707 5619 Γὰρ
731 5566 797 5604 cx
823 5550 941 5604 cod.
970 5548 1162 5602 Vallic.

464 5623 552 5688 57)
585 5620 652 5689 Ba
663 5624 741 5672 rb.
766 5631 822 5673 et
846 5635 998 5673 meus
1023 5622 1384 5689 προμηνυθέν.

464 5623 552 5688 57)
585 5623 652 5672 Ba
663 5624 741 5672 ri).
766 5631 822 5673 et
846 5635 998 5673 meus
1023 5623 1384 5689 προμηνυθέν.

440 5623 905 5764 $58)_Vatic.__non
939 5690 1250 5764 Imbetnxal,
1302 5709 1473 5764 neque
1532 5703 1616 5752 est
1658 5695 1710 5751 in
1765 5694 1930 5750 variis

371 5758 691 5818 lectionibus
712 5760 841 5816 edit.
869 5758 1057 5819 Lamb.
1095 5758 1256 5817 Bosii.

2673 1620 2830 1673 ΚΕΦ.
2866 1620 2908 1671 Β
2926 1660 2941 1674 .

2022 1710 2143 1765 AE'.
2179 1709 2270 1761 Dr.
2302 1714 2371 1763 α’.
2419 1706 2561 1777 Ἐγὼ
2589 1707 2771 1774 ἄνθος
2797 1709 2901 1763 τοῦ
2927 1720 3158 1776 ater/too,
3193 1710 3294 1763 καὶ
3327 1710 3437 1783 (58)
3470 1711 3602 1779 κρί-

2511 1816 2623 1853 νον
2650 1799 2768 1853 τῶν
2800 1800 3114 1856 κοιλάδων.
3568 1812 3576 1820 ’

2094 1892 2305 1963 Ὠσπερ
2341 1891 2785 1963 χαριεντιζομένη
2834 1893 2970 1964 πρὸς
3001 1892 3093 1946 τὸν
3123 1895 3323 1965 ἑαυτῆς
3364 1893 3604 1965 νυμφίον

2023 1986 2081 2039 ἐν
2103 1987 2215 2048 τοῖς
2260 1985 2442 2048 αὐτοῖς
2482 1984 2826 2055 διατρίϐουσα
2854 1984 2967 2058 (59)
2996 2026 3011 2051 ,
3043 1986 3355 2051 ἀκολούθως
3398 1987 3602 2057 ἑαυτὴν

2022 2077 2179 2141 ἄνθος
2210 2077 2356 2145 λέγει
2388 2076 2481 2130 τοῦ
2512 2076 2716 2142 πεδίου,
2751 2078 2831 2130 ὅτι
2853 2076 2923 2131 τὰ
2946 2078 3258 2151 προφητικὰ
3291 2079 3600 2150 μελετῶσα,

2023 2168 2209 2222 ἀκούει
2228 2167 2378 2239 παρὰ
2413 2168 2654 2221 Ἡσαΐου*
2686 2187 2705 2220 ι
2737 2167 3107 2240 Εὐφράνθητι,
3139 2170 3343 2243 ἔρημος
3364 2170 3600 2240 διψῶσα’

2021 2258 2366 2326 ἀγαλλιάσθω
2398 2259 2431 2327 ἡ
2462 2257 2689 2329 ἔρημος,
2746 2258 2842 2311 καὶ
2873 2258 3102 2312 ἀνθείτω
3133 2259 3210 2322 ὡς
3252 2261 3457 2331 κρίνον·
3501 2258 3605 2316 καὶ

2022 2352 2303 2422 ὲξανθήσει
2346 2350 2550 2421 ἕρημος
2592 2353 2627 2421 ἡ
2668 2350 2895 2404 παλαιά.
2932 2369 2950 2402 ι
3010 2351 3169 2405 Ἀλλά
3206 2353 3301 2405 νῦν
3344 2353 3404 2406 ού
3439 2352 3606 2424 μόνον

2022 2444 2132 2504 τοῖς
2191 2440 2408 2494 ἄνθεσιν
2470 2440 2783 2505 εύωδιάζει,
2850 2440 2985 2494 ἀλλὰ
3033 2442 3126 2495 καὶ
3187 2446 3295 2506 τοῖς
3359 2444 3459 2513 τῆς
3522 2443 3607 2496 δι-

2023 2533 2317 2603 καιοσύνης
2376 2535 2609 2601 καρποῖς
2655 2532 2767 2601 (60)
2828 2533 2926 2604 τὴν
2968 2534 3277 2606 γλυκύτητα
3321 2536 3604 2591 πολυπλα-

2026 2626 2217 2689 σιάζει.
2256 2625 2383 2678 Ὅτε
2435 2622 2526 2679 οὖν
2559 2624 2727 2693 λέγει,
2763 2643 2783 2675 ι
2831 2624 2973 2693 Ἐγὼ
3006 2625 3164 2690 ἄνθος
3194 2627 3288 2680 τοῦ
3319 2628 3501 2682 πεδίου
3527 2669 3543 2692 ,
3576 2648 3601 2682 ι

2023 2716 2090 2769 τὰ
2135 2717 2443 2786 προφητικά
2489 2715 2879 2786 διαλαμϐάνει·
2938 2716 3024 2769 ὅτε
3076 2715 3133 2769 δὲ
3178 2717 3361 2781 πάλιν,
3407 2738 3425 2769 ι
3489 2720 3606 2774 ΚαὶΙ

2024 2808 2208 2877 κρίνον
2241 2806 2348 2858 τῶν
2381 2806 2664 2869 κοιλάδων,
2705 2802 2872 2870 ι’τοίς
2897 2807 3271 2876 εὐαγγελικοῖς
3300 2810 3604 2885 ὲπιτέρπεέ-

2023 2913 2113 2949 ται
2147 2895 2515 2966 σωτηριώδεσι
2545 2897 2638 2950 καὶ
2671 2895 2917 2967 εύόδμοις
2949 2898 3153 2967 ῥήμασι
3179 2896 3275 2950 τοῦ
3305 2896 3435 2949 ἰδίου
3464 2916 3604 2969 νυμ-
3718 2916 3733 2926 ο

2030 2987 2175 3057 φὶου,
2207 2988 2296 3039 ὅτε
2332 2987 2393 3040 τὸ
2424 2987 2725 3059 ἀμέριμνον
2755 2990 2869 3051 τοῖς
2906 2986 3071 3040 αὐτοῦ
3112 2985 3384 3056 μαθηταῖς
3409 2987 3601 3059 εὑτρε-

2029 3078 2172 3143 πίζει
2199 3079 2290 3132 καὶ
2322 3079 2506 3143 αὐτὸς,
2532 3078 2707 3149 λέγων
2730 3094 2745 3108 ⁶
2784 3096 2803 3129 ι
2836 3076 3201 3148 Καταμάθετε
3223 3076 3291 3129 τά
3317 3077 3476 3149 κρίνα
3505 3076 3605 3131 τοῦ

2029 3170 2198 3242 ἀγροῦ
2227 3169 2344 3235 πῶς
2366 3171 2606 3237 αὐξάνει,
2627 3171 2708 3224 ὅτι
2739 3171 2799 3224 ού
2825 3170 3011 3242 κοπιᾷ,
3034 3167 3156 3223 οὔτε
3184 3167 3355 3240 νήθει.
3385 3187 3403 3219 ι
3432 3168 3607 3224 Ὅταν

2027 3257 2121 3315 οὖν
2162 3262 2382 3332 ἑαυτὴν,
2428 3280 2447 3313 ι
2484 3262 2668 3332 κρίνον
2721 3261 2831 3314 τῶν
2882 3259 3164 3322 κοιλάδων,
3199 3278 3228 3311 λ»
3276 3259 3446 3328 λέγει,
3491 3258 3607 3314 τῶν

2029 3352 2397 3422 εὐαγγελικῶν
2419 3352 2702 3423 δογμάτων
2733 3351 3096 3424 μνημονεύει·
3124 3351 3252 3405 ὅταν
3278 3351 3354 3413 δὲ,
3391 3370 3410 3403 ι
3441 3350 3607 3415 ἄνθος

2036 3443 2129 3496 τοῦ
2163 3442 2371 3507 πεδίου,
2413 3461 2432 3495 ι
2458 3442 2566 3495 τῶν
2597 3443 2951 3515 προφητικῶν
2990 3441 3328 3513 μηνυμάτων
3349 3443 3471 3507 τοὺς
3504 3460 3608 3513 χαρ-

2034 3534 2311 3605 ρακτῆρας
2327 3534 2709 3604 ὑποσημαίνει.
2735 3531 2868 3587 Εἶτα
2892 3531 3245 3604 ἀποκρίνεται
3268 3533 3405 3605 πρὸς
3432 3533 3605 3607 αὐτὴν

2029 3628 2059 3679 ὁ
2085 3625 2338 3696 νυμφίος,
2370 3626 2545 3695 λέγων
2577 3628 2714 3697 πρὸς
2742 3626 2778 3681 ἀ
2807 3623 2926 3680 εἶπε
2946 3644 2959 3657 ·

2103 3718 2246 3787 Aq'.
2281 3720 2371 3772 Στ.
2411 3718 2475 3791 β’.
2523 3719 2616 3785 Ὠς
2644 3720 2852 3787 κρίνον
2884 3719 3142 3789 ἐνμέσῳ
3163 3716 3462 3781 ἀκανθῶν,
3502 3715 3608 3771 01':-

2032 3827 2144 3876 τως
2171 3811 2209 3877 ἡ
2243 3811 2510 3878 πλησίον
2530 3828 2649 3880 μου
2682 3810 2989 3879 ἀναμέσον
3019 3810 3139 3865 τῶν
3158 3810 3530 3881 θυγατέρων.

2103 3902 2221 3954 Ἵνα
2248 3903 2418 3971 αὐτὴν
2451 3904 2581 3975 εἴπῃ
2617 3901 2829 3955 δικαίαν
2857 3902 3129 3973 ἀναμέσον
3154 3902 3376 3966 ἀδίκων,
3402 3900 3607 3973 εὐσεϐῆ

2033 3992 2091 4045 ὲν
2123 3992 2272 4062 μέσῳ
2313 3993 2544 4059 ἀσεϐῶν,
2581 3994 2639 4045 ὲν
2684 3993 2819 4063 τῷδε
2853 3991 2931 4064 τῷ
2972 3993 3159 4064 κόσμῳ
3188 3994 3623 4066 ἀναστρεφομέο,

2031 4102 2148 4156 νην,
2182 4085 2317 4156 πρὸς
2345 4085 2413 4155 ἥν
2446 4102 2579 4155 φησι
2602 4086 2696 4139 καὶ
2724 4088 2754 4139 ὁ
2793 4084 3111 4150 Ἀπόστολος
3130 4105 3141 4118 ·
3179 4105 3199 4138 r
3234 4086 3351 4139 Ἵνα
3373 4085 3608 4157 γένησθε

2031 4177 2195 4230 τέκνα
2225 4176 2361 4231 Θεοῦ
2408 4177 2686 4249 ἀμώμητα
2724 4181 2781 4233 ὲν
2829 4178 2979 4249 μέσῳ
3024 4180 3220 4247 γενεᾶς
3253 4179 3473 4243 σκολιᾶς
3511 4180 3608 4234 καὶ

1949 4277 2005 4359 'D
2034 4268 2487 4340 διεστραμμένης.
2518 4289 2537 4321 ι
2567 4265 2697 4324 Εἶτα
2718 4272 2751 4341 ἡ
2776 4269 2961 4342 νύμφη
2990 4270 3149 4324 πάλιν
3173 4271 3309 4334 ποὸς
3326 4270 3419 4325 τδν
3437 4270 3608 4343 αὐτῆς

2036 4380 2098 4415 νυ
2107 4378 2183 4415 μω
2190 4374 2266 4413 ων
2288 4374 2303 4389 ⁶

2190 4378 2266 4413 ιον
2288 4378 2303 4389 ·

2105 4378 2230 4506 λζ’.
2272 4453 2362 4505 Στ.
2394 4458 2463 4520 γ’.
2531 4452 2624 4518 Ὡς
2638 4450 2842 4521 μῆλον
2870 4451 2982 4524 (61)
3014 4454 3087 4509 ἐν
3106 4454 3235 4522 τοῖς
3263 4453 3472 4519 ξύλοις
3496 4452 3608 4507 τοῦ

2035 4542 2293 4612 δρυμοῦ,
2323 4542 2532 4609 ξοῦτως
2593 4540 2917 4612 ὰδελφιδός
2959 4561 3079 4614 μου
3130 4543 3438 4613 ἀναμέσον
3487 4540 3607 4596 τῶν

2035 4633 2199 4689 υἱῶν.

2110 4725 2183 4778 Τὸ
2219 4725 2388 4796 μῆλον
2417 4727 2474 4779 ὲν
2503 4725 2581 4797 τῷ
2612 4726 2763 4798 αύτῷ
2798 4727 2894 4781 καὶ
2924 4727 3125 4799 βρῶσιν
3149 4728 3263 4800 ἔχει
3297 4727 3392 4781 καὶ
3422 4727 3600 4780 πόσιν.

2031 4818 2148 4872 Ἵνα
2199 4818 2328 4887 γοῦν
2379 4819 2478 4890 τὴν
2525 4821 2793 4891 μυστικὴν
2841 4820 2972 4893 είπῃ
3022 4819 3382 4893 εὐφροσύνην,
3425 4820 3605 4891 ἥνπερ

2686 4981 2732 5014 ”
2754 4979 2983 5049 Philipp.
3007 4994 3065 5046 ιι,
3098 4980 3185 5034 15.

2106 5135 2221 5273 (59ζ
2252 5134 2438 5191 Vallic.
2469 5137 2878 5210 ἐνδιατρίϐουσα

2106 5206 2198 5263 (60
2257 5205 2350 5261 Sic
2403 5206 2728 5273 legendum:
2762 5207 2878 5261 mall

2106 5205 2350 5290 (60)'Slc
2403 5205 2683 5277 legendum
2713 5226 2728 5262 :
2762 5207 2901 5263 male
2953 5205 3115 5262 Barh.
3165 5214 3222 5262 et
3268 5221 3421 5263 meus
3476 5208 3605 5275 τοὺς

2035 5293 2298 5338 καρπούς.

2112 5294 2446 5416 ῗᾶῗὲεεοίο
2493 5362 2591 5402 cur
2634 5345 3027 5417 ivet.interpr._
3051 5345 3380 5401 reddiderit:
3412 5344 3604 5417 rSicut

2040 5414 2214 5487 arbor:
2251 5416 2377 5471 mali
2426 5417 2477 5470 in
2527 5416 2704 5487 medio
2732 5414 2947 5471 silva.)
2986 5414 3120 5471 Tota
3158 5416 3604 5487 veroexplicatio

2042 5488 2156 5541 haec
2203 5486 2256 5540 in
2298 5500 2360 5540 ea
2404 5486 2652 5540 versione
2684 5495 2765 5540 est
2798 5487 3051 5555 implexa,
3080 5496 3135 5541 et
3157 5485 3402 5555 quaedam
3438 5488 3603 5541 etiam

2044 5557 2227 5620 habet,
2258 5570 2565 5625 quae_sensu
2596 5563 2881 5620 carent,ut
2912 5555 3044 5608 illa:
3074 5574 3094 5607 ι
3119 5556 3295 5610 Arbor
3320 5569 3449 5625 ergo
3480 5558 3601 5611 mali

2034 5636 2121 5679 est
2160 5623 2339 5688 homo,
2374 5623 2575 5679 Christi
2608 5626 2798 5679 domus
2856 5626 2995 5680 inter
3024 5625 3167 5691 ligna
3208 5623 3493 5688 silvae,'sic
3551 5630 3603 5681 in

2038 5696 2214 5767 medio
2271 5693 2576 5750 Jndaeorum
2636 5694 2942 5761 exsistens,
2987 5695 3127 5751 sicut
3178 5694 3242 5751 de
3291 5695 3422 5767 ipsis
3466 5696 3599 5753 dicit

2035 5765 2222 5831 Isaias,
2248 5783 2267 5814 ι
2298 5774 2402 5820 etc.
