3810 6298
223 293 277 349 ιι
1128 278 1533 368 ENAtinArto
1569 312 1639 368 1N
1676 314 2029 375 CANTICUM
2068 322 2538 387 CANTICORUM.
3381 338 3453 395 οε

222 408 365 523 αὐτῇ]
378 407 609 499 δέδωκεν
635 413 666 467 6
697 415 950 486 νυμφίος,
979 416 1152 487 λέγων
1170 436 1184 450 ·
1224 439 1242 471 ι
1283 422 1513 488 Λάϐετε,
1543 426 1761 495 φάγετε

1883 449 2109 504 sponsus
2188 442 2409 499 dicens:
2440 448 2752 519 «Accipite.
2807 454 3153 523 manducate;
3201 455 3305 512 hoc
3365 452 3449 514 es‘

222 497 367 549 τοῦτό
397 518 501 569 μου
531 494 650 555 ἐστὶ⁵
682 504 745 557 τὸ
780 505 976 577 σῶμαο
1021 527 1041 561 ι
1079 510 1197 576 καὶ,
1252 530 1273 563 ι
1312 513 1557 579 Λάϐετε,
1597 518 1781 573 πίετε⁸

392 591 508 643 ἐστι
534 592 595 644 τὸ
621 589 765 665 αἷμά
795 614 898 666 μου
920 637 936 662 ,
982 598 1045 652 τὸ
1072 600 1211 673 ὑπὲρ
1245 602 1399 673 ὑμῶν
1428 606 1784 679 ὲκχυνόμενον

220 679 292 738 εἰς
338 678 530 748 ἄφεσιν
573 684 896 756 ἁμαρτιῶν*
951 706 971 740 ι
1023 688 1111 742 διὰ
1166 691 1345 757 τοῦτο,
1393 690 1581 765 οἶμαι,
1634 678 1654 746 ι
1708 699 1784 763 ὡς

220 767 399 860 μῆλον,
444 790 465 822 ι
515 772 684 860 λέγει.
731 777 871 849 Τρία
919 778 1026 852 γὰρ
1074 782 1255 850 ἀγαθὰ
1303 784 1365 837 τὸ
1419 786 1587 856 μῆλον
1630 787 1777 860 ἔχει’

220 857 437 929 βρῶσιν,
488 852 565 918 δι”
586 862 657 938 ἧς
690 867 1057 940 ὑποσημαίνει
1089 873 1151 926 τὸ
1182 852 1433 946 Χριστοῦ⁷
1458 852 1617 948 σῶμα
1639 852 1784 933 Γκαὶ

218 951 383 1016 πόσιν,
417 953 482 1006 δι’
526 950 595 1028 ἦς
640 958 1003 1031 ὑποσημαίνει
1042 962 1105 1016 τὺ
1162 966 1430 1036 σωτήριον
1470 962 1643 1039 αἷμαο
1690 970 1782 1023 καὶ

216 1048 456 1112 εὐωδίαν,
500 1051 625 1122 ἥτις
668 1054 783 1124 (62)
834 1058 1229 1130 χαρακτηρίζει
1278 1061 1377 1133 τὴν
1426 1063 1625 1119 πίστιν.
1668 1066 1780 1120 Καὶ

218 1134 369 1189 πάλιν
424 1139 575 1210 μήλῳ
622 1142 913 1208 ἀπεικάζει
952 1146 1043 1201 τὸν
1085 1148 1423 1221 ἀνθρώπινον
1473 1153 1566 1206 τοῦ
1603 1154 1777 1223 Λόγου

214 1231 526 1300 χαρακτῆρα
561 1232 672 1304 (65)
706 1237 765 1288 ὲν
816 1236 994 1302 ξύλοις
1045 1237 1203 1293 ὄντα·
1261 1241 1572 1315 προθεμένη
1618 1246 1778 1299 αὑτὸν

218 1320 301 1370 ἐπὶ
321 1319 417 1373 τοῦ
443 1321 599 1386 ξύλου
628 1325 722 1378 τοῦ
756 1328 1011 1400 σταυροῦ,
1048 1325 1136 1384 οἷα
1165 1332 1353 1401 μῆλον,
1389 1335 1775 1401 εὐωδιάζοντα.

217 1408 314 1461 Καί
345 1429 508 1483 φησιν
532 1430 549 1446 ο
586 1432 606 1465 ι
658 1416 748 1480 Ὠς
787 1418 956 1490 μῆλον
999 1421 1057 1473 ἐν
1081 1424 1192 1484 τοῖς
1220 1422 1395 1487 ξύλοις
1423 1426 1515 1479 τοῦ
1546 1426 1774 1497 δρυμοῦ,

214 1499 375 1565 οὕτως
417 1504 694 1574 ἀδελφιδός
743 1526 844 1578 μου
896 1511 1171 1583 άναμὲσον
1203 1513 1311 1568 τῶν
1358 1515 1522 1569 υἱῶνο
1566 1537 1584 1569 ι
1639 1520 1776 1591 ὅπερ

216 1591 374 1655 ἐστὶν,
407 1596 679 1667 ἀναμέσον
721 1599 830 1653 τῶν
880 1602 1165 1658 Ἰουδαίων.
1221 1606 1385 1670 Υίοὺς
1418 1607 1525 1679 γὰρ
1578 1611 1777 1675 αὐτοὺς

213 1686 266 1735 ἐν
319 1687 512 1760 Ἡσαΐᾳ
555 1692 744 1755 καλεῖ,
785 1692 992 1760 λέγων·
1056 1714 1075 1747 ι
1134 1697 1298 1762 Υίοὺς
1345 1700 1642 1772 ἐγέννησα,
1681 1704 1774 1756 καὶ

212 1776 419 1847 ῦψωσα·
449 1782 603 1834 αὐτοὶ
632 1782 690 1835 δέ
724 1801 792 1854 με
830 1784 1123 1857 ἠθέτησαν.
1173 1807 1192 1839 ι
1231 1785 1367 1844 Εἶτά
1394 1809 1591 1863 φησιν’

272 1871 400 1924 AH’.
441 1872 543 1926 Ἑν
606 1872 683 1944 τῇ
749 1874 896 1943 σκιᾷ
978 1878 1165 1932 αὐτοῦ
1241 1881 1621 1953 ἐπεθύμησα,
1676 1888 1775 1945 καί

208 1960 464 2018 ἐκάθισα.
718 2014 721 2021 .
1279 1954 1284 1960 ι

284 2054 563 2130 Ἐπιθυμεῖ
592 2057 703 2130 γὰρ
732 2060 826 2115 καὶ
854 2060 944 2115 τὸν
969 2062 1130 2134 νόμον
1161 2063 1334 2120 τελεῖν
1366 2067 1400 2138 ὴ
1448 2068 1762 2142 Ἐκκλησία.

209 2141 339 2197 Σκιὰ
377 2145 482 2219 γὰρ
515 2149 613 2202 τοῦ
640 2150 978 2221 Μονογενοῦς
1004 2157 1034 2209 6
1075 2155 1240 2227 νόμος
1262 2174 1274 2186 ’
1310 2159 1407 2211 καὶ
1430 2141 1772 2218 τοῦτονὲπι-

213 2234 363 2306 θυμεί
409 2242 556 2295 πᾶσα
600 2243 840 2299 εὐσεϐῶν
866 2246 1051 2318 ψυχὴ,
1107 2251 1229 2313 ταῖς
1270 2249 1550 2320 διαταγαῖς
1605 2255 1770 2311 αὑτοῦ

210 2326 599 2417 ἐπιτερπομένη
647 2338 771 2401 ταῖς
806 2337 1135 2404 κωλυτικαῖς
1175 2341 1284 2395 τῶν
1316 2344 1733 2417 ἁμαρτημάτων
1752 2365 1768 2382 ο

210 2412 291 2476 τὸ,
324 2435 347 2469 ι
380 2418 451 2472 Ού
490 2422 800 2493 μοιχεύσεις
821 2466 837 2490 ,
863 2426 925 2479 οὐ
958 2428 1259 2497 φονεύσεις,
1302 2412 1368 2487 ού
1409 2412 1650 2505 κλέψεις,
1706 2439 1767 2491 οὐ

207 2505 770 2586 ψευδομαρτυρήσεις,
826 2517 964 2588 τίμα
990 2520 1084 2573 τὸν
1132 2524 1355 2595 ,πατέρα
1399 2542 1494 2580 σου
1533 2528 1627 2580 καὶ
1671 2528 1769 2601 τὴν

212 2600 430 2673 μητέρα,
454 2623 474 2656 ι
499 2606 595 2659 καὶ
618 2606 717 2671 τὰς
743 2606 909 2674 ἄλλας
932 2609 1125 2676 λοιπὰς
1149 2614 1389 2678 ἐντολάς.
1433 2618 1522 2670 Ἐν
1544 2600 1769 2682 ταύταις

211 2692 321 2754 ταῖς
348 2696 521 2759 σκιαῖς
556 2697 915 2769 ἐπιθυμοῦσιν
952 2702 1009 2754 αί
1045 2702 1155 2757 τῶν
1182 2704 1421 2760 εὐσεϐῶν
1452 2707 1624 2779 ψυχαὶ
1649 2711 1768 2772 ταῖς

214 2781 311 2833 τῶν
332 2784 741 2858 ἁμαρτημάτων
771 2790 1117 2856 κωλπικαῖς.
1151 2795 1243 2848 Διὸ
1283 2796 1486 2871 λέγειή
1540 2800 1768 2872 Ἐκκλη-

210 2872 317 2927 σία·
344 2894 363 2925 ι
394 2878 479 2932 Ἐν
503 2881 571 2950 τῇ
611 2882 741 2952 σκιᾷ
764 2881 927 2936 αὐτοῦ
959 2884 1303 2955 ἐπεθύμησα,
1332 2889 1427 2942 καὶ
1458 2890 1702 2946 ἐκάθισα.
1737 2912 1756 2944 ι

209 2985 295 3015 -ι
313 2966 467 3019 Σκιὰν
484 2968 594 3042 γὰρ
615 2967 761 3044 εἶχεν
778 2975 807 3026 6
829 2973 991 3045 νόμος
1012 2975 1120 3029 τῶν
1145 2977 1443 3048 μελλόντων
1463 2979 1705 3050 ἀγαθῶν,
1736 3002 1755 3035 ι

207 3057 335 3111 κατὰ
359 3059 443 3113 τὸν
470 3060 748 3118 θειότατον
785 3065 1104 3121 Ἀπόστολον
1121 3086 1134 3099 ·
1163 3068 1244 3121 διὸ
1267 3068 1429 3134 εὐθὺς
1453 3070 1600 3141 λέγει
1623 3089 1637 3105 ’

1887 541 2084 596 corpus
2130 546 2306 587 meum
2330 534 2408 605 ηις
2432 554 2451 586 ι
2485 547 2576 591 et:
2615 558 2635 591 ι
2662 540 2921 610 Accipite,
2966 543 3167 624 bibite;
3228 546 3315 601 hic
3358 555 3447 602 est

1886 621 2109 689 sanguis
2139 639 2289 679 meus
2319 627 2409 695 qui
2442 643 2539 696 pro
2563 632 2718 688 vobis
2748 633 3055 691 eil‘undetur
3084 621 3145 691 iu
3170 637 3445 694 remissio-

1884 724 2007 765 nem
2032 726 2376 782 peccatorum
2397 718 2476 774 ”:
2513 740 2533 773 ι
2563 721 2763 781 ideirco
2784 728 2937 793 dicit,
2970 746 2989 780 ι
3013 728 3155 785 sicut
3183 730 3437 787 malum.»

1886 801 2012 855 Tria
2047 804 2190 858 enim
2219 806 2355 861 bona
2387 810 2581 866 malum
2607 816 2884 873 continet:
2917 820 3120 888 cibum,
3152 837 3261 891 quo
3287 823 3451 893 signi-

1884 890 2015 948 ﬁcat
2055 910 2252 965 corpus
2281 899 2516 967 Christi;
2551 915 2756 975 potum,
2786 925 2894 980 quo
2925 890 3197 982 signiﬁcat
3241 890 3447 969 saluta-

1884 995 1997 1035 rem
2036 986 2388 1054 sanguinem;
2440 1000 2494 1044 et
2538 996 2720 1052 odoris
2767 1001 3113 1067 suavitatem,
3142 1018 3241 1071 per
3284 1019 3446 1072 quam

1882 1074 2138 1140 exprimit
2188 1077 2369 1133 fidem.
2421 1082 2485 1135 Et
2517 1100 2701 1143 rursus
2722 1091 2869 1146 malo
2893 1105 3170 1162 comparat
3198 1097 3448 1153 humani-

1884 1168 2050 1216 tatem
2087 1162 2240 1220 Verbi
2279 1182 2631 1239 assumptam,
2667 1191 2785 1245 qua:
2827 1189 2911 1234 est
2961 1182 3101 1235 inter
3126 1180 3288 1250 ligna,
3320 1198 3448 1252 pro-

1880 1268 2085 1323 ponens
2133 1259 2306 1325 ipsum
2364 1262 2416 1316 in
2467 1264 2614 1334 ligno
2659 1270 2839 1325 crucis
2902 1275 3137 1328 suaviter
3191 1275 3445 1342 olentem,

1880 1352 2136 1415 tanquam
2174 1349 2393 1410 malum.
2427 1353 2493 1407 Et
2536 1358 2651 1411 ait:
2689 1378 2707 1410 ι
2741 1358 2807 1415 Ut
2862 1361 3057 1415 malum
3107 1364 3244 1417 inter
3304 1364 3445 1433 ligna

1878 1438 2045 1505 silvae,
2090 1441 2178 1515 (sic
2223 1442 2495 1500 fratruelis
2542 1464 2690 1504 meus
2743 1451 2794 1504 iu
2844 1454 3020 1508 medio
3044 1454 3308 1523 filiorum;
3338 1474 3358 1508 ι
3391 1454 3447 1510 id

1878 1540 1979 1595 est,
2012 1533 2064 1585 in
2101 1534 2279 1588 medio
2307 1535 2637 1595 Judazorum.
2676 1543 2826 1610 Ipsos
2853 1546 2998 1600 enim
3040 1545 3180 1603 ﬁlios
3215 1547 3448 1617 appellat

1878 1620 1930 1674 in
1990 1622 2129 1678 Isaia
2190 1627 2419 1684 dicens:
2455 1631 2663 1688 «Filios
2711 1636 2872 1705 genui
2932 1645 2987 1693 et
3034 1639 3305 1706 exaltavi;
3345 1640 3447 1711 ipsi

1877 1728 2005 1769 vero
2031 1730 2352 1785 spreverunt
2372 1723 2537 1778 me”.
2564 1743 2585 1778 ι
2613 1726 2812 1783 Deinde
2841 1730 2968 1784 dicit
2994 1744 3011 1783 :

1944 1892 2232 1954 XXXVIII.
2264 1897 2333 1953 In
2375 1901 2558 1955 umbra
2584 1902 2747 1971 ipsius
2786 1906 3053 1975 concupiui
3101 1916 3147 1960 et
3181 1913 3426 1962 consedi.

1945 2073 2228 2131 Desiderat
2263 2079 2406 2133 enim
2453 2080 2615 2135 etiam
2651 2080 2822 2154 legem
2864 2083 3125 2152 perficere
3175 2083 3438 2141 Ecclesia.

1873 2164 2078 2221 Umbra
2128 2170 2270 2223 enim
2303 2171 2570 2241 Uuigeniti
2614 2184 2697 2227 est
2729 2175 2853 2242 lex;
2887 2186 2937 2231 et
2989 2178 3130 2232 hanc
3172 2177 3445 2233 desiderat

1870 2261 2073 2329 quaevis
2122 2262 2332 2329 piorum
2392 2265 2594 2330 anima,
2646 2265 2814 2335 ipsius
2848 2267 3110 2322 delectata
3162 2271 3445 2340 praeceptis

1869 2366 1989 2421 qua:
2034 2366 2257 2422 peccata
2312 2356 2644 2425 prohibent:
2680 2377 2700 2411 ι
2729 2358 2846 2413 Non
2903 2360 3281 2429 mmcltaberis,
3335 2377 3442 2417 non

1869 2444 2106 2523 occides,
2142 2462 2246 2501 non
2276 2447 2477 2502 furtum
2503 2448 2692 2514 facies,
2718 2466 2823 2505 non
2847 2450 3037 2505 falsum
3069 2454 3436 2507 testimonium

1869 2536 2035 2602 dices,
2069 2538 2274 2593 honora
2306 2549 2508 2609 patrem
2568 2551 2718 2595 tuum
2771 2552 2826 2597 et
2878 2553 3104 2597 matrem
3119 2544 3188 2611 ⁸⁸,
3211 2563 3230 2595 ι
3260 2552 3313 2598 et
3337 2559 3442 2598 cae-

1869 2635 1983 2683 tera
2017 2629 2292 2686 mandata.
2327 2629 2384 2685 Iu
2434 2631 2518 2687 his
2547 2632 2757 2687 umbris
2807 2648 2927 2703 qum
2959 2643 3175 2707 peccata
3231 2643 3439 2701 vetant,

1867 2720 2062 2776 animae
2084 2721 2357 2789 justorum
2401 2723 2808 2793 concupiscunt.
2838 2724 3130 2794 Propterea
3174 2725 3303 2780 dicit
3336 2725 3439 2781 Ec—

1867 2811 2030 2869 clesia
2061 2830 2074 2867 :
2107 2832 2125 2865 r
2153 2813 2212 2868 In
2246 2815 2433 2868 umbra
2466 2813 2583 2884 ejus
2624 2815 2902 2884 concupivi
2946 2823 3001 2869 et
3041 2816 3283 2870 consedi.
3316 2832 3338 2868 ι
3364 2843 3441 2858 -

1871 2923 1892 2957 ι
1920 2904 2176 2962 Umbram
2194 2906 2337 2961 enim
2361 2907 2594 2962 habebat
2615 2906 2699 2961 lex
2717 2907 3017 2961 futurorum
3040 2907 3380 2973 bonorum",
3412 2924 3434 2960 ι

1861 2995 2016 3066 juxta
2037 2999 2434 3055 divinissimum
2459 2999 2797 3068 Apostolum.
2818 2999 3020 3054 Idcirco
3047 3001 3229 3054 statim
3258 2998 3388 3055 dicit
3416 3015 3432 3054 :

268 3148 387 3202 AG'.
414 3152 521 3205 Καὶ
546 3153 778 3221 καρπὸς
801 3156 989 3211 αὐτοῦ
1010 3158 1241 3226 γλυκὺς
1259 3158 1330 3212 ἐν·
1346 3157 1604 3230 λάρυγγί
1620 3179 1758 3231 μου.

1939 3172 2177 3233 XXXIX.
2214 3174 2285 3228 Et
2313 3174 2517 3244 fructus
2541 3177 2655 3244 ejus
2684 3177 2855 3230 dulcis
2879 3178 2935 3231 in
2965 3177 3206 3246 faucibus
3236 3177 3389 3232 meis.

270 3239 330 3293 οι
360 3242 464 3312 γὰρ
489 3244 594 3297 ὑπὸ
619 3244 721 3315 τὴν
747 3245 904 3300 σκιὰν
936 3247 1031 3301 τοῦ
1059 3248 1224 3319 νόμου
1258 3249 1638 3321 καθεζόμενοι,
1668 3253 1763 3325 δῆ-

206 3326 305 3397 λον,
330 3331 400 3396 ὡς
429 3335 523 3387 καὶ
546 3335 643 3389 τοῦ
670 3337 1025 3406 εὐαγγελικοῦ
1058 3339 1270 3410 καρποῦ
1304 3340 1403 3411 τὴν
1440 3343 1759 3416 σωτηριὼδη

206 3418 416 3491 εὐωχίαν
468 3424 968 3496 μεταλαμϐάνουσι.
1035 3423 1171 3481 Εἶτα
1232 3428 1419 3483 λοιπὸν
1475 3433 1605 3504 περὶ
1663 3433 1759 3487 τοῦ

205 3513 353 3583 νόμον
384 3517 633 3585 εἰποῦσα,
668 3519 747 3582 εἷς
777 3536 838 3572 τε
884 3521 982 3591 τὴν
1028 3520 1304 3575 τελείωσιν
1356 3523 1537 3596 ἥνπερ
1570 3524 1760 3579 ἐλαϐεν

207 3605 263 3658 ὲκ
301 3606 389 3660 τοῦ
435 3607 628 3678 νόμου,
670 3610 931 3665 εἰσελθεῖν
988 3610 1249 3680 θέλουσα,
1287 3613 1434 3685 λέγει
1476 3619 1590 3681 τοῖς
1620 3618 1758 3672 ἀπο-

207 3696 389 3762 στόλοις
406 3714 423 3729 ·

262 3790 344 3843 Μ’.
398 3792 487 3845 Στ.
547 3794 620 3847 δ’.
675 3793 961 3865 Εὶσὰγετέ
1023 3813 1101 3866 με
1151 3799 1238 3865 εις
1284 3794 1457 3854 οἷκον
1511 3801 1622 3856 τοῦ
1674 3803 1757 3856 οῖ-

202 3893 298 3931 νου
328 3878 457 3951 (et).

260 3970 347 4035 Εἰς
377 3974 439 4027 τὸ
476 3972 575 4027 τοῦ
635 3975 842 4047 Κυρίου
894 3976 1056 4048 σῶμα
1107 3982 1484 4051 συγκεράσατέ
1517 4001 1584 4055 με
1621 3984 1754 4057 (65),

201 4065 336 4135 φησὶ,
363 4066 514 4136 αύτῷ
541 4066 632 4120 διὰ
658 4065 753 4121 τοῦ
782 4066 1005 4140 λουτροῦ
1032 4072 1131 4141 τῆς
1162 4070 1599 4141 παλιγγενεσίας.

257 4158 382 4213 MA'.
422 4159 649 4225 Τάξατε
670 4161 763 4215 ἐπ’
784 4162 889 4231 ἐμὲ
915 4162 1182 4233 ἀγάπην.

256 4251 375 4305 Δότε
420 4270 514 4324 μοι
571 4253 671 4325 τὴν
716 4255 937 4329 ἀγάπην
980 4256 1078 4328 τὴν
1127 4258 1222 4312 τοῦ
1271 4261 1597 4333 ἐπουρανίου
1640 4264 1753 4335 (66)

196 4339 408 4413 Πατρὸς,
442 4346 511 4415 ἢν
551 4347 583 4399 6
629 4346 938 4419 Μονογενὴς
969 4347 1149 4416 λέγει’
1192 4366 1212 4401 ι
1253 4350 1438 4416 Οῦτως
1469 4354 1753 4425 ἠγάπησεν

192 4436 218 4487 ὸ
239 4435 360 4500 Θεὸς
380 4437 471 4491 τὸν
491 4437 717 4509 κόσμον,
746 4438 887 4493 ὥστε
910 4440 1002 4494 τὸν
1030 4442 1154 4495 Υἱὸν
1175 4442 1342 4496 αὑτοῦ
1367 4444 1457 4498 τὸν
1485 4450 1747 4520 μονογενῆ

191 4526 394 4592 ἔδωκεν,
428 4531 517 4584 ἵνα
551 4532 658 4594 πᾶς
685 4534 715 4585 6
741 4531 1011 4586 πιστεύων
1039 4537 1120 4598 είς
1152 4536 1316 4590 αὐτὸν
1358 4537 1434 4610 μὴ
1462 4539 1749 4612 ἀπόληται,

190 4619 291 4674 ἀλλ’
317 4622 414 4695 ἔχῃ
442 4623 591 4695 ζωὴν
623 4622 859 4678 αἰώνιον.
906 4644 926 4679 ι

249 4713 374 4767 MB’.
416 4716 508 4768 Στ.
542 4720 606 4767 ε’.
638 4715 971 4784 Στηρίσατέ
997 4716 1111 4787 (67)
1144 4734 1222 4786 με
1247 4718 1318 4772 ἐν
1336 4721 1569 4790 μύροις.

261 4805 344 4859 Ἐν
372 4808 510 4860 πᾶσι
540 4809 655 4870 τοῖς
683 4806 847 4873 θείοις
876 4810 970 4865 τοῦ
998 4812 1239 4882 Χριστοῦ
1264 4813 1486 4882 λογίοις.

245 4898 370 4952 MP.
405 4898 776 4954 Στοιϐἀσατέ
793 4918 872 4970 με
904 4902 975 4956 ἐν
1005 4903 1250 4974 μήλοις.

248 4992 460 5063 Θάψατέ
493 5011 564 5067 με
592 4995 653 5048 ὲν
680 4993 760 5065 τῷ
789 4995 1010 5067 ἀριθμῷ
1034 4996 1143 5051 τῶν
1169 4997 1414 5055 δικαίων.

1938 3265 2039 3332 Qui
2072 3265 2214 3321 enim
2243 3267 2344 3322 sub
2380 3267 2511 3336 legis
2548 3267 2736 3322 umbra
2766 3269 3065 3335 consident,
3095 3268 3435 3324 manilestutn

1862 3365 1948 3411 est
1976 3370 2070 3411 eos
2121 3357 2282 3411 etiam
2318 3356 2570 3410 salutaris
2600 3357 2827 3411 convivii
2883 3356 2937 3411 in
2984 3372 3092 3425 quo
3137 3355 3433 3425 evangelici

1863 3446 2073 3502 fructus
2101 3456 2462 3518 apponuntur,
2495 3462 2615 3502 esse
2640 3447 2953 3517 participes.
2984 3446 3186 3502 Deinde
3219 3447 3284 3502 de
3315 3445 3431 3516 lege

1861 3537 2107 3607 loquens,
2137 3548 2194 3594 et
2215 3539 2281 3593 ad
2311 3553 2429 3594 eam
2462 3540 2842 3608 perfectionem
2866 3538 3048 3595 venire
3062 3538 3247 3595 volens
3266 3552 3429 3609 quam

1859 3631 2065 3700 accepit
2097 3645 2128 3685 a
2153 3629 2288 3702 lege,
2320 3631 2452 3686 dicit
2487 3630 2779 3702 apostolis:

1930 3810 2041 3865 XL.
2070 3809 2233 3867 Vens.
2268 3811 2322 3868 4.
2358 3810 2679 3866 Introducite
2717 3820 2798 3866 me
2820 3811 2873 3864 in
2900 3808 3260 3905 damumyini.

1929 3990 1986 4045 In
2019 3989 2230 4045 Domini
2262 3989 2469 4045 scilicet
2506 4004 2700 4059 corpus
2729 3992 3075 4047 commisccte
3097 4003 3202 4057 me,
3235 3986 3427 4059 inquit,

1855 4096 1978 4136 cum
2008 4082 2124 4150 ipso
2153 4095 2249 4150 per
2278 4081 2548 4135 lavacrum
2581 4082 3016 4151 regenerationis.

1928 4170 2065 4227 XLI.
2101 4171 2358 4227 Ordinate
2393 4174 2449 4226 in
2478 4190 2558 4227 me
2596 4173 2924 4227 cltaritalem.

1925 4263 2059 4319 Date
2096 4265 2230 4320 mihi
2279 4265 2619 4321 dilectionem
2669 4265 2843 4321 Patris
2896 4264 3154 4329 ccelestis,
3204 4265 3271 4321 de
3321 4279 3425 4335 qua

1857 4355 2176 4427 Unigenitus
2204 4358 2443 4427 loquitur
2469 4377 2483 4413 :
2513 4377 2531 4411 ι
2561 4356 2652 4412 Sic
2688 4357 2826 4412 Deus
2845 4357 3032 4413 dilexit
3065 4357 3344 4420 mundum,
3372 4365 3429 4410 ut

1789 4482 1832 4537 υ
1858 4449 2055 4505 Filium
2085 4465 2240 4505 suum
2268 4452 2607 4523 unigenitum
2636 4453 2815 4521 daret;
2848 4461 2905 4506 ut
2930 4451 3108 4506 omnis
3133 4450 3223 4519 qui
3253 4448 3429 4503 credit

1860 4543 1915 4597 in
1938 4540 2107 4605 Illum,
2136 4557 2242 4597 non
2268 4550 2475 4611 pereat,
2507 4541 2602 4597 sed
2630 4541 2829 4597 habeat
2856 4541 3022 4595 vitam
3042 4548 3297 4594 mternam
3318 4538 3420 4593 ⁸⁸.»

1923 4728 2083 4786 XLII.
2123 4730 2289 4786 Vens.
2321 4730 2375 4785 5.
2411 4729 2734 4799 Con/innate
2759 4748 2838 4787 me
2865 4732 2920 4786 in
2950 4728 3246 4799 unguentis.

1921 4823 1979 4878 In
2001 4824 2253 4880 omnibus
2280 4822 2482 4879 Christi
2516 4825 2712 4879 divinis
2743 4824 2988 4894 eloquiis.

1926 4912 2112 4968 XLIII.
2149 4912 2352 4980 Stipate
2389 4930 2470 4968 me
2499 4915 2552 4967 in
2579 4914 2754 4968 malis.
2780 4902 2785 4907 ’

1925 5006 2160 5077 Sepelite
2190 5023 2276 5065 me
2307 5008 2358 5061 in
2389 5022 2614 5061 numero
2639 5006 2931 5076 justorum.

248 5128 505 5186 "Matth.
540 5144 694 5197 xxvr,
732 5130 825 5186 26.
902 5130 950 5163 ⁸⁸
971 5132 1099 5187 ibid.
1133 5132 1225 5195 27,
1250 5131 1342 5187 28.
1422 5133 1467 5167 ⁸⁸
1489 5135 1593 5191 Isa.
1626 5152 1665 5201 1,
1689 5136 1744 5192 2.

1884 5138 2059 5196 Exod.
2098 5156 2191 5205 xx,
2214 5140 2406 5197 12-16.
2480 5140 2525 5173 ⁸⁷
2553 5141 2712 5198 Hebr.
2744 5157 2799 5210 x,
2832 5142 2885 5230 1.
2955 5140 3001 5173 ⁸⁸
3022 5138 3180 5198 .Ioan.
3216 5156 3301 5207 III,
3331 5141 3420 5201 16.

244 5267 792 5393 (gQZbEmendandum
820 5269 886 5323 δι’
923 5263 1015 5342 ἦς,
1046 5278 1105 5326 ut
1136 5271 1334 5328 habent
1372 5276 1545 5330 codex
1597 5291 1748 5332 meus

290 5356 317 5393 a
388 5379 403 5393 .

185 5347 229 5389 et
252 5347 403 5393 Barb.

244 5409 353 5483 (ᾗῇ)
381 5407 523 5483 _\_’ide
547 5423 718 5483 supra
746 5418 928 5465 notam
967 5412 1032 5483 ad
1058 5426 1199 5468 vers.
1230 5419 1340 5483 κη’.
1365 5428 1564 5469 xxvm.

243 5478 350 5549 (64)
381 5479 503 5533 Vet.
536 5478 791 5549 (interpr.
825 5499 843 5533 ι
875 5484 930 5537 in
979 5482 1195 5537 domum
1225 5478 1414 5538 vineae.
1442 5503 1460 5536 ι
1493 5484 1743 5541 Fortasse

187 5548 385 5622 serimus
411 5560 497 5622 est
531 5548 659 5604 lect.
684 5550 995 5622 Symmachi
1027 5553 1108 5616 εἰς
1138 5552 1230 5605 τὸν
1262 5552 1477 5617 οἰνῶνα,
1499 5574 1518 5605 ι
1549 5558 1601 5609 in
1632 5558 1742 5612 cel-

187 5617 276 5696 lauri
324 5620 617 5696 vinariam,
649 5638 671 5696 ρ
706 5617 935 5696 eamque
985 5622 1123 5677 idem
1153 5623 1377 5692 interpr.
1410 5626 1615 5692 putavit
1639 5643 1737 5696 ap-

187 5686 353 5755 pellari
390 5704 549 5759 posse
580 5706 601 5739 ι
628 5686 1105 5746 άοωιιιιίνίηθαξ.»

245 5760 357 5830 (65)
392 5761 509 5814 γει.
544 5759 813 5832 interpres
833 5763 960 5830 quid
992 5761 1252 5834 intelligat
1276 5764 1477 5831 nescio,
1503 5765 1591 5836 qui
1614 5780 1736 5823 vcr-

1856 5279 1923 5349 _tit
1950 5297 1963 5334 :
1995 5284 2293 5349 «Coaptate
2323 5296 2408 5336 me
2439 5280 2487 5335 ei
2515 5278 2922 5349 pcrIavacrum,
2949 5297 2969 5331 ι
2997 5288 3105 5334 etc.
3140 5276 3421 5335 Salutatus

1849 5347 1989 5406 bene
2036 5347 2214 5417 vertit,
2250 5372 2267 5404 ι
2287 5347 2631 5406 commiscete
2653 5365 2757 5404 me.
2783 5369 2803 5403 ι

1932 5422 2044 5494 (66)
2072 5422 2193 5479 νει.
2235 5424 2520 5494 interpr._¢
2546 5421 2863 5494 charitatem
2898 5419 3157 5494 unigeniti
3205 5416 3326 5494 Filii
3348 5435 3363 5471 :
3389 5435 3410 5470 ι

1853 5489 2034 5548 minus
2065 5494 2222 5548 bene.
2260 5489 2407 5547 Sane
2456 5492 2522 5547 de
2559 5489 2736 5545 Patris
2774 5489 3042 5546 charitate
3073 5490 3129 5544 in
3157 5490 3418 5544 mundum

1848 5560 2427 5638 loqui_t_ur_A_postqus.
2518 5633 2530 5638 _
2669 5601 2712 5638 ._
3237 5629 3250 5638 ἱ

1921 5631 2035 5703 (67)
2080 5633 2355 5687 Salutattts
2394 5633 2598 5688 vertit:
2636 5651 2656 5683 ι
2680 5632 2907 5689 Servate
2956 5644 3123 5687 men
3161 5631 3250 5701 qui
3286 5641 3413 5700 pro-

1845 5713 2031 5773 pterea
2058 5703 2251 5775 legisse
2274 5703 2484 5760 videtur
2514 5704 2813 5776 τηρήσατε.
