3810 6358
193 376 252 432 65
1091 360 1489 422 ENARRATIO
1526 358 1596 417 IN
1631 359 1989 417 CANTICUM
2027 360 2502 418 CANTICORUM.
3341 365 3416 424 66

195 491 306 559 γὰρ,
334 501 354 540 s
391 485 575 556 φησιν,
606 501 626 536 ι
649 483 706 536 ἐν
729 483 851 546 ταῖς
876 479 1131 552 ἐσχάταις
1157 479 1392 552 ἡμέραις
1427 475 1668 547 ἐμφανὲς
1691 475 1750 529 τὸ

1867 493 1882 528 ι
1922 476 1975 530 in
2004 477 2204 532 ultimis
2228 478 2415 533 diebus
2434 475 2748 532 manifestus
2781 493 2934 535 mons
2957 478 3163 536 Domini
3195 495 3416 550 paratus

194 581 300 648 ὕρος
318 579 544 648 Κυρίου,
565 576 780 646 ἕτοιμον
796 575 889 628 ἐπὶ
902 574 1000 638 τὰς
1019 572 1262 645 κορυφὰς
1273 571 1380 625 τῶν
1393 569 1560 641 ὀρέων
1574 587 1590 618 ι
1601 568 1750 640 (ὅπερ

1867 583 2022 636 super
2046 571 2277 624 vertices
2305 571 2587 636 montium,
2623 589 2641 622 ι
2676 571 2728 624 id
2757 580 2839 625 est
2869 573 2918 625 in
2947 573 3171 628 canticis
3193 578 3414 646 prophe-

194 671 340 733 ἐστὶν,
371 668 464 722 ἐπὶ
482 667 552 720 τά
579 666 715 738 μέλη
747 665 862 737 [75]
890 664 998 718 τῶν
1019 663 1354 736 προφητῶν),
1385 679 1403 712 t
1428 661 1522 714 καὶ
1540 659 1750 730 ὑψωθή-

1867 669 2055 724 larum,
2096 679 2114 712 ι
2153 670 2206 714 et
2231 663 2554 716 exaltabitur
2584 677 2742 728 supra
2780 663 2975 724 colles,
3019 684 3039 716 ι
3075 666 3175 720 hoc
3198 679 3282 722 est
3323 684 3416 722 su-

195 779 328 815 σεται
360 758 616 830 ὑπεράνω
643 757 752 810 τῶν
803 757 1024 828 βουνῶν⁶
1065 774 1084 808 s
1129 755 1264 823 ὅπερ
1294 752 1460 814 ἐστὶν,
1498 749 1750 821 ὑπεράνω

1867 764 1948 801 aer
1971 750 2262 819 apostolos.
2301 751 2364 805 Et
2396 753 2587 814 merito
2619 771 2632 806 :
2667 755 3120 821 quemadmodum
3158 758 3302 811 enim
3334 761 3416 814 sol

196 854 284 906 τῶν
310 849 643 905 ἀποστόλων.
678 847 792 902 Καὶ
820 847 1065 910 εἰκότως.
1101 844 1368 913 Καθάπερ
1393 843 1502 911 γὰρ
1525 840 1750 894 ἀνατέλ-

1867 842 2028 895 iriens
2062 843 2295 910 primum
2328 843 2380 895 in
2427 844 2686 898 montium
2726 853 2781 898 et
2823 845 3039 900 collium
3079 849 3308 903 vertices
3337 849 3420 904 lu-

194 942 283 995 λων
305 943 332 993 6
353 942 524 1013 ἣλιος,
557 938 775 1010 πρῶτον
809 937 902 990 ἐπὶ
921 937 1020 999 τὰς
1047 935 1290 1008 κορυφὰς
1317 933 1426 986 τῶν
1459 933 1630 1004 ὀρέων
1654 933 1748 986 καὶ

1867 933 2031 986 :idum
2067 935 2308 988 extendit
2329 949 2555 1004 gyrum;
2585 936 2658 990 ita
2689 936 2940 992 Christus
2966 939 3056 993 Sol
3078 940 3300 1007 justitiae
3321 956 3418 996 vo-

195 1031 377 1101 βωνῶν
404 1030 502 1094 τὰς
549 1028 818 1099 φωτεινὰς
869 1027 1097 1080 ἐκτείνει
1124 1023 1547 1096 στροφάλιγγαςο
1607 1021 1750 1076 obruto

1870 1025 1984 1089 uit,
2044 1033 2102 1078 ut
2159 1024 2454 1077 divinitatis
2507 1041 2617 1081 sua:
2670 1027 2850 1083 lumen
2927 1041 3038 1084 toto
3111 1042 3420 1089 coruscare!

194 1125 274 1177 καὶ
317 1127 347 1177 6
378 1122 635 1192 Χριστὸς,
670 1124 700 1175 6
743 1120 846 1190 τῆς
893 1118 1233 1189 δικαιοσύνης
1261 1118 1432 1187 ⁴ἥλιος,
1484 1115 1750 1186 ἀστράψαι

1867 1116 2071 1170 uuudo.
2117 1115 2353 1171 Primum
2396 1116 2558 1171 veluti
2610 1134 2771 1187 super
2810 1132 3020 1174 montes
3064 1132 3119 1175 et
3165 1123 3334 1177 colles
3364 1124 3418 1178 in

194 1216 242 1270 τὸ
271 1216 369 1286 τῆς
407 1213 574 1268 αὐτοῦ
626 1213 874 1284 θεότητος
906 1211 1022 1282 φῶς
1067 1209 1327 1281 ἠθέλησεν
1370 1209 1447 1272 είς
1489 1207 1608 1260 ὅλον
1662 1207 1750 1260 τὸν

1867 1206 2125 1274 )rophetis
2171 1216 2226 1261 et
2264 1209 2524 1276 apostolis
2580 1208 2757 1263 lumen
2804 1210 3014 1273 illuxit.
3055 1227 3149 1281 per
3175 1229 3312 1282 quos
3353 1228 3421 1269 ex

193 1308 392 1377 κόσμον·
452 1303 673 1375 πρῶτον
704 1302 952 1373 καθάπερ
997 1301 1089 1354 ἐπὶ
1117 1299 1270 1370 ὄρεσι
1312 1297 1406 1376 καὶ
1433 1295 1642 1366 βουνοῖς
1696 1297 1750 1348 ἐν

1867 1297 1997 1350 )ιιιηί
2031 1308 2298 1353 terrarum
2328 1300 2458 1355 orbe
2484 1301 2804 1368 ignorantia:
2831 1303 3050 1369 dispulit
3077 1303 3348 1357 tenebras.

195 1402 474 1471 “9°?ﬁtat;
501 1398 597 1452 καὶ
623 1397 934 1459 ἀποστόλοις
969 1393 1282 1466 κατηὺγασε
1309 1392 1370 1446 τὸ
1403 1393 1538 1464 φῶς,
1567 1391 1635 1444 δι’
1699 1385 1774 1445 ὧν
1810 1391 1876 1445 ἐκ
1922 1392 2023 1462 τῆς
2064 1395 2398 1467 οἰκουμένης
2443 1395 2506 1448 τὸ
2553 1395 2742 1460 σκότος
2815 1397 3061 1468 ἀπήλασε
3101 1399 3198 1470 τῆς
3244 1397 3422 1468 ἀγνώ-

197 1509 314 1546 σιας.

396 1585 492 1638 Στ.
527 1581 592 1636 θ’.
635 1580 876 1650 Ὀμοιός
903 1579 1074 1632 ἐστιν
1111 1580 1144 1632 ό
1182 1577 1504 1648 ἀδελφιδός
1517 1594 1637 1646 μου
1679 1574 1750 1643 τῇ

1930 1572 2120 1626 XLIX.
2146 1573 2305 1627 Vens.
2340 1572 2394 1627 9.
2421 1573 2619 1627 Similis
2651 1585 2724 1626 esl
2747 1573 3020 1642 fratruelis
3055 1590 3198 1628 meus
3219 1590 3426 1642 capreas

192 1675 435 1744 δορκάδι,
462 1675 502 1743 ἢ
527 1673 716 1742 νεϐρῷ
735 1673 854 1728 τῶν
875 1670 1116 1740 ἐλάφων
1137 1670 1235 1723 ἐπὶ
1267 1671 1339 1723 τὰ
1364 1670 1470 1738 ὄρη
1497 1667 1745 1732 Βαιθήλ.

248 1765 454 1836 ὰορκάς
507 1763 797 1835 ὀξυδερκές
828 1764 943 1815 ἐστι
981 1761 1136 1826 ζῶον⁸
1175 1761 1256 1814 διὸ
1283 1760 1377 1814 καὶ
1417 1759 1750 1831 φερωνύμως

191 1856 432 1927 κέκληται
468 1854 670 1926 δορκάς
701 1870 717 1886 ο
753 1852 846 1906 καὶ
888 1851 1078 1924 νεϐρὸς
1129 1851 1364 1920 ἐλάφων·
1411 1850 1750 1919 ἀναιρετικὸς

194 1951 279 2020 γάρ
333 1951 448 2003 ἐστι
473 1948 581 2001 τῶν
619 1945 838 2000 ἰοϐόλων
889 1944 1112 2014 θηρίων.
1153 1945 1292 2016 Ὄρη
1349 1942 1404 1996 δὲ
1448 1941 1648 2012 Βαιθὴλ
1682 1942 1750 1996 τὰ

191 2039 478 2109 ἐξοχώτατα
524 2036 634 2090 τῶν
686 2035 910 2088 δικαίων
959 2032 1218 2103 τάγματά
1247 2033 1414 2084 ἐστιν·
1452 2031 1750 2102 ἐπειδήπερ

194 2129 376 2200 Βαιθὴλ
403 2125 571 2194 οἶκος
596 2126 744 2180 Θεοῦ
764 2123 1138 2196 ἑρμηνεύεται’
1157 2118 1294 2176 οἶκοι
1327 2123 1382 2174 δὲ
1406 2120 1561 2184 Θεοῦ,
1592 2121 1750 2189 δῆλον

192 2223 260 2275 δτι
282 2224 328 2274 οἱ
357 2222 590 2284 δίκαιοι,
621 2217 710 2273 διὰ
735 2218 824 2271 τὸν
854 2217 1098 2270 εἰπόνταο
1138 2233 1156 2266 ι
1196 2214 1486 2284 Ἐνοικήσω
1521 2214 1578 2265 ἐν
1623 2213 1751 2282 ὑμῖν

192 2315 272 2366 κα).
293 2311 748 2384 ἐμπεριπατήσω·
785 2329 804 2360 s
842 2309 936 2362 καὶ
966 2306 1125 2360 πάλιν
1156 2309 1184 2360 6
1227 2303 1596 2367 Ἀπόστολος·ι
1617 2303 1750 2356 Θεοῦ
1785 2360 1790 2361 ν

192 2401 321 2468 οἶκός
356 2407 521 2474 ἐσμεν
537 2402 724 2472 ἡμεῖς.
766 2417 786 2451 s
831 2399 892 2452 '0
922 2394 1014 2452 οῦν
1043 2396 1320 2465 άδελφιδὸς
1352 2394 1542 2464 αὐτῆς,
1575 2396 1602 2447 6
1625 2394 1753 2446 ταύ-

193 2491 518 2561 τηςνυμφίος
567 2487 824 2562 Χριστὸς,
849 2486 1127 2557 ὁμοιοῦται
1166 2485 1267 2556 μὲν
1296 2484 1524 2554 δόρκωνι
1563 2483 1648 2536 διὰ
1692 2483 1754 2537 τὸ

193 2583 474 2654 δξυδερκῶς
504 2580 862 2636 κατοπτεύειν
894 2579 989 2632 ἐπὶ
1031 2578 1130 2640 τὰς
1163 2577 1271 2630 τῶν
1299 2576 1600 2648 ἀνθρώπων
1622 2593 1756 2646 καρ-

192 2675 315 2739 δίας,
358 2674 541 2737 καθὼς
592 2672 760 2742 λέγει·
798 2692 816 2723 ι
863 2670 1005 2740 Ἐγὼ
1047 2669 1250 2741 Κύριος
1291 2669 1498 2734 ἐτάζων
1526 2669 1755 2738 νεφροὺς

193 2769 277 2819 καί
305 2767 614 2837 δοκιμάζων
639 2763 889 2836 καρδίας·
931 2763 1058 2814 εἴτι
1085 2761 1195 2831 (76)
1227 2761 1440 2831 ποιήσει
1471 2758 1755 2829 ἄνθρωπος

195 2858 247 2908 ἐν
274 2856 572 2926 κρυφαίοις,
597 2852 756 2921 κάγὼ
797 2853 898 2904 οὐκ
929 2851 1041 2921 (77)
1074 2850 1346 2921 ἐπόψομαι
1371 2849 1528 2902 αὐτόν
1553 2865 1567 2914 ;
1607 2867 1626 2898 ι
1663 2848 1754 2901 Διὸ

1853 1666 1928 1719 vel
1951 1667 2166 1719 hinnulo
2200 1682 2466 1719 cervorum
2495 1681 2649 1733 super
2680 1676 2878 1720 montes
2915 1665 3133 1720 Bwtltel.

1921 1757 2124 1825 Caprea
2176 1767 2332 1810 acute
2381 1772 2611 1811 cernens
2653 1767 2736 1812 est
2773 1758 3012 1811 animal:
3049 1759 3250 1814 idcirco
3281 1759 3421 1814 veri.

1853 1858 2014 1902 tatem
2071 1849 2154 1902 sui
2207 1849 2440 1902 nominis
2501 1849 2676 1902 ferens
2723 1849 2915 1904 dorcas
2966 1851 3314 1920 appellatur:
3366 1861 3423 1906 et

1852 1941 2106 1996 binnulus
2167 1955 2446 1995 cervorum
2483 1961 2495 1996 :
2532 1941 2797 1995 veneﬁcas
2836 1943 2980 1996 enim
3023 1945 3222 1998 bestias
3249 1944 3418 1998 inter-

1853 2032 1982 2086 licit.
2011 2032 2218 2086 Montes
2252 2042 2432 2087 autem
2461 2032 2666 2088 Btethel
2698 2035 3226 2101 summosjustorum
3252 2035 3416 2106 signi-

1854 2123 2016 2178 ﬁcant
2066 2125 2312 2188 ordines;
2369 2126 2801 2196 quandoquidem
2848 2127 3260 2182 Bmtheldomus
3324 2127 3422 2183 Dei

1854 2215 2240 2284 interpretatur
2268 2233 2284 2270 :
2324 2219 2514 2272 domos
2535 2219 2678 2273 enim
2705 2220 2798 2276 Dei
2823 2221 3165 2276 manifestum
3191 2230 3275 2276 est
3299 2235 3421 2277 esse

1845 2306 2058 2373 justos:
2107 2308 2182 2361 ait
2213 2309 2355 2362 enim
2407 2308 2723 2379 Scriptura:
2763 2330 2782 2364 ι
2824 2311 3137 2366 lnhabitabo
3164 2313 3217 2366 in
3244 2313 3416 2374 vobis.

1853 2405 1908 2450 et
1961 2396 2302 2453 inambulaho
2331 2400 2410 2463 ";
2451 2418 2470 2451 ι
2523 2410 2576 2454 et
2638 2417 2824 2457 rursus
2868 2404 3154 2470 Apostolus
3191 2424 3204 2459 :
3271 2423 3290 2457 ι
3327 2407 3418 2460 Dei

1853 2489 2044 2542 domus
2073 2504 2258 2542 sumus
2291 2505 2388 2545 nos
2415 2492 2482 2544 ".
2521 2510 2540 2543 ›
2581 2492 2709 2559 Ejus
2748 2494 2910 2562 igitur
2944 2495 3234 2559 fratruelis,
3270 2501 3416 2566 ejus-

1855 2578 2083 2647 demque
2129 2594 2356 2647 sponsus
2397 2579 2648 2637 Christus
2696 2583 3024 2639 assimilatur
3072 2587 3287 2655 quidem
3321 2601 3419 2640 ca-

1857 2674 2036 2736 preze',
2091 2669 2232 2737 quod
2285 2681 2500 2724 acutum
2560 2671 2612 2724 in
2670 2676 2833 2726 corda
2880 2674 3152 2728 hominum
3209 2683 3420 2739 cernat,

1855 2762 2304 2828 quemadmodum
2337 2763 2446 2818 ait:
2495 2780 2515 2814 ι
2549 2764 2662 2833 Ego
2686 2766 2943 2820 Dominus
2969 2775 3215 2821 scrutans
3239 2782 3420 2833 renes,

1856 2861 1907 2906 et
1934 2854 2165 2922 probans
2194 2857 2356 2909 corda
2379 2857 2443 2908 ³⁷.
2475 2857 2674 2927 Ecquid
2702 2858 2861 2912 homo
2887 2859 3073 2913 fecerit
3103 2859 3153 2912 in
3187 2859 3420 2924 occulto,

190 2947 462 3011 ἀπεικάζει
519 2944 684 2998 αὐτὸν
709 2946 745 3013 ή
773 2943 958 3014 νύμφη
999 2941 1077 3011 τῷ
1123 2942 1370 3012 δόρκωνι,
1403 2939 1436 3012 ἢ
1469 2940 1547 3010 τῷ
1577 2940 1750 3012 νεϐρῷ

1867 2955 1911 2998 et
1956 2960 2052 3014 ego
2099 2962 2201 2999 non
2251 2947 2436 3003 videro
2463 2949 2553 3002 ’3?
2591 2968 2609 3000 ι
2666 2949 2839 3018 Ipsum
2893 2962 3174 3020 propterea
3226 2967 3422 3020 sponsa

190 3039 288 3091 τῶν
314 3039 547 3107 ἐλάφων.
598 3036 815 3105 Ἐπειδὴ
853 3035 921 3087 τά
966 3032 1380 3104 εἰσπεμπόμενα
1426 3032 1526 3102 τῆς
1559 3031 1753 3094 κακίας

191 3130 536 3202 ἐνθυμήματα
570 3129 676 3184 ὑπὸ
703 3127 796 3182 τοῦ
831 3124 1067 3197 πονηροῦ
1110 3128 1230 3188 ταῖς
1268 3125 1376 3178 τῶν
1397 3124 1616 3176 δικαίων
1641 3123 1754 3176 δια-

195 3223 368 3286 νοίαις,
398 3221 576 3276 ταῦτα
604 3219 804 3289 ἐλάφου
848 3219 1001 3289 δίκην
1058 3216 1397 3287 ἀνιμώμενος
1437 3218 1464 3268 ό
1507 3215 1755 3286 οὐράνιος

192 3315 365 3382 Λόγος,
389 3315 578 3384 τέμνει
603 3313 690 3366 διὰ
717 3311 809 3365 τοῦ
839 3310 1096 3377 ὀξυτάτου
1126 3309 1333 3379 ξίφους,
1361 3303 1528 3379 οὗπερ
1558 3307 1754 3360 ἔδωκεν

191 3406 376 3471 αὐτοῖς,
433 3405 529 3459 τοῦ
593 3405 695 3476 τῆς
761 3404 1042 3467 εὐσεϐείας
1093 3399 1374 3471 λογισμοῦ.
1431 3399 1624 3460 Καλῶς
1661 3393 1753 3451 οὖν

194 3500 534 3564 ἀπεικάζεται
576 3497 755 3568 νεϐρῷ
782 3497 992 3566 ἐλάφων
1016 3497 1107 3548 ἐπὶ
1127 3495 1194 3548 τά
1211 3494 1310 3566 ὅρη
1347 3492 1566 3562 Βαιθήλο
1599 3508 1746 3544 τουτ-

194 3589 344 3656 έστιν,
367 3593 458 3645 ἐπὶ
482 3591 551 3645 τὰ
577 3589 886 3660 ἐξοχώτατα
914 3587 1023 3640 τῶν
1062 3585 1284 3638 δικαίων
1314 3583 1586 3654 τάγματα.

253 3686 325 3737 N’.
364 3685 509 3740 Ἰδοὺ
531 3685 716 3748 αὐτὸς
738 3683 846 3752 (78)
871 3683 1062 3735 ὀπίσω
1091 3680 1200 3752 (79)
1231 3678 1336 3733 τοῦ
1365 3678 1571 3747 τοίχου
1589 3673 1756 3745 ἡμῶν

193 3777 578 3842 παρακύπτων
605 3773 704 3827 διὰ
731 3771 850 3827 τῶν·
882 3771 1154 3840 θυρίδων.

249 3867 447 3936 Τοῖχον,
504 3866 565 3918 ὃν
616 3864 715 3936 τὴν
754 3864 969 3934 νύμφην
1031 3861 1201 3930 λέγει,
1251 3859 1342 3912 τὸν
1383 3858 1546 3929 νόμον
1599 3857 1750 3928 φησὶ,

193 3957 422 4028 καθάπερ
444 3958 538 4010 καὶ
563 3955 773 4018 Παῦλος
794 3955 949 4024 (80)6
983 3951 1281 4014 ἀπόστολος
1316 3950 1482 4019 λέγει·
1519 3966 1537 4000 t
1569 3949 1675 4001 Καὶ
1695 3947 1755 4000 τὸ

197 4046 488 4117 μεσότοιχον
545 4045 640 4098 τοῦ
677 4041 931 4116 φραγμοῦ
985 4041 1172 4102 λύσας’
1221 4041 1318 4111 τὴν
1367 4039 1563 4112 ἔχθραν
1596 4041 1653 4092 ἐν
1687 4040 1752 4110 τῇ

198 4138 340 4206 σαρκὶ
388 4137 578 4198 αὑτοῦ,
637 4135 732 4188 τὸν
779 4135 942 4205 νόμον
992 4132 1103 4186 τῶν
1145 4132 1370 4186 ἐντολῶν
1423 4133 1479 4184 ἐν
1525 4131 1755 4200 δόγμασι

194 4231 549 4300 καταργήσας.
595 4248 612 4279 ›
650 4225 1033 4298 Παρακύπτων
1088 4225 1196 4295 γὰρ
1232 4223 1405 4277 ὀπίσω
1449 4221 1543 4274 τοῦ
1589 4221 1752 4292 νόμου

1857 3050 2064 3105 caprea:
2117 3038 2380 3093 assimilat
2411 3039 2494 3094 vel
2530 3040 2752 3096 hinnulo
2789 3057 3111 3106 cervorum;
3154 3045 3425 3098 immissas

1855 3126 1996 3180 enim
2051 3127 2262 3196 iniquas
2310 3131 2668 3199 cogitationes
2713 3133 2767 3186 in
2819 3133 3028 3189 animos
3070 3133 3335 3202 iustorum
3391 3149 3422 3188 a

1855 3218 2088 3285 diabolo,
2115 3220 2286 3275 instar
2315 3224 2459 3277 cet-vi
2487 3223 2709 3279 caeleste
2733 3224 2965 3280 Verbum
2992 3237 3265 3281 extractas
3290 3241 3420 3281 acu-

1857 3307 2064 3363 tissimo
2096 3312 2330 3365 concidit
2377 3314 2575 3382 gladio,
2613 3330 2771 3383 quem
2821 3315 2924 3370 illis
2970 3317 3224 3378 tradidit,
3263 3317 3423 3371 uimi-

1857 3413 1974 3451 rum
2013 3400 2335 3470 cogitatione
2363 3404 2601 3471 pietatis.
2640 3404 2921 3460 Concinne
2955 3407 3111 3475 igitur
3150 3400 3418 3463 assimila~

1858 3498 1944 3544 tttr
1973 3491 2195 3545 hinnulo
2221 3508 2502 3548 cervorum
2540 3496 2593 3549 in
2618 3497 2890 3551 montibus
2933 3496 3170 3564 Bacthel,
3204 3500 3304 3555 hoc
3339 3510 3423 3557 est

1855 3595 2016 3649 super
2042 3596 2282 3636 summos
2307 3582 2574 3650 justorum
2617 3586 2852 3640 ordines.

1924 3673 1987 3728 L.
2025 3673 2156 3728 Ecce.
2194 3676 2303 3745 ipse
2332 3687 2446 3744 post
2486 3679 2737 3744 parietem
2792 3688 3064 3744 nostrum,
3096 3681 3421 3750 prospiciens

1854 3781 1946 3834 per
1980 3766 2251 3835 fenestras.

1926 3856 2192 3912 Parietetn
2221 3869 2348 3930 puto
2379 3875 2631 3929 sponsam
2653 3861 2926 3932 appellare
2953 3863 3146 3934 legem,
3165 3865 3423 3934 quemad-

1857 3949 2074 4004 modum
2107 3950 2304 4004 Paulus
2340 3952 2453 4006 ait:
2492 3971 2510 4004 ι
2543 3952 2766 4007 Solveus
2791 3955 3025 4008 medium
3060 3955 3306 4009 maceria:
3329 3969 3422 4024 pa-

1856 4043 2044 4098 rietem
2079 4061 2093 4098 :
2124 4043 2458 4098 inimicitiam
2494 4045 2548 4100 in
2579 4060 2742 4101 carne
2775 4061 2895 4112 sua,
2933 4046 3112 4116 legem
3140 4049 3422 4105 mandato-

1858 4150 1974 4188 rutn
2000 4135 2230 4190 decretis
2265 4151 2532 4191 evacuans
2556 4138 2622 4191 ⁸³.
2661 4157 2682 4190 s
2714 4137 3057 4208 PrOSpiciens
3095 4140 3236 4195 enim
3274 4140 3421 4194 venit

1857 4236 1981 4293 post
2007 4225 2200 4294 legem,
2231 4237 2284 4281 et
2317 4242 2413 4295 per
2436 4228 2724 4293 fenestras,
2755 4231 2806 4283 id
2844 4241 2949 4296 est,
2981 4247 3077 4298 per
3108 4232 3418 4301 prophetas.

195 4314 359 4386 ἦλθεν,
385 4322 480 4374 mi.
509 4319 598 4372 διὰ
620 4319 727 4371 τῶν
765 4317 1018 4389 θυρίδων,
1049 4318 1186 4387 ὅπερ
1217 4316 1333 4368 ἐστὶ
1364 4313 1452 4367 διὰ
1479 4313 1587 4365 τῶν
1615 4329 1749 4383 προ-

1867 4313 2096 4367 Primum
2141 4317 2285 4368 enim
2317 4317 2369 4368 in
2401 4315 2516 4385 lege
2547 4330 2640 4384 per
2673 4317 2908 4388 Moysem
2940 4297 3257 4386 praedicatus
3289 4328 3372 4374 est
3402 4337 3415 4373 :

197 4411 379 4480 φητῶν.
402 4410 629 4483 Πρῶτον
657 4409 767 4480 γὰρ
792 4411 850 4461 ἐν
879 4408 1026 4478 νόμῳ
1048 4407 1135 4462 διὰ
1161 4405 1435 4468 Μωῦσέως
1453 4403 1750 4474 ἐκηρύχθη·

195 4500 364 4552 ἔπειτα
379 4500 468 4553 διὰ
491 4500 601 4552 τῶν
633 4498 882 4568 θυρίδων,
911 4498 985 4561 ὡς
1019 4499 1210 4560 εἰπεῖν,
1233 4496 1319 4548 διά
1341 4495 1446 4546 τῶν
1463 4491 1754 4565 προφητῶν

205 4591 519 4662 παρέκυψεν.
586 4590 781 4654 Ἀλλὰ,
841 4609 859 4642 ι
906 4591 1000 4642 καὶ
1050 4587 1334 4641 ἐκκύπτων
1387 4584 1475 4637 διὲ
1522 4584 1629 4637 τῶν
1678 4585 1755 4636 διο

194 4683 372 4736 κτύων.
400 4702 419 4735 ι

255 4773 375 4826 NA’.
415 4771 828 4840 Παρακύπτων
861 4769 962 4823 διὰ
985 4767 1104 4822 τῶν
1139 4766 1417 4836 θυρίδων,
1440 4765 1537 4819 καὶ
1573 4765 1748 4818 ἐκκύ-

193 4879 338 4916 πτων
362 4863 462 4917 διὰ
484 4861 605 4917 τῶν
628 4860 902 4915 δικτύων.

251 4954 562 5025 Θαυμάσιος
590 4954 620 5006 6
663 4951 764 5023 τῆς
817 4949 928 5020 (8|)
973 4947 1317 5010 ἀκολουθίας,
1371 4947 1465 5000 καὶ
1517 4945 1750 5016 μάλιστα

249 5073 292 5104 ’⁸
317 5070 489 5128 Levit.
513 5086 669 5138 xxvx,
704 5069 795 5135 ης
830 5068 875 5123 il
900 5068 1025 5124 Cor.
1051 5081 1126 5132 Vl,
1155 5067 1242 5120 16.
1315 5064 1362 5096 ’⁸
1391 5064 1556 5119 Hebr.
1595 5078 1691 5130 ill,
1718 5062 1774 5117 6.

191 5159 244 5207 tt,
268 5144 372 5222 ιι.

249 5257 357 5327 (75)
399 5253 592 5327 Vallic.
637 5253 712 5327 τὰ
738 5249 916 5327 τέλει’,
970 5257 1222 5316 corrupte
1269 5258 1366 5327 pro
1411 5243 1561 5327 τελη.
1612 5243 1744 5325 Eam

190 5323 456 5381 lectionem
507 5325 695 5399 habuit
729 5333 836 5377 vet.
871 5323 1147 5399 interpres
1169 5357 1185 5382 ,
1217 5323 1308 5386 qui
1335 5323 1496 5399 vertit
1541 5332 1560 5364 ι
1602 5323 1744 5399 circa

190 5402 332 5450 linem
372 5398 778 5466 prophetarum.
814 5411 833 5442 ι
871 5384 1039 5466 Βετιξξ
1070 5384 1308 5466 et_me‘u.s
1363 5384 1498 5466 μέλη
1525 5424 1541 5449 ,
1567 5398 1743 5466 ,ᾳιιοιιι

191 5459 770 5521 lectionEm'Salutatus
793 5462 1069 5534 agnoscit;
1101 5459 1177 5513 ait
1200 5459 1341 5511 enim
1375 5474 1393 5506 ι
1429 5459 1481 5509 in
1510 5459 1740 5510 canticis

189 5539 578 5604 prophetarum.
609 5552 630 5587 ι

250 5602 355 5674 (76)
395 5602 821 5678 »ἕειίυεξξτιςκ
1038 5668 1052 5678 .
1178 5675 1187 5678 -
1325 5674 1335 5678 -
1435 5664 1449 5678 ι

249 5668 357 5748 (77)
406 5675 475 5748 7an
546 5675 734 5748 Vallic.
790 5673 942 5748 deest
1001 5668 1101 5723 οὐκ
1135 5675 1194 5748 et
1250 5674 1372 5720 nota
1435 5668 1738 5748 interroga-

192 5739 352 5800 tionis;
402 5746 750 5808 Memoriter,
789 5746 1030 5811 adeoque
1072 5739 1257 5811 minus
1320 5743 1569 5811 accurate
1610 5739 1741 5811 citat

191 5813 348 5871 locum
410 5805 1134 5881 1ετειηὶω,ὀυ)υε’νοτι)ει
1205 5817 1364 5873 sunt,
1423 5805 1472 5858 el
1531 5805 1739 5876 κρυϐή-

1855 4403 2047 4458 deiude
2084 4417 2178 4472 per
2210 4401 2476 4458 fenestras
2497 4443 2514 4468 ,
2556 4415 2613 4458 nt
2660 4405 2730 4458 ita
2754 4405 2928 4460 dicam
2951 4444 2966 4463 .
2999 4421 3094 4473 per
3127 4406 3420 4474 prephetas

1852 4493 2150 4561 prospexit.
2180 4492 2284 4546 Sed
2320 4509 2338 4543 ι
2365 4501 2420 4546 et
2456 4493 2767 4563 prominens
2796 4494 3054 4565 prospicit
3081 4509 3175 4564 per
3205 4495 3362 4550 retia.
3391 4511 3412 4544 ι

1927 4755 2011 4810 LI.
2060 4754 2386 4824 Prospiciens
2421 4775 2514 4827 per
2553 4760 2830 4830 fenestras,
2859 4773 2908 4816 et
2945 4766 3242 4832 prominens
3279 4782 3416 4834 pro-

1852 4849 2004 4918 spicit
2040 4864 2130 4915 per
2151 4849 2306 4902 retia.

1925 4940 2272 4996 Admirabilis
2310 4953 2394 4996 est
2437 4942 2677 5006 ordinis,
2712 4943 2872 5015 hujus
2904 4948 3200 5015 przesertim
3223 4986 3239 5012 ,
3283 4963 3418 5004 con-

1847 5057 2095 5112 "Jerem.
2127 5073 2262 5125 xvtt,
2296 5060 2381 5114 10.
2456 5059 2502 5090 ³⁸
2535 5056 2734 5115 Jerem.
2774 5074 2932 5125 χχιιι,
2967 5057 3058 5114 ει.
3134 5062 3180 5092 ⁹⁹
3215 5061 3412 5129 Ephcs.

1853 5243 2124 5318 sergia-t5
2156 5245 2214 5318 ἐν
2251 5241 2559 5318 κρυφαίοις,
2595 5244 2689 5297 καὶ
2713 5243 2825 5312 ἐγὼ
2858 5245 2956 5298 οὐκ
2988 5245 3188 5318 ὄψομαι
3216 5248 3413 5316 αὑτόν;

1923 5314 2033 5382 (78)
2074 5315 2210 5368 Edit.
2252 5306 2382 5367 Vat.’
2410 5306 2582 5376 οὗτος.

1924 5384 2222 5456 (79)-Δια.
2271 5385 2496 5456 ροιιηθι
2531 5385 2615 5436 ed.
2663 5383 2871 5456 Compl.
2922 5386 3152 5455 ἕστηκεν
3200 5386 3411 5449 ὀπίσω,

1852 5467 2009 5527 quam
2035 5454 2315 5527 lectionem
2347 5453 2593 5527 habuisse
2638 5453 2848 5510 videtur
2878 5469 2985 5510 vet.
3031 5453 3280 5525 interpr.,
3323 5461 3414 5527 qui

1852 5523 2034 5594 vertit,
2063 5538 2241 5594 «Aecce
2267 5523 2351 5576 hic
2379 5525 2527 5577 stetit
2561 5537 2677 5591 post
2700 5529 2977 5594 parietem.
3005 5545 3022 5578 ι

1921 5593 2043 5667 (80)¹
2088 5592 2267 5667 Locus
2299 5607 2615 5667 corruptus.
2667 5592 2972 5663 Legendutn
3030 5598 3208 5666 τοῖχον
3261 5592 3416 5667 οἶμαι

1843 5661 1940 5736 τὴν
1985 5662 2203 5736 νύμφην
2254 5661 2432 5730 λέγειν
2475 5664 2567 5716 τὸν
2615 5661 2806 5736 νόμον·
2854 5661 3240 5736 καθάπερ”κα“ι
3269 5661 3418 5721 Παῦ-

1845 5733 1934 5796 λος
1953 5773 1968 5795 ,
1993 5751 2046 5786 κ.
2069 5751 2118 5786 τ.
2147 5733 2200 5785 λ.-

1923 5806 2034 5876 (3U
2055 5803 2210 5859 Batrh.
2235 5813 2289 5858 et
2323 5818 2471 5860 meus
2499 5803 2586 5857 διὰ
2624 5806 2722 5876 τῆς
