3810 6340
363 354 435 416 87
1489 356 1805 415 PHILONIS
1840 356 2148 415 EPISCOPl
2185 357 2502 415 CARPASII
3530 360 3603 415 68

365 469 598 528 cinnitas
642 486 658 526 :
700 470 930 540 primum
965 477 1087 540 post
1109 469 1404 540 parietem;
1432 472 1626 527 deinde
1643 473 1709 527 de
1735 472 1937 540 pariete

2061 473 2259 545 ταύτης,
2297 472 2517 544 ῥυθμός.
2552 473 2775 545 Πρῶτον
2826 473 3001 526 ὀπίσω
3035 472 3130 527 τοῦ
3165 473 3364 544 τοίχουο
3410 473 3603 529 ἔπειτα

365 578 463 635 per
488 562 791 631 fenestras;
825 573 1102 633 postremo
1131 578 1227 634 per
1255 563 1416 618 retia.
1444 563 1511 618 Et
1538 565 1715 634 quoad
1750 564 1931 632 parie-

2061 563 2141 617 ιπό
2170 564 2265 617 τοῦ
2290 564 2469 633 τοίχου
2522 564 2609 618 διὰ
2659 565 2767 618 τῶν
2818 564 3065 636 θυρίδων·
3108 560 3226 618 εἶτα
3251 565 3339 619 διὰ
3373 565 3483 617 τῶν
3525 566 3604 618 δι-

365 664 475 709 tem
504 653 716 720 attinet,
748 653 883 709 satis
912 653 1244 708 declaratum
1272 663 1377 721 est,
1405 669 1502 723 per
1532 653 1681 708 illum
1709 654 1932 721 intelligi

2061 653 2234 708 ιτύων.
2258 653 2369 705 Καὶ
2384 653 2454 706 τά
2484 654 2581 724 μὲν
2607 654 2734 725 περὶ
2765 654 2861 706 τοῦ
2893 653 3097 724 τοίχου,
3126 655 3207 707 ὅτι
3234 655 3361 724 περὶ
3382 653 3479 706 τοῦ
3513 653 3606 707 νό-

366 745 561 816 legem.
600 744 754 812 Quod
777 755 956 800 autem
986 745 1248 814 prospicit
1286 761 1383 815 per
1410 745 1699 812 fenestras,
1730 746 1931 800 dictum

2061 762 2134 797 ιου
2166 745 2335 813 λέγει,
2369 745 2554 815 σαφῶς
2593 746 2985 800 ἀποδέδεικται·
3018 748 3100 799 ὅτι
3138 746 3196 799 δὲ
3226 746 3321 799 καὶ
3354 743 3605 816 παρακύ-

366 849 445 892 est
469 838 520 893 id
541 851 663 893 esse
678 838 742 893 de
764 838 1058 907 prophetis.
1080 837 1543 904 Quemadmodum
1581 838 1724 892 enim
1754 839 1797 892 si
1812 839 1934 906 quis

2061 855 2155 891 ιτει
2180 838 2267 892 διὰ
2298 838 2406 891 τῶν
2455 839 2704 911 θυρίδων,
2731 840 2869 910 ὅπερ
2894 840 3011 892 ἐστὶ
3032 836 3119 892 διά
3148 837 3258 891 τῶν
3285 838 3603 910 προφητῶν,

367 928 657 997 prospiciat
681 943 777 997 per
814 926 1078 983 fenestras
1108 943 1167 984 se
1203 944 1393 983 rursus
1423 927 1706 993 subducit;
1737 930 1814 982 sic
1843 945 1937 999 per

368 1019 677 1089 prophetica
734 1019 985 1089 dogmata
1030 1021 1343 1089 prospexit,
1403 1034 1523 1073 cmn
1589 1034 1686 1087 per
1738 1020 1934 1074 Isaiam

368 1110 754 1181 praenuntiatus
779 1119 893 1173 est,
938 1126 1033 1181 per
1061 1108 1354 1165 Jeremiam
1406 1109 1754 1180 praedicatus,
1785 1125 1938 1166 reve-

250 1230 257 1235 -
368 1202 506 1257 latus
538 1217 633 1272 per
662 1202 960 1269 Danielem,
1009 1212 1261 1272 tanquam
1290 1218 1385 1273 per
1418 1203 1683 1259 fenestras
1709 1204 1939 1271 prophe-

338 1306 565 1349 .tarum.
608 1294 751 1350 Cum
796 1309 926 1349 vero
967 1309 1146 1350 sermo
1170 1304 1256 1350 est
1304 1296 1370 1349 de
1404 1296 1632 1357 retibus,
1673 1310 1780 1349 non
1826 1295 1937 1364 jam

369 1386 500 1441 dicit
549 1406 569 1439 ι
604 1387 979 1457 prospiciens,
1014 1406 1033 1439 ι
1071 1386 1166 1442 sed
1206 1404 1227 1437 ι
1272 1388 1586 1455 prominens
1631 1387 1868 1454 inspicit.
1914 1403 1933 1435 ι

369 1477 469 1545 Qui
497 1478 640 1532 enim
683 1478 942 1547 prOspicit
981 1494 1011 1531 e
1044 1478 1273 1531 fenestra
1308 1478 1465 1532 modo
1496 1493 1554 1532 se
1593 1488 1936 1546 conspectum

358 1571 501 1639 dat,
538 1569 699 1624 modo
744 1584 804 1624 se
841 1570 1118 1636 subducit;
1154 1569 1245 1638 qui
1288 1583 1416 1623 vero
1451 1568 1763 1636 prominens
1803 1583 1937 1636 pro-

370 1660 548 1729 spicit,
603 1673 663 1713 se
706 1660 881 1729 ipsum
924 1668 1104 1728 (totum
1148 1659 1400 1713 ostendit.
1452 1658 1728 1727 Tanquam
1780 1658 1941 1726 igitur

370 1765 468 1819 per
494 1751 630 1806 retia
667 1766 728 1807 se
760 1761 930 1806 totum
959 1750 1322 1806 manifestavit
1352 1765 1446 1819 per
1472 1758 1694 1805 sanctos
1721 1757 1938 1817 aposto-

2033 930 2301 984 λέλεκται.
2329 931 2538 1001 Ὠσπερ
2566 930 2694 1001 γὰρ,
2728 930 2781 982 εί
2803 948 2887 993 τις
2920 929 3292 1002 παρακύπτει,
3317 930 3412 982 καὶ
3442 927 3607 980 πάλιν

2034 1023 2224 1076 ἑαυτὸν
2259 1023 2499 1091 ύφέλκει·
2530 1021 2671 1075 οὕτω
2695 1022 2783 1075 διὰ
2810 1022 2917 1075 τῶν
2949 1021 3302 1094 προφητικῶν
3321 1020 3607 1091 δογμάτων

2034 1115 2371 1184 παρέκυπτε,
2394 1114 2483 1166 διὰ
2505 1114 2597 1167 τοῦ
2632 1115 2858 1167 Ἡσαΐου
2877 1114 3374 1186 προφητευόμενος,
3394 1113 3483 1166 διὰ
3511 1111 3607 1166 τοῦ

2045 1206 2306 1276 Ἱερεμίου
2334 1207 2752 1277 κηρυττόμενος,
2783 1205 2870 1259 διά
2883 1204 2976 1258 τοῦ
3003 1204 3199 1275 Δανιὴλ
3225 1203 3609 1257 ἀποκαλυπτόο

2040 1312 2216 1365 μενος,
2248 1295 2435 1368 ὥσπερ
2471 1296 2560 1350 διὰ
2585 1296 2840 1369 θυρίδων,
2869 1296 2976 1350 τῶν
2998 1295 3314 1367 προφητῶν.
3352 1295 3474 1347 Ἐπὶ
3496 1293 3613 1346 τῶν

2041 1382 2271 1440 δικτύων
2302 1386 2380 1451 δὲ,
2429 1388 2612 1442 οὐκέτι
2667 1388 2834 1457 λέγει,
2896 1407 2915 1441 ι
2968 1386 3362 1459 παρακύπτων,
3406 1404 3426 1437 ι
3468 1385 3609 1447 ἀλλ’,

2050 1495 2068 1529 ι
2107 1479 2409 1533 ὲκκύπτων.
2452 1498 2472 1531 ›
2518 1479 2577 1533 Ὀ
2616 1480 2723 1551 γὰρ
2758 1478 3128 1553 παρακύπτων
3176 1477 3285 1548 (82)
3326 1476 3455 1530 ποτὲ
3507 1475 3613 1545 μὲν

2039 1570 2228 1623 ἑαυτὸν
2252 1571 2594 1624 ἀποδεικνύει
2624 1572 2755 1641 (8'5),
2787 1572 2915 1625 ποτὲ
2946 1571 3003 1624 δὲ
3049 1572 3342 1641 ὑποχωρεῖ·
3375 1570 3403 1622 ὀ
3428 1567 3483 1620 δὲ
3517 1568 3611 1621 ὲκ-

2038 1662 2261 1716 κύπτων
2308 1662 2427 1715 ὅλον
2467 1663 2659 1716 ἑαυτὸν
2703 1663 2999 1717 ἐπιδίδωσι.
3036 1663 3245 1731 Ὥσπερ
3261 1656 3353 1715 οὖν
3397 1659 3484 1713 διὰ
3527 1659 3612 1712 δι-

2043 1754 2242 1820 κτύων,
2285 1754 2374 1809 διὰ
2425 1754 2533 1807 τῶν
2565 1756 2734 1824 ἁγίων
2778 1755 3108 1818 ἀποστόλων,
3134 1754 3253 1807 ὅλον
3306 1751 3496 1806 ἑαυτὸν
3524 1752 3614 1803 ὲν-

372 1844 470 1899 los.
498 1843 711 1900 Etenim
753 1844 856 1900 hoc
903 1846 1019 1913 ipso
1054 1842 1195 1912 quod
1232 1841 1523 1911 piscatoria
1561 1839 1807 1893 nominat
1854 1839 1938 1891 in-

2061 1848 2281 1917 εφάνισε.
2305 1848 2415 1901 Καὶ
2439 1847 2548 1919 γὰρ
2571 1847 2639 1901 δι’
2666 1848 2837 1918 αὐτῆς
2855 1848 2955 1916 τῆς
2981 1846 3271 1917 ὀνομασίας
3294 1846 3402 1897 τῶν
3429 1843 3613 1897 ἁλιεύς

372 1945 696 2002 strumenta,
730 1936 1065 1990 vocationem
1103 1933 1343 2004 praedicit
1378 1932 1782 2001 apostolorum,
1815 1929 1940 1997 qui-

373 2028 473 2083 bus
499 2026 617 2097 ipse
643 2028 777 2082 dicit
806 2045 821 2081 :
852 2045 873 2079 r
909 2026 1101 2080 Venite
1130 2033 1253 2095 post
1277 2038 1383 2089 me,
1418 2023 1610 2076 faciam
1642 2036 1738 2076 vos
1761 2021 1939 2090 pisca-

373 2126 517 2173 tores
544 2118 822 2175 hominum
859 2136 873 2172 :
921 2117 1000 2172 illi
1030 2126 1207 2172 autem
1246 2114 1487 2173 dimissis
1518 2114 1723 2170 retibus
1769 2114 1941 2169 secuti

373 2220 498 2264 sunt
517 2225 638 2265 eum
673 2210 713 2263 ⁸.
744 2227 765 2260 ι
794 2208 925 2275 Quae
954 2208 1118 2279 igitur
1134 2214 1459 2276 sequuntur,
1489 2203 1775 2260 manifeste
1798 2206 1942 2275 quod

373 2304 605 2358 diximus
628 2300 1021 2367 declarabunt;
1059 2301 1135 2356 ait
1159 2300 1309 2356 enim
1338 2316 1354 2354 :

447 2450 553 2504 LII.
594 2448 758 2505 Vens.
795 2450 883 2506 10.
919 2448 1210 2518 Respondet
1244 2448 1513 2517 fratruelis
1546 2464 1715 2509 meus,
1743 2456 1790 2499 et
1813 2444 1943 2497 dicit

373 2536 541 2591 mihi:
588 2536 777 2608 Surge,
819 2538 950 2601 veni,
997 2539 1239 2605 proxima
1300 2554 1441 2601 mea,
1511 2536 1941 2605 pulchrmmea,

373 2631 611 2684 columba
645 2647 781 2684 mea.

444 2716 577 2775 Nam
606 2736 702 2790 per
742 2721 842 2774 hos
880 2721 1026 2790 ipsos
1054 2730 1269 2775 sanctos
1320 2721 1590 2789 apostolos
1627 2710 1872 2773 vocatam
1912 2732 1943 2770 a

374 2823 714 2878 peccatorqu
748 2812 898 2880 lapsu
929 2828 1047 2866 eam
1082 2812 1241 2884 erigit
1270 2813 1454 2868 dicens
1480 2832 1494 2868 :
1540 2833 1559 2865 ι
1585 2814 1776 2880 Surge,
1799 2810 1943 2876 veni,

376 2905 635 2973 pulchra;
666 2920 685 2956 ι
713 2912 769 2957 et
792 2904 1096 2959 columbam
1138 2904 1297 2958 simul
1344 2920 1463 2958 eam
1519 2912 1679 2959 vocat
1721 2911 1943 2972 propter

376 3001 572 3051 donum
616 2995 850 3064 Spiritus
916 2995 1129 3063 sancti,
1163 3005 1217 3050 et
1269 3006 1486 3066 propter
1527 3010 1647 3051 eam
1673 3009 1831 3064 quam
1865 2991 1938 3046 illi

376 3089 635 3160 praecipit,
668 3087 1096 3164 simplicitatem.

480 3302 612 3360 LII.
646 3302 809 3358 Vens.
844 3301 931 3356 il.
968 3299 1228 3367 Quoniam
1259 3314 1376 3353 ecce
1407 3298 1573 3351 hiems
1604 3296 1839 3349 transiit.

450 3416 687 3471 lliemem
724 3414 884 3482 igitur
913 3409 1400 3468 vocat,salutarem
1434 3405 1735 3475 passionem
1772 3443 1787 3467 ,
1822 3411 1945 3457 cum

381 3518 750 3580 tempestatem
806 3505 949 3574 passi
998 3501 1165 3557 Judaei
1202 3502 1252 3554 in
1312 3498 1686 3570 gravissimum
1743 3497 1949 3550 incide-

379 3613 505 3657 runt
549 3599 777 3655 exitium
813 3614 827 3650 :
878 3595 960 3649 vel
996 3596 1159 3650 etiam
1194 3592 1427 3646 hiemem
1479 3597 1639 3642 vocat
1683 3586 1949 3642 idolorum

378 3695 620 3755 cultum,
667 3703 828 3757 quem
881 3689 948 3741 ab
994 3702 1056 3741 ea
1101 3684 1349 3739 removit.
1401 3682 1456 3734 ln
1508 3691 1736 3749 utroque
1786 3694 1948 3735 sensu

379 3783 555 3839 hiems
614 3778 851 3835 transiit.
894 3778 1077 3846 Neque
1130 3775 1274 3830 enim
1322 3773 1551 3842 amplius
1590 3781 1819 3825 mortem
1855 3786 1953 3825 ex-

382 3884 613 3945 spectat,
646 3874 736 3942 qui
772 3871 938 3927 semel
964 3884 1059 3937 pro
1096 3868 1252 3922 nobis
1301 3880 1493 3936 passus
1540 3874 1624 3918 est
1653 3862 1912 3918 Dominus
1937 3901 1954 3927 ,

380 3967 827 4040 quemadmodum
863 3961 1151 4033 Apostolus
1176 3961 1254 4013 ait
1283 3977 1297 4013 :
1328 3976 1348 4008 ι
1381 3956 1521 4011 Mers
1553 3956 1626 4010 illi
1655 3971 1761 4011 non
1809 3955 1949 4009 ultra

382 4058 779 4121 dominabitur;
811 4055 954 4126 quod
1004 4055 1148 4109 enim
1178 4058 1419 4105 mortuus
1458 4056 1561 4114 est,
1598 4056 1843 4103 mortuus
1872 4057 1956 4101 est

381 4151 546 4207 semel
574 4159 827 4220 peccato;
851 4147 992 4217 quod
1019 4152 1196 4199 autem
1221 4143 1372 4205 vivit,
1397 4141 1527 4194 vivit
1558 4139 1667 4193 Deo
1694 4141 1736 4195 ³.
1763 4158 1783 4190 ›
1804 4137 1954 4205 Quod

383 4253 560 4297 autem
609 4242 781 4296 hiems
829 4253 1014 4293 revera
1071 4232 1405 4304 intelligenda
1434 4233 1528 4287 ssit
1575 4230 1754 4300 passio
1785 4270 1801 4295 ,
1838 4229 1958 4283 vide

383 4333 604 4388 Petrum
638 4338 954 4398 tempestate
973 4326 1232 4397 iactatum
1260 4333 1477 4393 propter
1501 4333 1702 4376 metum
1737 4320 1956 4375 Judaao-

385 4440 526 4480 rum.
553 4422 658 4478 Sed
680 4423 851 4476 hiems
878 4418 1135 4488 praeteriit
1159 4433 1176 4483 ;
1221 4431 1344 4469 nam
1371 4421 1490 4482 post
1512 4414 1956 4468 resurrectionem

2039 1942 2207 1998 τικῶν
2234 1943 2480 2014 ὀργάνων
2502 1942 2599 2011 τὴν
2629 1942 2736 1995 τῶν
2764 1940 3075 1995 ἀποστόλων
3112 1935 3443 2009 προφητεύει
3479 1934 3615 2004 κλῆ-

2044 2053 2148 2099 σιν,
2177 2030 2258 2096 οἷς
2292 2030 2443 2088 εἶπεν
2469 2035 2648 2097 αὑτός·
2686 2054 2704 2085 ι
2739 2033 2901 2086 Δεῦτε
2931 2032 3105 2086 ὀπίσω
3142 2048 3264 2102 μου,
3290 2028 3382 2083 καὶ
3402 2028 3617 2097 ποιήσω

2044 2129 2188 2198 ὑμᾶς
2209 2127 2378 2190 ἁλιεῖς
2401 2125 2724 2197 ἀνθρώπων
2763 2127 2812 2178 οἱ
2840 2125 2899 2178 δὲ
2932 2124 3155 2193 ἀφέντες
3176 2123 3244 2176 τὰ
3271 2121 3462 2174 δίκτυα
3481 2121 3616 2189 ἡκο-

2043 2218 2310 2290 λούθησαν
2338 2217 2505 2288 αὐτῷ.
2534 2237 2554 2271 ι
2598 2217 2663 2271 Ἥ
2687 2217 2865 2270 τοίνυν
2903 2215 3189 2270 ἀκολουθία
3217 2214 3280 2268 τὸ
3304 2212 3492 2284 λεχθὲν
3520 2229 3618 2265 σα·-

2046 2313 2145 2381 φὲς
2171 2311 2282 2382 (84)
2314 2309 2763 2379 ἀποδείξει-’λέγει
2793 2310 2921 2382 γάρ·

2128 2445 2252 2498 NB’.
2293 2446 2383 2499 Στ.
2416 2452 2469 2499 ι’.
2518 2445 2918 2514 Ἀποκρίνεται
2959 2444 3279 2513 ἀδελφιδός
3320 2459 3462 2512 μου,
3516 2440 3618 2496 και

2047 2536 2209 2607 λέγει
2231 2555 2351 2607 μοι’
2400 2537 2684 2604 Ἀνάστα,
2730 2536 2889 2603 ἐλθὲ,
2924 2538 2963 2606 ἡ
3010 2537 3276 2603 πλησίον
3295 2552 3436 2605 μου,
3460 2533 3620 2602 καλή

2041 2649 2183 2700 μου,
2215 2629 2533 2699 περιστερά
2556 2648 2698 2700 μου.

2112 2723 2190 2775 Δι’
2212 2722 2388 2775 αὐτῶν
2422 2721 2530 2791 γὰρ
2556 2721 2757 2775 τούτων
2787 2720 2895 2774 τῶν
2924 2721 3093 2789 ἁγίων
3125 2718 3438 2773 ἀποστόλων
3468 2716 3618 2770 καλέ-

2051 2830 2148 2876 σας
2182 2812 2369 2882 αὐτὴν,
2411 2812 2690 2881 ἀνίστησιν
2720 2812 2828 2865 ἀπὸ
2863 2810 2957 2864 τοῦ
2994 2810 3283 2881 πτώματος
3304 2809 3411 2863 τῶν
3437 2809 3620 2879 ἁμαρ-

2046 2902 2324 2973 τημάτων,
2359 2901 2551 2971 λέγων·
2598 2920 2617 2954 ι
2660 2902 2909 2967 Ἀνάστα,
2943 2903 3084 2967 ἐλθὲ,
3114 2903 3254 2973 καλή
3280 2920 3295 2932 ·
3330 2921 3351 2953 ι
3382 2900 3499 2971 ἅμα
3527 2900 3622 2954 καὶ

2052 2992 2381 3064 περιστερὰν
2436 2992 2655 3056 καλῶν,
2698 2994 2787 3049 διά
2827 3012 2885 3047 τε
2929 2994 3027 3068 τὴν
3067 2994 3275 3066 δωρεὰν
3324 2993 3416 3047 τοῦ
3464 2991 3622 3060 ἁγίοι·

2050 3085 2386 3156 Πνεύματος,
2424 3085 2520 3138 καὶ
2573 3085 2640 3139 δι’
2665 3086 2732 3157 ἠν
2764 3086 2976 3141 κελεύει
3006 3087 3149 3158 ἔχειν
3176 3087 3346 3157 αὐτὴν
3375 3077 3640 3157 άκεραιὸ⁹

1978 3165 2020 3221 C
2051 3194 2188 3246 τητα

2123 3291 2248 3344 Nl".
2275 3291 2396 3345 Ὅτι
2438 3290 2566 3347 ἰδοὺ
2594 3295 2627 3346 ό
2656 3291 2875 3362 χειμὼν
2899 3291 3227 3361 παρῆλθεν.

2120 3406 2381 3475 Χειμῶνα
2418 3402 2511 3460 οὖν
2546 3406 2609 3460 τδ
2650 3408 2914 3478 σωτήριον
2940 3406 3110 3469 πάθος
3141 3405 3313 3469 καλεῖ,
3342 3408 3400 3460 ὲν
3435 3399 3480 3473 ᾧ
3509 3422 3619 3476 χει-

2056 3497 2354 3568 μασθέντες
2371 3499 2421 3551 οἱ
2455 3498 2694 3552 Ἰουδαῖοι
2728 3498 2968 3569 χαλεπὴν
2994 3497 3305 3567 ὑπέστησαν
3331 3497 3628 3550 enatam-

2053 3590 2194 3657 ἦτοι,
2232 3589 2298 3660 ἣν
2326 3589 2606 3659 ἀπήλασεν
2635 3591 2729 3642 ἀπ’
2762 3590 2953 3659 αὐτῆς,
2979 3589 3440 3659 είδωλολατρείαν.
3487 3589 3629 3644 Καθ’

2054 3682 2291 3752 ἑκάτερα
2334 3681 2392 3734 δὲ
2441 3682 2470 3733 ὀ
2513 3680 2719 3753 χειμὼν
2752 3681 3062 3752 παρῆλθεν·
3098 3679 3223 3734 οὔτε
3250 3681 3356 3752 γὰρ
3399 3681 3481 3735 ἔτι
3514 3682 3630 3754 (85)

2054 3774 2283 3828 θάνατον
2327 3774 2603 3846 ἐκδέχεται
2653 3773 2785 3845 (86),
2821 3774 2966 3841 ἅπαξ
3011 3774 3150 3846 ὑπὲρ
3189 3774 3352 3846 ἡμῶν
3381 3773 3570 3828 παθὼν
3603 3778 3630 3830 ἐ

2054 3866 2277 3937 Κύριος·
2327 3866 2403 3928 ὡς
2452 3867 2543 3920 καὶ¹
2590 3866 2743 3936 ἅγιος
2793 3867 3113 3931 Ἀπόστολος
3139 3862 3279 3920 εἷπε·
3330 3886 3349 3919 ι
3390 3868 3632 3933 Θάνατος

2054 3957 2219 4012 αὐτοῦ
2248 3958 2347 4011 οὐκ
2371 3958 2450 4012 ἔτι
2509 3958 2787 4030 κυριεύσει
2817 3958 2950 4027 (87)·
3002 3958 3031 4011 ὃ
3058 3958 3166 4029 γὰρ
3195 3958 3485 4022 ἀπέθανεν,
3519 3961 3630 4013 ἀπ-

2056 4050 2245 4105 έθανεν
2289 4052 2373 4120 ἐφ’
2406 4050 2551 4119 ἅπαξ
2582 4054 2647 4123 τῇ
2678 4052 2939 4123 ἁμαρτίαι
2973 4050 3002 4103 ὀ
3036 4051 3092 4104 δὲ
3125 4049 3213 4122 ζῇ,
3242 4049 3307 4121 ζῇ
3330 4049 3407 4120 τῷ
3432 4049 3572 4121 Θεῷ.
3605 4069 3627 4102 ο

2058 4143 2177 4195 Ὅτι
2207 4142 2265 4195 δὲ
2298 4142 2408 4213 (88)
2437 4142 2605 4205 ὅντως
2632 4141 2838 4213 χειμὼν
2869 4142 2930 4194 τὸ
2956 4142 3147 4207 πάθος,
3181 4141 3341 4211 βλέπε
3372 4141 3629 4212 χειμαζό-

2060 4248 2218 4302 μενον
2240 4230 2330 4285 τὺν
2353 4230 2554 4301 Πέτρον
2580 4231 2669 4283 διὰ
2699 4231 2790 4283 τὸν
2821 4230 2982 4300 φόϐον
3011 4230 3119 4282 τῶν
3160 4230 3456 4284 Ἰουδαίωνο
3491 4231 3631 4285 ἀλλὰ

2012 4351 2021 4359 -
2059 4322 2336 4394 παρῆλθεν
2368 4316 2541 4386 οὗτος.
2580 4322 2733 4376 Μετὰ
2762 4320 2870 4392 γάρ
2902 4322 3001 4392 τὴν
3025 4321 3318 4374 ἀνάστασιν
3352 4322 3503 4376 εύδία
3536 4325 3630 4391 γέ-

2059 4432 2214 4483 γονεν
2251 4418 2308 4468 ὲν
2332 4416 2397 4485 τῇ
2434 4413 2773 4486 πληροφορίᾳ
2803 4414 2901 4483 τῆς
2931 4414 3167 4478 πίστεως
3195 4416 3294 4486 τῆς
3323 4414 3416 4469 τοῦ
3453 4416 3631 4470 Μονο-

390 4518 529 4571 facta
566 4524 650 4569 est
688 4511 1047 4580 tranquillitas
1079 4524 1174 4577 per
1213 4506 1423 4576 plenam
1467 4516 1776 4575 certamque
1799 4507 1947 4561 fidem

2061 4506 2250 4576 γενοῦς
2273 4506 2544 4579 θεότητοςν
2569 4506 2662 4560 καί
2691 4519 2873 4577 φησιν*

389 4605 684 4662 divinitatis
721 4602 1024 4675 Unigeuiti;
1060 4609 1116 4655 et
1147 4600 1223 4653 ait
1258 4616 1274 4654 :

458 4797 480 4833 ¹
511 4797 676 4853 Marc.
705 4810 744 4862 ι,
784 4793 984 4862 17,18.
1080 4795 1100 4825 ’
1135 4792 1293 4848 Rom.
1332 4806 1406 4857 vt,
1446 4789 1513 4855 9.
1543 4789 1632 4845 10.

445 4973 574 5043 (8‘2)
626 4973 641 4992 '
663 4975 706 5027 0
735 4971 844 5042 γὰρ
868 4972 1292 5043 παρακύππωζ
1314 4968 1585 5043 absuuta
1605 4982 1723 5043 meo
1749 4969 1869 5043 cod.
1906 4977 1963 5022 et

400 5038 585 5101 vanae.
617 5038 754 5110 quae
773 5038 1018 5096 revocavi
1051 5057 1083 5096 a
1112 5042 1232 5096 cod.
1258 5038 1480 5091 Barber.
1508 5040 1587 5089 Ad
1618 5038 1759 5110 hunc
1784 5042 1957 5110 locum

391 5116 558 5186 probe
587 5108 987 5186 intelligendum
1021 5110 1405 5186 constituenda
1433 5108 1760 5186 est-propria
1796 5108 1960 5186 signi—

390 5175 569 5240 ilcatio
602 5183 745 5236 verbi
760 5175 1134 5252 ’παρακύπτω.
1174 5177 1447 5252 Aristoph.
1479 5175 1702 5252 lilpﬁr-n
1730 5192 1778 5231 ν.
1810 5176 1910 5252 981,
1941 5194 1956 5229 :

388 5256 500 5310 Kal.
530 5252 639 5325 γὰρ
680 5245 882 5326 ἐκεῖναι
924 5250 1277 5326 προκλίνασαι
1316 5245 1413 5326 τῆς
1448 5245 1667 5326 αὐλείας
1704 5246 1953 5326 παρακύ-

389 5316 623 5378 πτουσι·’
663 5322 764 5392 κάν
803 5338 886 5384 τις
915 5316 1159 5392 προσέχῃ
1193 5320 1284 5370 τὸν
1318 5316 1440 5392 νοῦν
1473 5316 1699 5392 αὐταῖς,
1741 5316 1953 5392 ἀναχω-

393 5376 591 5474 ρούσις
630 5391 752 5463 κᾷτ’
792 5376 883 5461 ἦν’
928 5376 1590 5474 ἀὲιίηξᾋαῳκύξβουσιῖ
1624 5376 1955 5474 ςεοᾼιιοίίὲξι.

390 5455 784 5538 ῗιιροκλίνασαι,
815 5455 1248 5532 ’παρανοίξασαιζ
1296 5455 1495 5538 «_Nani
1523 5456 1640 5538 _illa:
1694 5456 1959 5538 setiiiatla-

390 5524 559 5603 pertis
586 5533 791 5589 foribus
815 5524 1177 5599 prospectant,
1202 5545 1237 5603 ζ
1258 5524 1344 5579 vel
1377 5542 1395 5574 ι
1414 5526 1654 5603 _reclusis
1684 5524 1957 5603 paululum

393 5595 598 5661 foribus
625 5603 711 5656 vix
744 5595 1105 5671 prospectant.
1143 5616 1163 5671 ι
1201 5597 1292 5650 Est
1343 5596 1485 5647 enim
1538 5595 1916 5671 παρακύπτειν
1944 5633 1959 5659 ,

403 5693 423 5728 ι
451 5690 482 5728 e
507 5664 761 5728 fenestra-
781 5664 1008 5738 strictim
1053 5668 1315 5738 aspicere,
1354 5682 1373 5714 ι
1406 5679 1524 5734 qua:
1556 5664 1638 5721 est
1671 5666 1845 5722 Cicer.
1879 5664 1958 5720 lo-

396 5745 541 5801 cutio
573 5744 665 5795 lib.
712 5756 728 5792 t
769 5740 841 5793 De
874 5736 1048 5805 0rat.,
1087 5736 1135 5791 οῖ
1173 5737 1262 5790 55.

466 5812 578 5871 (85)
618 5809 803 5864 Vallic.
834 5803 1207 5864 Caeteri'codd.
1234 5803 1578 5860 ἐπιδεικνύει.

2136 4965 2249 5037 (8i)
2289 4963 2380 5037 _Sic
2398 4977 2536 5037 ipss.
2565 4978 2771 5037 omnes.
2801 4961 3110 5037 Legendum
3144 4970 3319 5016 tamen
3347 4962 3535 5031 σαφῶς

2135 5030 2247 5104 (85)
2288 5034 2362 5104 ita
2398 5034 2586 5088 Vallic.
2625 5034 2822 5104 Caneri
2848 5032 2929 5084 ἔτι
2958 5030 3089 5104 (ᾧτ’.

2132 5101 2244 5175 (86)
2284 5103 2503 5175 Proprie
2528 5104 2754 5175 Θάνατον
2774 5103 2875 5156 οὐκ
2903 5101 3181 5175 ἐκδέχεται
3221 5118 3239 5151 ι
3262 5111 3492 5157 mortem
3523 5118 3631 5158 non

2061 5171 2355 5242 exspectat.
2392 5171 2411 5225 ἰ
2447 5171 2611 5228 Vetus
2656 5174 2923 5240 interpres
2970 5174 3160 5234 habet,
3219 5188 3237 5221 ι
3268 5186 3365 5225 uec
3400 5183 3631 5227 mortem

2061 5241 2333 5312 pronobis
2355 5244 2609 5312 suscepit.
2636 5261 2654 5292 ι
2692 5243 2998 5309 Legendutn
3031 5241 3353 5309 «suscipit,»
3398 5243 3537 5310 quod
3574 5244 3630 5296 in

2061 5316 2325 5383 impressa
2346 5314 2502 5383 typis
2529 5314 2763 5383 editione
2787 5312 3130 5383 emendatum
3160 5314 3430 5383 oportuit;
3452 5321 3512 5383 et
3538 5313 3628 5364 illa

2061 5382 2207 5448 ἅπαξ
2266 5381 2603 5454 ύπὲρἡμῶν
2651 5398 2753 5454 non
2785 5381 3164 5454 coniungenda
3226 5397 3347 5434 cum
3400 5381 3632 5454 θάνατον

2060 5449 2622 5524 ἐκδέχεται,’βειιέυιιι
2654 5449 2962 5524 παθῶν.Ειι
2986 5452 3427 5524 versioelrorem
3458 5452 3633 5524 conti-

2060 5535 2153 5579 net
2187 5519 2654 5582 absurdissimum,
2710 5538 2728 5571 ι
2749 5519 3022 5575 Christum
3051 5522 3305 5574 nimirum
3344 5537 3441 5591 pro
3474 5521 3633 5575 nobis

2060 5608 2289 5650 mortem
2318 5608 2423 5646 non
2458 5591 2779 5659 suscepisse.
2822 5611 2841 5643 ι
3274 5604 3281 5609 ο

2138 5664 2249 5732 (87)
2288 5661 2452 5715 Sacer
2488 5672 2665 5714 textus
2694 5661 2874 5732 habet
2914 5660 3176 5732 κυριεύει.
3233 5659 3339 5716 Sed
3387 5659 3633 5727 vulgatus

2068 5731 2335 5799 interpres
2353 5731 2487 5802 _lcgit
2516 5731 2813 5802 κυριεύσει.

2141 5797 2254 5873 (88)
2292 5800 2365 5854 Δέ
2388 5797 2474 5871 est
2496 5815 2563 5855 ex
2589 5797 2707 5858 cod.
2740 5801 2928 5857 Vallic.
2963 5801 3129 5857 Abest
3162 5817 3191 5856 a
3230 5815 3349 5859 meo
3376 5809 3430 5856 et
3460 5797 3627 5856 Bat'b.
