3810 6340
216 368 281 419 ω
1121 367 1522 426 ENARRATIO
1561 369 1629 424 IN
1662 370 2018 428 CANTICUM
2060 371 2532 430 CANTICORUM.
3379 372 3451 429 70

257 475 394 575 .NA'.
454 476 512 531 ὀ
545 479 721 547 ὑετὸς
768 481 1078 551 παρῆλθεν
1117 482 1252 554 (89),
1295 483 1588 552 ἐπορεύθη
1647 483 1773 538 ἐαυ-

1958 484 2093 540 LlV.
2137 483 2326 540 Pluvia
2349 487 2481 540 abiit
2504 528 2519 553 ,
2565 495 2612 539 et
2644 486 2855 539 recessit
2881 483 3002 540 sibi.

214 581 305 632 τῳ.

275 659 408 722 Τοὺς
431 659 778 730 πειρασμοὺς
803 661 1022 732 βροχαῖς
1041 663 1365 735 παρεικάζει
1393 665 1422 717 ό
1449 664 1673 735 Κύριος,
1698 663 1783 718 λε-

213 767 316 819 γων
366 752 495 822 περὶ
550 750 660 804 τῶν
727 752 1210 826 τεθεμελιωμένων
1269 758 1327 809 ἐν
1376 759 1443 828 τῇ
1477 758 1653 829 πέτρᾳ
1700 757 1781 810 δι-

215 844 389 896 καίων*
425 862 446 895 ι
479 844 703 915 Κατέϐη
732 847 765 916 ἡ
806 845 994 918 βροχὴ,
1026 842 1188 919 ἦλθον
1216 848 1265 901 oi
1296 849 1550 919 ποταμοὶ,
1587 848 1781 902 ἔπνευ-

214 951 303 988 σαν
346 936 387 988 »ί
433 937 652 1008 ἄνεμοι,
698 938 1109 1011 προσέκρουσαν
1148 942 1213 1013 τῇ
1245 941 1395 1012 οίκίᾳ
1439 940 1640 1013 ἐκείνῃ,
1685 940 1780 993 καὶ

212 1024 301 1078 οὐκ
345 1024 541 1079 ἔλασεν
566 1043 580 1056 ·
633 1026 1019 1098 ὲτεθεμελίωτο
1058 1028 1167 1100 γὰρ
1206 1030 1299 1086 ἐπὶ
1338 1029 1437 1101 τὴν
1478 1030 1702 1102 πέτραν.
1756 1050 1774 1080 ι

212 1115 316 1169 Ἵνα
346 1110 439 1169 οὖν
469 1118 625 1190 εῑπῃο
661 1119 726 1172 Οἱ
751 1120 1048 1191 πειρασμοὶ
1079 1119 1188 1191 (90)
1215 1121 1261 1172 oi
1291 1120 1385 1173 τοῦ
1414 1120 1618 1184 πάθους
1646 1138 1783 1191 παρ-

211 1204 384 1275 ῆλθον*
423 1225 442 1257 ι
480 1207 542 1260 '0
576 1207 806 1279 χειμὼν,
854 1228 874 1262 ι
915 1210 1071 1281 φησὶ,
1110 1230 1128 1263 ι
1176 1210 1475 1282 παρῆλθεν,
1540 1212 1569 1261 ό
1626 1212 1782 1276 ὑετὸς

210 1296 437 1365 ἀπῆλθεν
460 1298 665 1369 ἑαυτῷ.
702 1319 722 1352 ι

271 1386 388 1439 NE’.
418 1388 516 1443 Στ.
555 1389 644 1444 ιϐ’.
690 1390 769 1445 Τὰ
794 1390 945 1459 ἄνθη
975 1389 1141 1460 ὤφθη
1163 1389 1328 1459 ἐνῖῇ
1354 1390 1619 1461 γῇήμῶν
1644 1392 1775 1463 (91).

271 1478 441 1549 Ὅπερ
463 1481 637 1545 ἐστὶν,
677 1482 712 1553 ἠ
748 1483 850 1553 τῆς
878 1482 989 1535 τῶν
1009 1482 1179 1552 ἁγίων
1208 1483 1519 1537 ἀποστόλων
1543 1486 1778 1549 πίστεως

211 1569 410 1626 εὐωδία.

268 1661 405 1728 NCT.
440 1662 660 1729 Καιρὸς
682 1660 795 1731 τῆς
821 1661 1007 1732 τομῆς
1029 1663 1309 1732 ἔφθακεν.

270 1751 370 1804 Τοῦ
397 1751 696 1822 τέμνεσθαι
738 1751 851 1824 (92)
890 1753 961 1807 τὰ
995 1754 1248 1825 κλήματα
1288 1755 1385 1809 καὶ
1421 1755 1778 1827 καθαίρεσθαι

1963 661 2301 715 t‘entattones
2352 659 2560 728 pluviisj
2589 657 2852 713 assimilat
2882 658 3140 712 Dominus
3163 696 3179 720 ,
3211 671 3332 710 cum
3366 657 3450 711 lo-

1883 754 2085 822 quitur,
2118 752 2184 806 de
2218 752 2285 806 iis
2308 752 2397 821 qui
2430 750 2636 804 fundati
2673 760 2800 805 sunt
2838 763 2999 818 supra
3028 757 3237 817 petram
3280 748 3455 815 justo-

1884 860 2039 898 rum:
2080 863 2100 896 ι
2144 844 2426 898 Descendit
2471 842 2673 913 pluvia,
2707 851 2966 897 venerunt
3005 839 3246 907 ﬁumina,
3290 838 3455 894 ﬂave-

1885 944 2009 989 runt
2033 936 2202 999 venti,
2224 935 2571 990 etirruerunt
2596 934 2650 989 in
2674 935 2890 988 domum
2922 933 3087 999 illam,
3121 943 3301 989 etnon
3328 949 3450 989 cor-

1882 1028 1991 1081 ruit
2032 1046 2045 1082 :
2084 1025 2305 1081 fundata
2333 1027 2475 1080 enim
2507 1036 2626 1080 erat
2657 1041 2819 1096 supra
2848 1035 3054 1096 petram
3086 1027 3129 1079 ³.
3161 1045 3180 1079 ›
3224 1026 3293 1080 Ut
3320 1040 3450 1094 ergo

1882 1118 2086 1172 diceret
2118 1140 2129 1173 :
2162 1115 2512 1171 Tentationes
2560 1117 2826 1186 passionis
2877 1118 3295 1187 praeterierunt,
3329 1117 3449 1172 ait:

1886 1228 1906 1261 ι
1943 1209 2127 1265 Hiems
2153 1210 2387 1274 transiit,
2428 1209 2609 1279 pluvia
2638 1209 2863 1263 recessit
2892 1210 3017 1265 sibi.
3058 1228 3077 1260 ι

1950 1384 2062 1440 LV.
2107 1384 2272 1441 Vens.
2306 1385 2394 1439 12.
2427 1384 2615 1438 Floras
2652 1386 2752 1438 visi
2772 1392 2891 1438 sunt
2927 1384 2982 1437 in
3006 1393 3148 1436 terra
3179 1392 3378 1436 nostra.

1951 1478 2007 1533 Id
2043 1488 2167 1545 est,
2202 1480 2374 1533 bonus
2400 1479 2534 1533 odor
2565 1479 2683 1533 lidei
2716 1487 3028 1532 sanctorum
3063 1475 3446 1545 apostolorum.

1952 1655 2086 1711 LVI.
2125 1654 2347 1722 Temyms
2383 1656 2623 1710 sartionis
2654 1656 2884 1709 advenit.

1955 1746 2190 1817 Tempus
2214 1748 2419 1802 scilicet
2452 1746 2670 1814 putandi
2719 1745 2991 1816 palmites.
3022 1757 3221 1812 eosque
3252 1757 3280 1796 a
3326 1754 3453 1810 pec-

210 1845 304 1899 ἁπδ
328 1845 434 1900 τῶν
466 1845 906 1918 ἁμαρτημάτων·
940 1848 1098 1903 ἄτινὰ
1120 1852 1235 1903 ἐστι
1274 1850 1441 1905 τέκνα
1465 1852 1534 1905 τὰ
1569 1854 1645 1916 είς
1679 1855 1773 1924 ἐμὲ

1896 1839 2015 1893 :atis
2041 1840 2328 1909 purgandi,
2351 1839 2555 1893 scilicet
2585 1837 2724 1892 ﬁlios
2758 1838 2849 1907 qui
2876 1837 3108 1892 credunt
3128 1835 3181 1888 in
3209 1849 3316 1888 me.
3341 1833 3450 1924 Sed

208 1938 535 1992 πιστεύοντα.
594 1938 756 1992 Ἀλλὰ
789 1940 885 1993 καὶ
915 1939 1036 1993 καθ’
1060 1941 1244 2012 ἕτερον
1272 1942 1491 2013 τρόπον·
1527 1960 1547 1994 ι
1573 1944 1779 2013 Καιρὸς

207 2030 295 2101 τῆς
319 2031 494 2101 τομῆς
521 2030 751 2100 ἔφθακε,
780 2049 800 2082 ι
819 2030 912 2084 τοῦ
942 2032 1131 2103 νοητοῦ
1167 2033 1310 2102 λέγω
1330 2033 1441 2105 (95)
1490 2033 1775 2106 θερισμοῦ,

207 2121 291 2175 τοῦ
307 2122 415 2193 (95)
433 2123 675 2194 θερίζειν
699 2122 768 2177 τὰ
796 2123 923 2196 ἔθνη
949 2125 1097 2178 σίτου
1122 2126 1278 2198 δίκην
1301 2127 1409 2180 ἀπὸ
1440 2126 1548 2181 τῶν
1573 2128 1779 2198 γηΐνων

208 2213 650 2286 ἑπιθυμημάτων,
694 2213 789 2268 καὶ
830 2216 1181 2288 συγκομίζειν
1218 2219 1299 2282 είς
1345 2217 1446 2283 τὰς
1494 2218 1779 2289 ἀποθήκας

206 2306 296 2377 τῆς
316 2307 567 2376 οὐρανίου
594 2306 898 2376 βασιλείας.

270 2399 385 2452 NZ'.
432 2399 608 2469 Φωνὴ
656 2401 949 2470 τρυγόνος
991 2395 1103 2470 (95)
1123 2397 1400 2467 ἠκούσθη
1446 2398 1517 2452 ἐν
1563 2400 1640 2471 τῇ
1699 2404 1779 2475 τῇ

267 2583 373 2654 τὴν
401 2581 589 2652 ψωνὴν
624 2578 833 2651 ταύτην
857 2574 1009 2649 οἶμαι
1040 2579 1134 2633 τοῦ
1162 2581 1317 2649 ἁγίου
1353 2581 1593 2639 Παύλου.
1635 2587 1778 2658 Τρυ-

205 2675 311 2745 τύνι
353 2677 463 2746 γὰρ
519 2674 685 2728 αὑτὸν
716 2672 1039 2744 παρεικάζει
1088 2674 1176 2727 διὰ
1221 2674 1319 2747 τὴν
1349 2677 1671 2748 ἀγριότητα,
1710 2681 1778 2752 ῆν

210 2767 365 2821 πάλαι
411 2767 514 2837 μὲν
551 2764 697 2819 κατὰ
734 2764 844 2818 τῶν
893 2765 1193 2837 ἐκκλησιῶν
1230 2767 1484 2833 ἐποιεῖτο,
1521 2770 1778 2842 διωγμοῖς

209 2858 294 2910 καὶ
317 2856 586 2927 φυλακαῖς
612 2856 740 2918 τοὺς
760 2857 839 2918 είς
864 2855 956 2908 τὸν
984 2855 1185 2926 Κύριον
1219 2857 1574 2923 πιστεύοντας
1617 2862 1777 2915 ἐλαύ-

206 2967 320 3003 νων.
363 2949 524 3015 Ἀλλ’,
552 2969 573 3001 ι
610 2950 676 3002 Ἡ
706 2948 857 3019 φωνὴ
884 2949 1104 3016 γέγονεν
1135 2948 1246 3020 (96)
1279 2952 1336 3003 ὲν
1361 2954 1425 3022 τῇ
1455 2955 1523 3027 γῇ
1550 2953 1723 3024 ἡμῶν·
1753 2976 1771 3006 ι

204 3041 330 3114 ὅπερ
355 3043 525 3107 ἐστὶν,
557 3042 617 3093 ὲν
640 3043 709 3111 τῇ
753 3038 1071 3110 Ἐκκλησία.
1116 3040 1433 3112 Γέγραπται
1466 3046 1595 3116 γάρ·
1633 3065 1651 3097 ι
1698 3047 1776 3118 Γῆ

206 3132 391 3204 θελητὴ
429 3133 591 3202 ὑμεῖς
624 3133 770 3184 ἐστε·
811 3150 831 3183 ι
868 3130 1162 3185 ἐπελάϐετο
1190 3131 1298 3205 γὰρ
1335 3134 1445 3203 (97)
1472 3135 1566 3189 τοῦ
1605 3138 1777 3208 κηρύ-

1880 1929 2064 1984 etalio
2091 1930 2289 1983 modo:
2328 1947 2347 1980 ι
2390 1929 2626 1998 Tempus
2654 1928 2910 1983 sectiouis
2955 1926 3195 1990 advenit,
3225 1943 3246 1977 ι
3285 1923 3451 1993 spiri-

1881 2021 2041 2077 tualis
2069 2021 2274 2076 scilicet
2303 2021 2496 2076 messis
2519 2037 2538 2076 :
2565 2021 2808 2076 metendi
2841 2021 3094 2075 nimirum
3127 2019 3301 2073 instar
3328 2015 3452 2071 Iru-

1879 2112 2043 2167 menti
2074 2119 2262 2183 gentes
2296 2126 2327 2166 a
2357 2112 2583 2168 terrenis
2611 2110 3001 2182 cupiditatibus
3024 2150 3042 2177 ,
3086 2121 3288 2178 easque
3320 2121 3450 2162 con—

1880 2203 2041 2260 dendi
2068 2204 2124 2258 in
2150 2204 2362 2261 horreis
2401 2205 2553 2275 regni
2585 2204 2850 2260 celestis.

1949 2401 2105 2457 LVII.
2152 2401 2267 2458 Vox
2294 2404 2517 2457 turturis
2552 2401 2741 2457 audita
2768 2411 2845 2458 est
2883 2402 2940 2455 in
2977 2409 3120 2454 terra
3174 2408 3375 2453 nostra.

1963 2582 2113 2638 lianc
2137 2598 2324 2638 vocem
2354 2582 2603 2638 existimo
2620 2596 2742 2638 esse
2765 2581 2829 2636 D.
2854 2581 3028 2638 Pauli.
3058 2579 3278 2633 Turturi
3305 2577 3449 2631 enim

1878 2677 2028 2731 illum
2062 2677 2322 2731 assimilat
2346 2685 2564 2745 propter
2600 2674 2869 2729 feritatem
2906 2689 3067 2744 quam
3104 2672 3231 2727 olim
3265 2676 3449 2724 contra

1879 2769 2139 2824 ecclesias
2186 2768 2515 2832 exercebat,
2554 2767 3014 2836 persecutionibus
3063 2774 3118 2817 et
3145 2761 3449 2816 carceribus

1878 2861 2079 2916 Christi
2122 2860 2307 2914 ﬁdeles
2327 2861 2626 2927 exagitans.
2658 2857 2850 2913 Verum
2875 2877 2893 2909 ι
2925 2873 3023 2912 vox
3051 2855 3168 2924 cjns
3200 2854 3449 2909 clamavit

1880 2951 1934 3004 in
1967 2960 2110 3005 terra
2138 2959 2345 3014 nostra,
2378 2967 2396 2999 ι
2434 2950 2535 3003 hoc
2566 2948 2729 3003 estin
2762 2948 3038 3012 Ecclesia;
3061 2948 3320 3014 scriptum
3364 2953 3449 2999 est

1878 3042 2021 3096 enim
2060 3058 2075 3094 :
2129 3058 2149 3092 ι
2182 3039 2349 3094 Terra
2385 3048 2601 3109 accepta
2642 3039 2773 3095 estis
2799 3054 2896 3094 vos
2927 3036 2949 3068 ‘
2988 3056 3001 3091 :
3040 3058 3058 3090 ι
3094 3037 3449 3106 apprehendit

1881 3135 2024 3189 enim
2059 3133 2495 3201 praedicationem
2527 3132 2669 3198 lidei,
2703 3141 2763 3185 ut
2794 3132 2846 3186 in
2875 3146 2940 3187 eo
2964 3130 3090 3184 illud
3121 3129 3407 3197 impleatur
3435 3146 3449 3181 :

205 3195 399 3294 γματος
443 3195 548 3296 τῆς
580 3223 839 3285 πίστεως,
870 3222 955 3275 ἵνα
985 3222 1045 3275 τὸ
1084 3195 1467 3295 γεγραμμένον
1501 3224 1582 3290 είς
1615 3195 1773 3282 αὑτὸν

1896 3241 1905 3275 ι
1947 3195 2142 3277 Passer
2170 3223 2372 3276 invenit
2395 3222 2494 3277 sibi
2546 3195 2764 3277 domum
2790 3263 2805 3289 ,
2836 3233 2891 3277 et
2921 3230 3099 3275 turtur
3133 3195 3315 3274 nidum
3349 3217 3450 3272 sibi

205 3314 473 3386 πληρωθῇ,
516 3315 601 3368 ὅτι
646 3332 665 3364 ι
700 3313 987 3385 Στρουθίον
1032 3307 1189 3385 εὗρεν
1235 3313 1409 3385 ἑαυτῷ
1449 3316 1645 3378 οἰκίαν,
1680 3318 1776 3372 καὶ

204 3406 407 3478 τρυγὼν
454 3405 677 3461 νοσσιὰν
726 3408 923 3478 ἑαυτῇ,
973 3397 1036 3459 οὗ
1089 3405 1241 3478 θήσει
1297 3406 1365 3461 τὰ
1422 3409 1607 3461 νοσσία
1660 3412 1778 3463 ἑαυ-

205 3496 297 3567 τῆς
316 3512 363 3549 ἰ
389 3497 659 3561 τουτέστι,
698 3496 768 3550 τὰ
799 3495 866 3548 δι’
889 3495 1053 3549 αὐτοῦ
1080 3495 1402 3549 πιστεύοντα
1432 3498 1513 3561 είς
1543 3498 1775 3570 Χριστὸν

206 3587 344 3659 tam.

269 3682 396 3735 SH’.
427 3681 522 3736 Στ.
562 3680 651 3749 ιγ’.
697 3679 761 3735 Ἡ
784 3678 950 3749 συκῆ
977 3677 1303 3750 ἐξήνεγκεν
1338 3678 1636 3746 ὀλύνθους
1669 3682 1776 3734 αὐ-

206 3789 326 3841 της.

269 3818 374 3934 ’ἦν
411 3860 744 3933 Συναγωγὴν
789 3859 900 3913 τῶν
964 3859 1231 3913 Ἰουδαίων
1278 3858 1388 3930 (98)
1431 3818 1598 3929 λέγει,
1646 3862 1774 3926 τοὺς

209 3955 380 4022 ἁγίους
407 3954 791 4024 ὲξενηνοχυῖαν
819 3951 1168 4015 ἀποστόλους,
1201 3949 1394 4014 οἵτινες
1428 3938 1664 4006 ὀλύνθων
1691 3953 1772 4006 δί-

207 4065 300 4119 κην
323 4049 446 4111 τοὺς
468 4044 567 4099 τοῦ
597 4043 799 4116 Κυρίου
821 4043 1119 4115 γλυκεροὺς
1142 4042 1251 4112 (99)
1277 4042 1675 4113 προϐάλλονται
1694 4046 1771 4113 (1)

208 4138 398 4206 λόγους*
422 4140 557 4210 περὶ
584 4132 662 4192 ὧν
686 4138 781 4191 καὶ
818 4136 1083 4210 Ἱερεμίας
1106 4139 1134 4190 ό
1159 4136 1442 4200 θεσπέσιος
1465 4139 1771 4208 προφήτης.

212 4251 231 4283 ι
257 4232 416 4297 Σῦκα,
436 4253 456 4286 ι
473 4234 633 4303 φησὶ,
654 4252 671 4284 ι
695 4230 766 4284 τὰ
786 4229 1017 4302 χρηστὰ,
1032 4230 1245 4302 χρηστά
1264 4229 1402 4285 λίαν.
1430 4249 1448 4282 ι
1470 4215 1772 4301 Πρόδρομοι

205 4322 257 4376 δὲ
301 4323 476 4376 σύκων
526 4325 580 4376 οἱ
633 4320 864 4381 ὄλυνθοι.
931 4319 1023 4383 οὓς
1075 4319 1405 4383 ἀποστόλους
1448 4322 1768 4393 εἰρήκαμεν.

211 4414 426 4467 Ἔπειτα
453 4412 617 4478 σῦκα,
645 4414 695 4467 οἱ
731 4411 847 4484 μετ’
882 4410 1079 4474 αὐτοὺς
1109 4413 1167 4464 ὲν
1206 4414 1326 4475 ταῖς
1351 4411 1531 4479 ἁγίαις
1570 4411 1770 4482 ἐκκλη-

1879 3314 1967 3368 ubi
1993 3320 2158 3383 ponat
2183 3311 2359 3382 pullos
2390 3327 2516 3368 suos
2550 3312 2592 3377 ',
2629 3334 2647 3366 ι
2685 3315 2786 3368 hoc
2834 3322 2921 3367 est
2942 3353 2958 3377 ,
2987 3321 3177 3384 gentes
3210 3326 3330 3380 quae
3355 3324 3449 3365 ocr

1878 3406 2022 3461 hunc
2057 3404 2327 3476 (Paulum)
2359 3406 2589 3461 credunt
2627 3407 2681 3460 in
2705 3404 3010 3462 Christum.

1948 3663 2129 3720 LVIII.
2164 3662 2335 3719 Vens.
2373 3665 2462 3718 15.
2496 3662 2660 3718 Ficus
2693 3665 2940 3734 produxit
2981 3678 3187 3734 grossos
3231 3676 3376 3715 suos.

1944 3865 2258 3924 Judaaorum
2288 3867 2421 3922 dicit
2453 3866 2815 3938 Synagogam,
2850 3880 2969 3935 quae
2996 3875 3212 3922 sanctos
3235 3876 3446 3935 aposto.

1877 3962 1957 4018 los
1981 3960 2194 4024 extulit,
2220 3960 2313 4028 qui
2349 3974 2662 4029 grossorum
2691 3960 2861 4013 instar
2891 3959 3063 4014 dulcia
3092 3958 3304 4013 Domini
3331 3959 3445 4013 elo-

1874 4054 1999 4124 quia
2052 4053 2350 4123 proferunt.
2403 4051 2481 4105 De
2518 4051 2718 4120 quibus
2745 4059 2802 4105 et
2830 4050 3045 4105 divinus
3096 4061 3250 4107 vates
3294 4049 3446 4107 Iere-

1872 4146 2011 4200 mias
2041 4164 2054 4200 :
2092 4163 2110 4197 ε
2143 4143 2303 4198 Ficus
2324 4144 2579 4211 optimas,
2612 4142 2844 4211 optimas
2865 4142 3027 4196 nimis
3055 4141 3098 4196 ⁸.
3134 4160 3153 4194 ι
3194 4142 3445 4197 Ficorum

1872 4239 2015 4291 enim
2046 4249 2410 4306 praecursores
2434 4246 2561 4289 sunt
2593 4234 2766 4303 grossi
2790 4272 2807 4297 ,
2849 4248 2987 4303 quos
3008 4248 3129 4289 esse
3170 4235 3445 4303 apostolos

1872 4325 2127 4379 diximus.
2160 4322 2363 4378 Deinde
2396 4324 2559 4387 ﬁcos,
2595 4323 2684 4390 qui
2730 4332 2853 4393 post
2895 4336 2988 4376 eos
3023 4323 3076 4376 in
3126 4324 3327 4377 sanctis
3358 4338 3443 4378 ec-

1872 4415 2052 4470 clesiis
2105 4415 2391 4481 doctores,
2435 4414 2809 4470 suavissimam
2862 4414 3207 4471 dulcedinem
3266 4415 3443 4485 proie-

209 4505 337 4570 σίαις
377 4506 710 4568 διδάσκαλοι,
739 4506 841 4577 τὴν
865 4505 1134 4577 ήδυτάτην
1177 4503 1602 4575 προϐαλλόμενοι
1638 4504 1769 4574 γλυν
1799 4546 1844 4601 D
1882 4515 2026 4561 runt.

204 4599 415 4671 κύτητα.

265 4715 286 4746 ³
312 4715 498 4769 Matth.
520 4698 643 4779 νηῒ
676 4712 770 4767 25.
846 4711 871 4745 ⁸
896 4709 1125 4767 Malach.
1162 4726 1244 4773 ut.
1281 4710 1372 4765 I2.
1446 4710 1468 4742 ⁸
1500 4710 1642 4766 Psal.
1672 4727 1771 4767 Lxx

1896 4756 1902 4775 ,
1932 4712 1988 4769 Δ.
2068 4715 2088 4745 ⁸
2118 4711 2318 4770 Jerem.
2353 4731 2501 4781 χχιιι,
2530 4717 2582 4771 5.

266 4874 373 4958 Q9)
413 4870 819 4958 δίεβξπιειξε
848 4868 1054 4958 Ellis:
1094 4868 1364 4958 init-tetri
1391 4868 1565 4958 aditis).
1602 4869 1764 4958 ista?

201 4937 445 5018 ᾁπῆλθεν.
482 4942 552 5018 Et
574 4939 1080 5018 ἀπῇλθενιιηρηειη.
1112 4939 1203 4993 Sic
1227 4939 1370 4994 enim
1407 4937 1571 4994 habet
1603 4938 1763 4995 Philo

204 5016 249 5068 in
274 5009 370 5069 line
391 5009 792 5082 explanationis
824 5009 982 5080 hujus
1002 5024 1215 5082 lersus.

261 5085 368 5157 (90)
408 5076 582 5157 Vetus
612 5084 878 5149 interpres
893 5076 923 5133 ':
949 5098 982 5157 _r
1002 5076 1074 5133 Ut
1102 5093 1231 5157 ergo
1258 5078 1496 5157 diceret,
1537 5080 1763 5157 transie-

203 5149 310 5209 runt
348 5149 730 5226 'passiones,_
773 5149 1101 5205 teutationes
1155 5149 1251 5204 ait.
1277 5168 1296 5200 ι
1361 5150 1716 5207 Scrihentiuui
1741 5190 1759 5218 ,

205 5242 223 5275 ι
245 5221 510 5294 passionis
538 5221 889 5294 mutationes.
919 5238 940 5270 ι

278 5298 360 5357 91)
403 5294 582 5350 Vatic.
615 5291 705 5347 ed.
742 5304 844 5344 non
869 5289 1034 5344 habet
1069 5288 1247 5360 ἡμῶν.

277 5367 365 5437 9‘2)
408 5365 535 5422 Vet.
568 5363 797 5429 interpr.
847 5377 868 5411 ι
898 5360 968 5437 I_J_t
991 5359 1145 5437 quasi
1174 5359 1423 5437 palmites
1448 5359 1759 5437 incidantur

198 5428 645 5495 et'mundentur,
676 5450 697 5483 ι
722 5428 849 5484 etc.
905 5428 1262 5485 ExistimaSse
1310 5432 1521 5485 videtur
1561 5432 1762 5485 subau-

200 5506 431 5561 diendum
474 5518 601 5560 esse
640 5502 826 5556 ἕνεκα.
874 5500 1182 5570 Repetenda
1219 5511 1300 5555 est
1344 5515 1413 5555 ex
1455 5509 1612 5556 textu
1654 5515 1758 5555 vox

200 5576 389 5647 ωιρὸς,
406 5576 572 5647 Αιιαιιε
600 5574 801 5647 pendet
825 5569 919 5624 τοῦ
951 5569 1265 5647 τέμνεσθαι.

256 5639 380 5713 (93)
403 5639 616 5701 lnserui
641 5642 809 5712 λέγω,
844 5643 990 5713 quod
1020 5639 1108 5713 est
1140 5657 1208 5697 ex
1247 5639 1509 5713 Vallicelj.

257 5710 365 5785 (94)
398 5716 561 5775 Barb.
580 5714 666 5771 τό.
698 5710 888 5785 γειιὶο.
915 5710 1015 5785 τῷ.
1050 5710 1355 5783 Legendum
1376 5710 1506 5783 (τοῦ.

258 5782 364 5859 (95)
406 5786 526 5843 Vat.
550 5787 686 5845 edit.
713 5783 817 5855 τῆς
842 5782 1121 5855 τρυγόνος.

1941 4869 2052 4941 (96)
2091 4868 2398 4941 Legendum
2427 4871 2640 4941 videtur
2664 4870 2923 4941 γέγωνεν.

1946 4937 2055 5010 (97⁷)
2098 4937 2245 4994 Meus
2280 4943 2404 4995 cod.
2454 4951 2510 4995 et
2549 4937 2751 4994 Vallic.‘
2786 4951 2842 5010 et
2886 4937 3048 4995 Barb.
3085 4937 3167 5010 sic
3196 4937 3439 5010 habent:

1896 5008 1961 5064 Η
1991 5008 2116 5081 Θελῆ
2166 5011 2323 5081 ὑμεῖς
2376 5011 2533 5064 ἐστέ*
2590 5009 2889 5064 άπελαύετε
2940 5009 3068 5081 γάρ.
3124 5008 3440 5081 Mutinensis

1866 5082 1900 5151 ἡ
1930 5081 2073 5134 θελεῖ
2106 5077 2267 5151 ὑμεῖς
2294 5081 2417 5151 ἐστέ
2442 5100 2454 5112 ο
2498 5081 2793 5135 ἐπελάϐετο
2821 5080 2926 5151 γάρ
2953 5077 3049 5132 τοῦ
3089 5077 3441 5151 κηρύγματος

1866 5150 1967 5221 τῆς
2012 5150 2269 5215 πίστεως.
2320 5150 2438 5205 Vox
2482 5152 2794 5222 γέγραπται
2838 5150 3075 5222 ostendit
3124 5150 3440 5222 Iocum_hic

1865 5218 1986 5275 esse
2008 5224 2238 5291 aliquem
2280 5239 2309 5276 e
2338 5218 2504 5276 sacra
2531 5218 2808 5289 Scriptura
2848 5221 3270 5291 depromptum.)
3301 5218 3437 5291 Cum

1864 5303 2044 5345 autem
2076 5289 2216 5359 apud
2249 5293 2562 5345 Malacliiam
2594 5294 2820 5355 legatur,
2855 5306 2936 5354 ιιι,
2963 5290 3048 5356 12,
3079 5291 3213 5345 διότι
3246 5289 3435 5344 ἔσεσθε

1856 5360 2013 5434 ὑμεῖς
2060 5364 2133 5434 γῆ
2185 5360 2403 5433 θελητὴ,
2426 5360 2589 5434 λέγει
2633 5362 2869 5434 Κύριος,
2922 5371 3204 5431 propterea
3251 5376 3438 5415 emen-

1854 5432 2031 5485 danda
2059 5432 2289 5502 haéc,gut
2304 5432 2480 5485 edidi.

1926 5502 2037 5572 (98)
2079 5500 2221 5559 Vet.‘
2268 5502 2538 5572 interpres
2603 5504 2781 5559 reddit
2844 5509 3051 5557 tantum
3109 5500 3434 5557 sententiam

1854 5571 2028 5627 Graeci
2058 5581 2256 5626 textus.

1927 5643 2040 5714 (99)
2080 5641 2425 5714 Floxepobc
2459 5643 2701 5712 λόγους.
2751 5642 2873 5698 Vet.
2928 5646 3124 5712 interp.
3179 5641 3433 5698 «diversa

1855 5711 2088 5780 eloquia.
2120 5731 2138 5764 ι
2184 5711 2405 5767 Videtur
2430 5711 2668 5767 codicem
2705 5715 2957 5769 habuisse
2991 5711 3325 5777 corruptum.

1927 5784 2005 5854 (t)
2046 5784 2138 5839 Sic
2169 5784 2473 5839 emendavi.
2537 5783 2687 5839 Meus
2733 5794 2788 5840 et
2827 5784 2987 5841 Barb.
3039 5780 3429 5850 προϐάλλονται.
