3810 6386
317 347 379 405 τί
1451 350 1771 409 PHILONIS
1802 349 2109 409 EPISCOPI
2149 348 2470 406 CARPASII
3492 342 3564 399 72

428 460 564 522 LIX.
617 461 756 519 Vites
801 471 997 519 nostrae
1020 463 1232 534 ﬂorent,
1264 461 1522 519 dederunt
1555 468 1783 520 odorem.

388 646 795 717 Consequenter
835 647 1016 716 itaque
1040 646 1296 716 deinceps
1342 646 1548 702 vitibus
1591 644 1890 712 ecclesias,

320 751 442 807 quae
468 752 567 809 per
594 737 894 793 doctrinam
926 738 1123 790 bonmn
1164 736 1284 791 fidei
1321 736 1601 805 proferunt
1623 736 1841 791 odorem
1869 753 1886 803 ;

319 828 425 900 ipsi
456 842 584 883 vero
605 828 983 899 germinationi
1005 827 1226 883 odorem
1270 827 1390 882 fidei
1426 827 1716 882 assimilat.

386 1009 501 1065 LX.
531 1009 731 1080 Surge,
758 1009 894 1074 veni,
925 1010 1163 1078 proxima
1189 1025 1326 1063 mea.

389 1100 505 1156 Sibi
556 1101 857 1169 proximam
904 1109 1061 1154 vocat
1105 1114 1376 1169 sponsam,
1413 1109 1695 1167 propterea
1735 1094 1879 1165 quod

318 1192 432 1262 ipse
460 1192 527 1248 de
553 1193 708 1248 caelis
743 1191 1054 1254 descendit.
1104 1204 1329 1261 eamque
1357 1206 1451 1262 per
1485 1191 1604 1246 ﬁdei
1660 1192 1892 1260 c0njun-

318 1288 547 1341 ctioncm
585 1284 846 1353 implevit.

386 1380 523 1435 LXI.
569 1379 800 1434 Pulchra
841 1395 978 1438 nica.
1006 1377 1246 1433 columba
1273 1393 1411 1431 mea.

386 1469 617 1525 Pulchra
653 1479 873 1539 propter
902 1470 1276 1539 paenitentiam
1304 1508 1320 1534 ,
1370 1467 1615 1523 columba
1670 1476 1889 1536 propter

317 1559 741 1627 simplicitatem.

385 1648 543 1703 LXII.
582 1649 740 1706 Vens.
773 1650 863 1705 14.
891 1648 956 1704 Et
986 1650 1120 1716 veni,
1146 1659 1200 1703 tu
1234 1649 1473 1703 columna
1499 1665 1636 1713 nica,
1660 1650 1716 1703 in
1750 1649 1889 1702 rela-

317 1751 490 1794 mento
520 1748 701 1808 parte.

1921 470 1970 527 Α
2066 458 2189 517 ΝΘ.
2218 464 2289 516 Αἱ
2309 462 2563 529 ἄμπελοι
2582 458 2751 532 ἡμῶν
2780 458 2857 531 (2)
2882 457 3273 529 κυπρίζουσιν
3296 455 3395 529 (‘5),
3421 458 3559 513 ἔδω-

1992 568 2108 607 καν
2140 552 2358 622 ὀσμήν.

2084 644 2414 707 Ἀκολούθως
2444 639 2539 696 οὖν
2589 639 2772 695 λοιπὸν
2823 640 3086 712 ἀμπέλοις
3133 640 3233 706 τὰς
3273 639 3562 711 ἐκκλησίας

1993 736 2300 800 ἀπεικάζει,
2338 735 2438 798 τὰς
2465 733 2551 787 διὰ
2578 735 2674 802 τῆς
2701 732 3045 796 διδασκαλίας
3081 731 3178 803 τὴν
3204 732 3301 802 τῆς
3332 732 3561 795 πίστεως

1993 826 2434 899 προϐαλλομένας
2465 825 2710 879 εὐωδίαν.
2752 823 3064 895 Κυπρισμῷ
3108 823 3165 876 δὲ
3200 823 3300 894 τῆς
3332 822 3564 885 πίστεως

1992 919 2167 989 ὀσμήν
2198 919 2299 990 (ιι).

2060 1012 2134 1064 Ξ’.
2173 1009 2451 1072 Ἀνάστα,
2479 1006 2638 1069 Alae,
2667 1022 2705 1073 η
2730 1021 2998 1073 πλησίον
3015 1024 3154 1076 μου.

2063 1101 2296 1172 Πλησίον
2322 1099 2473 1168 αύτῷ
2504 1097 2580 1165 (5)
2609 1095 2705 1168 τὴν
2729 1096 2945 1168 νύμφην
2983 1098 3155 1155 καλεῖ.
3185 1096 3272 1150 διὰ
3303 1095 3363 1149 τὸ
3389 1094 3563 1148 ἀὐτὸν

1988 1191 2409 1261 κατεληλυθέναι
2453 1191 2518 1242 ἐκ
2556 1189 2663 1243 τῶν
2704 1189 2968 1261 οὐρανῶν,
3010 1191 3102 1243 καὶ
3145 1188 3562 1260 πεπληρωκέναι

1987 1285 2157 1354 αὐτὴν
2188 1286 2251 1354 τῇ
2277 1286 2373 1353 τῆς
2398 1282 2632 1345 πίστεως
2658 1281 2942 1352 συναφείᾳ.

2057 1376 2177 1430 ΞΔν.
2212 1373 2384 1439 Καλή
2406 1392 2541 1442 μου,
2566 1372 2885 1440 περιστερὰ
2902 1390 3043 1441 μου.
3578 1439 3583 1445 ⁴

2059 1467 2215 1537 Καλὴ
2240 1467 2329 1520 διὰ
2366 1468 2463 1538 τὴν
2507 1466 2816 1537 μετάνοιαν,
2865 1462 3161 1537 περιστερὰ
3204 1462 3291 1517 διὰ
3311 1461 3413 1535 τὴν
3441 1461 3565 1516 ἀκε-

1991 1559 2275 1631 ραιὸτητα.

2055 1649 2172 1704 EB’.
2206 1650 2296 1702 Στ.
2327 1646 2407 1702 ιδ’.
2434 1647 2541 1703 Καὶ
2573 1647 2734 1711 ἐλθὲ,
2767 1646 2850 1703 σὺ
2877 1645 3194 1716 περιστερά
3216 1663 3355 1716 μου,
3392 1644 3467 1699 δι’
3488 1638 3562 1700 οὗ

1982 1740 2057 1795 ἐν
2077 1740 2152 1810 (6)
2178 1739 2377 1808 σκέπῃ
2408 1739 2518 1808 τῆς
2538 1742 2774 1807 πέτρας.

386 1828 504 1899 Ipse
539 1844 771 1899 Sponsus
797 1839 882 1885 est
920 1828 1041 1898 ejus
1069 1830 1311 1884 velamen
1352 1838 1409 1882 et
1436 1840 1605 1896 petra.
1636 1831 1703 1883 Et
1737 1840 1883 1899 petra

2057 1830 2241 1901 Σκέπη
2279 1830 2335 1883 δὲ
2364 1831 2458 1884 καὶ
2488 1831 2662 1901 πέτρα
2683 1826 2836 1894 οὗτος
2865 1830 3035 1900 αὐτῆς
3063 1831 3091 1882 ὁ
3110 1828 3360 1899 νυμφίος·
3393 1827 3567 1899 πέτρα

315 1922 534 1992 quidem
557 1960 575 1987 ,
605 1923 733 1990 quia
785 1936 947 1991 super
975 1936 1036 1976 se
1075 1922 1248 1990 ipsum
1298 1922 1489 1975 statuit
1518 1922 1639 1974 fidei
1687 1919 1883 1975 funda-

316 2024 552 2070 mentum
584 2037 597 2071 ;
629 2016 873 2070 velamen
909 2030 1036 2070 vero
1058 2055 1074 2081 ,
1106 2024 1389 2083 propterea
1422 2013 1567 2084 quod
1611 2029 1732 2069 eam
1760 2030 1885 2085 pro-

316 2116 501 2177 tegens
534 2106 603 2163 ab
648 2106 795 2161 omni
827 2106 1022 2161 liberat
1078 2108 1397 2162 tentatione.

380 2193 564 2250 LXIII.
602 2195 771 2251 Juxta
801 2195 1124 2262 promurale.

382 2287 695 2344 Promurale
741 2287 910 2360 legem
946 2297 1122 2342 vocat.
1164 2285 1302 2344 Muri
1351 2288 1499 2344 enim
1542 2297 1669 2344 sunt
1705 2287 1885 2343 Evan-

314 2376 449 2445 gelia
477 2376 630 2448 juxta
679 2378 835 2433 Isaiae
876 2377 1117 2431 dictum:
1148 2395 1167 2429 ι
1205 2377 1378 2432 Ponet
1424 2394 1636 2434 murum
1672 2387 1730 2433 et
1765 2380 1886 2433 cir-

315 2468 649 2522 cummurale
668 2468 711 2522 ".
748 2486 767 2520 ι
802 2467 989 2523 Murus
1008 2483 1139 2522 vero
1163 2478 1217 2522 et
1243 2467 1655 2522 circummurale
1682 2468 1887 2538 signifi-

314 2568 406 2613 cat
432 2558 696 2628 duplicem
726 2558 835 2611 vim
867 2556 1186 2612 defendendi
1206 2567 1423 2612 sanctos
1444 2572 1539 2625 per
1568 2556 1747 2611 divina
1777 2556 1888 2612 elo-

314 2648 463 2717 quia,
491 2662 562 2703 ne
608 2663 639 2702 a
664 2646 804 2701 mala
849 2647 1017 2702 bestia
1049 2655 1306 2716 petantur
1346 2647 1576 2700 insidiis.
1609 2646 1699 2699 Ait
1726 2646 1887 2713 igitur

315 2741 460 2795 illam
493 2753 615 2795 esse
630 2739 788 2807 juxta
817 2740 1151 2809 promurale,
1189 2738 1395 2793 scilicet
1419 2737 1718 2807 disciplinae
1755 2736 1888 2804 legis

314 2845 433 2898 qua:
457 2830 613 2899 jubet
644 2849 658 2885 :
694 2846 714 2882 ι
740 2830 855 2886 Non
887 2829 1303 2896 moechaheris",
1327 2848 1346 2883 ι
1368 2838 1422 2885 et
1446 2839 1663 2885 caetera.
1684 2828 1888 2884 Deinde

314 2920 425 2991 ipsa
456 2921 767 2991 respondet,
792 2930 850 2976 et
878 2921 955 2975 ait
980 2939 995 2975 :

388 3097 572 3153 LXIV.
607 3098 832 3155 Ostende
864 3101 991 3154 mihi
1027 3101 1218 3170 faciem
1248 3112 1392 3156 luam
1422 3111 1471 3155 et
1497 3102 1733 3156 auditam
1757 3100 1887 3155 mihi

313 3190 401 3261 [ac
440 3206 614 3244 vocem
655 3203 820 3244 tuam.

386 3280 440 3334 Id
475 3290 558 3335 est
591 3295 696 3334 non
735 3281 908 3334 solum
939 3296 1034 3348 per
1061 3280 1232 3350 legem
1267 3290 1321 3335 et
1348 3282 1637 3351 prophetas
1666 3282 1886 3351 loquere

314 3371 472 3435 mihi,
510 3373 605 3427 sed
639 3380 806 3427 totum
856 3374 988 3427 mihi
1035 3384 1086 3428 te
1119 3376 1377 3441 ostende;
1429 3376 1879 3444 quemadmodum

314 3459 527 3532 Moyses
581 3461 845 3533 ejusmodi
887 3472 1079 3533 captus
1129 3464 1415 3529 desiderio,
1441 3466 1605 3520 libere
1633 3481 1753 3521 cum
1782 3467 1886 3520 Do-

314 3554 462 3607 mino
492 3553 809 3623 loquebatur
851 3556 1041 3609 dicens
1069 3574 1084 3610 :
1122 3575 1141 3606 ι
1181 3556 1416 3611 Ostende
1444 3558 1572 3610 mihi
1602 3566 1651 3609 te
1676 3558 1886 3624 ipsum,

314 3653 375 3697 ttt
402 3646 685 3699 manifeste
710 3654 763 3699 te
793 3647 1002 3700 videam
1033 3647 1075 3700 ’.
1106 3665 1125 3697 ι
1151 3647 1347 3701 Verum
1377 3658 1505 3701 tunc
1522 3649 1656 3701 dixit
1678 3648 1847 3719 Moysi
1870 3663 1881 3695 :

322 3753 344 3788 ι
369 3733 576 3811 _Nullus
600 3738 690 3806 qui
732 3737 925 3792 faciem
974 3754 1146 3811 meam
1188 3739 1586 3801 viderit,vivet
1611 3739 1678 3794 ¹⁶.
1722 3758 1743 3791 ι
1781 3739 1887 3794 Sed

313 3809 435 3883 cum
462 3842 671 3898 sponsa;
697 3844 807 3883 suae
854 3809 1015 3884 vellet
1044 3845 1103 3884 se
1139 3830 1491 3899 couspicumn
1522 3831 1652 3886 dare
1676 3870 1691 3896 ,
1719 3830 1887 3885 veluti

314 3918 509 3975 nubem
543 3919 717 3987 induit
750 3935 969 3991 corpus,
1013 3929 1067 3977 et
1098 3922 1281 3976 subeo
1312 3936 1371 3975 se
1397 3922 1709 3987 abscondit,
1740 3931 1799 3975 ut
1830 3936 1891 3976 se

315 4010 430 4080 ipse
470 4025 581 4065 sua:
619 4026 832 4081 sponsa:
871 4013 1267 4068 demonstraret
1316 4028 1412 4083 per
1443 4025 1598 4068 actus
1637 4014 1887 4078 virtutis,

315 4116 413 4170 per
440 4102 751 4171 patientiam
794 4114 850 4158 et
874 4104 1262 4170 innocentiam,
1293 4105 1528 4159 formam
1557 4106 1630 4160 illi
1672 4109 1890 4161 tradens

315 4193 403 4261 pie
438 4193 671 4249 vivendi.
716 4194 1009 4266 Propterea
1054 4197 1141 4251 illa
1167 4199 1435 4252 auscultat
1466 4198 1696 4254 dicens:
1737 4216 1757 4249 ι
1789 4198 1889 4253 0s-

319 4283 477 4338 tende
499 4285 631 4339 mihi
661 4285 855 4341 faciem
880 4295 1049 4353 tuam,
1082 4299 1138 4343 et
1171 4289 1407 4343 auditam
1432 4290 1563 4343 mihi
1595 4289 1679 4344 fac
1699 4304 1885 4344 vocem

318 4386 487 4430 tuam.
546 4393 566 4428 ι
601 4377 847 4432 Ostendit
890 4378 1052 4447 igitur
1086 4379 1161 4433 illi
1222 4380 1414 4434 faciem
1449 4395 1601 4433 suam
1630 4420 1646 4444 ,
1682 4395 1803 4435 cum
1832 4381 1883 4433 in

315 4475 475 4521 utero
496 4465 729 4535 deipara:
769 4468 1002 4540 Virginis
1036 4480 1277 4540 gestatus
1317 4482 1435 4537 est;
1472 4481 1526 4526 et
1550 4472 1786 4526 auditam
1813 4472 1884 4526 illi

1990 1922 2112 1992 μὲν,
2145 1920 2331 1991 ἐπειδὴ
2359 1920 2445 1973 ἐπ’
2487 1922 2616 1975 αὐτὸ
2657 1922 2874 1992 ἤρεισεν
2911 1922 3012 1992 τῆς
3050 1921 3282 1983 πίστεως
3316 1919 3376 1974 τὸ
3406 1918 3566 1991 θεμέ-

1986 2012 2130 2065 λιον·
2168 2011 2345 2082 σκέπη
2397 2012 2485 2076 δὲ,
2522 2013 2707 2084 ἐπειδὴ
2764 2012 2934 2084 αὐτὴν
2973 2012 3083 2066 ἀπὸ
3131 2011 3331 2076 παντὸς
3378 2009 3566 2083 ῥύεται

1986 2103 2318 2174 πειρασμοῦ.
2610 2162 2625 2176 ο

2057 2192 2174 2247 El".
2209 2193 2491 2262 Ἐχόμενα
2518 2189 2623 2244 τοῦ
2656 2190 3173 2260 προτειχίσματος

2056 2283 2425 2356 Προτείχισμα
2461 2283 2552 2335 τὸν
2588 2281 2750 2351 νόμον
2789 2281 2959 2350 λέγει.
3010 2283 3175 2355 Τείχη
3212 2283 3319 2356 γάρ
3348 2284 3463 2337 ἐστι
3496 2282 3566 2337 τὰ

1986 2373 2313 2442 Εύαγγέλια,
2344 2372 2483 2426 κατὰ
2508 2372 2604 2442 τὴν
2650 2371 2872 2425 Ἡσαΐου
2907 2374 3110 2445 φωνήνο
3143 2393 3161 2425 ι
3199 2373 3364 2444 eam
3387 2376 3562 2444 τεῖχος

1987 2466 2082 2519 καὶ
2115 2466 2443 2535 περίτειχος.
2486 2483 2504 2515 ι
2545 2462 2731 2533 Τεῖχος
2761 2464 2818 2516 δὲ
2850 2466 2944 2518 καὶ
2977 2464 3283 2537 περίτειχος
3320 2464 3419 2537 (7),
3450 2465 3563 2517 διτ-

1987 2558 2054 2629 τὴ
2083 2556 2309 2626 δύναμις
2342 2555 2680 2626 φυλάττουσα
2706 2558 2831 2619 τοὺς
2852 2558 3030 2620 ὁσίους
3054 2556 3144 2610 διὰ
3159 2558 3267 2610 τῶν
3297 2557 3454 2611 θείων
3477 2557 3565 2611 λο⁸

1986 2647 2120 2715 γίων
2146 2665 2158 2679 ο
2195 2649 2280 2700 ἵνα
2322 2648 2396 2718 μὴ
2439 2649 2503 2700 ἐκ
2548 2648 2641 2700 τοῦ
2686 2648 2922 2718 πονηροῦ
2971 2647 3137 2719 Θηρὸς
3177 2648 3566 2703 ἐπιϐουλεύων-

1987 2753 2097 2791 ται.
2144 2738 2407 2808 Ἐχὸμενα
2434 2736 2563 2806 γοῦν
2593 2739 2749 2792 καλεῖ
2778 2740 2949 2810 αὐτὴν
2972 2739 3064 2792 τοῦ
3091 2740 3563 2812 προτειχίσματος,

1985 2829 2228 2883 τουτέστι
2268 2829 2343 2898 (8)
2391 2830 2488 2901 τῆς
2530 2830 2625 2884 τοῦ
2659 2832 2820 2902 νόμου
2858 2833 3230 2903 κατηχήσεως,
3265 2830 3561 2901 λεγούσης’

1993 2937 2012 2969 ι
2059 2918 2130 2972 Ού
2174 2917 2499 2989 μοιχεύσεις.
2545 2941 2565 2974 ›
2605 2921 2701 2974 καὶ
2747 2922 2816 2975 τὰ
2853 2922 2999 2994 ἑξῆς
3047 2919 3168 2977 εἶτα
3211 2921 3566 2993 ἀποκρίνεται

1989 3009 2147 3080 αὐτὴ,
2184 3010 2279 3063 καὶ
2312 3009 2481 3078 λέγει’

2058 3096 2171 3151 ΞΔ’.
2205 3098 2412 3163 Aet"de
2451 3116 2555 3169 μοι
2602 3098 2718 3169 τὴν
2753 3099 2900 3170 ὄψιν
2938 3116 3077 3166 σου,
3107 3101 3204 3157 καὶ
3236 3101 3567 3159 ἀκούτισόν

1980 3207 2080 3260 μοι
2104 3188 2219 3257 τὴν
2242 3188 2452 3259 φωνήν
2477 3207 2612 3244 σου.

2058 3283 2238 3353 Ὅπερ
2269 3282 2407 3342 ἐστὶ,
2441 3281 2515 3353 μὴ
2546 3282 2703 3352 μόνον
2735 3280 2811 3351 (9)
2838 3279 2926 3335 διὰ
2961 3281 3125 3353 νόμου
3155 3282 3248 3336 καὶ
3271 3283 3568 3354 προφητῶν

1991 3392 2081 3444 μοι
2137 3374 2307 3436 λάλει,
2351 3374 2464 3427 ἀλλ’
2504 3373 2623 3427 ὅλον
2664 3373 2859 3427 σαυτὸν
2899 3373 3162 3440 ἐπίδειξὸν
3206 3392 3317 3444 μοι’
3366 3376 3441 3440 ὼς
3472 3377 3569 3429 καὶ

1986 3467 2226 3536 Μωῦσῆς
2244 3465 2465 3535 τοιούτῳ
2496 3464 2645 3535 πόθῳ
2677 3463 2922 3533 ληφθεὶς,
2946 3464 3023 3534 τῷ
3048 3465 3232 3537 Κυρίῳ
3262 3466 3570 3539 παρῤησιά·

1988 3556 2138 3621 ζεται
2170 3555 2359 3623 λέγων·
2396 3573 2413 3605 ι
2452 3554 2631 3620 Δεῖξον
2668 3570 2758 3623 μοι
2818 3553 3008 3607 σαυτὸν
3048 3554 3325 3624 ἐμφανῶς,
3366 3558 3452 3610 ἵνα
3505 3574 3568 3611 σε

1989 3647 2249 3716 ἵδω(1())ο
2294 3665 2310 3697 ι
2371 3645 2507 3698 ἀλλὰ
2557 3646 2677 3697 τότε
2714 3646 2860 3713 λέγει
2908 3647 2985 3717 τῷ
3025 3649 3267 3701 Μωῦσεῖ·
3311 3668 3329 3700 ‹
3378 3650 3570 3714 Οὐδεὶς

1992 3734 2113 3788 ἰδών
2133 3751 2233 3805 μου
2254 3734 2313 3787 τὸ
2329 3734 2618 3805 πρόσωπον
2643 3734 2862 3803 ζήσεται
2888 3736 2933 3795 (1
2952 3736 3019 3804 l).
3050 3756 3067 3786 ι
3089 3736 3273 3808 Ταύτῃ
3300 3737 3358 3790 δὲ
3391 3738 3570 3809 βουλό-

1993 3844 2150 3898 μενος
2177 3820 2437 3890 ἐπιδεῖξαι
2469 3827 2681 3887 ἑαυτὸν,
2711 3826 2939 3897 νεφέλης
2970 3826 3125 3899 δίκην
3156 3829 3470 3899 ὴμφιάσατο
3506 3831 3570 3884 τὸ

1991 3920 2169 3990 σῶμα,
2210 3920 2304 3973 καὶ
2330 3919 2519 3972 ἑαυτὸν
2543 3918 2778 3990 ἔκρυψεν
2815 3918 2982 3989 αύτῷ,
3024 3920 3109 3974 ἵνα
3138 3923 3203 3992 τῇ
3239 3921 3343 3993 ἰδίᾳ
3377 3920 3568 3996 νύμςρῃ

1987 4014 2136 4085 δείξῃ
2164 4013 2350 4067 ἑαυτὸν
2376 4014 2463 4068 διὰ
2492 4013 2581 4066 τὸν
2608 4015 2805 4085 τρόπον
2835 4014 2934 4083 τῆς
2962 4014 3178 4086 ἀρετῆς,
3205 4015 3291 4068 διὰ
3318 4019 3417 4087 τῆς
3441 4017 3570 4071 ὐπο-

1993 4110 2158 4177 μονῆς
2190 4106 2284 4159 καὶ
2310 4106 2410 4175 τῆς
2438 4104 2691 4167 ἁκακίας,
2733 4104 2821 4157 τὸν
2859 4103 3026 4157 τύπον
3066 4105 3202 4177 αὐτῇ
3241 4106 3570 4177 παραδιδοὺς

1987 4196 2082 4249 τοῦ
2110 4198 2209 4268 τῆς
2247 4197 2529 4260 εὐσεϐείας
2569 4196 2979 4266 πολιτεύματος.
3033 4195 3124 4250 Διὸ
3162 4198 3420 4251 ἐπακούει
3452 4199 3569 4269 (12)

1989 4289 2126 4360 αὐτὴ
2159 4289 2389 4358 λέγουσα
2408 4304 2421 4318 '
2447 4310 2464 4339 ι
2489 4288 2668 4352 Δείξόν
2696 4305 2785 4356 μοι
2813 4287 2910 4356 τὴν
2938 4288 3056 4356 ὄψιν
3089 4304 3202 4354 σου,
3230 4290 3324 4341 καὶ
3348 4290 3569 4343 ἁκούτι-

1992 4380 2081 4432 σόν
2105 4398 2193 4450 μοι
2222 4381 2321 4451 τὴν
2349 4381 2533 4449 φωνήν
2565 4395 2681 4431 σου.
2727 4398 2745 4429 ι
2795 4376 3031 4441 ’Ἐδειξεν
3054 4372 3147 4430 οὖν
3169 4379 3303 4450 αὐτῇ
3329 4378 3425 4450 τὴν
3445 4380 3568 4449 ὄψιν

1991 4471 2175 4531 αὑτοῦ,
2199 4471 2418 4541 κυηθεὶς
2440 4470 2525 4523 διὰ
2548 4470 2648 4539 τῆς
2667 4469 2929 4522 Θεοτόκου
2958 4469 3067 4539 (15)
3093 4470 3306 4540 Μαρίας
3322 4486 3334 4498 '
3361 4472 3569 4543 καὶτῆς

314 4558 445 4614 fecit
472 4574 655 4615 vocem
690 4576 864 4628 suam,
892 4578 1017 4617 cum
1040 4564 1271 4619 docebat
1305 4565 1358 4619 in
1384 4573 1568 4620 monte
1594 4562 1810 4630 Oliveti,
1834 4577 1886 4619 et

2012 4562 2177 4631 μονῆς
2194 4561 2357 4615 αὑτοῦ
2374 4560 2658 4631 ἡκούτισεν
2678 4560 2869 4630 αὐτὴν,
2882 4558 3143 4614 διδάσκων
3160 4561 3217 4613 ὲν
3242 4560 3319 4631 τῷ
3335 4560 3448 4632 ὄρει
3465 4560 3563 4614 τοῦ

387 4720 407 4751 ⁷
437 4718 541 4773 lsa.
574 4734 722 4783 xxvt,
751 4720 801 4773 I.
884 4720 906 4751 ⁸
940 4721 1113 4779 Exod.
1147 4740 1251 4792 χχ,
1295 4727 1386 4781 14.
1461 4727 1483 4759 ⁹
1510 4726 1681 4782 Exod.
1722 4739 1932 4787 χχχιιι,
1971 4725 2054 4778 t3.

393 4868 469 4950 (2)
514 4876 624 4962 Vox
664 4880 925 4962 fhpt‘uvin
975 4883 1117 4939 nulla
1162 4885 1294 4941 edit.
1354 4891 1597 4955 apparet,
1640 4896 1741 4938 nec
1769 4895 1888 4935 eam

319 4954 563 5021 agt_t_osc_i_t
590 4961 744 5007 vetus
782 4954 1066 5021 interpres.

391 5018 469 5100 (3)
515 5016 632 5100 Vel.
666 5022 889 5100 interpr.
917 5016 1107 5100 legisse
1131 5025 1340 5079 videtur
1355 5022 1745 5097 κυπρίζουσαι,
1772 5032 1892 5087 qua;

318 5099 402 5143 est
441 5090 601 5159 lectio
625 5093 756 5145 edit.
791 5095 1065 5159 Comptut.

318 5157 628 5283 cr(4()03’:t.
663 5163 885 5230 interpr.
926 5157 1172 5231 quaedam
1203 5161 1373 5227 addit,
1410 5175 1531 5230 qua:
1558 5174 1661 5213 non
1688 5157 1893 5213 habent

370 5244 411 5280 Γ.
441 5242 596 5281 θοιιιι.

391 5296 467 5371 (ἒξ)
509 5298 703 5371 mutavi
736 5301 905 5371 αὑτήν
938 5302 989 5355 in
1018 5300 1186 5370 αὐτῷ.

393 5365 468 5437 (6)
507 5369 588 5421 At‘
614 5366 707 5425 οὗ.
741 5373 822 5424 Ab
858 5365 1149 5438 impressis
1168 5370 1418 5423 omnibus
1449 5365 1725 5422 codicibus
1753 5366 1892 5420 bene

324 5438 405 5491 lue
461 5440 578 5492 duae
629 5448 829 5493 voculae
872 5442 1087 5493 absunt.
1143 5441 1247 5493 Eas
1297 5454 1401 5493 non
1452 5438 1696 5506 agnoscit
1740 5446 1893 5491 vetus

323 5509 542 5573 interpr.
585 5519 640 5560 et
671 5510 922 5562 delendas
947 5511 1219 5563 existimo.

394 5576 466 5641 (7)
522 5575 717 5644 Τεῖχος
748 5577 816 5631 δὲ
853 5578 950 5631 καὶ
988 5580 1318 5648 περίτειχος
1349 5577 1591 5633 revocavi
1646 5590 1678 5631 e
1726 5573 1883 5631 codd.

324 5641 481 5697 Bari).
517 5656 571 5698 et
614 5647 796 5698 Vatlic.

367 5651 481 5697 arb.
517 5656 571 5698 (ιι
615 5651 796 5704 Vatlic.

395 5716 469 5783 (8)
512 5718 788 5783 Τουτέστι
813 5719 1020 5773 restitui
1048 5734 1111 5772 ex
1140 5719 1300 5772 Barb.
1332 5728 1386 5773 et
1408 5717 1664 5774 Vallicell.

394 5782 471 5852 (9)
511 5782 679 5841 Vetus
703 5787 923 5856 interpr.
960 5804 1063 5843 non
1099 5791 1285 5844 habuit
1318 5791 1373 5845 in
1413 5805 1511 5843 suo
1538 5791 1660 5843 cod.
1689 5803 1876 5845 vocem

2134 4724 2177 4754 ιο
2204 4723 2331 4780 iliid.
2364 4722 2454 4777 eo.
3122 4708 3152 4739 ⁸

1998 4881 2178 4950 μόνον.
2221 4878 2394 4932 Vertit
2423 4880 2567 4932 enim
2601 4896 2616 4934 :
2651 4898 2670 4931 ι
2696 4879 2807 4934 Iloc
2848 4886 2951 4940 est,
2999 4894 3096 4948 per
3131 4878 3301 4948 legem
3344 4887 3399 4933 et
3430 4894 3560 4949 pro-

1998 4953 2187 5017 plietns
2250 4966 2355 5003 non
2415 4950 2544 5003 mihi
2605 4951 2901 5021 loquaris.)
2937 4950 3099 5018 Atqui
3156 4966 3263 5003 nun
3313 4952 3566 5017 repudiat

1996 5034 2214 5085 sponsa,
2248 5030 2305 5071 ut
2333 5034 2516 5074 secum
2547 5036 2773 5087 sponsus
2798 5022 3048 5087 loquatur
3078 5032 3170 5088 per
3200 5033 3294 5074 ora
3328 5022 3561 5087 prophe-

2000 5100 2196 5149 tarum,
2224 5090 2316 5141 sed
2342 5091 2414 5142 ait
2446 5108 2460 5143 :
2493 5108 2511 5142 ι
2539 5089 2655 5145 Non
2685 5091 2857 5145 solum
2892 5104 2990 5159 per
3030 5088 3226 5158 legem,
3257 5091 3353 5143 sed
3386 5099 3561 5143 totum

2001 5168 2052 5213 te
2085 5160 2211 5212 mihi
2239 5161 2482 5213 ostende.
2513 5179 2534 5212 ι

2073 5229 2212 5300 (lO)_
2246 5230 2384 5300 Edit.
2417 5227 2562 5300 Vat.
2623 5228 2787 5285 habet
2834 5227 3137 5300 ἐμφάνισον
3187 5245 3278 5299 μοι
3334 5225 3560 5281 σεαυτὸν

1998 5298 2273 5365 τνωστῶς.
2306 5298 2389 5352 ἵνα
2414 5298 2506 5352 ἴδω
2532 5316 2613 5354 σε.

2070 5368 2179 5442 (Η)
2241 5367 2375 5442 Edit.
2433 5370 2557 5442 Vat.
2590 5369 2716 5442 :_Ot’)
2755 5368 2865 5441 γὰρ
2914 5368 2990 5441 μὴ
3041 5368 3128 5442 ἴδῃ
3175 5366 3460 5439 ἄνθρωπος
3499 5365 3565 5419 τὸ

1998 5439 2286 5509 πρόσωπρν
2316 5455 2442 5509 μου.
2481 5441 2574 5492 καὶ
2604 5438 2851 5509 ζήσεταιζ

2035 5508 2176 5591 λβ)
2216 5508 2770 5564 εἰουιιιθηιιειηυιηιι.
2829 5509 2981 5566 Meus
3029 5517 3084 5565 et
3137 5508 3294 5564 Barb.
3359 5508 3564 5563 habent

1989 5594 2124 5631 αυτη
2133 5616 2149 5630 ο

2214 5648 2287 5701 De
2311 5648 2400 5701 B.~
2430 5647 2646 5715 Virgine
2691 5650 2921 5704 notanda
2968 5651 3081 5706 haec
3123 5665 3223 5703 vox
3258 5668 3271 5704 :
3302 5657 3357 5705 et
3395 5648 3558 5714 digna

1987 5731 2108 5787 (pne
2152 5720 2396 5787 legantur
2434 5733 2509 5787 ea
2556 5733 2676 5787 quae
2725 5722 2791 5773 ad
2843 5722 2897 5775 Il.
2949 5720 2986 5775 I.
3038 5722 3318 5776 adnotavit
3365 5719 3565 5777 doctus

1985 5786 2164 5843 editor
2202 5788 2395 5842 veteris
2429 5786 2890 5858 interpretationis
