3810 6348
428 348 493 406 τε
1548 293 1872 398 PHILOle
1909 339 2217 399 EPISCOPI
2257 339 2578 399 CARPASII
3609 351 3681 402 τις

500 462 686 520 LXIX.
724 460 827 529 Qui
868 459 1034 531 pascit
1063 458 1198 514 inter
1226 456 1362 513 lilia.

491 556 548 610 Id
585 562 689 622 est,
721 552 774 608 in
814 551 918 623 piis
940 550 1167 621 iustitia:
1207 546 1568 605 sermonibus.

492 734 652 789 LXX.
702 733 860 789 Vsus.
903 732 992 785 ΓΙ.
1036 729 1211 785 Donec
1259 729 1453 798 aspiret
1482 741 1613 792 am,
1653 734 1700 781 et
1751 742 1996 780 ntovean-

419 845 504 886 tur
533 832 749 886 nmbrm.

428 946 439 958 κ
492 922 605 977 lIoc
626 931 727 987 est,
765 921 880 974 dies
922 918 1134 988 judicii,
1182 932 1303 972 cum
1363 915 1557 971 Pastor
1585 916 1761 969 bonus
1798 916 1939 970 dicet
1975 934 1988 970 :

426 1032 444 1065 ι
488 1013 699 1078 Venite,
746 1012 1012 1067 benedicti
1050 1009 1227 1064 Patris
1276 1008 1402 1071 mei,
1448 1008 1707 1078 percipite
1745 1018 1991 1077 paratum

418 1107 571 1162 vobis
607 1119 827 1176 regnum
857 1120 886 1158 a
915 1104 1299 1158 constitutione
1330 1100 1510 1155 mundi
1532 1101 1599 1166 la;
1643 1123 1661 1153 ι
1692 1109 1747 1153 et
1778 1116 1792 1153 :
1824 1117 1845 1151 ι
1887 1100 1992 1153 Do-

417 1214 516 1254 nec
542 1198 742 1268 aSpiret
768 1198 899 1262 dies,
932 1205 984 1251 ct
1010 1205 1328 1249 moveantur
1352 1193 1575 1247 umbrae.
1615 1212 1634 1244 ι
1674 1195 1811 1247 Cum
1844 1192 1987 1247 enim

420 1290 737 1361 aspiraverit
782 1290 868 1343 illa
913 1289 1028 1343 dies
1059 1286 1267 1356 judicii,
1317 1296 1428 1339 tum
1476 1282 1834 1339 movebuntur
1869 1298 1988 1337 um-

415 1382 546 1446 brae,
576 1380 677 1436 hoc
700 1390 781 1435 est
811 1378 990 1433 saeculi
1034 1363 1193 1446 huius
1223 1375 1608 1445 occupationes
1630 1382 1687 1429 et
1725 1373 1987 1430 sollicitu-

417 1472 594 1538 dines,
624 1485 744 1541 quae
776 1469 1005 1537 injustas
1041 1469 1281 1523 actiones
1324 1467 1597 1535 ingerunt.
1924 1486 1927 1489 ·

485 1742 667 1797 LXXI.
716 1741 1004 1803 Revertere,
1043 1738 1230 1793 similis
1260 1747 1368 1791 esto
1414 1748 1490 1800 tu,
1524 1734 1792 1805 fratruelis
1818 1748 1981 1797 meus,

2027 462 2075 518 Α
2172 453 2290 509 ΞΘ.
2337 455 2400 509 '0
2430 458 2761 527 ποιμαίνων
2790 458 2860 511 ἐν
2891 458 3015 526 τοῖς
3043 459 3286 529 κρίνοις.

2176 546 2353 617 Ὅπερ
2402 548 2577 611 ἐστὶν,
2631 550 2744 612 τοῖς
2786 548 3033 603 εύσεὸἐσι
3066 552 3165 622 τῆς
3205 551 3549 625 δικαιοσύνης
3585 554 3681 610 λό-

2101 654 2239 705 γοις.

2169 730 2243 782 0'.
2282 728 2373 783 Στ.
2425 728 2511 793 ιζ’.
2548 729 2700 797 Ἕως
2737 726 2810 786 οὗ
2848 746 3182 803 eram-evan
3228 735 3267 804 ή
3309 735 3535 805 ἡμέρα,
3576 737 3682 793 καὶ

2099 821 2425 890 κινηθῶσιν
2453 825 2514 876 al
2542 825 2730 876 σκιαί.

2166 916 2453 970 Τουτὲστιν
2487 918 2520 987 ή
2549 918 2648 987 τῆς
2675 917 2928 988 κρίσεως,
2955 918 3011 970 ἐν
3104 920 3131 971 ό
3164 918 3326 981 καλός
3352 919 3563 990 Ποιμὴν
3592 921 3685 976 λέ-

2095 1026 2179 1076 γει
2204 1025 2217 1039 ⁸
2250 1028 2267 1059 ι
2307 1007 2492 1071 Δεῦτε,
2515 1010 2564 1061 οἱ
2595 1009 2946 1080 εὐλογημένοι
2968 1010 3061 1063 τοῦ
3089 1012 3299 1082 Πατρός
3333 1029 3456 1083 μου,
3483 1013 3687 1087 κληρο-

2093 1101 2364 1172 νομήσατε
2393 1101 2492 1170 τὴν
2521 1102 2928 1172 ἡτοιμασμένην
2962 1103 3089 1173 ὑμῖν
3121 1102 3402 1173 βασιλείαν
3432 1105 3539 1159 ἀπὸ
3574 1123 3680 1160 κα-

2082 1191 2325 1271 ταϐολῆς
2354 1191 2564 1262 κόσμον
2587 1232 2600 1255 ,
2640 1212 2657 1243 ι
2699 1194 2792 1246 καὶ
2824 1193 2891 1247 τὰ
2919 1192 3063 1265 ἑξῆς.
3103 1214 3121 1245 ι
3167 1195 3311 1259 Ἕως
3339 1190 3398 1250 οὗ
3430 1198 3461 1267 ἡ
3493 1197 3682 1269 ἡμέρα

2090 1283 2421 1355 διαπνεύσῃ,
2475 1285 2569 1337 καὶ
2623 1285 2918 1356 κινηθῶσιν
2961 1288 3016 1339 αί
3067 1287 3234 1340 σκιαί.
3285 1306 3304 1337 ι
3345 1289 3514 1342 Ὅταν
3567 1290 3683 1362 γὰρ

2090 1376 2269 1440 ἐκείνη
2302 1378 2332 1446 ἡ
2371 1376 2555 1448 ἡμέρα
2587 1376 2902 1430 διαπνεύσει
2933 1377 3035 1449 τῆς
3059 1378 3323 1445 κρίσεως,
3360 1379 3479 1432 τότε
3517 1398 3683 1453 κινη·

2090 1467 2345 1539 θήσονται
2379 1470 2434 1521 αἱ
2471 1469 2641 1532 σκιαὶ,
2674 1470 2973 1535 τουτέστιν,
3020 1472 3074 1523 αἱ
3116 1469 3209 1522 τοῦ
3244 1470 3437 1535 αἰῶνος
3481 1472 3679 1526 τούτου

2090 1562 2462 1630 πραγματεῖαι
2515 1559 2609 1613 καὶ
2662 1560 2978 1632 φροντίδες,
3028 1559 3129 1623 τὰς
3177 1560 3394 1626 ἀδίκους
3434 1564 3680 1619 ἀποϐάλ-

2088 1650 2237 1704 λουσι
2271 1651 2381 1722 (‘25)
2414 1650 2663 1722 πράξεις.

2160 1744 2280 1798 OA'.
2323 1744 2727 1812 Ἀπόστρεψον
2759 1742 2893 1813 (94),
2922 1742 3231 1813 ὁμοιώοητι
3259 1745 3360 1810 σὺ,
3388 1745 3679 1817 ἀδελφιδέ

411 1836 639 1890 damula:
696 1831 1019 1888 Itimtuloaue
1078 1845 1347 1886 cervorum
1400 1829 1469 1882 ad
1525 1835 1723 1883 montes
1778 1823 1976 1879 conval-

2150 1820 2225 1900 ἦν,
2251 1834 2330 1899 τῷ
2344 1834 2599 1903 ,δόρκωνι
2621 1834 2659 1903 ἣ
2689 1833 2877 1902 νεϐρῷ
2903 1834 3146 1905 ἐλάφων
3171 1837 3269 1889 ἐπὶ
3309 1836 3379 1891 τὰ
3414 1837 3519 1906 ὅρη
3550 1856 3678 1892 κοι-

411 1930 560 1982 lium.
637 1972 641 1981 .

480 2024 771 2078 Revertere
818 2021 971 2086 mihi,
1023 2018 1119 2083 ait,
1154 2033 1185 2073 a
1232 2015 1540 2072 Iudaeorum
1585 2013 1867 2085 Synagoga
1915 2012 1983 2066 ad

409 2123 628 2185 gentes;
662 2113 736 2168 illi
764 2112 910 2168 enim
952 2111 1206 2166 salutaris
1236 2110 1498 2166 doctrinae
1540 2106 1976 2178 praedicationem

408 2220 516 2262 non
565 2203 883 2274 suscipiunt.
920 2203 1214 2257 Revertere
1240 2201 1306 2255 ad
1344 2209 1551 2271 gentes,
1587 2196 1780 2251 similis
1809 2194 1983 2250 factus

408 2311 616 2368 capreae
642 2296 727 2352 vel
760 2294 982 2351 hinnulo
1012 2308 1299 2349 cervorum
1335 2291 1495 2347 celeri
1544 2290 1663 2344 tidei
1692 2303 1877 2352 cursu,
1916 2287 1981 2339 ad

406 2404 598 2446 omnes
641 2388 776 2445 lines
818 2399 975 2444 terrae
1021 2401 1252 2443 currens
1290 2385 1548 2455 speciosis
1588 2383 1812 2453 pedibus
1849 2397 1978 2451 apo.

407 2482 690 2550 stolorum,
734 2482 799 2538 de
837 2481 1036 2551 quibus
1081 2478 1344 2533 Dominus
1381 2475 1516 2531 dixit
1557 2474 1609 2527 in
1651 2472 1929 2541 Scriptura
1964 2488 1977 2523 :

411 2593 431 2628 ι
461 2574 636 2643 Quam
660 2573 886 2644 speciosi
916 2572 1078 2643 pedes
1101 2567 1585 2638 evangelizantium
1610 2566 1748 2619 bona
1762 2563 1843 2616 ’δε
1870 2582 1888 2613 ι
1910 2592 1982 2602 -

409 2685 429 2719 ι
464 2666 547 2720 Ad
575 2673 786 2719 montes
820 2662 1171 2728 convallium,
1211 2680 1230 2713 ι
1263 2674 1384 2730 qua:
1413 2667 1540 2714 sunt
1566 2658 1834 2727 justorum
1873 2656 1981 2710 ani-

405 2772 506 2812 mae
532 2773 547 2811 :
587 2766 642 2813 et
676 2762 887 2810 montes
913 2753 1151 2824 quidem,
1182 2762 1467 2823 propterea
1495 2750 1636 2821 quod
1672 2748 1978 2819 superemi-

403 2856 536 2903 neut
570 2847 769 2903 virtute
808 2844 1065 2914 iustitiae;
1112 2862 1131 2894 ι
1170 2843 1443 2899 convalies
1484 2862 1502 2894 ι
1554 2856 1703 2908 vero,
1741 2840 1865 2909 quia
1899 2841 1981 2892 in~

402 2950 517 2994 star
570 2939 889 2996 convallium
935 2938 1375 3011 pradicationem
1425 2935 1546 2991 lidei
1594 2932 1897 3003 suscipiunt
1924 2941 1978 2986 et

403 3032 657 3089 retinent.

1042 3204 1197 3261 CAP.
1252 3203 1342 3259 III.

472 3299 683 3358 LXXII.
724 3298 891 3356 Vens.
930 3300 983 3357 I.
1022 3297 1088 3353 In
1124 3297 1286 3353 cubili
1319 3314 1431 3352 meo
1475 3298 1527 3351 in
1561 3297 1797 3352 noctibus
1833 3314 1978 3367 quic-

399 3397 497 3453 sivi
520 3410 668 3466 quem
695 3393 883 3448 dilexit
905 3393 1080 3447 anima
1102 3407 1253 3455 mea;
1282 3389 1499 3461 quwsivi
1524 3406 1669 3459 eum,
1691 3401 1738 3444 et
1766 3406 1867 3444 non
1891 3393 1943 3444 in
1962 3420 1975 3431 -

398 3489 514 3545 veni
532 3504 687 3554 eum;
716 3486 891 3542 vocari
915 3501 1055 3551 eum,
1086 3494 1134 3538 et
1159 3501 1262 3539 non
1285 3484 1486 3538 audivit
1520 3499 1621 3537 me.

2084 1927 2390 1998 λωμάτων.

2168 2020 2533 2092 Ἀπόστρεψον
2562 2020 2708 2090 ἐμοὶ,
2739 2020 2913 2088 λέγει,
2940 2017 3049 2072 ἀπὸ
3080 2019 3177 2089 τῆς
3232 2019 3502 2074 Ἰουδαίων
3539 2040 3677 2075 ..υν-

2086 2114 2307 2184 αγωγῆς
2347 2113 2439 2167 ἐπὶ
2472 2113 2540 2167 τὰ
2574 2112 2733 2183 ἔθνη·
2772 2114 3071 2185 ἐπειδήπερ
3107 2114 3301 2166 ὲκεῖνοι
3331 2113 3391 2166 οὑ
3430 2116 3672 2184 παραδεξα-

2083 2219 2269 2271 χονται
2301 2201 2362 2255 τὸ
2389 2203 2648 2274 κήρυγμα
2678 2202 2777 2273 τῆς
2808 2203 3078 2273 σωτηρίου
3108 2202 3477 2266 διδασκαλίας.
3514 2204 3679 2258 Ἀπό-

2086 2292 2314 2364 στρεψον
2342 2292 2437 2345 ἐπὶ
2470 2292 2539 2346 τά
2570 2292 2720 2362 ἔθνη,
2755 2292 3108 2363 ὁμοιούμενος
3144 2293 3222 2364 τῷ
3257 2293 3486 2366 δόρκωνι
3520 2294 3553 2365 ἢ
3583 2312 3674 2348 νε-

2084 2380 2200 2452 ϐρῷ
2236 2382 2345 2435 τῶν
2388 2382 2602 2451 ἐλάφων
2642 2385 2707 2453 τῇ
2758 2380 2976 2452 ὀξύτητι
3026 2381 3121 2435 καὶ
3169 2382 3249 2452 τῷ
3282 2383 3380 2453 τῆς
3428 2384 3672 2447 πίστεως

2081 2473 2284 2544 δρόμῳ,
2315 2472 2409 2526 ἐπὶ
2440 2474 2616 2527 πάντα
2642 2474 2710 2526 τὰ
2738 2473 2951 2544 πέρατα
2977 2474 3077 2542 τῆς
3100 2474 3428 2546 οἰκουμένης
3452 2475 3673 2546 διατρὲ-

2082 2583 2191 2635 χων
2220 2568 2278 2618 ὲν
2306 2564 2529 2635 ὡραίοις
2561 2566 2688 2617 ποσὶ
2712 2565 2820 2617 τῶν
2854 2564 3191 2627 ἀποστόλων,
3217 2565 3346 2634 περὶ
3385 2559 3460 2619 ὧν
3491 2570 3518 2619 ὁ
3546 2567 3672 2619 Κύ-

2086 2675 2197 2728 ριος
2218 2656 2438 2727 εἴρηκεν
2465 2658 2521 2712 ἐν
2548 2660 2613 2730 τῇ
2637 2658 2825 2729 Γραφῇ
2842 2671 2858 2687 ⁸
2893 2675 2912 2707 ι
2956 2657 3046 2719 Ὣς
3074 2656 3265 2727 ὡραῖοι
3292 2660 3338 2710 οἱ
3369 2657 3526 2719 πόδες
3557 2658 3673 2709 τῶν

2081 2750 2580 2821 εὐαγγελιζομένων
2604 2750 2672 2804 τά
2699 2749 2929 2816 ἀγαθά.»
2953 2780 3024 2789 —-
3041 2768 3060 2801 ι
3085 2749 3207 2803 Ἐπὶ
3239 2750 3307 2804 τά
3339 2750 3437 2822 ὅρη
3475 2750 3675 2803 κοιλω-

2083 2842 2288 2913 μάτων,
2322 2828 2348 2893 ἰ
2385 2843 2440 2897 αἳ
2467 2842 2574 2897 τῶν
2599 2842 2823 2895 δικαίων
2853 2841 2959 2894 εἰσὶ
2985 2840 3186 2911 ψυχαί·
3219 2842 3320 2913 ὅρη
3361 2842 3457 2912 μὲν
3487 2838 3576 2894 διὰ
3607 2842 3674 2893 τὸ

2082 2935 2365 3006 ὑπερέχειν
2396 2937 2462 3005 τῇ
2498 2935 2598 3005 τῆς
2630 2934 2969 3007 δικαιοσύνης
3007 2936 3175 3006 ἀρετῇ
3195 2949 3210 2964 ο
3249 2953 3266 2984 ι
3299 2934 3613 3005 κοιλώματα
3642 2951 3664 2984 s

2077 3027 2133 3080 δὲ
2157 3026 2244 3081 διὰ
2270 3027 2332 3079 τὸ
2356 3026 2710 3097 κοιλωμάτων
2737 3025 2890 3098 δίκην
2913 3026 3159 3096 δέχεσθαι
3192 3027 3286 3080 καὶ
3319 3026 3570 3097 κατέχειν
3598 3025 3668 3079 τὸ

2082 3118 2181 3190 τῆς
2210 3118 2446 3182 πίστεως
2473 3120 2758 3190 κήρυγμα.

2748 3210 2906 3263 ΚΕΦ.
2946 3208 3018 3263 Γ’.

2152 3302 2268 3358 OB’.
2308 3304 2398 3356 Στ.
2436 3309 2504 3355 α’.
2549 3302 2678 3355 Ἐπὶ
2712 3304 2921 3371 κοίτην
2946 3320 3067 3372 μου
3102 3301 3171 3355 ἐν
3196 3299 3375 3364 νυξὶν
3406 3298 3672 3365 earnm:

2082 3394 2154 3447 ὃν
2195 3393 2515 3463 ἠγάπησεν
2556 3395 2593 3460 τι)
2625 3380 2795 3464 ψυχή
2832 3410 2983 3463 μου·
3027 3392 3287 3461 ἐζήτησα
3324 3393 3531 3456 αὑτὸν,
3566 3393 3669 3445 καὶ

2081 3489 2193 3555 οὐχ
2238 3482 2420 3554 εὗρον
2448 3488 2665 3540 αὐτόν·
2702 3485 2967 3540 ἐκάλεσα
3014 3485 3238 3550 αὐτὸν,
3267 3486 3364 3539 καὶ
3405 3486 3518 3553 οὐχ
3560 3487 3672 3538 ὐπ-

2079 3576 2310 3647 ήκουσέ
2343 3594 2483 3647 μου.

470 3664 606 3721 Cum
632 3664 776 3719 enim
808 3661 1045 3733 peccatis
1073 3661 1392 3731 praegravati
1435 3661 1735 3717 dormimus
1756 3680 1775 3713 ι
1804 3662 1855 3717 iu
1878 3677 1976 3718 no-

2153 3670 2321 3723 Ὅταν
2357 3668 2467 3739 γὰρ
2511 3670 2633 3733 ταῖς
2663 3667 2963 3741 ἁμαρτίαις
3002 3667 3362 3739 βεόαρυμένοι
3405 3665 3670 3720 καθεύδο-

400 3755 577 3812 ctibus
596 3773 617 3806 ι
645 3753 721 3824 (id
746 3761 850 3816 est,
877 3753 933 3807 in
963 3751 1240 3807 sceleratis
1274 3752 1679 3822 tenebrosisque
1735 3752 1976 3822 volupta-

2152 3779 2180 3815 ν
2217 3762 2274 3814 ὲν
2305 3760 2452 3828 νυξὶν
2485 3760 2667 3833 (ὅπερ
2710 3763 2857 3815 ἐστὶν
2908 3763 2965 3814 ὲν
2992 3764 3102 3825 τοῖς
3148 3763 3362 3832 μιαροῖς
3393 3759 3503 3817 τῶν
3535 3777 3669 3813 σκο-

398 3848 547 3902 tibus
577 3844 910 3914 nefariisque
957 3844 1218 3914 peccatis,
1251 3842 1590 3900 Christianos
1634 3843 1841 3901 scilicet
1881 3859 1976 3900 nos

2150 3848 2267 3902 ινῶν
2295 3849 2494 3920 ἡδονῶν
2525 3850 2619 3903 καὶ
2651 3849 2924 3918 ἀθεμίτων
2956 3851 3365 3922 ἁμαρτημάτων
3390 3851 3661 3921 ἀναστρεο

398 3951 520 3995 esse
557 3936 979 4006 existimamus),
1021 3944 1148 3991 tunc
1184 3954 1203 3988 ι
1246 3935 1299 3990 in
1338 3935 1581 3992 noctibus
1607 3954 1626 3988 ›
1662 3952 1786 3992 eum
1828 3951 1976 4006 qua:-

2153 3958 2337 4013 μενοι,
2370 3940 2770 4019 Χριστιανίζειν
2820 3940 2979 4012 δῆθεν
3028 3940 3145 4013 [‘25]
3187 3938 3478 4012 νομίζομεν
3510 3939 3568 4008 ),
3602 3938 3666 3993 τὺ

399 4036 605 4093 rentes,
633 4025 907 4098 diligimus
934 4026 1165 4081 scilicet.
1206 4025 1325 4097 Ipse
1361 4026 1506 4081 enim
1546 4027 1720 4081 dicit:
1765 4045 1783 4079 ι
1818 4027 1976 4094 Quaa-

2150 4033 2371 4087 νικαῦτα
2395 4051 2412 4084 ι
2437 4035 2493 4085 ἐν
2509 4032 2627 4099 νυξὶ
2647 4052 2666 4085 ι
2692 4031 3013 4103 ζητούμενοι
3031 4032 3188 4102 δῆθεν
3204 4032 3503 4102 ἀπάγωμεν
3520 4031 3664 4103 (26).

397 4119 505 4174 rite
546 4118 740 4184 Deum,
769 4128 825 4174 et
848 4118 901 4173 in
939 4118 1262 4175 inveniendo
1283 4133 1406 4173 eum
1445 4118 1721 4186 iuvocate;
1755 4128 1809 4175 et
1837 4130 1976 4190 post-

2150 4124 2246 4187 ιτδς
2274 4124 2382 4194 γὰρ
2405 4124 2622 4195 εἴρηκε·
2661 4142 2679 4175 ι
2713 4126 2994 4195 Ζητήσατε
3025 4124 3116 4177 τὸν
3151 4123 3282 4177 Θεὸν
3318 4123 3452 4193 (27),
3482 4122 3579 4175 καὶ
3602 4124 3663 4176 ἐν

398 4224 563 4281 quam
598 4210 754 4265 vobis
806 4210 1347 4281 appropinquaverit,
1403 4210 1740 4281 derelinquat
1778 4212 1976 4285 impius

2150 4245 2152 4257 ι
2176 4214 2451 4287 εὑρίσκειν
2483 4214 2594 4286 (28)
2621 4215 3035 4270 ἐπικαλέσασθε.
3088 4216 3280 4271 Ἦνίκα
3301 4216 3346 4269 δ’
3373 4214 3438 4268 ἂν
3463 4215 3663 4287 ὲγγίζῃ

395 4302 515 4355 vias
563 4315 694 4355 suas
723 4338 742 4365 ,
786 4310 842 4357 et
888 4302 973 4356 vir
1022 4302 1237 4371 iniquus
1305 4301 1665 4372 cogitationes
1715 4318 1864 4370 suas,
1920 4314 1976 4360 et

2150 4309 2242 4372 .ῖν,
2278 4306 2625 4361 ἀπλειπὲτω
2666 4309 2695 4360 ὁ
2740 4307 2946 4379 ἀσεϐὴς
2981 4306 3082 4370 τάς
3125 4306 3277 4370 ὁδοὺς
3319 4304 3520 4369 αὑτοῦ,
3563 4306 3661 4358 καὶ⁸

396 4397 744 4461 convertatur
769 4390 835 4444 ad
874 4388 1186 4458 Dominum,
1213 4400 1269 4445 et
1312 4391 1741 4447 misericordiam
1783 4408 1976 4450 conse-

2150 4398 2215 4472 ὴρ
2253 4399 2452 4470 ἄνομος
2490 4400 2591 4464 τὰς
2622 4399 2819 4470 βουλάς
2867 4399 3034 4453 αὑτοῦ
3056 4415 3069 4429 ·
3119 4398 3213 4452 καὶ
3267 4400 3661 4471 ἐπιστραφήτω

394 4487 593 4549 quetur
633 4480 701 4534 “.
742 4497 762 4533 ι
795 4479 947 4535 Illum
981 4480 1146 4551 igitur
1190 4481 1236 4536 si
1285 4480 1354 4537 ad
1398 4480 1543 4536 hunc
1573 4484 1791 4539 modum
1825 4499 1973 4556 quae-

2150 4492 2211 4555 ὸς
2243 4490 2480 4564 Κύριον,
2510 4492 2604 4545 xui.
2644 4489 3021 4566 ὲλεηθήσεται.
3060 4509 3080 4543 ι
3122 4491 3247 4544 Ἐάν
3282 4491 3457 4556 οὑτως
3488 4490 3659 4563 ζητή-

396 4569 669 4636 sierimus,
697 4579 826 4626 tunc
857 4585 957 4626 nos
978 4570 1250 4627 exaudiet.
1284 4570 1341 4627 Si
1369 4587 1516 4635 vero,
1548 4588 1669 4628 cum
1695 4575 1747 4629 in
1777 4590 1970 4643 pecca-

2150 4599 2259 4652 ιμεν
2304 4582 2500 4648 αὐτὸν,
2539 4581 2660 4634 τότε
2711 4580 2871 4652 ἡμῶν
2921 4579 3245 4635 ἐπακούσει·
3303 4580 3398 4635 ἐὰν
3447 4581 3505 4634 δὲ
3560 4580 3657 4634 ἐπὶ

396 4670 573 4715 torum
605 4661 772 4717 cubili
814 4677 1024 4728 sumus,
1073 4671 1130 4717 et
1168 4662 1223 4716 iu
1253 4664 1504 4720 noctibus
1538 4680 1567 4719 a
1596 4667 1833 4735 peccatis
1875 4668 1966 4723 ob-

2150 4675 2263 4745 ίτην
2290 4673 2398 4728 τῶν
2427 4674 2842 4745 ἁμαρτημάτων
2869 4674 3045 4741 ὅντες,
3072 4676 3167 4730 καὶ
3194 4676 3251 4728 ἐν
3282 4675 3437 4728 νυκτὶ⁵
3470 4691 3656 4728 σκοτι-

401 4754 604 4807 scurati
646 4754 797 4809 illum
823 4754 1137 4823 quaerimus,
1179 4770 1285 4809 non
1326 4754 1665 4819 invenimus;
1696 4773 1890 4826 neque,
1921 4760 1968 4814 si

2150 4780 2292 4835 μενοι
2321 4763 2430 4817 ἀπὸ
2457 4764 2566 4818 τῶν
2591 4765 2876 4837 ἁμαρτιῶν
2908 4762 3179 4837 ζητοῦμεν
3216 4765 3398 4829 αὑτὸν,
3432 4766 3530 4837 οὑχ
3571 4765 3657 4819 εὑ-

392 4842 473 4897 sic
496 4858 620 4898 eum
667 4844 1001 4911 invocemus,
1051 4844 1141 4900 ille
1186 4859 1288 4899 nos
1333 4845 1573 4901 exaudit.
1614 4846 1909 4918 I’mpterea
1946 4868 1960 4904 :

2150 4873 2335 4927 ικομεν
2355 4875 2368 4888 ·
2394 4857 2525 4921 οὐδ’,
2554 4855 2621 4911 ἀν
2648 4856 2822 4920 οὕτως
2847 4857 3120 4930 καλοῦμεν
3152 4858 3335 4923 αὑτὸν,
3367 4858 3651 4913 ἐπακούει.

401 4951 417 4984 ι
461 4933 734 5004 Nunquid,
820 4936 1034 5006 inquit,
1111 4952 1217 4992 non
1269 4938 1417 4993 valet
1492 4952 1682 4993 manus
1754 4939 1966 4995 Domini

2150 4947 2368 5016 ὃλέγει·
2411 4968 2430 5000 ι
2480 4949 2569 5021 Μὴ
2597 4950 2697 5003 οὑκ
2737 4950 2912 5020 ίσχύει
2954 4952 3135 5023 ήχεὶρ
3165 4951 3373 5024 Κυρίου
3419 4949 3513 5004 τοῦ
3548 4950 3655 5004 σῶ-

391 5023 573 5080 salvos
601 5024 779 5083 facere
801 5028 891 5083 "2
933 5030 1175 5100 nunquid
1215 5044 1319 5084 non
1367 5039 1544 5100 potest
1575 5030 1823 5099 eripere?
1856 5032 1965 5087 Sed

2153 5056 2203 5105 ι;
2231 5038 2265 5091 ἦ
2297 5040 2396 5093 οὑκ
2429 5042 2602 5111 ισχύει
2625 5040 2721 5097 τοῦ
2754 5039 3030 5105 ἐξελέσθαι
3056 5058 3071 5108 ;
3115 5023 3276 5096 Ἀλλά
3301 5041 3368 5097 τά
3396 5042 3651 5115 ἁμαρτῆ-

461 5224 507 5256 ’³
545 5222 734 5281 Matth.
771 5243 899 5292 xxv,
931 5230 1020 5284 54.
1097 5230 1143 5261 ³⁸
1174 5229 1331 5288 Rom.
1384 5231 1557 5298 x,15.
1634 5232 1679 5264 "
1721 5232 1821 5288 Isa.
1874 5251 1962 5303 ιν,

2226 5237 2274 5270 ’⁸
2307 5239 2406 5293 Isa.
2440 5256 2489 5301 1.,
2536 5242 2592 5293 ‘2.

458 5422 572 5493 (25)
612 5422 916 5493 Legendum
947 5433 1075 5491 puto
1108 5424 1521 5480 ἐπιϐάλλουσαι.

459 5492 571 5567 (26)
610 5492 936 5567 Iluuc_veis_.
972 5495 1022 5546 in
1054 5509 1173 5548 meo
1207 5505 1262 5548 et
1290 5495 1453 5552 Barb.
1485 5498 1957 5567 corruptissimum

386 5560 597 5619 restitui
628 5578 691 5615 ex
726 5561 855 5615 edit.
893 5560 1010 5617 Vat.

456 5632 570 5703 (25)
609 5629 819 5703 Δῆθεν.
850 5631 1117 5703 Particula
1155 5633 1308 5703 cujus
1340 5651 1469 5693 usus
1494 5637 1545 5690 in
1579 5638 1769 5698 ironia.
1802 5649 1860 5694 ut
1904 5642 1958 5699 in

386 5701 490 5784 boe
519 5701 656 5784 loco.
690 5702 742 5754 lu
777 5710 963 5784 catena
991 5701 1203 5784 Meursii
1226 5701 1353 5784 pag.
1394 5707 1484 5784 52,
1508 5708 1667 5784 linit!
1696 5728 1709 5764 :
1737 5710 1801 5784 QE
1840 5711 1950 5784 γὰρ

386 5770 445 5824 ὲν
477 5770 671 5840 σκότῳ,
704 5772 855 5841 φησι,
880 5772 973 5825 καὶ
1000 5774 1207 5839 κοίταις
1231 5770 1570 5847 ἁμαρτωλῶν
1598 5770 1950 5850 βιοτεύοντεξ,

2064 5433 2395 5509 κᾶνλδοκῷσι
2432 5435 2617 5507 ζητεῖν
2651 5435 2804 5509 Θεὸν,
2836 5437 2935 5509 οὑχ
2955 5439 3310 5509 εὑρίσκουσιν
3342 5441 3524 5497 αὑτόν.

2133 5503 2246 5573 (26)
2296 5503 2598 5575 Legendum
2658 5503 3268 5581 οιιιιιίιιο’ζητούμενοι
3338 5511 3519 5584 δῆθεν,
3585 5512 3646 5568 ὃν

2060 5573 2381 5645 ἀγαπῶμεν.

2058 5644 2377 5767 Κ
2436 5646 2596 5699 etiam
2657 5646 2777 5702 cod.
2840 5645 3246 5705 Alcx.‘Editio
3312 5649 3488 5710 Vatic.
3553 5649 3643 5709 τὸν

2129 5763 2421 5854 (ἓῶν-Εςίίι.
2462 5785 2582 5841 Vat.
2626 5788 2682 5842 ἐν
2716 5786 2795 5860 τῷ
2820 5788 3093 5862 εὑρίσκειν
3122 5789 3306 5849 αὑτόν.
