3810 6300
158 348 217 404 τι
1066 354 1470 414 ENARRA'IIO
1511 358 1580 414 IN
1615 360 1970 419 CANTICUM
2010 364 2481 423 eumenen.
3324 346 3407 428 ’τε

154 478 291 534 ματα.
328 460 482 531 ὑμῶν
518 461 795 519 διιστῶσιν
834 465 1107 536 ἀναμέσον
1145 468 1257 537 (29)
1298 469 1454 541 ὑμῶν
1490 472 1585 558 καὶ
1619 472 1699 526 αὐτ

1829 486 2050 543 peccata
2099 488 2282 533 vestra
2328 490 2584 549 separant
2639 482 2778 538 inter
2827 498 2921 540 vos
2964 495 3019 541 et
3052 485 3227 558 ipsum
3265 491 3335 547 ³⁷.
3377 512 3400 547 ι

160 551 257 605 τοῦ.
281 570 302 603 ι
323 551 421 605 Διὰ
448 550 629 617 τοῦτο,
663 571 683 605 ι
720 553 967 627 ἐζήτησα
988 557 1169 623 αὑτὸν,
1214 560 1309 612 καὶ
1355 560 1453 630 οὐχ
1480 553 1656 632 εὗρον.
1694 580 1713 613 ι

214 665 329 720 UP.
373 666 465 718 Στ.
500 664 567 734 β’.
612 667 1059 738 Ἀναστησομιιι
1092 669 1169 737 δὴ
1204 671 1303 724 καὶ
1336 671 1629 726 κυκλὼσω
1652 673 1722 727 ἐν

156 754 219 823 τῇ
243 758 431 820 πόλει,
464 758 537 810 ἐν
563 756 692 824 ταῖς
710 759 960 828 ἀγοραῖς
988 761 1086 814 καὶ
1216 763 1345 828 ταῖς
1374 767 1718 835 πλατείαις,
1744 836 1749 839 _

153 849 239 901 καὶ
263 848 492 918 ζητήσω
519 848 594 903 ὃν
620 850 944 919 ἠγάπησεν
975 854 1013 920 ή
1056 855 1227 923 Δψυχή
1256 873 1377 925 μου
1397 874 1410 885 ·
1461 855 1720 926 ἐζήτησα

152 940 339 1003 αὑτὸν,
376 941 476 995 καὶ
517 942 633 1011 οὐχ
666 938 852 1009 εὗρον
876 944 1082 995 αὐτόν.

209 1032 336 1084 Οὐδὲ
375 1030 472 1085 νῦν
513 1031 663 1101 λέγει
703 1032 997 1104 εὑρηκέναι
1044 1034 1237 1087 αὐτόν·
1286 1038 1379 1090 καὶ
1417 1038 1718 1112 ἀναστησο-

153 1119 276 1191 μένη
308 1120 443 1191 (50),
474 1120 554 1184 ὡς
590 1122 789 1185 εἰπεῖν,
816 1120 914 1174 καὶ
950 1122 1017 1175 δι’
1049 1123 1214 1194 εὐχῆς
1243 1126 1381 1198 πρὸς
1421 1128 1583 1181 αὑτὸν
1617 1147 1717 1183 πο-

154 1212 405 1286 ρευθεῖσα.
446 1214 561 1267 Καὶ
602 1212 695 1267 διὰ
724 1213 778 1266 τί
822 1212 984 1267 πάλιν
1022 1215 1121 1285 οὐχ
1177 1208 1336 1289 εὗρεν
1380 1218 1563 1284 αὐτὸν,
1618 1221 1718 1294 τὴν

154 1305 311 1357 αἰτίαν
340 1306 398 1357 ὲν
422 1305 611 1368 αὐτοῖς
642 1304 839 1376 μηνύει
867 1308 979 1369 τοῖς
1007 1306 1353 1377 γράμμασιν,
1387 1327 1405 1360 ι
1457 1310 1718 1384 Ἀναστή-

157 1412 316 1466 σομαι,
356 1414 374 1448 ι
421 1395 683 1463 λέγουσα,
730 1416 748 1448 ι
790 1398 887 1451 καὶ
928 1396 1195 1451 κυκλώσω
1227 1400 1286 1453 ἐν
1318 1403 1383 1471 τῇ
1433 1401 1614 1467 πόλει,
1658 1405 1717 1457 ὲν

154 1489 253 1548 ταῖς
278 1487 501 1557 ἀγοραῖς
527 1487 626 1539 καὶ
651 1487 710 1540 ἐν
737 1489 858 1548 ταῖς
888 1486 1168 1551 πλατείαις
1189 1504 1202 1517 ’
1240 1507 1258 1541 ›
1296 1489 1434 1560 ὅπερ
1459 1492 1626 1558 ἐστὶν,
1658 1494 1716 1546 ὲν

153 1581 255 1641 ταῖς
276 1576 366 1630 τοῦ
416 1576 532 1647 βίου
602 1579 1041 1649 πραγματείαις,
1097 1580 1193 1633 καὶ
1232 1581 1290 1633 ἐν
1336 1580 1565 1654 πλατείᾳ
1608 1584 1717 1637 ἀπ-

160 1668 345 1740 αγούσῃ
374 1670 456 1732 εἰς
482 1669 581 1741 τὴν
602 1668 899 1726 ἀπώλειαν.
922 1671 1013 1723 Διό
1034 1686 1164 1740 φησι
1195 1668 1269 1741 μὴ
1294 1671 1582 1741 εὑρηκέναι
1616 1674 1715 1727 αύ-

152 1762 246 1814 τόν.
281 1778 301 1811 ι
347 1758 519 1833 Στενὴ
552 1760 664 1832 γὰρ
697 1761 731 1831 ἡ
781 1760 948 1832 πύλη,
996 1760 1093 1814 καὶ
1135 1760 1470 1833 τεθλιμμένη
1507 1764 1541 1834 ἡ
1573 1763 1710 1829 ὁδὸς,

152 1853 181 1923 ἠ
204 1852 475 1919 ἀπάγουσα
513 1851 596 1915 εἰς
622 1851 719 1923 τὴν
746 1851 911 1923 ζωήν.
951 1870 969 1905 ι

208 1942 315 1995 ω’.
348 1943 441 1996 Στ.
480 1947 552 2011 γ’.
587 1941 874 2011 Εὕροσάν
916 1959 992 2013 με
1029 1946 1084 1997 ot
1118 1943 1466 2013 τηροῦντες,
1507 1948 1563 1999 oi
1608 1963 1714 2002 κυ-

150 2034 414 2100 κλοῦντες
443 2034 517 2087 ἐν
543 2032 621 2103 τῇ
653 2035 829 2088 πόλει
848 2050 863 2064 ’
904 2033 1001 2104 Μὴ
1028 2035 1103 2089 ὃν
1124 2035 1444 2108 ἠγάπησεν
1473 2038 1512 2106 ἠ
1538 2038 1710 2109 ψυχή

143 2143 263 2195 μου,
301 2124 487 2190 ἷδετε;
1160 2196 1181 2205 ⁴

205 2218 510 2289 τηροῦντας
547 2220 644 2275 καὶ
679 2219 1015 2287 κυκλοῦντας
1064 2222 1123 2277 ἐν
1173 2226 1240 2296 τῇ
1284 2223 1437 2278 πόλει
1482 2226 1608 2290 τοὺς
1636 2225 1713 2280 δι-

144 2310 310 2374 καίους
329 2310 500 2380 λέγει,
531 2313 663 2375 τοὺς
691 2312 993 2385 τηροῦντας
1020 2314 1117 2386 τὴν
1145 2315 1365 2387 ἐντολήν
1385 2332 1399 2347 ·
1444 2318 1571 2381 τοὺς
1612 2334 1711 2371 κυ-

143 2401 378 2466 κλοῦντας
413 2403 476 2455 ὲν
520 2406 591 2476 τῇ
639 2405 972 2477 Ἐκκλησίᾳ,
1007 2408 1133 2470 τοὺς
1182 2406 1372 2476 ἁγίους
1421 2409 1711 2481 προφήτας

142 2495 224 2545 καὶ
247 2492 599 2559 ἀποστόλους.
627 2490 755 2549 Οἷον
784 2496 917 2568 φέρε
940 2499 1134 2563 εἰπεῖν,
1158 2498 1359 2554 ὁπόταν
1387 2500 1710 2572 ἁμαρτωλὸς

139 2582 414 2654 διαλέγοιτο
442 2587 585 2657 πρὸς
613 2586 843 2653 δίκαιον,
875 2589 970 2642 καὶ
996 2587 1144 2659 λέγει
1176 2588 1324 2662 αὐτῷ
1345 2607 1358 2622 ο
1397 2590 1497 2644 Διὰ
1528 2591 1582 2645 τί
1609 2592 1709 2646 ούκ

139 2677 386 2731 εἰπακούει
430 2694 533 2749 μου
568 2680 598 2731 ὁ
632 2680 930 2750 Δεσπότης,
963 2681 1058 2734 καὶ
1097 2681 1209 2753 (51)
1237 2681 1474 2754 ὁρθρίζω
1502 2684 1582 2747 εἰς
1605 2685 1706 2755 τὴν

140 2766 434 2839 ἐκκλησίαν,
466 2769 564 2822 καὶ
608 2768 850 2841 πένητας
885 2770 1021 2823 ἐλεῶ
1060 2770 1212 2843 (52);
1244 2773 1362 2827 Κάν
1399 2791 1460 2826 τε
1509 2774 1705 2846 μικρὸν

141 2858 319 2926 ἀγαθὸν
354 2860 593 2934 ποιήσῃ,
627 2861 808 2915 ἐκεῖνο
853 2861 1075 2933 βλέπει,
1113 2865 1207 2919 καὶ
1242 2865 1305 2919 τὸ
1347 2865 1548 2938 πλῆθος
1589 2866 1702 2921 τῶν

142 2949 532 3021 ἁμαρτημάτων
579 2951 642 3004 ού
690 2956 1069 3024 προσποιεῖται
1115 2955 1355 3025 βλέπειν.
1406 2958 1498 3011 Διό
1537 2974 1703 3029 φησιν

150 3038 385 3104 Ἡσαΐας·
425 3058 447 3091 ι
489 3039 585 3111 Μὴ
622 3041 722 3095 οὐκ
764 3043 937 3113 ἰσχύει
977 3047 1009 3115 ἡ
1060 3047 1181 3119 χεὶρ
1214 3046 1418 3119 Κυρίου
1455 3047 1547 3101 τοῦ
1591 3047 1701 3101 σῶ-

142 3147 249 3196 aut;
288 3133 320 3204 ῆ
349 3133 453 3186 οὐκ
492 3132 669 3203 ἰσχύει
692 3132 788 3187 τοῦ
818 3135 1133 3204 ὲξελέσθαις
1175 3138 1335 3193 Ἀλλὰ
1355 3139 1425 3193 τὰ
1452 3141 1702 3213 ἁμαρτή-

1828 564 2135 635 Propterea,
2168 588 2185 620 ‹
2225 573 2446 639 quaesivi
2481 587 2628 641 ettui,
2663 583 2717 628 et
2763 589 2868 629 non
2904 575 3103 633 inveni.
3136 598 3155 631 ι

1896 676 2125 732 LXXIII.
2166 679 2328 736 Vens.
2378 683 2432 736 2.
2491 682 2716 754 Surgam
2766 684 3016 751 nunc,et
3062 691 3293 747 circuibo
3350 696 3406 748 in

1827 768 2054 836 civitate,
2108 772 2162 824 in
2212 771 2347 840 foris
2399 783 2445 825 et
2486 774 2541 828 in
2599 776 2821 842 plateis;
2875 787 2923 831 et
2967 794 3202 846 qutvram
3253 799 3404 852 quem

1826 862 2006 916 dilexit
2030 866 2210 918 anima
2241 882 2386 929 mea;
2417 869 2631 937 qtta’siri
2662 886 2800 934 eum,
2834 881 2879 924 et
2914 861 3015 927 non
3052 874 3224 929 iuveni
3258 892 3399 930 eum.

1898 1037 1976 1092 Ne
2003 1053 2147 1093 nunc
2202 1041 2417 1110 quidem
2452 1043 2525 1095 ait
2558 1059 2618 1098 se
2660 1046 2806 1099 illum
2857 1048 3156 1113 invenisse,
3188 1059 3404 1106 etiamet

1826 1132 2212 1198 exsurrexerit,
2266 1141 2326 1188 ut
2351 1134 2430 1194 .ita
2462 1136 2664 1202 dicam,
2704 1150 2757 1191 et
2787 1154 2884 1209 per
2922 1142 3289 1209 precationem
3336 1145 3403 1197 ad

1825 1219 1998 1288 ipsum
2028 1220 2266 1290 profecta
2304 1223 2395 1278 sit.
2447 1224 2555 1279 Cur
2586 1236 2766 1283 autem
2822 1245 3011 1285 rursus
3034 1246 3157 1286 eum
3190 1247 3294 1288 non
3328 1235 3405 1290 in-

1826 1312 2057 1377 venerit,
2091 1327 2309 1369 causam
2350 1318 2597 1372 ostendit
2618 1319 2669 1372 in
2719 1318 2910 1375 iisdem
2950 1323 3172 1381 verbis:
3210 1344 3231 1379 ι
3268 1325 3403 1381 Sur-
3494 1378 3500 1384 ,

1824 1416 1967 1470 3am,
2014 1420 2034 1454 ι
2063 1404 2161 1470 ait,
2189 1422 2208 1455 ι
2247 1413 2303 1461 et
2340 1407 2582 1465 circuibo
2612 1409 2665 1465 in
2701 1411 2944 1477 civitate,
2992 1414 3044 1469 in
3101 1416 3234 1472 foris
3267 1428 3322 1472 ct
3346 1419 3401 1474 in

1824 1492 2047 1561 plateis;
2086 1512 2105 1544 ι
2144 1494 2202 1549 id
2239 1505 2342 1559 est,
2374 1498 2516 1552 inter
2549 1500 2734 1555 mundi
2774 1506 3008 1573 negotia,
3038 1513 3094 1561 et
3127 1506 3180 1561 in
3224 1509 3400 1575 platea

1822 1599 1941 1655 qum
1967 1586 2117 1641 ducit
2154 1587 2222 1643 ad
2258 1588 2635 1658 perditionem.
2672 1591 2962 1663 Propterea
2995 1597 3146 1664 dicit,
3177 1612 3236 1653 se
3275 1614 3398 1655 cum
3474 1587 3481 1592 ’

1822 1690 1928 1729 non
1962 1678 2235 1734 invenisse
2265 1698 2278 1735 :
2318 1699 2336 1732 ι
2374 1680 2614 1752 Angusta
2649 1685 2793 1739 enim
2833 1696 3006 1748 porta.
3051 1698 3107 1744 et
3141 1700 3289 1745 arcta
3316 1692 3399 1747 via

1822 1780 1941 1836 quia:
1973 1768 2121 1823 ducit
2151 1768 2216 1824 ad
2243 1770 2408 1825 vitam
2437 1772 2502 1826 ’⁸.
2534 1792 2554 1825 ι

1884 1944 2122 2004 LXXIV.
2167 1946 2332 2005 Vsus.
2369 1949 2421 2004 3.
2482 1949 2798 2007 Invenerunt
2846 1970 2928 2009 me
2949 1957 3040 2027 qui
3070 1959 3394 2028 custodiunt,

1815 2038 1905 2109 qui
1933 2038 2253 2093 circumeunt
2297 2044 2353 2094 iu
2390 2040 2602 2095 ciuitate
2634 2058 2655 2097 :
2706 2041 2959 2113 Nunquid
3009 2063 3161 2117 quem
3205 2050 3395 2105 dilexit

1814 2128 1991 2182 anima
2024 2144 2140 2182 mea
2164 2129 2407 2185 vidistis?

1883 2217 2147 2274 Custodes
2184 2229 2236 2275 et
2278 2220 2679 2276 circumeuntes
2723 2222 2778 2277 in
2818 2225 3037 2282 civitate
3077 2227 3252 2298 juslos
3299 2246 3393 2285 vo-

1814 2319 1935 2377 cat,
1981 2312 2071 2380 qui
2133 2312 2386 2366 mandata
2427 2313 2775 2383 custodiunt,
2828 2328 3044 2374 sanctos
3097 2323 3392 2392 prophetas

1812 2409 1867 2454 et
1929 2402 2204 2470 apostolos
2253 2404 2304 2455 in
2363 2402 2599 2458 Ecclesia
2663 2406 3080 2464 circumeuntes.
3145 2411 3395 2482 Exempli.

1812 2490 2008 2561 gratia,
2040 2506 2161 2546 cum
2192 2494 2670 2564 peccatorjustum
2700 2495 3008 2565 alloquitur,
3034 2500 3193 2570 eique
3219 2502 3386 2558 dicit:

1810 2581 1991 2648 Quare
2023 2599 2127 2636 non
2166 2584 2387 2639 exaudit
2421 2600 2508 2640 me
2538 2586 2819 2652 Dominus,
2851 2589 2951 2644 etsi
2984 2605 3196 2646 summo
3229 2608 3386 2650 mane

1810 2674 1877 2726 ad
1927 2674 2214 2730 ecclesiam
2271 2690 2355 2730 me
2405 2676 2650 2744 confero,
2690 2687 2744 2732 et
2798 2682 3123 2748 pauperibus
3178 2685 3376 2740 miseri-

1811 2765 2048 2819 cordiam
2083 2765 2356 2823 adliibeo?
2393 2768 2470 2824 Ac
2509 2770 2553 2824 si
2593 2769 2857 2825 tantillum
2894 2771 3019 2827 boui
3066 2772 3274 2841 fecerit,
3319 2777 3386 2832 ad

1808 2853 1936 2911 illud
1972 2857 2214 2925 respicit,
2259 2866 2314 2911 et
2360 2873 2418 2912 se
2451 2869 2800 2928 peccatorum
2844 2864 3244 2922 multitudinem
3278 2884 3383 2924 non

1806 2949 1989 3005 videre
2046 2949 2282 3005 simulat.
2334 2948 2624 3021 Propterea
2676 2952 2842 3009 Isaias
2885 2956 2963 3010 ait
3006 2974 3021 3012 :
3068 2977 3087 3011 ι
3135 2958 3387 3030 Nunquid

1803 3058 1909 3098 non
1962 3042 2107 3099 valet
2178 3057 2371 3099 manus
2422 3044 2637 3100 Domini
2692 3047 2941 3105 salvare?
2986 3053 3229 3121 nunquid
3276 3069 3381 3111 non

1802 3134 2242 3204 potesteripere?
2264 3134 2367 3190 Sed
2390 3149 2612 3204 peccata
2642 3148 2818 3193 vestra
2843 3152 3100 3212 separant
3124 3144 3264 3199 inter
3286 3160 3379 3203 vos

140 3239 266 3292 ματα
292 3224 448 3295 ὑμῶν
477 3223 758 3279 διιστῶσιν
792 3227 1066 3299 ἀναμέσον
1108 3231 1262 3301 ὑμῶν
1314 3233 1409 3286 καὶ
1451 3232 1547 3286 τοῦ
1589 3233 1699 3285 Κυ-

1825 3234 1865 3282 at
1900 3223 2185 3281 Dominum
2221 3226 2289 3281 ”.
2328 3245 2348 3279 ι
2388 3226 2589 3284 Deinde
2622 3230 2802 3287 subdit
2840 3247 3036 3301 sponsa
3082 3234 3268 3292 dicens

137 3314 254 3385 ρίου.
284 3335 306 3370 ι
347 3313 481 3372 Εἶτα
502 3318 754 3389 ἐπιφέρει
782 3321 817 3391 ἡ
845 3319 1029 3392 νύμφη
1058 3324 1153 3377 καὶ
1180 3323 1351 3394 λέγει*

196 3433 306 3485 οΕ’.
340 3433 435 3487 Στ.
474 3433 539 3489 δ’.
588 3433 685 3500 Ὡς
709 3435 929 3504 μικρὸν
971 3437 1069 3492 ὅτε
1102 3439 1421 3509 παρῆλοον
1459 3443 1561 3498 ἀπ’
1593 3446 1699 3500 αὑ-

136 3519 254 3586 τῶν,
278 3523 386 3578 ἔωσι
420 3521 494 3582 οὗ
520 3521 705 3595 εὗρον
729 3526 803 3581 ὃν
830 3528 1149 3600 ἠγάπησεν
1182 3533 1221 3599 ἡ
1254 3534 1425 3605 ’ψυχή
1446 3553 1586 3606 μου.

202 3702 423 3757 Ὀπόταν
451 3703 565 3776 γὰρ
590 3703 699 3759 ἀπὸ
728 3706 837 3760 τῶν
867 3708 1280 3780 ἁμαρτημάτων
1313 3712 1693 3785 παρέλθωμεν,

128 3790 235 3845 τότε
270 3794 599 3867 εὑρίσκομεν
643 3797 1033 3872 mmmam
1071 3803 1104 3873 η
1136 3801 1284 3873 ψυχὴ
1317 3804 1508 3875 ἡμῶν,
1554 3805 1695 3861 κατὰ

128 3881 207 3934 τὸν
229 3882 486 3954 λέγονταο
521 3905 542 3938 ι
589 3888 935 3962 Ἐπίστρεφε,
960 3891 1256 3965 ἐπίστρεφε
1284 3895 1422 3967 πρὸς
1452 3896 1657 3970 Κύριον
1677 3916 1691 3929 ·

128 3974 370 4031 ἀπόλειπε
408 3978 511 4044 τὰς
557 3982 858 4053 ἁμαρτίας,
905 3986 1001 4039 καὶ
1035 3987 1240 4058 σφόδρα
1297 3989 1525 4061 μίσησον
1577 3990 1694 4062 βδέ-

127 4063 313 4155 λυγμγ
365 4087 388 4122 ι
432 4072 530 4125 καὶ
560 4072 761 4126 πάλινο
803 4091 823 4126 ι
888 4074 1083 4130 Ἦνίκα
1123 4077 1168 4130 δ’
1210 4078 1274 4133 ἂν
1313 4080 1506 4155 ἐγγίζῃ
1540 4083 1690 4155 ὑμῖν,

126 4154 446 4212 ἁπολειπέτω
472 4160 502 4212 ὁ
528 4160 735 4232 ἀσεϐὴς
766 4162 866 4227 τὰς
892 4164 1044 4230 ὀδοὺς
1077 4167 1268 4222 αὑτοῦ.
1313 4189 1331 4222 ι
1368 4171 1468 4225 Διὰ
1495 4154 1654 4227 τοῦτο
1673 4189 1687 4204 ·

130 4263 174 4336 ιᾼ
194 4246 274 4312 Ὠς
306 4252 503 4323 μικρὸν
534 4254 626 4307 ὅτε
662 4255 938 4328 παρῆλθον
977 4259 1075 4312 ἀπ’
1104 4259 1305 4327 αὐτῶν,
1352 4262 1457 4327 ἕως
1482 4257 1544 4317 οῦ
1576 4264 1688 4336 (55)

127 4334 262 4411 εὗρον
279 4344 338 4397 ὃν
364 4346 656 4419 ἠγάπησεν
688 4351 723 4422 ἡ
755 4351 901 4423 ψυχή
936 4370 1059 4424 μου.
1095 4374 1117 4406 ι
1468 4356 1473 4367 ’

182 4457 307 4524 θεῖ’.
359 4459 703 4530 Ἔκράτησα
751 4465 970 4533 αὐτὸν,
1003 4469 1103 4523 καὶ
1150 4472 1262 4525 οὐκ
1309 4473 1529 4544 ἀφήσω
1564 4474 1681 4544 (34)

126 4549 304 4605 αὐτόν.

185 4639 297 4704 Πῶς
342 4645 540 4714 κρατεῖ
584 4645 749 4699 αὐτὸν
781 4648 948 4719 ἡτῶν
997 4652 1203 4707 πιστῶν
1232 4653 1416 4727 ψυχῆς
1466 4659 1554 4713 Ἐν
1601 4660 1681 4732 τῷ

1872 3444 2085 3502 LXXV.
2126 3445 2293 3502 Vsus.
2316 3448 2368 3503 4.
2415 3447 2588 3514 Quam
2629 3452 2889 3508 modicum
2924 3457 3025 3524 {uit
3059 3474 3178 3512 cum
3208 3470 3373 3516 trans-

1798 3536 1869 3591 ivi
1894 3538 1958 3591 ab
1998 3537 2149 3607 ipsis,
2190 3538 2365 3608 quoad
2396 3555 2557 3611 usque
2592 3542 2764 3597 inveni
2796 3560 2948 3614 quem
2985 3546 3167 3601 dilexit
3196 3551 3371 3606 animo

1796 3643 1936 3682 mea.

1868 3716 2007 3774 Cum
2035 3719 2179 3775 enim
2219 3735 2251 3775 a
2286 3722 2528 3792 peccatis
2554 3723 2756 3779 nostris
2786 3722 3219 3793 discessertmus,
3250 3738 3369 3786 tunc

1796 3806 2104 3865 invenimus
2130 3823 2291 3880 quem
2336 3811 2526 3866 dilexit
2573 3812 2756 3868 anima
2795 3826 3000 3883 nostra,
3036 3817 3191 3888 juxta
3223 3820 3367 3876 Scri—

1797 3911 2011 3969 pturam
2044 3920 2058 3956 :
2097 3920 2116 3954 ι
2152 3902 2507 3970 Convertere,
2536 3914 2858 3964 convertere
2886 3910 2953 3965 ad
2983 3911 3290 3979 Dominum,
3318 3923 3367 3970 et

1795 3992 2040 4063 relinque
2071 4004 2317 4064 peccata,
2356 4008 2411 4053 et
2437 3997 2595 4053 valde
2623 3999 2771 4055 odito
2793 4003 3221 4060 exsecrationem
3250 4006 3318 4072 '°;
3343 4024 3366 4060 ι
3444 3994 3447 3997 ’

1792 4091 1847 4138 et
1876 4100 2062 4142 rursus
2096 4107 2109 4141 :
2146 4105 2165 4139 ι
2203 4085 2496 4158 Postquam
2538 4090 2688 4145 vobis
2712 4092 3243 4164 appropinquaverit,
3279 4096 3365 4154 de-

1793 4176 2065 4247 relinquat
2095 4179 2291 4250 impius
2328 4181 2447 4237 vias
2491 4197 2621 4237 suas
2649 4182 2719 4238 ³¹.
2752 4202 2772 4236 ι
2806 4182 3118 4254 Propterea
3143 4189 3317 4258 inquit
3345 4205 3364 4245 :

1795 4285 1814 4318 ι
1845 4265 2017 4335 Quam
2058 4270 2325 4325 modicum
2355 4271 2454 4325 fuit
2490 4288 2612 4327 eum
2655 4275 2878 4329 transivi
2909 4276 2975 4329 ab
3007 4276 3164 4347 ipsis,
3191 4280 3363 4348 quoad

1790 4375 1959 4430 usque
1990 4361 2168 4416 iuveni
2204 4377 2361 4432 quem
2388 4363 2573 4419 dilexit
2597 4365 2774 4419 anima
2803 4381 2942 4422 mea.
2984 4385 3003 4418 ι

1855 4469 2090 4526 LXXVI.
2134 4472 2300 4528 Tenui
2330 4491 2448 4529 eum
2469 4516 2486 4541 ,
2524 4471 2617 4530 nec
2646 4477 2912 4533 dimittam
2939 4496 3079 4536 eum.

1853 4667 2133 4734 Quomodo
2171 4684 2292 4725 eum
2336 4678 2483 4728 tenet
2515 4675 2694 4728 anima
2723 4674 3046 4743 iustorum?
3085 4679 3353 4740 Faciendc

126 4727 184 4781 τὰ
199 4732 455 4805 εύάρεστα
495 4738 648 4809 αὐτῷ
690 4739 801 4810 (55)
854 4746 1045 4797 ποιεῖν.
1091 4745 1485 4819 Ἀρεσκόμενος
1517 4727 1679 4824 γὰρο

1825 4759 2041 4814 imirum
2104 4776 2224 4831 quas
2280 4763 2356 4818 illi
2409 4774 2536 4820 sunt
2582 4766 2797 4837 placita.
2850 4769 3158 4828 Delectatus
3208 4777 3351 4831 enim

127 4825 329 4894 νυμφίος
353 4828 607 4901 καθάπερ
640 4830 826 4904 νύμφῃ
859 4835 924 4904 τῇ
956 4834 1067 4890 τῶν
1103 4837 1327 4893 δικαίων
1358 4840 1536 4914 ψυχῇ,
1569 4845 1677 4898 ἀπὸ

1825 4866 2017 4920 pensus
2065 4852 2338 4921 iustorum
2391 4858 2570 4912 anima
2634 4860 2798 4916 veluti
2848 4880 3085 4933 sponsa,
3139 4870 3352 4925 virtuti;

124 4912 215 4967 τῶν
238 4915 407 4990 ἔργων
432 4919 537 4991 τῆς
558 4923 783 4993 ἀρετῆς,
817 4926 879 4978 οὐ
911 4928 1119 4997 χερσὶν,
1153 4929 1287 4985 ἀλλὰ
1310 4912 1673 5005 ἐλεημοσύνη,

127 5004 204 5056 καὶ
236 5011 573 5085 σωφροσύνῃ,
608 5013 705 5066 καὶ
736 5015 868 5088 εὐχῇ
893 5019 1287 5091 κρατούμενος.

1780 4949 1995 4999 tenetur
2030 4947 2286 5015 operibus
2310 4989 2325 5014 ,
2363 4964 2470 5004 non
2509 4953 2758 5009 manibus
2781 4998 2794 5016 .
2831 4959 2924 5012 sed
2969 4963 3351 5032 eleemosyua,

1776 5034 2023 5089 castitate
2048 5044 2103 5090 et
2136 5039 2365 5094 ratione.

181 5188 221 5221 ⁸⁷
249 5191 346 5248 lsa.
375 5210 493 5264 ιιι,
528 5200 581 5254 ι.
672 5200 718 5233 ’⁸
756 5199 944 5258 Matth.
978 5220 1071 5274 vn,
1114 5208 1202 5262 14.
1291 5211 1336 5243 ¹⁹
1362 5212 1467 5270 Isa.
1514 5232 1611 5285 ιιι,
1645 5219 1699 5275 2.

1854 5222 2022 5279 Eccli.
2052 5241 2160 5281 xvu
2182 5269 2199 5291 ,
2243 5228 2333 5296 25,
2357 5228 2448 5284 26.
2524 5231 2564 5262 ³¹
2608 5231 2716 5289 lsa.
2752 5250 2840 5303 LV,
2866 5237 2917 5300 6,
2947 5236 2996 5294 7.

187 5374 287 5466 με)
312 5377 483 5466 Vatis.
524 5385 671 5466 edit._
706 5387 867 5466 habet
903 5392 996 5466 καὶ
1040 5395 1312 5466 ᾁναμέσον
1366 5400 1461 5455 τοῦ
1504 5403 1664 5465 Θεοῦ.

126 5445 195 5538 Illa
226 5452 471 5538 iero,”
499 5455 619 5538 οὐκ.
653 5457 828 5538 textis:
875 5445 970 5516 τοῦ

128 5517 335 5576 omnibus
357 5517 492 5577 Bibl.
536 5517 886 5586 editioiiibus.

302 5588 613 5678 legentium
641 5599 1091 5678 ᾲναστησαμένη.

301 5658 444 5732 Lego
474 5668 523 5719 εί
556 5668 674 5725 καί.
732 5712 739 5717 κ

123 5727 270 5853 c0332)
308 5727 402 5790 Sit?
424 5736 776 5797 scribendum
818 5759 915 5814 pro
949 5746 1135 5818 ἐλαιω,
1174 5751 1266 5823 qui
1295 5768 1451 5812 error
1476 5765 1561 5813 cst
1605 5757 1660 5814 in

1841 5408 1957 5493 (ἥδ)
2016 5410 2287 5468 Revocavt
2337 5427 2439 5469 nas
2483 5429 2618 5472 uuas
2664 5432 2851 5486 voces,
2903 5436 3022 5493 quae
3076 5423 3274 5481 absunt
3317 5443 3343 5481 a

1348 5471 1546 5529 absunt.
1595 5478 1665 5534 ab
1767 5471 1923 5534 codd.

1838 5549 1951 5620 (34)
1996 5549 2165 5626 Vatic.
2194 5552 2565 5626 edit.dgpﬁxa.
2606 5558 2791 5614 Lectio
2825 5559 3065 5618 Philonis
3100 5563 3152 5618 in
3183 5566 3339 5622 nullis

1770 5622 2160 5697 apparet_etlit.
2202 5622 2509 5697 aputluBo's.
2565 5630 2807 5697 proxime
2852 5647 2982 5687 vero
3019 5636 3227 5690 accedit
3275 5639 3339 5693 ad

1765 5687 2110 5772 lackm‘Scltol.
2129 5687 2301 5772 qua—In
2340 5687 2583 5772 Nobilius
2608 5698 2763 5754 aifert
2788 5702 2995 5772 ἀνήσω,

1841 5759 1953 5845 (ξῦ)
1993 5759 2302 5845 Lectiuneru
2346 5766 2485 5845 hanc
2533 5771 2805 5845 desumpsi
2856 5759 2921 5829 ex
2958 5771 3145 5832 Vallic.
3190 5776 3336 5845 cod.;

1765 5827 1927 5886 ΒΑΗ).
1951 5840 2002 5886 et
2024 5847 2175 5892 meus
2203 5834 2406 5905 ἀρεστὰ
2429 5838 2593 5891 αὑτοῦ
