3810 6326
377 330 452 393 83
1480 330 1799 389 PHILONIS
1834 329 2144 400 EPiSCOPl
2182 329 2502 388 CARPASII
3558 323 3640 382 ει

379 447 615 505 circuitu
661 463 779 518 ejus
823 461 891 503 ex
916 446 1223 515 potentibus
1232 447 1426 519 ,lsrael,
1460 469 1480 502 υ
1519 449 1641 506 illos
1682 448 1948 517 intelligo.

2083 448 2156 502 ια“ι
2193 448 2295 519 τῆς
2340 445 2689 506 ἀναστάσεως
2710 458 2724 473 ο
2755 439 2881 513 περὶ
2904 435 2972 512 ἧς
2995 439 3185 511 κλίνης
3208 441 3257 494 οί
3289 436 3507 508 ἄγγελοι
3536 435 3637 490 λέ-

380 540 470 609 qui
503 538 651 594 missi
685 538 900 595 fuerunt
940 554 969 593 a
1014 536 1218 595 Iudaeis
1241 579 1259 605 ,
1299 549 1358 595 ut
1395 540 1734 597 custodirent
1774 540 1955 611 sepul-

378 647 555 688 crum.
584 650 603 682 σ
629 629 830 687 Omnes
857 639 1105 687 tenentes
1132 632 1366 702 gladium
1385 676 1402 701 ,
1431 633 1574 688 docti
1609 633 1829 689 bellum.
1862 631 1956 688 Vir

375 721 586 795 gladius
608 721 725 791 ejus
753 738 916 793 super
941 722 1117 777 femur
1137 723 1254 793 ejus
1282 737 1311 776 a
1339 738 1543 793 pavore
1572 725 1624 778 in
1650 724 1949 780 noctibus.»

377 812 504 868 Hmc
530 814 672 866 enim
706 812 773 868 iis
799 813 1071 883 contigere
1098 814 1189 882 qui
1225 816 1512 867 servabant
1538 811 1909 884 (sepulcrum)
1934 828 1949 878 ;

375 906 593 975 quando
638 903 742 958 illis
776 904 1142 968 servantibus,
1195 922 1214 954 ι
1248 912 1406 959 terra:
1447 912 1625 959 motus
1656 903 1830 958 factus
1869 911 1956 959 est

376 1011 604 1064 magnus
633 1014 647 1050 :
676 995 902 1065 angelus
930 996 1071 1050 enim
1099 994 1313 1051 Domini
1343 995 1567 1051 revolvit
1589 995 1818 1065 lapidem
1847 995 1947 1049 ⁸³.»

374 1085 443 1140 Ει
478 1101 541 1142 ea
576 1095 732 1141 nocte
764 1086 1039 1157 perterriti
1071 1089 1163 1157 qui
1209 1088 1501 1143 servabant
1530 1086 1950 1160 (sepulcrum),

380 1193 401 1228 ι
434 1176 558 1230 facll
593 1187 718 1231 sunt
764 1177 911 1231 velut
957 1179 1157 1233 mortui
1191 1178 1289 1233 ".b
1334 1178 1627 1249 Propterea
1661 1179 1831 1236 dicit:
1860 1197 1880 1231 ι
1906 1178 1952 1232 Α

375 1278 575 1332 pavore
606 1264 656 1317 in
690 1265 957 1321 noctibus.
986 1284 1003 1316 ι

446 1529 737 1589 LXXXIV.
778 1530 945 1588 Vens.
1008 1531 1061 1585 9.
1117 1531 1471 1585 Gestatorium
1520 1530 1620 1586 sibi
1669 1530 1793 1599 fecit
1857 1546 1950 1584 rex

375 1623 627 1679 Salomon
667 1639 733 1678 ea:
774 1624 931 1694 lignis
978 1624 1186 1678 Libani.

447 1714 817 1777 Gestatorium
866 1715 1103 1786 intelligo
1146 1715 1316 1784 ipsam
1362 1730 1581 1772 carnem
1629 1715 1941 1787 Unigeniti,

2055 556 2271 609 γουσιψ
2312 558 2330 590 ι
2363 537 2492 592 Ἰδοὺ
2533 537 2562 589 ὀ
2599 535 2791 598 τόπος,
2829 534 2963 586 ὅπου
2999 531 3175 585 ἔκειτο
3198 532 3226 585 ὁ
3270 528 3493 605 Κύριος.
3518 547 3539 580 ι
3562 558 3643 573 .—

2061 646 2080 680 ι
2124 626 2419 699 Ἑξήκοντα
2488 624 2704 679 δυνατοὶ
2751 622 2936 693 κύκλῳ
2994 621 3165 692 αὐτῆς
3223 620 3334 674 ἀπὸ
3388 618 3640 674 δυνατῶν

2067 717 2305 791 Ἰσραὴλ,
2335 737 2354 771 ι
2412 716 2651 780 ἐκείνους
2695 714 2820 777 τοὺς
2875 713 2983 767 ἀπὸ
3018 711 3286 767 Ἰουδαίων
3337 710 3640 782 βληθέντας

2055 809 2342 879 φυλάττειν
2364 810 2454 864 τὸν
2476 811 2666 879 τάφον.
2704 826 2723 860 ι
2745 808 2953 869 Πάντες
2984 806 3304 877 κατέχοντες
3332 803 3638 877 ῥομφαίαν.

2052 899 2418 971 δεδιδαγμένοι
2450 898 2706 970 πόλεμον.
2754 898 2917 970 Ἀνὴρ
2947 895 3192 969 ῥομφαία
3215 894 3378 949 αὐτοῦ
3420 894 3512 948 ἐπὶ
3540 892 3640 947 τὸν

2056 988 2231 1061 μηρὸν
2261 986 2426 1043 αὑτοῦ
2458 987 2564 1041 ἀπὸ
2592 986 2832 1057 θάμϐους
2855 990 2912 1040 ὲν
2938 986 3076 1052 νυξί.
3102 1004 3122 1038 ι
3151 982 3337 1053 Ταῦτα
3362 983 3469 1056 γὰρ
3492 1000 3606 1054 συμ
3628 1013 3641 1023 .

2053 1081 2286 1154 ϐέϐηκεν
2317 1082 2545 1146 ἐκείνοις
2581 1082 2693 1144 τοῖς
2740 1079 3021 1152 τηροῦσιν,
3048 1077 3286 1148 ὁπηνίκα
3317 1076 3641 1148 τηρούντων

2052 1175 2254 1240 αὐτῶν,
2274 1194 2295 1227 ‹
2316 1174 2538 1245 σεισμὸς
2558 1172 2774 1241 ἐγένετο
2796 1173 2990 1244 μέγας.
3015 1169 3277 1240 Ἀγγελος
3296 1167 3404 1240 γάρ
3419 1168 3637 1240 Κυρίου

2051 1263 2349 1319 ἀπεκύλισε
2376 1263 2469 1317 τὸν
2491 1261 2659 1317 λίθον.
2681 1281 2700 1315 ι
2732 1262 2842 1316 Καὶ
2874 1265 2932 1316 ὲν
2966 1263 3031 1333 τῇ
3058 1258 3215 1314 νυκτὶ
3239 1256 3414 1331 ταύτῃ
3444 1260 3492 1311 οἱ
3528 1275 3638 1330 τη-

2052 1355 2272 1429 ροῦντες
2315 1352 2775 1426 ἐκθαμϐηθέντες,
2826 1371 2846 1404 ‹
2893 1351 3140 1421 ἐγένοντο
3187 1349 3321 1403 ὡσεὶ
3361 1349 3568 1422 νεκροί.
3606 1366 3632 1401 ι

2049 1448 2141 1502 Διό
2174 1463 2367 1519 φησιν’
2407 1463 2427 1497 ι
2460 1444 2592 1498 Ἀπὸ
2629 1444 2873 1515 θάμϐους
2898 1445 2955 1499 ὲν
2975 1443 3143 1510 νυξίν.
3184 1461 3204 1494 ι

2120 1540 2243 1596 ΠΔ’.
2274 1541 2365 1593 Στ.
2402 1537 2469 1593 θ’.
2504 1536 2752 1604 Φορεῒον
2799 1534 2988 1601 ἑαυτῷ
3044 1535 3332 1603 ἐποίησεν
3374 1536 3407 1587 d
3449 1533 3642 1598 ,βασι-

2049 1627 2197 1695 λεὺς
2219 1625 2508 1698 Σαλομὼν
2521 1627 2640 1681 ἀπὸ
2663 1625 2865 1691 ξύλων
2898 1624 3004 1679 τοῦ
3037 1623 3322 1679 Λιϐάνου.

2119 1719 2339 1788 Φορεῖον
2352 1717 2459 1773 νόει
2474 1733 2564 1787 μοι
2576 1714 2849 1786 καὶαύτὴν
2863 1714 2961 1785 τὴν
2975 1714 3150 1786 σάρκα
3165 1712 3259 1767 τοῦ
3276 1712 3640 1782 Μονογενοῦς,

374 1804 429 1860 in
459 1820 565 1877 qua
591 1805 757 1860 Deum
783 1804 1157 1873 abscondens,
1191 1815 1247 1861 ut
1291 1808 1456 1862 homo
1485 1822 1605 1862 cum
1641 1808 1948 1866 hominibus

2084 1829 2111 1865 ν
2201 1808 2559 1881 κατακρύψας
2579 1808 2670 1862 τὸν
2697 1807 2850 1873 Θεὸν,
2875 1807 2951 1870 ὡς
2985 1807 3082 1863 ἄνθ
3093 1824 3277 1879 ρωπος
3322 1802 3641 1877 ἀνθρώποις

373 1898 820 1954 conversabatur.
870 1897 974 1953 Sed
1005 1889 1463 1968 quemadmodum
1511 1899 1762 1956 consules
1816 1917 1948 1971 pro-

373 1986 603 2043 deuntes
631 1987 683 2042 in
714 1988 1006 2058 gestatoria
1034 1988 1165 2044 sella
1209 1989 1542 2061 procedunt.
1599 1998 1654 2044 et
1707 2005 1806 2060 per
1856 2005 1953 2047 eos

374 2090 467 2133 res
494 2077 684 2133 mundi
708 2078 1061 2155 vstabilinntnr
1090 2079 1181 2149 qui
1226 2089 1447 2135 senatus
1486 2080 1805 2150 dignitatem
1843 2097 1954 2151 prae

375 2183 437 2225 se
467 2168 649 2224 ferunt
676 2186 692 2237 ;
725 2170 804 2226 sic
832 2170 1021 2225 eodem
1056 2170 1214 2226 modo
1245 2169 1298 2224 in
1333 2184 1497 2225 carne
1532 2169 1805 2241 Unigeniti
1839 2172 1954 2242 ipsa

373 2271 563 2316 sancta
590 2261 828 2318 Ecclesia
883 2254 1175 2317 convocata
1227 2262 1397 2332 ipsius
1442 2261 1502 2315 fit
1551 2262 1952 2332 gestatorium:

373 2366 476 2407 nec
500 2366 634 2408 vero
660 2368 748 2409 res
777 2354 962 2408 mundi
994 2354 1308 2415 stabiliens,
1336 2353 1430 2407 sed
1462 2353 1575 2423 ipsa
1604 2354 1658 2407 in
1683 2369 1742 2409 se
1769 2353 1954 2409 ferens

375 2442 596 2499 decreta
640 2444 791 2516 regni
825 2445 1085 2501 caelestis.
1126 2445 1491 2500 Gestatorium
1525 2445 1688 2512 igitur
1719 2460 1823 2498 non
1856 2459 1949 2500 so-

374 2530 486 2587 lum
517 2543 601 2590 est
631 2549 762 2591 caro
792 2533 952 2601 Jesu,
985 2536 1078 2589 sed
1110 2543 1165 2589 et
1194 2535 1308 2605 ipsa
1344 2532 1581 2588 Ecclesia
1608 2574 1622 2597 ,
1661 2553 1680 2586 ι
1708 2551 1828 2604 qua:
1859 2544 1948 2591 est

376 2640 575 2696 corpus
619 2627 787 2697 ipsius
815 2625 886 2692 “,
917 2645 936 2678 ι
967 2634 1250 2695 propterea
1290 2625 1433 2695 quod
1477 2625 1637 2695 digna
1684 2624 1823 2680 facta
1867 2635 1951 2681 est

376 2732 498 2788 quas
528 2718 704 2789 ipsum
740 2715 1203 2788 geSIaretFilinm
1248 2715 1383 2781 Dei,
1429 2716 1583 2785 juxta
1635 2715 1949 2786 Apostolnm

378 2809 646 2864 dicentem
676 2827 690 2863 :
722 2827 742 2861 ι
769 2807 1083 2864 Gloriﬁcate
1107 2846 1122 2872 ,
1154 2815 1209 2861 et
1241 2816 1454 2875 portate
1489 2808 1659 2863 Deum
1696 2807 1747 2862 in
1784 2823 1953 2862 mem-

375 2902 494 2957 bris
537 2901 734 2973 vestris
763 2900 831 2953 ".
866 2917 884 2951 ι
916 2897 1031 2955 lloc
1078 2898 1242 2969 igitur
1289 2899 1680 2968 gestatorium,
1732 2914 1953 2954 carnem

376 2994 589 3051 scilicet
619 2992 747 3048 Jesu
784 3032 800 3060 ,
850 2991 1147 3062 spiritualis
1185 2990 1438 3045 Salomon
1470 2991 1573 3045 sibi
1602 2989 1769 3047 fecit:
1801 3009 1820 3043 ι
1852 2990 1955 3047 Sa-

377 3086 585 3157 pientia
638 3084 784 3141 enim
814 3083 1102 3140 aediﬁcavit
1133 3081 1236 3137 sibi
1278 3082 1495 3147 domum
1541 3082 1609 3135 “.
1648 3101 1669 3135 ι
1700 3082 1768 3137 Et
1810 3084 1954 3139 unde

377 3178 485 3234 hoc
515 3177 872 3250 gestatorium
899 3175 923 3230 ’ί
955 3193 974 3228 ι
1006 3174 1084 3229 Ex
1118 3173 1282 3244 lignis
1312 3172 1504 3227 Libani
1539 3192 1553 3228 :
1588 3192 1607 3226 ι
1644 3175 1956 3245 intelligens

380 3287 452 3327 ex
497 3270 705 3327 sanctis
736 3269 1051 3325 hominibus
1085 3268 1178 3338 qni
1208 3269 1261 3321 in
1279 3265 1394 3335 ejus
1419 3268 1771 3339 generatione
1799 3283 1958 3323 enar-

381 3373 596 3429 rantur,
627 3361 898 3418 Abraham
919 3399 936 3428 ,
965 3360 1143 3426 Isaac,
1173 3357 1340 3414 Jacob
1362 3369 1418 3414 et
1446 3358 1537 3428 qui
1572 3359 1848 3428 deinceps.

450 3540 713 3599 LXXXV.
734 3543 901 3599 Vens.
921 3542 1009 3598 10.
1045 3540 1333 3597 Columnas
1367 3543 1479 3609 eius
1510 3539 1631 3609 fecit
1663 3548 1953 3609 argentum.

442 3635 748 3710 golumttas
796 3649 901 3689 non
943 3633 1078 3688 alios
1130 3631 1486 3697 intellexeris,
1534 3646 1697 3701 quam
1743 3638 1961 3685 sanctos

384 3726 688 3797 apostolos;
712 3725 802 3795 qui
832 3724 1223 3787 .columnarum
1265 3724 1439 3777 instar
1476 3721 1829 3791 gestatorium
1858 3722 1962 3777 hoc

385 3823 622 3885 portant.
653 3815 802 3880 Quod
836 3822 1015 3868 autem
1057 3813 1321 3868 columnae
1353 3812 1461 3867 sint
1485 3811 1732 3882 apostoli,
1761 3821 1962 3882 praesto

384 3916 468 3963 est
499 3905 698 3961 Paulus
719 3906 941 3961 dicens:
980 3923 1000 3957 ι
1029 3904 1197 3959 Jacob
1227 3915 1283 3959 et
1307 3902 1569 3967 Joannes,
1594 3903 1686 3973 qui
1710 3904 1960 3958 videntur

384 4012 506 4054 esse
547 3997 813 4054 columnae
829 3997 902 4047 ".
939 4015 958 4049 ι
988 3996 1284 4065 Argentum
1320 4009 1451 4050 vero
1498 3995 1644 4064 ipsos
1688 3994 1957 4064 appellat,

384 4090 640 4160 quoniam
676 4089 826 4145 velut
852 4095 1136 4156 argentum
1168 4087 1519 4158 Splendebant
1548 4088 1617 4142 ob
1646 4087 1826 4154 ﬁdem,
1859 4087 1963 4142 mi-

384 4182 694 4239 nistrabant
720 4196 849 4237 vero
873 4178 1130 4236 Ecclesiae
1162 4176 1216 4233 in
1248 4176 1518 4249 spirituali
1550 4177 1819 4233 convivio.

455 4386 745 4444 LXXXVI.
772 4386 841 4441 Et
871 4386 1275 4453 acclinatoriunt
1297 4384 1413 4455 ejus
1445 4399 1687 4438 aureum.

2056 1901 2273 1974 ὡμίλει.
2327 1900 2490 1955 Ἀλλά
2520 1900 2613 1955 καὶ
2641 1899 2892 1972 καθάπερ
2922 1900 2971 1952 οἱ
3009 1899 3402 1972 προερχόμενοι
3436 1897 3642 1951 ὕπατοι

2054 1997 2259 2069 φορείῳ
2296 1995 2681 2069 προέρχονται,
2723 1995 2819 2048 καὶ
2861 1993 2931 2047 δι’
2973 1992 3154 2048 αὐτῶν
3197 1991 3265 2045 τὰ
3299 1991 3506 2062 κόσμου
3544 1987 3645 2059 βε-

2055 2088 2336 2143 ϐαιοῦνται
2371 2088 2696 2160 πράγματα,
2728 2085 2831 2156 τῆς
2868 2084 3170 2156 συγκλήτου
3191 2082 3252 2136 τὸ
3292 2080 3507 2150 ἀξίωμα
3537 2097 3642 2148 φε-

2058 2182 2261 2255 ρόντων
2294 2180 2408 2251 (55)
2426 2197 2440 2211 ·
2470 2178 2644 2243 οὕτως
2672 2177 2873 2249 ὁμοίως
2890 2178 2948 2231 ὲν
2973 2177 3041 2247 τῇ
3078 2174 3239 2246 σαρκὶ
3272 2172 3367 2226 τοῦ
3394 2174 3645 2241 Move-{c-

2058 2272 2182 2336 νοῦς
2215 2274 2249 2344 ή
2303 2270 2720 2342 συγκαλουμένη
2782 2267 2921 2339 αὑτὴ
2975 2266 3117 2336 ἁγία.
3149 2264 3487 2335 Ἐκκλησία,
3537 2263 3645 2317 καὶ

2058 2363 2197 2434 αὑτὴ
2240 2361 2404 2416 αὑτοῦ
2438 2361 2646 2431 γίνεται
2683 2361 2923 2430 φορεῖον,
2968 2357 3029 2409 ού
3075 2354 3143 2409 τὰ
3187 2354 3279 2408 τοῦ
3315 2354 3519 2424 κόσμου
3556 2352 3644 2423 Bo-

2055 2453 2351 2525 ϐαιουμένη
2386 2452 2709 2523 πράγματα,
2742 2448 2878 2502 ἀλλά
2918 2447 3017 2518 τῆς
3048 2446 3299 2517 οὐρανίου
3354 2443 3642 2516 βασιλείας

2056 2546 2142 2614 ἐφ’
2177 2545 2383 2615 ἑαυτῆς
2424 2544 2667 2614 φέρουσα
2708 2541 2979 2611 δόγματα.
3016 2540 3235 2609 Φορεῖον
3280 2533 3372 2591 οὖν
3429 2536 3538 2608 (56)
3571 2536 3640 2590 οὐ

2055 2637 2216 2709 μόνον
2257 2638 2291 2708 ἡ
2334 2634 2471 2707 σὰρξ
2505 2632 2703 2703 Ἰησοῦ,
2741 2631 2879 2685 ἀλλὰ
2918 2630 3014 2684 καὶ
3053 2628 3194 2700 αὐτὴ
3233 2630 3267 2701 ἡ
3307 2627 3629 2700 Ἐκκλησία,

2058 2745 2077 2778 ι
2097 2726 2220 2796 ἥτις
2242 2724 2357 2777 ἐστὶ
2378 2723 2437 2776 τὸ
2461 2721 2618 2793 σῶμα
2636 2719 2819 2787 αὐτοῦ,
2833 2738 2851 2771 ι
2870 2718 2957 2772 διὰ
2971 2718 3032 2772 τὸ
3057 2716 3444 2782 καταξιοῦσοαι
3468 2716 3641 2771 αὑτὸν

2063 2818 2252 2889 φορεῖν
2304 2815 2396 2869 τὸν
2446 2814 2575 2868 Υἱὸν
2633 2813 2728 2866 τοῦ
2796 2810 2967 2875 Θεοῦ,
3034 2810 3176 2865 κατά
3230 2811 3322 2864 τὸν
3367 2810 3592 2880 λέγοντα
3622 2828 3640 2843 ’

2062 2929 2083 2962 ι
2101 2906 2370 2973 Δοξάσατε
2395 2905 2505 2979 ἄρα
2525 2905 2615 2959 τὸν
2641 2904 2773 2958 Θεὸν
2802 2905 2860 2957 ὲν
2887 2905 3001 2967 τοῖς
3037 2903 3255 2974 μέλεσιν
3274 2902 3427 2973 ὑμῶν
3462 2901 3595 2973 (57).
3614 2921 3638 2954 ι

2058 3000 2228 3053 Τοῦτο
2271 2993 2364 3051 οὖν
2407 2996 2468 3050 τὸ
2522 2997 2760 3066 φορεῖον,
2808 2993 2907 3066 τὴν
2962 2992 3143 3065 σάρκα
3205 2991 3350 3061 λέγω
3388 2990 3501 3064 (58)
3542 2991 3643 3044 τοῦ

2070 3090 2274 3163 Ἰησοῦ,
2318 3091 2347 3143 ὁ
2390 3082 3059 3158 πνευματικὸςσΣαλομὼν
3108 3082 3366 3155 ἐποίησεν
3423 3080 3643 3153 ἑαυτῷ·

2067 3203 2085 3236 ι
2120 3184 2185 3236 Ἦ
2214 3180 2377 3252 σοφία
2399 3181 2505 3252 γὰρ
2530 3177 2884 3249 ᾠκοδόμησεν
2920 3176 3086 3246 ἑαυτῇ
3117 3170 3316 3228 οἶκον.)
3345 3174 3453 3228 Καὶ
3476 3172 3650 3227 πόθεν

2057 3276 2119 3330 τὸ
2155 3276 2400 3345 φορεῖον;
2436 3291 2455 3323 ι
2502 3269 2638 3323 Ἀπὸ
2665 3268 2838 3334 ξύλων
2878 3266 2973 3320 τοῦ
3002 3265 3271 3321 Λιϐάνουο
3312 3284 3332 3318 ι
3369 3265 3456 3320 ἴνα
3485 3266 3647 3337 εἴπῃ,

2058 3366 2168 3421 ἀπὸ
2191 3365 2299 3418 τῶν
2340 3359 2849 3433 γενεαλογουμένων
2883 3358 3053 3427 ἁγίων
3084 3357 3322 3431 ἀνδρῶν,
3363 3355 3646 3428 Ἀϐραὰμ,

2071 3456 2280 3520 Ἰσαὰκ,
2316 3454 2536 3518 Ἰακὼϐ,
2565 3454 2660 3507 καὶ
2694 3451 2802 3505 τῶν
2836 3449 3093 3521 καθεξῆς.
3472 3519 3479 3526 ἡ

2060 3548 2182 3601 IIE'.
2203 3547 2294 3599 Στ.
2320 3552 2371 3599 ι’.
2390 3546 2661 3609 Στύλους
2680 3541 2867 3596 αὐτοῦ
2894 3541 3185 3609 ἐποίησεν
3206 3539 3646 3610 ἀργυρωνβῦι.

2131 3638 2364 3700 Στύλους
2403 3637 2477 3708 μὴ
2527 3635 2719 3698 ἄλλους
2765 3634 2984 3705 νοήσῃς,
3044 3631 3158 3685 ἀλλ’
3196 3632 3230 3702 ἦ
3278 3633 3404 3695 τοὺς
3450 3631 3649 3700 ἁγίους

2060 3730 2409 3794 ἀποστόλους,
2438 3728 2633 3792 οἵτινες
2661 3725 2868 3780 στύλων
2897 3726 3052 3796 δίκην
3080 3724 3142 3777 τὸ
3177 3726 3394 3796 φορεῖον
3441 3723 3648 3794 βαστά-

2062 3824 2213 3889 ζουσι
2241 3822 2418 3876 τοῦτο.
2464 3822 2587 3875 ’Ότι
2632 3820 2689 3875 δὲ
2730 3818 2909 3873 στύλοι
2956 3820 3006 3872 oi
3048 3817 3361 3882 ἀπόστολοι,
3407 3817 3649 3885 πάρεστι

2063 3915 2277 3979 Παῦλος
2317 3906 2517 3983 λέγων’
2560 3931 2579 3964 ι
2617 3911 2870 3974 Ἰάκωϐος
2898 3910 2992 3964 καὶ
3009 3910 3120 3979 (60)
3164 3911 3435 3981 Ἰωάννης,
3470 3910 3519 3961 ei
3555 3909 3648 3962 δο-

2064 4006 2286 4070 κοῦντες
2318 4005 2497 4060 στύλοι
2536 3999 2694 4059 εἶναι.
2729 4023 2746 4054 ι
2805 4001 3090 4074 Ἀργύριον
3125 4001 3181 4054 δὲ
3226 4000 3421 4064 αὐτοὺς
3470 3998 3645 4069 λέγει,

2066 4098 2363 4170 ἐπειδήπερ
2406 4096 2673 4169 ἀργυρίου
2719 4095 2875 4165 δίκην
2928 4092 3170 4165 λαμπροὶ
3230 4092 3327 4163 μὲν
3384 4087 3524 4163 ἦσαν
3573 4095 3645 4164 τῇ

2068 4190 2282 4245 πίστει·
2316 4188 2587 4261 ὑπηρέται
2616 4188 2673 4240 δὲ
2702 4188 2780 4251 είς
2816 4186 2915 4257 τὴν
2950 4185 3276 4261 Ἐκκλησίαν
3303 4186 3370 4256 τῇ
3401 4200 3636 4254 πνευμα·

2067 4287 2191 4356 τικῇ
2233 4283 2488 4337 ἑστιάσει.
3157 4258 3168 4276 ’

2140 4393 2282 4464 HG’.
2312 4394 2419 4449 Καὶ
2450 4393 2559 4466 (61)
2593 4391 2919 4448 ἀνὰχλιτον
2946 4389 3131 4445 αὐτοῦ
3165 4388 3446 4459 χρύσεον.

456 4486 638 4540 Aureo
680 4485 1030 4541 acclinatorio
1071 4493 1357 4555 martyres,
1413 4483 1626 4551 opinor,
1674 4481 1948 4537 assimilat.

2133 4485 2355 4559 Χρυσῷ,
2386 4481 2559 4556 οἶμαι,
2579 4483 2850 4553 ἀνακλίτῳ
2872 4482 2998 4546 τοὺς
3029 4482 3312 4553 μάρτυρας
3335 4475 3645 4539 ἀπεικάζει.

384 4574 573 4647 Neque
597 4577 743 4631 enim
767 4587 923 4647 putes
950 4576 1173 4630 minoris
1195 4586 1314 4627 esse
1340 4572 1706 4643 apostolorum
1734 4572 1958 4627 chorum

385 4685 548 4739 quam
580 4679 900 4741 martyrum.
939 4669 1147 4723 Etenim
1179 4668 1277 4739 ipsi
1315 4680 1530 4736 quoque
1558 4665 1788 4735 apostoli
1817 4681 1960 4720 mar-

382 4759 588 4829 tyrium
614 4758 754 4827 passi
773 4768 917 4825 sunt,
947 4758 1271 4827 fueruntque
1290 4756 1506 4812 Christo
1521 4755 1959 4825 acclinalorium;

388 4864 514 4905 nam
559 4860 683 4907 ante
735 4851 975 4921 ipsorum
1025 4850 1280 4919 martyrio
1334 4847 1654 4918 Unigenitus
1707 4849 1958 4905 dixerat:

2068 4580 2180 4634 Kal.
2212 4578 2287 4651 μὴ
2316 4579 2545 4651 νομίσῃς
2580 4576 2836 4629 ἐλάττονα
2883 4574 2975 4627 τὸν
3022 4573 3130 4626 τῶν
3160 4570 3472 4651 ἀποστόλων
3504 4563 3645 4621 εἶναι

2068 4641 2228 4744 χορὸν
2258 4641 2352 4724 τοῦ
2380 4641 2515 4723 τῶν..
2536 4668 2849 4740 μαρτύρων.
2884 4666 2995 4719 Καὶ
3025 4666 3135 4736 γὰρ
3175 4665 3270 4717 κα)⁵
3298 4641 3644 4732 αύτοὶδὲμαρ-

2067 4762 2310 4834 τύρησαν
2354 4762 2405 4813 οἱ
2448 4760 2754 4822 ἀπόστολοι,
2787 4759 2879 4812 καὶ
2911 4757 3197 4834 γεγόνασιν
3239 4753 3526 4807 ἀνάκλιτον
3571 4750 3645 4821 re?

2068 4853 2113 4907 Χ
2120 4826 2309 4926 ριστῷ.
2344 4853 2460 4925 Πρὸ
2480 4851 2589 4924 γάρ
2611 4850 2712 4922 τῆς
2739 4826 3025 4921 αὐτῶνκμα
3036 4845 3259 4919 ρτυρίας
3285 4847 3314 4899 ὁ
3336 4842 3645 4913 Μονογενὴς

459 5029 505 5062 ⁸⁸
543 5028 734 5085 Matth.
764 5046 935 5085 xxvm
983 5028 1039 5084 Ξ.
1115 5028 1159 5060 ⁸³
1200 5027 1326 5082 ibid.
1363 5027 1416 5081 4.
1493 5025 1539 5057 ⁸⁵
1565 5023 1768 5081 Coloss.
1799 5041 1838 5093 ι,
1866 5026 1948 5082 ‘24.

2106 5030 2274 5086 lCor.
2296 5045 2373 5096 vr,
2406 5030 2496 5085 20.
2574 5031 2619 5062 ’⁸⁸
2646 5031 2803 5086 Prov.
2833 5045 2910 5098 ιχ,
2942 5029 2994 5084 1.
3072 5028 3117 5061 ⁸⁷
3139 5024 3317 5083 Galat.
3344 5042 3420 5094 ιι,
3445 5026 3500 5083 9.

464 5217 579 5291 (55)
621 5218 712 5273 Sic
743 5218 974 5274 fortasse
998 5217 1304 5288 legendum.
1346 5214 1546 5272 Omnes
1585 5214 1739 5269 codd.
1770 5215 1971 5272 habent
2077 5219 2155 5274 dit
2179 5219 2541 5291 adComplut.
2573 5218 2857 5291 ἀργυρίου.

390 5288 685 5360 φερούσηςτ

465 5354 579 5426 (56)
622 5354 752 5413 Οὗν
774 5373 837 5412 ex
868 5356 1057 5411 Vallic.

2149 5289 2263 5361 (60)
2290 5282 2579 5345 Adnotavit
2609 5282 2779 5345 vetor.
2827 5286 3101 5361 versionis‘
3125 5282 3639 5361 editorude‘scripto-

2077 5354 2168 5415 ris'
2194 5354 2402 5415 incuria
2427 5362 2615 5416 deesse
2644 5360 2729 5413 hic
2755 5372 2948 5413 nomen
2973 5355 3205 5424 Cephas.
3233 5354 3336 5408 Sed
3371 5356 3439 5407 ab
3469 5354 3639 5424 onmi-

435 5422 580 5515 -(57)
612 5428 786 5515 Ve")?
819 5425 1724 5515 sroswli_:°:'1'1!isﬁesseéhrbv
1749 5424 1948 5515 Ρεέλνέ

2083 5431 2375 5515 bnsetiam
2406 5447 2540 5515 quos
2584 5429 2798 5498 quidem
2833 5422 3096 5508 noverim,
3122 5424 3324 5479 Graecis
3351 5422 3628 5479 codicibus

392 5495 486 5569 τῷ
509 5495 731 5569 σώματι
756 5498 930 5567 ὑμῶν.
966 5498 1230 5553 Caeterum
1264 5498 1314 5550 in
1350 5498 1435 5551 ilia
1470 5495 1600 5552 voce
1616 5497 1723 5569 ἀρα
1749 5495 1948 5569 fortass

2083 5501 2207 5555 illud
2249 5495 2442 5555 nomen
2474 5495 2661 5569 abesse
2685 5497 2944 5569 comperi.

395 5553 895 5639 delitescitﬁpa'tts,
927 5585 943 5617 ι
972 5574 1201 5639 portate,
1231 5586 1250 5618 δ
1289 5581 1449 5639 qnam
1475 5553 1667 5621 vocem
1694 5565 1855 5620 habet
1882 5580 1974 5620 so-

395 5634 483 5693 lus
524 5638 651 5695 Novi
677 5634 1005 5692 Te’stamenti
1042 5634 1616 5706 Vulgatus'interpres.

471 5709 583 5852 (58)
617 5709 690 5763 Ex
717 5707 891 5777 λέγων
927 5706 1028 5764 feci
1050 5707 1214 5777 λέγω.

499 5780 592 5852 59)
630 5778 811 5835 \‘allic.
850 5778 1170 5851 ἀργυρίους,
1202 5793 1214 5829 ι

499 5776 592 5852 59')
630 5778 811 5835 \‘allic.
850 5776 1170 5851 ἀργυρίους,
1202 5791 1319 5848 qua:
1346 5776 1507 5836 lectio
1537 5777 1777 5851 proxime
1810 5791 1967 5834 acce-

2153 5570 2264 5640 (61)
2302 5570 2466 5623 Abest
2499 5567 2591 5622 καί
2616 5583 2692 5640 -ιιη
2718 5566 2907 5640 Xallic.
2958 5575 3014 5621 et
3044 5565 3205 5620 Barb.
3249 5577 3409 5633 qnam
3449 5576 3637 5640 _vo_cetr

2085 5632 2297 5721 reposui
2324 5639 2587 5720 exsacris
2616 5635 2822 5704 Bibliis,
2858 5652 2978 5693 cum
3012 5644 3272 5707 praeterea
3293 5646 3412 5689 eam
3449 5632 3636 5689 habear

2080 5717 2240 5766 ctiam
2264 5717 2369 5764 vel.
2396 5717 2675 5762 interpres.
