3810 6310
340 313 406 369 9|
1442 306 1757 365 PIIILONIS
1797 306 2105 366 EPISCOPI
2146 308 2466 364 CARPASII
3523 314 3598 373 92

412 424 534 482 Non
575 432 776 491 tacere,
828 423 922 480 sed
957 422 1202 480 conﬁteri
1268 431 1482 495 oportet
1526 439 1675 496 spem
1716 426 1912 482 saluta~

2094 424 2168 478 Οὐ
2199 422 2505 478 σιωπᾶσθαι
2533 422 2632 487 δεῖ,
2661 421 2776 477 ἀλλ’
2800 422 3175 494 ὁμολογεῖσθαι
3206 423 3304 497 τὴν
3330 426 3597 498 σωτήριον

339 532 479 574 rem.

413 604 617 663 XCVII.
650 607 812 661 Vsus.
837 605 893 660 ι.
937 603 1087 660 Sicut
1119 606 1280 659 turris
1320 605 1491 660 Dauid
1524 607 1714 661 collum
1744 617 1913 676 tuum,
1994 644 1997 647 λ

339 714 457 772 qua:
484 698 746 767 wdiﬁcata
775 706 848 752 est
882 698 936 751 in
965 695 1266 765 Thalpiollt.

414 790 625 846 Collum
665 788 782 855 eius
841 788 1032 843 deﬁnit
1084 788 1378 844 humanum
1443 788 1604 846 Verbi
1639 791 1918 848 characte-

343 897 483 938 rem.
520 880 599 936 Ex
627 882 790 936 David
818 882 961 935 enim
991 891 1145 937 ortus
1190 890 1275 937 est
1306 882 1564 937 Dominus
1617 885 1914 939 secundum

344 988 584 1030 carnem.
649 974 997 1029 Assimilatur
1036 990 1165 1030 vero
1202 976 1356 1030 turri.
1418 975 1607 1031 Turris
1646 978 1793 1031 enim
1836 978 1919 1032 in-

296 1130 301 1135 ~
344 1074 481 1131 star,
511 1065 601 1135 qui
641 1066 708 1120 ad
737 1079 863 1121 eam
893 1065 1240 1137 confugiunt,
1283 1066 1517 1137 protegit
1546 1080 1577 1120 a
1624 1065 1776 1121 bellis
1802 1067 1918 1121 dia-

340 1157 469 1213 bdli.
505 1158 572 1212 Et
610 1158 760 1227 iuxta
792 1158 960 1212 David
994 1176 1011 1214 :
1061 1177 1080 1209 ι
1117 1157 1307 1212 Turris
1361 1156 1693 1213 fortitudinis
1724 1173 1752 1211 a
1780 1157 1920 1214 facie

341 1248 545 1303 inimici
582 1248 649 1303 ⁸³.
676 1268 696 1302 ι
729 1277 797 1288 -
826 1266 845 1300 ι
882 1247 1012 1315 Quae
1039 1245 1304 1301 tediiicata
1349 1256 1433 1302 est
1470 1247 1523 1301 in
1555 1246 1863 1317 Thalpioth.
1888 1266 1909 1301 ›

340 1339 629 1410 Thalpioth
686 1340 1075 1411 interpretatur
1116 1338 1398 1395 excelsum.
1445 1338 1652 1395 Revera
1686 1342 1829 1395 enim
1863 1340 1917 1395 in

340 1432 559 1489 excelso
586 1433 758 1502 ipsum
797 1432 1044 1504 (collum)
1097 1431 1419 1487 aediﬁcatum
1467 1440 1569 1498 est,
1598 1430 1699 1486 hoc
1722 1442 1827 1499 est,
1863 1431 1915 1485 in

340 1522 517 1580 Verbo
555 1524 670 1590 Dei,
702 1525 843 1596 quod
876 1534 1001 1579 ante
1027 1523 1244 1580 sacula.
1277 1542 1296 1576 ι
1327 1522 1559 1580 Verbum
1592 1542 1613 1575 ι
1647 1523 1812 1586 enim,
1843 1522 1920 1577 ait

342 1615 622 1686 Scriptura
648 1616 713 1682 “,
748 1636 767 1669 ι
800 1632 927 1671 caro
961 1617 1162 1672 factum
1209 1622 1314 1680 est,
1339 1625 1395 1669 et
1447 1614 1711 1669 habitavit
1736 1615 1789 1668 in
1818 1629 1918 1668 no-

339 1706 464 1773 bis;
497 1725 515 1758 ι
547 1714 643 1762 et:
686 1727 704 1760 ι
743 1707 1016 1778 Sapientia
1052 1707 1348 1762 mdilicavit
1394 1706 1495 1761 sibi
1545 1706 1765 1761 domum
1791 1704 1858 1759 ".
1892 1723 1914 1757 ι

2028 516 2237 569 ἐλπίδα.

2098 609 2211 674 kZ'.
2252 607 2340 659 Στ.
2385 605 2446 661 δ’.
2489 606 2582 671 Ὠς
2618 619 2846 677 πυργος
2864 606 3038 661 Δαϐὶδ
3066 606 3359 677 τράχηλος
3392 622 3534 675 σου,
3563 611 3600 665 ὀ

2022 697 2475 767 ᾠκοδομημένος
2499 699 2568 752 ἐν
2595 699 2668 769 (2)
2702 699 2991 754 Θαλπιώθ.

2102 788 2386 860 Τράχηλον
2418 789 2588 858 αὐτῆς
2627 789 2867 860 ὁρίζεται
2896 790 2986 844 τὸν
3016 790 3351 863 ἀνθρώπειον
3375 813 3469 850 του
3496 816 3603 851 Λο-

2027 896 2123 948 γου
2163 881 2507 951 χαρακτῆρα.
2572 882 2665 934 Ἐκ
2703 882 2864 934 Δαϐὶδ
2907 883 3015 954 γὰρ
3060 886 3088 937 ὁ
3127 884 3329 956 Κύριος
3360 887 3420 940 τὸ
3459 890 3604 945 κατὰ

2028 971 2226 1043 σάρκα.
2272 971 2654 1036 Ἀπεικάζεται
2698 973 2755 1026 δὲ
2798 972 3021 1044 πύργῳ’
3056 975 3241 1047 ἐπειδὴ
3276 976 3485 1048 πύργου
3522 979 3605 1032 δί-

2026 1080 2128 1133 κην
2167 1064 2293 1126 τοὺς
2322 1063 2414 1116 ὑπ’
2450 1064 2611 1117 αὐτὸν
2654 1066 3091 1134 καταφεύγοντας
3129 1069 3318 1121 σκέπει
3353 1071 3461 1123 ἀπὸ
3489 1071 3603 1126 τῶν

2025 1152 2119 1205 τοῦ
2150 1152 2395 1207 διαϐόλου
2431 1153 2702 1222 πολέμων.
2737 1155 2845 1208 Καὶ
2877 1154 3019 1209 κατὰ
3041 1156 3131 1210 τὸν
3160 1157 3323 1211 Δαϐίδ
3343 1175 3354 1185 ·
3399 1178 3416 1210 ι
3454 1160 3605 1229 Πύρ-

2026 1260 2122 1312 γος
2158 1243 2337 1313 ίσχύος
2369 1244 2477 1301 ἀπὸ
2505 1244 2798 1316 προσώπου
2834 1246 3048 1318 ἐχθροῦ.
3085 1266 3103 1299 ι
3134 1248 3206 1301 Τὸ
3236 1248 3313 1311 δὲ,
3350 1270 3369 1299 ι
3405 1250 3606 1322 ᾠκοδο-

2031 1333 2275 1404 μημένος
2312 1336 2369 1388 ὲν
2415 1332 2705 1399 Θαλπιὼθ,
2756 1355 2775 1388 ι
2813 1336 3063 1390 Θαλπιὼθ
3113 1337 3189 1408 (5)
3238 1339 3606 1410 ἑρμηνεύεται

2029 1424 2299 1493 ὑψηλόν.
2361 1426 2449 1479 Ἐν
2504 1424 2691 1497 ὑψηλῷ
2753 1427 2861 1497 γὰρ
2902 1427 3069 1492 ὅντως
3121 1429 3464 1502 ᾠκοδόμηται
3505 1433 3609 1486 αὑ-

2024 1515 2153 1577 τός·
2194 1516 2332 1588 ὅπερ
2377 1517 2543 1571 ἐστὶν.
2599 1518 2658 1570 ὲν
2705 1517 2784 1589 τῷ
2823 1517 2916 1572 τοῦ
2961 1518 3095 1573 Θεοῦ
3148 1521 3305 1592 Λόγῳ
3351 1522 3430 1592 τῴ
3495 1523 3610 1594 πρὸ

2026 1604 2255 1661 αἰώνων.
2290 1626 2309 1659 ι
2366 1607 2424 1661 '0
2457 1608 2629 1677 Λόγος
2668 1628 2687 1661 ι
2732 1610 2861 1682 γὰρ,
2898 1611 3051 1681 φησὶ,
3102 1628 3121 1661 ι
3178 1612 3315 1684 σὰρξ
3362 1613 3604 1681 ἐγένετο,

2027 1698 2118 1752 καὶ
2143 1698 2450 1771 ἐσκήνωσεν
2473 1701 2530 1753 ἐν
2564 1702 2724 1771 ἡμῖν’
2764 1721 2782 1753 ι
2812 1702 2921 1768 καὶ,
2963 1721 2982 1754 ι
3043 1704 3109 1756 Ἥ
3140 1704 3300 1773 σοφία
3321 1705 3606 1777 ᾠκοδόμη-

340 1796 469 1854 llaec
490 1799 683 1855 domus
715 1800 766 1853 in
794 1800 1008 1855 excelso
1037 1799 1299 1855 aediﬁcata
1334 1808 1416 1855 est
1446 1800 1498 1855 in
1532 1799 1691 1865 Filio,
1724 1812 1912 1855 secun-

2044 1806 2118 1843 ιεν
2149 1791 2315 1863 ἑαυτῇ
2355 1787 2524 1847 οἷκον.
2561 1812 2580 1846 ι
2618 1788 2784 1857 Οὗτος
2826 1795 2855 1847 ὁ
2900 1791 3043 1860 οἶκος
3075 1798 3132 1849 ὲν
3170 1796 3358 1869 ὑψηλῷ
3398 1798 3606 1869 ᾠκοδο-

341 1886 471 1941 dum
499 1902 622 1943 eum
649 1889 740 1959 qui
781 1889 946 1944 dicit:
988 1907 1007 1941 ‹
1060 1889 1162 1956 Qui
1210 1888 1262 1943 in
1295 1889 1420 1945 altis
1459 1890 1686 1955 habitat,
1717 1898 1773 1944 et
1818 1889 1923 1944 hu—

340 1978 489 2034 milia
524 1979 745 2049 respicit
778 1981 842 2036 “.
881 1999 901 2034 ι
934 1981 1053 2035 Vin’
1083 1992 1135 2036 tu
1185 1996 1402 2037 omnem
1434 1995 1763 2052 cognoscere
1802 1979 1925 2035 alti-

342 2070 622 2126 tudinem?
649 2071 845 2142 Aspice
890 2087 997 2128 non
1029 2073 1203 2129 solum
1240 2072 1292 2127 in
1324 2073 1418 2128 Dei
1449 2074 1708 2141 genitrice
1746 2072 1922 2127 Maria

339 2161 627 2217 editicium
671 2163 792 2218 Filii
821 2164 1078 2231 hominis,
1111 2164 1206 2219 sed
1238 2163 1367 2219 illud
1401 2163 1567 2218 etiam
1614 2162 1757 2234 quod
1781 2163 1920 2219 ultra

339 2256 514 2313 emlos
541 2265 660 2323 est;
693 2266 747 2311 et
769 2256 948 2312 throni
980 2256 1032 2311 in
1078 2256 1300 2311 dextera
1336 2255 1495 2325 positi
1535 2270 1658 2309 cum
1704 2263 1922 2324 stupore

345 2349 618 2403 demirare
663 2347 1026 2416 altitudinem,
1060 2362 1180 2417 qua:
1203 2347 1399 2402 dicitur
1431 2345 1742 2415 Thalpioth.

412 2439 641 2495 XCVIII.
668 2438 822 2495 Hille
846 2440 1012 2510 clypei
1037 2440 1260 2509 pendent
1287 2455 1446 2509 super
1470 2455 1608 2493 eam.

410 2533 613 2589 Omnes
665 2533 921 2588 nimirum
975 2531 1065 2601 qui
1120 2546 1151 2585 e
1194 2530 1409 2584 Christo
1465 2528 1727 2598 originem
1759 2542 1912 2582 suam

347 2626 593 2692 trahunt,
632 2634 685 2680 et
711 2640 773 2679 ex
830 2623 1029 2694 quibus
1082 2622 1200 2691 ipse
1253 2619 1400 2674 ducit
1447 2618 1734 2689 originem.
1783 2616 1918 2673 Cum

341 2732 472 2773 vero
503 2719 695 2773 audias
722 2715 888 2781 mille,
916 2730 983 2770 ne
1012 2727 1298 2769 numerum
1327 2720 1533 2766 tantum
1558 2711 1787 2775 cogites,
1822 2708 1920 2767 sed

342 2818 400 2864 et
429 2808 639 2864 numeri
664 2807 1072 2877 perfectionem.

414 2898 601 2955 XCIX.
646 2898 837 2954 Omnia
856 2898 1041 2968 jacula
1075 2898 1390 2966 potentium.

412 2988 623 3056 Jacula,
657 2998 721 3049 .ut
745 2991 1004 3057 arbitror,
1053 2989 1242 3046 delinit
1286 3002 1409 3043 esse
1455 3002 1624 3058 opera
1648 2984 1916 3054 iustiﬁca-

342 3083 571 3145 tionum,
597 3082 791 3151 quibus
819 3083 1102 3139 confossus
1124 3082 1374 3138 inimicus
1406 3080 1792 3150 prosternitur.

316 3224 323 3229 -
411 3193 474 3249 C.
506 3193 675 3250 Vsus.
705 3194 760 3250 5.
802 3193 921 3248 Duo
969 3195 1130 3248 ubera
1170 3201 1263 3247 tua
1310 3208 1468 3249 super
1500 3193 1698 3256 vinum,
1722 3200 1780 3245 ut
1813 3192 1916 3243 duo

335 3284 547 3339 hinnuli
572 3285 779 3355 gemelli
808 3302 1034 3353 caprae.

413 3375 526 3430 Duo
550 3377 734 3440 ubera,
764 3388 822 3429 ut
848 3392 1010 3447 supra
1040 3377 1246 3432 dictum
1276 3386 1382 3442 est,
1410 3386 1537 3430 sunt
1574 3376 1681 3429 duo
1726 3374 1921 3429 Testa-

341 3476 545 3521 menta.
572 3466 640 3521 Ut
687 3467 821 3522 duos
874 3468 1125 3522 hinnulos
1172 3483 1381 3536 caprea:
1412 3468 1541 3520 dicit
1587 3468 1759 3536 (quod
1806 3466 1920 3519 aui-

340 3558 447 3612 mal
489 3559 862 3613 acutissimum
899 3560 1115 3629 cernit),
1176 3559 1256 3614 sic
1307 3558 1399 3628 qui
1452 3575 1513 3614 se
1553 3560 1605 3612 in
1655 3558 1918 3627 spirituali

346 3650 572 3703 duorum
606 3649 1078 3705 Testamentorutn
1105 3650 1458 3705 meditatione
1476 3660 1754 3715 exercent,
1776 3651 1918 3706 acuti

339 3754 469 3797 sunt
496 3743 561 3797 ad
597 3743 1025 3813 intelligentiam.
1053 3742 1277 3798 Gemelli
1305 3758 1432 3798 vero
1464 3743 1672 3797 hinnuli
1700 3758 1909 3813 capreae

337 3835 614 3900 dicuntur,
674 3846 959 3905 propterea
1027 3836 1171 3906 quod
1227 3836 1514 3905 dupliciter
1582 3836 1919 3904 aspiciuntur

340 3926 736 3981 sententiarum
764 3928 1003 3997 mysticm
1031 3926 1442 3993 euarrationes;
1492 3942 1612 3995 quae
1642 3937 1694 3980 et
1722 3941 1917 3981 secun-

342 4017 469 4072 dum
509 4019 769 4088 litteram,
804 4037 960 4076 suam
989 4024 1191 4078 habent
1239 4022 1546 4083 utilitatem,
1577 4030 1630 4074 et
1659 4019 1917 4089 Spiritua-

341 4104 468 4161 liter
493 4108 663 4163 sacris
696 4111 939 4166 initiatos
964 4111 1263 4168 laetiﬁcum.
1294 4116 1299 4119 ’

409 4222 494 4279 CI.
538 4222 640 4289 Qui
666 4236 884 4294 pascunt
929 4228 1065 4281 inter
1108 4227 1224 4282 lilia
1268 4229 1431 4281 donec
1475 4229 1672 4297 aspiret
1719 4228 1829 4283 dies
1871 4241 1919 4285 et

341 4326 650 4369 moveantur
676 4319 892 4372 umbrae.

412 4404 573 4461 Tales
595 4408 739 4460 enim
780 4405 1023 4478 (initiati)
1080 4422 1374 4480 pascuntur
1421 4410 1566 4465 velut
1592 4411 1731 4466 inter
1773 4411 1909 4479 lilia,

342 4496 398 4551 in
440 4497 637 4554 divinis
687 4499 939 4569 eloquiis,
1004 4500 1176 4557 donec
1226 4504 1430 4572 aspirct
1495 4504 1917 4561 resurrectionis

338 4588 478 4653 dies,
511 4596 566 4643 et
589 4602 908 4647 moveantur
940 4592 1148 4647 umbra:
1179 4593 1339 4664 hujus
1368 4594 1512 4653 vitae.

412 4765 520 4822 CII.
564 4765 730 4823 Vnus.
765 4768 819 4824 6.
869 4767 967 4826 Ibo
999 4769 1128 4825 mihi
1156 4773 1226 4826 ad
1250 4784 1478 4829 montem
1509 4775 1739 4847 myrrha:
1766 4785 1813 4831 et
1845 4777 1915 4829 ad

342 4856 527 4911 collem
566 4857 775 4915 Libani.

2028 1884 2175 1956 μήθη
2216 1885 2274 1937 ὲν
2314 1884 2392 1954 τῷ
2424 1884 2573 1957 Υἱῷ,
2605 1886 2746 1940 κατὰ
2777 1887 2867 1941 τὸν
2899 1888 3156 1952 λέγοντα·
3199 1908 3217 1941 ι
3265 1889 3323 1943 'O
3360 1891 3419 1942 ὲν
3459 1889 3607 1961 ὑψη-

2024 1974 2136 2038 λοῖς
2192 1976 2493 2041 κατοικῶν,
2539 1964 2633 2031 καὶ
2679 1979 2908 2033 ταπεινὰ
2948 1978 3182 2052 ἐφορῶν.
3239 1999 3257 2032 ι
3309 1980 3492 2044 Θέλεις
3543 1980 3607 2035 δὲ

2023 2069 2224 2138 γνῶναι
2256 2068 2319 2121 τὸ
2350 2068 2483 2139 ὕψος
2521 2070 2678 2136 ὅ).ον;
2709 2070 2815 2124 Ἴδε
2853 2072 2914 2124 οὐ
2950 2071 3117 2143 μόνην
3146 2074 3203 2125 ἐν
3241 2074 3306 2144 τῇ
3349 2071 3606 2145 Θεοτόκῳ

2023 2156 2212 2229 Μαρίᾳ
2244 2158 2533 2231 οἰκοδομὴν
2579 2159 2674 2213 τοῦ
2707 2158 2838 2214 Υἰοῦ
2876 2161 2970 2215 τοῦ
2997 2161 3304 2233 ἀνθρώπου,
3332 2162 3470 2216 ἀλλὰ
3507 2164 3606 2217 καὶ

2022 2250 2122 2318 τὴν
2155 2248 2412 2303 ἐπέκεινα
2434 2250 2546 2304 τῶν
2585 2251 2852 2323 οὐρανῶν,
2888 2253 2980 2306 καὶ
3016 2253 3107 2307 τὸν
3141 2255 3198 2309 ἐν
3232 2253 3381 2324 δεξιᾷ
3410 2253 3605 2325 θρόνον

2023 2341 2403 2414 καταπλάγηθι
2435 2343 2497 2397 τὸ
2537 2343 2669 2414 ὕψος
2693 2345 2791 2414 (4),
2822 2346 2959 2417 ὅπερ
2982 2345 3199 2414 λέγεται
3230 2344 3508 2400 Θαλπιὼθ.

2090 2432 2210 2498 ιιΙΡ.
2239 2434 2430 2487 Χίλιοι
2454 2435 2652 2501 θιιρεοὶ
2688 2437 3007 2503 κρέμανται
3030 2436 3122 2488 ἐπ’
3148 2437 3335 2490 αὐτόν

2095 2522 2303 2585 Πάντες
2340 2525 2389 2577 οἱ
2416 2524 2475 2588 ἐξ
2503 2524 2668 2577 αὑτοῦ
2708 2526 3186 2597 γενεαλογούμενοι
3210 2528 3354 2597 ᾶγιοι
3373 2569 3388 2593 ,
3421 2529 3516 2582 καὶ
3541 2527 3602 2595 ἐξ

2022 2600 2098 2662 ὧν
2139 2609 2302 2674 αὐτὸς
2338 2611 2764 2680 γενεαλογεῖται.
2805 2614 3023 2679 Χιλίους
3065 2615 3121 2668 δὲ
3163 2617 3291 2670 ὅταν
3335 2616 3600 2690 ἀκούσῃς,

2024 2701 2101 2774 μὴ
2132 2701 2221 2756 τὸν
2254 2702 2486 2774 ἀριθμὸν
2519 2705 2627 2757 νόει
2663 2704 2855 2777 μόνον,
2888 2706 3024 2760 ἀλλὰ
3056 2708 3150 2762 κα)⁵
3181 2707 3279 2781 τὴν
3342 2708 3436 2763 τοῦ
3470 2711 3599 2782 ἀρι-

2022 2791 2160 2864 θμοῦ
2184 2792 2515 2864 τελειότητα.

2092 2883 2207 2952 ιιθθ.
2236 2885 2433 2941 Πᾶσαι
2457 2886 2707 2954 ,ϐολίδες
2738 2887 2853 2941 τῶν
2876 2887 3167 2945 δυνατῶν.
3285 2952 3291 2957 ,

2092 2976 2334 3042 Βολίδας,
2359 2975 2531 3050 οἶμαι,
2558 2979 2656 3043 τὰς
2684 2980 2908 3052 πράξεις
2935 2983 3040 3035 τῶν
3073 2983 3457 3054 δικαιωματων
3482 2986 3601 3058 69i-

2021 3067 2195 3134 ζεται,
2222 3068 2290 3122 δι’
2313 3062 2388 3124 ὧν
2412 3071 2908 3143 κατατοξευόμενος
2933 3075 2961 3125 ό
2986 3073 3177 3145 ἐχθρὸς
3202 3074 3492 3144 βολίζεται.

2095 3184 2173 3237 P'.
2210 3184 2302 3237 Στ.
2333 3190 2395 3240 ε’.
2426 3185 2543 3240 Δύο
2574 3188 2801 3255 μαστοί
2827 3202 2945 3243 σου
2962 3187 3114 3256 ὑπὲρ
3147 3184 3335 3256 οἶνον,
3362 3189 3444 3257 ὠς
3489 3189 3605 3245 δύο

2020 3276 2215 3341 νεϐροί
2240 3275 2474 3345 δίδυμοι
2496 3275 2806 3345 δορκάδος.
3099 3259 3109 3268 ⁸

2103 3366 2191 3431 Ὠς
2222 3369 2561 3440 προείρηται,
2596 3372 2792 3441 μαστοὶ
2822 3370 2934 3435 δύο,
2966 3372 3023 3426 αἱ
3064 3369 3158 3426 δύο
3181 3372 3467 3442 Διαθῆκαι.
3514 3376 3605 3438 Ὧς

2021 3458 2114 3512 δύο
2158 3460 2380 3531 νεϐροὺς
2408 3461 2662 3533 διδύμους
2711 3463 2969 3534 δορκάδος
3010 3463 3155 3533 λέγει
3190 3464 3270 3536 (τὸ
3309 3466 3444 3531 ζῶον
3476 3466 3606 3531 ὀξυ-

2021 3549 2252 3621 δερκές),
2285 3550 2427 3604 οὕτω
2464 3553 2559 3605 καὶ
2592 3554 2642 3605 ol
2673 3553 2770 3623 τὴν
2802 3553 3172 3625 πνευματικὴν
3204 3554 3311 3607 τῶν
3341 3554 3434 3609 δύο
3469 3558 3602 3609 Δια-

2023 3640 2206 3713 θηκῶν
2264 3641 2493 3714 μελέτην
2556 3644 2958 3715 ὲξασκήσαντες
3020 3646 3327 3718 ὀξυδερκεῖς
3389 3650 3467 3712 είς
3531 3647 3604 3703 τὰ

2022 3735 2268 3811 νοήματα
2318 3735 2689 3805 τυγχάνουσιη
2732 3736 2953 3806 Δίδυμοι
3005 3737 3061 3792 δὲ
3117 3739 3297 3810 νεϐροὶ
3348 3738 3600 3808 λέγονται

2022 3826 2300 3898 δορκάδος,
2329 3828 2517 3881 καθότι
2554 3828 2789 3899 διδύμως
2816 3829 3153 3901 καθορῶνται
3175 3829 3283 3884 τῶν
3312 3831 3602 3902 νοημάτων

2021 3920 2075 3972 αἱ
2100 3919 2359 3989 μυστικαὶ
2377 3919 2676 3990 διηγήσεις,
2705 3921 2797 3973 καὶ
2823 3920 2965 3975 κατὰ
2988 3922 3224 3993 γράμμα
3254 3922 3471 3993 ἔχουσαι
3497 3923 3601 3994 τὴν

2019 4008 2324 4078 ὠφέλειαν,
2354 4011 2449 4064 καὶ
2498 4012 2880 4081 πνευματικῶς
2924 4012 3310 4083 εύφραίνουσαι
3346 4013 3421 4085 (5)
3470 4013 3601 4078 τοὺς

2024 4104 2234 4175 μύστας

2090 4219 2212 4271 PA’.
2243 4222 2306 4271 Οι
2323 4233 2632 4287 νεμοιιενοι
2660 4218 2731 4271 ἐν
2755 4219 2998 4287 κρίνοις.
3023 4218 3133 4285 ἕως
3159 4215 3230 4275 οὗ
3261 4220 3597 4291 διαπνεὺσῃ

2022 4310 2059 4377 ἡ
2089 4309 2300 4378 ἡμέρα,
2330 4310 2428 4362 καὶ
2455 4308 2783 4376 κινηθῶσιν
2814 4313 2875 4363 αἱ
2918 4311 3107 4366 σκιαί.

2092 4398 2368 4469 Νέμονται
2409 4398 2517 4468 γὰρ
2548 4400 2596 4452 οἱ
2626 4398 2858 4452 τοιοῦτοι
2887 4398 3137 4469 καθάπερ
3167 4399 3224 4451 ὲν
3251 4399 3454 4471 κρίνοις
3484 4403 3599 4464 τοῖς

2023 4490 2117 4545 τοῦ
2171 4490 2306 4544 Θεοῦ
2347 4489 2656 4561 ἀνθρώποις
2698 4490 2797 4561 (6),
2838 4491 2943 4554 ἕως
2985 4485 3046 4543 οἶ)
3091 4490 3388 4563 διαπνεύσῃ
3432 4492 3466 4562 ἡ
3498 4492 3600 4561 τῆς

2022 4581 2373 4645 ἀναστάσεως
2404 4581 2607 4654 ἡμέρα,
2640 4584 2736 4635 καὶ
2764 4583 3057 4655 κινηθῶσιν
3089 4585 3144 4636 αἱ
3176 4584 3322 4636 σκιαὶ
3352 4583 3442 4636 τοῦ
3478 4584 3597 4654 βίου

2020 4673 2230 4728 τούτου.

2093 4768 2213 4823 PB’.
2250 4769 2339 4822 Στ.
2370 4773 2444 4833 ς’.
2487 4768 2863 4837 Πορεύσομαι
2901 4766 3136 4837 ἐμαυτῷ
3161 4767 3309 4837 πρὸς
3346 4780 3413 4819 το
3461 4786 3601 4835 ιιρος

2020 4858 2132 4926 τῆς
2178 4860 2483 4929 σμύρνης,
2526 4858 2627 4913 καὶ
2666 4858 2817 4928 πρὸς
2847 4859 2955 4915 τὸν
2988 4859 3224 4925 ,βουνὸν
3262 4858 3370 4913 τοῦ
3427 4859 3604 4913 Λιϐά-

2021 4966 2132 5005 νου
2166 4950 2263 5023 (7).

410 5084 456 5116 ⁸³
490 5082 633 5138 Psal.
665 5098 756 5147 ις,
780 5083 834 5141 4.
880 5083 928 5115 ⁸⁸
951 5084 1108 5139 Joan.
1134 5099 1175 5150 ι,
1204 5085 1293 5140 Η.
1369 5085 1413 5118 ⁸⁸
1440 5086 1597 5141 Prov.
1640 5104 1715 5154 ιχ,
1754 5088 1805 5142 1.
1884 5089 1912 5120 ⁶⁴

2044 5089 2119 5144 .aI.
2160 5088 2364 5154 cxn,5,
2398 5087 2449 5142 6.

412 5247 491 5316 (2)
520 5246 611 5301 Sic
638 5245 886 5314 Complut
940 5247 1116 5302 Emt’zo
1146 5246 1318 5303 Vatie.
1347 5247 1507 5303 habet
1534 5250 1632 5315 εἰς.

410 5317 487 5392 (ὅ)
512 5318 585 5392 Ita
612 5319 729 5392 cod.
764 5317 954 5392 Muli".
996 5319 1187 5372 Umteri
1214 5317 1274 5371 τὸ
1310 5318 1367 5371 δὲ
1402 5320 1825 5392 ᾠκοδομημένος
1860 5322 1918 5375 ἐν

334 5386 589 5442 eamea
623 5387 999 5458 ἑρμηνεύεται.

336 5459 485 5598 ὖψμ)
509 5454 702 5529 ιλεςοῖ
726 5454 820 5511 καὶ
855 5456 948 5510 τοῦ
971 5457 1028 5512 ὲν
1057 5454 1206 5527 δεξιᾷ
1229 5456 1421 5530 θρόνου
1453 5461 1832 5533 καταπλάγηθι
1855 5460 1916 5514 τὸ

413 5545 490 5592 ος.

413 5545 490 5592 ος.

412 5598 488 5666 (5)
527 5597 712 5672 ‘Barb.
784 5598 1186 5672 εὐφραίνονται.
1262 5594 1450 5656 Vallic.
1527 5600 1913 5672 εύφραίνουσα.

338 5665 628 5739 Emendavi
661 5665 1067 5739 εὐφραίνουσαι.

413 5738 491 5808 (6)
557 5736 670 5792 Non
735 5736 911 5809 potest
979 5740 1110 5797 ferri
1174 5740 1289 5798 haec
1352 5740 1533 5798 lectio.
1600 5740 1747 5814 Lego
1814 5742 1904 5797 λο-

2022 5251 2185 5321 γίοιςο
2219 5259 2273 5305 et
2307 5249 2410 5306 tale
2464 5252 2716 5321 quiddam
2772 5250 3025 5305 habuisse
3069 5251 3282 5305 videtur
3319 5251 3371 5304 in
3407 5251 3597 5305 (li-mm

2020 5320 2118 5376 suo
2160 5322 2344 5375 codice
2392 5332 2544 5375 vetus
2578 5323 2878 5390 interpres;
2906 5320 3013 5390 qui
3049 5330 3223 5375 tamen
3260 5322 3311 5375 iu
3348 5322 3449 5375 hoc
3477 5323 3595 5375 loco

2019 5394 2261 5461 sequitur
2297 5392 2377 5463 (ιιι
2406 5407 2550 5463 saepe
2598 5389 2850 5462 deinceps
2891 5389 3042 5463 facit)
3096 5392 3443 5457 sententiain,
3485 5408 3592 5447 ιιυιι

2017 5465 2202 5518 verba.

2094 5534 2170 5603 ('7)
2200 5531 2349 5603 Verti
2383 5540 2441 5585 ut
2472 5540 2577 5587 vet.
2614 5533 2899 5601 interpres.
2935 5549 2961 5603 ιν
3002 5531 3066 5603 ad
3097 5529 3287 5603 collem
3320 5530 3525 5593 Libani,
3567 5552 3586 5584 ι

2020 5604 2086 5658 ad
2118 5601 2283 5672 ipsius
2312 5602 2554 5657 Philonis
2581 5612 2857 5672 mentetng;
2880 5602 2967 5670 qui
3016 5601 3067 5655 in
3099 5602 3458 5671 explicatione
3490 5603 3589 5655 hu-

2013 5674 2103 5744 jus
2131 5669 2339 5744 versus,
2369 5689 2473 5726 non
2503 5673 2695 5743 accipit
2728 5669 2964 5727 Λιϐάνου
2992 5686 3091 5744 pro
3143 5669 3185 5723 «⁷
3207 5673 3385 5736 thure,
3422 5690 3441 5725 ι
3495 5672 3589 5726 sed

2015 5743 2114 5817 pro
2155 5763 2174 5797 ι
2212 5743 2433 5799 Libano.
2469 5760 2488 5794 ι
