3810 6336
172 352 260 409 ιιι
1064 346 1468 404 ENARRATIO
1507 347 1573 402 IN
1609 346 1962 405 CANTICUM
2001 348 2477 408 CANTICORUM.

3293 350 3394 405 106

166 463 332 521 τὰὲπὶ
363 461 466 532 τῆς
521 461 646 531 γῆς.
690 477 710 509 ι
769 458 1196 531 Ἐτραυμάτισεν
1243 457 1412 528 αὐτὴν
1469 457 1719 528 Ἰωάννης

1833 470 2019 514 terram
2054 461 2120 512 °'.
2151 481 2170 514 ι
2224 451 2538 519 Vulneravit
2581 477 2702 519 eam
2739 464 2974 522 Joannes
3007 467 3196 524 dicens
3229 485 3245 523 :
3285 489 3304 522 ι
3331 469 3394 528 Si

164 557 348 624 λέγων·
390 571 409 604 ι
460 553 526 605 El
571 549 736 615 αὐτὸς
776 551 876 622 τὴν
913 551 1092 622 ψυχὴν
1141 550 1308 604 αὑτοῦ
1340 549 1534 620 ἔθηκεν
1581 549 1720 620 ὑπὲρ

163 647 317 718 ἡμῶν,
359 645 458 698 καὶ
506 645 670 715 ἡμεῖς
719 642 1007 714 ὀφείλομεν
1050 642 1149 706 τὰς
1194 643 1374 713 ψυχὰς
1421 643 1561 714 ὑπὲρ
1613 643 1720 696 τῶν

168 738 383 808 ἀδελφῶν
423 737 620 791 θεῖναι.
673 756 694 790 ι
745 737 856 790 Καί
898 736 999 790 πού
1049 754 1132 800 τις
1179 738 1466 808 προφήτης
1504 736 1564 789 ὲν
1603 739 1721 801 ταῖς

166 831 449 892 Βασιλείαις
463 828 543 899 τῷ
568 828 942 900 παρεστηκότι
967 827 1117 896 λέγει
1135 844 1150 858 ο
1179 845 1199 879 ι
1244 829 1331 881 Ἐν
1353 828 1495 899 λόγῳ
1513 828 1721 900 Κυρίου

165 921 376 986 dua"
411 937 501 990 με·
536 939 557 972 ι
602 919 660 974 Ὀ
696 919 754 973 δὲ
791 919 890 972 οὐκ
927 918 1184 990 ἠθέλησε’
1218 919 1312 972 καὶ
1342 914 1496 971 εἶπεν
1531 917 1710 989 αὐτῷ·

169 1033 185 1067 ι
219 1013 344 1066 ’Δνθ’
367 1006 445 1066 ὧν
465 1013 568 1066 οὐκ
590 1012 704 1082 (64)
729 1013 988 1082 ἧκουσας,
1015 1010 1356 1076 ἐξελεύσεται
1380 1011 1518 1064 λέων
1539 1012 1604 1064 ὲκ
1625 1010 1719 1064 τοῦ

166 1106 366 1179 δρυμοῦ,
395 1106 495 1159 καὶ
533 1105 916 1174 καταφάγεταί
963 1121 1045 1157 σε.
1081 1122 1100 1156 ι
1157 1103 1374 1175 Ἐπειδὴ
1415 1102 1525 1176 γὰρ
1559 1119 1723 1158 πνευ-

167 1199 370 1271 ματικὸν
421 1193 492 1270 ἦν
527 1196 592 1249 τὺ
635 1195 912 1268 προτυπού
922 1213 1082 1267 μενον
1130 1195 1394 1266 πάταγμα
1415 1235 1432 1258 ,
1475 1195 1536 1248 ού
1579 1194 1718 1266 πρὸς

165 1290 415 1361 ἀναίρεσιν
445 1287 651 1359 ψυχῆς,
687 1286 824 1342 ἀλλά
865 1287 1002 1360 πρὸς
1049 1287 1110 1340 τὸ
1150 1287 1290 1366 ὑπὲρ
1334 1287 1468 1340 Θεοῦ
1503 1285 1720 1354 παθεῖν,

165 1382 296 1434 τοῦτο
337 1379 514 1443 οὕτως
550 1379 866 1450 γεγένηται.
912 1380 1040 1433 Ἐἀν
1078 1375 1174 1433 οὖν
1211 1379 1485 1451 προσέλθῃ
1519 1379 1604 1433 σοί
1638 1396 1723 1442 τις

166 1474 336 1541 λέγων’
371 1470 725 1542 Νουθὲτησόν
758 1489 825 1542 με
846 1488 859 1502 ·
903 1471 1052 1540 λέγει
1089 1489 1192 1535 σοι,
1234 1472 1477 1536 Πάταξόν
1507 1490 1596 1543 με,
1635 1472 1722 1525 ἴνα

166 1565 302 1618 αὐτοῦ
342 1565 444 1635 τὴν
491 1563 678 1634 σάρκα
718 1562 808 1616 διὰ
843 1563 944 1633 τῆς
982 1561 1266 1627 νουθεσίας
1306 1555 1587 1637 νεκρώσῃς
1627 1563 1721 1630 τοῦ

166 1653 438 1725 ἀπέχεσθαι
473 1655 642 1708 αὑτὸν
681 1654 790 1707 ἀπὸ
834 1655 1016 1726 πάσης
1060 1655 1356 1726 ἁμαρτίας.
1408 1656 1520 1710 Καὶ
1560 1657 1722 1710 πάλιν

165 1748 371 1819 ἀλλαχοῦ
409 1749 565 1819 λέγει
597 1750 626 1802 ὁ
656 1750 976 1822 προφήτηςο
1022 1768 1041 1800 ι
1083 1750 1468 1820 Τραυμάτισόν
1504 1767 1594 1821 με,
1627 1753 1723 1804 καὶ

170 1833 546 1906 ἐτραυμάτισεν
575 1834 740 1888 αὐτόν
769 1833 900 1904 (65).
941 1833 1384 1908 Ἀξιοπιστότερα
1417 1836 1526 1908 γὰρ
1550 1837 1717 1907 τραύ-

167 1943 288 1993 ματα
315 1926 495 1994 φίλου,
527 1925 562 1996 ἢ
595 1923 823 1978 ἑκούσια
845 1923 1128 1997 φιλήματα
1157 1925 1374 1997 ἐχθροῦ.
1409 1945 1426 1978 ι
1457 1927 1718 1999 Τραυμα-

165 2017 292 2070 roum
331 2018 441 2089 γὰρ
484 2016 630 2092 ιφ.λά
674 2016 966 2088 τραύματα
1011 2018 1061 2070 oi
1105 2017 1250 2085 ἆγιοι
1299 2021 1574 2090 προφῆται
1616 2018 1724 2090 τὴν.

164 2110 353 2182 νύμφην
385 2112 480 2164 καὶ
504 2111 556 2163 oi
597 2110 907 2164 ἀπόστολοι.
941 2109 1111 2162 Ὅταν
1143 2110 1253 2181 γὰρ
1283 2111 1400 2182 ἴδῃς
1432 2111 1718 2182 ἄνθρωπον

166 2204 376 2274 σήμερον
413 2203 514 2273 μὲν
551 2203 610 2255 ὲν
660 2201 942 2266 παλατίοις
989 2202 1374 2273 ἐξεταζόμενον
1415 2202 1714 2274 τρυφερὸν,

166 2294 244 2344 καὶ
265 2293 319 2345 ὲν
359 2292 629 2362 μαλακοῖς
665 2290 901 2360 ἱματίοις
939 2292 1337 2363 ἠμφιεσμένον,
1384 2293 1464 2356 είς
1493 2291 1718 2363 ὕστερον

163 2383 211 2437 δὲ
230 2384 310 2437 διὰ
332 2385 435 2456 τῆς
462 2383 579 2437 τῶν
602 2383 898 2454 προφητῶν
923 2384 1017 2438 καὶ
1039 2383 1352 2439 ἀποστόλων
1371 2383 1718 2449 διδασκαλίας

165 2471 567 2543 διαπωλήσαντα
610 2471 680 2526 τά
709 2472 908 2538 πάντα,
946 2473 1042 2526 καὶ
1083 2472 1452 2544 πτωχεύοντα,
1493 2474 1587 2528 καὶ
1626 2473 1717 2528 τὸν

164 2562 253 2629 ἔξω
306 2563 592 2635 ἄνθρωπον
653 2562 1101 2635 διαφθειρόμενον
1174 2563 1264 2618 διὰ
1310 2564 1562 2636 νηστείας
1623 2568 1719 2620 καὶ

164 2655 726 2728 χαμευνίας,δῆλονότι
757 2650 912 2720 οὗτος
943 2657 1464 2730 ὲτραυματίσθη,ὼς
1492 2660 1540 2712 οἱ
1571 2658 1717 2728 ἆγιοι

168 2745 436 2818 μάρτυρες,
463 2747 558 2800 καὶ
583 2746 636 2800 oi
668 2745 976 2812 ἀπόστολοι,
1001 2747 1070 2800 τὰ
1103 2747 1377 2819 στίγματα
1423 2746 1720 2817 βαστάζον-

165 2853 243 2901 τες
262 2837 348 2891 τοῦ
379 2839 556 2910 Ἰησοῦ
583 2837 673 2892 διὰ
691 2837 879 2902 τάςείς
906 2839 1068 2894 αὐτὸν
1091 2839 1405 2910 ὁμολογίας,
1424 2839 1515 2894 τὸν
1542 2841 1720 2912 μακά-

170 2949 270 3004 ριον
288 2933 471 2987 τοῦτον
493 2933 1013 3004 ὲτραυματίσθησαν
1036 2931 1476 3002 τραυματισμόν.

225 3025 345 3078 PM’.
376 3025 465 3078 Στ.
503 3021 571 3088 ζ’.
613 3026 682 3078 Τό
717 3022 827 3095 (66)
866 3023 936 3077 δὲ
961 3019 1114 3094 ἦραν
1143 3021 1211 3076 τὸ
1254 3021 1566 3092 θέριστρόν
1599 3042 1719 3095 μου

164 3113 252 3167 ἀπ’
274 3113 410 3184 ἐμοῦ
429 3115 703 3184 φύλακες
729 3111 849 3166 τῶν
883 3112 1148 3182 τειχέων.

1825 552 1939 620 ipse
1964 553 2198 607 animam
2229 569 2381 608 suam
2408 556 2583 625 posuit
2605 572 2704 626 pro
2733 558 2905 621 nobis,
2935 568 2991 614 et
3014 576 3112 616 nos
3133 563 3396 620 debemus

1821 642 2032 699 animas
2073 659 2171 713 pro
2213 645 2472 701 fratribus
2517 663 2716 718 ponere
2766 649 2831 703 ⁸³.
2861 669 2879 702 ι
2927 651 2994 706 Et
3028 652 3227 708 alicubi
3265 655 3392 722 qui-

1821 735 1943 789 dam
1978 737 2235 805 prapheta
2275 738 2330 792 in
2380 738 2533 796 libris
2588 741 2794 813 Regum
2833 744 3034 799 astanti
3075 744 3250 800 dicit:
3282 764 3301 797 ι
3333 746 3389 800 lu

1823 825 1988 880 verbo
2019 826 2229 880 Domini
2254 839 2473 896 percute
2506 847 2610 888 me.
2641 851 2660 884 ι
2709 832 2952 904 Cumque
2987 833 3076 890 ille
3111 836 3390 901 noluisset,

1823 916 2025 971 dixitei
2064 934 2078 971 :
2122 937 2141 969 ι
2170 918 2305 985 Quia
2337 936 2440 975 non
2481 923 2697 987 audisti,
2738 925 2908 980 exihlt
2934 925 3014 978 leo
3041 927 3109 981 de
3149 927 3306 991 silva.
3337 937 3393 983 et

1822 1010 2102 1066 devorabit
2139 1023 2191 1067 te
2219 1012 2285 1066 “.
2313 1031 2332 1064 ι
2377 1013 2512 1068 Cum
2543 1015 2707 1082 igitur
2737 1016 3034 1086 spiritualis
3069 1027 3216 1072 esset
3249 1034 3385 1086 prte-

1823 1103 2048 1170 ligurata
2089 1105 2370 1171 percussio
2406 1120 2508 1160 non
2561 1107 2630 1160 ad
2681 1108 2844 1162 vitam
2891 1108 3256 1173 adimendam,
3295 1111 3390 1164 sed

1822 1195 1887 1248 ad
1917 1194 2053 1248 mala
2087 1211 2185 1266 pro
2215 1196 2324 1252 Deo
2362 1198 2739 1267 perpetienda,
2771 1201 2840 1254 ita
2878 1201 3006 1256 illud
3039 1203 3283 1272 contigit.
3332 1201 3392 1256 Si

1823 1282 1943 1351 quis
1971 1283 2134 1354 igitur
2162 1285 2229 1339 ad
2258 1294 2311 1340 te
2337 1289 2557 1342 accedat
2590 1287 2775 1344 dicens
2807 1307 2821 1343 :
2853 1288 3006 1345 Mone
3029 1306 3114 1346 me
3141 1309 3156 1345 :
3187 1292 3231 1346 is
3263 1291 3393 1346 dicit

1824 1374 1940 1439 tilii,
1972 1373 2199 1431 Percute
2225 1391 2330 1440 me.
2377 1385 2436 1432 ut
2464 1377 2631 1446 ipsius
2656 1394 2874 1435 carnem
2907 1396 3004 1450 per
3041 1383 3389 1438 munitionem

1824 1466 2149 1531 tuortilices,
2202 1477 2258 1522 et
2305 1468 2394 1524 ille
2441 1470 2712 1525 abstineat
2749 1473 2817 1525 ab
2849 1475 2996 1527 omni
3032 1486 3274 1544 peccato.
3324 1477 3390 1531 Et

1823 1572 2010 1612 rursus
2036 1558 2163 1614 alibi
2194 1560 2326 1614 dicit
2353 1561 2614 1630 propheta
2652 1581 2666 1617 :
2707 1581 2727 1615 ι
2758 1562 2993 1620 Vulnera
3030 1583 3132 1632 me,
3184 1579 3238 1622 et
3277 1569 3394 1622 vul-

1824 1650 2037 1703 neravit
2084 1666 2207 1705 eum
2241 1651 2309 1706 ⁸⁵.
2354 1653 2484 1708 Fide
2535 1655 2678 1709 enim
2720 1655 2963 1726 digniora
3004 1669 3130 1712 sunt
3172 1660 3390 1716 vulnera

1824 1740 2009 1804 amici,
2049 1755 2208 1810 quam
2257 1753 2552 1812 spontauea
2605 1747 2787 1801 oscula
2838 1747 3044 1803 inimici
3092 1751 3161 1803 ⁸ο.
3190 1768 3209 1802 ι
3252 1750 3392 1807 Iulli-

1750 1834 1790 1890 B
1820 1840 1952 1899 gunt
1993 1833 2136 1886 enim
2183 1849 2395 1902 sponsa
2439 1836 2697 1891 salutaria
2744 1839 2964 1893 vulnera
3015 1842 3290 1910 prophetae
3339 1853 3395 1897 et

1823 1923 2072 1993 apostoli.
2101 1924 2233 1978 Cum
2273 1927 2416 1980 enim
2449 1929 2646 1985 videris
2687 1929 2956 1986 hominem
2991 1931 3149 1987 hodie
3177 1933 3394 2002 quidem

1825 2015 1876 2068 in
1909 2016 2122 2084 palatiis
2168 2015 2476 2086 degentan,
2507 2021 2832 2080 dililuentem
2865 2024 3099 2087 deliciis.
3143 2027 3394 2082 mollibus

1823 2109 2065 2163 vestibus
2107 2109 2388 2175 indutum;
2429 2115 2689 2181 pastrldie
2731 2129 2859 2170 vero
2885 2131 2981 2186 per
3007 2119 3392 2189 praphetarum

1825 2199 2304 2267 apostolornmque
2343 2201 2673 2268 doctrinam,
2721 2205 2952 2261 venditis
2980 2207 3252 2271 omnibus.
3295 2210 3394 2263 sti-

1801 2303 1944 2358 .peiu
1977 2304 2241 2358 qttzcrere,
2278 2299 2334 2346 et
2367 2293 2692 2348 exteriorem
2745 2296 3016 2352 hominem
3063 2313 3158 2368 per
3184 2298 3392 2369 jejunio

1823 2389 1877 2434 et
1922 2379 2069 2434 humi
2115 2381 2426 2439 cubationes
2461 2399 2721 2441 enervare
2765 2387 2820 2441 in
2865 2387 3003 2452 dies,
3052 2390 3391 2446 manifestum

1824 2483 1906 2527 est
1947 2473 2089 2529 hunc
2137 2474 2478 2530 vulneratum
2528 2492 2668 2542 esse,
2709 2487 2768 2532 ut
2811 2481 2981 2534 sancti
3028 2494 3294 2552 martyres
3338 2493 3394 2536 et

1823 2565 2072 2632 apostoli,
2100 2567 2191 2633 qui
2227 2568 2448 2622 vulnera
2479 2577 2758 2640 portantes
2799 2569 2925 2625 .lesu
2966 2585 3063 2640 per
3093 2572 3392 2629 confessio-

1827 2671 1946 2709 netu
2004 2656 2054 2710 in
2108 2657 2306 2728 ipStIm,
2348 2660 2504 2716 beata
2555 2663 2656 2718 hac
2709 2661 3083 2717 vulneratione
3127 2663 3396 2720 vulnerati

1825 2754 1971 2802 sunt.

1897 3014 2054 3072 CXL.
2101 3031 2250 3071 rBRS.
2293 3017 2346 3071 7.
2399 3016 2648 3073 Tulerunt
2696 3019 2998 3074 theristrum
3033 3038 3203 3076 meum
3245 3042 3274 3074 α
3314 3039 3391 3076 me

1826 3109 2065 3162 custodes
2087 3124 2378 3163 murorum.

225 3167 500 3277 Gépta‘cp'ov
530 3167 767 3274 mefre
794 3167 1085 3273 laydpgvov
1109 3202 1375 3276 μαφόριον
1395 3203 1529 3273 (67).
1555 3206 1719 3260 Ὅταν

1900 3199 2240 3254 Theristrunt
2299 3200 2465 3266 dicit,
2513 3202 2657 3270 quod
2694 3201 2990 3271 appellatur
3034 3167 3388 3273 maphorium.

167 3295 258 3365 γάρ
285 3299 316 3366 ἡ
350 3294 650 3366 Ἐκκλησία
671 3293 810 3365 ὑπὲρ
843 3291 936 3345 τοῦ
965 3292 1234 3364 σωτηρίου
1269 3291 1624 3364 κηρύγματος
1651 3294 1722 3348 τὰ

168 3385 314 3456 αὐτῆς
339 3386 710 3457 τῳυματωθῇ
745 3384 857 3454 (68)
892 3383 1088 3449 τέκνα,
1120 3384 1559 3456 παρρησιάζεται
1587 3386 1722 3457 πρὸς

167 3479 243 3530 τὸν
265 3479 454 3549 εαυτῆς
481 3477 719 3549 νυμφίον
761 3476 821 3531 τὸ
851 3477 1115 3547 κάλυμμα
1144 3477 1374 3548 αἴρουσα
1393 3517 1408 3540 ,
1449 3479 1543 3531 καὶ
1582 3478 1724 3532 κατὰ

167 3569 243 3622 τὸν
281 3570 596 3624 ’Διοόστολον
634 3568 870 3638 λέγουσα
889 3584 905 3600 ο
942 3587 962 3620 ι
990 3568 1523 3640 Ἀνακεκαλυμμένῳ
1550 3586 1721 3641 προσ-

168 3661 281 3734 ώπῳ
301 3665 396 3736 τὴν
430 3663 589 3730 δόξαν
634 3663 840 3733 Κυρίου
872 3661 1396 3734 κατοπτριζόμεθα.»
1440 3657 1596 3718 Οὗτοι
1629 3661 1722 3717 οὖν

168 3757 213 3809 oi
236 3756 459 3827 φύλακες
484 3758 547 3811 τὺ
578 3757 845 3827 κάλυμμα
873 3758 972 3828 τῆς
1011 3755 1285 3824 ἀγνωσίας
1313 3755 1482 3826 αὐτῆς
1509 3757 1721 3810 ἀπεκά-

169 3841 334 3912 λυψαν,
369 3849 496 3920 πρ).
521 3839 598 3900 ὧν
640 3845 897 3917 φυλάκων
941 3843 1170 3908 Ἠσαίας
1202 3844 1379 3913 λέγει·
1421 3865 1439 3896 ι
1479 3847 1588 3900 Kal.
1629 3847 1721 3900 ἐπὶ

170 3932 260 3986 τῶν
286 3935 504 4006 τειχέων
530 3951 647 3999 σου,
700 3933 1074 4005 Ἰερουσαλὴμ,
1105 3933 1418 3988 καθέστακα
1450 3934 1718 4002 φύλακας,

171 4025 279 4097 ὃλην
306 4029 400 4099 τὴν
437 4027 658 4100 ἡμέραν
689 4027 783 4080 καὶ
827 4025 956 4097 ὃλην
983 4026 1083 4096 τὴν
1112 4024 1302 4093 νύκτα,
1333 4025 1384 4079 οἳ
1421 4025 1510 4080 διὰ
1536 4027 1722 4091 τέλους

167 4119 219 4171 οὗ
246 4123 605 4192 σιωπήσονται
641 4118 1075 4191 μιμνησκόμενοι
1105 4118 1334 4189 Κυρίου.

227 4211 390 4270 PMA'.
426 4215 523 4268 Στ.
559 4218 629 4285 η’.
662 4213 916 4280 Ὣρκισα
936 4208 1111 4280 ὑμᾶς,
1151 4209 1470 4279 θυγατέρες
1507 4211 1723 4279 Ἰερου-

169 4302 349 4372 σαλὴμ
369 4346 385 4370 ,
417 4304 492 4357 ἐν
521 4301 651 4368 ταῖς
677 4301 972 4370 δυνάμεσι
1020 4299 1120 4354 καὶ
1156 4300 1227 4353 ἐν
1275 4300 1406 4365 ταῖς
1433 4303 1722 4370 ίσχύσεσι

171 4392 260 4447 τοῦ
285 4394 488 4464 timor?
541 4394 686 4448 Ἐὰν
725 4392 938 4459 εὕρητε
963 4390 1069 4445 τὸν
1108 4391 1435 4461 ἀδελφιδόν
1468 4410 1611 4462 μου,
1663 4393 1723 4447 τί

1822 3293 1955 3350 Cum
1984 3293 2130 3348 enitn
2180 3291 2421 3346 Ecclesia
2456 3302 2680 3361 propter
2717 3295 3014 3348 salutarem
3047 3294 3391 3363 praedicatio-

1822 3402 1943 3442 nem
1977 3386 2032 3440 in
2068 3385 2184 3441 suis
2229 3383 2353 3439 ﬁliis
2384 3384 2668 3438 vulnerata
2699 3385 2806 3450 sit,
2851 3385 3021 3442 libere
3063 3387 3298 3457 loquitur
3325 3389 3390 3441 ad

1821 3493 1978 3533 suum
2001 3491 2258 3546 sponsum
2288 3475 2500 3532 sublato
2524 3475 2665 3543 velo,
2680 3475 2863 3532 dicens
2872 3475 3024 3545 juxta
3043 3476 3352 3546 Apostolum
3371 3495 3390 3533 :

1829 3590 1848 3623 ι
1883 3571 2135 3626 Revelata
2178 3569 2318 3624 facie
2361 3569 2587 3640 gloriam
2629 3567 2840 3623 Domini
2885 3569 3230 3640 speculamur
3256 3567 3322 3622 ⁸⁷.
3366 3587 3386 3620 ι

1825 3661 1888 3717 lli
1920 3662 2082 3733 igitur
2107 3662 2360 3718 custodes
2406 3661 2583 3715 velum
2637 3661 2954 3729 ignorantiae
2991 3660 3134 3716 illius
3185 3661 3390 3715 revela-

1822 3765 1969 3819 runt,
2009 3755 2075 3808 de
2122 3753 2322 3822 quibus
2354 3753 2665 3809 custodibus
2695 3753 2772 3808 ait
2812 3753 3024 3808 Isaias:
3062 3771 3081 3804 ι
3116 3753 3183 3806 Ει
3230 3767 3392 3822 super

1825 3861 2007 3901 muros
2032 3854 2174 3910 tuos,
2220 3843 2574 3908 Hierusalem,
2607 3843 2864 3899 constitui
2901 3844 3152 3898 custodes
3171 3851 3279 3898 tota
3301 3844 3390 3897 die

1822 3950 1877 3994 et
1903 3949 2015 3993 tota
2067 3948 2246 4003 nocte,
2283 3938 2376 4008 qui
2431 3951 2706 4008 nunquam
2747 3937 3000 3992 tacebunt
3045 3935 3390 3991 recordantes

1825 4031 2035 4086 Domini
2074 4031 2141 4083 ⁸⁸.
2175 4049 2194 4082 ι

1892 4207 2068 4263 CXLI.
2092 4207 2252 4263 Vsus.
2283 4207 2336 4262 8.
2378 4207 2633 4276 Adjuravi
2653 4221 2762 4271 vos,
2795 4205 2925 4274 ﬁlia:
2963 4204 3310 4269 Hierusalem,
3331 4207 3388 4259 in

1823 4301 2101 4357 virtutibus
2153 4309 2201 4354 et
2233 4299 2426 4354 viribus
2463 4299 2581 4368 agri
2610 4312 2630 4351 :
2666 4296 2727 4353 Si
2771 4297 3066 4352 inveneritis
3099 4296 3392 4365 fraternum

1823 4409 2018 4456 meum,
2039 4392 2162 4462 quid
2176 4391 2562 4446 anuuntiabitis
2579 4391 2664 4446 ei?
2689 4390 2950 4457 Quoniam
2977 4389 3246 4445 vulnerata
3265 4389 3393 4444 cha-

168 4485 543 4556 dxarreunee
571 4482 768 4550 αὑτῷ;
799 4484 920 4536 Ὅτι
966 4483 1294 4552 τετρωμένη
1339 4484 1576 4553 ἀγάπης
1600 4485 1717 4554 εἰμὶ

1833 4487 1994 4540 ritatis
2009 4501 2104 4555 ego
2130 4500 2268 4540 sum.

167 4574 265 4632 ἐγώ
285 4576 412 4632 (69).

197 4578 659 4740 Ἦάέἓξσιάζεται
693 4667 753 4720 ὲν
785 4667 898 4730 τοῖς
939 4664 1151 4728 τέκνοις
1191 4668 1224 4736 ή
1268 4665 1408 4738 καλὴ
1457 4668 1638 4740 μήτηρ
1679 4671 1713 4740 ἡ

168 4757 280 4826 ἁγία
304 4760 438 4831 αὑτὴ
487 4759 807 4829 Ἐκκλησία,
847 4758 906 4810 ὲν
935 4760 1048 4820 τοῖς
1094 4757 1272 4826 ἁγίοις
1315 4759 1608 4830 μάρτυσιν,
1648 4759 1717 4814 δι’

169 4839 230 4898 ὧν
273 4848 584 4920 ἐσταυρώθη
619 4847 772 4917 (70),
818 4845 908 4898 καί
937 4861 1068 4915 φησι
1111 4848 1226 4908 τοῖς
1265 4846 1583 4912 ἀποστόλοις
1626 4851 1720 4903 καὶ

1749 4532 1796 4590 D

1898 4661 2174 4717 Fiduciam
2227 4662 2388 4718 habet
2438 4663 2490 4718 in
2539 4662 2663 4718 ﬁliis
2700 4664 2812 4718 suis
2857 4662 3068 4732 egregia
3096 4661 3391 4731 eademque

1825 4763 2010 4811 sancta
2055 4765 2229 4810 mater
2257 4754 2533 4822 Ecclesia,
2581 4755 2830 4811 videlicet
2864 4757 2918 4808 in
2963 4754 3288 4824 martyribus
3333 4754 3388 4807 in

1825 4849 2022 4918 quibus
2055 4847 2314 4902 cruciﬁxa
2339 4856 2456 4913 est;
2485 4857 2538 4903 et
2565 4848 2641 4902 ait
2667 4847 2923 4918 apostolis
2953 4857 3009 4902 et
3057 4846 3334 4915 prophetis
3370 4863 3385 4904 ;

228 4959 268 4991 ⁸³
294 4959 502 5036 Coloss.
535 4977 617 5021 tu.
650 4961 705 5016 5.
750 4960 829 5036 A”
872 4959 1068 5016 lJoan.
1099 4976 1180 5026 ιιι,
1214 4961 1301 5018 16.
1375 4962 1422 4994 ⁸⁸
1453 4963 1513 5016 Ill
1551 4964 1678 5036 Reg.

1839 4967 1930 5022 55.
2003 4966 2050 4999 ⁸⁵
2089 4965 2217 5021 ibid.
2244 4965 2333 5021 56.
2405 4966 2453 4998 “
2479 4965 2635 5021 Prov.
2667 4979 2836 5030 xxv",
2863 4963 2916 5020 6.
2995 4961 3036 4993 "
3071 4961 3115 5016 ll
3153 4960 3277 5017 Cor.
3305 4976 3389 5028 ιιι,

173 5029 245 5085 l8.
331 5032 374 5062 ⁸³
406 5032 509 5086 lsa.
560 5047 702 5094 uti,
741 5030 795 5086 6.

228 5120 331 5188 (64)
379 5123 432 5176 In
462 5124 633 5177 sacris
667 5122 854 5178 Bililiis
887 5123 1126 5192 legitur:
1170 5123 1308 5177 Ἀνθ’
1330 5115 1405 5178 ὧν
1433 5123 1531 5176 ούκ
1557 5123 1717 5192 ἥκου-

173 5195 378 5265 σας-τῆς
416 5194 602 5264 φωνῆς
631 5194 986 5265 Κυρίουηκαὶ
1023 5193 1146 5265 ίδοίι
1171 5195 1234 5265 σύ
1269 5193 1591 5265 ἀποτρέχεις
1619 5195 1714 5248 ἀπ’

331 5262 442 5318 Καὶ
476 5262 800 5330 πατάξεισε
830 5263 984 5317 λέων.
1020 5263 1152 5318 Illud
1177 5262 1454 5317 ἐλεύσεται
1479 5262 1622 5317 λέων
1652 5267 1716 5319 ὲκ

1894 5123 2007 5194 (67)
2047 5124 2123 5179 De
2174 5123 2477 5194 maphorio
2509 5123 2628 5178 vide
2681 5123 2762 5178 Cl.
2808 5122 3032 5181 Corium
3081 5125 3234 5182 Thes.
3264 5136 3386 5183 vett.

1823 5197 2054 5263 diptych.
2090 5205 2218 5248 tom.
2251 5195 2290 5256 Ι.
2321 5209 2440 5263 cap.
2467 5193 2522 5257 5,
2552 5209 2670 5262 pag.
2703 5196 2786 5248 13.

1895 5265 2006 5338 (68)
2045 5264 2195 5338 Meus
2247 5267 2370 5318 cod.
2427 5263 2798 5338 τρα-υματίσῃ.
2867 5263 3024 5322 Male.
3083 5268 3390 5338 Emendavi

169 5323 247 5409 τῷ
267 5334 472 5409 δρυμοῦ
501 5323 703 5409 dictum
731 5344 826 5409 «ft
847 5335 1158 5409 memoriter
1189 5350 1218 5388 a
1257 5333 1516 5409 Philone,
1539 5351 1715 5404 neque

1833 5323 2000 5409 inita'
2029 5333 2317 5409 Aurimau.
2374 5343 2429 5387 et
2464 5323 2475 5332 ’
2507 5323 2701 5409 [lic-at.
2749 5323 3158 5409 ττραυματωθῇ.
3223 5338 3386 5393 Barh.

171 5403 309 5457 mum‘
328 5403 410 5460 est
447 5407 499 5458 in
545 5405 719 5458 sacris
753 5403 969 5468 Dililiis;
1001 5405 1093 5457 sed
1127 5405 1365 5460 ha'rebat
1393 5405 1465 5458 illi
1505 5405 1556 5457 in
1605 5403 1716 5458 rue-

167 5474 348 5592 gloria-
367 5475 494 5529 illud
543 5476 710 5530 Amos
753 5489 847 5539 ιιι,
894 5474 960 5539 4,
1005 5473 1283 5547 ἐρεύξεται
1328 5475 1463 5529 λέων
1509 5476 1573 5527 ἐκ
1623 5474 1718 5529 τοῦ

194 5558 369 5592 ὒυυιου-

193 5558 536 5685 Ἥῶΐδαεεξτ
591 5622 787 5685 textus
829 5611 992 5668 habet
1049 5613 1296 5679 Πάταξόν
1346 5629 1412 5685 με
1467 5612 1554 5684 δή.
1609 5613 1717 5666 Kal.

169 5678 414 5748 ἑπαταξεν
445 5683 610 5737 αὐτὸν
643 5686 673 5736 ό
704 5682 1009 5748 ἄνθρωπος.

171 5755 330 5893 mtiliti)
373 5754 533 5810 Deest
565 5755 628 5808 τὸ
672 5753 750 5806 δέ.
785 5750 904 5808 ναι.
932 5755 1020 5811 ed.
1054 5769 1154 5810 nec
1186 5755 1241 5810 in
1276 5753 1382 5810 ulla
1427 5752 1530 5809 alia
1577 5750 1708 5810 edit.

251 5838 433 5879 Cl'lllli‘.

466 5919 743 5980 PATROL.
792 5915 910 5978 Gtt.
969 5915 1101 5975 XL.

1823 5405 2005 5458 itidem
2035 5405 2175 5460 male
2201 5402 2655 5474 τραυματωθῶσι.

1899 5475 2012 5544 (69)
2052 5477 2142 5530 Sic
2172 5471 2292 5530 cod.
2323 5471 2614 5530 Alexandr.
2644 5471 2902 5532 Vaticana
2931 5476 3062 5532 edit.
3091 5478 3251 5533 habet
3276 5477 3389 5551 ἐγώ

1822 5546 2005 5687 Enali)
2045 5613 2234 5687 Melius
2268 5611 2478 5685 ἐτρώθη
2499 5654 2524 5687 ,_
2557 5623 2614 5667 ιιι
2661 5614 2823 5687 habet
2864 5626 3054 5670 catena
3105 5615 3383 5687 Vaticana,

1820 5695 1875 5741 et
1904 5683 1964 5738 ut
1993 5686 2178 5740 habuit
2223 5683 2274 5739 in
2305 5683 2402 5739 suo
2430 5683 2548 5741 end.
2595 5693 2700 5740 vet.
2746 5684 3013 5757 interpres
3046 5688 3134 5756 qui
3185 5683 3383 5758 vertit,

1817 5772 2062 5822 percussa
2099 5765 2195 5809 est.

3081 5909 3113 5969 [ι
