3810 6330
425 339 528 400 107

1508 335 1825 393 PIIILONIS
1864 304 2175 391 Eptséori
2215 332 2534 388 CARPASII

3565 325 3676 380 108

420 453 746 510 Aununtiate
761 453 833 518 ei,
853 454 993 525 quod
1017 467 1117 525 ego
1135 468 1318 508 amore
1338 456 1597 510 transﬁxa
1620 471 1762 509 sum.
1789 454 1986 508 Deinde

2150 453 2196 514 ῖς
2227 453 2551 522 προφήταις,
2595 447 3012 516 Ἀπαγγείλητε,
3040 445 3121 498 ὅτι
3171 441 3485 512 τετρωμένη
3542 441 3682 508 ἁγά-

421 547 497 602 illi
533 545 857 615 respondent
877 545 1073 614 ei'dem,
1107 558 1160 602 et
1185 547 1413 602 dicunt:

493 719 776 775 CXLII.—-
805 721 964 775 Vens.
995 721 1049 776 9.
1078 719 1218 786 Quid
1242 721 1506 789 fraternus
1526 732 1646 774 tuus
1672 739 1702 773 a
1733 721 1991 789 fraterno,

419 816 638 882 pulchra
664 817 717 868 in
745 813 1090 869 mulieribus?

496 906 780 960 Pulchram
818 906 986 975 ipsam
1036 907 1177 960 inter
1230 906 1483 961 mulieres
1535 913 1754 960 vocant.
1783 905 1996 960 Etenim

423 1001 646 1069 pulchra
683 1001 794 1067 ipsa
830 1001 973 1053 inter
1010 1000 1178 1054 tribus
1218 999 1380 1054 Israel
1420 1000 1716 1068 :quoniam
1751 999 1852 1053 illze
1878 999 1999 1068 qui-

423 1097 544 1147 dem
573 1092 853 1146 fornicata?
882 1103 1028 1156 sunt,
1071 1092 1262 1146 relicto
1292 1092 1498 1146 eielcsti
1533 1093 1682 1147 viro:
1722 1093 1834 1160 ipsa
1871 1108 1999 1146 vero

421 1200 544 1239 cum
572 1183 688 1253 ipso
713 1182 1472 1251 conjuncta,,indissolubilein
1495 1197 1616 1238 cum
1648 1183 1737 1237 illo
1767 1183 1817 1236 in
1839 1196 2000 1236 omne

422 1291 595 1330 aevum
619 1275 842 1330 retinuit
865 1276 1326 1350 conjunctionem.
1359 1294 1377 1327 ι
1412 1275 1549 1342 Quid
1590 1275 2001 1330 iraternustuns

425 1384 452 1420 a
485 1366 764 1421 fraterno?
797 1385 815 1417 ι
853 1365 1016 1432 Quasi
1054 1366 1196 1419 dicat
1232 1385 1246 1419 :
1296 1364 1433 1431 Quid
1464 1379 1715 1435 sponsus,
1755 1365 1847 1434 qui
1875 1379 2002 1433 pro-

424 1459 589 1514 cessit
610 1458 662 1512 in
697 1471 860 1512 carne
888 1472 917 1509 a
943 1456 1292 1526 generatione
1315 1447 1596 1509 Israelitici
1640 1451 1862 1521 populi?

495 1547 723 1604 CXLIII.
751 1547 890 1612 Quid
928 1546 1193 1615 fraternus
1223 1555 1346 1599 tuus
1372 1563 1404 1598 a
1453 1544 1685 1614 fraterno
1707 1583 1721 1607 ,
1765 1543 1890 1611 quia
1925 1542 2001 1595 sic

426 1642 688 1712 adjurasti
720 1657 812 1694 nos
832 1640 857 1692 ?

497 1731 881 1802 Jusjurandum
908 1738 1110 1784 sanctae
1145 1727 1398 1783 Ecclesia:
1431 1727 1497 1781 ad
1520 1734 1740 1782 sanctos
1765 1725 2000 1796 prophe-

431 1835 513 1880 tas
549 1797 674 1897 (est)
711 1823 1037 1877 desiderium
1088 1823 1142 1875 in
1201 1822 1367 1876 Deum
1421 1822 1683 1884 intentus,
1717 1830 1774 1875 et
1800 1819 2004 1889 ignitus
2037 1797 2079 1855 Β

429 1913 838 1986 spiritualisque
866 1912 921 1965 in
942 1926 1065 1966 eum
1093 1925 1268 1967 amor.
1295 1911 1504 1966 Deinde
1541 1911 1670 1980 ipsis
1701 1909 2006 1979 respondet,

428 2019 484 2063 et
508 2007 583 2062 ait
612 2025 626 2062 :

502 2097 729 2156 CXLIV.
755 2097 921 2154 Vens.
958 2096 1043 2150 I0.
1093 2093 1326 2149 Dilectus
1363 2107 1511 2146 meus
1549 2089 1805 2146 candidus
1836 2101 1886 2144 et
1917 2108 2008 2144 ru-

431 2194 711 2248 bicuntlus.

501 2286 796 2348 Candidus,
839 2283 965 2353 quia
1015 2281 1224 2352 peccati
1275 2293 1510 2348 expers:
1546 2277 1830 2333 Peccatum
1866 2277 2010 2331 enim

434 2392 542 2432 non
594 2375 814 2431 fecit".
849 2373 1202 2428 Buhicundus
1251 2381 1432 2424 autem
1486 2378 1708 2439 propter
1745 2367 2010 2438 Spiritum

435 2479 708 2536 sanctum,
739 2476 793 2522 et
832 2475 1052 2536 propter
1103 2465 1419 2532 sanguinem
1473 2478 1570 2529 pro
1597 2476 1661 2516 ea
1693 2458 1924 2516 eﬂ‘usum
1955 2458 2010 2513 in

436 2563 666 2618 salutem
697 2571 749 2616 et
775 2559 1228 2615 resurrectionem
1266 2564 1524 2609 nostram.

506 2650 712 2708 CXLV.
748 2649 954 2703 Electus
979 2664 1044 2701 ex
1073 2647 1252 2701 decem
1283 2644 1538 2698 millibus.

509 2745 662 2812 Quod
695 2744 791 2806 ait,
842 2761 860 2792 ι
894 2741 1110 2795 Electus
1161 2756 1227 2796 ex
1256 2741 1440 2794 decem
1472 2735 1729 2800 millibus,
1771 2754 1790 2788 ι
1832 2734 2012 2790 innuit

436 2848 650 2905 parium
689 2833 930 2901 Deipara:
965 2848 1070 2887 non
1102 2832 1278 2887 solum
1318 2845 1384 2884 ex
1429 2830 1616 2882 decem
1656 2825 1890 2880 millibus
1916 2826 2014 2880 bo-

426 2928 664 2990 minum,
699 2927 792 2981 sed
825 2925 987 2980 etiam
1028 2923 1342 2993 angelorum
1387 2929 1442 2976 et
1472 2917 1939 2989 archangelorum.

509 3103 738 3160 CXLVI.
786 3104 950 3159 Vsus.
985 3103 1076 3156 II.
1112 3100 1281 3170 Caput
1315 3101 1427 3169 ejus
1464 3115 1652 3152 aurum
1693 3096 1936 3166 ϐωμίδας.

509 3285 680 3354 Caput
704 3283 953 3337 humanae
1007 3283 1192 3350 tiguraa
1235 3279 1518 3348 intelligit;
1548 3286 1769 3333 sanctos
1797 3279 2009 3334 scilicet

440 3377 782 3447 patriarchas
811 3382 866 3429 et
886 3373 1064 3442 iustos
1108 3373 1198 3442 qui
1241 3373 1450 3442 probati
1483 3373 1654 3427 instar
1691 3374 1806 3426 auri
1836 3387 1929 3442 per
1954 3371 2018 3426 li-

441 3471 561 3524 dem
591 3465 852 3537 splendidi
898 3465 1026 3520 facti
1069 3471 1212 3521 sunt.
1246 3465 1449 3518 Aurum
1494 3479 1622 3518 vero
1662 3464 1890 3532 Carphas
1920 3478 2017 3516 no-

443 3561 629 3625 minat,
660 3561 801 3628 quod
853 3558 1239 3627 interpretatur
1261 3565 1406 3622 petra
1433 3562 1650 3621 propter
1687 3551 2014 3607 soliditatem

443 3652 563 3707 Iidei
594 3652 853 3717 ipsorum.

514 3739 766 3797 CXLVII.
797 3738 1042 3794 Cincinni
1062 3742 1178 3808 ejus
1211 3737 1395 3801 elata,
1430 3737 1563 3806 nigri
1600 3745 1849 3804 tanquam
1897 3751 2018 3789 cor-

446 3850 558 3889 ειη.

515 3923 806 3979 Cincinnos
823 3923 960 3992 ejus,
995 3923 1207 3992 Opinor,
1239 3932 1456 3977 sanctos
1489 3922 1635 3976 cives
1671 3921 1940 3990 intelligit,
1966 3929 2019 3974 et

447 4015 717 4085 apostolos
753 4025 807 4068 et
844 4029 1032 4070 omnes
1057 4015 1254 4081 justos.
1294 4015 1560 4080 Quoniam
1601 4013 1765 4081 capiti
1797 4014 2018 4068 assimi-

447 4107 625 4161 lautur
654 4107 998 4175 patriarchae,
1027 4116 1308 4174 propterea
1336 4106 1479 4170 quod
1516 4105 1584 4158 ab
1617 4105 1696 4160 eis
1725 4105 2018 4159 secundum

445 4213 662 4253 carnem
717 4198 964 4252 Christus
1003 4198 1286 4266 processit.
1345 4195 1488 4250 Bene
1525 4197 1708 4265 itaque
1752 4196 2022 4251 cincinnis

446 4289 714 4344 assimilat
739 4289 1030 4359 apostolos,
1078 4289 1169 4358 qui
1222 4297 1344 4358 post
1393 4302 1486 4341 eos
1533 4296 1810 4341 venerunt.
1843 4287 2020 4343 Elatas

448 4393 574 4434 vero
604 4390 759 4432 vocat
787 4378 1085 4440 cincinnos.
1123 4385 1406 4446 propterea
1436 4377 1578 4446 quod
1624 4377 1724 4446 ipsi
1756 4391 2010 4446 persecu-

2095 561 2205 615 πης
2249 544 2364 614 εἰμὶ
2396 541 2526 611 ἐγώ.
2579 536 2711 596 Εἶτα
2743 535 3231 610 ἀνταποκρίνονται
3270 533 3408 604 αὐτῇ
3439 534 3677 596 ἐκεῖνοι,

2095 637 2187 688 καὶ
2214 635 2453 702 λέγουσι·

2165 725 2343 777 PMB’.
2378 725 2468 776 Στ.
2505 723 2568 775 θ’.
2597 723 2657 775 Τί
2679 718 3002 789 assuetam;
3030 733 3146 771 σου
3168 715 3287 771 ἀπὸ
3317 712 3678 784 ἀδελφιδοῦ,

2096 815 2134 882 ἠ
2170 815 2326 883 καλὴ
2369 815 2438 868 ἐν
2473 814 2751 884 γηνναιξί;

2158 907 2343 978 Καλὴν
2370 907 2538 978 αὐτὴν
2577 908 2636 959 ὲν
2682 903 2897 974 γυναιξὶ
2929 899 3202 956 καλοῦσιν.
3239 897 3352 952 Καὶ
3383 897 3494 968 γὰρ
3529 895 3682 966 καλὴ

2097 998 2236 1070 αὐτὴ
2287 1001 2345 1052 ἐν
2387 1000 2506 1062 ταῖς
2547 998 2741 1066 φυλαῖς
2780 996 2873 1048 τοῦ
2917 991 3163 1065 Ἰσραήλ·
3197 992 3279 1044 ὅτι
3323 991 3529 1042 ἐκεῖναι
3575 988 3688 1058 μὲν

2097 1092 2432 1163 ἐπόρνευσαν
2457 1130 2472 1154 ,
2527 1087 2922 1143 καταλιποῦσαι
2974 1087 3065 1139 τὸν
3117 1081 3435 1154 ἐπουράνιον
3485 1077 3685 1150 ἄνδρω

2099 1182 2238 1253 αὕτη
2265 1181 2320 1234 δὲ
2348 1180 2701 1251 συζευχθεῖσα
2725 1179 2894 1251 αύτῷ,
2916 1177 3197 1232 ἀδιάλυτον
3220 1175 3314 1247 τὴν
3347 1175 3482 1247 πρὸς
3515 1173 3688 1227 αὑτὸν

2100 1274 2259 1344 ἔσχεν
2287 1275 2368 1336 εἰς
2396 1271 2946 1347 αἰῶνας-συνάφειαν.
2985 1287 3003 1319 ι
3046 1268 3111 1320 Τί
3139 1267 3421 1336 άδελφιδός
3450 1284 3544 1320 σου
3569 1265 3689 1320 ἀπὸ

2101 1366 2416 1435 ἀδελφιδοῦ;
2455 1385 2474 1418 ›
2527 1367 2642 1418 ’Ὶνα
2687 1363 2853 1434 sirm}
2895 1362 2961 1415 Τί
2988 1363 3017 1415 ὁ
3056 1361 3286 1431 νυμφίος
3320 1362 3349 1413 ὁ
3380 1357 3587 1430 προῖὼν
3619 1359 3689 1410 ὲν

2104 1460 2269 1531 σαρκὶ
2303 1459 2411 1512 ἀπὸ
2446 1458 2554 1528 τῆς
2579 1454 2924 1525 γενεαλογίας
2953 1454 3045 1507 τοῦ
3092 1450 3482 1523 Ἱσραηλιτικοῦ
3511 1450 3688 1514 laci");

2175 1553 2352 1606 PMF'.
2399 1551 2461 1605 Τί
2494 1549 2816 1618 ἀδελφιδός
2859 1561 2976 1601 σου
3014 1545 3134 1601 ἀπὸ
3173 1542 3534 1614 ἀδελφιδοῦ,
3594 1540 3691 1594 ὅτι

2105 1645 2293 1710 οὕτως
2321 1642 2582 1713 ὥρκισας
2617 1638 2774 1710 ἡμᾶς
2797 1657 2811 1702 ς
3184 1660 3185 1663 ‘

2189 1735 2248 1788 '0
2281 1733 2339 1786 δὲ
2367 1733 2526 1804 ὅρκος
2545 1729 2656 1801 (7i)
2679 1731 2775 1800 τῆς
2805 1729 2966 1796 ἁγίας
2998 1725 3321 1797 Ἐκκλησίας
3343 1727 3372 1778 ὁ
3395 1723 3532 1795 πρὸς
3558 1721 3695 1804 τοὺς

2109 1825 2295 1894 ἁγίους
2323 1799 2692 1894 προφήτας,ἡ
2724 1799 2946 1890 ἒκτενὴς
2981 1818 3326 1888 ὲπιπόθησις,
3357 1819 3390 1888 ή
3431 1816 3568 1888 πρὸς
3589 1799 3696 1868 τὸν

2107 1917 2259 1980 Θεὸν,
2299 1917 2391 1970 καὶ
2441 1915 2474 1985 ή
2509 1913 2772 1984 διάπυρος
2819 1912 2911 1965 καὶ
2954 1909 3298 1981 πνευματικὴ
3342 1909 3477 1981 πρὸς
3522 1907 3696 1961 αὑτὸν

2109 2013 2316 2082 ἀγάπη.
2350 2005 2486 2064 Εἶτα
2513 2007 2868 2079 ἀποκρίνεται
2895 2005 3097 2069 αὐτοῖς.
3128 2006 3222 2058 καὶ
3246 2005 3394 2072 λέγει
3417 2019 3430 2032 ⁶

2181 2103 2355 2158 PMA'.
2375 2103 2467 2155 Στ.
2493 2108 2542 2156 t'.
2581 2097 2927 2168 Ἀδελφιδός
2939 2115 3058 2168 μου
3076 2097 3291 2163 λευκὸς
3322 2095 3419 2150 καί
3438 2096 3693 2165 πυρῤός.

2177 2284 2384 2349 Λευκὸς
2421 2284 2510 2339 διὰ
2549 2283 2610 2336 τὸ
2653 2281 3059 2353 άναμάρτητον’
3114 2277 3413 2350 Ἀμαρτίαν
3440 2275 3550 2348 γάρ
3587 2277 3700 2329 οὐκ

2111 2377 2368 2447 ἐποίησεο
2417 2375 2625 2445 πυρρὸς
2657 2375 2715 2428 δὲ
2758 2372 2846 2426 διὰ
2878 2373 2938 2425 τὸ
2976 2371 3130 2438 άγιον
3172 2370 3428 2440 Πνεῦμα,
3459 2369 3554 2422 καὶ
3599 2368 3696 2421 διὰ

2109 2471 2171 2524 τὸ
2210 2464 2348 2540 αἷμα
2377 2469 2439 2521 τὸ
2486 2468 2627 2538 ὑπὲρ
2661 2467 2832 2537 αὐτῆς
2876 2463 3104 2536 ἐκχυθὲν
3152 2465 3230 2527 είς
3275 2461 3550 2533 σωτηρίαν
3597 2461 3698 2514 καὶ

2114 2564 2414 2618 ἀνάστασιν
2449 2560 2628 2631 ἡμῶν.

2173 2653 2345 2709 PME’.
2393 2650 2933 2720 Ἐκλελοχισμένος
2956 2649 3067 2718 (72)
3104 2647 3220 2704 ἀπὸ
3252 2645 3580 2716 μυριάδων.

2183 2745 2258 2799 Τὸ
2307 2744 2507 2814 λέγειν,
2572 2762 2590 2795 ι
2639 2741 3111 2812 Ἐκλελοχισμένος
3154 2740 3262 2793 ἀπὸ
3317 2737 3614 2810 μυριάδων,
3675 2757 3693 2786 ι

2113 2839 2350 2892 δείκνυσι
2387 2837 2479 2890 τὸν
2520 2835 2609 2889 διὰ
2655 2835 2756 2905 τῆς
2789 2834 3052 2888 Θεοτόκου
3091 2833 3312 2887 τοκετὺν
3343 2832 3450 2885 άπὸ
3490 2831 3695 2901 μυριά-

2114 2929 2221 2982 δων
2253 2927 2314 2980 οὐ
2353 2925 2509 2997 μόνον
2539 2923 2862 2996 ἀνθρώπων,
2899 2922 3036 2976 ἀλλά
3073 2921 3319 2990 ἀγγέλων
3363 2920 3456 2974 καὶ
3483 2920 3698 2991 ἀρχαγ-

2114 3019 2313 3088 γέλων.

2044 3142 2086 3198 c
2193 3111 2384 3176 ΡΜςν.
2425 3109 2516 3161 Στ.
2548 3113 2636 3162 ια’.
2677 3107 2741 3162 Ἡ
2778 3103 3011 3174 κεφαλὴ
3046 3102 3233 3158 αὐτοῦ
3261 3101 3518 3171 χρυσίον
3558 3103 3700 3154 Και-

2120 3202 2238 3274 ςράς
2277 3202 2410 3273 (75).

2186 3292 2443 3364 Κεφαλήν
2484 3291 2578 3346 τοῦ
2631 3288 2921 3361 ἀνθρώπου
2968 3287 3290 3360 χαρακτῆρα
3336 3285 3519 3354 λέγει,
3567 3284 3700 3347 τοὺς

2118 3386 2462 3457 πατριάρχας
2491 3384 2584 3437 καὶ
2610 3383 2734 3445 τοὺς
2765 3381 3005 3444 δικαίους
3033 3396 3045 3409 ο
3078 3379 3273 3441 οἵτινες
3300 3376 3504 3448 χρυσοῦ
3530 3375 3696 3445 δίκην

2118 3475 2574 3546 δοκιμασθέντες,
2625 3472 2866 3543 λαμπροὶ
2917 3469 3307 3540 άνεδείχθησαν
3361 3471 3426 3538 τῇ
3484 3466 3696 3520 πίστει.

2117 3565 2352 3636 Χρυσίον
2407 3564 2464 3617 δὲ
2519 3563 2736 3632 Καιφάς
2785 3563 3074 3632 ὀνομάζει,
3137 3561 3274 3630 ὅπερ
3322 3555 3700 3628 ἑρμηνεύεται

2116 3656 2321 3723 πέτρα,
2377 3655 2464 3706 διά
2486 3653 2547 3705 τὸ
2576 3653 2893 3724 στερέμνιον
2925 3651 3104 3704 αὐτῶν
3141 3650 3240 3720 τῆς
3269 3649 3521 3710 πίστεως.

2191 3742 2362 3798 ΡΜΖ’.
2417 3745 2750 3812 Βόστρυχοι
2796 3741 2983 3796 αὑτοῦ
3027 3740 3232 3794 ἐλάται
3272 3739 3404 3810 (74),
3430 3737 3702 3807 μέλανες

2122 3836 2202 3902 ὡς
2233 3834 2441 3902 κόραξ.

2192 3927 2534 3998 Βοστρύχους
2568 3925 2758 3984 αὑτοῦ.
2787 3919 2962 3995 οἶμαι,
2996 3924 3120 3987 τοὺς
3161 3922 3349 3992 ἁγίους
3377 3920 3703 3984 πολιτευτάς

2120 4020 2288 4088 λέγει,
2323 4019 2450 4083 τούς
2477 4035 2532 4072 τε
2562 4017 2889 4080 ἀποστόλους
2920 4019 3014 4070 καὶ
3038 4017 3243 4079 πάντας
3275 4015 3399 4079 τοὺς
3431 4014 3697 4076 δικαίους.

2134 4111 2457 4182 Ἐπειδήπερ
2504 4111 2712 4181 κεφαλῇ
2755 4108 3144 4172 ἀπεικάζονται
3190 4106 3559 4178 πατριάρχαι,
3607 4105 3702 4158 διὰ

2121 4204 2181 4257 τὸ
2205 4204 2263 4270 ἐξ
2293 4204 2516 4256 ἐκείνων
2550 4202 2689 4256 κατὰ
2719 4203 2894 4272 σάρκα
2931 4201 3020 4254 τὸν
3062 4200 3298 4270 Χριστὸν
3339 4197 3700 4269 προεληλυθέ-

2121 4311 2228 4349 ναι.
2261 4295 2496 4359 Εἰκότως
2517 4291 2611 4348 οὖν
2638 4294 2950 4365 βοστρύχοις
2974 4293 3099 4353 τοὺς
3134 4293 3248 4362 μετ’
3293 4291 3536 4353 ἐκείνους
3591 4290 3702 4342 ἀπο

2122 4387 2696 4453 εικάζειξάποστόλους.
2716 4386 2940 4448 Ἐλάτας
2953 4384 3009 4436 δὲ
3033 4383 3176 4452 λέγει
3199 4384 3324 4447 τοὺς
3348 4382 3698 4453 βοστρύχους,

451 4469 685 4524 tionibus
719 4479 845 4523 sunt
875 4469 1152 4536 exagitati.
1191 4468 1320 4522 Illud
1354 4483 1499 4532 vero,
1533 4487 1550 4519 ι
1588 4468 1727 4538 nigri
1762 4479 2004 4538 tanquam

2154 4481 2207 4533 ιὰ
2246 4481 2306 4534 τὸ
2336 4483 2394 4533 ὲν
2421 4481 2682 4550 διωγμοῖς
2709 4477 3026 4531 ἐλαύνεσθαι
3057 4477 3270 4541 αύτούς.
3304 4476 3378 4529 To
3411 4476 3466 4528 δὲ
3491 4515 3504 4537 ,
3540 4494 3560 4527 ι
3603 4477 3702 4545 μέ·

448 4575 676 4623 corvus,
726 4579 745 4611 ι
791 4559 842 4614 in
908 4561 1221 4616 memoriam
1258 4567 1474 4614 revocat
1517 4575 1703 4614 eorum
1758 4561 1921 4613 vitam
1958 4562 2010 4614 in

450 4651 789 4720 passionihus
818 4659 1110 4706 versatam.
1148 4650 1210 4704 Et
1252 4666 1472 4707 corvum
1507 4665 1812 4717 nominans,
1851 4652 2015 4705 vitam

450 4743 702 4810 prazdicat
757 4743 935 4797 omnis
979 4741 1356 4797 sollicitudinis
1403 4743 1470 4795 de
1515 4743 1662 4795 victu
1699 4752 2015 4811 expertem,

450 4834 900 4903 quemadmodum
926 4833 978 4888 in
1019 4833 1174 4893 beato
1196 4834 1451 4902 propheta
1488 4833 1621 4888 Elia.

521 4921 794 4978 CXLVIII.
825 4923 989 4978 Vsus.
1034 4923 1118 4978 12.
1154 4921 1305 4977 Oculi
1339 4922 1452 4990 ejus
1480 4935 1533 4975 ut
1567 4925 1839 4977 columbw.

518 5015 668 5068 Oculi
711 5015 981 5086 Unigeniti
1004 5054 1019 5078 ,
1052 5013 1413 5069 sacerdotales
1446 5013 1691 5069 homines
1738 5015 2015 5070 constituti

554 5109 599 5141 ⁸⁹
631 5110 644 5162 I
677 5109 824 5165 Petr.
860 5127 918 5173 it,
944 5110 1035 5163 Ἡ.

532 5210 636 5280 l7!)
681 5209 846 5280 Vetus
882 5208 1146 5276 interpres
1202 5207 1356 5278 longe
1403 5206 1562 5260 aliam
1598 5207 1816 5263 exhibet
1853 5222 1909 5263 et
1939 5211 2021 5266 div-

454 5279 661 5335 versam
698 5279 1146 5346 explanationem.

526 5350 636 5421 (7‘2)
676 5348 731 5401 In
769 5345 909 5421 hunc
947 5364 1157 5402 versum
1205 5347 1404 5402 desinit
1438 5347 1558 5402 cod.
1594 5345 2014 5416 Vallicellanus;

453 5419 648 5476 caetera
681 5419 1072 5473 desiderantur.

525 5491 635 5557 (73)
677 5487 766 5542 Sic
804 5489 923 5540 cod.
953 5485 1103 5539 Alex.
1131 5485 1326 5541 Czctcri
1357 5487 1553 5557 κεφάζ.

525 5561 638 5628 (74)
683 5557 800 5610 Vet.
839 5561 1060 5624 interpr.
1105 5557 1330 5624 objecti;
1375 5570 1429 5612 et
1463 5558 1597 5610 infra
1645 5557 1695 5610 in
1743 5557 2012 5624 explana—

454 5633 618 5693 tione,
655 5647 674 5679 ι
703 5628 940 5696 :ilijectos
977 5636 1153 5680 autem
1195 5628 1344 5683 dicit.
1368 5649 1385 5678 ι
1430 5628 1671 5681 Absurde
1701 5630 2008 5696 utrobique.

457 5695 814 5767 Lugendum:
847 5695 1072 5767 aliietes.
1097 5716 1113 5748 ι
1154 5697 1259 5751 Sed
1293 5698 1480 5751 melius
1522 5698 1831 5767 retinuisset
1863 5695 2013 5753 Grie-

457 5765 588 5826 cam-
627 5782 810 5822 vocem
864 5765 1076 5833 ἐλάται,
1134 5778 1352 5836 propter
1409 5769 1626 5821 verbum
1673 5766 2008 5823 ἐλαύνεσθαι.

2119 4571 2276 4634 λανες
2322 4572 2397 4635 ὼς
2442 4569 2632 4641 κόραξ,
2675 4589 2693 4620 ι
2734 4570 3139 4641 ὑπομιμνήσκει
3176 4569 3274 4639 τὴν
3311 4571 3410 4639 τῆς
3451 4585 3702 4621 κακοπα-

2123 4661 2272 4724 θείας
2316 4661 2496 4714 αὐτῶν
2543 4660 2835 4714 πολιτείαν.
2891 4660 3001 4714 Καὶ
3033 4660 3122 4712 τὸν
3157 4659 3365 4730 κόρακα
3393 4657 3698 4728 ὀνομάζων,

2121 4753 2219 4824 τὴν
2247 4755 2547 4826 ἀμέριμνον
2572 4754 2753 4807 αὐτῶν
2778 4754 2877 4826 τῆς
2907 4753 3115 4826 τροφῆς
3142 4751 3464 4823 ἀναγορεύει
3497 4752 3702 4821 διαγωο

2125 4845 2247 4917 γὴν,
2277 4847 2466 4919 ὥσπερ
2495 4847 2587 4899 ἐπὶ
2610 4845 2703 4900 τοῦ
2739 4845 3006 4918 μακαρίου
3043 4845 3321 4916 προφήτου
3361 4843 3533 4899 Ἠλία.

2194 4936 2377 4992 PMH’.
2431 4937 2751 5007 Ὀφθαλμοὶ
2773 4937 2960 4992 αὐτοῦ
2988 4937 3068 5002 ὡς
3100 4936 3460 5004 περιστεραί.

2206 5028 2500 5101 Ὀφθαλμοὶ
2520 5029 2614 5085 τοῦ
2643 5028 2980 5099 Μονογενοῦς
3008 5031 3056 5081 οἱ
3089 5029 3147 5081 ὲν
3173 5029 3326 5091 ταῖς⁶
3351 5026 3702 5097 Ἐκκλησίαες

2122 5234 2141 5266 ι
2171 5216 2264 5287 Est
2310 5227 2489 5270 autem
2527 5217 2690 5287 ὲλάτη
2746 5229 2963 5287 germen
3017 5213 3551 5287 novellumpaltnze.
3600 5228 3700 5268 Seu

2117 5286 2451 5340 involucrum
2492 5283 2919 5354 instar’cnlicis,
2953 5298 3044 5336 seu
3101 5285 3368 5354 vaginnlze
3415 5283 3694 5338 fructuum

2117 5357 2304 5424 palmze
2344 5354 2670 5410 ﬂorentium.
2709 5353 2878 5407 Porro
2923 5354 3113 5421 vagina
3153 5353 3253 5408 hac
3291 5369 3351 5408 se
3400 5356 3696 5422 pandente,

2115 5435 2472 5494 prorumpunt
2521 5425 2722 5479 ﬂosculi
2760 5425 3092 5494 numerosi,
3141 5426 3348 5478 modice
3411 5424 3598 5479 densis
3647 5438 3701 5479 et

2115 5492 2286 5563 longis
2313 5492 2448 5548 villis
2481 5496 2719 5562 appensi,
2759 5492 2904 5546 botri
2947 5495 3122 5563 magni
3158 5495 3700 5563 instaricoacerVati.

2124 5561 2256 5619 IIuic
2289 5580 2417 5631 ergo
2463 5561 2638 5627 elata},
2687 5568 2766 5616 sic
2817 5577 2910 5615 sua
2965 5561 3236 5618 ﬁlamenta
3284 5561 3602 5617 dilfundenti
3650 5574 3702 5617 et

2122 5636 2368 5688 llosculos
2422 5634 2714 5704 ostentanti
2744 5671 2759 5697 ,
2800 5631 3044 5704 ,capillos
3098 5648 3383 5704 c0mparas
3435 5634 3648 5704 sponsi.
3675 5654 3695 5686 ι

2126 5705 2433 5763 Meuocliius
2459 5704 2525 5758 ad
2561 5703 2613 5757 Il.
2646 5703 2680 5759 l.
