3810 6364
443 402 538 456 ιιι
776 351 781 356 ’
1196 471 1199 474 _
1552 389 1869 447 PHILONIS
1906 386 2213 446 EPISCOPI
2247 383 2564 444 caepas“
3574 380 3603 434 ι
3626 381 3707 436 ιε’.

439 522 664 581 buntur,
694 530 800 571 non
831 517 1034 574 terreni
1066 516 1423 587 principatus,
1445 514 1540 568 sed
1573 514 1727 584 regni
1749 513 1943 569 coelest‘

2199 507 2290 559 ιλοι
2315 506 2634 578 γράφονται,
2670 502 2769 556 οὐκ
2795 501 3043 571 ὲπιγείας
3066 499 3259 572 ἀρχῆς,
3294 496 3703 571 ἀλλ”ὲπουρα-

438 610 530 664 Illa
569 613 763 674 verba,
816 627 835 660 ι
867 625 1028 678 super
1075 607 1303 678 lapidem
1346 605 1691 676 sapphirum,
1718 623 1737 658 ι
1788 604 1839 658 id
1880 620 1942 674 pu

2193 617 2222 651 υ
2272 598 2566 669 βασιλείας.
2604 595 2677 649 Τὸ
2729 594 2822 658 δὲ,
2899 611 2918 645 ι
2961 594 3055 647 ἐπὶ
3085 591 3232 678 λίθου
3281 590 3613 662 σαπφείρου,
3670 607 3697 642 ι

439 699 749 770 signiﬁcare
771 741 787 768 ,
836 677 976 770 quod
1021 677 1473 770 quemadmodum
1503 697 1817 767 sapphirus,
1849 694 1940 766 qui

2207 705 2299 754 αι,
2345 687 2639 758 ἐπειδήπερ
2667 687 2695 740 ὁ
2725 686 3022 757 σάπφειρος
3042 724 3056 748 ,
3093 677 3139 752 ᾧ
3183 682 3497 754 πλησιάζει,
3523 681 3709 736 τοῦτο

437 793 568 864 quid
624 775 791 862 prope
834 792 934 847 sibi
982 801 1094 857 est,
1138 791 1204 846 ad
1241 805 1301 846 se
1351 789 1552 856 trahit:
1589 788 1662 842 ita
1702 797 1941 841 sanctoru

2205 785 2252 844 ac
2294 779 2483 832 ἑαυτὸν
2519 779 2727 848 ἐπισπᾷ
2749 794 2762 806 ·
2791 775 2964 838 οὓτως
2990 775 3084 830 καὶ
3114 775 3221 828 τῶν
3249 774 3417 844 ἁγίων
3441 775 3491 826 οἱ
3529 773 3709 844 χοροὶ

440 883 590 938 chori
611 897 704 937 eos
727 881 1004 936 deducunt
1041 897 1223 935 secum
1266 880 1331 934 ad
1364 892 1586 948 regnum
1626 875 1884 930 caelorum
1918 890 1944 944 q

2203 874 2232 924 l'
2258 870 2463 924 ἑαυτῶν
2489 871 2612 934 τοὺς
2643 868 3038 940 πλησιάζοντας
3069 866 3248 922 αὐτῶν
3271 870 3337 938 τῇ
3363 865 3707 936 διδασκαλίᾳ.

442 973 708 1040 accedunt
737 973 803 1027 ad
825 987 1011 1027 eorum
1032 973 1356 1026 doctrinam.

2111 965 2192 1028 είς
2226 963 2324 1033 τὴν
2353 962 2460 1016 τῶν
2489 961 2731 1034 οὐρανῶν
2766 961 3026 1029 ἀνάγουσι
3055 960 3168 1030 (79)
3203 958 3499 1030 βασιλείαν.

511 1064 663 1119 CLV.
692 1065 856 1119 νεεδ.
899 1064 985 1118 15.
1020 1062 1192 1118 Crura
1227 1063 1340 1132 ejus
1383 1062 1636 1119 columna:
1683 1078 2008 1118 marmorew.

2193 1054 2350 1106 PNE’.
2371 1054 2459 1106 Στ.
2490 1058 2569 1105 ιε’.
2600 1051 2833 1121 Κνῆμαι
2853 1051 3060 1116 αὐτοῦ,
3082 1052 3293 1104 στύλοι
3302 1047 3697 1119 μαρμάρινα.

517 1145 692 1205 Crura
719 1159 889 1206 totum
921 1167 1118 1222 corpus
1157 1161 1394 1222 portant,
1416 1152 1862 1220 quemadmodum
1885 1167 2013 1221 apo-

2198 1144 2249 1196 Ai
2281 1141 2488 1212 κνῆμαι
2521 1141 2582 1194 τὸ
2606 1143 2712 1194 πᾶν
2744 1141 3066 1212 βαστάζουσι
3087 1140 3179 1193 τοῦ
3213 1139 3479 1211 σώματος,
3506 1138 3702 1191 καθά-

443 1243 566 1298 stoli
599 1242 764 1298 veluti
793 1240 1056 1297 columnae
1086 1244 1395 1298 universam
1431 1255 1647 1314 portant
1695 1244 1947 1309 Ecclesial

2201 1252 2219 1286 3
2250 1233 2347 1286 καὶ
2392 1234 2441 1286 οί
2489 1231 2777 1285 ἀπόστολοι
2815 1232 3021 1286 στύλων
3053 1231 3207 1302 δίκην
3238 1231 3335 1302 τὴν
3368 1231 3549 1283 πᾶσαν
3586 1229 3705 1300 βα-

444 1332 759 1388 Marmoreae
793 1349 921 1388 vero
965 1334 1304 1404 appellantur
1349 1345 1569 1406 prOpter
1603 1336 1948 1391 ﬁrmitudine:

2197 1325 2402 1388 ἱζουσιν
2473 1321 2818 1392 Ἐκκλησίαν.
2869 1322 3223 1393 Μαρμὰρινοι
3261 1320 3318 1374 δὲ
3365 1319 3701 1389 κέκληνται,

442 1434 664 1495 propter
705 1424 1050 1480 stabilitatem
1073 1463 1088 1489 ,
1115 1435 1332 1495 propter
1366 1426 1675 1496 puritatem.
1707 1427 1828 1481 Haec
1867 1428 1946 1480 eni

2197 1458 2198 1461 η
2227 1413 2325 1485 τὴν
2351 1412 2706 1482 στερρότητα,
2734 1412 2823 1465 διὰ
2846 1412 2944 1482 τὴν
2976 1412 3312 1483 ἑδραιότητα,
3349 1411 3436 1465 διὰ
3457 1409 3554 1481 τὴν
3581 1427 3701 1463 κα-

443 1518 624 1572 omnia
655 1529 780 1573 sunt
805 1519 856 1571 in
879 1517 1136 1586 apostolis
1173 1527 1391 1588 propter
1431 1518 1554 1573 ﬁdei
1595 1519 1940 1574 soliditatem.

2201 1505 2405 1575 ιότητα.
2443 1503 2626 1557 Ταῦτα
2659 1504 2768 1576 γὰρ
2811 1505 2988 1558 πάντα
3031 1506 3144 1567 τοῖς
3179 1503 3350 1572 ἁγίοις
3392 1503 3705 1575 πρόσεστιν

2111 1595 2444 1658 ἀποστόλοις,
2471 1593 2558 1647 διὰ
2580 1593 2642 1647 τὸ
2671 1594 2984 1665 στερέμνιον
3015 1594 3114 1665 τῆς
3144 1594 3398 1657 πίστεως.

513 1691 690 1749 CLVI.
719 1691 983 1747 Fundam
1008 1708 1164 1759 super
1188 1693 1335 1746 bases
1368 1709 1578 1747 aureas.

2185 1688 2372 1754 PNG’.
2400 1686 2891 1756 Τεθεμελιωμέναι
2921 1686 3015 1739 ἐπὶ
3039 1683 3256 1750 βάσεις
3284 1681 3536 1752 χρυσᾶς.

513 1784 570 1838 Id
593 1794 695 1848 est,
725 1800 886 1853 super
917 1784 1006 1839 Dei
1038 1785 1311 1838 mandata.

2187 1779 2363 1850 Ὅπερ
2391 1779 2558 1842 ἐστὶν,
2586 1779 2678 1830 ἐπὶ
2710 1779 2808 1841 τὰς
2838 1776 2932 1830 τοῦ
2966 1777 3099 1830 Θεού
3125 1775 3361 1838 ἐντολάς.

514 1875 715 1932 CLVII.
741 1875 944 1946 Species
971 1876 1083 1945 ejus
1124 1885 1178 1930 ut
1221 1874 1454 1930 Libanus
1477 1914 1492 1940 ,
1540 1875 1731 1929 electus
1762 1885 1817 1928 ul
1847 1874 2008 1929 cedri.

2202 1871 2345 1924 ’NZ'.
2386 1865 2566 1935 Εἶδος
2610 1869 2797 1923 αὑτοῦ
2825 1870 2906 1934 ὠς
2943 1869 3229 1935 Λίϐανος,
3278 1867 3561 1934 ἐκλεκτὸς
3606 1868 3706 1938 ὡς

2114 1958 2331 2026 κέδροι.

512 2051 690 2123 Ipsius
739 2050 940 2106 Christi
993 2048 1382 2104 humanitatem
1425 2045 1688 2102 aSsiitiilat
1741 2045 2015 2100 veteribus

2199 2049 2256 2102 I‘b
2278 2047 2615 2120 ἀνθρώπινον
2641 2046 2808 2102 αὑτοῦ
2866 2048 2962 2102 τού
2999 2047 3235 2120 Χριστοῦ
3272 2050 3382 2113 τοῖς
3411 2048 3574 2104 πάλαι
3608 2051 3703 2103 δι-

445 2145 621 2219 iustis.

2116 2140 2293 2204 καίοις
2325 2143 2515 2210 ὁμοιοῖ.

515 2234 736 2294 CLVIII.
783 2232 947 2288 Vens.
983 2229 1069 2287 I6.
1120 2228 1316 2285 Gultur
1354 2229 1468 2299 ejus
1492 2227 1733 2294 dulcedo,
1782 2236 1829 2282 et
1873 2235 2014 2280 lotus

2197 2235 2369 2286 PNII'.
2405 2235 2496 2287 Στ.
2540 2240 2633 2298 ις’.
2663 2231 2904 2304 Φάρυγξ
2941 2234 3128 2289 αὐτοῦ
3167 2234 3516 2306 γλυκασμὸς
3544 2234 3701 2305 (80),

447 2330 781 2386 desiderium.

2015 2344 2019 2353 '
2115 2325 2216 2379 καὶ
2245 2324 2382 2390 ὅλος
2419 2325 2716 2394 ἐπιθυμία.

520 2417 812 2475 Εειὶιιιιιιο
835 2414 1090 2470 mellillua
1119 2412 1285 2468 verba
1315 2411 1614 2467 dulcedinis
1637 2408 1868 2478 gutturis
1897 2407 2016 2478 ejus

2197 2414 2541 2481 Ἀναλογίζου
2570 2413 2626 2466 δὲ
2651 2415 2750 2484 τῆς
2777 2412 3110 2484 γλυκύτητος
3149 2411 3242 2466 τοῦ
3273 2414 3551 2486 φάρυγγος
3583 2415 3693 2469 αὖ·

449 2509 517 2571 οι
552 2512 724 2567 sacris
758 2508 1057 2580 Scripturis
1080 2548 1096 2574 ,
1130 2505 1320 2562 saltem
1363 2505 1540 2575 aliqua
1589 2519 1657 2557 ex
1702 2511 1892 2572 parte:
1919 2517 1950 2554 ιι

2199 2504 2211 2556 i
2235 2504 2303 2558 τὰ
2332 2504 2632 2575 μελισταγῆ
2663 2505 2879 2575 ῥήματα
2907 2505 2970 2556 ὲκ
2987 2503 3096 2557 τῶν
3127 2503 3285 2559 θείων
3306 2504 3556 2576 Γραφῶν,
3580 2505 3703 2559 κᾶν

449 2618 556 2673 que
579 2602 720 2658 enim
751 2600 929 2654 omnia
968 2597 1190 2669 poteris.
1244 2614 1263 2648 ι
1289 2595 1486 2651 Guttur
1527 2593 1642 2662 ejus
1681 2594 1927 2657 dulcedo,

2213 2596 2410 2668 μέρους
2427 2613 2442 2627 ο
2467 2596 2526 2648 οὐ
2552 2595 2660 2667 γὰρ
2682 2595 2778 2648 ὅλα
2799 2595 3036 2666 δυνήσει.
3073 2615 3092 2647 ι
3125 2595 3346 2666 Φάρυγξ
3366 2596 3528 2650 αὑτοῦ
3558 2596 3701 2665 γλυ-

453 2703 595 2748 tutus
634 2691 982 2747 desiderium.
1013 2710 1032 2743 ι
1071 2719 1138 2729 -
1168 2707 1187 2740 ι
1212 2687 1428 2751 Venite,
1459 2706 1478 2740 ›
1523 2687 1728 2756 inquit,
1771 2705 1789 2738 ι
1818 2686 1906 2753 ιιιιί
1940 2684 1956 2739 1

2196 2689 2357 2759 σμὸς,
2394 2688 2488 2742 καὶ
2515 2688 2634 2751 ὅλος
2659 2687 2938 2758 ἐπιθυμία.
2969 2706 2987 2740 ι
3012 2718 3082 2730 —-
3109 2707 3127 2740 ι
3164 2689 3328 2742 Δεῦτε
3347 2731 3361 2753 ,
3419 2708 3437 2740 ι
3469 2689 3658 2758 λέγων
3680 2732 3700 2755 ,

452 2783 658 2839 boratis
677 2792 730 2837 et
754 2781 962 2838 onerati
1005 2781 1168 2846 estis,
1204 2788 1259 2835 et
1287 2794 1386 2850 ego
1413 2779 1648 2834 reficiam
1679 2793 1775 2833 vos
1797 2779 1863 2830 “.
1895 2796 1914 2830 ι
1947 2806 1956 2817 -

2187 2781 2226 2833 ai.
2254 2779 2550 2843 κοπιῶντες
2591 2780 2686 2833 καὶ
2709 2779 3162 2851 πεφορτισμένοι,
3193 2779 3350 2850 κάγὼ
3375 2779 3691 2835 ἀναπαύσω

451 2872 648 2929 Guttur
699 2871 815 2942 ejus
863 2871 1108 2928 dulcedo.
1156 2900 1230 2912 —--
1270 2869 1572 2935 «Conﬁde,
1630 2868 1704 2923 ιιιί
1751 2887 1765 2924 :
1833 2869 1955 2923 dimi

2199 2873 2279 2935 ἃς.
2303 2891 2321 2923 ι
2352 2901 2424 2911 -
2444 2890 2462 2922 ι
2483 2870 2700 2942 Φάρυγξ
2730 2869 2894 2925 αὐτοῦ
2928 2871 3257 2943 γλυκασμός.
3287 2890 3307 2923 ι
3327 2902 3399 2912 --
3420 2890 3437 2922 ι
3462 2872 3702 2942 Θάρσει,

451 2973 641 3019 ιιιιιιιιι·
680 2965 775 3020 tibi
813 2971 1031 3035 peccata
1081 2972 1169 3018 tua
1196 2963 1262 3014 ’⁷.
1300 2981 1320 3014 ι
1360 2992 1431 3002 -
1459 2980 1478 3014 ι
1517 2960 1712 3017 Guttur
1747 2960 1863 3031 ejus
1901 2960 1955 3015 ἀι

2194 2981 2324 3026 ινον,
2351 2963 2624 3032 ἀφέωνταί
2648 2980 2729 3016 σοι
2754 2963 2810 3015 αἱ
2836 2963 3099 3034 ἁμαρτίαι
3117 2979 3233 3017 σου.
3271 2981 3289 3015 ι
3313 2994 3386 3003 -—
3415 2983 3433 3016 ι
3461 2965 3698 3035 Φάρυγξ

453 3055 605 3112 cedo.
639 3074 658 3109 ι
696 3087 766 3096 -
806 3072 824 3107 ι
857 3053 1032 3124 Surge
1081 3073 1100 3107 ι
1164 3053 1345 3124 igitur,
1424 3070 1443 3105 ι
1482 3061 1537 3108 ει
1584 3051 1708 3108 tolle
1741 3051 1957 3122 grabatu

2198 3055 2287 3108 τοῦ
2312 3055 2648 3126 γλυκασμός.
2678 3074 2698 3107 ι
2716 3085 2787 3095 —
2804 3074 2822 3106 ι
2863 3057 3082 3127 Ἔγειρε
3111 3073 3129 3106 ι
3157 3049 3268 3121 οὖν,
3291 3073 3309 3107 ι
3338 3057 3432 3111 καὶ
3450 3053 3580 3127 ἆρον
3602 3058 3702 3111 τὸν

455 3157 605 3201 ιιιιιιιι
631 3147 714 3215 ⁹⁹;
755 3164 774 3200 ι
812 3156 866 3202 et
889 3161 1219 3216 quaecunque
1258 3146 1342 3201 his
1380 3144 1596 3200 similia.
1640 3161 1659 3194 ι
1689 3143 1754 3198 Ει
1782 3152 1959 3208 totus,

2197 3147 2456 3201 ἀϐὀατονο
2495 3166 2514 3198 ι
2564 3147 2656 3201 καὶ
2683 3149 2784 3201 ὅσα
2827 3147 3038 3210 τούτοις
3075 3148 3252 3218 ὅμοια.
3294 3165 3312 3197 ι
3351 3149 3459 3203 Καὶ
3489 3149 3640 3213 ὅλος,
3679 3169 3701 3201 ι

456 3238 665 3308 inquit,
722 3257 741 3290 ι
781 3238 1125 3295 desiderium.
1157 3256 1177 3290 ›
1221 3268 1291 3278 -
1335 3255 1353 3290 ι
1393 3235 1668 3292 Desiderio
1715 3235 1960 3291 desidera

2201 3241 2303 3307 σὶν,
2335 3259 2352 3290 ι
2385 3239 2670 3311 ἐπιθυμία.
2694 3259 2713 3292 ι
2733 3269 2802 3281 -
2823 3259 2841 3292 ι
2874 3239 3166 3311 Ἐπιθυμίᾳ
3195 3239 3514 3311 ἐπεθύμησα
3534 3240 3701 3295 τοῦτο

455 3327 558 3381 hoc
582 3326 780 3396 pascha
811 3326 1135 3382 manducare
1164 3325 1437 3381 vobiscum
1454 3324 1521 3378 ”.
1563 3342 1584 3376 ι

1506 3363 1521 3378 ο
1563 3342 1584 3376 δ
2117 3332 2178 3386 τὸ
2204 3333 2387 3403 πάσχα
2414 3334 2604 3401 φαγεῖν
2638 3331 2756 3402 μεθ’
2783 3330 2956 3402 ὑμῶν.
2989 3349 3008 3383 ι

523 3417 702 3473 CLIX.
733 3417 835 3473 Hic
860 3419 1122 3488 fraternus
1159 3433 1335 3484 meus,
1363 3426 1412 3472 et
1450 3417 1532 3471 hic
1558 3416 1823 3487 proximus
1852 3431 2018 3483 meus,

2189 3424 2358 3479 PNG’.
2391 3421 2578 3492 Οὗτος
2609 3426 2642 3477 ό
2665 3423 2985 3492 ἀδελφιδός
3011 3440 3151 3493 μου,
3180 3421 3280 3476 καὶ
3315 3418 3492 3488 οὗτος
3522 3426 3693 3492 πλη-

454 3509 581 3578 ﬁlia.’
613 3508 962 3564 Hierusalem.

2118 3517 2260 3569 σίον
2277 3533 2416 3583 μου,
2445 3512 2761 3583 θυγατέρες
2793 3513 3203 3582 Ἰερουσαλήμ.

527 3597 819 3654 Fraternus
842 3609 1061 3669 propter
1091 3609 1376 3668 parentum
1408 3597 1775 3668 genealogiam
1801 3616 1813 3651 :
1840 3597 2022 3664 proxi-

2203 3605 2537 3674 Ἀδελφιδὸς,
2581 3605 2669 3658 διὰ
2713 3605 2811 3676 τὴν
2854 3604 2962 3658 τῶν
3005 3608 3260 3676 πατέρων
3303 3603 3702 3673 γενεαλογίανο

461 3701 612 3753 mus,
662 3689 786 3755 quia
815 3689 1008 3743 et'telo
1054 3688 1302 3756 delapsus
1331 3688 1560 3744 accessit
1612 3689 1678 3741 ad
1726 3686 1964 3742 Ecclesia

2199 3695 2348 3768 ησίον
2378 3695 2455 3760 δὲ,
2484 3696 2616 3749 διότι
2635 3696 2692 3762 ἐξ
2717 3695 2946 3767 ούρανοῦ
2973 3695 3240 3762 καταϐὰς,
3268 3695 3600 3767 ἐπλησίασεν
3630 3699 3703 3767 τῇ

457 3792 645 3833 amore
671 3779 933 3848 impulsus
966 3795 1091 3850 erga
1125 3781 1388 3836 homines.

2135 3787 2430 3858 Ἐκκλησία
2451 3785 2539 3840 διὰ
2562 3786 2985 3858 φιλανθρωπίαν.

526 3869 682 3924 CLX.
731 3871 847 3936 Quo
885 3873 1018 3926 abiit
1051 3871 1316 3942 fraternus
1357 3881 1506 3940 tuus,
1537 3872 1754 3942 pulchra
1803 3873 1858 3928 in
1904 3889 2020 3927 mu-

2196 3881 2313 3933 PE’.
2345 3879 2468 3933 Ποῦ
2494 3878 2768 3948 ἀπῆλθεν
2793 3881 2826 3934 ὁ
2852 3879 3175 3950 ἀδελφιυος
3203 3893 3339 3944 σου,
3371 3895 3409 3948 η
3437 3879 3598 3949 καλὴ
3631 3899 3700 3936 εγ

458 3962 667 4016 lieribus
685 3964 712 4019 ?

2123 3971 2437 4040 γυναιξίν;
2771 3957 2783 3968 ’

530 4054 867 4124 Interrogant
905 4054 1025 4110 lilia:
1057 4052 1426 4111 Hierusalem:
1459 4072 1479 4107 ι
1507 4055 1624 4123 Quo
1669 4055 1800 4111 abiit
1827 4055 2023 4111 frater-

2207 4060 2590 4132 Ἐπερωτῶσιν
2631 4061 2686 4114 ai
2736 4059 3033 4132 θυγατέρες
3085 4059 3468 4131 Ἵερουσαλὴμο
3526 4077 3547 4112 s
3580 4061 3702 4116 Ποῦ

461 4161 560 4201 nus
600 4156 725 4201 tuus
745 4186 760 4211 ,
785 4146 1008 4217 pulchra
1035 4147 1086 4201 in
1121 4146 1469 4203 mulieribus?
1497 4165 1517 4199 ›
1556 4147 1656 4202 hoc
1681 4156 1761 4202 est
1787 4187 1802 4212 ,
1838 4148 1960 4203 Eccl

2171 4151 2362 4221 πῆλθεν
2391 4152 2420 4204 ό
2455 4150 2732 4220 ἀδελφιδός
2766 4168 2881 4214 σου,
2909 4152 2942 4221 ἠ
2979 4150 3117 4221 καλὴ
3143 4152 3199 4203 ὲν
3226 4149 3438 4220 γυναιξί
3458 4167 3507 4210 :s
3535 4168 3675 4207 τουτ

458 4239 595 4294 siam
624 4238 1001 4308 (interrogant)
1027 4238 1249 4310 pulchra
1285 4239 1422 4292 inter
1447 4237 1728 4294 duodecim
1761 4241 1952 4294 tribus.

1944 4279 1952 4293 .
2125 4242 2260 4302 ἐστι,
2287 4240 2384 4313 τὴν
2426 4242 2750 4313 Ἐκκλησίαν
2771 4241 2828 4294 ὲν
2858 4243 2978 4304 ταῖς
3001 4240 3207 4295 δώδεκα
3235 4241 3448 4312 φυλαῖς.

413 4313 419 4326 ’
527 4328 705 4385 CLXI.
736 4329 899 4385 Vens.
943 4329 1030 4384 I7.
1071 4328 1186 4395 Quo
1229 4330 1452 4400 respexit
1499 4329 1764 4405 Lraternus
1795 4343 1914 4384 tuus

2196 4329 2365 4384 PEA'.
2399 4331 2490 4383 Στ.
2524 4329 2608 4394 ιζ’.
2640 4330 2763 4384 Ποῦ
2789 4329 3134 4398 ἀπέϐλεψεν
3167 4331 3277 4401 (81)
3305 4335 3338 4387 ό
3369 4331 3699 4403 ἁδελφιδός

459 4435 748 4489 quwremus
776 4437 891 4474 eum
927 4429 1114 4474 tecum.

2125 4434 2270 4482 0'02);
2298 4419 2395 4472 καὶ
2428 4416 2757 4486 ζητήσομεν
2783 4417 2970 4471 αὐτὸν
3001 4417 3151 4486 μετὰ
3181 4417 3316 4473 σοῦ.

533 4530 554 4564 ι
578 4512 831 4578 ριιιετίιε,
862 4531 880 4564 ι
907 4513 1081 4582 inquit
1099 4511 1377 4582 Scriptura
1399 4512 1439 4580 ⁸,
1473 4529 1492 4564 ι
1516 4495 1818 4578 Dominum,
1838 4526 2026 4568 omnes

2205 4530 2222 4562 ι
2253 4511 2549 4580 Ζητήσατε,
2581 4527 2600 4560 ι
2633 4508 2788 4577 φησὶ,
2814 4527 2832 4559 ι
2866 4507 2956 4561 τὸν
2977 4508 3202 4579 Κύριον,
3228 4508 3424 4573 πάντες
3442 4509 3696 4564 οίταπει-

459 4604 689 4659 lmmiles
730 4610 907 4657 terrae.
935 4622 954 4655 ι
1008 4602 1286 4669 Quomodo
1341 4601 1620 4668 Quwrite?
1667 4621 1684 4654 ι
1713 4602 1962 4673 Operami

2186 4601 2338 4670 ὶτῆς
2397 4600 2517 4671 γῆς.
2555 4618 2574 4651 ι
2625 4600 2748 4664 Πῶς
2787 4599 2863 4663 δὲ,
2919 4600 3392 4671 Ζητήσατε(8ἓ);
3434 4619 3452 4651 ι
3504 4601 3690 4670 Ἐργά

460 4696 710 4764 iudicium
733 4737 748 4761 ,
792 4694 952 4751 facite
989 4694 1251 4766 justitiam
1271 4695 1314 4750 '.
1345 4713 1365 4747 ι
1407 4696 1498 4751 Sic
1527 4711 1556 4749 a
1586 4711 1782 4766 sponsa
1823 4712 1964 4766 quau

2194 4691 2284 4746 σθε
2313 4693 2506 4762 κρῖμα,
2535 4690 2629 4743 καὶ
2654 4691 2998 4764 δικαιοσύνην
3025 4694 3303 4766 ποιήσατε.
3328 4712 3346 4745 ι
3379 4693 3567 4756 Οὕτως
3585 4695 3697 4746 dm?

461 4802 549 4845 tur
579 4803 828 4859 sponsus.
863 4787 1064 4843 Tamen
1097 4787 1424 4859 interrogata
1453 4791 1776 4860 respondet:

2198 4805 2224 4850 ς
2265 4785 2481 4856 νύμφης
2526 4787 2556 4838 ὁ
2599 4783 2829 4856 νυμφίος
2863 4784 3128 4854 ζητεῖται.
3176 4784 3362 4854 Ὅμως
3405 4782 3699 4854 ὲπερῳτω-

2132 4876 2287 4947 μένη,
2316 4875 2464 4944 λέγει
2479 4888 2494 4904 ⁸

1123 4965 1249 5023 IAP.
1292 4965 1374 5018 Vl.

2757 4969 2913 5022 ΚΕΦ.
2955 4967 3044 5023 C'.

1123 4966 1136 4982 ’
1235 5007 1249 5023 .
1292 4965 1374 5018 Vl.

461 5056 660 5114 CLXII.
695 5057 858 5115 Vens.
901 5057 951 5113 ‘I.
986 4965 1264 5112 Destitit
1298 5058 1351 5110 in
1397 5056 1605 5108 hortum
1641 5073 1792 5110 suum
1827 5059 1965 5127 [rate

2853 4969 2913 5022 Φ.
3031 5005 3045 5019 .

2192 5057 2288 5112 ΞΒ’.
2318 5057 2408 5110 Στ.
2440 5057 2510 5112 α’.
2543 4969 2860 5124 Καταϐᾗὲ
2890 4967 3214 5125 ἁδῖλφιδός
3238 5072 3357 5125 μου
3385 5055 3471 5121 είς
3494 5052 3696 5123 κῆπον

1108 5165 1203 5202 ιιιιε
1230 5163 1394 5201 meus.

2737 5149 2924 5203 αὐτοῦ
2955 5150 3087 5218 (85).

528 5239 738 5294 Domini
776 5240 1093 5296 descensum
1139 5240 1206 5292 ad
1260 5237 1461 5292 inferos
1504 5247 1630 5308 puto
1679 5237 2017 5307 signiﬁcare;

2197 5239 2308 5310 Τὴν
2345 5238 2437 5292 τοῦ
2461 5238 2667 5310 Κυρίου
2691 5240 2770 5303 εἰς
2804 5240 2892 5292 τὸν
2917 5239 3046 5310 ᾅδην
3089 5237 3332 5305 κάθοδον,
3371 5233 3559 5310 οἶμαι,
3605 5238 3697 5292 λέ-

527 5354 574 5386 ⁹⁶
607 5353 793 5408 Matth.
824 5370 900 5419 XI,
929 5353 1018 5407 28.
1102 5353 1145 5386 ’⁷
1180 5351 1486 5418 Manlium,
1533 5353 1587 5410 2.
1664 5353 1709 5385 ’⁸
1732 5351 1889 5408 Joan.
1923 5369 1978 5416 ν,
2012 5354 2031 5410 ε

2217 5353 2329 5411 Luc
2359 5371 2493 5421 χιιι,
2529 5355 2616 5410 15.
2697 5357 2714 5387 ¹
2745 5355 2981 5424 Sophon.
3003 5372 3065 5420 ιι,
3091 5357 3146 5411 5.
3207 5359 3228 5388 ¹
3255 5357 3595 5422 Ezech.x1.v,
3641 5360 3696 5414 9.

529 5474 642 5544 (79)
686 5474 803 5527 Vet.
836 5473 1125 5546 interpr.”
1153 5475 1241 5529 Sic
1267 5490 1396 5546 ergo
1415 5484 1470 5530 et
1489 5486 1797 5546 sanctorum
1821 5476 2016 5531 chorus
2122 5475 2244 5546 ψεν,
2289 5487 2348 5531 ιιι
2379 5487 2462 5532 est
2497 5477 2548 5531 in
2599 5479 2718 5533 cod.
2761 5475 2956 5534 Vallic.
2998 5484 3052 5532 et
3112 5477 3163 5531 in
3200 5492 3342 5532 sacr.
3373 5476 3557 5530 Bibliis
3596 5477 3696 5531 im.

462 5545 953 5619 appmpinquantes
994 5545 1096 5619 sibi
1122 5559 1232 5619 per
1264 5545 1420 5602 Iidem
1449 5556 1504 5602 et
1533 5544 1799 5615 justitiam
1835 5546 2014 5600 haurit
2124 5544 2327 5615 pressis
2373 5548 2664 5602 omnibus:
2699 5556 2753 5602 et
2796 5549 2876 5603 sic
2924 5548 3052 5619 legit
3097 5547 3260 5603 etiam
3314 5560 3464 5602 vetus
3519 5548 3670 5602 inter

464 5615 532 5667 ad
559 5613 798 5686 caelos!
843 5612 1036 5686 Parum
1069 5612 1314 5686 feliciter.
1536 5612 1559 5686 ί
1912 5685 1934 5686 η
2123 5612 2268 5686 pres.

531 5682 643 5757 (89)
682 5682 883 5757 Aldina
907 5682 1004 5757 sic,
1035 5691 1091 5737 et
1126 5685 1198 5757 ita
1240 5684 1364 5751 legit
1388 5694 1502 5757 _vet.
1549 5685 1835 5756 interpres.
1897 5685 2015 5741 (ἔξε-
2124 5682 2138 5686 ’
2194 5686 2307 5757 (82)
2346 5683 2485 5757 Male
2515 5700 2702 5757 omnes
2731 5687 2884 5757 codd.
2915 5685 3231 5757 ζητήσεται.

531 5686 643 5751 (80)
682 5686 873 5736 Aldina
907 5686 1004 5745 sic,
1035 5691 1091 5737 et
1126 5686 1198 5736 ita
1240 5686 1364 5751 legit
1397 5694 1502 5740 vet.
1549 5686 1835 5756 interpres.
1897 5686 1970 5740 Ca

466 5751 837 5826 Ieri_i_t_np_ressi
872 5751 1067 5806 habent
1096 5752 1418 5826 γλυκασμοί.
1506 5823 1534 5826 _
1640 5825 1646 5826 ί
1723 5824 1730 5826 Α

2194 5686 2307 5824 (8ὶῖ
2349 5686 2485 5740 Male
2515 5700 2702 5740 omnes
2731 5687 2884 5740 codd.
2915 5686 3231 5757 ζητήσεται.

2194 5755 2282 5824 (83
2346 5753 2469 5808 Vat.
2497 5756 2822 5826 edit.ihabet
2856 5756 3160 5825 Ἀδελφιδός
3211 5772 3314 5826 μου
3370 5752 3574 5826 κατέϐη
3615 5757 3695 5820 εἰς

535 5820 647 5896 (8i)
687 5820 908 5878 Barber.
933 5832 986 5878 et
1017 5820 1165 5879 meus
1204 5820 1461 5894 ἀπῆλθεν.
1505 5823 1732 5880 Rcstitui
1778 5825 2015 5880 ἀπέϐλεο

2185 5820 2326 5895 ιπονο
2358 5833 2412 5881 et
2448 5826 2586 5881 hanc
2635 5825 2916 5882 lectionem
2949 5820 3225 5896 agiioscit'
3246 5832 3356 5882 vet.
3391 5820 3689 5894 interpres.
