3810 6302
116 413 207 469 ns
992 386 1429 462 ἐΝΑιιιιΑτιο
1468 404 1536 460 IN
1574 403 1699 460 CAN

1821 403 1931 461 LUM
1969 401 2446 462 CANTICORUM.

3257 405 3359 465 IUI

120 547 224 601 τειο
256 528 290 598 ἡ
322 525 432 598 γὰρ
478 524 774 580 ἀκολουθία
801 525 958 580 τοῦτο
1011 529 1289 596 σημαίνει.
1321 528 1482 594 Λέγει
1530 541 1672 597 γαρ·

1821 523 1834 577 ι
1894 522 2037 576 enim
2099 522 2400 578 ostenditur
2449 534 2517 576 ex
2581 518 2952 590 sequentibus.
3008 520 3097 576 Ait
3161 525 3362 581 enim:

178 618 330 672 P3P.
374 614 482 682 Είς
512 615 739 686 φιάλας
766 617 871 671 τοῦ
893 615 1222 685 ἀρώματος.

189 693 247 762 υἱ
277 706 449 760 πάλαι
479 706 702 767 δίκαιοι,
729 707 779 759 οί
819 707 925 776 πρὸ
953 705 1054 776 τῆς
1089 706 1390 778 παρουσίας
1416 703 1690 776 πατριάρ-

131 819 226 870 χαι,
277 797 556 872 Ἀϐραὰμ,
615 797 801 852 Ἰσαὰκ
840 799 935 853 καὶ
977 798 1194 865 Ἰακὼϐ,
1234 799 1358 853 Νῶε
1396 800 1490 852 κα)⁵
1545 797 1688 861 Ἰὼϐ,

133 896 210 946 ul.
233 891 454 961 Δανιὴλ,
479 891 646 944 Δαὸὶδ
677 890 766 945 καὶ
801 892 1076 964 Σαμουὴλ,
1113 891 1414 954 Ἐλισσαῖος
1442 892 1535 945 καὶ
1558 892 1693 945 πάν-

135 1007 204 1052 ss;
221 992 265 1042 οἱ
288 987 412 1041 καθ’
438 987 588 1058 ἑξῆς.
620 981 782 1040 Οὗτοι
808 985 1007 1048 πάντες
1034 982 1224 1052 φιάλαι
1243 981 1337 1035 τοῦ
1366 981 1690 1054 ὰρώματοςο

135 1081 299 1144 οίτινες
346 1081 663 1150 ἀρωμάτων
719 1077 877 1146 δίκην
931 1075 1156 1129 πνέουσι
1197 1074 1264 1126 τὰ
1320 1071 1690 1143 δικαιώματα.

138 1175 242 1229 Ὅτε
265 1174 372 1245 γὰρ
403 1175 486 1236 είς
514 1171 652 1243 ᾂδην
677 1166 975 1231 κατελθὼν,
1003 1169 1084 1231 είς
1108 1167 1199 1219 τὸν
1226 1164 1552 1236 παράδεισον
1583 1165 1695 1217 sic-

139 1268 259 1336 ἦλθε,
293 1266 567 1338 μαρτυρεί
617 1280 707 1334 μοι
751 1261 913 1324 αὐτὸς
939 1259 1166 1330 Κύριος,
1194 1257 1365 1326 λέγων
1385 1257 1463 1327 τῷ
1485 1257 1654 1327 λῃστῇ
1675 1270 1691 1286 ·

143 1357 413 1426 «Σήμερον
447 1354 568 1424 μετ’
614 1351 749 1422 ἐμοῦ
779 1351 877 1422 ἔσῃ
929 1352 985 1404 ὲν
1013 1347 1092 1419 τῷ
1139 1347 1471 1419 παραδείσῳ.
1508 1365 1528 1399 ι
1573 1344 1694 1416 Κῆ-

141 1466 219 1511 τος
247 1447 351 1518 (84)
373 1445 623 1516 δηλονότι
647 1444 677 1496 ό
697 1441 789 1495 τοῦ
813 1439 948 1495 Θεοῦ
975 1439 1320 1511 παράδεισος.

203 1622 345 1678 ΡΞΔ’.
401 1621 754 1677 Ποιιιαὶνειν
798 1620 875 1673 ἐν·
919 1617 1170 1685 κήποις,
1217 1617 1317 1672 καί
1367 1616 1696 1688 συλλέγειν

140 1719 464 1868 κατὰ
488 1803 585 1856 τὸν
611 1802 778 1856 τόπον
824 1799 1172 1871 Ἐκκλησίας.
1203 1801 1266 1854 El
1303 1800 1379 1872 μὴ
1409 1799 1518 1872 γὰρ
1544 1797 1694 1870 πρῶ-

138 1914 211 1950 τον
236 1867 308 1961 είς
342 1897 437 1950 τὸν
474 1895 574 1948 ἕνα
612 1896 788 1967 κῆπον
831 1867 1060 1965 κατέϐη,
1102 1893 1197 1946 καὶ
1226 1867 1431 1946 τὰντοῦν
1462 1867 1692 1946 Θανάτου
1724 1867 1769 1923 Β

142 1988 408 2043 συνέκλασε
429 1989 659 2059 κέντρα,
675 1988 776 2041 οὐκ
791 1987 1084 2057 ὲποίμανεν
1099 1985 1156 2038 ἐν
1173 1986 1392 2056 κήποις,
1411 1984 1694 2038 τουτέστιν

137 2081 186 2133 ιν
205 2085 308 2145 sai;
331 2080 480 2134 κατὰ
505 2079 672 2132 τόπον
709 2077 1089 2149 Ἐκκλησίαις.
1112 2077 1356 2149 Πρόσεχε
1372 2076 1428 2129 δὲ
1448 2078 1514 2146 τῇ
1537 2075 1698 2146 ἀκρι-

138 2169 240 2242 ϐείᾳ
265 2172 367 2224 τῶν
390 2170 732 2241 λεγομένων.
755 2170 850 2233 Εἰς
869 2169 968 2240 μὲν
990 2169 1081 2222 τὸν
1111 2169 1206 2223 ἕνα
1229 2168 1404 2237 κῆπον
1431 2166 1694 2220 καταϐαί-

131 2281 228 2316 νειν
261 2263 513 2332 λέγεται·
569 2261 866 2332 μετέπειτα
909 2262 966 2315 δὲ
1012 2261 1232 2325 οὐκέτι,
1278 2259 1591 2328 Ποιμαίνειν
1637 2260 1696 2312 ἐν

133 2357 295 2425 κήπῳ,
324 2356 516 2426 φησὶν,
555 2353 713 2421 ἀλλὰ,
749 2373 768 2406 ι
805 2353 1122 2424 Ποιμαίνειν
1156 2355 1213 2406 ὲν
1247 2353 1467 2423 κήποις,
1507 2371 1526 2404 ι
1561 2353 1695 2425 ὅπερ

132 2447 260 2500 ἐστὶν
285 2449 340 2500 ἐν
384 2447 509 2508 ταῖς
550 2445 694 2498 κατὰ
720 2444 884 2497 τόπον
930 2443 1298 2516 Ἐκκλησίαις.
1345 2461 1364 2494 ι
1412 2442 1697 2511 Συλλέγειν

132 2539 294 2609 κρίνα,
333 2556 352 2589 ι
392 2536 647 2590 τουτέστι
676 2535 777 2599 τὰς
819 2534 930 2588 τῶν
978 2535 1149 2604 ἁγίων
1201 2534 1418 2608 γραφὰς
1456 2534 1569 2606 (85)
1609 2535 1699 2590 διὰ

132 2629 226 2681 τῶν
253 2629 612 2701 ἀνθρωπίνων
643 2625 918 2699 πράξεων.
944 2621 1080 2681 Εἶτα
1105 2628 1140 2697 ἡ
1167 2625 1460 2681 ἀκολουθία
1491 2625 1612 2679 τόδε
1636 2626 1697 2680 τὸ

131 2722 288 2790 λόγιον
323 2722 551 2791 συνίστη
559 2736 632 2772 σι.

192 2813 344 2866 PEE’.
374 2814 468 2866 Στ.
503 2813 569 2883 β’.
617 2811 766 2881 Ἐγὼ
791 2810 871 2879 τῷ
895 2809 1198 2881 ἀδελφιδῷ
1219 2829 1362 2881 μου,
1395 2812 1494 2866 καί
1520 2815 1554 2868 ό
1585 2812 1697 2886 (86)

131 2903 439 2974 ἀδελφιδός
461 2921 584 2974 μου
610 2903 766 2973 ἐμοι.

210 2997 345 3066 Ἐγὼ
365 2996 520 3068 αὐτῷ
544 2998 671 3060 τοὺς
695 2995 918 3068 ὕμνους,
939 2997 1101 3061 αὐτὸς
1129 2999 1253 3069 ἐμοὶ
1278 2998 1404 3062 τοὺς
1422 2998 1698 3063 ἐπαίνους.

1859 613 2085 669 CLXIII.
2112 614 2191 667 .Id
2221 614 2427 684 phialas
2457 613 2731 669 aromatis.

1863 705 2089 762 Veteres
2118 707 2286 776 justi;
2319 705 2638 777 patriarcha:
2681 705 2775 776 qui
2825 715 3216 776 praecesserunt
3259 707 3366 763 Do-

1793 799 1923 852 mini
1961 799 2248 853 adventum
2271 838 2288 862 ,
2323 799 2630 865 Abraham,
2658 797 2808 854 Isaac
2843 809 2899 853 et
2919 797 3113 866 Iacob;
3151 798 3282 864 Noe,
3311 811 3367 856 et

1794 888 1918 957 Job,
1949 899 2004 944 et
2027 888 2245 954 Daniel;
2279 888 2442 944 David
2475 899 2530 945 et
2555 891 2804 957 Samuel;
2840 890 3064 946 Elismus
3095 903 3149 946 et
3176 907 3366 947 omnes

1792 984 1884 1052 qui
1915 983 2171 1051 deinceps
2198 980 2437 1037 fuerunt.
2468 981 2530 1036 Ili
2560 998 2748 1039 omnes
2774 993 2900 1039 sunt
2937 983 3131 1052 phiala:
3153 1000 3367 1040 aroma-

1795 1077 1906 1143 tis;
1958 1075 2050 1146 qui
2102 1085 2404 1130 aromatum
2461 1076 2634 1132 instar
2677 1077 2884 1146 spirant
2929 1077 3367 1144 justiﬁcationes.

1794 1165 1949 1234 Quod
1977 1176 2155 1221 autem
2193 1168 2259 1221 ad
2293 1166 2493 1222 inferos
2512 1183 2632 1222 cum
2655 1167 3041 1236 descendisset,
3070 1169 3123 1223 in
3156 1169 3372 1237 paradi-

1795 1273 1913 1312 sum
1935 1257 2006 1312 sit
2050 1257 2364 1328 ingressus,
2418 1258 2468 1312 id
2521 1258 2652 1312 mihi
2703 1267 2933 1314 testatur
2969 1260 3082 1329 ipse
3112 1259 3371 1314 Dominus

1796 1351 1886 1420 qui
1912 1349 2142 1416 latroni,
2179 1368 2199 1402 ι
2225 1349 2396 1406 Hodie
2420 1389 2436 1416 ,
2464 1368 2486 1403 ι
2529 1351 2701 1420 inquit
2728 1391 2743 1415 ,
2771 1368 2790 1402 ι
2821 1364 3031 1406 mecum
3061 1351 3171 1407 eris
3198 1350 3251 1404 in
3277 1366 3371 1421 pa-

1797 1443 2039 1500 radiso'.
2069 1462 2088 1496 ι
2149 1442 2350 1500 Hortus
2404 1444 2656 1499 nimirum
2704 1443 2798 1500 Dei
2856 1443 3163 1515 paradisum
3196 1443 3368 1515 signi-

1796 1538 1942 1595 ﬂeat.

1871 1628 2103 1687 CLXIV.
2135 1629 2362 1686 Poscere
2387 1630 2442 1683 in
2471 1630 2665 1690 hortis.
2694 1637 2742 1685 et
2771 1627 3012 1699 colligere
3043 1627 3178 1684 lilia.

1867 1805 1981 1862 Hoc
2001 1813 2104 1871 est,
2137 1805 2409 1862 Ecclesias
2451 1805 2679 1862 diversis
2707 1806 2761 1860 in
2794 1806 2926 1863 locis
2951 1807 3222 1862 fundatas.
3256 1804 3372 1862 Nisi

1796 1897 1940 1952 enim
1964 1897 2195 1966 primum
2219 1898 2272 1951 in
2301 1911 2464 1950 unum
2493 1896 2710 1951 hortum
2743 1897 3112 1952 descendisset
3146 1905 3200 1952 et
3227 1911 3374 1951 mor-

1796 1989 1866 2044 tis
1897 1987 2118 2044 aculeos
2161 1987 2545 2054 contrivisset,
2573 2002 2679 2042 non
2710 1997 2960 2057 pasceret
2983 1987 3036 2043 in
3066 1987 3272 2052 hortis,
3316 1987 3370 2042 id

1795 2089 1902 2144 est,
1923 2080 1978 2134 in
2005 2079 2261 2135 Ecclesiis
2311 2095 2406 2150 per
2427 2079 2640 2136 diversa
2670 2079 2790 2134 loca
2826 2080 3104 2148 dispersis.
3137 2077 3370 2147 Adjicito

1795 2172 1959 2229 etiam
2013 2172 2255 2226 animum
2305 2172 2372 2226 ad
2421 2187 2486 2227 ea
2523 2187 2644 2240 qua:
2679 2181 2930 2227 accurate
2970 2172 3057 2227 hic
3096 2170 3368 2227 dicuntur.

1799 2263 2007 2318 Dicitur
2043 2265 2188 2318 enim
2229 2263 2282 2317 in
2331 2279 2496 2317 unum
2528 2264 2744 2318 hortum
2768 2263 3138 2320 descendisse.
3171 2261 3374 2316 Deinde

1797 2369 1906 2410 non
1936 2355 2164 2426 amplius
2208 2355 2357 2421 dicit,
2395 2353 2625 2412 Pascere
2670 2357 2724 2412 in
2769 2357 2943 2420 horto,
2972 2356 3066 2411 sed
3103 2372 3122 2406 ι
3146 2353 3374 2409 Pascere

1799 2446 1852 2500 in
1885 2446 2090 2508 hortis,
2115 2464 2133 2498 ι
2167 2445 2220 2500 id
2247 2455 2361 2512 est,
2389 2447 2441 2502 in
2473 2443 3009 2502 diversis'Ecclesiis.
3067 2462 3086 2496 ι
3109 2442 3375 2512 Colligere

1798 2537 1940 2603 lilia,
1971 2556 1990 2591 ι
2037 2539 2139 2592 hoc
2168 2549 2255 2594 est
2302 2547 2614 2595 sanctorum
2660 2539 2957 2609 scripturas
2990 2550 3088 2607 per
3111 2537 3376 2591 humanis

1799 2631 2064 2687 actiones.
2090 2629 2294 2688 Deinde
2331 2645 2452 2702 quas
2484 2640 2784 2702 sequuntur
2813 2630 2917 2686 hoc
2945 2628 3216 2699 eloquium
3242 2640 3378 2682 con-

1799 2725 2037 2780 firmant.

1871 2816 2080 2872 CLXV.
2110 2817 2273 2873 Vens.
2304 2815 2359 2870 2.
2393 2814 2507 2888 Ego
2541 2819 2779 2886 fraterno
2821 2830 2968 2880 meo,
3016 2821 3066 2868 cl
3111 2811 3378 2882 fraternus

1798 2925 1946 2964 meus
1972 2909 2121 2964 mihi.

1871 2999 1985 3071 Ego
2011 3000 2082 3054 illi
2120 3001 2383 3071 hymnos,
2430 2999 2522 3056 ille
2565 2999 2696 3054 mihi
2749 2997 2956 3052 laudes.
2988 2993 3376 3051 Laudat-enim

140 3089 316 3160 Ὑμνεί
357 3089 468 3161 γὰρ
499 3092 536 3160 ἡ
581 3089 804 3160 νύμφηο
849 3089 942 3142 καὶ
974 3089 1138 3143 πάλιν
1178 3090 1504 3144 ἐπαινεῖται.
1558 3090 1699 3160 Ἐγὼ

1821 3107 2030 3164 ιροιιειι,
2060 3094 2374 3150 etvicissim
2402 3093 2674 3148 laudatur.
2701 3091 2814 3161 Ego
2847 3090 2923 3144 illi
2953 3089 3200 3144 actiones
3218 3085 3380 3155 Justi-

133 3182 266 3253 αὖτῴ
297 3185 395 3245 τὰς
443 3181 678 3254 πράξεις
715 3181 816 3250 τῆς
847 3181 1214 3253 δικαιοσύνης,
1250 3184 1342 3236 κα)⁴
1379 3184 1542 3247 αὐτὸς
1579 3183 1699 3254 ἐμοὶ

1830 3187 1926 3251 ias,
1986 3196 2042 3242 et
2095 3187 2188 3243 ille
2250 3186 2384 3241 mihi
2447 3186 2748 3242 mercedem
2809 3185 3074 3240 bonorum
3130 3196 3379 3252 operum.

133 3275 243 3336 τοὺς
290 3272 517 3344 μισθοὺς
564 3272 673 3326 τῶν
735 3271 1198 3344 κατορθωμάτων.
1256 3290 1274 3323 ι
1344 3273 1478 3326 Ἰδοὺ
1513 3273 1623 3344 γὰρ
1672 3274 1699 3326 ό

1821 3297 1828 3331 l
1863 3279 2002 3334 Ecce
2021 3279 2166 3334 enim
2196 3294 2406 3334 merces
2433 3279 2486 3334 in
2517 3279 2708 3334 faciem
2733 3293 2888 3334 suam
2917 3295 2936 3346 ;
2959 3285 3016 3333 et
3041 3291 3178 3347 opus
3195 3289 3380 3332 coram

135 3362 309 3430 μισθὸς
345 3363 408 3416 τὺ
456 3362 754 3432 πρόσωπον
803 3361 990 3425 αὑτοῦ,
1033 3361 1131 3416 καὶ
1165 3362 1227 3415 τὸ
1265 3361 1426 3434 ἔργον
1463 3364 1699 3418 ἐναντίον

1821 3385 1886 3426 ιο.
1932 3369 2395 3437 Quemadmodum
2432 3381 2618 3440 pastor
2645 3379 2831 3441 pascet
2870 3384 3089 3439 gregem
3113 3382 3304 3433 suum,
3327 3374 3383 3420 et

134 3452 286 3506 αὐτοῦ
317 3453 430 3524 (87)
449 3469 464 3486 ο
488 3452 565 3517 ὡς
592 3451 800 3524 ποιμὴν
832 3457 1090 3525 ποιμανεῖ
1126 3454 1189 3507 τὸ
1227 3455 1479 3526 ποίμνιον
1513 3454 1699 3522 αὑτοῦ,

1821 3463 2029 3518 ιηοιιίο
2054 3477 2153 3518 suo
2180 3463 2531 3535 congregabit
2559 3477 2727 3533 agnos
2750 3460 2795 3518 ‘.
2823 3480 2842 3514 ι

135 3546 213 3599 καὶ
235 3545 314 3618 τῷ
343 3545 589 3618 βραχίονι
614 3544 780 3598 αὐτοῦ
807 3543 1020 3610 συνάξει
1049 3546 1274 3617 ἄρνας.»

194 3637 370 3704 ΡΞςν.
417 3637 481 3691 '0
516 3637 850 3706 ποιμαίνων
874 3637 945 3690 ἐν
971 3635 1096 3702 τοῖς
1125 3637 1378 3705 κρίνοις.

1874 3639 2103 3698 CLXVI.
2135 3640 2239 3708 Qui
2267 3643 2430 3711 pascit
2459 3643 2514 3696 in
2547 3641 2696 3695 (iliis.

1876 3732 1933 3787 Id
1984 3742 2100 3800 est,
2153 3733 2210 3788 in
2243 3732 2490 3789 albedine
2537 3741 2849 3788 sanctorum
2894 3730 3275 3802 prophetarum
3322 3737 3380 3784 et

1806 3825 2194 3896 apostolorum.

193 3730 368 3802 Ὅπερ
397 3730 571 3792 ἐστὶν,
594 3730 650 3782 ὲν
674 3731 742 3801 τῇ
765 3729 1052 3800 λευκότητι
1076 3728 1187 3783 τῶν
1213 3730 1386 3798 ἁγίων
1407 3730 1705 3801 προφητῶν

143 3835 193 3872 τε
222 3823 318 3874 καὶ
341 3820 681 3874 ἀποστόλων.

192 3914 348 3969 ΡΞΖ¹.
377 3915 471 3969 Στ.
507 3920 578 3982 γ’.
617 3912 862 3982 Καλὴη)
896 3912 1164 3980 πλησίον
1184 3929 1304 3982 μου
1329 3913 1466 3985 (88),
1499 3914 1580 3982 ὡς
1604 3917 1707 3971 εὐ-

139 4008 300 4063 δοκία
327 4009 462 4080 (89),
491 4007 754 4076 ἐκλεκτὴ
782 4007 896 4077 (90)
919 4007 999 4073 ὡς
1035 4006 1444 4076 Ἰερουσαλήμ.

1821 4008 2212 4075 beneplacitum,
2234 4007 2470 4076 speciosa
2495 4017 2551 4060 ut
2586 4005 2938 4061 Hierusalem.

199 4122 217 4155 ι
240 4104 585 4175 Ηὺδόκησας,
608 4100 802 4172 Κύριε.
819 4099 917 4170 τὴν
940 4099 1042 4170 γῆν
1077 4117 1194 4154 σου.
1213 4099 1350 4166 Δόξα
1373 4103 1432 4154 ὲν
1465 4100 1699 4172 ὑψίστοις

1887 4119 1907 4152 ι
1932 4099 2282 4167 Benedixisti,
2318 4098 2545 4155 Domine
2571 4141 2586 4165 ,
2629 4110 2832 4156 terram
2864 4109 3010 4154 tuam
3031 4099 3074 4153 ⁸.
3111 4096 3295 4154 Gloria
3331 4095 3385 4150 in

140 4195 261 4266 Θεῷ,
314 4195 409 4250 καὶ
481 4193 576 4247 ἐπὶ
608 4194 712 4264 γῆς
743 4193 955 4264 εἰρήνη,
985 4193 1043 4244 έν
1073 4191 1383 4263 ἀνθρώποις
1405 4193 1643 4248 εὐδοκία.
1684 4213 1699 4245 ι

1821 4191 2093 4246 altissimis
2121 4191 2249 4256 Deo,
2273 4199 2330 4246 et
2358 4191 2411 4244 in
2439 4199 2583 4244 terra
2621 4205 2748 4258 pax,
2781 4190 2837 4244 in
2873 4188 3182 4244 hominibus
3218 4187 3387 4242 bene-

143 4288 347 4345 Εὑδοκία
373 4289 432 4343 δέ
467 4289 618 4341 ἔστιν
649 4287 984 4359 ὲιοουσιότης,
1013 4285 1196 4351 καθὼς
1227 4287 1320 4340 καὶ
1353 4287 1520 4358 ὲτέρα
1555 4287 1699 4358 λέγει

1821 4285 2066 4356 placitum
2103 4284 2146 4337 ⁸.
2175 4301 2196 4336 ι
2223 4281 2624 4351 Beueplacitum
2653 4291 2830 4336 autem
2855 4289 2971 4346 est,
2998 4295 3118 4336 cum
3140 4279 3263 4350 quis
3294 4291 3388 4332 vo-

146 4381 308 4454 Γραφή
326 4399 344 4416 ο
373 4401 394 4433 ι
418 4381 511 4434 Ἑν
533 4381 918 4450 ὲκουσιασμοῖς
943 4378 1055 4447 (9i)
1081 4377 1352 4447 εὐλογεῖτε
1378 4378 1474 4432 τὸν
1495 4378 1648 4432 Θεόν.
1679 4397 1698 4432 ι

1821 4377 2048 4432 luntarie
2075 4376 2349 4446 quidpiam
2381 4374 2529 4439 facit,
2567 4375 3018 4444 quemadmodum
3040 4382 3095 4428 et
3120 4372 3224 4426 alia
3257 4371 3390 4426 dicit

145 4473 308 4542 Δέγων
328 4471 426 4528 οὖν
463 4491 483 4524 ι
513 4470 750 4538 εὐδοκία,
778 4488 799 4522 ι
861 4469 922 4522 τὸ
943 4469 1186 4523 ἑκούσιον
1209 4469 1382 4540 αὐτῆς
1405 4467 1592 4535 ἔδειξε,
1616 4471 1699 4525 καί

1821 4469 2098 4540 Scriptura
2134 4487 2147 4522 :
2190 4486 2208 4520 t
2237 4469 2295 4522 In
2322 4466 2640 4522 voluntariis
2658 4466 2960 4522 benedicite
2990 4464 3160 4520 Deum
3183 4464 3226 4518 ’.
3247 4482 3267 4515 ι
3293 4463 3390 4517 Di-

147 4565 227 4636 τὴν
258 4567 395 4640 πρὸς
431 4564 598 4618 αὑτὸν
635 4563 728 4618 τὸν
765 4562 999 4634 νυμφίον
1038 4561 1308 4620 εὐδοκίαν.
1346 4582 1367 4614 ι
1413 4563 1602 4636 Ὠραία
1629 4565 1699 4629 ὥς

1821 4578 1940 4619 cens
1972 4563 2135 4631 igitur
2153 4580 2171 4612 ι
2185 4560 2597 4630 beneplacitum,
2611 4578 2630 4612 ι
2655 4558 3010 4615 voluntarium
3029 4557 3197 4628 ipsius
3208 4563 3391 4611 osten-

211 4687 374 4745 ‘Luc.
405 4703 578 4753 xxm,
607 4687 699 4743 45.
779 4686 802 4719 ⁸
829 4685 933 4742 Isa.
967 4701 1069 4753 χι,
1100 4685 1197 4754 10,
1230 4686 1319 4741 Il.
1398 4687 1420 4718 '
1450 4685 1593 4744 Psal.
1631 4706 1694 4745 ιιι

1821 4705 1855 4757 ν,
1879 4689 1932 4744 l.
2009 4687 2031 4720 ⁸
2066 4686 2197 4744 Luc.
2230 4701 2291 4753 ιι,
2328 4685 2416 4743 ιιι.
2497 4684 2518 4716 ⁷
2548 4682 2592 4739 ιι
2622 4683 2779 4739 Esdr.
2811 4696 2887 4749 ix,
2915 4680 2969 4738 5.

153 4800 238 4858 Nec
267 4805 369 4860 alia
420 4804 584 4860 lectio
630 4804 901 4874 reperitur
937 4803 990 4858 in
1025 4803 1238 4857 caneris
1283 4804 1610 4861 editionibus
1651 4816 1709 4862 et

209 4944 310 5014 (86)
354 4945 477 5000 Vet.
518 4945 744 5014 interpr.
795 4944 933 4998 male
979 4945 1097 4998 haec
1146 4944 1360 5011 reddit;
1397 4945 1474 4999 ait
1517 4947 1705 5003 enim:

159 5029 176 5064 ι
195 5014 363 5070 Grece
382 5019 529 5071 enim
548 5018 738 5070 hortus
754 5016 1033 5084 paradisus
1051 5015 1371 5084 appellatur.
1398 5035 1421 5068 ι
1436 5014 1548 5071 Non
1578 5018 1706 5071 illud

157 5084 262 5138 dicit
293 5088 469 5146 Philo.
503 5101 604 5140 nec
641 5086 708 5137 ad
760 5100 870 5139 rem
904 5083 1062 5147 facit,
1088 5083 1247 5154 quod
1286 5087 1472 5140 hortus
1515 5085 1703 5142 Graece

161 5157 498 5225 παράδεισος
536 5155 880 5225 appelletur;
928 5171 1236 5225 quanquam
1298 5156 1411 5209 haec
1445 5172 1545 5211 vox
1583 5157 1711 5212 Per-

164 5224 252 5295 sica
279 5241 380 5292 est,
425 5241 487 5282 ut
517 5224 732 5281 constat
762 5242 825 5282 ex
862 5224 1116 5295 Xenoph.
1161 5225 1362 5280 (Ecca.
1402 5242 1522 5291 cap.
1553 5228 1606 5292 4,
1653 5245 1709 5284 ιι.

165 5291 235 5360 I3,
256 5309 303 5350 et
339 5291 589 5365 pluribus
623 5297 744 5351 aliis
784 5297 838 5351 ll.
887 5299 938 5352 iu
972 5291 1042 5350 K'.
1074 5297 1142 5351 Π.
1169 5307 1223 5350 et
1264 5296 1392 5365 περὶ
1432 5291 1613 5350 Ἀναὸ.
1653 5299 1710 5351 Id

169 5377 314 5440 autem
340 5370 452 5424 vult
487 5367 661 5432 Philo,
692 5367 836 5423 horti
863 5369 1083 5423 nomine
1117 5371 1219 5422 hoc
1248 5369 1301 5420 in
1336 5367 1454 5421 loco
1480 5369 1710 5440 intelligi

169 5428 241 5487 Dei
280 5440 606 5500 paradisum.

224 5506 318 5577 (85)
357 5508 536 5580 Locus
594 5507 891 5580 manifeste
912 5507 1281 5580 tlepravalus:
1329 5505 1470 5564 forte
1529 5507 1714 5580 legen-

173 5569 417 5650 ἀιιιςτᾲς
441 5578 554 5632 τῶν
590 5581 760 5648 ἁγίων
786 5569 1038 5650 πράξεις.

228 5646 322 5716 (86)
359 5648 551 5703 Lectio
586 5646 706 5705 cod.
734 5646 887 5702 Alex.
917 5663 1038 5702 cum
1071 5646 1297 5701 articulo
1329 5647 1378 5701 ὁ.

228 5713 320 5786 (87)
357 5719 537 5773 Locus
582 5721 734 5774 Isaiae
763 5724 845 5773 sic
885 5733 944 5773 se
977 5720 1138 5771 habet
1177 5716 1230 5771 in
1263 5718 1433 5772 sacris
1477 5717 1663 5774 Bibliis
1693 5737 1707 5774 :

185 5777 289 5860 Ἰδοὺ
307 5777 341 5842 ’ὁ
366 5789 560 5860 μισθὸς
589 5789 753 5844 αὐτοῦ
787 5790 904 5859 μετ’
932 5787 1118 5860 αὑτοῦ,
1151 5787 1245 5841 καὶ
1271 5787 1334 5840 τὸ
1365 5788 1525 5859 ἔργον
1558 5790 1710 5843 ἐναν-

176 5851 268 5909 τίον
293 5851 475 5926 αὑτοῦ,
514 5851 555 5917 ι’
568 5861 706 5917 Ecce
741 5851 952 5915 uicrces
975 5851 1242 5927 ejus'cum
1270 5874 1358 5924 eo,
1390 5851 1453 5914 ὀί
1485 5875 1620 5930 opus
1649 5863 1704 5916 'tn

1810 4816 2103 4876 conspectu
2141 4805 2306 4860 illius.
2334 4803 2514 4877 s_Vet.
2552 4802 2823 4877 interpres
2871 4797 3136 4877 habuisse
3178 4794 3392 4877 videtur

1811 4878 1864 4948 in
1893 4864 1989 4932 su'o
2015 4877 2135 4933 cod.
2163 4877 2244 4940 εἰς
2278 4875 2600 4948 πρόσωπον
2627 4864 2788 4928 vertit
2813 4872 2978 4935 enim,
3007 4885 3028 4918 ι
3049 4876 3176 4922 ante
3197 4864 3390 4920 faciem

1811 4961 1951 5002 Ellis.
1981 4966 1999 4998 ἱ

1840 4963 2006 5088 Ἠίῗῶ
2047 5015 2168 5072 Vat.
2212 5016 2343 5072 edit.
2389 5013 2548 5087 Καλὴ
2585 5009 2638 5068 εἴ
2671 5016 2704 5085 ὴ
2741 5011 2860 5078 πλον
2905 5018 2962 5065 θί
2991 5010 3128 5064 hanc
3153 5003 3278 5060 ³⁸⁸⁸⁸
3306 5018 3394 5060 ω’

1812 5091 2001 5159 quitur
2033 5097 2141 5159 vet.
2170 5088 2459 5159 interpres.

1888 5158 2000 5231 (89)
2045 5157 2211 5231 Vetus
2268 5147 2534 5231 ititerpres
2567 5155 2750 5231 vertit,
2792 5169 2816 5202 ιΔ
2845 5162 3096 5231 tanquam
3150 5147 3398 5231 complao'

1819 5221 2023 5286 censfs
2063 5229 2287 5282 Videtur
2313 5221 2568 5282 habuisse
2598 5225 2886 5280 lectionem
2913 5221 3245 5294 Symmachi,
3272 5234 3392 5291 qua:

1814 5315 1900 5358 est
1932 5299 2224 5368 εὐδοκητή.
2333 5366 2343 5371 _
2415 5365 2460 5371 __
2700 5364 2712 5371 _
2762 5363 2775 5371 ,
2834 5363 2848 5371 _
3015 5365 3028 5371 _
3205 5358 3219 5371 .
3296 5358 3329 5371 ,.

1888 5358 2369 5442 (90)-Ἑ5ιλεκτή.
2415 5365 2553 5442 Nulli
2593 5364 2712 5442 libri
2762 5363 2962 5442 habent
3015 5365 3154 5442 hanc
3197 5358 3395 5442 (lectio-

1816 5430 2173 5498 nein.'Vatic.
2219 5430 2346 5494 edit:
2377 5437 2597 5510 exhibet
2643 5435 2860 5510 ὡραία,
2905 5449 3066 5510 quam
3107 5430 3391 5510 lectionem

1819 5512 2064 5583 agnoscit
2095 5519 2204 5565 vet.
2234 5511 2461 5572 interpr.
2488 5516 2544 5562 et
2583 5502 2706 5578 ipse
2728 5505 2881 5558 Philo
2919 5504 2972 5560 in
3013 5502 3394 5574 explanatione

1827 5584 1985 5651 hujus
2020 5597 2232 5651 versus.
2290 5648 2302 5651 _
2469 5647 2481 5651 _
2695 5645 2708 5651 _
2765 5643 2920 5651 ___
3146 5641 3158 5651 .

1897 5638 2010 5723 (91)
2049 5650 2252 5705 Locum
2290 5648 2432 5723 lt_unc
2461 5647 2524 5723 _in_
2571 5645 2740 5723 sa_cris
2986 5638 3391 5723 reperire‘mihi

1821 5709 2260 5846 noii'i'licuit.—
2313 5719 2554 5790 Respicit
2615 5718 2755 5772 forte
2809 5713 2963 5770 Philo
3016 5709 3082 5770 ad
3135 5713 3154 5768 Ι
3206 5709 3389 5766 Eadm

1821 5809 1909 5846 ιιι.
1945 5828 1961 5846 ι
1985 5832 1998 5846 .

1799 5809 1909 5862 ut,
1945 5809 1998 5848 ιι.

1876 3911 2126 3972 CLXVII.
2158 3912 2322 3968 Vsus.
2349 3913 2404 3968 3.
2443 3912 2672 3968 Pulchra
2695 3929 2768 3979 es,
2802 3913 3042 3982 proxima
3077 3928 3226 3973 mea.
3255 3911 3385 3966 sicut
3491 3933 3493 3936 ⁴
