3810 6300
378 396 487 458 {es
1501 394 1822 452 PHILONIS
1858 394 2167 454 EPISCOPI
2204 396 2522 453 CARPASII
3512 385 3651 457 «ις’

379 514 459 570 dit
503 522 558 568 et
601 512 993 581 hcneplacitum
1040 526 1164 582 erga
1216 526 1495 581 sponsum.
1538 532 1555 563 ι
1591 512 1843 582 Speciosa
1895 521 1982 574 ut.

2142 514 2439 587 ρουσαλὴμ,
2473 535 2490 566 ι
2515 516 2591 579 ὡς
2613 518 2646 586 ὴ
2678 515 2997 587 ἐπουράνιος
3018 512 3191 577 πόλις.
3232 532 3251 566 ι
3281 512 3630 586 Προσεληλῦ-

378 603 737 666 Hierusalem,
768 624 786 655 ι
815 615 873 659 ιιι
900 603 1138 660 cadesﬁs
1158 604 1370 658 civitas.
1409 620 1427 654 ι
1452 604 1773 660 Accessistis
1801 607 1945 659 enim

2141 624 2184 659 re
2218 606 2345 677 γὰρ,
2398 626 2417 656 ι
2464 606 2617 677 φησὶ,
2659 623 2679 657 ι
2720 606 2860 658 Σιὼν
2889 604 3024 676 ὁρει,
3074 624 3092 658 ι
3128 604 3223 658 καὶ
3268 605 3631 677 Ἰερουσαλὴμ.

382 698 450 752 ad
482 708 718 751 montem
750 695 901 757 Sion.
930 706 985 750 et
1013 694 1287 750 celestem
1324 694 1659 751 Hierusalem
1683 697 1725 751 ⁸.
1754 716 1772 749 ι
1812 697 1946 752 Cum

2141 697 2380 768 ›υρανίῳ.
2406 697 2575 750 Ὅταν
2593 695 2701 768 γὰρ
2726 696 3122 769 αὐτὴνώραίαν
3150 695 3280 767 εἴπῃ
3306 696 3380 760 ὡς
3420 697 3632 768 Ἰερου-

380 788 523 842 enim
550 786 682 842 dicit
704 788 1005 857 speciosam
1041 796 1098 840 ut
1135 785 1494 850 Hierusalem,
1541 788 1679 843 ﬁlios
1708 804 1834 844 suos
1861 804 1948 843 as-

2141 788 2259 860 ιὴμ,
2298 787 2368 842 τὰ
2401 787 2566 841 τέκνα
2613 788 2781 858 αὐτῆς
2820 788 3074 859 ἀφομοιοῖ
3115 790 3227 852 τοῖς
3263 789 3323 841 ὲν
3372 790 3638 859 οὐρανοῖς

381 879 584 932 sitnilat
603 877 806 947 angelis
825 876 916 946 qui
943 876 996 930 in
1018 874 1171 932 caelis
1200 885 1346 941 sunt,
1369 885 1587 945 propter
1622 874 1949 945 virginitatis

2141 880 2328 949 γέλοις,
2361 880 2451 933 διά
2478 897 2536 933 τε
2560 878 2657 951 τὴν
2688 880 2787 951 τῆς
2829 878 3125 951 παρθενίας
3160 880 3483 954 ὡραιότητα,
3527 881 3635 934 καὶ

382 968 830 1037 pulchritudinem
869 974 924 1021 et
948 965 1265 1022 obedientiae
1298 965 1639 1035 obsequium.

454 1059 727 1117 CLXVIII.
754 1058 930 1114 Pavor
962 1069 1019 1113 ut
1052 1060 1331 1114 ordinate.

457 1156 643 1211 Pavor’
665 1157 808 1210 enim
857 1154 957 1227 (sc.
1007 1156 1217 1224 stupor)
1248 1164 1331 1207 est
1375 1152 1608 1209 ﬁdelium
1641 1152 1849 1207 animas
1875 1153 1951 1206 vi-

384 1252 511 1305 dere
535 1249 781 1304 ordinem
807 1258 1119 1314 servantes;
1151 1246 1387 1301 altenim
1413 1245 1689 1314 Scriptura
1720 1265 1733 1298 :
1770 1263 1788 1295 ι
1817 1244 1951 1299 Cre-

384 1348 634 1405 diderunt
671 1347 978 1417 quicunque
1012 1345 1244 1401 ordinati
1285 1353 1439 1399 erant
1482 1343 1549 1397 ad
1594 1342 1757 1395 vitam
1792 1351 1952 1395 aeter—

383 1455 507 1495 nam
525 1441 567 1492 ⁹.
603 1459 625 1492 ι

455 1530 684 1587 CLXIX.
729 1531 889 1585 Vens.
920 1530 974 1585 ι.
1013 1529 1199 1584 Averte
1225 1526 1400 1582 oculos
1422 1536 1579 1580 tuose
1599 1524 1804 1595 regione
1831 1523 1953 1587 mei,

385 1626 632 1697 quoniam
664 1624 763 1692 ipsi
800 1623 1159 1678 excitaverunt
1205 1636 1308 1675 me.

459 1715 609 1771 Oculi
641 1715 752 1779 tui,
784 1714 991 1784 inquit,
1015 1713 1130 1768 vias
1162 1727 1310 1767 meas
1338 1711 1642 1767 observent.
1672 1709 1727 1764 In
1762 1724 1847 1764 me
1875 1708 1956 1762 in-

390 1806 611 1860 tendant
629 1804 767 1860 oculi
789 1805 984 1860 interni
1013 1804 1194 1860 cordis
1218 1803 1315 1857 tui.
1339 1820 1358 1853 ι
1383 1802 1649 1869 Quoniam
1677 1799 1779 1869 ipsi
1804 1797 1955 1853 exci-

2055 972 2143 1026 διὰ
2170 973 2267 1044 τὴν
2295 972 2395 1042 τῆς
2421 971 2669 1041 ὑπακοῆς
2699 971 3026 1025 εὐπείθειαν.

2125 1062 2294 1117 ΡΞΗ¹.
2337 1060 2566 1131 Θάμσος
2592 1063 2673 1127 ὠς
2699 1059 3061 1130 τεταγμέναι.

2127 1153 2346 1224 Θάμὸος
2374 1154 2485 1225 γάρ
2510 1156 2623 1206 ἐστι
2669 1153 2770 1217 τὰς
2802 1150 3170 1215 εὐτακτούσας
3196 1148 3492 1207 θεάσασθαι
3524 1152 3640 1223 ψυ-

2059 1246 2158 1314 χὰς
2185 1243 2293 1297 τῶν
2315 1244 2541 1299 πιστῶν.
2577 1265 2596 1296 ι
2637 1244 2994 1298 Ἐπίστευσαν
3032 1264 3048 1296 ι
3085 1242 3213 1313 γὰρ,
3245 1243 3430 1314 φησὶν,
3461 1263 3479 1295 ι
3511 1246 3641 1299 ὅσοι

2056 1330 2199 1406 ἦσαν
2224 1336 2541 1408 τεταγμένοι
2569 1338 2650 1400 είς
2681 1336 2824 1408 ζωὴν
2852 1336 3122 1391 αἰώνιον.»

2131 1511 2296 1566 ΡΞΘ.
2326 1513 2740 1583 Ἀπόστρεψον
2761 1515 3106 1599 ὀφθαλμούς
3130 1530 3247 1569 σου
3266 1515 3645 1570 ἀπεναντίον

2055 1620 2197 1673 μου,
2228 1601 2317 1655 ὅτι
2343 1602 2515 1657 αὐτοὶ
2541 1603 2957 1671 ἐνεπτέρωσιὶν
2970 1620 3066 1673 με.

2132 1696 2194 1748 Οί
2227 1693 2496 1765 ὀφθαλμοί
2527 1712 2642 1760 σου,
2674 1697 2858 1766 φησὶν,
2892 1695 3032 1768 ἐμὰς
3063 1695 3216 1760 ὁδοὺς
3250 1694 3594 1767 τηρείτωσαν
3618 1709 3639 1726 ⁸

2063 1788 2186 1859 εμοὶ
2208 1789 2625 1860 προσεχέτωσαν
2648 1791 2698 1841 οἱ
2726 1788 2873 1842 ἔνδον
2896 1788 3164 1858 ὀφθαλμοὶ
3180 1790 3231 1841 οἱ
3252 1789 3346 1856 τῆς
3379 1786 3644 1858 καρδίας,

391 1903 636 1951 laverunt
676 1910 781 1950 me.
811 1914 830 1948 ι
867 1894 1206 1950 Exteriorum
1237 1892 1515 1946 oculorum
1562 1890 1853 1955 honeSIas,
1903 1897 1959 1942 et

2141 1881 2244 1934 Ὀτι
2279 1881 2433 1934 αὐτοὶ
2462 1881 2842 1954 ὲνεπτέρωσάν
2875 1899 2961 1953 με.
3003 1901 3021 1933 ι
3068 1881 3137 1934 Ἦ
3165 1880 3272 1935 τῶν
3301 1879 3406 1944 ἔξω
3430 1879 3649 1949 ὀφθαλο

390 1986 705 2042 interiorum
757 1985 1083 2058 (oculorum)
1125 1985 1351 2041 intentio
1377 1985 1431 2039 in
1478 1997 1564 2040 me
1601 1992 1711 2048 tua,
1752 1980 1953 2037 deside.

390 2079 529 2131 rium
560 2077 636 2130 tui
672 2076 857 2147 injecit
889 2076 945 2131 in
983 2092 1092 2133 me.

458 2166 673 2227 CLXX.
703 2167 1144 2237 Capillarnentum
1186 2178 1335 2223 tuum
1375 2168 1512 2223 sicut
1553 2182 1732 2238 greges
1771 2180 1959 2235 capra-

390 2277 527 2325 rum,
556 2277 674 2331 qua:
697 2261 937 2316 revelata:
968 2270 1089 2317 sunt
1118 2277 1145 2315 ι
1170 2257 1397 2315 Galaad.

460 2350 745 2408 Multitudo
777 2352 958 2423 populi
1000 2360 1125 2409 ante
1164 2352 1323 2408 ﬁdem
1364 2349 1769 2407 assimilabatur
1812 2348 1959 2419 gregi

395 2440 703 2512 caprarum.
733 2444 839 2501 Sed
869 2446 946 2499 ait
976 2462 990 2499 :
1021 2463 1041 2497 ι
1063 2443 1192 2512 Quae
1207 2445 1567 2500 ascenderunt
1592 2444 1657 2497 de
1683 2440 1907 2505 Galaad,
1934 2458 1955 2490 ι

393 2533 495 2591 ιιοέ
524 2546 608 2592 est
636 2536 702 2593 de
734 2536 1066 2592 habitatione
1094 2536 1425 2599 testimonii;
1459 2543 1744 2605 propterea
1775 2533 1961 2586 dentes

391 2631 577 2685 statim
605 2628 867 2694 nominat,
902 2638 959 2682 ut
979 2626 1158 2681 crucis
1185 2624 1585 2681 confessionem
1614 2622 1885 2681 ostendat.

462 2802 691 2860 CLXXI.
724 2802 890 2858 Vens.
922 2802 976 2858 5.
1004 2801 1189 2857 Dentes
1221 2802 1297 2856 tui
1330 2802 1467 2857 sicut
1497 2816 1674 2870 greges
1713 2798 1959 2853 detonsa-

394 2912 533 2948 rum.

463 2988 726 3046 Detonsos
771 2989 918 3060 ipsos
967 2990 1125 3054 dicit,
1160 2994 1444 3059 propterea
1496 2986 1639 3058 quod
1699 2991 1962 3039 exuerunt

395 3092 631 3138 veterem
660 3083 934 3138 hominem
964 3097 1085 3137 cum
1123 3081 1334 3138 actibus
1361 3080 1474 3136 suis
1503 3090 1558 3136 et
1577 3077 1966 3149 concupiscena

399 3175 488 3229 tiis
520 3174 563 3207 ¹⁰
599 3174 654 3228 in
681 3172 892 3229 lavacro
916 3173 1356 3247 regenerationis.
1376 3173 1431 3227 Id
1462 3171 1761 3227 luculenter
1779 3178 1960 3227 osten-

397 3265 532 3320 dunt
555 3280 675 3335 quae
700 3273 1025 3336 sequuntur;
1062 3265 1138 3320 ait
1166 3264 1309 3320 enim
1342 3281 1356 3317 :

472 3441 725 3497 CLXXII.
759 3441 891 3510 Qua:
935 3443 1278 3500 ascenderunt
1304 3445 1369 3498 de
1408 3442 1637 3509 lavacro,
1667 3460 1844 3501 omnes
1876 3460 1966 3513 ge-

400 3534 577 3590 mellos
600 3536 844 3590 habentes
866 3550 880 3564 '
899 3544 948 3590 et
972 3534 1255 3604 infecunda
1277 3551 1379 3618 non
1403 3544 1479 3590 est
1509 3537 1564 3590 in
1589 3538 1680 3590 eis.

470 3713 738 3770 Gemellos
789 3714 931 3770 enim
968 3713 1170 3771 habent
1216 3712 1444 3778 animae,
1494 3727 1614 3782 qute
1659 3728 1757 3783 per
1800 3713 1973 3784 bapti-

402 3822 575 3860 smum
609 3805 869 3876 Spiritum
905 3814 1148 3860 sanctum
1170 3814 1519 3874 acceperunt.
1552 3823 1569 3855 ι
1598 3805 1662 3865 Et
1688 3804 1970 3860 infecunda

404 3914 508 3954 non
548 3907 631 3954 est
667 3898 721 3954 in
754 3898 855 3954 eis.
893 3917 914 3951 ι
946 3897 1157 3955 Prolem
1205 3898 1349 3953 enim
1399 3896 1603 3955 habent
1639 3897 1854 3966 bonam,
1889 3896 1975 3951 ni-

403 3991 598 4044 mirum
633 3990 1077 4058 justiﬁcationum
1108 3989 1337 4047 fructus.

474 4081 749 4140 CLXXIII.
771 4081 922 4138 Sicut
943 4082 1212 4153 funiculus
1244 4083 1516 4138 coccineus
1543 4080 1684 4135 labia
1715 4092 1828 4137 tua.

478 4174 653 4229 Verba
679 4174 794 4229 hinc
808 4173 1114 4245 signiﬁcare
1126 4174 1378 4229 videntur
1393 4172 1793 4244 paenitentiam.
1816 4188 1974 4241 quam

407 4264 597 4320 Raliab
614 4264 848 4320 ostendit
868 4279 965 4335 per
985 4264 1294 4321 coccineum
1319 4263 1615 4320 funiculum
1643 4265 1711 4329 “,
1732 4279 1891 4334 quem
1926 4263 1976 4317 in

410 4358 622 4426 signum
647 4370 678 4410 ιι
699 4353 933 4412 fenestra
960 4355 1259 4425 suspendit,
1278 4365 1336 4409 ut
1364 4364 1419 4412 et
1437 4355 1684 4424 superius
1712 4354 1977 4418 diximus;

406 4447 800 4505 confessionem
848 4446 1010 4503 etiam
1060 4444 1386 4518 (signiﬁcare
1432 4446 1708 4518 videntur.)
1743 4446 1865 4503 ﬁdei
1914 4446 1983 4501 de

407 4547 591 4597 sancta
626 4536 917 4604 Trinitate;
962 4536 1147 4593 subdit
1172 4537 1316 4591 enim
1351 4555 1365 4592 :

478 4629 759 4686 CLXXIV.
798 4628 866 4686 Et
903 4629 1110 4702 loquela
1142 4640 1233 4685 tua
1260 4631 1515 4700 speciosa.

480 4723 537 4777 Id
559 4732 663 4790 est,
696 4722 967 4779 confessio
1009 4737 1132 4793 quae
1179 4722 1495 4779 orthodoxae
1545 4721 1665 4777 ﬁdei
1710 4720 1987 4777 rectitudi-

406 4830 528 4871 nem
556 4817 830 4885 praedicat.

479 4903 735 4962 CLXXV.
771 4903 933 4960 Vens.
963 4903 1018 4960 6.
1054 4904 1202 4961 Sicut
1234 4911 1413 4962 cortex
1458 4903 1587 4957 mali
1622 4903 1823 4971 punici,
1853 4920 1986 4973 gena

409 5010 524 5053 tua.

496 5086 720 5157 Propter
787 5088 1191 5145 similitudinem
1260 5085 1459 5143 coloris
1525 5100 1645 5140 cum
1722 5087 1986 5157 sanguine

409 5181 634 5237 Christi.

480 5271 759 5329 CLXXVI.
792 5272 957 5328 Extra
988 5276 1395 5330 taciturnitatem
1420 5286 1587 5329 tuam.

482 5365 771 5420 Silentium
799 5367 946 5420 enim
979 5367 1123 5422 illius
1149 5367 1252 5421 alia
1305 5368 1560 5423 deﬁnitur
1587 5380 1707 5421 esse
1742 5366 1976 5436 pulchri-

489 5455 513 5487 '
541 5456 704 5511 llebr.
748 5473 845 5525 stt,
873 5457 964 5512 2‘2.

483 5549 597 5625 (9‘2)
638 5549 945 5625 Legendum
994 5555 1257 5625 pntoek
1306 5553 1373 5625 μὲ
1414 5553 1504 5608 σὸν
1548 5553 1639 5609 τὸν
1688 5554 1872 5622 πόθον,
1905 5554 1984 5609 vel

412 5622 592 5692 potius
622 5622 699 5684 είς
731 5622 798 5692 μέ
834 5640 926 5676 σου
958 5622 1051 5676 τὸν
1086 5623 1206 5678 πόθ.

485 5691 599 5769 (ξιξ)
641 5691 741 5745 Sic
776 5692 990 5769 videtur
1043 5693 1365 5769 legissevet.
1394 5695 1590 5769 intetp.
1624 5694 1794 5755 Vatic.
1826 5698 1986 5754 habet

411 5760 778 5837 ἀνειρᾴνησαν,
808 5773 861 5837 et
891 5760 1416 5837 Complfdvéfinsav.

488 5834 598 5907 GM)
638 5833 779 5903 Lege
807 5833 1183 5900 ἀπεικάζεται.

2061 1968 2178 2040 μῶν
2205 1970 2494 2040 σεμνότης,
2525 1971 2621 2024 καὶ
2652 1973 2682 2024 ὁ
2707 1970 2815 2024 τῶν
2843 1970 2989 2024 ἔνδον
3010 1969 3147 2042 πρὸς
3167 1970 3266 2041 ἐμὲ
3293 1969 3492 2033 σκοπός
3516 1986 3645 2036 σου,

2058 2062 2223 2126 αὐτὸς
2252 2064 2334 2127 είς
2361 2064 2526 2131 μέσον
2555 2064 2650 2118 τὸν
2682 2064 2846 2119 πόθον
2876 2064 2991 2133 (9‘2t
3019 2065 3244 2135 ἢγαγεν.

2130 2156 2253 2213 PU’.
2303 2155 2567 2226 Τρίχωμά
2608 2174 2726 2212 σου
2770 2158 2851 2224 ὡς
2890 2157 3100 2227 ἀγέλαι
3147 2158 3267 2211 τῶν
3312 2156 3518 2228 αἰγῶν,
3573 2157 3653 2211 αἳ

2059 2246 2571 2316 ἀνεκαλύφθησαν
2605 2248 2715 2319 (93)
2743 2249 2860 2303 ἀπὸ
2897 2248 3008 2303 τοῦ
3047 2247 3314 2302 Γαλαὰδ.

2133 2338 2206 2390 Τὸ
2236 2338 2439 2409 πλῆθος
2474 2339 2567 2392 τοῦ
2612 2339 2743 2394 λαοῦ
2788 2341 2895 2412 πρὸ
2936 2340 3034 2411 μὲν
3072 2339 3173 2410 τῆς
3203 2339 3440 2403 πίστεως
3472 2341 3647 2393 ἀπει-

2062 2425 2262 2488 κάζετο
2297 2426 2410 2502 (94)
2450 2431 2516 2499 τῇ
2547 2428 2716 2500 ἀγέλῃ
2739 2428 2847 2483 τῶν
2874 2430 3064 2498 αίγῶν.
3105 2430 3266 2484 Ἀλλὰ
3292 2446 3483 2500 φησιν’
3516 2446 3535 2480 ι
3572 2430 3651 2483 Δΐ

2061 2516 2332 2588 ἀνέδησαν
2376 2518 2483 2572 ἀπὸ
2529 2518 2622 2574 τοῦ
2675 2520 2904 2583 Γαλαὰδ,
2954 2539 2973 2572 ι
3016 2520 3151 2592 ὅπερ
3197 2521 3345 2575 ἐστὶν
3382 2520 3489 2574 ἀπὸ
3537 2521 3649 2591 τῆς

2063 2608 2346 2673 κατοικίας
2363 2609 2460 2680 τῆς
2490 2610 2816 2682 μαρτυρίας.
2846 2613 2937 2666 Διὸ
2965 2614 3059 2667 καὶ
3083 2613 3212 2677 τοὺς
3236 2613 3455 2677 ὀδόντας
3475 2612 3652 2676 εὐθὺς·

2061 2698 2229 2768 λέγει,
2265 2700 2350 2753 ἵνα
2390 2699 2486 2772 τὴν
2516 2702 2807 2772 ὁμολογίαν
2839 2704 3094 2776 σημαίνει
3129 2706 3228 2775 τὴν
3252 2705 3347 2758 ἐπὶ
3378 2703 3646 2776 σταυροῦ.

2132 2793 2301 2849 POA'.
2337 2794 2427 2848 Στ.
2458 2801 2520 2849 ε’.
2565 2795 2829 2865 Ὀδόντες
2864 2812 2981 2853 σου
3023 2798 3104 2864 ὠς
3138 2797 3345 2869 ἀγέλαι
3382 2797 3501 2852 τῶν
3545 2814 3653 2852 κε-

2062 2884 2389 2954 καρμένων.
2694 2920 2703 2943 ι

2134 2980 2519 3052 Κεκαρμένους
2546 2981 2604 3035 δὲ
2631 2981 2828 3045 αὐτοὺς
2851 2981 2997 3051 λέγει
3025 2981 3112 3037 διὰ
3148 2983 3210 3036 τὸ
3236 2981 3657 3041 ἀπεκδύσασθαι

2062 3071 2154 3126 τὸν
2209 3070 2436 3126 παλαιὸν
2487 3072 2772 3143 ἄνθρωπον
2828 3076 2925 3125 σὺν
2997 3074 3119 3136 ταῖς
3172 3072 3433 3144 πράξεσιν
3476 3071 3657 3125 αὐτοῦ

2063 3164 2160 3218 καί¹
2189 3168 2309 3230 ταῖς
2355 3164 2671 3237 ἐπιθυμίαις
2709 3165 2801 3219 ἐπὶ
2849 3164 2941 3219 τοῦ
2981 3165 3205 3238 λουτροῦ
3238 3168 3336 3237 τῆς
3382 3165 3654 3233 παλιγγε-

2066 3257 2267 3321 νεσίας.
2325 3256 2496 3311 Τοῦτο
2555 3257 2741 3328 σαφῶς
2783 3259 2818 3329 ὴ
2855 3257 3143 3313 ἀκολουθία
3165 3256 3454 3312 δείκνυσιν
3494 3255 3656 3326 λέγει

2064 3350 2192 3421 γάρ·
3478 3406 3481 3413 .

2135 3438 2302 3492 ΡΟΒ’.
2342 3438 2415 3495 At
2456 3441 2765 3511 ἀνέϐησαν
2814 3444 2931 3498 ἀπὸ
2983 3443 3090 3498 τοῦ
3123 3440 3405 3508 λουτροῦ,
3435 3443 3493 3494 αἱ
3534 3437 3661 3495 πᾶ-

2068 3545 2169 3583 σαι
2216 3529 2665 3601 διδυμὲύουσαι,
2703 3534 2800 3587 καὶ
2843 3533 3184 3589 ἀτεκνοῦσα
3221 3534 3333 3585 οὐκ
3373 3531 3547 3585 ἐστιν
3580 3530 3665 3585 ἐν

2068 3616 2298 3685 αὑταῖς.
2366 3660 2371 3664 .

2141 3708 2495 3780 Διδυμεύουσι
2527 3707 2636 3780 γὰρ
2661 3710 2717 3762 αἱ
2746 3708 2808 3763 τὺ
2832 3709 2987 3779 ἅγιον
3011 3713 3235 3784 Πνεῦμα
3262 3712 3538 3784 εἰληφυῖαι
3563 3711 3662 3766 διὰ

2071 3798 2163 3853 τοῦ
2204 3798 2573 3871 βαπτίσματος
2611 3798 2799 3872 ψυχαί.
2832 3820 2849 3854 ι
2884 3804 2993 3858 Καὶ
3024 3804 3325 3860 ἀτεκνοῦσα
3364 3804 3462 3858 οὐκ
3505 3802 3665 3856 ἔστιν

2073 3891 2132 3944 ὲν
2156 3891 2365 3955 αὐταῖς.
2403 3910 2424 3944 ι
2453 3890 2770 3962 Γεννήματα
2803 3893 2912 3967 γὰρ
2945 3896 3085 3950 καλὰ
3117 3897 3247 3961 τοὺς
3285 3896 3396 3950 τῶν
3432 3896 3661 3948 δικαιω-

2078 3984 2262 4056 μάτων
2287 3983 2468 4055 έχουσι
2492 3984 2755 4056 καρπούς.

2146 4076 2308 4131 POI".
2357 4077 2454 4143 Ὠς
2483 4077 2780 4146 σπαρτιον
2799 4080 3083 4132 κόκκινον
3102 4078 3212 4146 (95)
3244 4079 3418 4146 χείλη
3454 4092 3591 4131 σου.

2148 4169 2260 4239 Τὴν
2298 4169 2586 4239 μετάνοιαν
2624 4170 2725 4240 τὴν
2769 4170 2862 4222 ὲπὶ
2890 4168 2989 4239 τῆς
3029 4168 3195 4221 Ῥαὰϐ
3235 4168 3325 4221 διὰ
3368 4167 3460 4221 τοῦ
3488 4186 3666 4239 σπαρ-

2077 4261 2190 4314 τίου
2219 4260 2314 4314 τοῦ
2340 4260 2615 4324 κοκκίνου,
2643 4254 2702 4315 οὗ
2738 4261 3010 4334 ἐκρέμασε
3038 4261 3264 4331 σημείου
3293 4262 3401 4314 ἀπὸ
3432 4261 3532 4332 τῆς
3561 4261 3667 4315 θυ-

2083 4353 2224 4424 ρίδος
2249 4352 2362 4407 ἀπὸ
2395 4355 2623 4425 σημείου
2654 4354 2765 4425 (96)
2794 4353 2969 4408 ἔοικεν
3001 4354 3029 4406 ὁ
3075 4352 3253 4422 λόγος,
3281 4352 3358 4417 ὡς
3390 4354 3484 4406 καὶ
3514 4354 3665 4408 ἀνω-

2079 4443 2222 4516 τέρω
2254 4444 2509 4518 εἴπομεν·
2537 4445 2632 4499 καὶ
2658 4447 2758 4517 τὴν
2792 4446 3085 4516 ὁμολογίαν
3110 4446 3211 4519 τὴν
3234 4446 3327 4498 ἐπὶ
3356 4445 3459 4517 τῆς
3492 4445 3667 4518 Τριά-

2010 4571 2061 4630 D
2084 4536 2175 4600 δος
2208 4537 2465 4602 πίστεως.
2507 4539 2732 4607 Ἐπάγει

2155 4630 2317 4684 ΡΟΔ’.
2342 4632 2451 4685 Καὶ
2480 4632 2519 4699 ἠ
2546 4633 2729 4686 λαλιά
2748 4646 2866 4687 σου
2904 4632 3105 4701 ὡραία.

2157 4723 2334 4794 Ὅπερ
2374 4725 2541 4787 ἐστὶν,
2580 4726 2613 4795 ἡ
2668 4724 2923 4796 ὁμολογία
2963 4725 3063 4796 τῆς
3109 4720 3390 4797 ὁρθοδόξου
3426 4719 3669 4785 πίστεως

2083 4811 2393 4886 ὡραιότητα
2420 4814 2531 4887 (97)
2554 4815 2754 4886 βοῶσα.
3690 4800 3699 4808 ’

2155 4909 2319 4963 POE'.
2367 4909 2459 4964 Στ.
2516 4916 2589 4975 ς’.
2644 4910 2741 4976 Ὠς
2788 4910 3055 4976 λέπυρον
3101 4902 3210 4973 τῆς
3243 4902 3415 4973 ῥοᾶς,
3460 4901 3666 4973 μῆλόν

2084 5015 2223 5054 σου.

2154 5092 2253 5147 Διὰ
2270 5093 2329 5146 τὸ
2350 5092 2635 5165 ὁμοίοχρον
2662 5090 2741 5163 τῷ
2767 5090 2859 5145 τοῦ
2886 5089 3123 5163 Χριστοῦ
3149 5090 3361 5161 αἵματι.
3392 5138 3395 5142 ,

2162 5276 2339 5342 ΡΟΕΡ.
2387 5274 2587 5339 Ἐκτὸς
2615 5271 2725 5341 τῆς
2753 5269 3107 5337 σιωπήσεώς
3137 5283 3273 5322 σου.

2163 5367 2275 5440 Τὴν
2308 5366 2417 5439 γὰρ
2458 5366 2668 5436 σιωπὴν
2692 5364 2879 5434 αὐτῆς,
2913 5362 3087 5435 ἔργων
3116 5361 3226 5431 (98)
3261 5358 3499 5431 ὁρίζεται
3538 5358 3669 5413 καλε

1039 5457 1199 5513 ‘Act.
1229 5474 1353 5525 λιιι,
1383 5459 1474 5513 48.
1550 5458 1595 5489 ⁸⁸
1624 5456 1833 5512 Colms.
1866 5474 1946 5520 Ill,
1987 5459 2037 5515 9.
2123 5460 2163 5492 “
2200 5458 2313 5516 Jos.
2358 5475 2416 5523 It,
2445 5457 2536 5513 21.

2162 5556 2275 5624 (95)
2313 5554 2490 5610 Vatic.
2521 5553 2654 5608 edit.
2696 5550 2755 5624 τὸ
2784 5550 3056 5624 κόκκινον.

2162 5620 2273 5693 (96)
2306 5626 2446 5694 Lego
2472 5622 2859 5695 ἀποσημαίνει.
2877 5621 2959 5695 tu;
2986 5620 3182 5675 ἔοικεν.

2161 5691 2273 5767 (97)
2302 5691 2611 5768 Legendqu
2640 5691 2779 5768 puto
2803 5691 3089 5768 ὀρθότητα.
3117 5763 3130 5768 _
3331 5759 3346 5768 _
3426 5756 3442 5768 _
3537 5755 3550 5768 .

2160 5756 2272 5839 (98)
2309 5756 2611 5838 Legendum
2653 5756 2868 5836 ἕτερον,
2927 5756 2997 5818 αι’
3044 5763 3205 5820 hahct
3246 5759 3367 5817 cod.
3413 5756 3669 5814 Auxima-

2091 5855 2209 5896 IIIIS.
