3810 6298
381 415 479 474 U9

1510 403 1828 461 PIIILOMS
1866 396 2175 457 EPISCOPI
2207 393 2526 452 CARPASII

3518 386 3542 441 I
3552 385 3641 440 2')

378 541 434 585 ct
467 528 755 583 Dorcaclem
808 541 838 580 ι
889 523 1119 581 mortuis
1166 521 1457 578 excitatam
1507 519 1573 585 ¹⁸,
1599 528 1655 574 et
1699 517 1943 571 umbram

2113 507 2400 563 πατοῦντα·
2432 511 2531 576 τὴν
2556 504 2612 557 δὲ
2639 502 2886 572 Δορκάδα
2913 501 2976 554 ὲκ
2998 496 3207 568 νεκρῶν
3243 496 3640 567 ἐγειρομένην,

1292 615 1416 668 Ilaec
1459 612 1704 666 videntes
1758 621 1944 676 stupe-

381 715 533 781 bant,
569 722 623 768 et
660 731 678 764 ι
716 713 1006 767 credebant
1033 717 1294 780 quotquot
1320 705 1552 760 ordinati
1581 712 1736 759 erant
1763 703 1832 756 ad
1870 701 1947 756 vi-

378 814 486 859 tam
513 813 772 857 aeternam
809 803 873 855 ⁸⁷.
904 820 924 854 ι

453 895 786 951 CLXXXVI.
833 894 997 948 Vens.
1031 892 1118 947 I0.
1147 891 1214 947 In
1264 895 1474 944 hortum
1508 887 1654 942 nucis
1709 883 1950 940 descendi

385 990 555 1043 videre
582 989 635 1042 in
659 988 918 1058 genimine
946 985 1210 1039 torrentis.

455 1080 680 1134 IIortum
725 1079 914 1144 nucis,
946 1087 1004 1132 ut
1051 1078 1316 1139 arbitror,
1367 1072 1498 1128 dicit
1547 1069 1860 1126 sacerdotes
1897 1073 1954 1119 et

385 1174 592 1229 scribas
619 1173 824 1243 populi,
863 1173 1182 1227 descensum
1215 1170 1281 1224 de
1327 1167 1480 1223 ctelis
1517 1162 1786 1234 Unigeniti
1828 1175 1953 1230 pro-

386 1269 634 1334 phetans.
667 1265 868 1322 IIortus
900 1266 1044 1322 enim
1077 1264 1230 1318 nucis
1265 1264 1401 1317 bene
1446 1259 1732 1330 appellavit
1762 1255 1956 1309 Hieru-

383 1358 550 1412 salem
576 1365 630 1412 et
655 1355 943 1426 templum;
971 1353 1404 1431 quandoquidem
1433 1351 1580 1419 virga
1605 1345 1836 1402 Aaronis
1865 1361 1953 1398 sa-

385 1446 609 1500 cerdotii
638 1445 1089 1516 signiﬁcationem
1121 1443 1326 1498 habens
1368 1440 1566 1494 ﬂoruit.
1600 1436 1716 1492 Nux
1758 1433 1820 1488 in
1859 1448 1954 1503 ge.

380 621 522 676 Peti-i
559 621 800 676 iutirtnos
844 627 1119 673 sanantem
1173 617 1238 669 ‘°.

388 1539 591 1595 uimine
638 1539 893 1596 torrentis
924 1539 976 1592 in
1024 1545 1268 1607 tempore
1295 1534 1593 1604 passionis;
1644 1531 1711 1586 de
1738 1545 1869 1600 quo,
1898 1538 1955 1582 ut

388 1629 679 1692 existimo,
735 1627 900 1682 David
951 1627 1123 1682 dicit:
1175 1643 1194 1677 ι
1237 1624 1555 1680 Torrentem
1609 1619 1955 1693 pertransivit

385 1719 564 1774 anima
595 1725 778 1775 nostra
808 1718 872 1784 ⁸⁸,
906 1737 926 1770 ι
961 1718 1190 1774 innuens
1221 1717 1563 1773 titillationes.

457 1894 808 1951 CLXXXVII.
852 1895 1041 1950 Videre
1063 1913 1132 1949 an
1156 1896 1336 1966 ﬂoruit
1363 1895 1532 1950 vinea.

463 2008 482 2039 ι
522 1988 686 2043 Vinea
727 2008 746 2041 ι
801 1989 945 2044 enim
973 2029 988 2054 ,
1025 1987 1102 2041 ait
1151 1987 1452 2056 Scriptura,
1495 2003 1514 2035 ι
1551 1982 1678 2038 boni
1721 1978 1955 2051 palmitis

387 2082 549 2138 Israel
614 2083 680 2138 ".
730 2082 796 2137 Et
848 2081 992 2138 misit
1043 2081 1209 2135 tilium
1264 2094 1420 2134 suum
1455 2075 1864 2148 paterfamilias.
1896 2079 1957 2126 ut

388 2181 601 2244 raperet
636 2175 867 2228 fructum
907 2188 1064 2228 suum
1114 2186 1285 2226 vmeas
1331 2170 1399 2224 ὀ.
1441 2187 1461 2222 ι
1518 2167 1594 2222 11Ιί
1627 2181 1756 2221 vero
1785 2165 1959 2234 eiece-

391 2277 516 2320 ruut
552 2267 834 2322 Dominum
879 2275 1032 2321 extra
1065 2261 1423 2327 Hierusalem,
1448 2269 1504 2315 et
1535 2256 1870 2315 sustulerunt
1903 2256 1955 2310 in

390 2371 629 2411 crucem.

463 2445 842 2502 CLXXXVIII.
873 2445 934 2501 Si
955 2447 1246 2516 ﬂoruerunt
1281 2439 1422 2496 mata
1456 2447 1700 2510 grauata.

463 2541 536 2595 At
568 2541 640 2595 ibi
665 2540 879 2609 quidem
911 2553 1016 2592 non
1048 2535 1229 2589 ﬂoruit
1260 2533 1436 2596 vinea,
1473 2529 1566 2585 sed
1597 2527 1719 2582 tulit
1752 2525 1957 2596 spinas.

392 2634 663 2688 Coronam
722 2630 866 2686 enim
922 2628 988 2682 de
1044 2626 1216 2695 spinis
1278 2621 1566 2691 Unigenito
1620 2617 1957 2688 plexuerunt.

394 2723 686 2794 Propterea
719 2721 771 2776 in
803 2720 936 2775 Isaia
960 2719 1009 2772 id
1035 2717 1204 2772 vineae
1225 2714 1521 2784 exprobrat
1543 2712 1728 2765 dicens
1760 2726 1773 2763 :
1813 2728 1830 2760 ι
1864 2706 1962 2762 Ex-

392 2817 629 2886 spectavi
667 2815 794 2868 dum
823 2811 1024 2867 Iaceret
1062 2823 1220 2863 uvam
1246 2845 1262 2873 ,
1293 2815 1348 2861 et
1383 2803 1510 2859 fecit
1546 2803 1729 2872 spinas
1760 2801 1826 2854 ".
1866 2817 1963 2852 ›-

398 2929 416 2958 σ
466 2907 601 2962 Mala
624 2915 849 2976 grauata
881 2922 899 2955 ι
933 2917 1060 2958 vero
1095 2921 1113 2954 α
1149 2901 1464 2966 ﬂoruerunt,
1502 2915 1521 2950 ι
1560 2896 1613 2950 id
1644 2903 1750 2959 est,
1787 2891 1964 2949 Eccle-

395 2999 489 3053 size
533 3011 632 3068 per
665 2995 877 3050 diversa
931 2992 1046 3048 loca
1095 2991 1339 3047 dissitas:
1380 2998 1436 3043 et
1479 2997 1540 3042 ut
1568 2984 1708 3039 mala
1737 2992 1962 3054 grauata

399 3089 754 3161 sanguineum
791 3095 849 3142 et
873 3086 1090 3142 vineum
1117 3084 1350 3140 colorem
1396 3081 1598 3137 habent
1637 3086 1880 3145 aspectu,
1910 3082 1966 3128 et

397 3185 541 3238 intus
573 3180 808 3236 fructum
845 3179 1028 3234 multis
1060 3176 1244 3249 granis
1282 3176 1638 3244 compositum
1677 3188 1691 3225 :
1729 3170 1801 3225 ita
1839 3184 1966 3225 san-

397 3286 496 3330 ct:e
531 3274 626 3329 Dei
663 3272 917 3328 Ecclesia;
963 3269 1227 3342 sanguine
1258 3266 1458 3322 Christi
1509 3272 1809 3335 perunctat.
1852 3275 1964 3317 me-

399 3369 502 3423 rito
522 3365 677 3420 malis
707 3364 947 3435 grauatis
976 3359 1374 3424 assimilantur;
1397 3357 1793 3419 multitudinem
1824 3353 1964 3409 enim

398 3455 718 3514 sanctiﬁcati
756 3453 934 3526 populi
966 3453 1130 3509 rubro
1165 3451 1346 3506 colore
1387 3448 1610 3503 tinctam
1644 3447 1699 3502 in
1722 3443 1968 3502 seconti-

401 3557 614 3612 ucutes,
649 3547 892 3604 caelestis
922 3544 1049 3600 doni
1079 3543 1280 3598 habent
1309 3541 1625 3597 bonitatem.

473 3725 807 3782 CLXXXIX.
838 3723 923 3778 Ibi
951 3723 1086 3776 dabo
1110 3721 1268 3774 ubera
1295 3735 1408 3773 mea
1433 3719 1551 3772 tibi.

478 3819 644 3874 Vetus
673 3817 1107 3877 Testamentum,
1156 3811 1369 3881 opinor,
1414 3820 1470 3864 et
1511 3808 1718 3863 Novum
1753 3807 1884 3863 dicit
1913 3822 1974 3863 se

405 3913 534 3965 dare
578 3910 629 3962 in
661 3906 918 3962 Ecclesiis
949 3903 1170 3975 proprio
1210 3917 1433 3971 sponso.
1463 3901 1677 3971 Sponsa
1707 3900 1850 3955 enim
1875 3901 1976 3954 ali—

404 4002 619 4075 quando
667 3998 850 4068 sponsi
899 3997 1088 4064 ubera,
1123 3994 1416 4063 aliquando
1464 4009 1561 4048 sua
1611 3991 1778 4062 ipsius
1810 3993 1974 4046 ubera

405 4105 566 4152 vocat
624 4093 729 4147 duo
778 4091 1146 4147 Testamenta.
1188 4087 1324 4143 Cum
1385 4086 1530 4142 enim
1587 4085 1767 4140 laudat
1819 4098 1977 4138 suum

406 4200 665 4256 sponsum
709 4185 823 4236 ait:
883 4199 902 4233 ι
953 4181 1097 4235 Bona
1149 4179 1316 4234 ubera
1358 4186 1448 4231 tua
1501 4190 1664 4244 super
1710 4175 1913 4229 viuum.
1952 4193 1972 4228 ι

406 4276 560 4331 Nunc
587 4289 714 4330 vero
745 4273 852 4328 duo
899 4273 1013 4327 lucc
1042 4271 1393 4326 Testamenta
1441 4283 1535 4322 sua
1563 4276 1718 4321 vocat
1763 4266 1927 4322 ubera
1963 4283 1975 4318 :

414 4387 432 4418 ι
476 4367 552 4422 lbi
575 4367 715 4422 dabo
746 4367 910 4421 ubera
935 4379 1049 4418 mea
1084 4363 1198 4418 tibi.
1237 4381 1257 4416 ι
1297 4361 1352 4416 Id
1380 4371 1484 4425 est,
1520 4360 1574 4414 in
1604 4358 1846 4414 Ecclesia
1877 4359 1982 4414 duo

408 4465 754 4520 Testamenta
780 4459 1018 4530 perlecta
1045 4467 1100 4511 et
1126 4456 1391 4526 completa
1440 4455 1496 4510 in
1543 4453 1799 4524 operibus
1821 4451 1982 4522 justi-

2053 602 2146 655 καλ⁸
2192 599 2289 670 τὴν
2338 596 2496 651 σκιὰν
2533 596 2740 667 Πέτρου
2783 595 2909 658 τοὺς
2949 590 3305 652 ἀσθενοῦντας
3363 587 3640 658 ἰωμένην.

2053 689 2239 744 Ταῦτα
2291 686 2575 758 βλέποντες
2614 683 2972 755 ἐθαμϐοῦντο.
3024 681 3119 734 καί
3154 698 3173 731 ι
3207 678 3486 732 ἐπίστευον
3513 679 3641 731 ὅσοι

2051 780 2194 854 ἦσαν
2225 778 2546 850 τεταγμένοι
2570 779 2651 842 εἰς
2673 775 2816 847 ζωὴν
2855 773 3090 828 αἰώνιον.
3111 791 3130 824 ι

2126 876 2311 941 PHG’.
2349 873 2442 928 Στ.
2480 870 2530 925 ι’.
2569 871 2672 935 Εἰς
2705 866 2902 936 κῆπον·
2925 866 3153 934 καρύας
3175 861 3431 918 κατέϐην
3476 860 3640 915 ἰδεῖν

2055 967 2126 1020 ἐν
2142 964 2463 1035 γετί-νήματι
2487 962 2562 1032 (7)
2582 959 2687 1014 τοῦ
2708 958 3050 1030 χειμάρῤου.

2130 1057 2319 1126 Κῆπον
2350 1051 2580 1124 καρύας,
2606 1053 2730 1114 τοὺς
2755 1051 2918 1121 ἱερεῖς
2939 1043 3092 1118 οἶμαι
3117 1044 3295 1113 λέγειν
3327 1043 3422 1097 καὶ
3448 1059 3644 1112 γραμ-

2061 1151 2249 1220 ματεῖς
2277 1145 2371 1200 τοῦ
2402 1143 2553 1207 λαοῦ,
2578 1143 2676 1214 τὴν
2707 1141 2768 1206 ἐξ
2801 1139 3046 1212 οὐρανῶν
3080 1137 3303 1192 κάθοδον
3335 1135 3428 1190 τοῦ
3455 1137 3646 1190 Μονο-

2059 1241 2250 1311 γενοῦς
2283 1236 2660 1311 προφητεύων.
2691 1236 2883 1306 Κῆπον
2908 1233 3018 1304 γὰρ
3045 1229 3254 1304 καρύας
3288 1229 3463 1295 καλῶς
3508 1223 3646 1282 εἶπε

2058 1333 2156 1405 τὴν
2196 1329 2568 1403 Ἰερουσαλὴμ,
2598 1328 2693 1382 καί
2713 1328 2774 1382 τὸ
2799 1326 2964 1398 ἱερόν·
2985 1323 3284 1393 ἐπειδήπερ
3310 1323 3344 1392 ἡ
3389 1321 3648 1393 Ἀρωνή-

2058 1441 2157 1495 της
2189 1422 2399 1494 ράΰδος,
2426 1422 2523 1494 τὴν
2541 1420 2812 1493 σημασίαν
2842 1411 3038 1488 ἔχούσα
3070 1416 3168 1487 τῆς
3200 1412 3520 1486 ἱερωσύνης,
3549 1412 3650 1476 ἐξ-

2061 1517 2282 1589 ήνθησε.
2340 1515 2531 1586 Καρύα
2572 1516 2630 1567 tv
2659 1513 2957 1584 γεννήματι
3001 1508 3096 1563 τοῦ
3136 1507 3436 1580 χειμάρρου
3469 1506 3528 1559 ὲν
3555 1503 3648 1574 τῷ

2061 1606 2237 1679 καιρῷ
2272 1604 2367 1660 τοῦ
2407 1605 2633 1667 πάθους·
2671 1602 2800 1675 περ)⁸
2835 1596 2896 1656 οῦ
2924 1595 3078 1669 οἴμαι
3108 1598 3204 1651 καὶ
3232 1596 3324 1650 τὸν
3355 1595 3517 1650 Δασὶδ
3548 1594 3650 1647 λέ-

2060 1717 2197 1768 γειν·
2252 1719 2270 1751 ι
2318 1698 2631 1770 Χείμαρρον
2684 1694 2896 1766 διῆλθεν
2947 1695 2981 1763 ή
3031 1689 3180 1762 ψυχὴ
3216 1687 3394 1761 ἡμῶν,
3445 1707 3464 1741 ι
3507 1687 3651 1752 τοὺς

2061 1791 2400 1863 πειρασμοὺς
2423 1790 2812 1860 αἰνιττόμενος.

1861 1925 1882 1943 .
1985 1884 2029 1940 Β
2125 1885 2294 1937 ΡΠΖ’.
2335 1881 2499 1936 Ἰδεῖν
2523 1883 2577 1935 εἰ
2603 1880 2871 1950 ἤνθησεν
2891 1879 2930 1947 ἡ
2958 1878 3244 1948 ἄμπελος.

2133 1973 2470 2046 σἈμπελος»
2499 1972 2629 2044 γὰρ,
2657 1972 2842 2043 φησιν,
2879 1966 3327 2039 ιεύκληματοῦσα
3399 1963 3650 2036 Ἰσραήλ.

2058 2069 2173 2124 Καὶ
2205 2066 2491 2122 ἀπέστειλε
2547 2065 2637 2119 τὸν
2691 2065 2820 2132 υἰὸνε
2854 2061 3019 2117 αὐτοῦ
3063 2063 3092 2115 ὁ
3123 2057 3506 2127 οἰκοδεσπότης
3545 2056 3654 2111 λα-

2059 2161 2171 2216 ϐεῖν
2209 2162 2298 2216 τὸν
2329 2161 2544 2233 καρπὸν
2588 2158 2754 2212 αὐτοῦ
2791 2158 2888 2228 τῆς
2915 2155 3182 2228 ἀμπέλου.
3221 2173 3240 2206 ι
3272 2151 3340 2208 Οἰ
3379 2153 3437 2206 δὲ
3470 2151 3652 2205 ἑκϐα-

2058 2251 2241 2318 λὸντες
2287 2252 2392 2320 ἔξω
2434 2253 2535 2324 τῆς
2570 2248 2921 2324 Ἰερουσαλὴμ
2965 2247 3058 2302 τὸν
3103 2246 3308 2319 Κύριον
3365 2244 3654 2316 ἐσταύρω-

2063 2364 2161 2401 σαν
2169 2387 2184 2401 ο

2129 2438 2307 2492 ΡΠΗ’.
2342 2438 2413 2491 Εἰ
2433 2436 2717 2506 ἤνθησαν
2739 2433 2815 2506 (8)
2837 2437 2895 2487 al
2911 2429 3071 2502 ῥοαί.

2142 2529 2282 2583 Ἀλλ’
2335 2529 2454 2582 ἐκεῖ
2507 2527 2604 2598 μὲν
2663 2527 2763 2580 οὐκ
2806 2524 3040 2597 ἤνθησεν
3093 2525 3127 2594 ἠ
3187 2520 3448 2593 ἄμπελος,
3508 2516 3654 2571 ἀλλὰ

2061 2621 2306 2683 ἀκάνθας
2335 2617 2805 2690 ἐκαρποφόρησεν.
2842 2615 3112 2682 Στέφανον
3148 2612 3258 2683 γὰρ
3301 2611 3361 2676 ἐξ
3393 2609 3655 2664 ἀκανθῶν

2061 2713 2140 2785 τῷ
2165 2712 2460 2779 Μονογενεῖ
2498 2708 2746 2773 ἕπλεξαν.
2789 2707 2882 2761 Διὸ
2911 2707 3005 2761 καὶ
3040 2709 3097 2760 tv
3129 2704 3325 2775 Ἡσαΐᾳ
3369 2701 3654 2774 μέμφεται

2061 2804 2140 2876 τῷ
2177 2802 2461 2874 ἀμπελῶνι
2504 2801 2662 2854 τοῦτο
2699 2799 2891 2868 λέγων·
2932 2817 2951 2850 ί
2986 2798 3217 2868 Ἔμεινα
3261 2793 3357 2848 τοῦ
3409 2793 3654 2863 ποιῆσαι

2065 2895 2360 2966 σταφυλὴν,
2375 2891 2595 2962 εποίησε
2610 2891 2667 2945 δὲ
2687 2889 2944 2954 ἀκάνθας.
2972 2908 2991 2942 ι
3007 2919 3078 2929 -
3098 2904 3119 2938 ι
3146 2888 3210 2940 Αἰ
3244 2906 3262 2937 ι
3281 2886 3338 2939 δὲ
3357 2905 3376 2938 ‹
3411 2883 3535 2957 ῥοαὶ
3554 2883 3654 2949 ὲξ-

2064 2988 2328 3061 ήνθησαν·
2373 3005 2391 3038 ι
2433 2984 2708 3038 τουτέστιν
2733 2983 2790 3038 αἱ
2823 2983 2962 3036 κατᾶ
2992 2982 3154 3035 τόπον
3183 2977 3516 3051 Ἑκκλησίαι.
3537 2977 3656 3032 Καὶ

2065 3079 2317 3150 καθάπερ
2348 3078 2402 3130 αἰ
2432 3076 2553 3148 ῥοαὶ
2584 3073 2832 3144 αἱμοειδῆ
2855 3073 2948 3127 καὶ
2967 3071 3202 3126 οἰνωπὸν
3232 3069 3308 3142 (9)
3334 3069 3518 3140 ἔχουσι
3547 3067 3656 3138 τὴν

2070 3172 2272 3238 εἰδέαν,
2302 3167 2690 3222 πολυκόκκινὸν
2720 3183 2781 3219 τε
2811 3167 2902 3219 τὸν
2929 3165 3077 3228 ἐντὸς
3097 3164 3277 3234 έχουσι
3298 3162 3533 3234 καρπόν·
3559 3158 3657 3212 οῦ-

2067 3282 2178 3328 τως
2228 3263 2322 3316 καὶ
2372 3262 2428 3315 αἰ
2479 3261 2628 3328 ἅγιαι
2667 3257 2762 3310 τοῦ
2797 3256 2932 3311 Θεοῦ
2975 3255 3314 3326 Ἐκκλησίαι,
3343 3251 3420 3324 τῷ
3458 3251 3658 3321 αἵματι

2067 3356 2160 3410 τοῦ
2183 3352 2420 3426 Χριστοῦ
2454 3349 2904 3422 ὲπικεχρισμέναι
2935 3346 3069 3418 (10),
3093 3345 3328 3413 εὐλόγως
3365 3344 3514 3414 ῥοαῖς
3549 3340 3660 3393 ἀπ-

2069 3449 2402 3513 εικάζονται.
2441 3445 2514 3498 Τὸ
2544 3443 2600 3496 δὲ
2641 3439 3065 3509 πολυάνθρωπον
3089 3433 3362 3505 ἁγιασμοῦ
3403 3433 3515 3504 (II)
3553 3429 3658 3485 τοῦ

2069 3539 2201 3594 λαοῦ
2233 3538 2378 3590 ἔνδον
2407 3535 2625 3606 ἔχουσαι
2647 3529 2878 3586 οἰνωπὸν
2909 3529 3043 3600 (I2),
3072 3528 3172 3600 τὴν
3201 3525 3540 3600 χρηστότητα
3567 3523 3664 3577 κέ⁹

2074 3645 2303 3700 κτηνται
2329 3627 2426 3696 τῆς
2451 3623 2702 3696 οὐρανίου
2722 3621 2950 3693 δωρεᾶς.

2141 3717 2313 3774 ΡΙΙΘ’.
2352 3715 2511 3771 Ἐκεῖ
2527 3714 2698 3769 δώσω
2729 3711 2872 3778 τοὺς
2899 3711 3174 3782 μαστούς
3197 3726 3316 3779 μου
3336 3705 3438 3761 σοι
3467 3703 3606 3775 (I5).

2145 3809 2392 3866 Παλαιὰν
2425 3805 2578 3880 οἶμαι
2615 3807 2819 3877 ταύτην
2847 3805 3027 3874 λέγειν
3066 3803 3161 3856 καὶ
3201 3799 3408 3870 Καινὴν
3452 3796 3664 3866 Διαθή-

2077 3921 2180 3974 κην
2233 3905 2291 3957 tv
2339 3905 2460 3964 ταῖς
2506 3898 2854 3971 Ἐκκλησίαις
2899 3895 3082 3950 δοῦναι
3133 3891 3212 3962 τῷ
3261 3889 3374 3960 ἰδίῳ
3417 3884 3662 3958 νυμφίῳ.

2088 3993 2212 4048 ὐτὲ
2249 3993 2348 4062 μὲν
2371 3990 2480 4062 γὰρ
2510 3990 2748 4060 μαστοὺς
2794 3986 2890 4040 τοῦ
2927 3985 3058 4040 ἰδίου
3103 3980 3339 4053 νυμφίου
3377 3979 3527 4048 λέγει
3559 3975 3664 4040 τὰς

2077 4087 2172 4140 δύο
2194 4084 2487 4154 Διαθήκας,
2514 4082 2602 4135 ὁτὲ
2632 4081 2690 4134 δὲ
2732 4079 2971 4151 μαστοὺς
2998 4075 3195 4145 ἑαυτῆς
3214 4073 3362 4141 λέγει
3387 4069 3591 4133 ταύτας
3623 4069 3660 4138 ἡ

2080 4179 2287 4250 νύμφη.
2336 4175 2586 4230 Ἐπειδὰν
2617 4173 2728 4245 γὰρ
2759 4173 2970 4226 ἐπαινεῖ
3014 4169 3106 4222 τὸν
3153 4165 3353 4235 ἑαυτῆς
3408 4159 3664 4233 νυμφίον,

2079 4270 2251 4338 λέγει,
2286 4268 2368 4321 ὅτι
2405 4285 2424 4318 ι
2465 4265 2685 4334 Ἀγαθοί
2712 4262 2906 4335 μαστοί
2947 4278 3042 4315 σου
3087 4259 3226 4329 ὑπὲρ
3277 4251 3440 4309 οἶνον.
3486 4271 3506 4304 ι
3548 4251 3666 4304 Νῦν

2082 4363 2139 4414 δὲ
2166 4359 2368 4422 ταύτας
2413 4358 2513 4421 τὰς
2548 4355 2642 4410 δύο
2675 4354 2971 4424 Διαθήκας,
3011 4351 3175 4412 ἰδίους
3215 4347 3501 4417 φάσκουσα
3556 4359 3665 4413 μα·

2087 4453 2267 4516 στοὺς,
2297 4449 2464 4519 λέγει·
2503 4466 2521 4498 ι
2571 4449 2718 4500 Ἐκεῖ
2741 4445 2896 4498 δώσω
2927 4444 3053 4506 τοὺς
3077 4437 3312 4512 μαστούς
3355 4454 3454 4508 μου
3483 4433 3598 4488 σοί·
3642 4451 3662 4485 ι

410 4560 499 4612 tite
531 4528 1070 4610 meorumdlliorum.
1114 4549 1331 4618 Accipit
1380 4548 1524 4602 enim
1561 4561 1622 4601 ea
1667 4545 1880 4613 (ubera)
1927 4543 1967 4597 ir

2113 4548 2228 4615 Lnsp
2253 4543 2422 4603 ἐστὶν,
2453 4541 2510 4592 ὲν
2533 4541 2600 4609 τῇ
2631 4535 2930 4607 Ἐκκλησία
2952 4533 3052 4596 τὰς
3091 4530 3185 4584 δύο
3210 4528 3482 4597 Διαθήκας
3514 4540 3665 4576 τετε-

412 4649 702 4714 tuandatis,
724 4657 792 4714 ,ιιι
820 4645 1111 4714 adimpleat
1137 4643 1308 4710 legem
1333 4649 1389 4694 et
1427 4655 1546 4709 qua:
1576 4639 1630 4692 in
1681 4635 1986 4705 Evangeliis

411 4743 817 4815 pracipiuntur.
847 4740 924 4796 Ea
963 4752 1092 4792 vero
1125 4734 1331 4805 prtebet
1383 4746 1594 4797 rursus,
1631 4745 1752 4785 cum
1784 4728 1973 4798 implet

412 4851 536 4906 qua:
568 4835 619 4888 in
660 4834 727 4888 iis
750 4839 1089 4889 statuuntur.

495 5120 537 5152 "
572 5121 692 5175 Act.
731 5133 806 5183 Ix,
833 5115 921 5172 40.
1000 5114 1042 5144 ¹⁶
1071 5115 1188 5167 Act.
1218 5126 1269 5174 ν,
1297 5109 1384 5164 I5.
1458 5109 1499 5140 ¹⁷
1525 5109 1645 5162 Act.
1680 5124 1794 5175 xm,
1821 5108 1910 5163 48.

415 5200 456 5230 υ
494 5191 595 5244 lsa.
623 5205 673 5253 ν,
705 5187 760 5245 2.

487 5289 564 5360 (7)
623 5289 713 5344 Sic
773 5286 895 5343 cod.
938 5284 1086 5338 Alex.
1140 5279 1320 5335 Editio
1367 5275 1546 5329 Vatic.
1598 5272 1759 5326 habet
1798 5268 1994 5338 γεννή-

419 5379 572 5502 “(si
590 5428 714 5502 IIa'c
742 5437 824 5483 est
849 5423 1016 5502 ΔΙεξίῑιξο
1034 5421 1164 5502 _ch.
1195 5417 1346 5498 Alex.
1373 5425 1427 5469 et
1463 5414 1595 5502 edit.
1624 5409 1992 5467 Conmlutcus.

417 5487 595 5556 Ed'itio
631 5501 747 5553 Vat.
777 5497 935 5550 habet
961 5490 1262 5562 ἐξήνθησαν
1287 5490 1402 5541 sine
1429 5487 1498 5538 εἰ.

606 5549 1157 5625 emendandt'nn;
1187 5574 1306 5614 cunt
1342 5569 1528 5608 omnes
1561 5550 1719 5607 codd.
1761 5549 1994 5603 habeant

417 5641 901 5779 Ol“(ol‘IIldféalutatus
919 5713 974 5759 et
994 5710 1102 5756 vet.
1128 5699 1393 5767 interpres
1410 5695 1658 5749 videntur
1681 5689 1870 5760 legisse
1887 5687 2000 5740 ἐπι-

691 5780 710 5806 λ

423 5795 1302 5922 κεῖᾕΐσξῖἕῗέοπολυὰνθρωπον
1322 5832 1638 5908 ἀγιασμοῦ,
1670 5832 1767 5908 hoc
1801 5837 1879 5886 cst
1909 5825 2001 5881 τοῦ

2012 5109 2055 5142 ¹³
2105 5109 2246 5165 Psal.
2281 5125 2474 5175 cxxm,
2507 5109 2561 5163 5.

2089 4611 2354 4704 lacitévat;
2398 4629 2493 4684 καὶ
2532 4625 2967 4698 πεπληρωμένας
3008 4625 3066 4675 tv
3110 4620 3294 4692 ἔργοις
3324 4611 3666 4684 δικαιοσύνης

2090 4725 2198 4779 τῶν
2227 4723 2372 4776 ἰδίων
2395 4720 2621 4776 τέκνων.
2670 4716 2953 4787 Λαμὸάνει
2981 4713 3090 4786 γὰρ
3115 4712 3312 4772 αὐτοὺς
3339 4709 3397 4760 tv
3431 4708 3552 4768 ταῖς
3583 4706 3668 4756 tv-

2091 4815 2270 4878 τολαῖς
2295 4812 2389 4866 τοῦ
2416 4811 2636 4882 ποιῆσαι
2653 4808 2744 4861 τὸν
2778 4808 2961 4879 νόμον,
2997 4806 3091 4859 καὶ
3109 4803 3180 4857 τὰ
3200 4803 3257 4854 tv
3281 4802 3394 4862 τοῖς
3427 4797 3668 4864 Εὑαγγε-

2091 4905 2228 4969 λίοις
2257 4903 2676 4974 διατεταγμένα·
2707 4901 2922 4954 δίδωσιν
2944 4899 3001 4953 δὲ
3035 4896 3219 4961 πάλιν,
3242 4889 3578 4964 πληρώσασα
3600 4887 3670 4941 τὰ

2093 5000 2151 5050 ἐν
2171 4999 2354 5062 αὐτοῖς
2389 5011 2661 5067 προτεταγ
2670 4993 2826 5066 μένα.

2677 5109 2720 5140 ι’
2750 5104 2876 5160 Ose.
2911 5118 2965 5163 κ.
2990 5104 3042 5156 I.
3132 5096 3180 5128 ³⁸
3201 5093 3392 5149 Matth.
3433 5108 3546 5157 xxi,
3577 5094 3668 5150 37.

2105 5267 2435 5340 ἀγιασμένου
2467 5266 2618 5320 λαοῦ.
2639 5263 2859 5340 ΑΜοιίιιε
2912 5259 3160 5331 loquendi
3199 5269 3304 5325 est,
3333 5258 3399 5313 de
3426 5271 3534 5326 quo
3561 5257 3670 5311 disi

2101 5334 2260 5406 supra
2277 5334 2355 5390 'aal
2377 5353 2493 5403 cap.
2523 5352 2595 5400 tv,
2634 5334 2690 5388 2.

2175 5394 2287 5479 (I2)
2318 5394 2480 5462 Error
2505 5394 2644 5461 idem
2672 5403 2762 5473 qui
2793 5417 2974 5473 supra,
3009 5403 3062 5454 in
3086 5399 3336 5454 omnibus
3357 5394 3512 5452 codd.
3538 5397 3670 5449 οἰνο-

2098 5478 2220 5617 πόῖί
2231 5550 2284 5619 5)
2313 5547 2586 5619 Hactenus
2607 5542 2759 5619 Philo
2789 5555 3003 5619 sacrum
3036 5537 3541 5619 textumjntrgrum
3572 5549 3667 5619 ex-

2102 5603 2295 5674 hibuit.
2335 5619 2439 5672 Sed
2479 5617 2530 5670 in
2561 5617 2660 5669 hoc
2683 5614 2798 5667 loco
2824 5611 2910 5665 illa
2948 5610 3150 5674 omisit,
3206 5607 3306 5661 οὐκ
3334 5603 3476 5673 ἔγνω
3509 5606 3542 5675 ἡ
3571 5603 3667 5673 tim-

2105 5691 2174 5770 χή
2208 5705 2329 5758 μου,
2359 5689 2644 5770 quaeinter
2677 5684 2821 5770 Iunio
2845 5690 2900 5737 et
2927 5693 3243 5762 sequentem
3276 5691 3486 5770 Vfrsum
3513 5677 3664 5727 inter-

2104 5747 2247 5882 j'cl'ct'a
2285 5747 2429 5814 sunt.
2482 5757 2645 5813 Vetus
2677 5754 2859 5810 itidem
2926 5751 3194 5822 interpres
3229 5747 3412 5806 eadem
3449 5755 3666 5815 prater-

2112 5845 2144 5884 n
2176 5868 2191 5882 .
