3810 6368
303 372 410 430 127
1431 369 1748 427 PHILONIS
1785 366 2091 425 EPISCOPI
2129 369 2450 425 CARPASII
3436 363 3548 420 I28

307 489 380 544 illi
437 489 599 540 vitam
650 495 860 555 parant.
901 483 1183 542 Manileste
1221 484 1384 555 igitur
1416 484 1588 539 dicit:
1631 502 1652 536 ι
1687 483 1863 552 respi-

2045 481 2283 552 νεύματος
2312 484 2411 553 τὴν
2440 480 2658 536 αἰώνιον
2715 481 3080 554 προεξενησαν
3132 479 3296 550 ζωήν.
3346 479 3550 547 Σαφῶς

305 577 455 633 ciens
489 576 680 630 faciem
706 576 971 631 Damasci.
1002 595 1023 630 ι
1061 577 1269 631 Etenim
1299 577 1622 630 Damascum
1650 585 1873 630 vocatus

2082 567 2254 637 εἶπεν,
2307 575 2389 626 ὅτι
2439 593 2458 625 ι
2503 571 2786 628 σκοπεύων
2824 572 3115 644 πρόσωπον
3167 569 3484 642 Δαμασκοῦ.
3525 589 3549 622 s

302 679 392 724 εει
429 668 644 722 divinus
689 667 997 736 Apostolus,
1041 668 1258 739 quando
1301 668 1540 738 acceptis
1583 668 1778 723 litteris
1814 679 1875 724 ut

2045 665 2083 719 tl.
2118 666 2228 737 γὰρ
2257 667 2313 720 ὲν
2336 667 2611 738 Δαμασκῷ
2639 667 2897 740 κέκληται
2935 669 2963 720 ό
2988 665 3259 729 θειότατος
3293 664 3536 718 Ἀπόστο

299 769 720 830 persequeretur
742 760 941 816 Christi
973 760 1284 830 discipulos,
1317 760 1442 816 illuc
1476 760 1871 827 proﬁcisceba-

2045 775 2084 821 :,
2131 758 2373 828 ὁπηνίκα
2411 757 2720 829 επορεύετο,
2773 756 3065 820 ἐπιστολὰς
3101 755 3396 826 λαμϐάνων
3445 752 3554 807 τοῦ

297 865 394 907 tur
419 853 488 916 ³⁸,
525 867 648 908 cum
701 851 938 908 ειειεειίε
973 851 1027 906 in
1063 851 1257 926 itinere
1301 865 1400 905 vox
1457 851 1605 905 illum
1660 850 1875 905 vocavit

2045 845 2184 901 bxetv
2207 850 2332 911 τοὺς
2354 847 2448 901 τοῦ
2475 849 2709 920 Χριστοῦ
2748 849 3015 920 μαθητάς,
3038 847 3275 918 ὁπηνίκα
3305 849 3338 917 ἡ
3375 845 3521 917 οὐρά
3547 877 3556 885 ι

299 947 490 1002 dicens
523 964 539 1001 :
586 965 605 994 σ
634 944 817 1013 Saule,
868 943 1064 1012 Saule,
1106 946 1234 1015 quid
1275 961 1361 1001 me
1389 945 1726 1014 persequeris
1748 944 1826 998 “?
1849 962 1867 996 ι

2045 955 2085 1002 ις
2124 939 2287 994 αὑτὸν
2332 939 2471 994 κατὰ
2523 941 2623 1010 τὴν
2663 941 2783 994 όδδν
2834 941 3017 995 ὲκάλει
3059 940 3234 1011 φωνὴ,
3280 938 3552 1008 λέγουσαι

302 1037 438 1092 Cum
485 1038 628 1093 enim
686 1037 1003 1094 Damascum
1043 1034 1190 1092 εεεεὶ
1230 1037 1528 1106 ingressus,
1567 1037 1870 1090 ﬁrmitatem

2045 1031 2232 1094 Σαοὺλ,
2258 1033 2530 1099 Σαοὺλ,ητί
2562 1051 2630 1105 με
2673 1033 2890 1099 διώκεις
2917 1051 2964 1100 ;›
3000 1035 3095 1098 Εἰς
3125 1031 3414 1103 Δαμασκὸν
3437 1028 3557 1101 γάρ

1972 1121 2248 1188 εἰσελθὼν,
2275 1123 2335 1176 τὸ
2370 1123 2583 1193 βέϐαιον
2620 1125 2976 1196 ἐκαρπώσατο
3007 1125 3107 1196 τῆς
3139 1124 3398 1184 πίστεως,
3455 1121 3557 1174 ὅτε

1979 1228 1998 1263 ι
2050 1212 2149 1282 τῆς
2197 1212 2372 1283 ὄψεως
2419 1214 2583 1268 αὐτοῦ
2623 1216 2894 1270 ἀπέπεσον
2937 1216 3070 1269 ὡσεὶ
3101 1213 3348 1279 λεπίδες·
3383 1232 3404 1266 ι
3451 1211 3560 1266 καὶ

1973 1304 2084 1374 γάρ
2117 1304 2210 1359 τοῦ
2247 1305 2463 1360 αἰωνίου
2498 1308 2777 1379 φωτισμοῦ
2808 1308 3014 1379 ἔτυχεν.

2046 1396 2164 1449 ΣΝ.
2211 1397 2302 1452 Στ.
2342 1405 2402 1452 ε’.
2465 1399 2710 1470 Κεφαλή
2748 1416 2865 1456 σου
2907 1400 3006 1455 ἐπὶ
3061 1399 3138 1454 σὲ
3183 1399 3264 1464 ὡς
3316 1395 3562 1466 Κάρμη-

1972 1489 2098 1552 λος.

2045 1579 2344 1652 Κάρμηλος
2400 1580 2762 1653 ἑρμηνεύεται
2821 1581 3145 1651 ἐπίγνωσις
3211 1575 3557 1648 περιτομῆς.

1988 1669 2121 1723 Ἀπὸ
2153 1669 2262 1743 γᾴρ
2315 1670 2413 1741 τῆς
2472 1671 2714 1741 κεφαλῆς
2746 1671 2935 1742 αὐτῆς,
2962 1668 3236 1723 τουτέστιν
3287 1667 3394 1720 ἀπὸ
3419 1667 3562 1737 Χρι-

305 1129 428 1184 lidei
463 1130 690 1199 adeptus
737 1138 840 1196 est,
883 1129 1099 1199 quando
1131 1145 1150 1179 ι
1179 1128 1248 1183 ab
1290 1127 1406 1196 ejus
1447 1127 1616 1183 oculis
1662 1126 1874 1182 decide-

302 1229 434 1275 runt
462 1230 717 1291 tanquam
751 1236 990 1291 squamas
1016 1220 1098 1286 ³²;
1125 1239 1144 1273 ι
1169 1221 1369 1274 ειεηὶω
1403 1230 1659 1274 aeternam
1697 1218 1871 1274 lucem

301 1321 624 1368 εοηεεευιυε
653 1321 757 1368 08L

366 1401 498 1459 CCI.
546 1402 707 1457 Vens.
738 1401 792 1458 5.
845 1400 1014 1470 Caput
1057 1411 1204 1456 tuum
1241 1402 1370 1456 inte
1397 1402 1532 1455 sicut
1576 1398 1870 1456 Carmelus.

366 1579 652 1636 Carmelus
725 1579 1107 1648 interpretatur
1168 1578 1366 1648 agnitio
1433 1577 1871 1644 circumcisionis,

302 1685 430 1725 nam
465 1671 534 1724 ab
573 1670 687 1738 ipso
717 1670 908 1740 capite,
948 1669 1000 1724 id
1043 1677 1145 1736 est,
1169 1669 1403 1736 Christo,
1431 1669 1660 1740 («Caput
1683 1688 1701 1721 ι
1731 1669 1872 1724 enim

200 1793 202 1795 ν
312 1779 332 1817 ι
366 1761 617 1817 Ecclesiae
641 1770 724 1816 est
755 1761 1000 1816 Christus
1016 1760 1130 1832 ³⁸»)
1169 1769 1366 1816 extunc
1402 1760 1603 1827 agnitio
1635 1759 1871 1831 profecta

2045 1758 2102 1812 οὗ
2134 1758 2180 1830 (ι
2206 1759 2431 1832 Κεφαλὴ
2458 1779 2477 1812 ι
2511 1760 2619 1831 γὰρ
2655 1777 2675 1810 ι
2699 1759 2799 1829 τῆς
2827 1759 3150 1829 Ἐκκλησίας
3169 1759 3197 1811 ό
3229 1755 3458 1828 Χριστὸς
3482 1753 3563 1824 ι),

302 1861 386 1908 εει
415 1851 716 1922 spiritualis
762 1826 1231 1917 circumcisionis,
1282 1852 1349 1906 de
1403 1826 1509 1921 quo
1559 1826 1869 1905 SJPaulus

2077 1826 2198 1905 τότε
2228 1854 2262 1924 η
2291 1826 2900 1922 ἐπίγνωσις-γεγένηται
2931 1826 3030 1920 τῆς
3063 1826 3434 1920 πνευματικῆς
3459 1862 3564 1898 πε-

303 1943 479 1998 dicit:
538 1961 554 1994 ι
594 1941 662 1997 Ει
715 1941 1059 1997 circumcisio
1116 1942 1294 1997 cordis
1363 1943 1415 1997 in
1480 1943 1705 2013 spiritu,
1764 1957 1868 1996 non

2045 1945 2227 2015 εομῆς,
2260 1946 2386 2016 περὶ
2415 1939 2482 2016 ἦς
2529 1947 2556 1999 ὁ
2590 1945 2744 2014 ἅγιος
2776 1943 3098 2005 Ἀπόστολος
3123 1940 3315 2012 εἴρηκε
3335 1955 3349 1970 ·
3402 1956 3420 1990 ι
3445 1937 3568 1992 Καὶ

303 2033 534 2098 littera;
597 2033 750 2103 cujus
809 2032 926 2088 laus
994 2047 1099 2088 non
1152 2047 1222 2088 ex
1272 2033 1602 2099 hominibus,
1657 2031 1752 2088 sed
1803 2047 1871 2089 ex

2048 2036 2244 2109 ριτομὴ
2305 2036 2532 2108 καρδίας
2561 2039 2620 2092 ὲν
2676 2035 2972 2107 πνεύματι,
3005 2036 3066 2088 οὐ
3091 2033 3434 2105 γράμμασιν,
3493 2021 3566 2084 οὗ

303 2123 413 2178 Deo
432 2123 498 2175 ³⁸.
529 2141 548 2175 ι
1973 2124 2191 2188 ἔπαινος
2219 2126 2319 2180 οὐκ
2347 2126 2406 2190 ἐξ
2425 2126 2750 2198 ἀνθρώπων,
2791 2125 2905 2179 ἀλλ’
2928 2128 2991 2178 ὲκ
3015 2123 3109 2178 τοῦ
3143 2120 3300 2178 θεοῦ.
3335 2140 3354 2174 ι

376 2213 528 2271 CCII.
563 2213 760 2271 Plexus
781 2215 967 2284 capitis
991 2216 1069 2269 tui
1099 2224 1156 2269 ut
1193 2230 1448 2283 purpura.

2045 2218 2159 2272 ΣΒ’.
2187 2220 2447 2272 Πλόκιον
2480 2218 2590 2290 (45)
2615 2218 2886 2288 κεφαλῆς
2911 2233 3029 2272 σου
3053 2217 3132 2283 ὡς
3155 2215 3450 2284 πορφύρα.

379 2305 603 2360 Plexum
653 2305 847 2376 capitis
891 2306 968 2360 tui
1015 2305 1251 2361 arbitror
1292 2306 1471 2361 dicere
1499 2303 1875 2376 frequentissi-

2046 2309 2279 2363 Πλόκιον
2308 2309 2408 2380 τῆς
2437 2309 2679 2381 κεφαλῆς
2715 2309 2806 2363 τὸν
2847 2306 3266 2378 πολυάνθρωπον
3296 2303 3389 2358 τοῦ
3427 2298 3571 2355 λαοῦ

305 2413 445 2451 mam
497 2397 678 2468 populi
732 2396 1154 2452 multitudinem.
1208 2397 1669 2465 Quemadmodum
1728 2398 1873 2453 enim

2045 2418 2155 2470 γειν
2187 2399 2340 2472 οἶμαι
2376 2401 2565 2472 δῆμον.
2597 2400 2864 2473 Καθάπερ
2894 2400 2998 2472 γάρ
3029 2401 3083 2453 αἱ
3133 2398 3316 2471 τρίχες
3376 2397 3434 2449 ὲν
3464 2395 3570 2447 άν-

306 2488 483 2559 capilli
532 2488 587 2544 in
638 2489 981 2545 multitudine
1022 2491 1299 2544 innumera
1345 2499 1471 2545 sunt
1503 2490 1759 2554 ordinati,
1797 2491 1877 2546 sic

2045 2492 2263 2563 ιιθμήτῳ
2287 2492 2481 2564 πλήθει
2501 2493 2825 2564 τεταγμέναι
2867 2492 3240 2563 τυγχάνουσιν,
3263 2487 3437 2551 οὕτως
3469 2485 3573 2539 καὶ

304 2582 618 2652 populorum
652 2591 736 2638 est
770 2582 1056 2638 multitudo
1085 2582 1234 2636 velut
1267 2583 1443 2653 capilli
1479 2582 1598 2637 sine
1630 2596 1873 2639 numero.

2073 2582 2180 2636 τῶν
2212 2581 2356 2637 λαῶν
2397 2583 2579 2656 πλήθη
2619 2582 2826 2654 τριχῶν
2852 2582 3008 2653 δίκην
3065 2579 3416 2652 άναρίθμητα
3434 2594 3571 2646 τυγ-

305 2675 585 2732 Plicantur
635 2691 764 2731 vero
815 2675 890 2730 illi
947 2675 1015 2729 ad
1066 2686 1318 2730 ornatum
1367 2675 1640 2741 Ecclesiae,
1688 2685 1748 2732 ut
1801 2676 1879 2732 ait

2045 2692 2153 2728 ινει.
2198 2674 2463 2729 Πλέκεται
2512 2674 2570 2728 δὲ
2603 2674 2778 2728 ταῦτα
2821 2674 2901 2736 είς
2931 2673 3137 2743 κόσμον
3190 2671 3288 2742 τῆς
3335 2668 3573 2740 Ἐκκλη-

1981 2767 2124 2832 σίας,
2166 2767 2241 2830 ῶς
2270 2785 2433 2840 φησιν
2467 2768 2495 2820 ό
2523 2768 2677 2836 ἅγιος
2719 2765 3073 2828 Ἀπόστολοςθ
3131 2781 3151 2815 ι
3174 2762 3317 2835 Γυνὴ
3352 2761 3447 2816 ἐὰν
3477 2779 3571 2815 κο-

1984 2860 2082 2930 μᾷ,
2108 2857 2237 2922 δόξα
2259 2858 2396 2930 αὐτῇ
2420 2860 2597 2911 ἐστιν·
2625 2859 2707 2912 ὅτι
2734 2859 2767 2930 ή
2795 2857 2939 2928 κόμη
2961 2855 3083 2911 ἀντὶ
3110 2853 3455 2925 περιϐολαίου
3479 2852 3573 2905 δέ-

308 2947 522 3003 Etenim
548 2948 721 3002 instar
748 2964 938 3017 comae,
972 2950 1290 3020 populorum
1317 2951 1660 3007 multitudine
1689 2951 1879 3010 Eccle-

2045 2969 2129 3004 ται
2167 2951 2329 3023 αὑτῇ.
2358 2971 2374 3003 ι
2437 2951 2548 3004 Καὶ
2585 2950 2692 3025 γάρ
2750 2951 2928 3021 κόμης
2956 2949 3113 3020 δίκην
3140 2947 3209 3000 τὰ
3253 2944 3433 3017 πλήθη
3457 2943 3574 2997 τῶν

307 3040 387 3092 sia
428 3038 658 3093 induitur
684 3040 838 3107 juxta
868 3055 990 3094 eum
1025 3042 1117 3110 qui
1150 3041 1318 3096 dicit:
1359 3061 1377 3094 ι
1402 3040 1666 3101 Omnibus
1693 3045 1759 3101 iis
1795 3047 1881 3100 in-

2045 3045 2126 3098 ;ῶν
2155 3043 2566 3116 περιϐάλλεται,
2598 3044 2739 3098 κατὰ
2767 3044 2856 3098 τὸν
2878 3041 3107 3110 λέγοντα
3127 3059 3138 3070 ·
3187 3059 3204 3091 ι
3234 3039 3448 3102 Πάντας
3471 3037 3576 3090 αὑ-

305 3130 507 3196 dneris,
534 3140 589 3183 et
617 3131 974 3187 circumdabis
1017 3132 1110 3185 tibi
1159 3147 1252 3188 eos
1297 3143 1355 3188 ut
1401 3145 1650 3189 ornatum
1720 3151 1883 3206 spon-

2045 3137 2113 3201 ιὺς
2140 3137 2350 3190 ἐνδόσει
2401 3137 2537 3208 (44),
2599 3137 2695 3190 καὶ
2739 3129 3220 3206 περιθήσειαύτοῦ
3263 3132 3339 3193 ὡς
3367 3129 3575 3200 κόσμον

313 3221 474 3276 sae".
506 3241 525 3274 ι
563 3221 693 3276 111υά
723 3237 874 3289 vero,
921 3242 940 3276 ι
974 3223 1171 3281 Plexus
1210 3235 1268 3281 ut
1307 3241 1604 3296 purpura,»
1651 3230 1884 3301 prophe—

2045 3245 2222 3299 ιμφης.
2254 3246 2272 3279 ι
2337 3226 2508 3280 Τοῦτο
2559 3226 2618 3279 δὲ
2657 3227 2739 3292 τὸ,
2797 3244 2816 3278 ι
2844 3224 3074 3280 Πλόκιον
3110 3222 3185 3287 ὡς
3238 3220 3518 3293 πορφύρα,
3548 3238 3572 3272 ι

305 2769 518 2822 divinus
548 2765 784 2820 Paulus:
846 2785 865 2818 ι
898 2766 1088 2822 Mulier
1113 2767 1158 2821 si
1190 2764 1400 2821 comam
1439 2769 1665 2834 nutriat,
1711 2768 1879 2839 gloria

305 2869 390 2914 est
414 2858 486 2911 illi
512 2875 528 2924 ;
571 2859 825 2927 quoniam
846 2873 999 2912 coma
1032 2874 1132 2929 pro
1165 2858 1427 2914 velamine
1446 2860 1570 2914 data
1589 2870 1672 2916 εει
1688 2863 1738 2916 ei
1761 2860 1829 2915 “.
1855 2881 1874 2915 ι

314 3314 420 3367 tice
461 3321 515 3367 et
561 3315 926 3383 prazsensione
990 3316 1226 3385 quadam
1283 3317 1464 3372 divina
1523 3319 1725 3374 dictum
1780 3332 1885 3377 est.

317 3402 778 3468 Quemadmodum
835 3405 978 3458 enim
1038 3421 1276 3476 purpura
1333 3407 1594 3476 sanguine
1643 3409 1886 3480 tingitur,

304 3484 392 3547 sic
453 3493 615 3548 etiam
685 3493 921 3548 ﬁdelium
979 3497 1306 3561 multitudo,
1363 3499 1626 3568 sanguine
1684 3501 1887 3558 Christi

313 3587 499 3651 tincta,
551 3586 696 3657 regia
731 3584 832 3642 fuit
881 3588 958 3642 illi
997 3590 1186 3654 vestis,
1230 3589 1296 3645 de
1332 3606 1436 3660 qua
1459 3590 1625 3647 Jacob
1649 3591 1799 3648 Judze
1822 3610 1886 3649 ex

311 3692 419 3747 quo
449 3691 601 3733 ortus
627 3687 710 3734 est
737 3678 1004 3743 Christus,
1035 3681 1148 3735 haec
1178 3682 1311 3735 dixit
1337 3699 1351 3736 :
1391 3699 1409 3732 ι
1440 3681 1665 3738 Lavabit
1687 3685 1742 3739 in
1767 3686 1889 3741 vino

312 3768 507 3823 stolam
532 3785 706 3836 suam,
732 3779 788 3826 et
818 3770 869 3823 in
899 3771 1161 3839 sanguine
1186 3786 1299 3826 uva:
1326 3773 1579 3827 amictum
1607 3789 1762 3828 suum
1786 3776 1883 3828 ³⁸.»

316 3858 522 3914 Stolam
563 3862 705 3916 enim
733 3871 786 3916 et
813 3863 1068 3916 amictum
1110 3861 1315 3918 Christi
1350 3879 1474 3920 esse
1507 3876 1749 3922 sanctam
1781 3865 1886 3923 Ee-

317 3949 538 4005 clesiam
580 3950 868 4007 manifeste
895 3952 1220 4007 ostenditur.

386 4127 561 4185 CCIII.
586 4128 698 4184 Rer-
725 4115 927 4184 vinctus
957 4131 1012 4184 in
1041 4132 1458 4187 transcursibus.

389 4301 490 4357 ilic
521 4303 666 4357 enim
709 4311 794 4358 est
837 4302 1078 4358 cmlestis
1113 4303 1252 4369 Rex,
1286 4304 1353 4360 de
1381 4320 1491 4374 quo
1519 4303 1686 4361 David
1721 4307 1891 4364 dicit:

1984 3319 2221 3384 Θειωδῶς
2249 3321 2482 3392 εἴρηται,
2519 3317 2872 3390 προφητικῶς
2902 3334 2963 3371 τε
2997 3313 3094 3369 καὶ
3123 3309 3576 3385 προγνωστικῶς.

1985 3414 2250 3486 Καθάπερ
2269 3414 2377 3486 γὰρ
2403 3415 2436 3486 ή
2473 3412 2729 3486 πορφύρα
2759 3414 2817 3465 ὲν
2859 3411 3050 3482 αἵματι
3086 3407 3369 3479 βάπτεται,
3399 3403 3578 3480 οὕτως

1986 3508 2207 3562 καὶτῶν
2257 3505 2463 3560 πιστῶν
2510 3506 2545 3575 ἡ
2576 3503 2806 3576 πληθὺς,
2835 3504 2893 3555 ὲν
2938 3500 3014 3571 τῷ
3061 3499 3252 3570 αἵματι
3300 3495 3395 3549 τοῦ
3434 3495 3578 3567 Χρι-

1990 3600 2114 3656 στοῦ
2140 3598 2486 3670 βεϐαμμένη,
2514 3596 2767 3667 βασιλικὴ
2811 3593 3033 3663 γέγονεν
3062 3589 3210 3661 αὐτῷ
3237 3589 3421 3660 ἐσθὴς,
3446 3587 3586 3659 περὶ

1986 3688 2055 3766 ἧς
2105 3690 2298 3746 Ἰακὼϐ
2336 3689 2417 3761 τῷ
2454 3688 2647 3758 Ἰούδᾳ,
2683 3686 2744 3751 se
2802 3681 2862 3740 οὗ
2913 3682 3186 3737 ἀνέτειλεν
3227 3683 3256 3735 ό
3317 3677 3580 3751 Χριστὸς,

1987 3783 2164 3838 τοιάδε
2185 3781 2297 3850 (45)
2325 3797 2340 3811 ο
2393 3799 2412 3832 ι
2434 3780 2634 3832 Πλυνεῖ
2659 3781 2716 3831 ὲν
2741 3775 2868 3847 οἴνῳ
2896 3773 2996 3844 τὴν
3029 3771 3220 3842 στολὴν
3269 3769 3455 3834 αὑτοῦ,
3481 3769 3582 3822 καὶ

1989 3877 2048 3929 ὲν
2075 3875 2263 3945 αἵματι
2301 3871 2577 3942 σταφυλῆς
2634 3869 2732 3941 τὴν
2784 3866 3078 3940 περιϐολὴν
3111 3863 3298 3919 αὐτοῦ.
3331 3882 3350 3915 ι
3407 3861 3583 3932 Στολὴ

1991 3968 2101 4039 γὰρ
2134 3967 2229 4020 καὶ
2257 3964 2519 4037 περιϐολὴ
2567 3962 2659 4017 τοῦ
2691 3961 2953 4033 Χριστοῦ,
2980 3962 3014 4032 ὴ
3069 3958 3200 4028 άγία
3229 3955 3414 4026 σαφῶς
3454 3954 3586 4008 Ἐκ-

1994 4060 2192 4132 κλησία
2216 4057 2507 4112 δέδεικται.
2690 4058 2694 4062 ’

2065 4151 2182 4205 Σῐν.
2238 4146 2542 4214 Βασιλεὺς
2617 4143 2933 4214 δεδεμένος
2979 4139 3091 4214 (46)
3151 4139 3222 4194 ἐν
3281 4135 3584 4206 παραδρο-
3626 4164 3634 4171 ·

1989 4241 2155 4312 μαῖςο
2920 4240 2937 4258 ⁸

2068 4321 2238 4392 Οὗτος
2267 4326 2377 4399 γὰρ
2404 4329 2432 4380 ό
2456 4324 2775 4396 ἐπουράνιος
2799 4322 3069 4394 βασιλεὺς,
3108 4321 3237 4392 περὶ
3263 4312 3325 4374 οὗ
3352 4319 3446 4374 καὶ
3473 4319 3581 4370 Δαο

323 4393 626 4450 «Dominus
678 4395 958 4464 regnavit;
1040 4396 1272 4451 exsultet
1330 4407 1472 4451 terra
1537 4398 1646 4451 ³⁹.›
1693 4398 1886 4455 Revera

2045 4419 2082 4470 ιδ
2126 4393 2303 4485 λέγειν’
2345 4393 2459 4468 ἰὉ
2485 4393 2687 4486 Κύριος
2733 4393 3079 4465 ἐϐασίλευσεν
3102 4425 3117 4440 ο
3169 4406 3512 4478 άγαλλιάσθω
3547 4407 3582 4475 ἡ

317 4487 530 4542 vinctus
567 4495 652 4542 est
684 4486 736 4541 in
766 4486 1184 4543 transcursibus.
1224 4487 1461 4545 Currens
1490 4489 1632 4545 enim
1658 4492 1726 4547 de
1759 4493 1886 4549 caelo

2045 4508 2136 4579 ῆ.»
2177 4509 2386 4569 Ὄντως
2437 4505 2646 4558 δέδεται
2693 4506 2750 4557 ὲν
2800 4501 3196 4574 παραδρομαῖς.
3222 4497 3587 4571 Παρατρὲχων

321 4579 376 4634 in
417 4590 642 4644 terram,
686 4587 742 4632 et
771 4579 1108 4635 descendens
1149 4596 1321 4650 usque
1350 4582 1416 4636 ad
1450 4581 1653 4638 inferos
1685 4594 1740 4639 ut
1773 4585 1886 4641 inde

2045 4598 2112 4670 άρ
2137 4598 2194 4665 ἐξ
2244 4595 2475 4669 οὐρανοῦ
2528 4595 2620 4648 ὲπὶ
2647 4595 2770 4666 γῆς,
2814 4595 2906 4647 καὶ
2957 4593 3062 4658 ἕως
3110 4595 3190 4656 είς
3245 4590 3312 4644 τὰ
3332 4588 3427 4642 τοῦ
3457 4586 3586 4660 ᾃδου

319 4671 638 4726 extraheret
673 4684 944 4727 mortuum
973 4689 988 4738 ;
1029 4673 1144 4744 ipse
1177 4675 1391 4730 vinctus
1420 4683 1506 4730 est
1539 4675 1594 4730 in
1621 4685 1892 4732 transcur-

320 4765 494 4830 sibus,
528 4781 633 4820 non
671 4767 1012 4822 necessitatis
1043 4767 1292 4833 vinculis,
1314 4769 1408 4822 sed
1446 4768 1763 4823 voluntaria:
1789 4769 1900 4824 cle-

2001 4689 2297 4754 κατελθὼν,
2357 4689 2445 4742 ἵνα
2481 4687 2690 4742 ἐκεῖθεν
2745 4685 3035 4758 ἀνασπάσῃ
3055 4685 3147 4739 τὸν
3170 4681 3460 4743 τεθνεῶτα,
3486 4680 3589 4732 αὐ-

2000 4783 2092 4846 τὸς
2124 4782 2335 4836 δέδεται
2372 4782 2430 4834 ἐν
2459 4780 2865 4852 παραδρομαῖς,
2912 4780 3012 4834 οὐκ
3053 4777 3299 4848 ἀνάγκης
3341 4773 3588 4844 δεσμοῖς,

323 4858 539 4912 utentia:
589 4858 944 4928 benignitate,
1001 4860 1188 4916 dicens
1236 4863 1535 4930 apostolis:
1608 4881 1627 4913 ι
1656 4861 1722 4916 Ει
1772 4877 1886 4917 ecce

2045 4874 2118 4926 λλ’
2150 4873 2396 4930 ἑκουσίου
2456 4873 2866 4944 φιλανθρωπίας
2891 4871 3240 4943 χρηστότητι,
3270 4864 3441 4920 εἰπὼν
3476 4865 3590 4926 τοῖς

322 4947 601 5002 vobiscum
632 4963 752 5002 sum
774 4950 1025 5007 omnibus
1053 4952 1247 5007 diebus
1276 4965 1446 5023 usque
1469 4953 1536 5008 ad
1565 4968 1902 5009 consumma-

326 5037 527 5094 tionem
558 5041 740 5096 saaculi
764 5040 831 5098 “.
860 5061 879 5095 ι

2008 4963 2354 5026 ἀποστόλοις·
2419 4983 2436 5014 ι
2459 4963 2569 5017 Καὶ
2602 4963 2710 5016 ίδοὺ
2766 4962 2883 5034 μεθ’
2913 4959 3067 5032 ὑμῶν
3128 4961 3242 5030 είμι
3276 4956 3456 5018 πάσας
3489 4952 3590 5018 τὰς

2010 5055 2246 5127 ἡμέρας,
2285 5055 2390 5120 ἕως
2420 5054 2519 5125 τῆς
2550 5053 2858 5117 συντελείας
2874 5051 2969 5107 τοῦ
3001 5051 3214 5114 αἰῶνος.
3241 5069 3260 5101 ι

399 5196 442 5228 ιι
473 5197 596 5280 ῥειλ
619 5213 696 5263 ιι,
723 5197 780 5259 2.
807 5200 861 5254 δ.
909 5200 982 5280 ,ξι
1009 5200 1263 5280 ευξᾳφι
1303 5203 1347 5234 ιε
1375 5202 1510 5280 ibid._
1531 5203 1634 5280 18.
1667 5204 1715 5280 τις
1740 5205 1886 5280 Ειξιιε

2045 5214 2124 5270 23.
2203 5212 2246 5246 ³⁸
2268 5213 2426 5270 Rom.
2457 5229 2516 5280 tt,
2540 5213 2632 5270 29.
2691 5215 2736 5247 ³⁸
2766 5214 2783 5268 l
2808 5214 2936 5268 Cor.
2973 5227 3048 5276 ιι,
3079 5210 3168 5264 15.
3239 5209 3281 5240 ³⁷
3309 5206 3411 5261 Isa.
3442 5219 3585 5268 thx,

330 5265 418 5322 I8.
491 5266 534 5298 ³⁸
559 5267 695 5323 Gen.
724 5285 871 5339 χιιι,
904 5269 990 5325 ll.
1069 5271 1113 5302 ³⁹
1141 5271 1286 5331 Psal.
1315 5289 1460 5339 xcvi,
1488 5275 1513 5328 l
1592 5275 1638 5306 ⁸⁰
1668 5265 1860 5334 Matth.

2045 5265 2122 5350 ιι,
2136 5283 2229 5338 εο.

400 5385 513 5454 (4⁸5)
553 5385 730 5454 Editio
770 5386 891 5440 Vat.
916 5387 1010 5441 καὶ
1036 5388 1275 5444 πλόκιον.

554 5453 729 5537 Va‘tic.
749 5456 914 5537 editio
943 5459 1122 5537 habet:
1151 5460 1594 5537 ,Πάντας-αὐτοὺς
1614 5463 1689 5537 ᾡς
1705 5464 1908 5537 κόσμον

2017 5401 2347 5457 Auximano.

2091 5472 2205 5542 (46)
2248 5471 2525 5542 Salutatns
2562 5470 2742 5542 vertit
2783 5467 3164 5542 «_tremen_dns.
3191 5483 3236 5542 D.
3268 5464 3397 5520 Erat
3429 5461 3593 5542 igitur

327 5527 651 5600 memmi
669 5527 982 5652 περιθησεις
1015 5529 1210 5593 αὐτοὺς
1226 5531 1300 5594 ὡς
1335 5532 1536 5603 κόσμον
1586 5527 1886 5617 νύμφηἌι

334 5597 625 5652 Alexandr.
651 5603 817 5652 codex
868 5599 1009 5652 labet
1037 5616 1050 5652 :
1091 5599 1310 5652 Πάντας
1339 5603 1534 5652 αὐτοὺς
1558 5604 1747 5652 ὲνδυσοη
1769 5647 1782 5652 ,
1811 5609 1886 5652 καί

2045 5559 2070 5597 n
2095 5527 2228 5612 ‘eju's
2273 5544 2396 5597 cod.
2435 5541 2754 5611 δειδόμενος.
2807 5537 2998 5592 Totum
3041 5537 3182 5592 hunc
3225 5535 3396 5590 locum
3439 5527 3593 5586 a—ITerI

2045 5613 2241 5652 Inc-nnc
2280 5613 2699 5652 Imlinnnlnnelne
2739 5625 2800 5652 ρει
2839 5609 3064 5652 Philone
3098 5609 3192 5652 lih-
3219 5622 3271 5652 κ-
3313 5619 3434 5652 ΜΩ.
3463 5601 3589 5652 550.

334 5597 625 5654 Διεκιιίἰότ.
651 5597 817 5652 codex

337 5742 732 5811 ttetnrscquitur
761 5751 868 5796 vet.
896 5742 1184 5811 interpres.

409 5809 524 5882 (45)
566 5809 914 5868 Restituenda
948 5809 1069 5883 poSt
1113 5813 1287 5869 τοιάδε
1326 5829 1424 5870 vox
1473 5814 1620 5886 λέγει
1665 5831 1730 5871 ex
1781 5817 1903 5875 cod.

774 5613 817 5682 ει
848 5599 1009 5682 habet
1028 5616 1050 5682 ,ε
1091 5599 1310 5682 Πάντας
1339 5599 1534 5666 αὐτοὺς
1558 5599 1782 5682 tamen",
1811 5609 1886 5660 κα

2045 5599 2241 5668 Ξοειῖιιιε
2279 5599 3064 5682 Ιηόίεοριειίειεεἐχ-Ριιίιοιιε
3097 5609 3192 5662 lib.
3212 5622 3272 5682 _x,
3313 5601 3589 5682 pag._330,

333 5669 607 5741 περιθίιεῃ
631 5667 835 5745 αὐτοὺς
863 5669 940 5745 ᾡς
980 5669 1187 5741 κόσμον
1235 5664 1473 5744 νύμφης,
1505 5664 1665 5745 quam
1712 5664 1905 5734 lectio-

2015 5693 2145 5808 :om.
2175 5683 2252 5764 Il,
2301 5697 2446 5737 nova:
2467 5673 2705 5738 'Collect.
2740 5674 2855 5736 PP.
2899 5679 3130 5734 Gra’cor.
3161 5673 3325 5734 edita:
3351 5691 3380 5729 a
3413 5673 3588 5729 Mont-

2039 5769 2286 5808 auconto.

2039 5769 2286 5810 aIICOIIIO.
