3810 6290
373 235 474 338 isi

1493 283 1818 342 PIIILONIS
1857 283 2162 343 EPISCOPI
2198 282 2519 341 CARPASII

3527 281 3661 339 152

373 437 502 478 casu
531 422 707 478 securi
734 430 976 490 manent,
1007 423 1338 479 sustinentes
1373 431 1654 479 ventorum
1687 422 1926 492 impetus

2043 418 2151 473 τῶν
2177 419 2400 474 δικαίων
2435 418 2566 490 ὕψη,
2621 417 2858 472 ἄπτωτοι
2903 416 3179 488 μένουσιν,
3213 415 3428 488 ἀνέμων
3453 415 3652 488 ἔμϐο-

381 513 480 569 hoc
508 524 616 578 est,
647 515 990 581 tentationes,
1023 525 1077 570 et
1105 515 1173 570 ab
1202 516 1292 570 illo
1319 516 1409 587 qui
1444 530 1539 570 eos
1565 521 1731 580 tenet,
1767 512 1938 606 invul-

374 606 549 676 nerati
577 617 882 662 servantur.
916 608 1066 664 Unde
1101 608 1246 664 clare
1275 609 1491 664 subdit:

446 786 669 844 CCVIII.
715 787 950 843 Et‘erunt
979 787 1136 841 ubera
1175 799 1268 841 tua
1297 797 1351 840 ut
1379 787 1513 841 botri
1543 787 1720 841 vinem.

445 966 906 1034 Quemadmodum
959 965 1103 1022 enim
1151 965 1291 1020 botri
1337 964 1615 1018 vinearum
1669 965 1840 1034 pressi
1885 972 1940 1020 et

371 1058 575 1113 calcati
627 1057 990 1112 laztilicantem
1041 1057 1149 1110 vini
1207 1053 1417 1110 laticem
1473 1054 1792 1119 eﬂ‘nndunt;
1858 1056 1938 1108 sie

367 1147 498 1216 juin
535 1146 587 1200 in
619 1145 972 1200 tentationum
1001 1144 1262 1214 angustiis
1285 1154 1338 1198 et
1367 1143 1742 1198 afIIictionibus
1771 1146 1939 1199 instar

368 1239 646 1294 botrorum
683 1238 879 1308 pressi,
913 1252 1009 1307 per
1041 1237 1208 1304 ipsam
1243 1237 1324 1290 sui
1361 1235 1640 1290 victoriam
1687 1235 1937 1290 Ecclesia:

368 1326 701 1396 spiritnaletn
736 1327 951 1395 pariunt
985 1325 1246 1380 laetitiam.

435 1498 613 1556 CCIX.
659 1499 804 1555 Odor
835 1501 1044 1554 narium
1072 1510 1280 1553 tuarum
1306 1498 1437 1552 sicut
1468 1498 1633 1552 mala.

431 1675 659 1734 Odorem
711 1678 832 1733 fidei
884 1686 1012 1748 puto
1057 1678 1256 1742 dicere,
1301 1677 1455 1747 juxta
1497 1677 1802 1747 Apostolum
1847 1679 1937 1748 qui

2038 511 2119 565 λοι
2159 512 2271 580 (57)
2295 511 2570 583 φέροντες.
2592 510 2832 563 τουτέστι
2856 511 2980 573 τοὺς
3010 510 3368 580 πειρασμοὺς,
3399 510 3499 564 καὶ
3526 510 3648 563 ὑπὸ

2035 597 2132 653 τοῦ
2192 600 2516 673 κρατοῦντος
2554 599 2848 670 ἄθραυστοι
2912 598 3278 670 διαμένοντες.
3313 598 3481 652 Ὅθεν
3535 599 3643 652 καὶ

2041 684 2227 754 σαφῶς
2258 684 2453 752 ἐπάγει
2475 700 2490 714 ·

2113 777 2235 829 ΣΗ’.
2262 775 2369 830 Καὶ
2421 775 2662 829 ἔσονται
2713 774 2942 844 μαστοί
2985 791 3102 830 σου
3127 774 3239 844 (58)
3267 774 3637 842 ὠςβότρυες

2038 866 2150 936 τῆς
2171 867 2464 936 ἀμπέλου.

2109 957 2377 1028 Καθάπερ
2409 955 2516 1029 γάρ
2568 957 2617 1009 οἱ
2654 956 2878 1028 βότρυες
2923 957 3031 1011 τῶν
3060 957 3340 1029 ἀμπέλων,
3395 957 3634 1010 ὑποπιε-

2039 1045 2254 1118 ζόμενοι
2293 1049 2386 1100 καὶ
2437 1046 2831 1117 ἐκθλιϐόμενοι,
2889 1047 2950 1101 τὸ
2990 1049 3385 1121 εὐφραντὴριον
3427 1049 3632 1101 ὲκϐλυ-

2041 1138 2290 1191 στάνουσι
2313 1139 2406 1190 τοῦ
2441 1137 2584 1190 οἴνου
2609 1140 2754 1208 νᾶμα
2780 1154 2796 1169 ο
2828 1137 2970 1192 οὕτω
3003 1139 3095 1192 καὶ
3119 1141 3169 1192 οἱ
3197 1139 3392 1193 δίκαιοι
3421 1141 3478 1192 ἐν
3499 1142 3628 1203 ταῖς

2037 1229 2145 1282 τῶν
2173 1229 2495 1299 πειρασμῶν
2529 1231 2776 1299 συνοχαῖς
2808 1247 2868 1282 τε
2929 1230 3024 1283 καὶ
3057 1229 3332 1300 θλιμμοῖς,
3377 1231 3628 1301 βοτρύων

2039 1322 2194 1393 δίκην
2220 1319 2621 1392 ὲκπιεξόμενοι,
2686 1320 2753 1372 δι’
2776 1322 2944 1393 αὐτῆς
2993 1322 3173 1374 αὐτῶν
3203 1323 3358 1393 νίκης
3384 1323 3484 1394 τὴν
3531 1323 3628 1376 εὑ-

2040 1411 2316 1483 φροσύνην
2346 1415 2410 1483 τῇ
2448 1411 2744 1482 Ἐκκλησία
2773 1411 3049 1476 ποιοῦντες
3079 1413 3276 1482 εὐωχεῖ
3303 1412 3436 1481 (59).

2111 1505 2225 1558 ΣΘ¹.
2280 1505 2456 1561 Ἀλλὰ
2487 1502 2599 1574 (60)
2646 1503 2744 1558 καὶ
2780 1503 2940 1574 ὀσμὴ
2987 1502 3178 1573 ῥινῶν
3217 1519 3333 1558 σου
3374 1504 3454 1569 ὡς
3500 1502 3625 1574 μῆ-

2039 1600 2325 1756 λαξοσμὴν
2362 1686 2459 1756 τῆς
2487 1684 2722 1749 πίστεως
2776 1679 2931 1755 οἶμαι
2977 1683 3178 1753 λέγειν,
3233 1682 3375 1737 κατὰ
3407 1685 3498 1737 τὸν
3530 1683 3622 1738 λεο

365 1769 538 1824 dicit:
580 1787 598 1820 ι
626 1769 825 1824 Christi
874 1770 1046 1824 bonus
1089 1770 1223 1824 odor
1265 1784 1451 1825 sumus
1485 1769 1536 1822 in
1569 1768 1636 1823 iis
1673 1769 1764 1839 qui
1804 1769 1926 1824 salvi

2044 1797 2208 1850 γοντα
2251 1779 2570 1834 Ἀπόστολον
2589 1797 2602 1810 ⁸
2642 1798 2660 1831 ι
2683 1777 2918 1850 Χριστοῦ
2960 1777 3155 1832 εύωδία
3181 1778 3347 1847 ἐσμὲν
3385 1781 3496 1841 τοῖς
3519 1795 3622 1830 σω-

367 1859 523 1925 fiunt,
584 1869 639 1912 et
687 1859 740 1912 in
793 1859 858 1913 iis
907 1859 996 1928 qui
1047 1867 1314 1929 pereunt;
1372 1859 1491 1914 aliis
1538 1860 1754 1930 quidem
1802 1861 1938 1914 odor

366 1950 558 2004 mortis
613 1950 667 2004 in
720 1960 968 2015 mortem,
1027 1951 1147 2004 aliis
1199 1958 1378 2005 autem
1431 1949 1564 2006 odor
1599 1951 1723 2005 vita:
1768 1950 1820 2005 in
1861 1950 1938 2005 vi-

369 2047 477 2091 tam
511 2038 618 2093 “.i
657 2039 972 2110 Propterea,
1013 2059 1032 2092 ι
1058 2040 1121 2094 Et
1153 2041 1286 2094 odor
1315 2041 1523 2094 narium
1558 2050 1766 2095 tuarum
1798 2041 1938 2095 sicut

365 2130 536 2187 mala.
567 2149 587 2184 ι
629 2129 898 2187 Interdum
931 2131 1073 2185 enim
1105 2131 1418 2201 Apostolum
1461 2147 1646 2187 nasum
1681 2131 1932 2202 appellat,

370 2219 662 2289 aliquando
711 2236 896 2276 narem
941 2222 1238 2277 Ecclesiae:
1273 2233 1448 2277 tamen
1506 2222 1559 2277 in
1607 2223 1801 2292 duplici
1839 2238 1936 2293 ap-

360 2309 650 2379 pellatione
687 2322 974 2381 utrumque
1018 2313 1189 2366 forma
1230 2322 1314 2368 est
1367 2330 1491 2378 una,
1535 2328 1629 2384 per
1655 2315 1762 2370 duo
1795 2315 1936 2368 fora-

365 2404 508 2458 mina
550 2405 910 2460 viviﬁcantem
946 2405 1118 2459 sancti
1156 2403 1390 2476 Spiritus
1420 2405 1580 2457 vitam
1614 2403 1932 2459 immittens.

359 2495 451 2548 Ait
499 2510 628 2550 vero
677 2513 694 2550 :
771 2496 956 2551 «sicut
1014 2496 1175 2551 mala.
1203 2514 1222 2546 ι
1281 2493 1418 2549 Mala
1463 2496 1608 2548 enim
1649 2495 1700 2549 in
1745 2495 1933 2564 seipsis

358 2588 466 2641 duo
495 2588 717 2653 habent,
773 2589 951 2643 cibum
985 2596 1040 2643 et
1081 2597 1302 2658 potum;
1338 2587 1410 2641 ita
1445 2587 1616 2641 bonus
1642 2586 1765 2642 fidei
1800 2590 1934 2640 odor

362 2679 650 2750 mysticum
684 2681 845 2735 habet
867 2681 1044 2734 cibum
1071 2687 1124 2733 et
1151 2688 1333 2749 potum
1363 2679 1606 2749 corporis
1631 2687 1686 2735 et
1711 2678 1932 2750 sangui-

361 2769 448 2824 nis
474 2768 698 2824 Christi.

427 2941 581 2999 CCX.
623 2943 786 3000 Vsus.
823 2944 874 2999 9.
924 2947 991 2998 Et
1039 2943 1217 3014 fauces
1255 2954 1362 2999 tace
1412 2955 1468 2999 ut
1511 2947 1704 3000 bonum
1755 2945 1929 3000 vinum

359 3035 548 3088 vadens
589 3034 832 3103 fratrueli
873 3052 984 3090 meo
1019 3037 1073 3089 in
1102 3035 1460 3100 directionem,
1489 3038 1747 3106 sufﬁciens
1773 3038 1927 3093 labiis

358 3127 484 3180 meis
518 3136 565 3180 et
593 3126 854 3180 dentibus.

429 3215 632 3270 Itevera
683 3216 861 3272 fauces
919 3217 1129 3273 Domini
1193 3229 1320 3276 sunt
1369 3232 1426 3278 ut
1472 3223 1672 3278 bonttm
1718 3222 1922 3277 vinum.

357 3305 563 3362 Fauces
579 3309 721 3362 enim
742 3308 953 3365 Domini
982 3311 1164 3367 fauces
1193 3321 1318 3368 sunt
1347 3313 1600 3370 Ecclesiae
1625 3335 1637 3370 :
1667 3333 1686 3368 ι
1717 3315 1863 3369 Mens
1900 3335 1919 3367 ι

357 3399 523 3462 enim,
562 3399 638 3453 ait
673 3398 974 3470 Scriptura,
1027 3420 1045 3453 ι
1081 3404 1243 3459 verba
1277 3405 1536 3461 discernit
1570 3407 1650 3473 “;
1684 3427 1703 3458 ι
1739 3407 1927 3462 fauces

355 3499 532 3544 autem
567 3490 715 3546 cibos
749 3500 990 3562 gustant.
1045 3492 1152 3549 Hos
1201 3497 1364 3566 igitur
1409 3499 1716 3568 Spirituales
1775 3501 1926 3556 cibos

355 3579 598 3649 corporis
646 3590 701 3635 et
731 3584 1012 3652 sanguinis
1056 3585 1258 3647 Christi
1307 3587 1596 3657 degustans
1647 3588 1923 3658 Ecclesia,

358 3669 537 3725 fauces
577 3671 738 3726 habet
811 3691 829 3723 ι
881 3683 947 3732 .ut
997 3674 1197 3730 bonum
1247 3677 1451 3731 vinum.
1488 3697 1507 3730 ι
1561 3677 1694 3732 Nam
1742 3681 1922 3736 vinum

355 3776 476 3815 cum
513 3761 738 3828 bibitur,
772 3753 982 3820 dolores
1007 3765 1182 3831 sedat,
1214 3778 1268 3820 et
1311 3782 1406 3822 cor
1450 3769 1502 3823 in
1535 3769 1774 3824 laetitiam
1800 3787 1924 3826 ver-

354 3852 454 3914 tit;
511 3851 581 3904 ita
613 3851 714 3907 hoc
743 3854 866 3908 vita:
895 3839 1178 3925 poculum,
1229 3858 1411 3912 datum
1447 3859 1502 3912 in
1549 3861 1922 3917 remissionem

354 3949 722 4009 peccatorum,
755 3953 1001 3998 nostrum
1029 3959 1096 3999 ex
1130 3946 1195 4000 iis
1220 3946 1459 4002 dolorem
1507 3950 1676 4013 sedat,
1713 3951 1924 4007 dicente

355 4030 572 4088 Christo
601 4051 613 4086 :
645 4051 665 4086 ι
693 4035 955 4104 Accipite,
987 4037 1152 4094 bibite
1183 4057 1196 4094 :
1238 4040 1328 4094 hic
1369 4051 1450 4095 est
1471 4044 1690 4112 sanguis
1733 4059 1919 4112 meus,

355 4124 447 4194 qui
481 4141 577 4194 pro
620 4127 773 4182 vobis
822 4127 1126 4184 effundetur
1155 4133 1206 4184 in
1253 4132 1623 4188 remissionem
1673 4146 1924 4204 peccato-

355 4231 473 4270 rum
503 4217 568 4274 δτ.
604 4237 624 4271 ι
677 4218 993 4276 Mirabiliter
1027 4237 1154 4277 vero
1195 4223 1353 4277 dicit:
1394 4242 1412 4276 ι
1452 4226 1654 4283 vadens
1688 4227 1743 4282 in
1777 4228 1922 4285 dire-

355 4309 531 4364 ctione
555 4309 796 4366 fratrueli
821 4328 960 4368 meo.
1000 4333 1018 4366 ι
1052 4313 1236 4370 Rectis
1266 4317 1411 4370 enim
1446 4328 1602 4387 potus
1651 4320 1737 4375 hic
1764 4322 1924 4376 datur

353 4397 502 4466 juxta
527 4401 860 4470 Apostolum,
884 4405 973 4472 qui
1009 4404 1086 4457 ait
1115 4421 1128 4458 :
1167 4421 1186 4454 ι
1215 4403 1411 4459 Probet
1447 4415 1625 4460 autem
1687 4407 1918 4476 seipsum

355 4487 542 4554 homo;
577 4499 631 4544 et
655 4491 732 4546 sic
758 4491 824 4546 de
849 4506 988 4560 pane
1017 4493 1107 4548 illo
1129 4494 1274 4560 edat,
1306 4505 1359 4549 et
1377 4494 1443 4549 de
1456 4496 1623 4551 calice
1646 4498 1911 4555 hibat‘h

1953 3111 1996 3170 C

356 4580 403 4633 is
431 4580 680 4636 nimirum
711 4582 801 4653 qui
831 4584 1084 4654 prmditus
1117 4595 1198 4640 est
1221 4587 1568 4650 rectitudine,
1607 4605 1726 4658 ιιιιειλ
1758 4589 1807 4644 ἰιι
1833 4607 1917 4647 sa-

353 4669 460 4726 cris
487 4673 756 4742 mysteriis
778 4674 1049 4731 convenit.
1080 4674 1421 4730 Manifestum:
1456 4688 1540 4733 est
1572 4681 1733 4734 etiam
1769 4684 1912 4752 quod

2047 1871 2316 1942 ζομένοις,
2347 1871 2441 1926 καὶ
2468 1872 2526 1926 ὲν
2571 1873 2685 1936 τοῖς
2719 1870 3141 1943 ἀπολλυμένοις⁸
3202 1866 3282 1934 οἷς
3317 1870 3413 1941 μὲν
3469 1869 3618 1941 ὀσμὴ

2039 1964 2108 2016 ἐκ
2131 1963 2244 2033 (61)
2276 1962 2505 2016 θανάτου
2537 1964 2617 2027 είς
2653 1963 2902 2017 θάνατον·
2927 1957 3009 2027 οἷς
3031 1962 3086 2016 δὲ
3101 1962 3243 2034 ὀσμὴ
3261 1962 3448 2031 ὲκ(62)
3467 1962 3618 2033 ζωῆς

2037 2054 2118 2118 εἰς
2144 2053 2212 2119 Cu.
2231 2055 2310 2125 ῆν.
2343 2073 2361 2106 ι
2418 2054 2516 2109 Διὰ
2537 2055 2712 2119 τοῦτο,
2749 2074 2766 2106 ι
2790 2054 2893 2110 Καὶ
2921 2054 3063 2126 ὀσμὴ
3091 2055 3251 2126 ῥινῶν
3275 2071 3366 2107 σου
3400 2054 3475 2118 ὡς
3503 2054 3615 2124 μῆ-

2035 2143 2124 2198 λα.
2152 2163 2170 2195 ι
2222 2143 2344 2198 Ἐάν
2377 2162 2436 2197 τε
2495 2144 2602 2216 γὰρ
2653 2145 2908 2216 μυκτῆρα
2954 2146 3043 2199 τὸν
3083 2147 3398 2200 Ἀπόστολον
3441 2147 3612 2216 λέγει,

2037 2236 2132 2290 ὲάν
2165 2253 2224 2289 τε
2257 2238 2380 2308 ῥῖνα
2407 2237 2507 2308 τῆς
2557 2237 2882 2308 Ἐκκλησίας
2904 2256 2917 2270 ·
2950 2239 3098 2310 ὅμως
3142 2239 3376 2312 ἑκάτερα
3404 2242 3460 2294 ὲν
3493 2240 3614 2294 δυσὶ

2035 2418 2348 2491 ζωοδοτῆρα
2406 2420 2498 2474 τοῦ
2551 2421 2704 2489 άγίου
2739 2421 3090 2493 Πνεῦματος,
3151 2425 3248 2477 καὶ
3293 2425 3612 2497 εἰσπέμπων

2035 2509 2180 2580 ζωήν
2212 2510 2345 2580 (65),
2393 2531 2411 2562 ι
2435 2512 2522 2574 Ὡς
2548 2511 2693 2583 μῆλα
2727 2531 2746 2564 ι
2807 2514 2864 2567 δὲ
2893 2514 3030 2585 αὐτὴ
3083 2515 3352 2571 λέλεκται.
3393 2517 3472 2570 Τὰ
3502 2517 3612 2588 γάρ

2037 2597 2184 2670 μῆλα
2212 2599 2270 2652 ὲν
2330 2601 2540 2664 ἑαυτοῖς
2597 2601 2690 2655 δύο
2715 2603 3030 2674 κέκτηνται,
3073 2605 3273 2677 βρῶσιν
3294 2609 3386 2662 καὶ
3415 2611 3570 2662 πόσιν
3592 2627 3605 2639 '

2033 2689 2108 2753 ὡς
2154 2691 2249 2744 καὶ
2291 2692 2324 2761 ἡ
2353 2691 2450 2762 τῆς
2479 2691 2713 2756 πίστεως
2747 2695 2945 2750 εὐωδία
2981 2697 3078 2767 τὴν
3115 2700 3378 2770 μυστικὴν
3412 2701 3610 2771 βρῶσίν

2031 2798 2093 2834 τε
2123 2782 2216 2836 καὶ
2262 2783 2418 2836 πόσιν
2449 2784 2708 2856 κέκτηται
2732 2784 2826 2838 τοῦ
2865 2785 3113 2859 σώματος
3141 2791 3233 2843 καὶ
3265 2793 3493 2862 αἵματος
3517 2793 3608 2848 τοῦ

2030 2873 2288 2944 Χριστοῦ.

2101 2966 2202 3020 ΣΡ.
2247 2967 2341 3020 Στ.
2395 2966 2458 3019 θ’.
2500 2967 2609 3021 Καὶ
2667 2971 2703 3023 ὁ
2749 2969 2980 3040 λάρυγξ
3013 2987 3128 3025 σου
3161 2974 3240 3040 ὠς
3269 2970 3432 3041 οἶνος
3472 2977 3608 3046 ἀγα-

2031 3055 2135 3122 θὸς
2169 3055 2280 3126 (64)
2313 3058 2712 3126 πορευόμενος
2742 3059 2820 3125 τῷ
2842 3060 3142 3131 ἀδελφιδῷ
3165 3082 3285 3132 μου
3323 3069 3409 3132 εὶς
3429 3068 3607 3122 εὐθύ-

2028 3164 2196 3216 τητα,
2225 3149 2616 3217 ίκανούμενος
2643 3151 2881 3218 χείλεσι
2899 3170 3019 3222 μου
3052 3155 3149 3208 καὶ
3175 3157 3446 3214 ὀδοῦσιν.

2102 3240 2307 3304 Ὄντως
2338 3240 2366 3292 ὁ
2392 3239 2599 3310 λάρυγξ
2631 3241 2723 3295 τοῦ
2755 3244 2962 3316 Κυρίου
2993 3245 3068 3309 ὡς
3107 3243 3245 3311 οἶνος
3279 3227 3502 3315 nam.
3548 3252 3605 3305 Ὀ

2027 3329 2136 3400 γὰρ
2182 3329 2275 3383 τοῦ
2327 3331 2529 3402 Κυρίου
2587 3331 2836 3403 λάρυγξ,
2895 3335 2997 3405 τῆς
3063 3335 3386 3409 Ἐκκλησίας
3437 3340 3600 3394 ἐστίν.

2034 3420 2214 3483 «Νοῦς
2241 3420 2350 3493 (65)
2386 3421 2487 3492 μὲν
2523 3441 2541 3473 ι
2581 3423 2712 3493 γὰρ,
2759 3425 2912 3494 φησι,
2960 3444 2978 3476 ι
3004 3428 3226 3498 ῥήματα
3255 3428 3548 3500 διακρίνειο
3578 3449 3598 3483 ›

2025 3510 2232 3583 λάρυγξ
2260 3513 2317 3566 δὲ
2356 3517 2478 3568 σῖτα
2507 3514 2749 3583 γεύεται.
2792 3515 3008 3571 Τούτων
3037 3515 3129 3572 οὖν
3162 3520 3272 3572 τῶν
3302 3539 3601 3593 πνευματι-

2027 3603 2138 3656 κῶν
2169 3605 2353 3658 σιτίων
2399 3605 2494 3659 τοῦ
2542 3624 2601 3660 τε
2649 3607 2901 3678 σώματος
2949 3611 3043 3664 καὶ
3089 3611 3318 3682 αἵματος
3367 3614 3600 3684 Χριστοῦ

2024 3697 2336 3768 γευσαμένη
2364 3697 2397 3768 ἡ
2437 3695 2757 3771 Ἐκκλησία,
2792 3703 2881 3755 τὸν
2904 3703 3154 3774 λάρυγγα
3183 3704 3293 3774 ἔχει
3322 3725 3340 3756 ι
3363 3705 3438 3769 ὡς
3464 3703 3601 3760 οἶνον

2025 3787 2242 3854 ἀγαθόν.
2269 3806 2286 3839 ι
2326 3785 2480 3851 Οἶνος
2507 3790 2616 3862 γὰρ
2647 3793 2932 3862 πινόμενος
2959 3795 3120 3849 παύει
3151 3796 3347 3860 λύπας.
3383 3798 3474 3851 καὶ
3503 3816 3599 3869 με-

2022 3876 2276 3929 ταὸάλλει
2306 3877 2404 3948 τὴν
2439 3881 2669 3951 καρδίαν
2711 3883 2790 3945 είς
2821 3883 3014 3954 χαράν.
3057 3885 3144 3949 Ὠς
3179 3887 3271 3939 καὶ
3304 3889 3364 3939 τὸ
3403 3887 3599 3940 παυσί-

2023 3965 2190 4021 λυπον
2218 3969 2372 4022 τοῦτο
2401 3971 2502 4034 τῆς
2525 3969 2671 4044 ζωῆς
2708 3975 2878 4045 ὄνομα
2906 3977 3017 4046 (66)
3059 3979 3139 4042 είς
3170 3977 3364 4046 ἄφεσιν
3390 3979 3600 4051 διδόμε-

2022 4075 2111 4110 νον
2164 4060 2596 4131 ἁμαρτημάτων,
2674 4066 2836 4118 παύει
2879 4067 3037 4137 ἠμῶν
3073 4068 3170 4139 τὴν
3219 4070 3347 4141 περὶ
3397 4070 3599 4124 τούτων

2022 4146 2313 4216 ἀχθηδόνα,
2343 4149 2580 4219 Χριστοῦ
2604 4151 2853 4220 λέγοντος
2873 4172 2885 4184 ·
2927 4174 2944 4206 ι
2970 4157 3197 4219 Λάϐετε,
3233 4159 3380 4211 πίετε
3402 4176 3416 4190 ο
3443 4158 3599 4214 τοῦτό

2023 4238 2142 4290 ὲστι
2191 4238 2250 4291 τὸ
2295 4234 2438 4311 αἷμά
2483 4259 2608 4312 μου,
2641 4243 2703 4297 τὸ
2750 4245 2891 4316 ὑπὲρ
2933 4247 3088 4316 ὑμῶν
3131 4250 3491 4320 ὲκχυνόμενον
3520 4253 3598 4314 είς

2023 4327 2214 4398 ἄφεσιν
2247 4331 2588 4401 ἁμαρτιῶν.»
2623 4335 2950 4406 Θαυμασίως
3000 4337 3056 4390 δὲ
3104 4338 3275 4408 λέγει’
3315 4361 3332 4391 ι
3370 4343 3596 4414 πορευό-

2026 4435 2182 4488 μενος
2205 4421 2261 4473 ὲν
2283 4421 2536 4493 εὐθύτητι
2558 4424 2635 4494 τῷ
2655 4426 2919 4497 ἀδελφιδῷ
2939 4446 3058 4498 μου.
3075 4448 3092 4478 ι
3111 4429 3304 4483 Εὐθέσι
3321 4432 3425 4504 γὰρ
3445 4432 3596 4486 τοῦτο

2025 4507 2233 4561 δέδοται
2276 4511 2336 4562 τὸ
2386 4511 2558 4581 πόμα,
2607 4515 2748 4569 κατὰ
2796 4515 2888 4569 τὸν
2937 4517 3164 4586 λέγοντα
3237 4520 3550 4573 Ἀπόστολον
3579 4539 3590 4550 ·

2029 4617 2047 4648 ι
2069 4599 2417 4669 Δοκιμαξέτω
2442 4601 2496 4654 δὲ
2528 4604 2689 4657 αὐτὸν
2723 4605 3027 4678 ἄνθρωπος,
3073 4610 3168 4662 καὶ
3201 4610 3373 4673 οὕτως
3405 4612 3466 4663 ὲκ
3501 4610 3592 4663 τοῦ

2020 4689 2184 4760 ἄρτου
2213 4691 2460 4758 ἐσθιέτω,
2486 4696 2580 4748 καὶ
2612 4697 2674 4749 ὲκ
2700 4697 2793 4751 τοῦ
2821 4701 3079 4771 ποτηρίου
3108 4701 3279 4756 πιέτω
3297 4720 3310 4734 ο
3334 4722 3352 4753 ι
3398 4701 3592 4773 δηλαδὴ

419 4782 466 4817 ⁸⁸
506 4784 544 4838 ΙΙ
569 4784 696 4841 Cor.
728 4802 790 4852 ιι,
817 4787 902 4842 16.
975 4789 1021 4820 ⁸⁸
1055 4788 1152 4844 Job
1177 4805 1270 4856 sn,
1306 4791 1395 4844 11.
1467 4793 1510 4823 ⁵⁷
1547 4792 1732 4848 Matth.
1759 4811 1904 4861 xxw,

2038 4801 2122 4857 28.
2197 4803 2241 4835 ⁵⁸
2269 4803 2287 4857 I
2319 4803 2554 4875 Corum,
2589 4807 2678 4863 98.

298 4899 322 4926 ⁶
573 4918 972 5002 ξωοιιάτιιιςίιιφ
1005 4940 1068 4979 ex
1106 4923 1294 5002 Mittin.
1319 4929 1720 5002 cod._ép60).f)v.

423 4962 535 5129 (Ei?
573 4962 1611 5068 ῐὶὶὶῖἔῗὲζίῆῗ’ἐὲςξῖτοῖὶ’ἕῆἶιξζζὸῖἕᾼῒζ

423 5057 512 5128 (59
562 5059 668 5129 ,δίε
718 5063 879 5117 habet
913 5077 1138 5129 uterque
1179 5068 1347 5122 codex
1373 5109 1386 5129 .
1430 5070 1588 5123 Barb.

423 5057 668 5140 (59)_.Sic
718 5063 879 5117 habet
913 5077 1138 5140 uterque
1179 5057 1347 5122 codex
1373 5109 1386 5130 .
1430 5070 1588 5123 Barb.
1615 5083 1668 5124 et
1703 5071 1919 5140 Malim,

351 5135 463 5208 tum
503 5128 662 5208 etiam
716 5128 1096 5208 meus‘._Locu's
1124 5147 1227 5208 est
1276 5128 1581 5208 corruptus.
1619 5128 1916 5208 Sniulnttts,

351 5206 405 5252 et
440 5207 546 5285 vel.
589 5200 782 5271 interp.
830 5204 1081 5260 videntur
1123 5205 1320 5276 legisse
1359 5200 1637 5263 ποιοῦνται
1676 5200 1918 5285 πνευμαί

409 5266 540 5340 κήν-ο
573 5282 708 5340 quos
731 5266 953 5340 sequor.

423 5334 534 5417 (60)
578 5337 694 5392 Vat.
721 5334 851 5419 edit.
889 5357 994 5419 non
1043 5345 1203 5419 habet
1244 5345 1412 5413 ἀλλά,
1453 5364 1624 5419 neque
1655 5351 1912 5408 exhibent

365 5403 449 5490 alii
479 5403 590 5490 sive
618 5423 753 5490 mss.
779 5411 894 5468 sive
923 5415 1204 5481 impressi;
1242 5431 1337 5471 nec
1375 5403 1910 5490 eamvoceinnaéno;

358 5485 593 5548 sentvel.
618 5485 843 5548 interpr.

422 5546 534 5622 (δε)
585 5547 680 5622 Ἐκ
714 5546 868 5622 abest
899 5568 965 5607 an
997 5554 1292 5622 Impressis.

422 5615 534 5692 (θῇ)
578 5617 677 5692 Fx
712 5620 891 5692 itidem
925 5639 1028 5677 non
1063 5615 1284 5692 apparet
1313 5625 1364 5676 in
1396 5625 1696 5692 impressis.

421 5686 534 5758 (63)
574 5687 717 5761 Lego
757 5686 1110 5767 ζοωδότειραν
1134 5686 1228 5747 τοῦ
1259 5695 1412 5763 ἁγίου
1447 5686 1758 5768 Πνεύματος
1794 5704 1909 5756 είς-

2026 4939 2242 5012 πέμπον
2273 4939 2441 5012 ζωήν.

2021 5009 2430 5134 6d(f:6)6C0i1-bc
2457 5014 2705 5085 ἀγαθός,
2734 5021 2813 5076 sic
2847 5022 2965 5078 cod.
2998 5023 3149 5078 Alex.
3179 5023 3282 5078 Sed
3314 5028 3429 5081 Vat.
3454 5025 3589 5096 οἶνος

2105 5097 2269 5148 γαυος

2063 5151 2210 5230 ,(65)
2254 5152 2347 5230 Sic
2381 5156 2500 5230 cod:
2522 5157 2944 5230 Alexandrinus,
2989 5162 3139 5229 cujus
3172 5164 3452 5220 lectionem
3495 5185 3592 5222 3:9.-

2025 5223 2144 5293 pius
2193 5223 2438 5293 sequitur
2478 5226 2651 5286 Philo.
2700 5240 2755 5283 ut
2790 5223 3384 5290 alibi'obs'crvavimus.
3422 5237 3586 5293 Biblia

2025 5291 2566 5373 typis‘editahhabent
2594 5294 2710 5362 οὖς.
2738 5300 2807 5373 Et
2849 5302 2914 5373 Ι).
2939 5301 3375 5373 Cbrysos’tomus,
3409 5320 3466 5361 ut
3494 5291 3586 5363 ob;

2018 5369 2196 5437 servat
2227 5360 2296 5437 .L.
2332 5361 2436 5437 Bos
2461 5366 2511 5437 in
2558 5360 2817 5437 sua—edit.
2849 5371 2958 5424 τῶν
3005 5360 3105 5437 07.,
3149 5374 3224 5427 ait
3263 5393 3276 5428 :
3321 5360 3458 5430 Τὶνάί
3485 5360 3589 5432 τῶν

2018 5429 2381 5513 αντιγράφων.
2397 5435 2516 5488 ἀντὶ
2557 5434 3032 5513 τοῦ-οὖςηνοῦςν
3055 5429 3256 5513 ἕξουσι.
3287 5429 3584 5502 ιυονιιιιιίῦ.

2016 5499 2381 5572 Clti'ysgstonii
2427 5521 2531 5557 non
2590 5499 2961 5566 indicat-(Bos.
2997 5499 3262 5568 vlnv‘enias
3310 5499 3584 5572 iiut-alenti—

2017 5565 2142 5643 ηρ.
2163 5569 2472 5643 ﬁrmarunt
2507 5576 2556 5626 in
2594 5575 2692 5631 Job
2723 5580 2868 5636 edita
2897 5565 2933 5637 ει
2949 5565 3418 5642 ίΡειιιίοίοηιίιιιιὶον

2018 5637 2135 5710 dini
2157 5639 2310 5710 I637,
2345 5658 2464 5710 pag.
2493 5643 2610 5699 152.

2087 5708 2199 5779 (66)
2240 5708 2380 5782 Legi:
2418 5708 2599 5784 πῶμα.
