3810 6302
366 307 473 367 135

1463 303 1790 362 PIIILONIS
1826 299 2134 358 EPISCOPI
2175 296 2496 356 CARPASII

3503 298 3625 355 156

365 426 511 483 intra
542 435 600 479 se
621 421 882 489 continet,
911 430 966 478 et
991 425 1236 478 vestibus
1267 435 1657 492 praeceptorum
1687 435 1924 476 circum-

2062 417 2136 471 ῶν
2165 416 2394 470 ἐντολῶν
2441 415 2899 490 περιεσφιγμένη,
2927 414 3006 487 τῷ
3032 415 3222 487 αἵματι
3250 415 3343 470 τοῦ
3367 417 3622 486 Χριστοῦ

367 523 533 578 tecta,
559 529 618 569 se
645 521 822 568 tuetur
847 513 1111 583 sanguine
1130 512 1354 567 Christi.
1391 511 1679 582 Propterea
1706 510 1928 566 subdit:

435 603 661 660 CCXVI.
694 602 781 657 Ibi
806 601 941 656 dabo
977 602 1136 655 ubera
1174 617 1289 656 mea
1320 601 1434 655 tibi.

436 696 659 752 Talibus
685 696 826 750 enim
852 695 926 766 (id
953 703 1058 757 est,
1091 707 1261 762 nuper
1293 692 1605 764 baptizatis)
1637 689 1928 764 mysterio-

367 803 486 842 rum
532 785 872 855 profunditas
912 800 978 838 εκ
1014 784 1388 854 spiritualibus
1437 785 1711 848 uberibus,
1739 785 1790 837 id
1822 792 1927 846 est,

363 893 434 934 ex
463 879 671 932 duobus
705 875 1066 931 Testamentis
1103 875 1392 930 revelatur.

435 962 681 1019 CCXVII.
733 962 889 1017 Vens.
941 963 1024 1018 13.
1070 961 1442 1035 Mandragora:
1494 965 1747 1018 deaerunt
1797 963 1931 1016 odo-

366 1071 492 1110 rem.

441 1165 463 1198 ι
494 1146 972 1216 Mandragorarum
996 1162 1203 1202 merces
1229 1146 1402 1204 factus
1421 1158 1506 1204 est
1542 1148 1789 1204 Issachar
1811 1147 1878 1202 ⁸⁸.
1906 1165 1926 1199 ι

364 1265 436 1277 --
470 1256 488 1288 ι
517 1237 762 1291 lssachar
807 1257 826 1290 ι
859 1252 1008 1302 vero,
1049 1237 1126 1292 ait
1164 1235 1466 1308 Scriptura,
1507 1258 1526 1292 ι
1559 1239 1757 1294 bonum
1797 1253 1932 1293 con-

365 1328 652 1398 cupivit“,
685 1347 703 1380 ι
738 1338 796 1386 ut
822 1329 1081 1398 scriptum
1108 1339 1194 1385 est
1237 1330 1290 1384 in
1326 1331 1792 1388 benedictionibus
1837 1333 1934 1390 Ja-

367 1419 490 1473 cob.
513 1418 614 1486 Qui
651 1420 814 1489 igitur
837 1421 1035 1475 bonum
1089 1422 1400 1478 desiderant
1437 1421 1691 1479 Ecclesiae
1719 1423 1836 1492 ﬁlii,
1876 1427 1930 1482 hi

367 1511 900 1576 dederunt'odorem,
935 1513 1038 1568 hoc
1070 1523 1154 1568 est
1180 1528 1400 1568 suavem
1429 1512 1550 1567 lidei
1588 1515 1831 1572 odorem.
1868 1517 1934 1572 Et

367 1602 475 1656 alio
533 1602 731 1658 modo:
781 1621 801 1655 ι
863 1603 1231 1674 Mandragora:
1289 1603 1556 1658 dederunt
1616 1605 1861 1661 odorem.
1910 1626 1928 1659 ο

370 1693 848 1764 Mandragorarum
897 1696 1044 1750 enim
1099 1696 1315 1752 radices
1361 1695 1461 1751 sub
1501 1705 1642 1751 terra
1695 1697 1932 1753 humana

2031 509 2377 580 φυλάττεται.
2413 508 2502 560 Διὸ
2530 508 2624 560 καὶ
2651 507 2847 566 ἐπάγει
2866 523 2882 541 ο

2102 601 2260 668 ΣΙΕΤ.
2309 600 2471 655 Ἐκεῖ
2488 598 2660 654 δώσω
2685 601 2826 666 τοὺς
2851 601 3116 670 μαστούς,
3143 619 3261 672 μου
3286 603 3407 657 σοι.

2101 693 2226 756 Τοῖς
2252 692 2359 764 γὰρ
2384 692 2644 757 τοιούτοις
2675 693 2772 747 καὶ
2802 693 2870 747 τὰ
2894 694 3032 765 Βάθη
3062 695 3172 748 τῶν
3200 695 3520 767 μυστηρίων
3551 697 3622 748 ἐκ

2031 781 2139 836 τῶν
2190 782 2570 853 πνευματικῶν
2623 781 2864 852 μαστῶν,
2917 785 3198 837 τουτέστιν
3250 785 3314 837 ἐκ
3361 782 3472 836 τῶν
3518 782 3622 836 δύο

2031 872 2338 943 Διαθηκῶν,
2379 871 2842 927 ἀποκαλύπτεται.

2112 964 2250 1016 ΣιΖσ.
2273 964 2358 1016 Στ.
2385 969 2472 1031 ιγ’.
2500 967 2571 1018 Αἱ
2591 963 2997 1035 μανδραγόραι
3015 964 3373 1036 (74)ἕδωκαν
3389 966 3617 1036 ὀσμήν.

2107 1140 2536 1212 (Μανδραγορῶν
2555 1141 2742 1213 μισθὸς
2755 1141 3045 1213 γεγένηται
3060 1141 3170 1213 (75)
3188 1143 3217 1195 ό
3230 1143 3500 1216 ’ῐσσάχαρ.
3517 1163 3624 1196 »-

2037 1250 2056 1283 ι
2079 1231 2333 1304 Ἰσσάχαρ
2359 1233 2436 1296 δὲ,
2451 1252 2468 1284 ι
2489 1233 2673 1304 φησὶν,
2698 1252 2717 1286 ι
2736 1234 2798 1287 τὸ
2815 1233 2980 1288 καλὸν
2995 1234 3360 1306 ἐπεθύμησεν,
3375 1255 3394 1289 t
3415 1238 3476 1290 ἐν
3498 1237 3618 1307 (76)

2031 1325 2151 1388 ταῖς
2195 1323 2468 1394 εὐλογίαις
2512 1324 2705 1380 Ἰακὼὸ
2735 1324 3063 1396 γέγραπται.
3097 1327 3160 1381 Οἱ
3191 1327 3321 1396 γοῦν
3347 1329 3409 1382 τὸ
3447 1331 3622 1385 καλλι

2033 1414 2470 1487 ἐπιθυμήσαντες
2501 1417 2600 1486 τῆς
2639 1416 2966 1486 Ἐκκλησίας
2995 1418 3124 1480 υἱοὶ,
3153 1411 3300 1473 οὗτοι
3332 1421 3620 1477 ἐπέδωκαν

2033 1508 2228 1580 ὀσμὴν,
2258 1509 2396 1581 ὅπερ
2421 1510 2537 1562 ἐστὶ
2563 1507 2662 1580 τὴν
2692 1509 2791 1578 τῆς
2822 1509 3058 1574 πίστεως
3087 1512 3329 1568 εὐωδίαν.
3353 1515 3464 1568 Καὶ
3492 1517 3620 1570 καθ’

2033 1598 2221 1669 ἕτερον
2256 1598 2488 1670 τρόπον·
2541 1599 2642 1651 (Αἱ
2696 1599 3069 1671 μανδραγόραι
3118 1601 3324 1657 ἔδωκαν
3364 1605 3563 1676 ὀσμήν.
3594 1625 3614 1657 ι

2035 1688 2442 1760 Μανδραγορῶν
2478 1690 2589 1759 γὰρ
2635 1691 2692 1743 αἱ
2731 1690 2878 1761 ῥίζαι
2916 1692 3021 1745 ὑπὸ
3059 1693 3158 1766 τὴν
3197 1695 3302 1764 γῆν
3332 1696 3622 1769 ἀνθρωπό-

369 1785 542 1839 forma
577 1787 832 1855 praedita,
880 1796 1212 1843 mortuorum
1255 1789 1479 1859 ﬁguram
1526 1789 1578 1843 in
1621 1804 1681 1843 se
1713 1790 1932 1846 habent.

2062 1796 2246 1850 ιορφον
2277 1781 2459 1852 έχουσι
2491 1781 2606 1852 (77)
2642 1783 2995 1854 χαρακτῆρα,
3033 1783 3130 1855 τὴν
3163 1787 3271 1840 τῶν
3299 1788 3506 1860 νεκρῶν
3536 1791 3621 1842 εί-

368 1875 560 1930 Mortni
582 1878 724 1930 enim
746 1878 1040 1933 sentientes
1071 1878 1273 1933 Christi
1299 1878 1585 1934 adventum
1611 1881 1678 1934 ad
1708 1878 1936 1947 inferos,

368 1969 782 2024 resurrectionis
819 1971 1038 2026 odorem
1071 1971 1356 2026 dederunt.

439 2146 707 2202 CCXVIII.
743 2148 806 2201 Et
841 2149 891 2201 in
923 2147 1070 2201 ostiis
1101 2149 1292 2202 nostris
1321 2149 1498 2202 omnia
1519 2167 1697 2219 poma.

442 2321 592 2378 Ostia
617 2336 812 2376 annum
836 2333 888 2377 et
919 2322 1140 2378 humani
1189 2322 1522 2380 tabernaculi
1560 2337 1681 2378 esse
1707 2324 1942 2380 arbitror

369 2431 548 2480 aures,
572 2423 625 2470 et
660 2431 777 2477 ora.
803 2424 858 2470 et
879 2416 1096 2483 oculus;
1132 2432 1227 2484 per
1256 2432 1376 2485 qua:
1416 2417 1553 2470 ostia
1591 2425 1647 2470 et
1667 2431 1788 2484 qua:
1813 2425 1941 2470 sunt.

370 2511 516 2572 vitm,
541 2517 594 2562 et
619 2523 737 2577 qua:
786 2508 976 2561 mortis
1026 2508 1418 2576 ingrediuntur,
1455 2517 1514 2560 ut
1547 2505 1814 2576 cujusque
1858 2519 1940 2562 εει

371 2599 587 2654 animus
619 2599 709 2668 qui
749 2613 812 2654 ea
846 2598 1063 2667 excipit.
1101 2615 1118 2647 ι
1149 2595 1206 2651 In
1234 2597 1389 2652 ostiis
1415 2597 1617 2652 nostris
1639 2597 1819 2652 omnia
1847 2613 1942 2668 po-

370 2707 498 2746 ma:
541 2709 559 2743 »
597 2690 650 2744 in
694 2689 868 2745 oculis
927 2690 1126 2743 nostris
1179 2701 1444 2759 praecepta
1493 2689 1561 2745 de
1609 2694 1841 2761 pudore;
1886 2697 1940 2750 In

374 2780 595 2834 auribus
644 2778 947 2832 divinorum
997 2779 1372 2832 mandatorum
1414 2781 1842 2851 praeceptioues:
1887 2783 1940 2837 in

372 2888 467 2926 ore
503 2872 823 2940 hymnorum
869 2868 1309 2938 psalmorumque
1345 2878 1558 2934 cautus,
1597 2881 1653 2926 et
1676 2871 1809 2929 Novi
1842 2876 1943 2930 Ve-

374 2963 609 3033 terisque
647 2960 977 3016 Testamenti
1013 2961 1308 3016 meditatio.
1354 2961 1430 3016 Ea
1486 2978 1612 3018 vero
1650 2981 1770 3036 quae
1803 2968 1944 3022 dixi-

331 3085 344 3092 -
374 3065 515 3116 Inus,
537 3049 660 3119 jure
691 3050 824 3103 ostia
853 3065 1004 3103 sacra
1036 3049 1313 3119 Scriptura
1337 3053 1590 3122 appellat.
1619 3054 1812 3111 Omnia
1846 3074 1942 3112 au-

372 3152 480 3197 tem
513 3142 756 3195 membra
794 3141 954 3196 veluti
985 3141 1122 3197 ostia
1153 3150 1337 3196 nostra
1365 3143 1541 3200 claudi
1572 3157 1785 3214 oportet
1819 3163 1944 3218 pec-

374 3243 531 3299 cato;
585 3233 807 3298 oculus,
853 3233 944 3303 qui
995 3232 1264 3302 palpebris
1322 3250 1352 3288 a
1393 3238 1830 3307 concupiscentia
1885 3255 1944 3295 se

373 3333 613 3391 avertat;
667 3339 750 3388 os,
811 3339 877 3378 ne
915 3325 1044 3394 quid
1093 3323 1344 3394 loquatur
1393 3325 1724 3392 absurdum,
1789 3327 1943 3398 juxta

373 3416 684 3484 Apostolqu
724 3430 740 3470 :
777 3435 795 3467 ι
836 3415 1024 3472 Omnis
1068 3432 1246 3472 sermo
1285 3419 1525 3487 impurus
1571 3435 1638 3476 ne
1690 3423 1946 3490 procedat

376 3524 442 3562 ex
468 3523 565 3564 ore
599 3519 779 3562 vestro
805 3508 874 3565 ".
906 3527 926 3560 ι
988 3508 1281 3577 Propterea
1327 3511 1599 3578 precantis
1644 3511 1694 3564 in
1729 3513 1943 3565 modum

377 3601 569 3655 beatus
619 3601 783 3654 David
846 3616 969 3656 sese
1015 3617 1209 3670 gerens
1241 3602 1362 3656 ait:
1409 3620 1428 3652 ι
1469 3601 1612 3656 Pone
1637 3641 1652 3663 ,
1694 3601 1942 3667 Domine,

377 3694 675 3746 custodiam
722 3693 802 3745 ori
834 3707 973 3756 meo,
1008 3704 1064 3746 et
1107 3693 1305 3748 ostium
1349 3693 1767 3748 circumstantia:
1798 3695 1944 3750 circa

378 3782 519 3839 labia
550 3799 668 3838 mea
697 3783 766 3837 “.
807 3802 826 3836 ι

449 4093 677 4151 CCXIX.
733 4091 882 4148 Nova
917 4101 965 4144 et
1011 4102 1206 4158 vetera,
1230 4090 1496 4162 fratruelis
1527 4108 1692 4158 meus,
1745 4093 1944 4148 servavi

379 4189 496 4245 tibi.
1276 4185 1291 4200 ’

453 4278 656 4332 Novum
705 4285 857 4347 puto
889 4275 1071 4330 dicere
1117 4274 1524 4328 Testamentum
1566 4281 1620 4328 et
1657 4273 1844 4340 Vetus,
1879 4288 1948 4329 ex

384 4371 578 4442 quibus
597 4369 835 4425 Ecclesia
871 4367 1080 4437 accepit
1115 4366 1531 4436 iustiﬁcationes
1563 4376 1617 4418 et
1655 4374 1943 4435 praecepta,

2039 1871 2173 1924 κόνα
2207 1873 2290 1940 ἐφ’
2335 1871 2542 1925 ἑαυτῶν
2590 1872 2822 1943 ἔχονται.
2877 1875 2942 1927 Oi
2991 1874 3102 1946 γὰρ
3147 1878 3330 1949 νεκροὶ
3377 1879 3479 1949 τῆς
3518 1881 3618 1934 τοῦ

2037 1963 2276 2034 Χριστοῦ
2311 1962 2614 2034 παρουσίας
2646 1965 2728 2028 είς
2753 1964 2845 2016 τὸν
2875 1963 3011 2036 ᾅδην
3040 1953 3371 2038 αἰσθόμενοι,
3395 1967 3493 2040 τήν
3517 1969 3619 2042 τῆς

2037 2054 2385 2117 ἀναστάσεως
2413 2051 2710 2107 δεδώκασιν
2738 2053 2855 2124 (78)
2891 2056 3086 2126 ὀσμήν.

2108 2146 2259 2201 ΣΙΗθ.
2290 2147 2397 2199 Kal
2423 2144 2534 2218 (79)
2562 2146 2660 2200 ἐπὶ
2687 2147 2894 2215 θύραις
2925 2146 3094 2216 ἡμῶν
3122 2146 3319 2202 πάντα
3347 2149 3419 2204 τὰ
3443 2151 3620 2220 ἀκρό-

2037 2235 2209 2304 δρυα.

2108 2328 2182 2381 Θύ
2189 2346 2310 2399 ραις
2323 2327 2432 2398 (80)
2446 2324 2598 2400 οἶμαι
2617 2333 2717 2402 τῆς
2735 2331 2913 2402 ψυχῆς
2930 2332 3132 2388 καὶτοῦ
3154 2334 3492 2406 ἀνθρωπείου
3507 2336 3618 2409 (81)

2041 2421 2290 2492 σκήνους,
2326 2422 2394 2474 τὰ
2418 2415 2532 2476 ὦτα
2556 2423 2665 2494 (82)
2690 2425 2782 2476 καὶ
2806 2424 2873 2478 τὰ
2900 2426 3142 2495 στόματα
3165 2428 3402 2492 καὶτοὺς
3421 2429 3620 2499 ὀφθαλ-

2043 2513 2177 2582 μοὺς
2203 2508 2375 2566 εἶναι·
2405 2513 2475 2566 δι’
2502 2507 2576 2567 ὧν
2619 2514 2799 2585 θυρῶν
2831 2518 2902 2569 τά
2949 2535 3006 2571 τε
3036 2519 3135 2589 τῆς
3179 2517 3326 2590 ζωῆς
3354 2521 3616 2586 εἰσίεσαν,

2040 2604 2135 2658 καὶ
2177 2604 2245 2658 τὰ
2282 2604 2378 2658 τοῦ
2432 2605 2682 2672 θανάτου,
2719 2609 2926 2665 ἕκαστα
2953 2610 3096 2665 κατὰ
3133 2611 3230 2684 τὴν
3259 2614 3484 2686 γνώμην
3521 2617 3615 2671 τοῦ

2039 2694 2357 2766 δεξαμένου.
2397 2715 2413 2747 ι
2437 2697 2560 2751 Ἐπὶ
2585 2698 2642 2752 δὲ
2676 2699 2867 2772 θύραις
2895 2701 3051 2773 ἡμῶν
3079 2704 3256 2758 πάντα
3284 2706 3612 2780 ἀκρόδρυαοι

2041 2785 2134 2838 ἐπὶ
2179 2787 2305 2850 τοὺς
2346 2787 2657 2860 ὀφθαλμοὺς
2734 2793 2789 2844 αἱ
2858 2791 2956 2863 τῆς
3005 2793 3334 2866 σεμνότητος
3379 2798 3616 2852 ἐντολαί·

2041 2877 2135 2931 ἐπὶ
2181 2876 2251 2931 τὰ
2297 2871 2412 2932 ὦτα
2466 2881 2523 2932 αἱ
2566 2881 2674 2935 τῶν
2713 2880 2909 2936 θεῖκῶν
2956 2889 3391 2958 προσταγμάτων
3441 2889 3623 2946 διατα-

2041 2971 2133 3042 γαί
2149 2973 2257 3044 (85)
2285 2973 2378 3026 ἐπὶ
2423 2975 2484 3027 τὸ
2519 2975 2691 3046 στόμα
2720 2977 2776 3030 αἱ
2808 2977 3071 3048 ὑμνῳδίαι
3109 2981 3204 3033 καὶ
3261 2983 3317 3034 αί
3385 2981 3617 3054 ψαλμῳ-

2043 3064 2171 3125 δίαι.
2199 3067 2292 3119 καὶ
2313 3065 2413 3135 τῆς
2432 3068 2642 3137 Καινῆς
2667 3069 2939 3140 Διαθήκης
2959 3069 3054 3122 καὶ
3075 3071 3368 3144 Παλαιᾶςή
3399 3074 3614 3146 μελέτη.

2045 3155 2226 3227 Θύρας
2272 3155 2328 3210 δὲ
2371 3154 2441 3209 τὰ
2487 3158 2858 3230 προειρημένα
2905 3159 3140 3227 εὐλόγως
3181 3164 3213 3232 ἡ
3257 3163 3388 3232 ἁγία
3431 3165 3620 3238 Γραφὴ

2045 3247 2302 3318 κέκληκε.
2335 3249 2417 3302 Τὰ
2448 3249 2505 3302 δὲ
2527 3250 2733 3304 ἕκαστα
2752 3251 2784 3321 ή
2795 3250 2931 3321 μῶν,
2955 3250 3134 3322 θυρῶν
3159 3253 3337 3324 δίκην,
3358 3259 3424 3327 τῇ
3453 3257 3623 3329 ἁμαρ-

2042 3340 2135 3411 τίᾳ
2163 3340 2544 3394 ἀποκλείεσθαι
2585 3341 2821 3411 ὀφείλειν
2862 3342 2974 3412 (84)
3007 3342 3078 3396 τὰ
3127 3345 3289 3417 μὲλτγ
3344 3347 3620 3419 ὀφθαλμὸς

2047 3432 2148 3502 μὲν
2177 3433 2289 3495 τοῖς
2323 3431 2612 3503 βλεφάροις
2646 3435 3129 3506 ἀποστρεφόμενος
3157 3437 3266 3488 ἀπὸ
3292 3437 3582 3509 ἐπιθυμίας
3601 3457 3616 3473 ’

2045 3522 2218 3575 καὶτὸ
2247 3523 2421 3593 στόμα
2447 3524 2589 3578 κατὰ
2611 3525 2670 3578 τὸ
2698 3526 2772 3596 μὴ
2804 3525 3138 3595 φθέγγεσθαί
3162 3544 3214 3580 τι
3239 3527 3456 3592 ἄτοπον,
3483 3533 3622 3586 κατὰ

2043 3613 2134 3667 τὸν
2181 3613 2408 3682 λέγοντα
2465 3615 2815 3670 Ἀπόστολον·
2877 3636 2894 3667 ι
2920 3618 3035 3681 Πᾶς
3083 3617 3239 3687 λόγος
3291 3622 3497 3692 σαπρὸς
3546 3624 3621 3694 μὴ

2044 3705 2424 3776 ἐκπορευέσθω
2457 3707 2520 3760 ἐκ
2558 3706 2653 3759 τοῦ
2685 3707 2952 3778 στόματος
2991 3707 3020 3760 ὑ
3030 3708 3166 3778 μῶν.
3195 3728 3212 3760 ›
3243 3710 3334 3763 Διὸ
3364 3712 3456 3764 καὶ
3482 3713 3622 3765 εὑτι-

2043 3797 2156 3861 κῶς
2183 3798 2292 3870 (85)
2333 3798 2632 3870 φερόμενος
2677 3800 2704 3851 ό
2736 3799 3005 3869 μακάριος
3049 3801 3213 3853 Δαόὶδ
3243 3801 3413 3870 λέγει·
3452 3823 3470 3854 ι
3494 3804 3620 3867 Θοῦ,

2044 3888 2240 3960 Κρύριε,
2274 3887 2519 3959 φυλακὴν
2569 3887 2646 3959 τῷ
2697 3887 2926 3958 στόματί
2960 3905 3083 3959 μου,
3115 3891 3209 3943 καὶ
3240 3889 3408 3962 θύραν
3465 3910 3620 3964 περι-

2045 3979 2178 4049 οχῆς
2203 3981 2330 4051 περὶ
2357 3978 2426 4032 τὰ
2463 3978 2614 4050 χείλη
2650 3996 2775 4050 μου.

2115 4093 2258 4146 ΣΙΘ’.
2293 4092 2419 4147 Νέα
2439 4092 2589 4160 πρὸς
2617 4092 2864 4153 παλαιὰ.
2889 4093 3173 4164 ἁδελφιδέ
3194 4113 3334 4166 μου,
3359 4095 3624 4167 ἐτηρησά

2044 4197 2165 4237 σοι.

2115 4275 2226 4346 Τὴν
2263 4275 2407 4329 Νέαν
2439 4271 2594 4347 οῖμαι
2623 4276 2803 4346 λέγειν
2831 4279 3104 4352 Διαθήκην
3131 4281 3240 4354 (86)
3274 4282 3369 4337 καὶ
3393 4283 3491 4355 τὴν
3513 4283 3624 4337 Πα-

2046 4365 2224 4429 λαιὰν,
2255 4366 2313 4432 ὲξ
2349 4362 2419 4438 ἦς
2446 4367 2558 4435 (87)
2589 4367 2656 4420 τὰ
2687 4367 3031 4440 δικαιώματα
3077 4373 3172 4427 καὶ
3221 4375 3621 4445 προστάγματα

382 4479 555 4533 caque
579 4478 774 4533 sponso
805 4478 903 4517 suo
946 4467 1149 4515 servat.
1185 4459 1249 4513 Et
1290 4474 1320 4512 a
1353 4458 1472 4528 lege
1499 4459 1712 4528 quidem
1746 4458 1896 4513 audit
1925 4475 1939 4513 :

2062 4458 2080 4526 ή
2123 4457 2416 4528 Ἐκκλησία
2444 4459 2704 4524 λαϐοῦσα,
2737 4461 2815 4534 τῷ
2846 4462 2960 4534 ίδίῳ
2986 4465 3125 4519 αὐτὰ
3145 4471 3330 4538 τηρεῖν
3355 4467 3465 4538 (88)
3491 4485 3627 4539 νυμ-

389 4575 408 4607 ι
439 4555 552 4610 Νοη
579 4552 938 4609 ntmcltaberis
964 4551 1044 4616 '7;
1085 4569 1104 4602 ι
1140 4564 1168 4602 a
1214 4547 1360 4602 Novo
1385 4547 1797 4618 Evangeliorum
1841 4546 1946 4603 Te-

384 4656 656 4701 stamento
678 4644 821 4698 audit
847 4643 1250 4702 rescindendam
1269 4655 1391 4696 esse
1418 4639 1904 4708 concupiscentiam
1927 4657 1941 4694 :

383 4745 440 4790 et
473 4735 588 4792 hazc
616 4735 820 4790 faciens
859 4733 1009 4788 audit
1041 4748 1067 4786 a
1100 4732 1255 4800 lege:
1310 4747 1330 4781 ι
1366 4729 1482 4784 Non
1511 4729 1779 4800 pcjerabis
1808 4729 1888 4794 ὀς
1920 4747 1939 4781 ι

455 5055 566 5127 (Ἱιέ)
603 5055 743 5127 Edit.
771 5051 945 5127 V_atic.
972 5050 1021 5102 οί
1058 5045 1443 5127 μανδραγόραι.
1465 5116 1476 5127 ο

456 5114 569 5196 (75)
612 5125 773 5196 Vetus
803 5114 1070 5191 interpres
1095 5114 1346 5175 l'eui'maui
1375 5116 1506 5170 facit
1531 5114 1796 5180 lssachar,
1825 5128 1946 5170 cum

382 5193 568 5259 vertit,
597 5193 736 5261 facta
765 5201 861 5243 est.

455 5264 568 5336 (76)
609 5263 753 5336 [meo
779 5261 858 5336 εὒς
887 5261 963 5311 ἐν·

456 5330 571 5405 (⁷⁷)
591 5332 750 5405 ,Ιιθθςθ
778 5330 1016 5405 Exossat-

437 5398 848 5474 :(78)h_1_tltinett.
883 5398 1107 5452 ἔδωκαν.

456 5465 567 5544 I79)
612 5471 728 5544 Vet.
765 5473 988 5544 interpr.
1024 5467 1185 5544 vertit
1222 5483 1236 5519 :
1279 5465 1473 5532 ianuas
1520 5475 1726 5544 nostra:
1773 5466 1947 5544 omnia

383 5537 571 5614 poma}
599 5542 686 5596 cui
741 5538 970 5614 versioni
1008 5538 1206 5590 nullam
1247 5552 1366 5606 qua:
1404 5538 1749 5606 respondeat,
1794 5537 1946 5591 inve-

385 5609 478 5674 nio
506 5614 799 5666 variantem
833 5609 1138 5664 lectionem.

483 5681 572 5760 ἕρ)
610 5682 751 5760 ὲεεβ
779 5677 965 5760 099°5-
1054 5746 1066 5760 .
1269 5746 1282 5760 .
1519 5746 1534 5760 .
1615 5739 1701 5760 ..

483 5687 572 5753 80)
613 5687 751 5749 Lege
779 5687 965 5748 θύρας.

457 5687 571 5826 I81)
610 5751 796 5808 Mutin.
823 5746 1159 5819 ἀνθρωπίνου
1190 5746 1419 5818 σκήνους
1452 5746 1544 5801 καὶ
1571 5747 1639 5801 τὰ
1670 5739 1802 5800 ὦτα.

455 4898 500 4930 ⁸³
525 4901 660 4955 Gen.
682 4897 920 4963 xxx,18.
993 4896 1041 4928 “
1069 4894 1202 4950 Gen.
1239 4907 1383 4957 χιιι,
1419 4891 1504 4946 Η.
1577 4891 1623 4923 ⁸³
1653 4889 1850 4958 Epltes.
1891 4903 1939 4944 tv

2062 4889 2104 4946 θ.
2177 4891 2225 4924 ³⁸
2263 4892 2404 4949 Psal.
2438 4909 2561 4959 cn,
2588 4896 2643 4950 5.

2050 4547 2185 4618 φίῳ·
2223 4549 2329 4602 ἀπὸ
2360 4553 2458 4620 μὲν
2485 4550 2579 4604 τοῦ
2619 4551 2784 4623 νόμου
2826 4554 3099 4609 ἀκούουσα
3137 4557 3218 4618 τὸ,
3256 4577 3272 4609 ι
3295 4558 3370 4611 Οὐ
3408 4559 3627 4628 μοιχεύ-

2054 4654 2193 4702 σειςο
2220 4658 2238 4691 ι
2289 4641 2384 4693 καὶ
2417 4641 2525 4694 ἀπὸ
2569 4643 2667 4712 τῆς
2701 4644 2845 4709 Νέας
2881 4647 2945 4699 ἐκ
2989 4648 3088 4718 τῆς
3129 4647 3236 4701 τῶν
3279 4649 3625 4717 Εὐαγγελίων

2049 4731 2326 4804 Διαθήκης
2342 4735 2637 4800 ἀκούουσα,
2652 4737 2743 4790 καὶ
2758 4738 2856 4810 τὴν
2874 4739 3168 4812 ἐπιθυμίαν
3188 4741 3471 4795 ἐκκόπτειν
3488 4741 3619 4812 ‘89)-

2717 4895 2949 4951 "Exod.
2983 4910 3077 4959 xx,
3114 4894 3200 4948 15.
3277 4893 3323 4925 ⁸³
3350 4892 3479 4949 Lev.
3507 4909 3623 4958 nx,

2123 5045 2234 5118 I82)
2275 5046 2461 5118 Mittin.
2489 5047 2800 5118 δεχομένου.

2123 5117 2234 5187 (8'5)
2280 5116 2439 5171 Vetus
2473 5116 2696 5186 interpr.
2725 5118 2885 5171 vertit
2912 5117 3208 5169 divinorum
3245 5123 3621 5187 rprmceptornm

2051 5185 2277 5241 ordines.
2321 5187 2530 5241 Θεῖκῶν
2578 5185 2770 5257 προστ.
2821 5187 3073 5252 διαταγαί
3127 5186 3273 5239 reddi
3327 5185 3620 5249 debuerat,

2051 5257 2343 5325 divinorum
2379 5259 2746 5312 mandatorum
2779 5269 3172 5325 prwcrpttones.

2277 5327 2418 5398 ξλεαρ
2444 5326 2666 5396 ὀφείλει.

2143 5393 2236 5463 85)
2279 5393 2377 5452 Sic
2395 5393 2583 5452 on‘tnes
2620 5393 2852 5451 codices.
2884 5393 3026 5464 Lege
3055 5393 3344 5458 εὐκτικῶς.

2123 5463 2235 5538 (86)
2273 5467 2572 5538 ᾼιαθήκηε
2605 5465 2809 5520 restitui
2837 5481 2903 5520 ex
2936 5463 3058 5520 cod.
3093 5463 3282 5520 Mittin.

2145 5530 2235 5609 87)
2272 5536 2418 5609 Lego
2439 5530 2503 5601 ’ἐξ
2521 5530 2626 5590 ὧν.

2119 5539 2235 5675 (87)
2272 5539 2418 5609 Lego
2444 5539 2503 5601 ὲξ
2530 5539 2626 5590 ῶν.

2140 5607 2230 5677 88)
2271 5608 2574 5678 Legendum
2609 5609 2786 5678 τηρεῖ.

2121 5675 2234 5750 (89)
2273 5677 2476 5734 Alludit
2507 5677 2572 5733 ad
2612 5675 2786 5734 locum
2821 5675 3006 5732 Matth.
3035 5691 3089 5732 v.
3119 5675 3206 5731 50.
