3810 6318
385 320 490 378 159

1474 309 1790 369 PlllLONlS
1831 309 2140 366 EPISCOPI
2177 306 2495 366 CARPASII

3531 307 3648 364 M0

380 451 597 494 crucem
637 432 876 491 osculata
923 439 1007 489 est
1067 445 1189 487 eum
1235 428 1500 497 Ecclesia,
1550 427 1740 484 videns
1779 428 1951 497 ipsum

2072 427 2144 481 5ιὰ
2172 425 2267 481 τοῦ
2299 425 2532 497 σταυροῦ
2560 423 2816 498 ἐφίλησεν
2850 424 3014 482 αὑτὸν
3058 425 3092 498 ή
3144 424 3456 499 Ἐκκλησία,
3494 426 3651 496 ὑπὲρ

379 541 477 598 pro
504 540 564 580 se
586 524 754 580 clavis
779 522 927 578 cruci
957 519 1196 586 aﬂixum,
1224 519 1406 574 ut'illa
1436 534 1466 574 a
1494 527 1718 588 peccato
1752 519 1950 588 relige-

377 625 545 672 retur.
594 612 920 670 ilnveniens
949 621 1000 666 te
1027 611 1160 667 foris
1187 608 1476 665 osculabor
1508 618 1590 676 te;
1636 617 1691 665 et
1739 607 1951 679 quidem

375 722 482 762 non
533 704 833 776 despicient
888 716 993 756 me.
1023 720 1043 753 ι
1094 699 1376 754 lnveniens
1412 700 1558 754 enim
1603 699 1751 754 illum
1797 711 1953 757 extra

377 799 573 864 caelos,
611 807 669 852 ut
716 795 851 851 dixit
896 792 1203 862 Apostolus,
1267 789 1700 860 «exspoliantem
1752 792 1956 862 princi-

377 898 539 958 patus
591 893 644 941 et
694 891 986 956 potestates
1036 881 1111 948 “;
1145 898 1164 932 ι
1226 880 1426 950 quique
1489 879 1761 936 «formam
1810 884 1954 938 servi

380 977 592 1047 accepit
617 976 684 1041 ⁸⁷,
712 992 733 1028 ο
783 988 880 1045 per
909 970 1272 1027 inenarrabile
1308 985 1466 1026 suum
1515 971 1762 1027 osculum
1795 988 1956 1029 oscu-

379 1070 484 1124 lata
507 1077 590 1124 est
616 1066 766 1122 illum
794 1064 1061 1131 Ecclesia,
1089 1077 1194 1119 non
1225 1063 1427 1118 carnali
1468 1063 1654 1120 osculo
1685 1064 1868 1134 (absit
1891 1074 1953 1120 ut

377 1161 428 1214 id
460 1159 971 1230 cogitemusl),.sed
993 1158 1178 1214 osculo
1218 1158 1504 1228 spirituali,
1544 1158 1747 1216 relictis
1790 1166 1960 1214 terre-

373 1253 579 1308 stribus
608 1252 1048 1323 cogitationibus,
1077 1260 1131 1306 et
1163 1267 1259 1321 per
1285 1251 1622 1322 spiritualem
1654 1252 1954 1308 amicitiam

373 1357 495 1396 cum
530 1343 650 1413 ipso
675 1352 1071 1413 coagmentata.
1102 1341 1234 1397 Illud
1277 1356 1424 1408 vero,
1464 1360 1484 1394 ι
1511 1341 1627 1398 Non
1659 1343 1959 1414 despiciant

376 1449 483 1501 me,
517 1453 536 1488 ι
611 1434 908 1508 spiritualis
959 1434 1211 1491 amicitiae
1275 1435 1755 1505 irreprehensibile
1824 1437 1958 1492 dicit

377 1525 718 1597 mysterium.
777 1526 877 1594 Qui
933 1527 1077 1582 enim
1125 1541 1222 1598 per
1273 1527 1546 1582 carnalem
1605 1527 1954 1598 cupiditatem

377 1614 647 1672 malitiose
689 1616 1028 1681 osculantur,
1072 1631 1102 1670 τι
1138 1617 1343 1672 sanctis
1371 1627 1813 1673 contemnuntur.
1864 1617 1956 1674 Illa

377 1721 507 1762 vero
547 1721 703 1762 suum
753 1715 1010 1777 sponsam
1047 1723 1152 1763 non
1203 1709 1517 1775 carnaliter,
1565 1709 1659 1765 sed
1699 1711 1958 1780 spiritua-

2054 517 2226 588 αὐτῆς
2272 516 2541 586 βλέπουσα
2575 517 2738 571 αὑτὸν
2777 517 2856 590 τῷ
2888 517 3108 589 σταυρῷ
3156 517 3494 588 ἁνελωμένον
3535 516 3645 588 ('2).

2055 609 2145 663 ἵνα
2169 608 2352 678 ἐκείνη
2391 608 2492 678 τῆς
2519 607 2793 679 ἁμαρτίας
2817 607 3078 679 ἁφηλωθῇ
3105 608 3202 678 ('5).
3237 627 3256 660 ι
3297 608 3552 679 Εὑροῦσὰ
3579 624 3649 663 σε

2053 699 2198 768 ἔξω,
2244 699 2454 771 φιλήσω
2495 715 2588 766 σε,
2634 697 2726 752 καί
2753 716 2816 767 γε
2854 700 2954 753 οὐκ
3003 699 3417 766 ἐξουδενιὶηουσί
3472 716 3564 771 με.
3615 717 3638 751 ι

2054 786 2306 857 Εὑροῦσα
2350 785 2460 858 γὰρ
2498 786 2662 841 αὐτὸν
2707 786 2816 851 ἐξω
2855 787 2962 842 τῶν
3007 788 3274 860 οὐρανῶν,
3315 789 3391 853 ὡς
3421 784 3576 844 εἶπεν
3616 791 3653 842 ὁ

2076 877 2417 943 Ἀπόστολος,
2475 897 2494 929 ι
2519 877 2817 932 ,ἀπέκδυσα
2839 878 2912 949 (ιι)
2944 878 3041 949 μὲν
3070 877 3171 943 τὰς
3201 878 3377 950 ἁρχὰς
3409 879 3505 934 καὶ
3539 879 3651 944 τὰς

2057 965 2327 1032 ἐξουσίας,
2361 984 2379 1020 ι
2415 967 2511 1022 καὶ
2545 986 2563 1019 ι
2596 968 2809 1040 μορφήν
2841 967 3028 1021 δούλου
3053 967 3317 1032 λαϐόντα,
3350 988 3366 1019 ι
3404 969 3646 1042 διάρρη-

2054 1076 2146 1114 τον
2174 1059 2250 1131 (5)
2287 1059 2453 1114 αὑτοῦ
2487 1060 2698 1132 φίλημα
2730 1060 2986 1134 ἐφίλησεν
3025 1061 3188 1116 αὑτὸν
3222 1063 3255 1133 ή
3299 1061 3600 1131 Ἐκκλησία
3627 1103 3646 1128 ,
3670 1115 3686 1134 ⁸

2054 1153 2117 1206 οὐ
2169 1153 2437 1225 φιλήματι.
2492 1153 2736 1226 σαρκικῷ
2757 1193 2773 1220 ,
2805 1154 3024 1226 (ἄπαγε
3066 1155 3127 1208 τὺ
3169 1153 3380 1209 τοιοῦτο
3423 1156 3566 1209 νοεῖν
3593 1152 3650 1223 l)

2057 1241 2192 1296 ἁλλὰ
2239 1243 2504 1314 φιλήματι
2551 1242 2930 1314 πνευματικῷ,
2960 1243 3334 1313 καταλείψασα
3375 1243 3443 1297 τὰ
3467 1245 3648 1315 γήϊνα

2059 1335 2404 1407 φρονήματα,
2437 1334 2533 1388 καὶ
2561 1338 2626 1408 τῇ
2659 1335 2754 1390 τοῦ
2790 1335 3102 1407 πνεύματος
3132 1335 3286 1407 φιλίᾳ
3331 1335 3480 1406 αὐτῷ
3508 1351 3652 1405 συγ-ν

2057 1427 2376 1500 κρινομένη.
2409 1426 2484 1482 Τὸ
2503 1428 2580 1495 δὲ,
2619 1445 2639 1480 ι
2669 1427 2782 1483 Καί
2813 1445 2876 1497 γε
2899 1428 2999 1481 οὐκ
3031 1427 3448 1494 ἐξουδενώσουσί
3486 1443 3580 1498 με,
3619 1445 3644 1481 s

2056 1519 2158 1589 τῆς
2189 1519 2566 1590 πνευματικῆς
2601 1519 2786 1589 φιλίας
2818 1519 2880 1573 τὸ
2904 1519 3325 1590 ἀκατάγνωστον
3350 1519 3499 1587 λέγει
3532 1537 3643 1591 μυ-

2061 1611 2301 1682 στήριον.
2355 1612 2417 1664 Οἱ
2464 1611 2575 1683 γὰρ
2617 1610 2760 1664 κατὰ
2807 1609 2988 1684 ϐρεξιν
3033 1610 3303 1682 σαρκικῆς
3343 1609 3651 1681 ἐπιθυμίας

2059 1701 2345 1772 κακοήθως
2391 1700 2672 1771 φιλοῦντος
2717 1700 2814 1772 (6),
2851 1701 2956 1754 ὑπὸ
2999 1701 3171 1770 ἁγίων
3216 1699 3642 1766 ἐξουδενοῦνται.

374 1797 504 1854 liter
560 1798 834 1865 osculans,
883 1815 988 1855 non
1037 1799 1198 1854 modo
1255 1814 1362 1855 non
1415 1802 1804 1870 contemnitur,
1857 1803 1952 1858 sed

2072 1793 2200 1865 turi]
2227 1793 2284 1847 δὲ
2311 1793 2404 1848 τὸν
2435 1794 2654 1865 ἑαυτῆς,
2680 1793 2742 1847 οὐ
2767 1792 3065 1866 σαρκικῶς,
3096 1793 3232 1847 ἁλλὰ
3255 1793 3647 1866 πνευματικῶς

372 1890 609 1945 maxime
660 1891 930 1946 laudatur.
985 1890 1396 1963 Consequenter
1429 1908 1558 1949 vero
1601 1895 1725 1951 huic
1773 1896 1952 1951 crucis

373 1981 632 2054 mysterio
663 1981 776 2038 huic
805 1981 938 2038 dicit
964 1999 979 2036 :

443 2161 695 2218 CCXXII.
737 2163 892 2220 Vers.
933 2163 987 2219 2.
1035 2167 1318 2221 Assumam
1369 2173 1436 2230 te,
1479 2175 1526 2220 et
1553 2166 1881 2221 introducam
1909 2176 1956 2221 te

374 2256 428 2310 in
453 2257 666 2310 domum
695 2258 877 2312 matris
904 2272 1050 2324 niue,
1086 2265 1134 2311 et
1175 2258 1228 2311 in
1261 2257 1375 2328 ejus
1403 2258 1702 2312 cubiculum
1727 2274 1844 2329 qua:
1875 2274 1956 2312 me

372 2348 625 2418 concepit.

441 2439 670 2496 Matrem
701 2441 937 2498 hominis
965 2451 1021 2497 et
1043 2442 1226 2498 carnis
1249 2441 1420 2512 ipsius
1452 2442 1754 2513 (hominis)
1787 2440 1958 2496 mani-

373 2533 566 2588 l'estum
619 2542 704 2589 est
749 2547 870 2589 esse
921 2544 1144 2588 terram.
1200 2553 1220 2586 ι
1251 2533 1320 2590 Ει
1374 2535 1428 2588 in
1473 2533 1592 2604 ejus
1643 2533 1953 2589 cubiculum

372 2638 492 2694 quas
545 2625 836 2695 concepit:
891 2623 1067 2695 ipsum
1119 2624 1419 2689 hominem,
1476 2623 1582 2680 hoc
1631 2634 1716 2680 est
1771 2634 1950 2687 terrae,

373 2726 521 2771 'uxta
557 2715 686 2771 illud
719 2715 863 2786 quod
890 2716 1096 2773 dictum
1132 2725 1216 2772 est
1248 2735 1262 2772 :
1301 2734 1321 2768 ι
1352 2717 1520 2772 Terra
1549 2731 1629 2782 es,
1663 2726 1719 2772 et
1751 2716 1805 2772 in
1842 2726 1956 2774 ter-

374 2821 488 2863 ram
546 2807 748 2863 redibis
803 2807 868 2861 ⁶⁸.
905 2824 928 2860 ›
993 2806 1182 2876 Hujus,
1241 2807 1483 2878 inquam,
1531 2806 1836 2862 cubiculum
1873 2815 1956 2863 est

375 2913 542 2954 mors.
572 2897 835 2965 Quoniam
871 2898 1035 2953 veluti
1080 2899 1136 2953 in
1177 2897 1428 2955 cubiculo
1469 2898 1747 2966 thesauri,
1784 2897 1856 2953 ita
1903 2899 1954 2953 in

375 2997 548 3043 morte
601 2987 842 3042 onmium
873 2987 1142 3057 justorum
1173 2986 1370 3042 anima:
1414 2987 1744 3043 detinentur.
1801 3005 1820 3039 ι
1849 2985 1956 3042 Re-

375 3079 557 3148 gnavit
581 3077 727 3132 enim
757 3092 904 3134 mors
933 3078 1000 3134 ab
1023 3077 1195 3132 Adam
1228 3091 1398 3147 usque
1431 3081 1498 3134 ad
1527 3077 1790 3151 Moysem,
1819 3087 1873 3134 et
1897 3078 1952 3133 in
1981 3119 2026 3176 ϐ

375 3182 468 3224 eos
513 3170 607 3241 qui
659 3184 765 3241 qun
821 3179 1183 3241 peccaverunt
1242 3170 1310 3226 ".
1341 3190 1362 3224 ι
1411 3169 1547 3225 Cum
1586 3180 1765 3225 autem
1827 3185 1957 3226 caro

376 3275 551 3333 ipsum
585 3264 892 3334 excepisset
918 3278 1079 3334 quam
1104 3278 1206 3335 pro
1233 3263 1474 3320 Ecclesia
1507 3263 1759 3336 gestavit,
1789 3263 1960 3320 intro-

379 3354 535 3410 duxit
563 3369 708 3421 eum,
735 3355 884 3412 velut
916 3357 969 3411 in
1004 3357 1245 3424 domum,
1296 3357 1346 3415 in
1381 3365 1612 3412 mortem
1647 3371 1744 3426 pro
1777 3356 1953 3421 nobis,

377 3443 468 3499 ubi
499 3452 619 3500 erat
639 3445 945 3500 cubiculum
977 3455 1132 3503 terra:
1161 3463 1282 3519 qua:
1313 3463 1410 3502 nos
1431 3448 1713 3517 concepit;
1762 3447 1874 3515 ubi,
1897 3455 1958 3503 ut

377 3553 542 3609 supra
602 3539 802 3595 dictum
842 3551 946 3607 est,
983 3549 1259 3611 .tanquam
1313 3541 1366 3595 in
1414 3542 1669 3597 thesauro
1713 3543 1953 3597 omnium

379 3640 692 3687 sanctorum
718 3632 910 3687 animae
938 3632 1420 3688 concludebantur.

2056 1885 2284 1956 φιλοῦσα
2309 1885 2562 1956 νυμφίον,
2584 1885 2644 1937 οὐ
2674 1884 2833 1955 μόνον
2866 1884 2967 1938 οὐκ
3001 1883 3374 1952 ἐξουδενεϊται,
3412 1885 3555 1940 ἁλλά
3576 1903 3646 1955 γε

2055 1955 2151 2034 καὶ
2179 1974 2238 2032 εὖ
2270 1955 2414 2050 μάλα
2438 1979 2763 2032 ἐπαινεῖται.
2802 1976 3133 2042 Ἀκολούθως
3159 1977 3215 2032 δὲ
3241 1977 3320 2048 τῷ
3350 1977 3444 2031 τοῦ
3475 1955 3680 2032 atati:

2057 2071 2153 2144 ροῦ
2187 2071 2472 2142 μυστηρίῳ
2499 2069 2678 2124 τοιάδε
2704 2068 2882 2137 λέγει’

2127 2164 2301 2219 ΣΚΒ’.
2333 2145 2422 2218 Στέ
2458 2163 2523 2234 β’.
2555 2161 3003 2232 Παραλήψομαί
3033 2178 3128 2230 σε,
3170 2162 3266 2217 καὶ
3303 2160 3380 2234 (7)
3417 2160 3650 2227 εἶα-ἄξω

2056 2271 2132 2312 σε
2154 2259 2242 2323 εἰς
2279 2253 2450 2310 οἷκον
2480 2255 2704 2326 μητρός
2743 2271 2884 2324 μου,
2922 2255 3020 2309 καί
3050 2257 3138 2322 είς
3163 2253 3231 2309 τὸ
3259 2254 3505 2313 ταμεῖον
3533 2253 3652 2324 τῆς

2055 2349 2495 2416 συλλαϐούσης
2521 2365 2599 2418 με
2628 2346 2892 2415 διδάξεις
2919 2347 3019 2418 (8).

2126 2442 2329 2512 Μήτηρ
2360 2441 2456 2494 τοῦ
2485 2439 2772 2512 ἀνθρώπου
2800 2439 2894 2494 καὶ
2919 2440 3018 2511 τῆς
3057 2439 3258 2511 σαρκὸς
3286 2439 3450 2494 αὑτοῦ
3483 2439 3655 2511 δῆλον

2057 2532 2132 2597 ὡς
2159 2535 2192 2604 ή
2222 2533 2313 2603 γῆ.
2349 2551 2367 2599 ι
2397 2533 2507 2586 Καὶ
2524 2534 2603 2594 εἰς
2629 2533 2853 2602 ταμεῖον
2875 2531 2976 2601 τῆς
2992 2531 3363 2604 συλλαϐούσης
3385 2532 3598 2604 ταύτης
3625 2551 3648 2584 ι

2059 2624 2138 2696 (9)
2175 2623 2336 2676 αὐτὸν
2363 2622 2456 2678 τὸν
2505 2621 2812 2694 ἄνθρωπον,
2843 2622 3088 2676 τουτέστι
3129 2624 3230 2694 τῆς
3277 2623 3405 2694 γῆς,
3449 2623 3542 2678 διὰ
3587 2624 3655 2678 τὸ

2057 2715 2349 2787 εἰρημένον
2375 2732 2388 2746 ·
2433 2733 2452 2767 ι
2485 2715 2560 2786 Γῆ
2587 2710 2658 2778 εί,
2690 2715 2783 2768 καὶ
2814 2714 2895 2778 είς
2917 2713 3340 2786 γῆνὰπελεύσῃ.
3375 2733 3394 2768 ι
3424 2713 3652 2786 Ταύτης

2056 2809 2282 2877 ταμεῖον
2315 2807 2345 2859 ὁ
2373 2805 2602 2870 θάνατος
2623 2823 2636 2836 ·
2673 2805 2887 2876 ἐπειδὴ,
2925 2804 3176 2876 καθάπερ
3204 2807 3263 2859 ἐν
3305 2807 3518 2879 ταμείῳ
3550 2806 3652 2878 Θη-

2060 2899 2268 2972 σαυροὶ,
2310 2899 2482 2964 οὕτως
2514 2901 2572 2954 ἐν
2605 2899 2683 2972 τῷ
2733 2898 2952 2968 θανάτῳ
3001 2897 3225 2951 πάντων
3262 2898 3374 2952 τῶν
3415 2899 3653 2952 δικαίων

2056 2991 2371 3060 κατείχοντο
2401 2991 2458 3044 αἱ
2505 2989 2696 3060 ψυχαί.
2747 3007 2767 3041 ι
2832 2988 3179 3043 Ἐϐασίλευσε
3209 2987 3318 3060 γὰρ
3345 2991 3373 3042 ὁ
3413 2988 3654 3052 θάνατος

2057 3081 2166 3136 ἀπὸ
2204 3081 2372 3152 Ἀδὰμ
2406 3081 2567 3152 μέχρι
2606 3081 2904 3146 Μωῦσέως,
2941 3093 3033 3135 και
3066 3083 3159 3136 ἐπὶ
3193 3081 3322 3147 τοὺς
3349 3080 3424 3155 μή
3459 3081 3653 3157 ἁμαρη

2057 3177 2349 3247 τήσαντας.
2393 3193 2410 3226 ι
2461 3173 2862 3245 Παραλαϐοῦσα
2905 3170 2999 3229 οὖν
3038 3175 3202 3229 αὐτὸν
3237 3176 3352 3246 (10)
3392 3179 3424 3248 ἡ
3466 3177 3648 3249 σὰρξ,

2053 3268 2120 3338 ἣν
2153 3265 2293 3338 ὑπὲρ
2326 3264 2424 3336 τῆς
2459 3264 2785 3336 Ἑκκλησίας
2822 3266 3103 3337 ἐφόρεσεν,
3143 3267 3438 3338 εἰσήγαγεν
3482 3269 3652 3323 αὑτὸν

2054 3357 2309 3430 καθάπερ
2338 3359 2419 3421 είς
2445 3352 2616 3423 οἶκον,
2649 3358 2729 3422 είς
2756 3357 2849 3411 τὸν
2881 3357 3022 3430 ὑπὲρ
3047 3359 3203 3430 ήμῶν
3231 3358 3484 3427 θάνατον,
3513 3361 3648 3416 ἔνθα

2054 3451 2146 3505 καὶ
2178 3451 2241 3504 τὺ
2269 3453 2494 3521 ταμεῖον
2520 3445 2589 3520 ἦν
2616 3449 2718 3520 τῆς
2747 3449 3116 3522 συλλαϐούσης
3154 3453 3302 3522 ἡμᾶς
3328 3452 3452 3523 γῆς,
3487 3451 3646 3519 ἔνθα,

2053 3541 2237 3606 καθὼς
2264 3541 2606 3613 προείρηται,
2632 3541 2882 3613 καθάπερ
2904 3543 2960 3596 ἐν
2985 3542 3262 3616 θησαυρῷ,
3292 3545 3512 3600 πάντων
3535 3547 3652 3600 τῶν

2057 3631 2226 3703 ἁγίων
2262 3630 2632 3685 συνεκλείοντο
2662 3632 2719 3686 αί
2748 3630 2937 3702 ψυχαί.

399 3745 402 3748 ’
447 3769 495 3802 ⁸⁸
519 3766 728 3824 Coloss.
757 3784 818 3833 ιι.
843 3769 931 3824 15.
1009 3770 1054 3803 ⁸⁷
1077 3769 1311 3840 Philipp.
1336 3784 1400 3836 ιι,
1437 3769 1491 3827 7.
1568 3770 1615 3803 ⁸⁸
1643 3769 1779 3825 Gen.
1827 3772 1954 3837 tn,l

2101 3770 2147 3804 ”
2181 3769 2339 3826 Rom.
2371 3783 2426 3837 v,
2457 3767 2550 3826 Η.

451 3878 530 3953 (2)
562 3879 638 3953 Ex
666 3881 786 3953 cod.
815 3879 1006 3953 Mutin.
1045 3881 1535 3953 προσηλολόμενος,
1592 3882 1804 3938 eruitur
1829 3897 1957 3938 vera

381 3949 540 4022 lectio
566 3949 1020 4022 gépocqitwpévov.

457 4019 534 4161 (δὲ
559 4019 650 4074 Sic
667 4019 969 4075 emendavi.
991 4019 1160 4076 Codd.
1190 4020 1356 4079 Barb.
1381 4032 1436 4079 et
1455 4021 1668 4088 Mutin.,
1687 4021 1960 4094 ἀφιλωθῇ.

457 4091 510 4161 (4
563 4089 705 4160 Lege
732 4089 1199 4161 ἁπεκδυσάμενον.
1238 4090 1473 4161 Uterque
1499 4093 1690 4157 codex,
1725 4093 1882 4149 Barb.
1911 4103 1960 4148 et

455 4095 534 4161 (ι)
563 4095 705 4160 Lege
732 4095 1199 4162 ἁπεκδυσὰμενον.
1238 4095 1473 4162 Uterque
1499 4095 1690 4157 codex,
1725 4095 1748 4146 ι

386 4158 546 4232 Μαι..
566 4170 698 4232 -ιιιιιι
720 4161 884 4214 etiam
921 4177 1074 4232 meus
1103 4162 1307 4218 habent
1337 4162 1748 4232 ἁπεκδύσαμεν.

403 4302 406 4304 γ
446 4231 530 4304 (5)
552 4229 724 4304 ‘Barb.
747 4245 901 4304 metis
927 4240 981 4304 e_t_
1008 4231 1199 4304 Mittin.
1231 4233 1430 4304 habent
1472 4229 1765 4304 διάρρηξον
1793 4230 1960 4289 αὑτοῦ

382 4298 813 4375 φιλανθ-[θωπείαν.
848 4300 1037 4375 Scribe
1068 4301 1135 4355 δι’
1157 4301 1426 4375 Δᾶρρητον.

482 4369 536 4442 6)
572 4369 760 4442 Scribe
782 4370 1068 4442 κακοήθως
1095 4369 1395 4442 φιλοῦντες.

454 4439 533 4513 (7)
565 4439 678 4494 Kal
708 4454 806 4495 nec
844 4441 898 4495 in
942 4439 1119 4496 Vatic.
1147 4444 1275 4498 edit.
1313 4457 1412 4498 nec
1446 4454 1675 4513 usquam
1713 4441 1840 4498 alibi
1864 4458 1958 4498 oc-

342 4512 552 4610 qurrit
583 4525 597 4562 :
646 4524 765 4564 eam
797 4522 974 4565 tamen
1000 4513 1242 4580 agnoscit
1268 4521 1372 4567 vet.
1417 4512 1704 4580 interpres.

452 4581 527 4610 ιρι
564 4578 710 4610 μοι...-
736 4594 920 4610 ινηηη...
956 4580 1188 4610 λιιι-.-
1217 4584 1408 4610 suum...
1445 4581 1646 4610 Ωιι-ι...-
1700 4605 1704 4610 λ

259 4575 270 4591 ⁸
339 4575 361 4641 ’ξ
451 4581 528 4651 (8)
562 4578 711 4634 Hanc
736 4594 921 4635 vocem
955 4575 1414 4651 διδὰξειςίιιοιιεηι
1444 4575 1664 4636 Barber.
1698 4592 1752 4637 et
1779 4596 1951 4648 meus,

381 4650 544 4720 quam
573 4659 751 4703 tamen
785 4665 881 4704 nec
905 4653 1148 4721 agnoscit
1175 4650 1291 4706 Vat.
1315 4654 1446 4708 edit.
1480 4669 1578 4707 nec
1607 4653 1730 4708 cod.
1761 4653 1952 4710 Mutin.

381 4735 495 4793 nec‘
514 4729 621 4774 vet.
647 4721 932 4793 interpres.
963 4723 1057 4776 Est
1083 4731 1263 4777 autem
1287 4722 1497 4778 initium
1527 4737 1713 4780 versus
1734 4739 1956 4793 sequen-

383 4793 452 4846 tis
478 4790 632 4859 juxta
654 4789 902 4844 Aldinam
936 4793 1246 4847 editionem.
1419 4845 1421 4847 ,

454 4860 528 4931 (9)
569 4860 993 4931 Taquihabet
1015 4870 1070 4916 et
1098 4877 1250 4917 meus
1270 4862 1390 4918 cod.
1417 4871 1472 4917 et
1497 4861 1656 4918 Barb.
1688 4863 1818 4918 Eam
1847 4879 1954 4919 non

385 4930 771 4999 agnuscitcoit.
807 4930 1142 4994 Mutinensis,
1171 4942 1224 4986 et
1263 4933 1541 4987 delendam
1571 4948 1783 4988 censeo.

455 5001 567 5072 (lii)
603 5001 820 5054 Αὐτόν.
855 5000 1002 5055 Hanc
1021 5017 1207 5072 vocem
1230 5017 1350 5072 quae
1383 5005 1534 5057 abest
1559 5019 1589 5056 a
1631 5019 1750 5058 meo
1771 5003 1958 5059 codice

381 5068 714 5143 et_l3ar|)er_.
761 5075 1007 5143 revocavi
1065 5088 1123 5125 ex
1158 5068 1465 5128 Muliuensi.
1509 5074 1613 5127 Sed
1654 5073 1818 5127 αὐτόν
1849 5089 1956 5143 quo

385 5138 632 5213 referasi
675 5137 866 5213 Facile,
900 5150 1082 5213 tamen
1129 5152 1212 5197 est
1264 5143 1582 5213 intelligere,
1620 5157 1725 5212 quo
1753 5159 1815 5197 ea
1852 5137 1954 5198 vox

385 5208 665 5284 referenda
702 5211 792 5284 sit,
825 5209 870 5263 si
899 5210 1178 5284 Paulinum
1221 5213 1395 5267 locum
1429 5208 1954 5284 aﬂeras'integrunt.

384 5275 552 5347 Igitur
583 5287 701 5356 post
729 5279 1152 5400 apage-ﬁcum;
1209 5285 1454 5352 sequitur
1499 5283 1591 5336 ἐπὶ
1627 5282 1702 5352 τῷ
1751 5275 1952 5362 ὁμοιώ-

388 5364 518 5400 ιιατι
547 5363 646 5400 της
697 5365 844 5400 παρα
885 5350 1059 5400 άσεωε
1092 5351 1282 5400 Ἀδὰμ-
1312 5353 1369 5400 ὃς
1392 5354 1506 5400 ἐστι
1532 5353 1700 5400 τύπος
1715 5371 1807 5400 του
1839 5353 1952 5400 ιιέλ-

383 5364 518 5469 {tam
547 5350 646 5416 τῆς
697 5350 1059 5430 παραϐάσεως
1092 5350 1369 5433 ’ᾼδὰμ,“ὃς
1392 5350 1700 5436 ὲστιτύπος
1715 5350 1807 5433 toi}
1837 5353 1958 5434 μέλ-

414 5434 586 5469 avrae.
623 5436 641 5469 t
681 5435 770 5469 (ιιιι
801 5431 885 5469 est
925 5432 1077 5469 tvnus
1120 5425 1306 5469 Inlnn-
1351 5441 1369 5469 ι
1422 5428 1624 5469 scilicet
1675 5424 1870 5469 Christi
1903 5433 1958 5469 et

414 5434 586 5480 οντος,
623 5436 653 5492 ι
681 5421 770 5488 qui
801 5431 885 5474 est
925 5432 1077 5492 typus
1119 5421 1306 5492 futuri,
1351 5441 1369 5474 ›
1422 5426 1624 5478 scilicet
1675 5421 1870 5478 Christi
1903 5433 1958 5476 ct

386 5502 570 5541 rerum
608 5489 676 5544 ab
697 5504 762 5543 eo
795 5489 1170 5562 gerendarum.
1195 5491 1362 5562 Igitur
1383 5508 1479 5547 vox
1511 5493 1673 5547 αὐτόν
1707 5495 1773 5546 ad
1799 5492 1957 5547 Chri-

387 5566 532 5611 stum
583 5568 666 5612 est
719 5559 1023 5614 referenda.
1071 5559 1350 5617 Salutatus
1381 5562 1610 5618 fortasse
1641 5563 1956 5619 existimans

388 5629 568 5683 minus
594 5631 808 5702 proprie
839 5631 1061 5695 dictum,
1103 5649 1120 5683 ι
1151 5633 1289 5686 Caro
1314 5637 1610 5702 assumpsit
1637 5633 1907 5699 Verbum;
1931 5652 1950 5685 ι

387 5712 494 5752 non
527 5700 740 5768 quidem
767 5702 951 5767 verba,
987 5703 1082 5756 sed
1127 5703 1446 5756 sententiam
1502 5700 1730 5758 reddens
1755 5707 1955 5756 vertit:

391 5783 416 5821 ι
449 5769 597 5828 idem
623 5767 782 5828 Jcsus
815 5772 1046 5829 humana
1073 5787 1258 5842 carne,
1296 5788 1468 5842 eaque
1492 5775 1703 5832 mortali
1729 5773 1955 5831 vestitus

2070 3927 2086 3942 .
2117 3924 2133 3940 .
2165 3925 2180 3941 .
2212 3922 2226 3938 .
2263 3897 2423 3953 quam
2448 3879 2615 3953 semel
2654 3881 2965 3953 assumpsit,
2997 3901 3016 3935 ι
3048 3889 3153 3953 etc.
3178 3882 3344 3936 Vetus
3376 3880 3654 3953 interpres

2109 3955 2160 4010 ui
2205 3951 2409 4008 vertit:
2459 3970 2478 4004 ι
2526 3951 2664 4022 Ergo
2723 3951 2863 4022 facta
2921 3968 3047 4008 caro
3089 3952 3345 4017 Verbum,
3393 3969 3427 4022 ι
3454 3951 3651 4008 habuit

2093 4019 2300 4080 brtasse
2329 4023 2384 4078 in
2413 4037 2510 4077 suo
2541 4019 2662 4077 cod.
2694 4021 2728 4092 ή
2761 4021 2896 4093 σὰρξ
2923 4023 3094 4092 Λόγος
3121 4021 3357 4091 ἐγένετο.
3395 4019 3502 4076 Sed
3528 4024 3650 4078 sive

563 4089 705 4160 Lege
732 4089 1199 4162 ἀπεκδυσάμενον.
1238 4090 1473 4162 Uterque
1499 4093 1690 4157 codex,
1725 4089 1882 4149 Barb.
1910 4089 1967 4148 Et
2073 4109 2190 4149 eam
2223 4094 2506 4148 lectionem
2564 4089 2846 4162 habuerit,
2867 4093 2980 4147 sive
3012 4089 3340 4162 lianc'quam
3379 4093 3646 4148 exhibent

2061 4165 2234 4222 Graeci
2265 4163 2481 4219 codices
2527 4178 2664 4232 quos
2694 4161 2829 4227 vidi;
2869 4172 3015 4216 certe
3039 4161 3212 4217 oritur
3255 4176 3323 4217 ex
3365 4163 3469 4216 huc
3521 4162 3649 4220 loco

2061 4236 2202 4290 haud
2225 4235 2614 4289 contemnenda
2638 4234 2774 4288 ratio
2802 4232 3644 4297 existimandi,Commentarium

2062 4305 2204 4359 hunc
2226 4306 2279 4358 in
2308 4301 2584 4358 Canticum
2607 4305 2927 4372 canticorum
2962 4317 3069 4358 non
3091 4317 3209 4356 esse
3242 4303 3299 4357 S.
3329 4301 3646 4372 Epiphanii,

2059 4375 2150 4443 qui
2180 4374 2368 4428 haaresi
2391 4387 2598 4436 Lxxvit,
2630 4387 2778 4443 num.
2805 4371 3181 4443 29,_ejnsmodi
3215 4371 3522 4443 locutiones
3557 4374 3645 4426 di-

2060 4441 2304 4522 sertehis
2339 4443 2516 4522 verbis
2550 4441 2812 4522 improbat
2843 4441 2950 4496 :Tb
2979 4443 3058 4522 δὲ,
3081 4458 3100 4493 ι
3139 4442 3312 4522 Λόγος
3343 4441 3479 4522 σὰρξ
3512 4442 3644 4510 ἐγέ-

2061 4530 2232 4582 vero,»
2270 4512 2461 4582 ἵναμή
2489 4528 2634 4575 τινες
2659 4511 2973 4582 νομίσωσιν,
3005 4514 3086 4565 ὅτι
3120 4511 3336 4582 πρῶτος
3350 4511 3644 4582 ᾷνθρωπος

2058 4579 2270 4654 ἦνλκαὶ
2290 4579 2422 4654 ἦλθε
2449 4579 2682 4654 Χριστὸς
2707 4579 2798 4654 sig,
2815 4581 3126 4654 ἁνορωπον,
3144 4579 3258 4654 ﬁta
3280 4580 3438 4654 τοῦτο
3459 4579 3642 4654 ’Λργον

2057 4647 2273 4725 τξρῶτον
2301 4647 2462 4725 ἔταξεν
2484 4647 2544 4703 τὸ
2571 4650 2712 4725 θεῖον
2761 4647 3110 4725 Εὐαγγέλιον.
3142 4647 3274 4705 Εἶτα
3303 4652 3426 4725 -τήν
3457 4647 3645 4725 σαρκο.

2055 4719 2522 4811 assumeret?
2540 4722 2786 4811 εὲᾼέῖφς
2807 4719 3322 4811 esseesse?
3342 4719 3640 4811 ῖίρεῖτὶενι

2062 4813 2081 4845 ι
2098 4792 2170 4866 έΗ
2203 4792 2339 4866 σὰρξ
2357 4793 2526 4866 (tofo;
2547 4792 2784 4866 ἐγένετο,
2799 4811 2816 4844 ι
2837 4792 2921 4866 ἱξνα
2945 4792 3094 4866 δείξῃ
3111 4792 3324 4866 πρῶτον
3345 4795 3518 4866 Aerati
3541 4792 3642 4845 ἀπ’

2056 4861 2301 4935 οὐρανῶν
2337 4863 2580 4925 ἐλθόντα,
2610 4865 2688 4935 εἰς
2720 4861 3321 4935 ἐαυᾼτὸν-ιῦποστήσαντα
3339 4861 3434 4935 τήν
3457 4862 3643 4934 σάρκα

2056 4933 2164 5005 ait?)
2193 4935 2290 5004 τῆς
2340 4935 2554 5005 μήτρας
2579 4933 2678 5003 τῆς
2725 4933 2889 5002 ἁγίας
2918 4933 3216 5003 Παρθένου.
3273 4951 3292 4984 ι
3341 4933 3430 4986 Illa
3486 4933 3636 4994 vero.

2066 5003 2490 5058 «Verbnuicaro
2527 5004 2726 5056 factum
2759 5015 2862 5068 est,
2897 5022 2917 5056 ι
2947 5005 3066 5057 ideo
3100 5005 3168 5056 ita
3198 5011 3453 5070 concepta
3486 5011 3636 5067 sunt,

2059 5089 2125 5128 ne
2163 5075 2284 5142 quis
2309 5075 2646 5127 existimaret
2667 5073 2897 5142 primum
2936 5074 3207 5128 exstitisse
3231 5075 3524 5134 hominem,
3583 5083 3638 5137 et

2057 5143 2330 5197 Christum
2387 5145 2438 5197 in
2471 5143 2740 5197 hominem
2783 5142 3631 5212 venisse.,Proptereaisanctum

2058 5214 2407 5284 Evangelium
2439 5215 2613 5282 primo
2642 5213 2760 5266 loco
2808 5215 2984 5284 posuit
3028 5211 3285 5284 Verbum.
3341 5211 3545 5267 Deinde
3572 5214 3639 5266 de

2058 5282 2232 5338 carne
2254 5283 2536 5353 profitetur
2561 5284 2776 5336 dicens:
2801 5299 2820 5332 ι
2853 5282 3082 5353 verbum
3111 5297 3240 5337 caro
3266 5283 3463 5336 factum
3491 5293 3632 5336 est.»

2058 5353 2174 5407 Non
2224 5351 2368 5408 enim
2403 5353 2577 5408 dixit:
2632 5370 2650 5404 ι
2692 5353 2832 5406 (laro
2887 5351 3119 5406 Verbum
3173 5353 3312 5407 facta
3371 5362 3474 5418 est,
3513 5370 3533 5404 ι
3581 5361 3638 5404 ιιι

2057 5428 2364 5478 osmnderet
2419 5425 2647 5492 primum
2699 5423 3040 5476 descendisse
3068 5421 3299 5476 Verbum
3352 5422 3632 5492 decretis.

2059 5504 2114 5548 et
2147 5493 2322 5562 ipsum
2362 5491 2462 5548 sibi
2514 5505 2733 5546 carnem
2787 5492 3049 5546 formasse
3081 5507 3111 5547 e
3169 5502 3370 5546 sancta:
3401 5491 3636 5560 Virginis

2059 5574 2233 5618 utero.
2273 5581 2292 5615 ι
2325 5563 2588 5617 Ctetcrutn
2647 5577 2764 5615 eam
2808 5563 3165 5627 locutionem,
3195 5580 3244 5614 -ι
3303 5564 3440 5616 Caro
3491 5565 3633 5615 tacta

2061 5633 2316 5696 Verbum,
2351 5651 2371 5684 ι
2413 5631 2689 5687 catholicae
2727 5632 2848 5686 tidei
2882 5648 2985 5702 non
3024 5646 3341 5702 repugnare,
3379 5632 3485 5685 into
3509 5645 3632 5684 cum

2061 5704 2171 5773 ipsa
2224 5703 2553 5773 convenire,
2612 5717 2839 5773 eamque
2884 5701 3072 5756 Patres
3112 5701 3634 5773 adhibuisse,docet

2059 5769 2312 5831 Petavius
2337 5771 2416 5830 De
2446 5770 2725 5829 Incarnat.
2754 5769 2854 5830 lib.
2900 5787 2972 5841 IV,
3004 5788 3124 5839 cap.
3156 5772 3209 5839 9,
3244 5789 3390 5828 num.
3431 5769 3472 5825 4
3497 5781 3556 5826 et
3576 5770 3632 5826 5.
