3810 6358
185 345 268 400 lii
1056 339 1456 397 ENARRATIO
1493 340 1560 396 1N
1598 341 1952 401 CANTICUM
1991 343 2458 404 CANTICORUM.

3189 330 3206 336 “
3309 344 3413 404 tte

232 457 392 512 ΣΚΓ,
425 451 617 509 Ποτιῶ
648 453 762 524 (11)
793 469 866 508 σε
887 453 1005 509 ἀπὸ
1041 454 1214 508 οῖνου
1243 453 1350 508 τοῦ
1374 455 1737 525 μυρεψικοῦ.

1911 458 2185 514 CCXXIII.
2221 458 2410 513 Polum
2431 457 2566 510 dabo
2589 455 2681 510 tibi
2708 471 2736 510 e
2765 455 2878 511 vino
2911 459 3279 526 unguentaria.

228 548 300 600 Δι’
329 545 492 616 αὐτὴν
515 544 626 617 γάρ
661 545 756 598 καὶ
787 545 893 599 ἀπὸ
926 545 1068 598 οίνου
1100 543 1254 598 ἔπιεν
1277 561 1291 576 ο
1319 546 1416 600 καὶ
1443 546 1618 602 ταῦτα
1651 547 1742 602 διὰ

175 639 266 692 τῶν
295 637 610 691 ἀποστόλων
639 637 905 709 προέπιεν
941 636 1037 690 τοῦ
1064 636 1368 709 μυρεψικοῦ
1389 654 1402 666 °
1429 639 1567 707 ὅπερ
1605 639 1740 704 ἐστὶ,

174 729 250 782 τοῦ
289 729 737 800 συγκεκραμένου
780 727 858 800 τῷ
897 729 1039 800 ἁγιῳ
1077 728 1395 800 Πνεύματι,
1435 731 1603 802 ὅνπερ
1651 731 1744 782 καὶ

176 821 433 890 προέπιεν,
460 819 635 874 ταῦτα
665 821 843 889 λέγων
862 837 876 850 ·
912 839 932 873 ι
963 820 1194 886 Λάϐετε,
1219 821 1372 874 πίετε
1395 838 1410 854 ·
1437 820 1598 875 τοῦτό
1627 821 1744 873 ἐστι

174 913 224 964 τὸ
245 906 378 983 αἷμά
401 929 526 982 μου,
561 913 622 966 τὸ
649 913 790 982 ὑπὲρ
821 913 975 985 ὑμῶν
1001 912 1382 984 ὲκχυνόμενον.
1418 931 1437 964 ι
1497 912 1623 977 Πῶς
1649 908 1745 966 οῦν

175 1003 294 1074 αὑτὴ
319 1002 516 1057 πιοῦσα
540 1003 630 1057 διά
665 1003 776 1057 τῶν
807 1004 1143 1070 ἀποστόλων,
1171 1004 1333 1058 πάλιν
1364 1003 1529 1057 αὐτὸν
1564 1007 1739 1073 ἑπαγ-

176 1095 399 1164 γίλλεται
426 1096 704 1164 ποτίζεινς
734 1097 785 1149 εί
819 1097 916 1170 μὴ,
953 1095 1138 1160 καθὼς
1160 1095 1506 1168 προείρηται,
1542 1096 1744 1149 ὁπόταν

178 1187 416 1259 μορφωθῇ
445 1189 527 1252 εἰς
556 1188 688 1251 τοὺς
709 1188 1105 1258 νεοφωτίστους
1126 1191 1154 1241 ὁ
1183 1187 1440 1258 Χριστὸς,
1474 1187 1540 1240 δι’
1563 1187 1744 1240 αὐτῶν

175 1279 268 1331 τῶν
292 1279 758 1350 ἀναγεννωμένων
787 1279 1065 1343 ποτίζεται
1092 1279 1200 1333 ἀπὸ
1221 1279 1315 1333 τοῦ
1337 1277 1746 1350 μυστηριώδους

177 1374 410 1442 νάματος.
431 1372 726 1436 Ποτίζεται
756 1391 774 1425 ι
805 1373 912 1427 ἀπὸ
935 1372 1030 1426 τοῦ
1056 1373 1199 1427 οίνου
1225 1371 1319 1425 τοῦ
1347 1370 1674 1443 μυρεψικοῦ,
1717 1389 1736 1423 ι

178 1462 455 1525 τουτέστιν,
493 1462 604 1515 ἀπὸ
641 1461 738 1514 τοῦ
790 1461 1228 1534 μυστηριὼδους,
1254 1454 1316 1516 οὗ
1347 1461 1574 1534 εἴληφεν
1603 1462 1747 1534 παρ’

177 1553 320 1607 αὐτοῦ
352 1555 387 1624 ἡ
426 1552 750 1624 Ἐκκλησία.

232 1645 389 1698 ZKA'.
436 1644 572 1698 Ἀπὸ
606 1643 872 1714 νάματος
892 1643 1056 1714 ῥοῶν
1091 1661 1228 1715 μου.

233 1736 340 1789 Ἰνα
379 1735 534 1807 εἴπῃ,
594 1752 614 1787 ι
675 1735 809 1788 Ἀπὸ
845 1735 1114 1806 νάματος,
1145 1755 1165 1787 ι
1201 1735 1295 1790 τοῦ
1322 1733 1476 1802 λαοῦ,
1517 1736 1576 1800 ὃς
1618 1736 1744 1801 λαὸς

178 1825 583 1898 πολυάνθρωπός
609 1827 748 1889 ἔστι,
782 1821 965 1889 καθὼς
992 1824 1087 1878 καὶ
1116 1823 1456 1890 πολύκοκκος
1488 1828 1524 1898 ἡ
1550 1827 1670 1898 ροἀ.

238 2003 398 2058 Elii-3'.
455 2003 550 2059 Στ.
599 2009 672 2072 γ’.
701 2002 1025 2072 Εὐώνυμος
1050 2003 1236 2058 αὐτοῦ
1266 2003 1384 2059 ὑπὸ
1419 2003 1534 2073 τὴν
1566 2021 1752 2075 nega-

177 2095 290 2162 Jrir.
309 2115 449 2166 μου,
486 2096 586 2151 καὶ
615 2097 654 2165 ἠ
683 2095 851 2160 δεξιὰ
876 2095 1062 2149 αὑτοῦ
1101 2096 1502 2166 περιλήψεται
1533 2115 1632 2168 με.

241 2186 530 2257 Εὐώνυμον
576 2185 672 2240 τοῦ
715 2187 951 2257 νυμφίου
991 2180 1148 2258 οίμαι
1190 2183 1330 2243 εῖναι
1372 2189 1464 2242 τὸν
1503 2190 1748 2263 παρόντα

177 2278 349 2340 αἰῶνα,
374 2278 561 2343 δεξιάν
595 2278 652 2332 δὲ
678 2277 869 2342 αὐτοῦ,
912 2277 1003 2332 τὸν
1045 2280 1330 2351 μέλλοντα,
1363 2281 1508 2336 κατά
1539 2281 1636 2356 τὴν
1663 2283 1743 2337 λέ-

177 2387 357 2438 γουσαν
385 2370 635 2441 Γραφήν⁹
680 2389 699 2422 t
737 2371 928 2442 Μῆκος
956 2370 1066 2443 γάρ
1103 2371 1221 2442 βίου
1252 2372 1344 2426 καὶ
1385 2371 1482 2445 ἔτη
1509 2371 1656 2446 ζωῆς
1687 2376 1745 2428 ἐν

177 2465 234 2532 τῇ
264 2461 408 2533 δεξιᾷ
449 2461 623 2533 αὐτῆς
649 2478 664 2492 ο
710 2461 771 2515 ὲν
798 2461 856 2515 δὲ
884 2465 951 2534 τῇ
997 2463 1264 2536 ἀριστερᾷ
1306 2463 1477 2536 αὐτῆς
1519 2464 1748 2531 πλοῦτος

179 2554 261 2608 καὶ
281 2553 435 2619 δόξαο
473 2572 493 2606 ι
550 2554 640 2608 ἵνα
670 2548 767 2608 οὖν
796 2555 944 2626 εἴπῃ,
988 2556 1074 2609 ὅτι
1115 2554 1208 2608 καὶ
1251 2554 1440 2610 ἐνθάδε
1467 2557 1561 2610 καὶ
1588 2557 1646 2610 ὲν
1672 2556 1750 2628 τῷ

181 2643 408 2714 μέλλοντι
445 2643 610 2698 αίῶνι
659 2644 1006 2716 ἀνυστέρητα
1046 2645 1117 2700 τὰ
1155 2649 1288 2718 παρ’
1318 2647 1506 2702 αὑτοῦ.
1554 2667 1574 2701 ι
1615 2649 1751 2702 ’Υπὸ

178 2736 265 2804 τὴν
290 2735 536 2806 κεφαλήν
567 2750 672 2804 μου
693 2748 708 2763 ·
741 2753 761 2787 ι
793 2734 978 2806 ἐπειδὴ
1007 2735 1219 2807 κεφαλὴ
1243 2735 1414 2807 αὐτῆς
1439 2737 1468 2789 ὁ
1492 2736 1748 2809 Χριστός.

180 2826 344 2880 Πάντα
372 2826 435 2879 δὲ
465 2827 568 2879 ὅσα
597 2823 865 2896 λαμϐάνει
900 2826 1051 2898 παρὰ
1083 2825 1176 2880 τοῦ
1215 2825 1374 2892 Θεοῦ,
1411 2829 1492 2891 είς
1521 2827 1754 2901 ὲλεημου

181 2914 328 2979 σύνας
357 2913 928 2986 κατακερματίζουσα,
945 2913 1103 2986 δῆλον
1123 2915 1206 2970 ὅτι
1234 2915 1313 2988 τῷ
1337 2917 1558 2989 Χριστῷ
1584 2934 1752 2990 προσ-

183 3010 349 3081 φέριιο
404 3008 502 3064 καί
535 3008 714 3075 οὕτως
754 3009 1038 3082 εὐώνυμος
1067 3011 1231 3066 αὐτοῦ
1275 3012 1481 3082 γίνεται
1519 3014 1626 3069 ὑπὸ
1653 3014 1752 3086 τὴν

182 3101 332 3171 αὐτῆς
367 3101 618 3173 κεφαλήν
644 3117 660 3134 ι
711 3101 851 3172 ὅπερ
893 3101 1062 3166 ἐστὶν,
1105 3103 1200 3158 καὶ⁴
1236 3103 1321 3157 τά-
1350 3103 1537 3159 ἐνθάδε
1579 3104 1751 3176 αὐτῆς

181 3157 421 3263 χρήματα
453 3157 585 3246 ’ῠπδι
610 3191 709 3262 τὴν
735 3157 971 3261 Χριστοῦ
1013 3157 1279 3256 ἐξουσίαν.
1309 3157 1395 3247 Τὸν
1420 3157 1498 3260 δε,
1520 3157 1554 3246 γι
1585 3157 1748 3268 vim};
1777 3157 1819 3216 C

181 3282 313 3348 δεξιὰ
341 3282 512 3338 αὑτοῦ
546 3281 908 3355 περιλήψεταί
956 3300 1045 3354 με,
1087 3303 1106 3335 ι
1161 3283 1251 3338 τδν
1297 3283 1562 3356 μέλλοντα
1602 3285 1750 3356 λέγει

182 3374 356 3439 αἰῶνα,
391 3375 454 3427 ὲν
477 3365 523 3440 ᾧ
545 3372 844 3445 κικλήσκει
867 3372 978 3444 (12)
1004 3373 1032 3426 ὀ
1057 3372 1220 3438 καλὸς
1244 3374 1469 3447 ποιμὴν,
1500 3375 1752 3449 καθάπερ

183 3463 675 3536 ἑπιλαμόανόμενος
705 3461 888 3518 αὐτῶν
919 3463 1104 3532 λέγει’
1135 3481 1155 3516 ι
1201 3464 1400 3533 Δεῦτε,
1439 3467 1488 3520 oi
1529 3467 1754 3539 εὐλογη-

184 3555 322 3624 μένοι
349 3555 447 3610 τοῦ
489 3554 708 3628 Πατρός
741 3573 875 3626 μου,
913 3555 1362 3628 κληρονομήσατε
1397 3555 1498 3630 τὴν
1527 3561 1755 3632 ἡτοιμα-

184 3649 370 3720 σμένην
401 3647 688 3720 βασιλείαν
708 3648 836 3713 ἀπὸ,
858 3667 877 3700 ι
908 3666 965 3703 κ.
989 3666 1039 3704 τ.
1064 3647 1118 3704 λ.

254 3739 440 3806 Σκςν.
485 3741 582 3793 Στ.
630 3739 698 3795 δν.
750 3739 1004 3809 Ὠρκισα
1046 3737 1226 3808 ὑμᾶς,
1267 3739 1590 3811 θυγατέρες
1647 3743 1756 3798 Ἰεο

181 3831 516 3900 mulius,
571 3831 644 3885 ὲν
685 3829 818 3897 ταῖς
844 3830 1140 3901 δυνάμεσι
1177 3831 1279 3886 καί
1341 3831 1456 3906 (l3)
1507 3833 1578 3888 ἐν
1630 3835 1760 3903 ταῖς

185 3923 460 3991 ισχύσεσι
511 3922 700 3992 ἀγ·ροῦ
722 3939 739 3956 ο
766 3923 826 3976 τί
866 3922 1129 3993 dre/puts
1158 3923 1257 3978 καί
1287 3924 1620 3996 ὲξετείρητε
1647 3929 1758 3999 (14)

185 4013 287 4083 τὴν
315 4014 564 4085 ἀγάπην
593 4015 708 4081 ἕως
734 4009 808 4071 οὗ
835 4015 1068 4085 θελήσῃ
1084 4030 1105 4081 ;

255 4107 578 4180 Ἑνδελεχῶς
603 4106 849 4176 ἔγκειται
881 4104 1109 4171 ἀξιοῦσα
1143 4105 1280 4178 (15),
1309 4107 1407 4162 καὶ
1439 4105 1561 4179 μέθ’
1594 4107 1760 4180 ὅρκου

185 4201 272 4264 τὰς
311 4201 498 4272 ψυχάς
552 4197 665 4252 τῶν
716 4197 888 4268 ἁγίων
920 4195 1256 4270 πρεσϐεῦσαι
1297 4198 1437 4272 ὑπὲρ
1464 4199 1624 4271 ἡμῶν
1653 4198 1764 4252 τῶν

187 4293 520 4366 ἁμαρτωλῶν
544 4307 560 4324 ’
607 4291 696 4345 ἵνα
746 4291 845 4362 τὴν
885 4291 1109 4362 ἀγάπην
1156 4289 1384 4364 κυρώσῃ
1420 4292 1502 4356 είς
1549 4291 1697 4362 ἡμᾶς
1735 4291 1765 4344 ὁ

186 4384 429 4454 Χριστὸς,
464 4383 576 4449 ἕως
612 4382 682 4436 ἂν
729 4383 877 4454 ἡμᾶς
929 4381 1246 4454 παραλάϐῃ,
1275 4381 1352 4446 ὡς
1383 4382 1548 4436 Δασὶδ
1579 4382 1762 4451 λέγει’

191 4496 207 4526 ι
240 4477 342 4530 Καὶ
365 4479 428 4532 ὲν
452 4479 524 4547 τῇ
565 4476 697 4546 σκιᾷ
735 4473 847 4528 τῶν
874 4472 1162 4546 πτερύγων
1206 4489 1302 4527 σου
1341 4472 1530 4538 ὲλπιῶ,
1569 4473 1681 4537 ἕως
1701 4466 1764 4527 οῦ

188 4569 420 4641 παρέλθῃ
455 4569 490 4640 ἡ
538 4566 759 4638 ἀνομία.
792 4584 813 4618 s
846 4565 980 4619 Τότε
1027 4565 1137 4638 γὰρ
1179 4565 1330 4636 ἡμᾶς
1368 4563 1704 4636 παρέρχεται
1729 4566 1764 4636 ὴ

188 4660 394 4730 ἀνομία,
453 4661 589 4714 ὅταν
649 4657 918 4729 κληθῆναι
965 4657 1057 4711 ὑπ’
1108 4654 1273 4710 αὐτοῦ
1318 4655 1763 4726 καταξιωθῶμεν,

189 4753 356 4817 καθὼς
388 4753 489 4808 καὶ
521 4754 553 4805 ὁ
591 4752 862 4822 μακάριος
901 4749 1218 4814 Ἀπόστολος
1244 4749 1490 4820 εἴρηκεν·
1526 4768 1544 4802 ι
1579 4747 1638 4803 '0
1660 4749 1767 4821 γὰρ

191 4844 470 4898 ἀποθανὼν
501 4842 851 4896 δεδικαίωται
890 4842 1000 4896 ἀπὸ
1034 4841 1138 4912 τῆς
1162 4841 1457 4913 ἁμαρτίας.
1496 4857 1516 4891 ι

251 4937 418 4991 ΣΚΖν.
458 4935 554 4988 Στ.
583 4939 648 4988 ε’.
688 4933 749 4988 Τι’
753 4953 786 4999 ς
811 4931 962 5000 αὕτη
993 4931 1408 4987 ἀναϐαίνουσα
1439 4933 1767 4986 lucustar-

191 5028 433 5097 θισμένη
459 5066 475 5094 ,
531 5023 1026 5095 ἐπιστηριζομένη
1097 5022 1198 5077 ἐπὶ
1260 5021 1370 5078 τὸν
1438 5020 1766 5091 damma

190 5119 364 5187 αὐτῆς
384 5137 403 5186 ;

1914 549 2014 605 Per
2048 553 2218 620 ipsam
2267 550 2413 604 enim
2459 547 2594 604 bibit
2641 550 2707 603 de
2748 547 2908 610 vino;
2972 550 3269 618 praesertim
3319 565 3416 620 per

1842 639 2112 708 apostolos
2161 639 2407 710 praebibit
2454 653 2519 693 ex
2569 638 2963 707 unguentario;
3015 639 3066 693 id
3104 648 3206 706 est,
3252 641 3416 693 misto

1843 743 1964 782 cum
2023 739 2211 784 sancto
2267 725 2508 797 Spiritu,
2561 730 2705 798 quod
2759 737 2814 782 et
2861 727 3129 798 praabibit,
3185 729 3413 783 dicens:

1849 837 1868 872 ι
1899 818 2165 890 Accipite,
2213 818 2382 874 bibite
2415 840 2427 874 :
2462 820 2548 874 hic
2589 831 2669 874 est
2707 821 2927 890 sanguis
2970 834 3142 884 meus,
3183 819 3273 889 qui
3321 835 3417 889 pro

1843 909 1994 965 vobis
2025 909 2330 966 eﬂ‘undetur
2358 911 2426 964 ⁷⁸.
2449 929 2468 963 ι
2511 911 2787 979 Quomodo
2828 911 2988 981 igitur
3017 911 3128 979 illa,
3169 925 3291 966 cum
3322 927 3418 982 per

1843 1000 2115 1066 apostolos
2179 1001 2397 1071 biberit,
2448 1018 2637 1060 rursus
2681 1004 2945 1074 promittit
2993 1003 3122 1060 illud
3174 1004 3307 1059 dare
3361 1006 3416 1059 in

1845 1091 2068 1160 potum?
2118 1092 2245 1158 nisi,
2288 1103 2347 1148 ut
2382 1092 2585 1150 dictum
2628 1105 2732 1162 est,
2773 1109 2896 1150 cum
2948 1094 3210 1151 formatus
3257 1096 3328 1152 sit
3362 1097 3416 1152 in

1848 1198 2020 1253 nuper
2043 1183 2358 1241 illuminatis
2384 1184 2654 1251 Christus,
2687 1201 2784 1255 per
2817 1186 2962 1256 ipsos
2984 1196 3329 1256 regeneratos
3350 1203 3416 1242 ex

1846 1276 2076 1346 mystico
2107 1276 2264 1332 latice
2295 1287 2467 1346 potat.
2513 1297 2532 1329 ‹
2560 1277 2600 1332 Ε
2642 1277 2768 1333 vino
2799 1279 3152 1348 unguentaria
3179 1298 3197 1332 ι
3245 1289 3416 1350 potat,

1846 1364 1898 1418 id
1924 1375 2028 1430 est,
2070 1381 2101 1421 e
2145 1368 2373 1437 mystico
2410 1366 2568 1421 latice
2596 1381 2756 1436 quem
2800 1367 2867 1420 ab
2907 1365 3021 1436 ipso
3061 1367 3269 1437 accepit
3310 1364 3416 1420 Ec-

1845 1457 2033 1512 clesia.

1916 1631 2192 1690 CCXXlV.
2239 1637 2312 1691 De
2335 1637 2487 1692 latice
2517 1637 2827 1707 punicorunt
2861 1639 3122 1692 malorum
3147 1637 3417 1695 ’meorum.

1918 1727 2082 1792 Quasi
2117 1730 2261 1785 dicat
2314 1732 2417 1786 «de
2448 1730 2628 1796 latice,
2653 1748 2673 1783 ι
2727 1731 2778 1784 id
2810 1741 2912 1796 est,
2957 1731 3023 1786 de
3050 1731 3279 1802 populo;
3329 1734 3421 1802 qui

1772 1817 1817 1873 Β
1845 1819 2072 1888 populus
2133 1835 2164 1876 e
2217 1821 2403 1878 multis
2452 1821 2762 1878 hominibus
2797 1830 3026 1888 constat,
3073 1831 3130 1876 ut
3167 1836 3197 1877 e
3239 1822 3422 1877 multis

1851 1914 2035 1986 granis
2061 1913 2258 1969 malum
2293 1913 2566 1983 punicum.

1919 2004 2172 2063 CCXXV.
2217 2005 2371 2062 Vers.
2414 2006 2468 2060 5.
2517 2005 2672 2062 qua
2707 2007 2819 2076 ejus
2865 2008 2959 2061 sub
3005 2006 3174 2075 capite
3210 2019 3338 2070 meo,
3374 2015 3421 2057 et

1846 2098 2063 2151 dextera
2086 2095 2231 2150 illius
2257 2093 2642 2164 amplexabitur
2669 2113 2769 2152 me.

1899 2189 2134 2245 ‘Laevam
2161 2175 2343 2261 sponsi
2368 2199 2497 2261 puto
2519 2205 2640 2247 esse
2663 2207 2900 2261 praesens
2923 2192 3208 2258 saeculum;
3240 2194 3424 2247 dexte-

1853 2295 1971 2334 ram
1997 2294 2128 2336 vero
2170 2280 2360 2350 ipsius,
2401 2279 2677 2334 futurum:
2721 2279 2876 2349 juxta
2911 2279 3264 2351 Scripturam,
3305 2295 3427 2349 qua:

1848 2370 2023 2426 dicit:
2061 2369 2413 2442 «Longitudo
2463 2371 2609 2427 enim
2662 2372 2840 2426 aetatis
2900 2378 2954 2427 et
3017 2370 3144 2426 anni
3195 2370 3312 2425 vita:
3367 2371 3422 2424 in

1850 2462 2071 2517 dextera
2110 2462 2316 2533 ipsius;
2365 2461 2418 2516 in
2473 2462 2696 2516 sinistra
2737 2476 2868 2517 vero
2918 2461 3085 2532 ipsius
3127 2461 3325 2517 divitia:
3370 2473 3426 2516 et

1850 2554 2020 2626 gloria
2054 2555 2098 2586 ‘”
2135 2571 2148 2608 :
2189 2573 2208 2606 ι
2253 2554 2409 2624 quasi
2450 2554 2619 2620 dicat,
2651 2563 2708 2609 et
2732 2553 2824 2610 hic
2854 2565 2909 2610 et
2935 2555 2989 2609 in
3021 2553 3200 2608 futuro
3225 2553 3425 2608 saeculo

1853 2645 2225 2701 inamissibilia
2250 2661 2369 2716 qua:
2392 2644 2566 2700 abillo
2597 2645 3032 2716 proﬁciscuntur.
3065 2663 3086 2697 ι
3117 2644 3229 2700 Sub
3251 2645 3428 2714 capite

1851 2749 2007 2802 meo;
2031 2748 2056 2788 ι
2109 2734 2544 2805 quandoquidem
2584 2744 2745 2806 caput
2775 2734 2942 2802 ipsius
2971 2744 3054 2790 est
3085 2733 3332 2791 Christus
3355 2735 3420 2788 τ’.

1851 2825 2045 2882 Omnia
2083 2841 2210 2882 vero
2245 2841 2364 2896 quas
2419 2842 2447 2880 a
2500 2827 2606 2882 Deo
2655 2828 2889 2898 accipit,
2950 2827 3004 2882 in
3057 2826 3428 2898 elecmosynas

1852 2919 2194 2988 dispertiens,
2258 2917 2605 2974 manifestum
2655 2920 2796 2991 quod
2844 2933 2908 2975 ea
2959 2918 3120 2975 oll’ert
3166 2918 3426 2986 Christo;

1853 3023 2016 3081 atque
2055 3011 2130 3066 ita
2175 3011 2307 3068 laeva
2353 3010 2472 3080 ejus
2521 3023 2608 3068 cst
2661 3012 2762 3066 sub
2809 3011 2984 3081 capite
3038 3025 3176 3079 suo;
3232 3011 3284 3066 id
3323 3020 3426 3073 est,

1856 3118 1990 3174 quas
2012 3101 2067 3155 in
2093 3103 2196 3157 hoc
2218 3101 2415 3158 saeculo
2438 3101 2655 3157 divitias
2685 3099 2866 3164 habet,
2895 3110 3018 3155 sunt
3046 3100 3148 3156 sub
3167 3108 3432 3170 potestate
3527 3145 3532 3149 .

1852 3195 2076 3250 Christi.
2109 3193 2240 3248 illud
2267 3209 2417 3262 vero,
2449 3211 2471 3248 ι
2502 3194 2567 3248 Et
2599 3194 2820 3248 dextera
2850 3192 2994 3248 illius
3038 3192 3432 3262 amplexabitur

1854 3299 1960 3350 me,
1987 3303 2006 3336 ι
2039 3283 2444 3354 intelligendum
2477 3283 2544 3338 de
2584 3281 2765 3336 futuro
2800 3281 3020 3347 saeculo,
3052 3281 3105 3334 in
3141 3295 3248 3351 quo
3276 3289 3432 3335 vocat

1851 3375 2026 3443 jnstos
2065 3375 2237 3428 bonus
2289 3371 2476 3426 Pastor
2525 3372 2670 3426 velut
2715 3384 2882 3436 oves,
2926 3381 2982 3426 ct
3040 3371 3108 3425 ad
3154 3371 3432 3426 dexteram

1857 3465 2173 3531 constituit;
2227 3471 2280 3517 et
2329 3461 2492 3517 veluti
2545 3476 2640 3518 eos
2687 3461 2954 3532 arripiens
3016 3461 3138 3517 ait:
3176 3479 3194 3512 ι
3223 3461 3434 3528 Venite,

1859 3551 2131 3613 benedicti
2163 3555 2343 3612 Patris
2371 3554 2501 3622 mei,
2533 3554 2759 3626 accipite
2786 3569 3010 3623 regnum
3038 3563 3285 3625 paratum
3313 3553 3377 3620 ⁷³,
3409 3571 3430 3605 ι

1856 3660 1964 3707 CIC.

1927 3740 2186 3798 CCXXVI
2208 3782 2222 3796 .
2242 3739 2398 3796 Vcrs.
2418 3739 2470 3795 4.
2504 3739 2759 3810 Adjuravi
2785 3754 2894 3806 vos,
2921 3738 3050 3808 ﬁlice
3081 3735 3435 3800 Hierusalem,

1860 3835 1915 3889 in
1942 3835 2216 3889 virtutibus
2249 3844 2296 3888 et
2324 3834 2379 3887 in
2405 3833 2599 3888 viribus
2628 3833 2744 3902 agri
2773 3845 2790 3884 :
2822 3841 2876 3885 ut
2903 3831 3031 3902 quid
3060 3829 3439 3884 suscitaveritis

1861 3935 1912 3982 et
1943 3926 2385 3982 exsuscitaveritis
2418 3924 2727 3979 charitatem
2756 3923 2918 3978 donec
2957 3921 3075 3976 velit
3099 3922 3124 3974 ?

1933 4102 2268 4159 lncessanter
2296 4102 2463 4157 instat
2484 4116 2702 4174 rogans,
2731 4101 2896 4156 etiam
2921 4114 3044 4156 cum
3077 4099 3440 4169 adiuratione,

1865 4196 2074 4250 animas
2101 4204 2434 4260 sanctorum,
2469 4203 2528 4249 ut
2560 4209 2658 4265 pro
2687 4193 2844 4248 nobis
2873 4192 3248 4262 peccatoribus
3280 4192 3444 4247 inter-

1866 4285 2084 4351 cedant,
2130 4293 2189 4338 ut
2228 4285 2572 4340 dilectionem
2623 4298 2750 4352 erga
2801 4297 2901 4336 nos
2946 4279 3199 4338 Christus
3245 4281 3444 4336 conﬁr-

1867 4385 2000 4444 met,
2050 4377 2222 4431 donec
2271 4391 2370 4431 nos
2403 4376 2657 4445 accipiat,
2709 4383 2766 4430 ut
2813 4375 2888 4428 ait
2933 4374 3150 4428 David:
3207 4391 3225 4425 ι
3283 4374 3348 4428 Et
3388 4375 3442 4428 in

1868 4466 2060 4521 umbra
2084 4465 2292 4520 alarum
2324 4475 2534 4520 tuarum
2567 4466 2815 4536 sperabo,
2851 4464 3023 4520 donec
3069 4473 3313 4519 transeat
3343 4465 3446 4519 ini-

1869 4558 2049 4627 quitas
2073 4557 2141 4611 ".
2174 4576 2194 4609 ι
2226 4557 2376 4612 Tunc
2395 4558 2540 4612 enim
2566 4571 2664 4611 nos
2694 4557 2989 4626 pertransit
3015 4555 3292 4624 iniquitas,
3319 4568 3444 4608 cum

1869 4649 2018 4722 digni
2048 4649 2312 4705 fuerimus
2350 4650 2499 4716 facti,
2532 4649 2624 4718 qui
2661 4650 2729 4702 ab
2763 4661 2828 4702 eo
2857 4662 3150 4713 vocemur;
3184 4647 3446 4715 quemad-

1871 4740 2088 4796 modum
2120 4739 2258 4794 dixit
2291 4739 2480 4804 beatus
2518 4738 2804 4808 Apostolus
2833 4756 2847 4793 :
2880 4754 2899 4788 ι
2937 4737 3036 4804 Qui
3068 4747 3314 4792 mortuus
3337 4745 3443 4803 est,

1755 4846 1770 4864 ο
1866 4832 2192 4904 justiticatns
2216 4841 2298 4887 est
2323 4846 2352 4885 a
2383 4841 2605 4902 peccato
2641 4831 2710 4883 ’⁵.
2748 4847 2768 4882 ι

1944 4923 2242 4981 CCXXVII.
2291 4921 2441 4980 Vers.
2498 4922 2552 4976 5.
2595 4919 2728 4986 Qui:
2771 4927 2845 4972 est
2896 4918 3000 4971 ista
3052 4933 3170 4985 qua:
3209 4916 3446 4972 ascendit

1873 5018 2138 5083 dealbala,
2159 5018 2344 5072 innixa
2361 5032 2516 5087 super
2537 5012 3017 5084 fratruelemsuum
3037 5009 3064 5062 .’

257 5235 300 5266 "
330 5234 529 5290 Matth.
566 5244 722 5296 τινι,
751 5227 938 5284 26-28.
1016 5227 1061 5259 '"
1096 5225 1257 5283 Prov.
1291 5240 1374 5292 ιιι,
1417 5221 1505 5280 16.
1585 5224 1632 5256 ⁷⁸
1689 5221 1748 5294 Ει

1869 5259 1893 5276 χ.
1953 5236 2009 5288 ν,
2065 5219 2158 5276 23.
2253 5219 2299 5252 ⁷⁸
2356 5218 2544 5275 Mattn.
2600 5231 2726 5282 xxv,
2777 5215 2869 5271 '54.
2943 5214 2990 5247 ⁷⁸
3027 5211 3174 5270 Psal.
3226 5228 3344 5281 ινι,
3392 5211 3448 5267 9...

192 5300 230 5336 ’⁵
260 5305 414 5360 llam.
456 5319 546 5368 Vl,
574 5301 630 5356 7.

256 5443 362 5514 (11)
396 5441 595 5514 aldina
639 5436 804 5492 editio
827 5393 990 5514 habeat
1023 5431 1223 5514 διδάξει
1255 5449 1345 5503 με,
1379 5428 1668 5514 ποτιῶλσε.

253 5500 364 5583 (123
404 5512 498 5567 Sic
529 5524 724 5583 σπι-ηεξ
749 5505 906 5583 codd.
942 5500 1408 5583 Legettdtttti'puto
1454 5500 1763 5583 κικλήσκει.

257 5570 366 5655 (15)
407 5584 508 5636 Ἐν
531 5578 662 5642 ταῖς
683 5575 979 5655 δυνάμεσςι
1006 5570 1454 5655 νξιαιτςιιίιεχοεθε
1470 5570 1627 5625 habet
1642 5572 1764 5625 cod.

199 5642 361 5708 Alex:
384 5669 524 5724 quas
549 5665 657 5724 non
679 5642 920 5724 reperias
943 5646 998 5699 in
1034 5642 1207 5724 yalic.
1227 5642 1386 5724 edit;
1428 5709 1462 5724 Δ,

263 5724 370 5791 (Μ)
399 5708 471 5777 ’Τί
496 5721 678 5791 ἐτειρ.
713 5708 789 5771 lia
817 5716 986 5791 codex
1023 5714 1180 5791 Alex.
1211 5730 1226 5778 ;
1261 5722 1318 5766 at
1342 5709 1520 5766 Vatic.
1539 5708 1648 5791 fda
1674 5709 1762 5778 ἐγ.

201 5781 285 5850 καὶ
315 5781 413 5850 ἐὰν
440 5781 589 5864 ἐξεγ.
615 5781 689 5848 Et
718 5785 968 5858 superius
1002 5785 1218 5873 quidem
1245 5799 1364 5854 cap.
1420 5795 1504 5847 ιιι,
1536 5781 1590 5851 5,
1625 5795 1766 5864 prae:

1879 5432 1980 5488 fert
2007 5441 2232 5501 uterque
2268 5429 2437 5485 codex
2463 5427 2578 5481 ὲάν.
2604 5424 2729 5501 Haec
2779 5423 2968 5501 omisit
2993 5423 3046 5478 in
3078 5436 3171 5478 sua
3204 5420 3451 5475 versione

1866 5504 1934 5558 cl.
1962 5496 2262 5570 interpres;
2298 5514 2422 5568 qua:
2461 5498 2746 5571 itareddit
2775 5496 3134 5571 salutatus,_¢
3168 5503 3226 5545 ut
3257 5505 3450 5571 exsus-

1866 5575 2046 5628 citetis
2085 5561 2138 5627 ἐι
2181 5561 2671 5643 evigi'larelaciatis
2701 5561 3447 5643 charitatem,donec_ve‘lit.i

1902 5644 2052 5781 ξαρ)
2086 5643 2178 5699 Sic
2211 5631 2493 5701 emendavi
2543 5652 2782 5696 errorem
2815 5636 3082 5701 codicum,
3136 5632 3228 5702 qui
3256 5631 3448 5687 habent

1931 5731 2113 5769 εουσα.

1868 5713 2113 5769 ὲξεοῦσα.
