3810 6292
355 353 454 408 147

1449 347 1768 405 PHILONIS
1803 345 2108 403 EPISCOPI
2151 306 2467 402 assessu

3502 345 3604 400 148

353 468 537 539 tempti
573 475 718 534 sunt,
758 477 819 524 ut
845 469 917 524 ait
952 476 1174 525 sanctus
1213 467 1501 540 Apostolus
1538 487 1551 523 :
1594 486 1614 519 ι
1646 466 1923 537 Tanquam

2110 464 2190 519 τοῦ
2213 461 2691 534 ὲξουδενουμὲνων,
2714 459 2788 525 ὥς
2811 476 2974 532 φησιν
2996 460 3025 514 ὀ
3055 457 3207 528 ἅγιος
3244 457 3604 521 Ἀπόστολος·

353 570 700 630 purgamenta
734 561 921 618 mundi
948 561 1075 618 facti
1104 575 1290 616 sumus
1338 560 1418 626 ἰις
1451 578 1472 612 ι
1516 574 1614 614 nec
1641 558 1814 614 solum
1855 555 1920 610 de

354 648 508 718 ipsis,
542 651 636 706 sed
671 651 834 706 etiam
878 651 945 706 de
1000 650 1224 706 Domino
1268 659 1456 706 nostro
1495 647 1620 704 Jesn
1664 649 1916 713 Christo,

353 741 442 810 qui
483 741 649 796 vitam
698 757 851 797 suam
893 756 1107 799 omnem
1157 740 1305 797 dedit
1344 755 1441 810 pro
1483 740 1749 795 charitate
1793 753 1920 809 erga

356 843 480 895 nos,
519 848 539 883 ι
575 829 893 901 Exspolians
925 830 1260 901 principatus
1285 838 1339 885 et
1366 837 1660 900 potestates
1691 828 1737 863 ⁸⁸
1760 871 1776 895 ,
1815 847 1834 881 ι
1867 837 1923 883 et

359 936 379 970 ι
419 930 638 989 propter
683 933 780 975 nos
808 934 1007 990 egenus
1050 917 1224 975 factus
1240 919 1318 985 ⁸⁸,
1350 937 1373 972 ι
1407 927 1463 973 ct
1491 937 1510 970 ι
1534 919 1760 974 formam
1781 919 1920 974 servi

355 1011 625 1082 accipiens
657 1010 770 1077 ⁸⁷,ι
803 1021 859 1066 et
882 1013 1164 1083 despectus
1203 1029 1234 1067 a
1266 1010 1606 1082 pontiﬁcibus
1637 1020 1692 1067 et
1731 1011 1925 1067 scribis

356 1102 575 1174 populi,
636 1111 692 1157 et
745 1103 813 1157 ab
860 1102 1072 1159 Herode
1133 1111 1532 1172 contemptus:
1605 1121 1624 1155 ι
1686 1101 1926 1157 Herodes

356 1191 502 1246 enim
543 1190 690 1247 illum
718 1194 1039 1264 contempsit
1062 1232 1078 1259 ,
1105 1203 1160 1248 et
1186 1193 1253 1248 ad
1278 1191 1512 1248 Pilatum
1549 1192 1759 1248 remisit
1785 1191 1852 1246 ⁸⁸.
1899 1210 1917 1243 ι

427 1452 759 1512 CCXXXVI.
820 1455 975 1513 Vers.
1040 1457 1095 1514 8.
1165 1457 1332 1514 Soror
1390 1467 1569 1512 nostra
1615 1474 1822 1527 parva,
1877 1467 1926 1513 et

359 1545 518 1600 ubera
547 1561 650 1600 non
677 1548 849 1604 habet.

431 1635 657 1700 Quando
695 1638 874 1710 anima
925 1638 978 1694 iu
1012 1637 1291 1696 Christum
1341 1639 1656 1708 crediderit,
1686 1649 1742 1694 et
1787 1639 1928 1696 divi-

363 1739 556 1802 norum
624 1727 1001 1784 mandatorum
1062 1738 1374 1786 accuratam
1444 1745 1550 1786 non
1624 1731 1929 1801 perceperit

361 1814 665 1884 scientiam,
693 1826 749 1872 et
788 1820 1016 1875 duorum
1049 1820 1520 1896 Testamentorum
1565 1823 1926 1894 cognitionem
1962 1817 2003 1872 Β

363 1919 468 1959 non
503 1905 716 1974 habeat,
743 1909 811 1965 de
842 1911 944 1965 hac
967 1911 1070 1966 dici
1094 1920 1304 1981 potest:
1338 1931 1358 1965 ‹
1388 1913 1555 1969 Soror
1587 1925 1771 1969 nostra
1804 1928 1931 1983 par-

363 2010 427 2049 va
463 2015 477 2052 :
517 2017 537 2051 ι
579 1999 681 2056 hoc
721 2012 826 2069 est,
855 2003 1090 2058 nondum
1139 2005 1310 2060 crevit
1335 2005 1458 2072 ﬁde,
1488 2006 1540 2060 id
1564 2014 1668 2072 est,
1704 2006 1932 2060 duorum

365 2085 836 2148 Testamentorum
864 2095 1110 2150 notitiam
1158 2111 1263 2152 non
1307 2097 1557 2167 accepit:
1617 2105 1932 2153 tamennon

327 2178 649 2250 propterea
705 2186 1039 2256 repudiatur,
1090 2188 1182 2242 sed
1231 2203 1291 2244 se
1331 2189 1519 2260 perﬁci
1556 2192 1826 2246 obsecrat.
1876 2187 1933 2245 Si

363 2273 507 2328 enim
533 2275 867 2335 solummodo
916 2280 1163 2335 timorem
1197 2279 1290 2337 Dei
1319 2291 1376 2338 et
1406 2281 1564 2340 ﬁdem
1593 2282 1790 2339 habeat
1817 2284 1936 2339 ani-

366 2381 478 2433 ma,
527 2369 833 2438 cognitione
873 2380 1053 2434 tamen
1085 2373 1157 2430 sit
1203 2371 1447 2440 interior,
1488 2389 1594 2430 non
1651 2384 1936 2446 propterea

366 2459 948 2530 reprobatur.¢blelior
972 2463 1118 2519 enim
1154 2474 1262 2532 est,
1294 2483 1317 2518 I.
1343 2466 1419 2520 ait
1454 2463 1762 2535 Scriptura,
1789 2483 1809 2518 ι
1845 2466 1936 2536 qui

365 2549 630 2605 minuitur
669 2552 898 2608 scientia
929 2568 1051 2610 cum
1099 2554 1315 2622 timore,
1363 2571 1525 2627 quam
1571 2555 1662 2626 qui
1699 2557 1939 2614 abundat

366 2641 568 2697 astutia
584 2642 820 2712 etlegem
838 2644 1235 2713 transgreditur
1252 2646 1319 2702 ⁸⁸.
1341 2665 1467 2700 ι--ι
1478 2645 1594 2702 Non
1616 2647 1760 2705 enim
1788 2647 1942 2704 audi-

367 2743 518 2790 tores
548 2735 684 2806 legis
709 2734 840 2804 justi
877 2737 1017 2807 apud
1048 2735 1244 2804 Deum,
1278 2739 1372 2794 sed
1420 2736 1657 2795 factores
1682 2739 1817 2810 legis
1852 2741 1938 2811 ju-

368 2823 753 2881 stiﬁcabuntur
799 2824 868 2882 '0.
905 2845 926 2879 ι
979 2824 1331 2883 Dilectionem
1381 2828 1579 2884 habeat
1621 2830 1823 2894 anima,
1889 2840 1944 2886 et

369 2930 527 2972 soror
557 2926 784 2974 vocatur
823 2917 1117 2990 Uuigeniti,
1147 2918 1272 2975 licet
1306 2919 1552 2975 scientia:
1597 2935 1708 2975 non
1745 2921 1941 2976 admo-

369 3007 498 3063 dum
530 3009 600 3065 sit
628 3010 828 3081 perita:
848 3029 868 3063 ι
903 3010 1136 3067 Scientia
1169 3011 1312 3068 enim
1343 3011 1512 3078 inﬂat,
1541 3013 1780 3068 charitas
1811 3027 1940 3068 vero

370 3099 605 3155 aediﬁcat
633 3101 700 3157 υ.
735 3121 754 3155 ι

443 3189 798 3248 CCXXXVII.
843 3193 982 3260 Quid
1029 3195 1285 3265 faciemus
1335 3196 1506 3250 sorori
1550 3203 1744 3250 nostra:
1780 3197 1837 3250 in
1861 3157 2017 3250 disc

372 3301 476 3354 qua
515 3303 685 3342 sermo
712 3286 804 3356 ﬁet
829 3288 882 3343 in
909 3303 970 3342 ea
989 3290 1014 3341 Ρ

303 3455 305 3457 ι
448 3377 542 3434 lim
567 3389 714 3447 sunt,
745 3381 960 3452 opinor,
1002 3391 1311 3438 sanctorum
1345 3382 1729 3452 magistrorum
1767 3395 1946 3446 voces,

373 3480 430 3526 et
456 3472 836 3543 praphetarum
866 3483 920 3529 et
947 3475 1314 3546 apostolorum
1340 3475 1406 3531 ad
1434 3491 1527 3531 eos
1557 3475 1648 3546 qui
1692 3475 1953 3545 pnedioa-

379 3565 578 3622 tionem
629 3585 732 3623 non
785 3577 1148 3640 acceperunt,
1191 3579 1250 3626 ut
1287 3570 1364 3624 ait
1411 3569 1578 3625 Isaias
1610 3589 1622 3626 :
1657 3587 1675 3620 ι
1707 3568 1951 3634 Domine,

377 3659 501 3727 quis
523 3660 753 3716 credidit
775 3661 980 3716 auditui
1007 3671 1213 3728 nostro,
1239 3671 1295 3719 et
1321 3661 1602 3717 brachium
1634 3659 1847 3714 Domini
1864 3660 1950 3715 cui

377 3750 673 3806 revelatum
719 3752 900 3806 est"?
935 3770 954 3804 ι
993 3751 1256 3808 Similiter
1305 3761 1361 3806 et
1403 3750 1668 3806 Jeremias
1730 3768 1744 3806 :
1809 3767 1830 3802 ι
1872 3750 1951 3804 Ad

378 3856 542 3911 quem
566 3840 782 3911 loquar,
809 3851 864 3897 et
889 3842 1252 3908 contestabor,
1289 3849 1344 3897 et
1378 3842 1673 3897 exaudiet?
1707 3840 1847 3897 Ecce
1873 3843 1956 3896 in-

377 3934 713 3990 circumcisa:
736 3949 895 3998 aures
923 3949 1132 4002 eorum,
1153 3943 1209 3991 et
1235 3950 1342 3990 non
1361 3943 1614 4005 poterunt
1633 3934 1904 3990 audire”.
1931 3951 1950 3984 ι

379 4028 670 4098 Propterea
709 4046 730 4081 ι
757 4028 897 4096 Quid
932 4027 1194 4083 iaciemus
1238 4025 1451 4082 sorori?
1479 4044 1499 4079 »
1551 4024 1772 4080 Fratres
1810 4023 1954 4080 enim

380 4130 510 4176 sunt
540 4120 784 4176 inﬁdeles
819 4119 1114 4176 secundum
1135 4119 1319 4176 carnis
1347 4119 1742 4190 cognationem.

451 4229 828 4286 CCXXXVIII.
859 4231 1017 4287 Vers.
1048 4229 1102 4286 9.
1154 4228 1213 4285 Si
1254 4244 1435 4284 murus
1479 4237 1591 4297 est,
1635 4226 1956 4298 wdiﬁcemur

380 4337 538 4390 super
561 4337 676 4376 eam
707 4321 932 4376 laminas
967 4332 1260 4393 argenteas.

452 4413 536 4468 Ad
578 4414 720 4469 hunc
749 4415 965 4469 modum
991 4455 1007 4481 ,
1040 4425 1098 4470 ut
1119 4413 1356 4471 arbitror
1386 4429 1403 4469 :
1430 4413 1486 4470 Si
1521 4415 1724 4483 credit,
1760 4424 1814 4470 et
1852 4429 1957 4470 non

2026 575 2045 608 ι
2081 557 2290 629 Ὠσπερ
2331 554 2442 628 (54)
2476 556 2524 609 εί
2567 552 2893 624 καθάρματα
2948 551 3043 607 τοῦ
3099 552 3304 624 κόσμου
3342 550 3610 621 ἐγενήθη⁹

2023 665 2151 719 μεν·
2185 666 2203 700 t
2240 647 2330 701 καὶ
2368 647 2428 700 οὐ
2474 645 2632 718 μόνον
2664 645 2791 718 περὶ⁵
2818 645 3016 711 αὐτῶν,
3043 643 3180 698 ἀλλὰ
3204 643 3301 697 καὶ¹
3335 642 3462 713 περὶ
3507 641 3609 694 αὖ-

2020 737 2114 793 τοῦ
2156 737 2250 792 τοῦ
2304 739 2510 810 Κυρίου
2560 737 2718 809 ήμῶν
2770 735 2946 806 Ἰησοῦ
2999 733 3235 806 Χριστοῦ
3279 733 3515 805 εἴρηται,
3547 730 3611 795 ὃς

2021 826 2199 879 πάντα
2231 825 2322 879 τὸν
2374 824 2486 895 βίον
2528 823 2693 879 αὑτοῦ
2734 823 2936 878 ἔδωκεν
2969 823 3110 896 ὑπὲρ
3154 823 3253 895 τῆς
3285 823 3424 894 πρὸς
3456 824 3612 892 ἡμᾶς

2021 917 2262 988 ἀγάπης,
2300 935 2320 968 ι
2355 915 2825 986 ’Δπεκδυσάμενος
2850 915 2953 980 τὰς
2992 913 3168 987 ἀρχὰς
3199 913 3295 967 καὶ
3331 912 3431 978 τὰς
3454 911 3615 978 ἐξου-

2024 1008 2163 1073 σίας,
2200 1027 2218 1060 ι
2244 1007 2339 1063 καὶ
2376 1025 2396 1059 ι
2418 1007 2483 1062 δι’
2503 1010 2651 1080 ἡμᾶς
2675 1007 3015 1079 πτωχεύσας,
3057 1007 3151 1060 καὶ
3181 1005 3392 1078 μορφὴν
3419 1004 3616 1060 δούλου

2023 1098 2225 1164 λαϐὼν,
2253 1117 2271 1151 t
2299 1099 2390 1153 καὶ
2411 1098 2836 1172 ὲξουδενώμενος
2854 1100 2964 1153 ἀπὸ
2984 1099 3287 1172 ἀρχιερέων
3314 1099 3410 1153 καὶ
3433 1115 3617 1170 γραμ-

2027 1190 2243 1262 ματέων
2279 1190 2374 1244 τοῦ
2410 1190 2564 1259 λαοῦ,
2605 1190 2700 1245 καὶ
2739 1192 2844 1245 ὑπὸ
2880 1191 3116 1265 Ἡρώδου
3163 1191 3614 1264 ὲξουδενώμενος.

2034 1302 2052 1333 ι
2086 1281 2469 1353 Ἐξουδενήσας
2499 1282 2610 1354 γὰρ
2635 1283 2796 1336 αὐτὸν
2825 1285 2854 1336 ὁ
2890 1283 3138 1356 Ἡρώδης
3157 1271 3490 1355 ἀπέπεμψεν
3514 1282 3620 1338 αὕ-

2027 1374 2115 1428 τδν
2139 1371 2275 1445 προς
2297 1374 2548 1430 Πιλάτον.
2588 1393 2608 1425 ι

2096 1465 2274 1532 ΣΑςυ.
2313 1465 2402 1521 Στ.
2432 1470 2502 1538 η’.
2525 1465 2767 1536 Αδελφὴ
2801 1463 3312 1537 ἡιαῦνμικρὰ,καὶ
3339 1464 3620 1534 μαστοὺς

2025 1563 2137 1618 οὐκ
2169 1562 2312 1631 ἔχει.
2805 1579 2809 1583 ’

2108 1652 2339 1706 Ὀπόταν
2374 1654 2407 1722 ἡ
2457 1650 2602 1722 ψυχὴ
2648 1652 2728 1714 είς
2779 1648 3014 1722 Χριστὸν
3060 1649 3361 1714 πιστεύσει,
3413 1649 3525 1704 τῶν
3556 1649 3624 1704 δὲ

2028 1744 2186 1799 θείων
2216 1743 2444 1797 ἐντολῶν
2467 1742 2566 1814 τὴν
2589 1742 2793 1813 ἀκριϐῆ
2824 1741 3038 1796 σύνεσιν
3066 1741 3140 1814 μή
3170 1741 3615 1814 καταλαμϐάνει,

2030 1836 2124 1890 καὶ
2157 1834 2263 1888 τῶν
2311 1834 2405 1888 δύο
2451 1833 2737 1905 Διαθηκῶν
2788 1833 2888 1905 τὴν
2923 1825 3124 1903 γνῶσιν
3175 1832 3249 1906 μὴ
3293 1833 3436 1904 ἔχει,
3485 1832 3626 1906 περὶ

2029 1926 2234 1997 ταύτης
2261 1925 2480 1980 δύναται
2501 1924 2754 1993 λέγεσθαι
2773 1939 2788 1956 ο
2829 1945 2848 1978 ι
2903 1924 3130 1996 Ἀδελφὴ
3159 1924 3319 1996 ήμῶν
3357 1924 3530 1997 μικρά
3549 1941 3562 1954 ·
3594 1941 3620 1978 δ

2031 2019 2294 2082 τουτέστι,
2327 2018 2490 2090 μήπω
2519 2017 2812 2087 αὐξηθεῖσα
2840 2017 2908 2087 τῇ
2935 2016 3144 2070 πίστει·
3176 2016 3312 2088 ὅπερ
3342 2017 3476 2083 ἐστὶ,
3511 2013 3627 2069 τῶν

2030 2109 2124 2164 δύο
2158 2107 2440 2179 Διαθηκῶν
2473 2107 2573 2178 τὴν
2613 2106 2813 2176 γνῶσιν
2859 2107 2960 2161 οὐκ
2996 2105 3250 2177 εἴληφεν
3283 2107 3434 2178 ὅμως
3468 2104 3628 2176 παρὰ

2034 2203 2150 2273 (55)
2180 2201 2338 2254 τοῦτο
2395 2199 2797 2254 ἀποϐάλλεται·
2846 2196 2983 2254 ἀλλὰ
3031 2197 3124 2252 καὶ
3167 2196 3305 2267 αὐτὴ
3353 2195 3629 2267 ὁμοιωθῆ-

2032 2311 2120 2348 ναι
2147 2291 2258 2364 (56)
2289 2289 2530 2363 εὔχεται.
2585 2290 2763 2345 Μόνον
2799 2288 2909 2362 γὰρ
2937 2288 3100 2358 φόϐον
3128 2287 3263 2342 Θεοῦ
3296 2287 3390 2341 καὶ
3433 2287 3629 2342 πίστιν

2035 2386 2136 2440 ἐὰν
2169 2383 2268 2457 ἔχῃ
2305 2383 2472 2454 ψυχὴ,
2503 2380 2703 2452 γνώσει
2731 2381 2788 2435 δὲ
2816 2380 3155 2444 ἐλαττοῦται,
3183 2379 3244 2433 οὐ
3279 2377 3430 2450 παρὰ
3465 2377 3630 2432 τοῦτο

2037 2474 2526 2546 ἀποδοκιμάζεται·
2559 2493 2578 2526 ι
2605 2473 2886 2545 Κρείττων
2911 2491 2930 2524 ι
2963 2472 3078 2544 ('57)
3105 2472 3183 2536 δὲ,
3203 2471 3386 2542 φησιν,
3423 2489 3442 2522 ι
3466 2470 3630 2523 ἐλατ-

2036 2568 2300 2640 τούμενος
2334 2567 2545 2622 συνέσει
2572 2565 2828 2637 ἔμφοϐος,
2860 2565 2894 2636 ἢ
2931 2562 3273 2636 περισσεύων
3319 2562 3628 2633 πανουργίᾳ

2038 2662 2134 2716 καὶ
2161 2659 2511 2733 παραβαίνων
2541 2658 2789 2729 νόμιμον.
2834 2676 2853 2711 r
2877 2688 2949 2698 --
2979 2675 2998 2709 ι
3023 2657 3097 2710 Οὐ
3127 2655 3239 2726 γὰρ
3271 2656 3319 2708 oi
3359 2654 3630 2725 ἀκροαταὶ

2039 2751 2133 2806 τοῦ
2161 2752 2349 2822 νόμου,
2375 2749 2570 2804 δίκαιοι
2605 2748 2756 2819 παρὰ
2783 2747 2860 2818 τῷ
2887 2745 3007 2818 Θεῷ
3027 2763 3042 2777 ο
3072 2745 3190 2801 ἀλλ’
3213 2747 3261 2800 οἱ
3290 2745 3512 2816 ποιηταὶ
3540 2744 3632 2799 νό-

2044 2860 2143 2915 μου
2199 2842 2664 2914 δικαιωθήσονται.
2702 2858 2720 2890 ι
2799 2839 3044 2910 ’Δγάπην
3102 2837 3274 2910 ἐχέτω
3303 2837 3448 2908 ψυχὴ
3469 2876 3485 2904 ,
3535 2833 3632 2890 καῒ

2042 2935 2246 3008 ἀδελφὴ
2272 2935 2517 2990 καλεῖται
2551 2933 2645 2990 τοῦ
2678 2931 3041 3002 Μονογενοῦς,
3069 2931 3165 2986 καὶ
3188 2930 3298 3003 (58)
3328 2931 3402 3002 μὴ
3423 2927 3634 2998 γνῶσιν

2044 3025 2372 3100 πολύπειρον
2397 3025 2509 3098 ἔχει
2532 3043 2546 3057 ·
2575 3045 2594 3079 ι
2634 3026 2699 3079 Ἦ
2722 3025 2829 3096 γὰρ
2858 3023 3059 3093 γνῶσις
3079 3023 3282 3092 φυσιοῖ,
3302 3023 3336 3093 ή
3365 3020 3424 3075 δὲ
3442 3019 3634 3092 ἀγάπη
3750 3053 3751 3056 η

2047 3119 2337 3190 οἰκοδομεῖ.
2379 3137 2398 3169 ι

2119 3211 2281 3264 ΣΛΖ’.
2324 3210 2385 3264 Τί
2411 3207 2761 3279 ποιήσωμεν
2787 3205 2865 3275 τῇ
2889 3201 3125 3274 ἀδελφῇ
3177 3199 3354 3272 ἡμῶν
3378 3200 3449 3255 ἐν
3487 3197 3638 3269 ἠμέ-

2043 3319 2144 3370 ρᾳ,
2171 3295 2211 3372 ᾗ
2247 3298 2357 3354 ἐὰν
2393 3296 2635 3366 λαληθῇ
2664 3297 2735 3352 ἐν
2762 3294 2917 3364 αὐτῇ
2946 3293 3094 3366 (59);

2123 3387 2315 3458 Αὖται,
2336 3386 2516 3463 οἴμαι,
2549 3389 2721 3458 ἁγίων
2756 3385 3097 3443 διδασκάλων
3133 3385 3268 3438 είσὶν
3285 3384 3339 3438 αἱ
3375 3383 3486 3450 (ιο)
3517 3399 3639 3451 φω-

2053 3484 2163 3548 ναὶ,
2205 3480 2500 3554 προφητῶν
2543 3497 2602 3532 τε
2649 3478 2747 3532 καὶ
2785 3474 3097 3530 ἀποστόλων
3131 3473 3268 3545 πρὸς
3303 3472 3432 3536 τοὺς
3464 3469 3539 3541 μὴ
3574 3470 3643 3523 τὸ

2056 3577 2318 3644 κήρυγμα
2348 3570 2692 3641 δεχομένους,
2742 3567 2818 3631 ὥς
2853 3581 3017 3636 φησιν
3066 3564 3328 3627 Ἠσαῖαςο
3373 3581 3392 3616 ι
3438 3561 3638 3631 Κύριε,

2053 3665 2137 3728 τίς
2166 3662 2452 3717 ἐπίστευσε
2474 3664 2539 3732 τῇ
2576 3661 2713 3729 ἁκοῆ
2747 3657 2940 3730 ήμῶν;
2976 3657 3071 3711 καὶ
3109 3656 3139 3708 ὁ
3164 3655 3404 3727 βραχίων
3428 3653 3640 3723 Κυρίου

2057 3755 2164 3810 τίνι
2194 3751 2590 3824 ἀπεκαλύφθη;
2625 3771 2642 3804 ι
2681 3749 2912 3822 Ὁμοίως
2957 3749 3053 3804 καὶ
3084 3747 3387 3828 Ἱερεμίας·
3432 3761 3453 3797 ι
3488 3743 3641 3812 Πρὸς
3746 3793 3751 3800 .

2060 3847 2180 3901 τίνα
2208 3844 2425 3916 λαλήσω
2446 3843 2539 3896 καὶ
2571 3841 2968 3914 μαρτύρωμαι;
2999 3839 3132 3895 Ἰδοὺ
3157 3837 3508 3908 ἀπερίτμητα
3524 3834 3641 3905 (Η)

2056 3939 2125 3994 τὰ
2157 3931 2272 3991 ὦτα
2321 3935 2523 3999 αὐτῶν,
2579 3933 2673 3988 καὶ
2725 3934 2787 3986 οὐ
2835 3933 3153 4002 δυνήσονται
3197 3928 3434 3984 ἀκούειν.
3483 3946 3504 3979 ι
3540 3928 3643 3980 Διά

2057 4029 2236 4092 τοῦτο,
2268 4046 2287 4078 ι
2319 4027 2386 4079 Τί
2406 4025 2809 4097 ποιήσωμεν,τῇ
2833 4021 3074 4093 ἀδελφῇ;
3115 4039 3134 4074 ι
3170 4019 3414 4091 ’Δδελφοὶ
3435 4018 3549 4090 γὰρ
3587 4017 3642 4072 oi.

2057 4122 2275 4176 ἄπιστοι
2309 4117 2452 4172 κατὰ
2482 4116 2580 4188 τὴν
2611 4115 2712 4186 τῆς
2750 4114 2950 4184 σαρκὸς
2981 4112 3303 4183 συγγένειάν
3336 4110 3635 4182 statvi“).

2129 4236 2301 4289 XAH'.
2327 4233 2419 4286 Στ.
2443 4233 2494 4284 θ.
2511 4228 2580 4285 Ei
2604 4229 2802 4299 τεῖχός
2824 4229 3014 4294 ἐστιν,
3043 4226 3528 4298 οὶκοδομήσωμεν
3549 4227 3644 4280 ἐπ’

2057 4327 2253 4396 αὐτὴν
2273 4323 2559 4388 ἐπάλξεις
2578 4319 2860 4391 ἀργυρᾶς.

2137 4413 2361 4476 Τοῦτον,
2391 4407 2566 4482 οἶμαι,
2599 4408 2689 4462 τὸν
2713 4408 2916 4480 τρόπον
2951 4407 3099 4478 λέγει
3119 4425 3134 4439 ο
3181 4407 3246 4462 El
3275 4407 3441 4477 πιστή
3481 4406 3600 4458 ἐστι
3622 4445 3641 4468 ,

377 4517 464 4564 est
489 4506 720 4562 inﬁdelis
741 4548 760 4572 ,
801 4520 908 4562 non
929 4505 1064 4562 dura
1094 4505 1263 4573 collo,
1313 4521 1416 4562 non
1455 4519 1747 4563 contumax
1777 4508 1845 4562 ad
1869 4522 1944 4562 aui

2110 4507 2222 4579 ησὶ,
2257 4505 2350 4559 καὶ
2388 4503 2463 4574 μὴ
2507 4502 2761 4562 ἄπιστος·
2807 4499 2882 4572 μὴ
2928 4499 3140 4572 σκληρὰ
3173 4496 3226 4553 sl
3267 4498 3344 4569 τῷ
3367 4497 3647 4570 τραχήλῳ,

379 4601 631 4658 diendam
663 4610 975 4656 sanctorum
1002 4600 1341 4668 disciplinam
1364 4639 1378 4666 ,
1404 4599 1498 4656 sed
1537 4599 1766 4657 credens
1805 4601 1960 4657 nobis

2073 4600 2146 4672 μὴ
2176 4599 2404 4670 ἀνήκοος
2436 4596 2504 4664 τῇ
2537 4591 2646 4646 τῶν
2674 4591 2844 4660 ἁγίων
2877 4591 3066 4664 ἀγωγῇ
3093 4608 3107 4622 ·
3136 4589 3253 4646 ἀλλ’
3284 4592 3319 4662 ἡ
3351 4587 3647 4642 πιστεύσα.

449 4757 496 4789 ⁸⁸
535 4758 551 4811 1
584 4757 709 4813 Cor.
747 4774 819 4822 tv,
860 4759 945 4815 l5.
1023 4758 1068 4790 ⁸⁸
1108 4757 1317 4812 Coloss.
1359 4773 1397 4810 Il
1422 4797 1436 4818 ,
1464 4756 1550 4810 15.
1628 4757 1675 4788 ⁸⁸
1700 4754 1738 4810 ll
1767 4756 1944 4811 Com

2113 4797 2125 4810 .
2202 4755 2245 4786 ⁸⁷
2269 4750 2500 4822 Philipp.
2535 4764 2598 4811 ιι,
2637 4748 2696 4822 7._
2720 4817 2735 4822 Α
2767 4747 2814 4780 ⁸⁸
2853 4745 2986 4803 Luc.
3025 4731 3195 4811 “in,
3235 4744 3323 4800 11.
3399 4743 3446 4777 ⁸⁸
3475 4741 3647 4799 Eccli.

379 4829 608 4897 xix,‘2l.
682 4829 729 4863 '°
769 4830 927 4884 Rom.
953 4828 1126 4893 tt,l5.
1203 4824 1443 4881 "lCor.
1477 4826 1652 4890 vnt,l.

453 4961 565 5031 (δι)
598 4961 653 5015 1η
693 4961 971 5028 impressis
1009 4959 1139 5014 Novi
1164 4957 1494 5014 Testamenti
1527 4957 1721 5028 legitur
1752 4957 1828 5021 ὡς
1862 4977 1958 5014 πε-

384 5031 790 5102 ρικαβάρματα.

457 5095 796 5172 (55)’⁹’ὶ)μως
859 5102 918 5154 οὐ
955 5100 1100 5172 περί
1153 5099 1343 5172 habet_
1375 5096 1562 5172 Mutin.
1613 5095 1962 5172 Restituenda

387 5168 608 5241 omnino
628 5168 712 5226 est
737 5170 1002 5240 particula
1025 5168 1270 5241 ticgativa
1292 5168 1375 5232 οὐ,
1400 5169 1478 5222 sic
1499 5168 1804 5236 postulante
1833 5185 1963 5224 sen-

387 5240 576 5294 tentia.

461 5309 573 5378 (56)
604 5309 792 5363 Mutin.
827 5311 985 5366 habet
1009 5307 1145 5363 ἀλλὰ
1166 5308 1262 5362 καὶ
1293 5307 1462 5378 αὐτὴν
1489 5305 1837 5377 ὁμοιωθῆναι.
1863 5309 1963 5361 Τε-

389 5379 678 5451 λειωθῆναι
709 5395 904 5436 censeo
926 5381 1027 5448 legi
1062 5390 1330 5451 oportere,
1354 5379 1416 5451 _si
1439 5378 1762 5451 credendum
1798 5380 1964 5451 νειετί

391 5447 693 5516 interpreti,
735 5451 828 5519 qui
874 5447 1080 5504 vertit:
1128 5468 1146 5500 ι
1172 5449 1264 5502 sed
1293 5449 1452 5519 etiam
1503 5447 1674 5516 ipsam
1697 5447 1965 5519 proﬁcere

393 5515 770 5587 deprecaturf
806 5529 864 5573 ut
915 5519 1087 5586 possit
1135 5533 1256 5572 esse
1306 5515 1564 5585 perfecta.
1620 5534 1638 5566 ι
1691 5515 1964 5572 Salutatus

393 5590 555 5713 Etiam
610 5589 713 5645 tale
765 5590 1020 5660 quiddam
1087 5588 1138 5641 in
1200 5601 1299 5642 suo
1363 5587 1546 5642 codice
1603 5587 1814 5640 videtur
1865 5587 1963 5640 ha-

433 5672 594 5712 uisse.

433 5672 594 5712 UISSC.

469 5729 579 5798 ('57)
612 5727 666 5782 In
697 5730 826 5786 edit.
864 5728 1038 5784 Vatic.
1076 5729 1164 5784 hic
1216 5729 1365 5783 locns
1392 5727 1471 5783 sic
1499 5725 1696 5795 legitur
1728 5743 1740 5780 :
1770 5726 1968 5798 Κρείτ-

395 5816 504 5856 των
532 5800 837 5874 ἡττώμενος
861 5803 916 5855 ἐν
939 5800 1146 5855 συνέσει
1177 5799 1432 5872 ἔμφοϐος,
1461 5798 1493 5867 ἢ
1528 5797 1864 5870 περισσεύων
1911 5799 1966 5852 ὲν

1747 4826 1792 4856 "
1821 4827 1924 4880 lsa.
1945 4817 2076 4892 Ltll,
2104 4827 2155 4880 t.
2231 4825 2276 4856 ”
2313 4817 2514 4876 .Ieretn.
2548 4834 2598 4872 Vl
2628 4859 2644 4882 ,
2679 4817 2766 4872 10.

2069 4957 2325 5029 φρονήσει
2357 4954 2452 5006 καὶ
2476 4948 2826 5029 παραϐαίνων
2861 4948 3045 5020 νόμον.

2163 5023 2251 5095 58)
2287 5025 2432 5095 Lego
2461 5023 2583 5077 κάν.

2163 5031 2251 5097 58)
2287 5031 2432 5095 Lego
2461 5031 2583 5077 κάν.

2139 5031 2251 5169 ίδθ)
2277 5095 2526 5169 Bai-ben,
2573 5109 2725 5169 meus
2761 5099 2816 5148 et
2841 5088 3028 5169 hiutin.
3047 5089 3126 5169 _€v
3144 5084 3310 5156 αὐτῷ.
3338 5082 3650 5169 Sledj’atic.

2067 5154 2300 5223 et‘libri
2359 5154 2548 5219 omnes
2596 5166 2796 5219 habent
2850 5162 2908 5212 ὲν
2940 5159 3101 5231 αὐτῇ,
3155 5154 3315 5227 quam
3361 5154 3649 5210 lectionem

2071 5236 2318 5307 agnoscit
2345 5234 2505 5307 etiam
2533 5245 2685 5307 vetns
2708 5235 2995 5307 interpres.
3294 5295 3308 5307 .
3482 5291 3528 5307 η
3580 5293 3614 5307 Δ,

2145 5307 2260 5377 (40)
2308 5305 2457 5359 Εἰσὶν
2510 5305 2588 5360 αἱ.
2647 5306 2789 5360 Duas
2830 5291 3050 5354 ioculas
3096 5295 3308 5350 restitui
3372 5308 3438 5347 ex
3481 5291 3650 5347 Muli--

2070 5391 2196 5430 neu.

2143 5446 2255 5517 (41)
2286 5444 2344 5499 In
2373 5443 2558 5517 Bibliis
2601 5439 2878 5517 impressis
2933 5450 3086 5517 sacer
3113 5443 3338 5517 dextris,
3397 5433 3494 5486 καὶ
3535 5433 3652 5487 δια-

2071 5505 2446 5589 μα’ρτῦρωμαι
2463 5515 2557 5589 καξι
2581 5505 2957 5589 εἰσακούσεται
2982 5524 2995 5571 ;
3027 5507 3159 5589 ἰδοὺ,
3171 5506 3276 5558 ἀπε
3278 5505 3437 5589 ρίτμ.

2140 5574 2268 5657 (ιιὲί
2300 5574 2460 5640 Κατὰ
2492 5584 2602 5657 τὴν
2633 5582 2742 5657 τῆς
2767 5595 2946 5657 Δσἀρῡς.
2973 5575 3221 5646 συγγέν.
3240 5574 3416 5656 εἰσιν,
3449 5574 3562 5657 lim}:
3585 5585 3651 5657 en

2071 5643 2380 5724 Miltiuensi,
2413 5643 2610 5726 quibus
2647 5643 2869 5722 implevi
2912 5643 3159 5704 lacunam
3211 5645 3316 5701 mei
3371 5643 3571 5700 codicis
3598 5650 3649 5696 ε’

2073 5727 2292 5785 Barber.
