3810 6302
111 327 184 381 161
1260 329 1375 385 FB.
1411 325 1803 386 COMBEFISII
1841 329 2237 388 PBEFATIO.
3267 334 3374 392 £62

107 469 282 524 Astera
310 477 697 542 suppeterent,
734 483 919 525 verum
949 467 1116 525 etiam
1145 476 1356 532 vetera,
1398 484 1463 526 ac
1486 469 1600 541 jam
1637 469 1779 525 edita
1808 469 1862 525 in
1889 484 2056 524 unum
2095 470 2319 526 collecta
2349 486 2543 544 corpus
2575 487 2638 530 ac
2664 475 2962 548 recognita,
2991 476 3132 546 juris
3167 479 3371 550 publici

110 562 321 618 lacerent
358 575 532 634 atque
570 563 889 632 vulgarem:
917 575 1026 630 quo
1059 560 1164 616 sibi
1205 561 1460 632 deinceps
1495 570 1678 618 tantus
1719 570 1994 617 constaret
2033 560 2215 629 Pater,
2249 578 2356 620 non
2412 566 2588 634 qualis
2626 567 2742 638 ipse
2779 567 2905 623 olim
2947 570 3150 626 relictis
3177 587 3369 627 monu-

109 653 286 709 mentis
313 653 630 719 habuisset,
660 654 756 709 sed
789 651 963 723 qualis
991 649 1110 707 fere
1139 657 1261 722 post
1301 658 1382 706 tot
1421 651 1640 720 sa-cula,
1677 666 1782 707 non
1816 650 2003 722 paucis
2036 649 2234 721 injuria
2269 661 2571 724 temporum
2600 658 2817 714 amissis
2858 673 3074 715 suarum
3114 660 3375 718 lucubra-

111 748 315 813 tionum,
356 757 460 803 aut
493 748 656 819 plane
682 747 952 812 obscuris,
994 745 1152 801 nobis
1191 744 1374 802 habet.
1423 742 1556 811 Quis
1596 744 1740 800 enim
1779 743 2053 809 Photium,
2086 757 2365 799 sermones
2408 745 2608 803 Asterii
2644 748 2972 820 relegentem
3004 767 3070 807 ac
3099 753 3373 809 deﬂoran-

111 854 218 912 ,em,
251 840 476 910 legens;
514 842 849 911 nostrisque,
883 853 990 910 qua
1027 839 1204 904 novis,
1254 853 1357 909 qua
1396 847 1554 894 antea
1586 835 1767 903 editis,
1809 836 1857 908 ei
1898 835 2036 893 lecta
2078 850 2424 908 componens,
2461 838 2513 894 in
2552 841 2747 910 quibus
2794 843 2881 899 vix
2924 861 3030 901 una
3069 857 3161 902 aut
3197 847 3375 905 altera

112 933 331 998 humilia,
360 932 606 988 decedes
641 932 815 987 ambae
841 929 1197 996 conveniant,
1243 943 1350 985 non
1388 929 1539 1000 plura
1582 943 1616 998 ε

1901 931 2070 1000 ipsius
2107 929 2222 986 sive
2261 931 2590 1002 ἑορταστικά
2624 935 2738 992 sive
2774 937 3077 1011 ὲξηγητικά
3105 943 3377 1000 excidisse

112 1027 417 1093 pervideat?
464 1025 686 1082 Lubens
717 1038 870 1098 ergo,
911 1038 1021 1096 quo
1059 1033 1115 1080 et
1156 1022 1390 1080 residuis
1427 1023 1548 1080 istis
1583 1023 1635 1077 in
1671 1030 1947 1093 posterum
1981 1031 2199 1079 cautum
2240 1023 2331 1089 sit,
2373 1024 2691 1100 fruaturque
2727 1030 3038 1090 Christiana
3071 1037 3377 1108 respublica

107 1118 176 1175 vel
201 1118 455 1186 lautitiis,
481 1121 663 1189 magni
681 1120 817 1176 adeo
842 1135 905 1175 ac
930 1119 1230 1175 Christiani
1263 1117 1498 1174 rhetoris
1529 1115 1892 1186 theologique,
1925 1116 2158 1183 exuviis,
2185 1117 2327 1172 votis
2352 1119 2652 1176 amicorum
2686 1125 2847 1192 cessi,
2875 1142 2938 1182 ac
2972 1143 3187 1185 manum
3219 1131 3376 1202 operi

107 1214 332 1282 admovi;
373 1216 731 1286 primumque
764 1215 902 1285 ejus,
939 1213 991 1269 in
1025 1228 1147 1269 meo
1185 1213 1288 1268 hoc
1326 1227 1639 1274 sermonum
1689 1209 1954 1281 ejusmodi
1988 1225 2054 1266 ac
2091 1211 2436 1268 homiliarum
2475 1217 2802 1274 selectarum
2839 1221 3118 1292 fasciculo,
3147 1239 3255 1295 quo
3287 1228 3379 1284 vix

107 1309 224 1365 alius
262 1310 557 1380 antiquior
590 1318 929 1374 occurreret,
977 1308 1154 1364 locum
1198 1306 1366 1362 volui.
1419 1306 1652 1378 Philippi
1703 1306 1931 1363 llubeuii
1970 1306 2238 1362 editarum
2285 1307 2526 1378 quinque
2557 1311 2868 1367 orationum
2916 1317 3113 1382 versio,
3161 1320 3378 1376 tametsi

108 1402 303 1467 elegans
334 1416 406 1458 ac
444 1401 682 1466 erudita,
723 1399 998 1455 nonnullis
1025 1407 1207 1455 tamen
1245 1397 1361 1452 visa
1389 1406 1474 1452 est
1503 1397 1683 1451 minus
1713 1410 1970 1466 expressa
1999 1412 2013 1450 :
2044 1397 2397 1466 quamobrem
2445 1397 2640 1471 indulsi
2674 1401 2825 1467 mihi,
2857 1412 2916 1459 ut
2948 1405 3037 1460 illo
3069 1406 3184 1479 ejus
3219 1417 3382 1488 utens

107 1496 289 1561 thre,
323 1511 395 1550 ac
432 1511 500 1552 eo
527 1509 614 1550 me
640 1495 826 1550 multis
863 1493 1106 1562 adjutum
1137 1504 1476 1564 agnoscens,
1509 1488 1660 1545 velut
1697 1505 1891 1546 noum
1927 1508 1994 1547 ex
2033 1508 2096 1548 ea
2131 1491 2438 1548 versionem
2469 1493 2604 1548 mihi
2643 1494 2987 1554 adornarem.

165 1589 328 1646 Porro
358 1589 707 1660 praefanda")
744 1587 949 1657 aliquid
990 1585 1058 1641 de
1095 1593 1321 1639 auctore
1350 1581 1646 1646 videretur,
1676 1591 1736 1636 ut
1771 1582 2005 1638 certiora
2039 1584 2217 1654 aliqua
2251 1594 2599 1640 monumenta
2628 1596 2924 1644 exstarent.
2954 1590 3017 1645 ιι.
3055 1590 3117 1647 Ρ.
3146 1593 3383 1653 Jacobus

110 1684 427 1740 Simundus
454 1684 510 1738 in
547 1682 696 1738 calce
721 1680 805 1736 sui
828 1679 1052 1744 codicis,
1086 1677 1202 1733 haec
1223 1691 1253 1732 a
1294 1676 1488 1732 [inemo
1517 1676 1721 1746 collega
1751 1676 2067 1734 doctissimo
2093 1677 2264 1741 edita,
2286 1690 2382 1732 sua
2419 1692 2583 1733 manu
2627 1679 2693 1734 ad
2709 1690 2943 1736 notarat.
2973 1683 3172 1740 Auctor
3190 1688 3382 1745 harum

109 1781 316 1848 ηκεηηιε
357 1775 674 1830 orationum
714 1772 953 1827 Asterius
985 1770 1226 1824 Amasete
1273 1763 1456 1822 Ponti.
1499 1765 1590 1830 Sic
1629 1765 1768 1834 enim
1799 1771 1993 1832 cltatur
2022 1770 2080 1822 in
2111 1784 2146 1823 ιι
2179 1771 2379 1840 synodo
2408 1770 2634 1830 Nicwna
2668 1773 2873 1848 actione
2907 1775 2961 1839 6.
2991 1793 3150 1834 serm.
3188 1779 3242 1834 in
3275 1781 3384 1836 La—

110 1845 274 1925 tarutn
312 1879 373 1925 et
423 1869 670 1925 divitem.
729 1863 874 1919 Vixit
919 1876 1060 1917 anno
1104 1858 1300 1914 Christi
1346 1858 1474 1925 400,
1508 1868 1562 1912 ιιι
1606 1858 1850 1929 colligere
1879 1870 1956 1915 est
1997 1875 2064 1914 ea:
2101 1865 2338 1918 oratione
2379 1863 2456 1920 De
2483 1863 2760 1921 Kalendis.
2799 1845 3054 1937 Ejusdem
3089 1873 3262 1925 oratio
3290 1889 3380 1928 seu

111 1966 362 2033 ἐκφρασις
400 1964 458 2018 in
485 1960 847 2033 Euphemiam
878 1965 1171 2027 martyrem
1191 1953 1466 2019 laudatur,
1498 1963 1546 2009 et
1585 1967 1650 2008 ea:
1679 1963 1828 2023 parte
1855 1954 2170 2010 describitur
2204 1956 2258 2010 in
2287 1958 2470 2012 eadem
2501 1959 2701 2028 synodo
2735 1968 2839 2015 act.
2874 1960 2909 2014 4
2930 1971 2978 2015 et
3019 1961 3072 2016 6.
3108 1963 3379 2020 Adrianus

110 2062 350 2110 secandus
393 2056 491 2109 lib.
534 2055 610 2111 De
637 2050 987 2124 imaginibus.
1016 2046 1368 2116 Reprehensio
1405 2064 1520 2116 cap.
1553 2047 1644 2112 14,
1688 2047 1744 2102 in
1784 2058 1890 2102 act.
1931 2047 1987 2107 4.
2018 2048 2172 2115 Quod
2196 2050 2404 2120 judices
2444 2052 2535 2122 qui
2569 2053 2623 2107 in
2652 2053 2880 2122 prte/‘ata
2913 2057 3112 2126 synodo
3144 2059 3383 2127 fuerunt,

113 2149 383 2204 insolenter
411 2159 463 2204 et
502 2149 790 2219 incongrue
825 2156 992 2203 artem
1027 2143 1308 2213 pictoriam
1335 2142 1586 2198 extollere
1615 2143 1792 2198 conati
1833 2152 1978 2210 sunt,
2025 2145 2256 2201 dicentes
2287 2163 2307 2202 :
2340 2146 2442 2201 Pia
2489 2158 2566 2203 est
2612 2165 2702 2202 ars
2738 2149 2977 2219 pictoris,
3026 2160 3077 2205 et
3116 2168 3220 2207 non
3251 2162 3388 2208 recte

111 2243 306 2312 quidam
340 2257 464 2296 eam
500 2241 808 2308 insipienter
853 2237 1159 2293 detrahunt.
1201 2233 1486 2304 Responsio
1516 2249 1537 2290 :
1563 2233 1786 2289 Beatum
1823 2235 2088 2290 Asterium
2127 2247 2238 2292 toto
2276 2236 2492 2294 Oriente
2538 2250 2778 2296 sanctum
2819 2243 3032 2308 habent,
3074 2254 3123 2297 et
3167 2245 3293 2299 dum
3321 2248 3387 2302 de

116 2336 256 2405 gestis
280 2347 490 2390 sancte
518 2333 829 2404 Euphemite
854 2348 1145 2388 sermonem
1173 2330 1403 2400 fecisset,
1433 2329 1670 2384 laudauit
1695 2327 1810 2395 ejus
1843 2331 2180 2399 martyrium,
2212 2332 2345 2386 sicut
2367 2349 2461 2402 per
2481 2333 2718 2388 ordinem
2743 2335 2944 2390 uiderat
2971 2335 3105 2390 illud
3130 2337 3387 2407 liquidius

116 2430 313 2495 pictura.
354 2429 493 2496 Quae
531 2427 771 2498 quidem'
793 2426 949 2491 satis,
986 2439 1110 2480 cum
1143 2423 1516 2494 episcopatum
1562 2431 1675 2476 tum
1709 2421 1922 2476 titulum
1954 2424 2264 2480 sanctitatis
2306 2425 2594 2482 videantur
2635 2427 2850 2482 Asterio
2883 2439 3070 2485 nostro
3095 2445 3383 2499 asserere;

121 2537 212 2576 non
241 2521 386 2578 forte
429 2532 614 2578 tamen
647 2520 804 2585 satis,
834 2518 929 2574 uni
963 2533 1030 2573 ac
1054 2517 1230 2573 eidem
1261 2515 1497 2579 Asterio,
1541 2513 1660 2584 ejus
1701 2515 1905 2572 nomini
1949 2515 2212 2587 inscripta
2253 2518 2458 2581 omnia,
2497 2533 2561 2573 ac
2597 2520 2874 2576 Asterium
2916 2523 3160 2579 Amaseae
3188 2525 3386 2593 praefe-

121 2616 302 2680 rentia,
328 2616 641 2672 vindicare.
671 2614 816 2670 Sane
844 2611 906 2668 S.
942 2609 1280 2680 Nicephorus
1319 2609 1692 2666 Antirrheticu
1727 2608 1784 2676 2,
1810 2623 1936 2667 cum
1968 2609 2261 2678 respondet
2289 2609 2408 2666 loco
2432 2610 2506 2665 illi
2537 2625 2603 2666 ex
2633 2627 2886 2670 sermone
2921 2616 2972 2669 in
2999 2615 3175 2671 locum
3210 2617 3388 2671 Evan-

123 2710 227 2779 gelii
252 2708 416 2764 Lucae
440 2709 507 2764 de
535 2707 749 2763 Lazaro
781 2713 836 2762 et
865 2705 1052 2770 divite,
1099 2704 1190 2774 qui
1221 2703 1254 2758 6
1289 2702 1376 2759 illa
1418 2711 1526 2759 act.
1561 2717 1602 2757 ιι

1884 2702 2090 2758 Nicena:
2117 2702 2377 2774 ohjicitnr
2409 2721 2424 2758 :
2459 2706 2552 2778 Μὴ
2587 2706 2767 2778 γράφε
2798 2706 2890 2762 τὸν
2931 2707 3165 2779 Χριστὸν
3195 2708 3388 2782 (ἀρκεῖ

123 2800 213 2870 γὰρ
249 2797 402 2869 αὐτῷ
455 2800 492 2869 ἡ
529 2796 628 2867 μία
680 2795 784 2866 τῆς
831 2791 1275 2865 ὲνσωματὼσεως
1318 2790 1812 2863 ταπεινοφροσύνῃ,
1851 2791 1923 2863 ἢν
1951 2790 2294 2863 αὐθαιρέτως
2333 2793 2401 2848 δι’
2443 2797 2591 2866 ἡμᾶς
2631 2795 3018 2868 κα·ιεδὲξατο)⁶
3053 2799 3147 2852 ἐπὶ
3193 2798 3250 2853 δὲ
3289 2799 3390 2870 τῆς

122 2893 278 2964 ψυχῆς
311 2910 411 2947 σου
456 2889 743 2962 βαστάζων
781 2885 987 2959 νοητῶς
1013 2887 1106 2941 τὸν
1141 2885 1434 2958 ἀσώματον
1481 2885 1624 2955 Λόγο

1886 2903 2017 2957 ιερε.
2063 2883 2193 2940 Noli
2239 2887 2452 2958 pingere
2491 2889 2802 2944 Christum:
2838 2891 2968 2946 satis
3012 2891 3149 2946 enim
3195 2891 3277 2944 ilfi
3315 2899 3390 2946 est

126 3001 213 3038 una
233 2985 326 3038 illa
354 2983 582 3053 abjectio
613 2980 870 3046 assumpti
894 2978 1150 3047 corporis,
1193 2992 1351 3047 quam
1390 2985 1570 3045 sponte
1593 2975 1762 3030 nostri
1791 2991 1955 3030 causa
1980 2977 2209 3047 suscepit
2250 2990 2270 3029 :
2297 2979 2426 3050 quin
2459 2979 2689 3047 spiritali
2717 2981 2920 3036 ratione
2959 2979 3180 3037 Verbum
3212 2984 3391 3039 incor-

124 3091 314 3140 poreum
359 3083 574 3145 gestans
613 3073 814 3137 animo,
862 3067 1178 3136 circumfer;
1209 3076 1492 3140 postquam
1531 3067 1719 3124 multis
1758 3083 1946 3124 sanam
1980 3069 2182 3125 Asterii
2219 3082 2455 3127 mentem
2488 3071 2660 3129 fusius
2706 3075 2878 3131 relato
2923 3076 3042 3147 ejus
3079 3077 3392 3134 testimonio

127 3166 470 3235 explicasset,
506 3164 782 3221 Asterium
820 3163 1164 3233 postmodum
1207 3161 1424 3217 Asterio
1459 3173 1759 3231 opponens,
1794 3161 1997 3226 haeret,
2044 3162 2372 3234 omninoque
2408 3163 2806 3235 incompertum
2850 3168 3051 3224 habere
3092 3169 3390 3240 signiﬁcat,

126 3258 319 3313 idemne
350 3257 604 3313 Asterius
636 3266 829 3311 auctor
853 3254 1088 3310 exsistat
1112 3253 1358 3323 praefatae
1389 3254 1654 3308 orationis
1680 3253 1737 3308 in
1762 3251 2030 3307 Lazarum
2060 3266 2107 3309 et
2136 3255 2374 3320 diuitem,
2407 3271 2470 3312 ac
2499 3258 2766 3315 orationis
2790 3259 2844 3313 in
2881 3261 3336 3316 htemorrhousam
3362 3275 3383 3315 :

135 3347 431 3419 Ἐτωμένως
475 3349 533 3404 δὲ
559 3347 794 3412 τούτοις,
827 3345 1068 3417 εἰσήχθω
1105 3345 1269 3400 πάλιν
1309 3345 1604 3417 Ἀστέριος.
1644 3345 1710 3430 lii
1751 3345 1848 3416 μὲν
1883 3343 2039 3418 παρὰ
2077 3344 2170 3398 τὸν
2214 3347 2273 3399 ὲν
2307 3347 2497 3419 χερσὶν
2544 3347 2753 3420 ἔτερος,
2786 3350 2820 3420 ὴ
2854 3348 3086 3420 ἀλήθεια
3117 3350 3287 3422 εἰδείη
3324 3351 3393 3404 ἂν
3492 3371 3494 3374 ν

127 3446 264 3516 μόνη,
299 3447 463 3517 ἡμεῖς
491 3444 550 3499 δὲ
578 3441 732 3496 οὐδὲν
755 3440 1016 3509 τούτουγε
1046 3437 1232 3493 ἕνεκεν
1257 3437 1571 3510 διοισόμεθα
1593 3455 1607 3471 ⁸
1643 3439 1694 3494 εἰ
1731 3439 1788 3494 δὲ
1817 3442 1846 3494 ὁ
1871 3439 2036 3504 αὐτὸς
2068 3434 2222 3504 οὗτός
2248 3440 2418 3508 ἐστιν,
2456 3442 2683 3496 αὐτόθεν
2711 3444 2823 3506 τοῖς
2846 3442 3068 3508 οἰκείοις
3093 3443 3394 3516 τοξεύμασι

128 3542 506 3612 βαλλὲσθωσαν,
545 3539 642 3592 καὶ
678 3535 883 3608 βολίσιν
921 3534 1125 3600 ὀξείαις
1162 3533 1744 3605 τρανματιζέσθωσαν,
1798 3533 1895 3589 καὶ
1949 3535 2059 3588 τῶν
2101 3533 2482 3607 ἐξευρημένων
2525 3534 2934 3606 μηχανημάτων
2967 3535 3068 3598 τὰς
3099 3537 3394 3606 σφενδόνας

126 3635 470 3707 δεχέσθωσαν,
497 3629 597 3685 καὶ
620 3647 674 3683 τ.
711 3629 758 3682 ὲ.
792 3625 870 3682 Iis
892 3634 1282 3697 consequenter,
1314 3641 1430 3695 quoe
1451 3627 1592 3681 dicta
1631 3638 1772 3691 sunt,
1810 3627 2096 3681 inducatur
2125 3643 2336 3682 rursum
2374 3629 2634 3686 Asterius.
2665 3631 2739 3684 Ac
2767 3632 2996 3701 quidem,
3023 3648 3147 3685 num
3181 3634 3224 3686 is
3253 3633 3393 3688 alius

127 3731 204 3795 sit,
233 3739 417 3799 preter
437 3739 558 3782 eum
583 3723 674 3795 qui
697 3721 755 3776 in
783 3719 1023 3774 manibus
1055 3727 1320 3784 versatur,
1360 3717 1472 3773 sola
1516 3719 1705 3774 veritas
1740 3719 1957 3774 noverit.
2000 3717 2116 3774 Nos
2157 3735 2276 3774 vero
2313 3720 2444 3774 nihil
2482 3721 2640 3791 hujus
2676 3723 2752 3776 rei
2783 3723 2958 3792 gratia
2997 3723 3392 3778 contendemus.

129 3821 261 3888 Quod
287 3822 332 3876 si
368 3821 470 3875 iste
503 3818 646 3872 idem
677 3814 788 3884 ipse
810 3821 911 3878 est,
935 3810 1059 3865 inde
1084 3810 1195 3864 suis
1228 3809 1330 3880 ipsi
1345 3809 1542 3880 faculis
1567 3810 1850 3880 feriantur,
1889 3827 1952 3864 ac
1979 3812 2149 3865 acutis
2183 3811 2470 3866 missilibus
2513 3814 2838 3879 sancientur,
2887 3815 3394 3888 adinventarumque

127 3917 468 3971 machinarum
497 3912 676 3982 iactus
705 3908 991 3974 excipiant.
1023 3906 1226 3963 Eodem
1267 3905 1382 3962 fere
1422 3907 1584 3963 modo
1613 3905 1919 3963 Antirrhet.
1959 3908 2018 3974 3,
2057 3908 2226 3963 misso
2261 3907 2432 3963 lloma
2464 3920 2723 3981 excerpto
2767 3925 2796 3964 a
2841 3910 3020 3967 Leone
3063 3911 3283 3978 Allatio,
3331 3926 3398 3968 ac

130 4009 230 4065 loco
262 4007 621 4067 commodiori
658 4005 888 4063 edendo.
937 4003 1094 4071 Quod
1125 4018 1255 4076 ergo
1287 4003 1454 4058 tantis
1487 4003 1738 4071 superior
1766 4001 2111 4072 Nicephorus
2155 4003 2399 4074 ignotum
2442 4001 2654 4066 habuit,
2690 4016 2754 4056 ac
2803 4002 2909 4057 tale
2939 4003 3295 4070 existimavit,
3325 4013 3391 4059 ut

130 4102 304 4158 nemini
337 4103 479 4158 scitu
515 4097 678 4155 facile
713 4094 1008 4167 putaverit,
1062 4093 1207 4152 haud
1249 4107 1354 4164 ego
1393 4105 1482 4146 me
1510 4091 1716 4147 certius
1747 4093 2094 4163 promiserim
2130 4090 2571 4149 declaraturum:
2604 4093 2814 4148 tametsi
2838 4093 3016 4165 stylus
3071 4095 3273 4165 ubique
3307 4095 3394 4151 sui

129 4193 296 4252 similis
342 4204 514 4265 atque
569 4189 823 4261 inprimis
875 4187 929 4243 in
960 4184 1446 4256 descriptionibus,
1477 4183 1727 4238 eumdem
1759 4184 1961 4255 ubique
1996 4183 2175 4254 ipsum
2219 4184 2449 4240 suadeat
2481 4200 2496 4239 :
2531 4199 2637 4255 quo
2665 4197 2720 4242 et
2750 4185 2976 4242 Photius
3006 4186 3208 4243 indicio
3242 4202 3398 4244 eum-

131 4289 232 4346 dem
262 4287 511 4362 agnoscit
540 4285 632 4356 qui
661 4283 804 4341 oculi
830 4281 1100 4355 ἐκφρασιν
1136 4279 1191 4336 ἰη
1241 4278 1469 4335 Joannis
1507 4277 1857 4350 Evangelinm
1899 4277 1966 4333 de
1995 4292 2141 4334 αεοο
2179 4285 2306 4333 nato
2335 4277 2667 4349 composuit,
2698 4287 2752 4334 et
2787 4280 2878 4349 qui
2907 4279 3054 4334 illam
3090 4279 3143 4334 in
3178 4278 3237 4335 S.
3284 4279 3394 4336 Eu-

131 4383 402 4450 phemiam,
433 4381 704 4441 insertam
749 4377 888 4433 actis
937 4392 1011 4432 vlt
1059 4373 1271 4447 synodi.
1322 4371 1456 4430 Utnt
1488 4371 1579 4436 sit,
1641 4371 1775 4425 nihil
1823 4380 1934 4426 toto
1980 4371 2085 4428 hoc
2125 4371 2472 4450 homiliarnnt
2511 4385 2758 4440 corpore,
2795 4371 2938 4441 quod
2967 4387 3073 4427 non
3104 4372 3396 4444 plurimam

131 4473 468 4545 eloquentiam
499 4489 622 4532 cum
652 4472 768 4543 pari
803 4471 1001 4542 pietate
1043 4466 1298 4525 exhibeat
1329 4482 1346 4522 :
1373 4465 1628 4538 quodque
1658 4463 1793 4520 adeo
1823 4479 1928 4518 non
1975 4475 2224 4522 sanctum
2268 4465 2418 4520 illum
2452 4464 2786 4519 Amasennm
2838 4465 3134 4531 Asterium,
3167 4464 3392 4530 referat,

131 4582 183 4624 ac
229 4571 516 4643 ςιλάρετον
569 4566 862 4632 Asterium,
924 4579 1084 4635 quem
1135 4561 1359 4617 l’hotins
1413 4559 1661 4615 nominat
1693 4575 1707 4614 :
1738 4557 1992 4614 nonnulla
2044 4558 2210 4613 etiam
2255 4557 2310 4612 in
2364 4572 2429 4612 eo
2463 4559 2825 4626 reperiuntur,
2881 4561 2935 4611 in
2976 4556 3173 4626 quibus
3211 4556 3392 4626 palam

133 4665 338 4733 εὐσεὸεῖ,
373 4679 435 4720 ιιι
465 4663 710 4732 loquitur
738 4658 881 4714 idem
915 4656 1162 4723 Photins,
1191 4669 1255 4709 ac
1288 4667 1350 4709 se
1389 4651 1458 4718 is,
1485 4649 1812 4706 Arianorum
1843 4662 1916 4704 ac
1949 4647 2338 4702 Anomoeorum
2380 4647 2590 4702 hostem
2637 4646 2965 4716 przecipuum
3010 4644 3248 4700 ostendit
3283 4663 3298 4700 :
3333 4655 3392 4699 ut

133 4771 231 4825 qua:
254 4771 390 4814 nova
423 4756 621 4812 damus
654 4766 722 4809 ex
752 4746 1012 4806 Encomio
1043 4747 1097 4801 in
1129 4743 1408 4816 principes
1440 4741 1810 4813 apostolorum
1863 4739 2082 4794 Petrum
2117 4747 2168 4792 et
2197 4737 2448 4797 Paulum.
2495 4739 2744 4794 Asterius
2776 4738 2913 4792 alter
2933 4752 3092 4808 quem
3130 4735 3390 4796 faetionis

134 4824 325 4909 Arianae
377 4847 767 4923 philosophum
813 4844 970 4917 ponit
1015 4841 1400 4913 llieronymus,
1441 4839 1629 4908 aitque
1669 4835 1958 4906 scripsisse
1996 4833 2095 4890 sub
2129 4831 2451 4889 Constantio
2480 4833 2535 4886 in
2573 4829 2866 4902 Epistolam
2907 4829 2976 4883 ad
3014 4824 3303 4890 Rontanos,
3335 4827 3395 4882 in

137 4918 398 5018 Erangelid
429 4953 488 4999 et
516 4918 786 5005 Psalmos,
811 4937 1090 5008 antiquior
1114 4933 1218 4990 luit
1245 4951 1261 5000 ;
1291 4948 1354 4990 ac
1381 4947 1558 5002 neque
1585 4930 1696 4996 hic,
1724 4926 2063 4984 admirabilis
2099 4925 2188 4982 ille
2217 4926 2464 4982 Asterius
2499 4923 2733 4988 videtur,
2766 4937 2926 4992 quem
2963 4918 3393 4978 luculentissima

133 5011 280 5108 elogio
310 5035 693 5092 Theodoretus
717 5033 774 5086 in
811 5028 1110 5094 Philotheo,
1133 5043 1184 5083 c.
1212 5026 1270 5092 2,
1295 5023 1588 5090 describit;
1623 5019 1885 5092 quidquid
1920 5018 2146 5076 Pbotius
2178 5017 2472 5075 contendat
2504 5027 2759 5086 excerpta
2791 5013 2962 5068 Roma
2989 5011 3156 5067 misso
3185 5029 3199 5066 ε
3229 5025 3394 5082 quem

137 5105 224 5185 nec
251 5131 417 5202 liquet
459 5127 635 5184 fuisse
679 5125 994 5196 episcopum
1031 5129 1276 5192 :prazter
1329 5131 1500 5189 quem
1545 5125 1630 5172 est
1671 5113 1918 5171 Asterius
1955 5113 2096 5168 alius
2142 5127 2207 5166 ex
2253 5110 2457 5166 Ariano
2483 5107 2814 5164 orthodoxus
2839 5105 3126 5177 episcopus
3164 5119 3228 5158 ac
3262 5119 3396 5202 con-

137 5194 510 5288 [ξεινίοισι-ηε
552 5194 724 5274 titulo,
746 5194 1050 5271 sanctitatis
1096 5227 1162 5268 ac
1193 5210 1424 5266 Romani
1465 5205 1840 5279 Martyrologii
1887 5204 2088 5260 tabulis
2130 5203 2405 5272 ascriptus
2453 5199 2736 5256 Athanasii
2786 5197 3011 5269 aequalis
3058 5212 3123 5253 ac
3172 5194 3394 5252 Eusebii

140 5315 484 5384 Vercellensis,
526 5327 690 5386 quem
743 5325 847 5367 non
895 5310 1069 5379 liquet
1115 5323 1187 5363 an
1228 5313 1582 5362 monumenta
1631 5301 1810 5372 aliqua
1856 5299 2163 5370 reliquerit.
2213 5297 2410 5354 Noster
2451 5311 2512 5354 se
2551 5295 2802 5353 Asterius
2835 5293 3051 5350 Juliano
3100 5305 3391 5363 supparem

140 5413 337 5468 ostendit
369 5383 513 5469 orat.
543 5383 808 5466 adversus
856 5403 1166 5473 avaritiam,
1199 5415 1340 5473 cum_
1371 5406 1523 5456 notat
1549 5394 1892 5472 _superstites
1929 5393 2216 5466 plurimos,
2259 5390 2352 5464 qui
2395 5390 2465 5448 ab
2501 5404 2566 5449 eo
2608 5389 2816 5448 inducti
2867 5387 3096 5445 fuissent
3131 5384 3198 5442 ad
3232 5383 3394 5441 [idem

143 5507 426 5577 aeginium.
