3810 6298
406 273 511 328 163

1667 265 1726 320 S.
1765 263 2040 320 ASTERII
2084 260 2381 317 AMASELVI

3553 260 3676 311 16-;

415 409 3630 451 mm

1130 575 1357 662 ΤΟΥ
1429 576 1596 660 ΕΝ
1647 573 2012 661 ΑΓΙΟΙΣ
2075 567 2507 662 ΠΑΤΡΟΣ
2579 573 2906 661 ΗΜΩΝ

1611 770 2442 906 ΑΣΤΕΡΙΟΥ

947 1015 2067 1138 ΕΠΙΣΚΟΠΟΥ
2175 1015 3125 1134 ΑΜΑΣΕΙΑΣ

1499 1234 2559 1414 ΟΜΙΛΙΑΙ.

1203 1671 1360 1827 S.
1465 1675 1637 1823 P.
1746 1673 1930 1824 N.
2048 1665 2869 1824 ASTERII

1694 1934 1997 1994 AMASEE
2034 1934 2345 1994 EPISCOPI
2357 1975 2376 2004 ,

1543 2118 2526 2246 HOMILUE.

863 2672 1018 2725 divite
1043 2681 1090 2724 et
1122 2670 1326 2740 Lazaro
1350 2672 1365 2701 ‘
1397 2670 1494 2739 (1).
1723 2729 1728 2734 ,

483 2763 625 2818 Deus
649 2779 712 2818 ac
737 2761 982 2818 Salvator
1028 2769 1230 2825 noster,
1280 2760 1473 2814 nedum
1503 2759 1701 2828 quibus
1734 2767 1882 2814 vetat
1919 2774 1984 2814 ac

411 2854 654 2925 praecipit
699 2853 930 2924 placitis,
968 2852 1220 2906 vitiorum
1263 2850 1445 2905 odium
1493 2849 1837 2920 studiumque
1875 2849 1986 2904 vir-

413 2953 583 2999 tutum
639 2943 942 2999 hominibus
986 2941 1227 3013 ingerit;
1255 2941 1346 2996 sed
1394 2949 1450 2995 et
1506 2939 1671 2996 claris
1705 2939 1983 3010 exemplis,

412 3044 616 3090 certam
664 3033 1004 3094 instituenda:
1041 3032 1163 3086 vita:
1196 3030 1536 3100 disciplinam
1574 3029 1758 3097 tradit,
1797 3029 1983 3085 factis-

412 3145 517 3201 que
540 3127 697 3185 simul
730 3143 796 3184 ac
821 3129 1018 3192 verbis,
1048 3127 1116 3183 ad
1137 3141 1256 3181 eam
1300 3133 1443 3180 recte
1483 3124 1676 3195 pieque
1717 3124 1981 3194 agendam

415 3221 658 3289 impellit.
692 3219 786 3276 Sic
807 3229 862 3275 et
885 3220 1065 3286 modo,
1096 3219 1186 3289 qui
1215 3233 1355 3284 saepe
1378 3216 1512 3286 jam,
1539 3231 1660 3271 cum
1697 3217 1985 3286 propheta-

415 3329 558 3378 rum,
605 3323 715 3368 tum
767 3310 1222 3380 evangelistarum
1266 3322 1393 3372 ore;
1442 3309 1572 3377 quin
1624 3316 1681 3363 et
1723 3321 1817 3362 sua
1869 3306 1986 3375 ipse

413 3419 544 3460 voce
564 3442 580 3469 ,
607 3404 732 3458 odio
758 3418 818 3460 se
853 3404 1058 3459 habere
1085 3401 1348 3473 superbas
1383 3415 1446 3456 ac
1471 3401 1641 3456 elatas
1669 3413 1802 3470 opes
1820 3437 1837 3464 ,
1865 3413 1987 3466 gra-

413 3505 523 3550 tam
585 3504 766 3550 autem
817 3492 1248 3558 humanitatem,
1324 3506 1391 3546 ac
1446 3499 1814 3560 paupertatem
1864 3503 1984 3542 cum

408 3586 616 3657 iustitia
647 3585 1019 3656 coniunctam,
1054 3583 1406 3647 ostendisset,
1439 3591 1502 3636 ut
1529 3581 1654 3636 boui
1705 3579 1985 3634 consilium

411 3676 680 3732 ellicacius
721 3675 909 3741 faciat,
940 3676 1204 3746 exemplis
1243 3676 1297 3730 in
1328 3676 1489 3730 rebus
1523 3674 1714 3746 positis
1737 3674 1838 3744 (Γ)
1868 3686 1988 3728 ser-

413 3769 557 3824 moni
593 3769 792 3832 astruit
829 3768 1012 3832 (idem,
1061 3766 1390 3837 divitemque
1431 3781 1496 3822 ac
1536 3780 1828 3836 pauperem
1862 3779 1987 3818 nar-

2009 2515 2059 2575 Α

416 2603 648 2661 Humilia
689 2604 744 2658 in
780 2601 952 2656 locum
990 2601 1262 2667 Evangelii
1307 2597 1593 2654 secundum
1639 2597 1838 2652 Lucam
1864 2637 1880 2664 ,
1917 2599 1984 2655 de
2016 2651 2037 2667 _

2835 2506 2913 2563 A'.

2095 2603 2326 2674 Ὀμιλία
2345 2602 2414 2657 ἐκ
2449 2601 2556 2657 τοῦ
2589 2603 2738 2657 κατὰ
2767 2599 3013 2674 Λουκᾶνλ
3037 2603 3422 2674 Εὐαγγελίου,
3445 2605 3538 2670 εἰς
3555 2605 3673 2662 τὸν

2222 2730 2230 2736 _
2390 2674 2690 2728 πλούσιον
2719 2673 2816 2727 καὶ
2848 2675 2933 2739 εὶς
2952 2672 3062 2747 ,τὸν
3079 2673 3360 2742 Λάζαρον.

2161 2766 2238 2820 Οὐ
2273 2753 2386 2830 τοῖς
2407 2767 2764 2836 ἀποφατικοῖς
2791 2765 2883 2820 καὶ
2910 2766 3257 2837 δογματικοῖς
3287 2767 3446 2839 μόνον
3469 2768 3672 2822 θεσπίςο

2087 2873 2285 2927 σμασιν
2307 2858 2336 2910 ὁ
2361 2856 2491 2919 Θεὸς
2511 2857 2542 2926 ἡ
2551 2855 2665 2926 μῶν
2693 2855 2788 2910 κα)⁸
2812 2855 3004 2928 Σωτὴρ
3028 2856 3267 2910 παιδεύει
3303 2859 3426 2921 τοὺς
3449 2858 3673 2930 ἀνθρὼο

2085 2966 2241 3014 πους,
2276 2948 2416 3002 ὥστε
2455 2950 2632 3018 μισεῖν
2673 2946 2872 3001 κακίαν
2895 2949 2991 3001 καὶ
3020 2949 3242 3020 ἀγαπᾷν
3269 2949 3490 3021 ἀρετήν·
3523 2948 3672 3004 ἀλλά

2086 3037 2180 3091 καὶ
2211 3039 2322 3102 τοῖς
2363 3036 2617 3108 ἐναργέσι
2653 3036 2762 3089 τῶν
2790 3036 3220 3107 ὑποδειγμάτων,
3259 3036 3406 3108 σαφῆ
3435 3038 3676 3108 παραδί-

2084 3130 2214 3184 δωσι
2242 3129 2310 3183 τὰ
2323 3131 2421 3202 τῆς
2445 3129 2654 3201 ἀγαθῆς
2681 3128 2954 3193 πολιτείας
2980 3128 3296 3200 μαθήματα,
3329 3129 3512 3201 ἔργοις
3525 3130 3671 3200 ὁμοῦ

2086 3221 2180 3275 καὶ
2207 3221 2384 3290 λόγοις
2415 3218 2795 3292 προσϐιϐάζων
2822 3220 2974 3291 ἡμᾶς
2997 3222 3062 3290 τῇ
3082 3219 3381 3291 καταλήψει
3410 3219 3513 3289 τῆς
3527 3221 3674 3290 ἀγα·

2086 3308 2188 3380 θῆς
2234 3311 2329 3363 καὶ
2357 3309 2604 3378 φιλοθέου
2631 3309 2796 3378 ζωῆς.
2839 3306 2994 3361 Οὖτω
3029 3325 3111 3361 τοι
3137 3309 3232 3361 καὶ
3263 3307 3359 3362 νῦν
3390 3308 3673 3380 πολλαχοῦ

2087 3398 2437 3471 προειρηκὼς
2464 3401 2618 3470 ἡμῖν,
2649 3397 2740 3452 διά
2775 3414 2836 3450 τε
2871 3397 3220 3469 προφητικῶν
3253 3397 3347 3452 καὶ⁸
3374 3398 3673 3466 εὐαγγελι-

2087 3487 2200 3543 κῶν
2229 3489 2532 3560 στομάτων,
2559 3489 2620 3542 οὐ
2657 3488 2762 3560 μὴν
2791 3488 2927 3542 ἀλλὰ
2962 3489 3057 3543 καὶ
3079 3488 3166 3543 διὰ
3195 3489 3402 3552 οἰκείας
3452 3491 3670 3563 φωνῆς,

2087 3579 2524 3649 ἀποστρέφεσθαι
2565 3579 2665 3648 μὲν
2714 3579 2804 3632 τὸν
2854 3578 3200 3652 ὑπερήφανον
3235 3580 3331 3634 καὶ
3384 3579 3676 3651 ὑψαύχενα

2089 3669 2338 3737 πλοῦτον,
2367 3671 2590 3742 ἀγαπᾷν
2632 3671 2688 3723 δὲ
2714 3670 2940 3743 γνώμην
2972 3672 3368 3744 φιλάνθρωπον,
3417 3673 3512 3726 καὶ
3564 3673 3676 3748 τὴν

2092 3763 2230 3836 μετά
2263 3763 2610 3836 δικαιοσύνης
2635 3764 2849 3830 πενίαν,
2876 3765 2965 3818 ἵνα
2989 3764 3088 3836 τὴν
3113 3764 3208 3820 τοῦ
3234 3764 3398 3820 καλοῦ
3426 3763 3675 3836 συμϐου-

416 3857 624 3912 ratione
671 3857 963 3923 describit;
1016 3872 1080 3915 ac
1108 3858 1254 3914 illius
1285 3858 1501 3928 quidem
1546 3857 1861 3914 ambitiosas
1895 3871 1984 3911 vo-

2126 3857 2186 3926 ὴν
2229 3854 2577 3927 βεϐαιοτέραν
2641 3855 2965 3927 ἐργάσηται,
3012 3857 3300 3928 τεκμηριοῖ
3356 3854 3446 3908 τὸν
3507 3854 3673 3923 λόγον

414 3947 675 4016 luptates;
711 3947 868 4016 hujus
905 3957 1083 4004 autem
1121 3947 1374 4004 alllictam
1405 3963 1874 4019 aerumnosamque
1902 3948 1987 4004 vi-

415 4045 546 4102 tam,
593 4052 714 4092 cum
757 4037 1037 4108 utriusque
1075 4039 1246 4105 exitu,
1295 4038 1454 4095 nobis
1481 4041 1551 4094 ob
1592 4038 1776 4095 oculos
1806 4040 1988 4108 ponit,

414 4135 477 4182 ut
521 4142 591 4182 ex
641 4127 869 4182 aliorum
920 4127 1166 4184 instituto
1191 4130 1428 4199 vitaque
1470 4143 1670 4200 genere
1705 4131 1986 4185 veritatem

415 4227 726 4288 pensantes,
760 4219 826 4274 de
873 4228 1060 4276 nostro
1101 4220 1340 4292 ipsorum
1392 4229 1540 4276 recte
1572 4234 1806 4291 vereque
1847 4221 1991 4293 judi-

415 4323 543 4365 care
563 4309 855 4380 possimus.

485 4574 657 4628 Honto
690 4572 904 4642 quidam
938 4580 1052 4627 erat
1078 4542 1246 4638 Abes,
1290 4581 1342 4627 et
1389 4573 1707 4628 induebatur
1745 4589 1981 4645 purpura

414 4677 462 4720 et
487 4665 663 4737 bysso.
683 4665 902 4720 Duobus
930 4663 1231 4734 Scriptura,
1268 4663 1441 4735 iisque
1471 4665 1745 4732 brevibus,
1781 4667 1980 4732 verbis,

417 4759 775 4814 luxuriantem
819 4759 1300 4824 acimmodicam,
1351 4759 1492 4815 male
1535 4760 1734 4816 divitiis
1766 4758 1986 4816 amoen-

417 4851 550 4906 tium
608 4849 943 4908 diﬂ‘usioncm
989 4865 1054 4906 ac
1091 4851 1380 4917 luxuriam,
1433 4859 1587 4906 notat
1635 4867 1700 4908 ac
1731 4853 1984 4908 traducit.

415 4938 552 4993 Nam
585 4948 639 4995 et
665 4955 914 5010 purpura:
955 4939 1104 4994 color
1134 4942 1292 4995 valde
1338 4940 1609 5011 pretiosus
1643 4949 1748 5005 est,
1795 4941 1983 5012 plane-

416 5041 521 5096 que
553 5043 957 5098 supervacuus;
998 5038 1052 5085 et
1074 5029 1220 5100 byssi
1243 5029 1368 5082 item
1392 5043 1520 5083 usus
1539 5028 1762 5082 minime
1797 5043 1986 5084 neces-

2089 3949 2414 4018 πρακτικοίς
2443 3946 2824 4018 ύποδείγμασι,
2852 3947 2946 4002 καὶ
2979 3947 3180 4019 γράφει
3202 3949 3267 4020 τῇ
3300 3946 3547 4018 διηγήσει
3571 3947 3674 4001 τὸν

2091 4036 2346 4092 πλούσιον
2375 4037 2470 4091 καὶ
2495 4037 2587 4091 τὸν
2615 4038 2845 4109 πένηταο
2873 4038 2968 4092 καὶ⁵
2998 4035 3093 4091 τοῦ
3131 4037 3230 4108 μὲν
3263 4038 3361 4108 τὴν
3385 4035 3674 4108 φιλότιμον

2090 4127 2408 4182 ἀπόλαυσινο
2446 4125 2542 4180 τοῦ
2597 4125 2674 4191 δὲ,
2735 4126 2834 4198 τὴν
2867 4125 3233 4198 τεθλιμμένην
3267 4125 3410 4198 ζωὴν
3455 4125 3675 4179 ὑποδεί-

2089 4235 2266 4282 κνυσι,
2315 4218 2409 4272 καὶ
2459 4217 2522 4271 τὸ
2549 4218 2702 4282 τέλος
2752 4217 3076 4288 ἀμφοτέρων
3130 4217 3224 4270 τοῦ
3269 4216 3382 4288 βίου
3437 4219 3516 4280 είς
3544 4217 3572 4270 ὅ
3619 4235 3673 4271 τι

2091 4309 2402 4378 κατέληξεν·
2436 4309 2523 4362 ἵνα
2558 4312 2671 4374 τοῖς
2703 4309 3008 4379 ἀλλοτρίοις
3032 4309 3424 4381 ἐπιτηδεύμασι
3459 4307 3672 4377 σκεψά-

2095 4418 2245 4472 μενοι
2276 4400 2374 4472 τὴν
2405 4400 2687 4473 ἀλήθειαν,
2721 4399 2996 4473 σώφρονες
3043 4397 3334 4471 γενώμεθα
3371 4399 3476 4452 τῶν
3520 4397 3674 4452 ἰδίων

2092 4492 2223 4562 βίων
2247 4492 2452 4564 κριταί.

2164 4585 2495 4652 Ἀνθρωπος
2514 4579 2592 4654 ἦν
2609 4584 2923 4650 πλούσιος,
2958 4583 3056 4640 καὶ
3083 4582 3494 4638 ἐνεδιδύσκπο
3522 4600 3676 4654 πορθ

2089 4674 2287 4743 φύραν
2312 4673 2410 4727 καὶ
2431 4673 2702 4737 βύσσον.
2747 4674 2845 4730 Διά
2867 4673 2960 4728 δύο
3001 4675 3275 4746 συντόμων
3309 4675 3613 4744 ὀνομάτων,
3645 4676 3673 4728 ὁ

2091 4762 2247 4830 λόγος
2274 4761 2515 4816 σκώπτει
2544 4763 2639 4816 καὶ
2671 4763 2921 4834 κωμῳδεί
2947 4764 3045 4834 τὴν
3073 4763 3361 4816 πλαδῶσαν
3406 4764 3500 4816 κα.)⁸
3530 4764 3677 4834 ἀμε-

2090 4869 2218 4925 τρον
2248 4853 2360 4907 τῶν
2387 4853 2570 4920 κακῶς
2604 4855 2975 4910 πλουτούντων
3011 4855 3276 4928 διάχυσιν.
3305 4855 3416 4927 Τῆς
3435 4856 3533 4926 μὲν
3559 4856 3676 4928 γὰρ
3730 4905 3732 4908 ,

2092 4944 2378 5016 πορφύρας
2414 4947 2476 4998 τὸ
2529 4946 2748 5018 χρῶμα,
2785 4947 3158 5001 πολυδάπανον
3205 4947 3301 5001 καὶ
3357 4945 3670 5018 περίεργον·

2091 5036 2191 5107 τῆς
2219 5038 2276 5090 δὲ
2313 5037 2534 5107 βύσσου,
2583 5041 2683 5093 οὐκ
2709 5040 2983 5108 ἀναγκαία
3089 5039 3304 5110 χρῆσις.
3337 5035 3458 5090 Τῶν
3486 5036 3545 5088 δὲ
3573 5035 3676 5106 τὴν

417 5118 616 5172 sarius.
652 5118 747 5173 llis
773 5130 952 5175 autem
1001 5121 1091 5190 qui
1135 5121 1302 5176 vitam
1335 5128 1611 5175 sectantur
1651 5120 1982 5176 moderatam

2126 5128 2473 5185 ὑπολίτευτον
2504 5130 2650 5204 ζωὴν
2705 5131 3042 5204 αἱρουμένων
3081 5132 3176 5186 καὶ
3207 5130 3556 5203 ἀπερίεργον,
3589 5132 3676 5184 oi-

485 5231 502 5261 ¹
530 5227 662 5286 Luc.
709 5247 838 5298 xvr,
866 5233 932 5290 19
980 5249 1105 5304 sqq.

489 5344 566 5416 (Ι)
607 5342 764 5400 Malui
792 5345 905 5415 jam
939 5347 1104 5410 edita,
1134 5363 1198 5403 ac
1231 5365 1336 5415 quo
1364 5350 1554 5406 ordine
1583 5349 1726 5404 edita
1767 5360 1972 5416 essent,

2153 5355 2257 5426 (l‘)
2302 5355 2568 5426 Exemplis
2596 5358 2649 5411 in
2692 5357 2843 5411 rebus
2887 5355 3092 5426 positis,
3135 5349 3484 5426 πρακτικοῖς
3522 5351 3674 5404 ὐπο-

419 5416 745 5496 pr-pmittere
774 5416 1000 5496 aliis,ut
1025 5419 1170 5496 velut
1197 5421 1450 5496 antiquus
1478 5422 1611 5496 ordo
1635 5421 1976 5496 liomiliarum
2079 5416 2416 5496 (Selyy'amr.
2469 5416 2614 5484 'Post
2650 5416 2905 5482 nimirum
2950 5416 3259 5496 para-bolica
3300 5424 3402 5496 alia
3433 5416 3498 5474 ac
3533 5435 3673 5490 pra:-

422 5484 634 5558 nsterio
664 5489 1131 5558 constaret,_quod
1162 5484 1535 5558 plane'lectori
1566 5491 1856 5546 commodo
1883 5494 1976 5547 sit.

2082 5492 2315 5565 Cep't'iva.
2362 5514 2488 5555 vera
2535 5499 2848 5565 narratione.
2897 5492 2964 5551 ae
3014 5495 3142 5551 reali
3169 5492 3419 5565 exemplo
3466 5503 3673 5565 sermo-

421 5552 660 5640 i’liolius.
694 5554 744 5640 in
804 5570 902 5640 sua
943 5552 1567 5640 ⁸υὲξοιιᾶεὲηΙιοηιίιίειιςιιιιι
1617 5561 1812 5640 Ast_erii
1869 5577 1979 5616 non
2083 5552 2206 5640 nem
2233 5552 2581 5629 conﬁrmans.
2610 5566 2789 5626 Minus
2815 5552 3048 5640 interpr.
3102 5552 3392 5636 efﬁcacibus
3425 5558 3671 5633 exemplis

422 5624 610 5700 baliuit
649 5624 829 5700 istam.
861 5623 991 5682 Tota
1023 5628 1240 5686 moralis
1269 5638 1374 5700 est,
1413 5631 1669 5688 adversus
1708 5631 1892 5688 luxum
1918 5647 1984 5688 ac
2085 5636 2272 5694 utimr.

423 5692 643 5753 delicias
672 5694 957 5754 instructa.
