3810 6294
136 273 302 366 κε’

1158 303 1440 360 HOMILIA
1469 301 1515 370 1,
1556 303 1641 358 DE
1681 301 1910 361 DIVITE
1941 303 2028 360 ET
2057 303 2356 361 LAZARO.

3266 311 3373 370 166

137 423 267 476 κεῖον
290 417 387 472 καὶ
418 415 570 487 φίλον
594 413 658 468 τὸ
683 415 751 486 τῇ
773 411 934 484 χρείᾳ
958 411 1066 466 τῶν
1094 411 1413 482 ἀναγκαίων
1439 415 1539 484 τὴν
1575 415 1706 485 χρῆ-

1818 430 1881 470 ac
1909 415 2070 485 frugi,
2120 416 2395 486 proprium
2443 429 2507 470 ac
2563 415 2832 476 familiare
2878 429 2980 490 est,
3033 434 3154 478 cum
3190 439 3375 482 rerum

139 529 212 565 σιν
241 510 480 579 μετρεῖν·
528 505 754 573 φεύγειν
782 504 842 556 δέ
873 503 972 573 τῆς
1017 503 1246 574 ματαίου
1276 504 1580 569 κενοδοξίας
1611 506 1704 558 τὸν

142 601 410 672 συρφετὸν,
436 607 531 654 καὶ
543 601 644 671 τήν
665 600 866 652 πλάνον
891 602 912 631 ³
937 598 1232 670 διαγωγήν,
1266 599 1343 663 ὡς
1373 599 1571 663 κακίας
1599 617 1706 670 μη..

139 694 277 763 τέρα.
320 693 430 744 Καὶ
459 692 546 744 ἵνα
570 691 903 762 σαφέστερον
922 689 1094 744 ἀὑτοῦ
1119 689 1310 743 τούτου
1352 689 1446 743 τοῦ
1481 690 1706 761 λεγομέ-

141 803 221 836 νου
265 781 364 853 τήν
400 783 629 852 δύναμιν
679 781 1108 852 καταμάθωμεν,
1156 783 1189 851 ή
1225 781 1333 833 τῶν
1393 781 1704 859 ἐνδυμάτων

143 875 316 945 πρώτη
359 873 748 944 διαγνωσθήτω
778 873 996 944 χρῆσις,
1031 873 1194 944 μέχρι
1231 873 1397 925 πόσου
1441 872 1535 926 καὶ
1561 872 1705 937 τίνος

144 965 631 1037 παραληφθήσεται,
663 966 811 1036 ὃροις
841 965 934 1018 καὶ
961 965 1149 1018 κανόσι
1190 963 1703 1036 περιλαμϐανομένη

146 1057 390 1126 σώφροσι.
426 1057 490 1109 Τί
515 1055 692 1109 τοίνυν
723 1058 751 1109 ό
775 1056 872 1110 τοῦ
907 1055 1116 1109 δικαίου
1150 1057 1314 1127 νόμος
1341 1057 1526 1128 φησίψ
1567 1058 1707 1129 Πρό-

144 1147 288 1216 ϐμτον
326 1147 353 1198 ό
382 1147 514 1210 θεὸς
554 1147 765 1201 ἔκτισεν
817 1145 1051 1219 εὖκομον
1084 1147 1182 1218 τὴν
1213 1147 1396 1219 δορὰν,
1447 1151 1540 1202 καὶ
1596 1152 1706 1212 τοῖς

148 1239 354 1308 μαλλοῖς
378 1238 795 1310 εὐθηνούμενονο
827 1238 985 1292 τοῦτο
1027 1237 1228 1305 λαϐὼν,
1269 1240 1583 1310 ἀπόκειρον,
1613 1241 1707 1294 καὶ

145 1332 254 1394 δοὺς
273 1332 533 1402 ὑφαντικῇ
547 1331 710 1402 τέχνῃ
735 1332 834 1404 τὴν
858 1331 1010 1401 ὓλην,
1032 1330 1235 1401 χιτῶνα
1257 1331 1438 1403 σαυτῷ
1469 1334 1563 1386 καὶ
1581 1334 1708 1405 ἰμά-

145 1439 247 1476 τιον
269 1421 688 1487 κατασκεύασον,
718 1423 866 1486 ὅπως
894 1421 959 1475 ἂν
985 1421 1283 1496 διαφεύγης
1314 1423 1581 1494 χειμῶνος
1617 1442 1710 1478 ταο

149 1509 451 1586 λαιπώρίαν,
473 1515 568 1568 καὶ
613 1514 716 1584 τῆς
744 1513 973 1582 ζεούσης
1007 1513 1222 1578 ἀκτῖνος
1249 1514 1451 1587 βλάϐην
1475 1515 1516 1570 ⁸.
1549 1517 1611 1569 Εἰ
1649 1517 1708 1570 δέ

153 1625 224 1660 σοι
267 1607 355 1660 καὶ
388 1604 724 1676 κουφοτέρας
770 1605 997 1675 ἐσθῆτος
1045 1605 1203 1677 χρεία
1247 1604 1388 1660 κατὰ
1439 1605 1536 1678 τὴν
1560 1607 1708 1680 ὥραν

151 1693 234 1747 τοῦ
266 1695 468 1766 θέρους,
523 1693 724 1747 ἔδωκεν
758 1693 788 1746 ό
818 1692 951 1757 Θεὸς
974 1692 1070 1747 τοῦ
1107 1693 1252 1748 λίνου
1276 1695 1372 1762 τὴν
1403 1696 1598 1767 χρῆσιν
1629 1698 1710 1760 είς

1805 521 1958 560 usum
1997 507 2318 562 necessitate
2373 508 2570 574 metiri,
2620 517 2730 563 tum
2784 510 2971 568 inanes
3008 528 3158 570 vana.-
3189 516 3376 587 gloriae

1804 597 2146 667 quisquilias,
2175 599 2406 670 vitaeque
2437 601 2698 655 mollioris
2735 602 2978 671 delicias,
3017 614 3270 676 tanquam
3293 609 3379 664 vi-

1807 691 2003 744 tiorum
2034 699 2310 759 parentem
2343 692 2534 748 vitare.
2579 693 2890 761 Enimvero,
2937 711 3044 765 quo
3073 700 3190 767 ejus
3231 703 3375 770 quod

1807 780 2026 847 dicitur,
2061 782 2169 836 vim
2195 781 2396 837 clarius
2426 798 2836 854 cognoscamus,
2862 788 3068 856 primus
3090 793 3376 848 vestimen-

1805 880 1981 926 torum
2015 887 2144 926 usus
2173 873 2544 941 iuSpiciendus
2589 885 2691 942 est,
2731 893 2894 948 quam
2942 879 3050 934 late
3083 891 3283 951 pateat,
3320 894 3377 939 et

1805 978 1941 1032 quos
1973 965 2021 1019 ei
2055 965 2189 1020 fines
2214 975 2376 1034 atque
2420 968 2704 1035 terminos,
2745 972 3098 1040 temperantia
3126 976 3374 1043 prescri-

1808 1055 1991 1124 pserit.
2023 1055 2162 1122 Quid
2194 1071 2323 1124 ergo
2365 1056 2586 1124 iustitia:
2626 1059 2712 1114 lex
2763 1061 2874 1115 ait?
2923 1061 3188 1118 Pecudem
3234 1064 3377 1120 Deus

1806 1146 2011 1202 creavit
2039 1147 2176 1218 pelle
2207 1149 2342 1204 bene
2370 1159 2579 1204 comata
2609 1164 2673 1204 ac
2709 1150 2889 1208 densis
2927 1153 3212 1211 velleribus
3239 1173 3253 1209 :
3285 1157 3373 1211 his

1806 1239 2061 1293 detonsis
2093 1248 2149 1294 et
2171 1241 2364 1296 textori
2403 1241 2634 1306 traditis,
2663 1243 2894 1298 tunicam
2921 1259 2984 1300 ac
3006 1245 3220 1314 pallium
3252 1262 3380 1318 per-

1806 1330 1914 1384 texi
1939 1330 2034 1385 tibi
2067 1345 2217 1396 cura,
2247 1345 2374 1400 quo,
2397 1346 2518 1387 cum
2545 1332 2760 1387 hiberni
2792 1333 3006 1404 frigoris
3046 1336 3367 1399 molestiam,

1807 1428 1920 1474 tum
1947 1418 2205 1476 ferventis
2233 1421 2364 1476 radii
2394 1437 2590 1477 noxam
2629 1420 2876 1493 ell‘ugias.
2913 1423 3064 1492 Quod
3095 1426 3141 1482 si
3172 1428 3371 1483 leviore

1807 1525 1903 1580 per
1928 1512 2174 1568 estivum
2215 1523 2424 1584 tempus
2455 1524 2606 1570 veste
2646 1514 2912 1586 indigeas,
2957 1519 3024 1573 ad
3058 1508 3363 1576 uberiorem

1809 1602 1948 1658 Deus
1981 1604 2413 1660 commoditatem
2451 1606 2543 1661 lini
2600 1621 2755 1661 usum
2800 1609 3085 1673 concessit,
3115 1609 3254 1664 unde
3278 1610 3376 1664 tibi

1811 1696 2061 1750 decorum
2090 1696 2142 1749 in
2169 1697 2392 1766 proclivi
2418 1697 2810 1762 indumentum,
2838 1699 2982 1768 quod
3015 1699 3177 1754 simul
3208 1710 3264 1755 et
3293 1712 3376 1756 te-

153 1785 468 1856 πλατυτὲραν
499 1784 819 1839 ἀπόλαυσινο
841 1782 935 1837 καί
974 1801 1055 1837 σοι
1106 1785 1305 1855 ῥᾷστον
1332 1785 1541 1838 ἐκεῖθεν
1571 1786 1706 1857 κτή-

1818 1795 1920 1854 gat,
1960 1795 2016 1840 et
2067 1787 2285 1842 levitate
2331 1788 2629 1860 refrigeret.
2670 1787 2737 1843 Et
2761 1789 2864 1845 his
2890 1805 3010 1846 cum
3043 1790 3370 1861 perfrueris.

155 1877 329 1930 σασθαι
381 1876 588 1947 σκέπην
640 1875 970 1946 εὐσχήμονα,
1016 1874 1388 1946 ἀμφιεννῦσαν
1431 1875 1567 1946 ὁμοῦ
1613 1875 1708 1930 καὶ

153 1967 505 2038 ἀναψύχουσαν
533 1970 600 2038 τῇ
637 1968 952 2038 κουφότητι.
988 1966 1100 2018 Καὶ
1145 1967 1348 2021 τούτων
1398 1966 1706 2033 ἀπολαύων,

153 2061 379 2129 ὁμολόγει
396 2059 469 2130 τῷ
503 2059 697 2130 κτίστῃ
726 2057 823 2128 τήν
860 2057 1044 2129 χάριν,
1078 2058 1219 2130 ὑπὲρ
1240 2051 1314 2112 ὧν
1337 2058 1437 2111 ούκ
1455 2057 1707 2130 ἐποίησεν

157 2154 303 2222 μόνον
341 2153 502 2222 ἡμᾶς,
540 2149 680 2204 ἀλλά
723 2149 819 2203 καὶ
866 2149 968 2221 τῆς
1011 2148 1147 2218 πρὸς
1187 2149 1250 2202 τὸ
1282 2149 1380 2220 ζῇν
1413 2149 1708 2218 ἀσφαλείας

155 2246 464 2316 ἐφρόντισεν.
491 2244 589 2296 Ἂν
616 2242 673 2295 δέ
700 2241 1127 2312 καταλιμπάνων
1159 2241 1220 2294 τὸ
1261 2241 1528 2310 πρόϐατον
1545 2241 1711 2294 καὶτὸ

155 2337 308 2407 ἔριον,
335 2337 422 2390 καὶ
466 2334 565 2406 τὴν
609 2334 916 2402 ἀναγκαίαν
946 2332 1042 2386 τοῦ
1071 2332 1405 2404 δημιουργοῦ
1429 2331 1536 2386 τῶν
1574 2332 1710 2386 ὅλων

155 2428 502 2500 παρασκευὴν,
535 2430 658 2492 ταῖς
686 2427 946 2500 ματαίαις
993 2426 1259 2488 ἐπινοίαις
1279 2465 1293 2487 ,
1321 2424 1418 2478 καὶ
1463 2427 1583 2490 ταῖς
1612 2425 1712 2496 ἐμ⁴

157 2522 394 2593 πλήκτοις
411 2521 731 2594 ἐπιθυμίαις
767 2516 1208 2590 ἐκδιαιτώμενος,
1234 2517 1332 2588 τὴν
1359 2516 1555 2588 βύσσον
1588 2517 1713 2569 ἐπι-

157 2616 330 2686 ζητῇς,
380 2615 468 2669 καὶ
512 2614 754 2686 συνάγῃς
804 2612 874 2666 τὰ
927 2610 1040 2665 τῶν
1082 2610 1366 2682 Περσικῶν
1411 2608 1711 2680 σκωλήκων

157 2710 371 2776 νήματα,
396 2705 537 2759 ίστδν
566 2704 624 2758 δέ
643 2702 889 2775 ἀράχνης
913 2701 1171 2772 ἀνεμαῖον
1189 2698 1441 2770 ὑφαίνῃςο
1460 2697 1555 2751 καὶ
1577 2699 1714 2769 πρὸς

158 2800 242 2853 τὸν
285 2799 570 2869 ἁνθόὸαφον
600 2796 915 2868 ἐρχόμενος,
973 2789 1201 2864 μισθοὺς
1238 2790 1414 2853 τελεῖς
1445 2787 1709 2859 δαψιλεῖς,

162 2888 240 2940 ἵνα
253 2888 332 2942 τὸν
364 2888 550 2959 κόχλον
572 2888 640 2939 ἐκ
676 2883 950 2952 θαλάσσης
967 2880 1262 2952 θηρεύσας,
1291 2879 1369 2950 τῷ
1394 2880 1586 2950 αἵματι
1609 2877 1705 2932 τοῦ

162 2978 283 3043 (tim
309 2979 462 3051 χρίσῃ
517 2978 581 3030 τὸ
629 2975 854 3046 ἔνδυμα,
890 2973 1049 3026 τοῦτο
1094 2969 1518 3043 ὑπερμαζῶντός
1567 2971 1714 3022 ἐστιν

161 3070 437 3142 ἀνθρώπου,
484 3067 923 3140 παραχρωμένου
975 3067 1042 3135 τῇ
1091 3065 1302 3134 κτήσει,
1351 3063 1452 3115 οὐκ
1501 3059 1715 3130 ἐχοντος

163 3163 275 3216 ὅπου
294 3164 350 3216 τὸ
382 3159 699 3234 περιττεῦον
727 3157 915 3229 ἐκχέῃ.
951 3157 1062 3210 Καὶ
1085 3154 1175 3208 διὰ
1223 3152 1382 3207 τοῦτο
1409 3154 1438 3206 ὁ
1474 3150 1712 3215 τοιοῦτος

168 3252 472 3322 μαστίζεται,
505 3251 660 3322 παρά
696 3248 789 3302 τοῦ
833 3246 1164 3316 Εὑαγγελίου
1216 3241 1712 3314 κατηγορούμενος,

163 3348 227 3410 ὡς
262 3346 381 3416 βλὰξ
418 3346 514 3398 καὶ
561 3343 876 3415 θηλυδρίας,
935 3340 1159 3412 κόσμοις
1196 3337 1397 3393 ἀθλίων
1439 3335 1713 3409 κορασίων

143 3438 630 3509 καλλωπιζόμενος.

219 3528 382 3581 ’Ᾱλλοι
408 3528 573 3582 πάλιν
607 3525 752 3580 κατά
782 3525 880 3597 τὴν
911 3523 1133 3596 γνώμην
1155 3522 1256 3593 τῆς
1280 3521 1473 3594 ὁμοίας
1497 3519 1720 3592 ματαιό-

162 3620 558 3693 τητοςέρασταίο
589 3617 794 3690 μᾶλλον
836 3617 916 3680 δὲ,
941 3616 1078 3688 πρὸς
1107 3615 1168 3669 τὸ
1199 3614 1358 3668 πλέον
1393 3613 1493 3685 τήν
1519 3613 1719 3668 κακίαν

165 3713 492 3784 ἀσκήσαντες,
515 3711 640 3765 οὐδὲ
669 3710 833 3783 μέχρι
859 3710 968 3765 τῶν
1003 3709 1310 3782 εἰρημένων
1339 3707 1576 3780 ἔστησαν
1620 3707 1720 3778 τῆς

168 3808 330 3878 μωρᾶς
349 3805 592 3869 ἐπινοίας
614 3805 743 3867 τοὺς
772 3803 952 3874 ὄρους’
978 3802 1116 3857 ἀλλά
1139 3818 1262 3856 τινα
1297 3798 1459 3872 κενήν
1489 3800 1718 3869 ὑφαντι-

165 3897 250 3969 κήν
293 3898 595 3970 ἐξευρόντες
621 3895 720 3950 καὶ
773 3895 1086 3967 περίεργον,
1125 3894 1249 3965 ἥτις
1286 3895 1354 3964 τῇ
1397 3891 1570 3962 πλοκῇ
1622 3891 1719 3946 τοῦ

167 3991 400 4062 στήμονος
445 3989 585 4062 πρὸς
617 3988 720 4058 τὴν
747 3986 975 4058 κρόκην,
1011 3985 1113 4056 τῆς
1145 3984 1426 4057 γραφικῆς
1471 3985 1722 4055 μιμεῖται

164 4081 248 4153 τὴν
269 4081 508 4152 δύναμιν,
543 4079 640 4134 καὶ
660 4078 879 4132 πάντων
911 4075 1067 4142 ζώων
1083 4080 1196 4142 τοῖς
1219 4075 1447 4138 πέπλοις
1470 4074 1571 4138 τὰς
1593 4091 1724 4146 μορ-

168 4172 255 4241 φὰς
285 4173 684 4243 ἐνσημαίνεται,
718 4169 819 4241 τὴν
841 4169 1063 4240 ἀνθινὴν
1106 4167 1204 4222 καὶ⁵
1240 4166 1454 4238 μυρίοις
1483 4163 1723 4227 εἰδώλοις

169 4265 569 4338 πεποικιλμένην
607 4262 1014 4334 φιλοτεχνοῦσιν
1039 4259 1266 4332 ἐσθῆτα,
1291 4259 1503 4322 ἑαυτοῖς
1547 4273 1607 4310 τε
1632 4255 1724 4309 καὶ

167 4357 372 4424 γυναιξὶ,
390 4358 484 4412 καὶ
517 4356 727 4410 παισίψ
765 4354 1054 4419 παίζοντες
1083 4352 1292 4420 λοιπὸν,
1317 4351 1378 4405 ού
1408 4347 1726 4413 σπουδάζονσ

168 4465 259 4511 τες·
286 4449 419 4503 κατά
446 4450 547 4520 τῆς
579 4445 847 4519 ἀμετρίας
898 4443 994 4498 τοῦ
1026 4444 1258 4498 πλούτου
1299 4439 1723 4513 παραχρώμενοι
1754 4473 1799 4530 D

167 4540 232 4610 τῷ
256 4541 364 4612 βίῳ,
381 4543 442 4595 ού
481 4538 781 4612 χρώμενοι,
808 4534 1347 4612 ἀντινομοθ-ετοῦντες
1395 4533 1474 4605 τῷ
1502 4531 1720 4603 Παύλῳ,

170 4630 245 4683 καὶ
277 4610 568 4702 μαχόμενοι
606 4632 728 4692 ταῖς
787 4610 1169 4690 θεοπνεύστοις
1201 4625 1427 4697 φωναῖς,
1460 4625 1521 4678 ού
1544 4623 1726 4695 γράμ-

173 4739 331 4790 μασιν,
359 4723 495 4777 ἀλλά
533 4721 878 4794 πράγμασιν.
917 4721 985 4772 ’Δ
1018 4718 1127 4790 γὰρ
1158 4720 1363 4780 ἐκεῖνος
1410 4711 1722 4786 ἀπεκήρυξε

173 4812 309 4885 λόγῳ,
337 4815 488 4870 ταῦθ’
515 4809 664 4868 οὗτοι
699 4812 960 4886 κρατοῦσι
994 4812 1090 4866 καὶ
1118 4807 1346 4881 κυροῦσι
1374 4809 1485 4870 τοῖς
1518 4805 1719 4877 ἔργοις.

176 4903 319 4960 ὀταν
343 4904 434 4962 οὖν
479 4907 832 4978 ἐνδυσάμενοι
869 4904 1131 4975 φανῶσιν,
1159 4902 1235 4965 ώς
1281 4901 1449 4972 τοῖχοι
1472 4914 1722 4970 γεγραμ-

180 4995 306 5064 μένοι
341 5000 490 5073 παρὰ
513 4999 625 5053 τῶν
679 4996 1157 5067 συντυγχανόντων
1189 4993 1442 5066 ὁρῶνται.
1496 4989 1605 5045 Καί
1629 5004 1731 5042 που

177 5092 255 5143 καὶ
285 5092 349 5147 τὰ
379 5092 567 5147 παιδία
620 5091 818 5154 αὐτοὺς
851 5088 1230 5160 περιίστανται
1265 5082 1555 5156 μειδιῶντα
1598 5078 1734 5151 πρὸς

179 5180 374 5253 ἄλληλα,
423 5185 517 5238 καὶ
544 5180 1098 5238 δακτυλοδεικνοῦντα
1129 5177 1227 5249 τὴν
1265 5177 1323 5231 ἐν
1352 5177 1465 5238 τοῖς
1499 5172 1734 5244 ἱματίοις

178 5277 385 5348 γραφήν·
418 5277 697 5349 βαδίζουσι
717 5276 775 5330 δέ
802 5273 1180 5346 παρεπόμενα,
1215 5271 1317 5324 οὐκ
1345 5265 1733 5339 ἀναχωροῦντα

233 5481 252 5513 ’
284 5480 403 5553 Leg.
455 5481 683 5536 πλάδον.
787 5479 810 5511 ³
841 5477 1005 5532 Sirm.
1037 5475 1206 5546 Apog.
1266 5473 1445 5545 βολήν.

161 5615 164 5618 ’
229 5613 296 5684 (Ξ)
335 5613 506 5669 Rebus
540 5596 794 5667 abutatur
820 5612 947 5684 sitis,
972 5607 1444 5684 παραχρῳμένου
1469 5604 1551 5684 ,τῇ
1585 5605 1728 5675 κτή-

174 5675 715 5758 αεὶίνιιεείιάηιε-τρτ.
756 5682 952 5745 κτίσει,
983 5675 1104 5758 cuin
1137 5675 1358 5758 reddat:
1404 5675 1556 5758 rebus
1581 5693 1730 5758 crea:

174 5755 228 5810 tit
251 5749 511 5813 abutitur.
540 5749 764 5832 -Ve'rum
797 5761 1018 5825 pmSlat
1041 5751 1102 5805 τὸ
1125 5750 1316 5821 κτήσει
1343 5789 1359 5818 ,
1397 5757 1457 5806 ιιι
1488 5749 1561 5806 sit
1589 5763 1603 5802 :
1639 5749 1730 5817 qui

1565 5470 1588 5503 ⁸
1622 5469 1799 5526 lCor.
1841 5477 1952 5528 vtt,
1994 5459 2085 5516 3i.

1807 1877 2050 1932 Creatori
2090 1879 2320 1946 gratiam
2363 1880 2524 1944 habe,
2577 1881 2719 1950 quod
2760 1895 2863 1936 non
2898 1883 3058 1938 modo
3089 1899 3187 1940 nos
3217 1899 3374 1940 clea-

1807 1968 1908 2030 vit,
1939 1983 2121 2023 verum
2153 1969 2317 2024 etiam
2345 1971 2523 2026 tutelae
2547 1981 2602 2026 et
2625 1972 2888 2044 praesidiis
2917 1973 3040 2030 vitae
3075 1977 3374 2046 prospexit.

1808 2057 1960 2124 Quod
1985 2060 2029 2114 si
2057 2061 2248 2117 ovibus
2270 2077 2336 2117 ac
2360 2063 2479 2118 lana
2511 2064 2735 2131 relictis,
2765 2059 3180 2136 necessarioque
3210 2067 3378 2124 Crea-
3405 2065 3410 2072 ’

1811 2147 1944 2204 toris
1969 2150 2209 2204 omnium
2237 2160 2494 2221 apparatu
2517 2162 2719 2222 spreto,
2752 2157 2908 2210 vanis
2931 2157 3371 2226 cogitationibus,

1811 2241 2136 2310 vesanisque
2163 2243 2543 2311 cupiditatibus
2584 2245 2638 2298 in
2673 2245 2855 2300 luxum
2888 2246 3110 2314 ell'usus,
3157 2256 3212 2302 et
3253 2249 3379 2319 bys-

1810 2345 1928 2387 sum
1957 2333 2210 2403 requiris,
2239 2344 2294 2388 et
2321 2333 2660 2390 Persicorum
2692 2337 2922 2392 stamina
2968 2338 3229 2393 vermium
3261 2339 3374 2394 col-

1811 2425 1954 2493 ligis,
1985 2425 2126 2481 unde
2152 2425 2397 2489 evanida,
2431 2434 2488 2481 ut
2519 2427 2592 2481 ita
2625 2426 2822 2493 dicam,
2865 2442 3077 2483 araneae
3105 2427 3207 2483 tela
3240 2443 3376 2483 cou-

1812 2526 2068 2575 texatur:
2131 2519 2176 2572 si
2228 2527 2487 2588 praeterea
2542 2519 2825 2574 tinctorem
2876 2519 3079 2590 iungenti
3134 2520 3380 2575 mercede

1751 2672 1764 2683 ,
1811 2612 2087 2688 conducis,
2123 2619 2181 2667 ut
2207 2611 2345 2666 mari
2390 2611 2665 2668 cochleam
2711 2622 2959 2677 venatus,
3004 2614 3122 2681 ejus
3149 2613 3380 2668 animal-

1813 2698 1919 2754 culi
1945 2699 2206 2767 sanguine
2231 2707 2433 2754 vestem
2468 2699 2708 2764 inliciat;
2747 2699 2797 2754 id
2849 2713 2975 2754 vero
3011 2699 3242 2755 hominis
3293 2709 3379 2756 est

1815 2789 2101 2845 immodice
2176 2789 2540 2856 lascivientis,
2612 2791 2812 2860 quique
2892 2791 3050 2846 rebus
3126 2791 3383 2845 abutatur

1813 2883 1926 2937 suis
1951 2881 2052 2952 (2),
2080 2895 2179 2938 nec
2203 2882 2418 2947 habeat,
2451 2882 2504 2937 in
2527 2897 2661 2951 quos
2675 2897 2804 2938 usus
2836 2880 3285 2952 superallluentes
3303 2881 3385 2936 di-

1817 2971 1978 3027 vitias
2005 2969 2262 3028 effundat.
2297 2971 2481 3043 quue
2520 2983 2623 3028 non
2673 2973 2963 3040 immerito,
3007 2973 3129 3028 talis
3161 2982 3219 3028 ut
3255 2973 3386 3028 mol-

1819 3062 1886 3118 lis
1917 3078 1981 3118 ac
2003 3062 2366 3130 effeminatus,
2409 3064 2721 3134 cultumque
2766 3080 2830 3120 ac
2876 3074 3190 3120 ornamenta
3221 3064 3386 3118 mise-

1819 3169 2000 3210 rarum
2029 3154 2323 3224 puellarum
2353 3162 2650 3222 mutuatus,
2681 3156 3024 3223 vituperaute
3052 3155 3341 3226 Evangelio
3360 3191 3378 3220 ,

1815 3245 2056 3316 vapulat.

1885 3513 1991 3570 Alii
2021 3513 2148 3569 item
2175 3511 2370 3568 similis
2411 3519 2655 3566 amantes
2687 3507 2972 3576 vanitatis;
2999 3507 3127 3579 quin
3148 3507 3260 3564 imo
3287 3523 3386 3562 au-

1818 3607 2081 3666 ctioribus
2113 3606 2290 3662 modis
2329 3603 2524 3660 vitium
2551 3602 2878 3670 excolentes,
2930 3616 3000 3656 ne
3033 3601 3123 3656 hic
3166 3600 3384 3670 quidem

1818 3701 1997 3757 stultae
2030 3698 2264 3756 solertiae
2298 3697 2432 3752 lines
2462 3695 2862 3751 constituerunt
2899 3712 2914 3750 :
2947 3695 3042 3750 sed
3075 3708 3213 3749 novo
3253 3708 3388 3763 quo-

1819 3798 1942 3852 dam
1973 3808 2037 3850 ac
2063 3803 2470 3864 supervacaneo
2504 3787 2750 3844 textrina:
2777 3794 3101 3851 commento,
3135 3786 3277 3857 quod
3305 3799 3390 3840 ar-

1820 3898 1928 3945 tem
1956 3889 2265 3959 pictoriam,
2296 3884 2543 3940 staminis
2570 3878 3001 3952 acsubtegminis
3019 3879 3199 3935 subtili
3227 3892 3376 3933 com-

1819 3979 2071 4052 plexione
2120 3977 2378 4043 imitans,
2419 3975 2660 4030 omnium
2719 3971 2921 4027 formas
2964 3967 3278 4026 animalium
3333 3967 3391 4023 in

1821 4069 2064 4126 vestibus
2107 4067 2400 4138 exprimat,
2433 4063 2646 4126 ﬂorida,
2687 4077 2751 4118 ac
2798 4060 3071 4117 sexcentis
3115 4058 3391 4127 variegata

1824 4158 2012 4233 figuris
2049 4159 2393 4222 vestimenta,
2417 4168 2530 4211 tum
2569 4155 2694 4222 sibi,
2723 4161 2834 4208 tum
2855 4152 3134 4216 uxoribus,
3165 4164 3230 4205 ac
3259 4149 3394 4204 libe-

1823 4256 1900 4310 ris
1927 4266 2152 4323 Operose
2187 4249 2514 4316 conficiunt;
2545 4247 2672 4302 ludo
2715 4245 2968 4315 deinceps
3011 4251 3251 4315 agentes,
3285 4255 3392 4296 non

1825 4346 1970 4404 serio
1997 4345 2200 4416 aliquid
2227 4343 2489 4400 facientes
2517 4359 2534 4396 :
2571 4340 2663 4412 qui
2695 4337 3010 4395 divitiarum
3067 4348 3397 4404 exsuperan-

1829 4437 1922 4504 tia,
1976 4435 2174 4491 szeculo
2207 4435 2535 4498 abutantur,
2596 4445 2701 4486 non
2755 4425 3056 4492 utantur‘;
3118 4440 3178 4480 ac
3227 4422 3396 4478 Paulo

1830 4529 2100 4587 contraria
2135 4528 2414 4592 sauciant;
2467 4523 2770 4592 divinisque
2819 4519 3076 4583 vocibus,
3126 4516 3209 4572 sin
3261 4513 3398 4570 scri-

1829 4620 1938 4690 ptis
1964 4634 2029 4674 ac
2089 4616 2290 4684 verbis,
2345 4629 2410 4670 ac
2447 4612 2606 4669 factis
2662 4611 3036 4666 adversentur.
3073 4605 3202 4672 Qua:
3252 4603 3394 4658 enim

1830 4711 1920 4768 ille
1948 4723 2198 4766 sermone
2230 4705 2548 4778 proscripsit
2573 4704 2626 4771 ';
2658 4704 2772 4758 hac
2815 4701 2914 4770 ipsi
2948 4697 3221 4754 mordicus
3267 4691 3399 4749 reti-

1830 4818 1962 4861 nent
1984 4816 2050 4858 ac
2065 4801 2318 4871 operibus
2329 4807 2440 4854 rata
2465 4795 2669 4851 volunt.
2690 4793 2822 4850 Cum
2844 4793 3027 4860 itaque
3051 4785 3244 4842 talibus
3269 4781 3402 4836 ami-

1829 4897 1900 4952 eti
1933 4895 1987 4950 in
2019 4891 2292 4964 publicum
2317 4888 2605 4960 prodeunt,
2645 4894 2904 4952 tanquam
2947 4877 3142 4948 depicti
3169 4872 3402 4964 parietes

1829 4985 2004 5043 obviis
2026 4963 2337 5052 quibusque
2362 4986 2676 5038 cernuntur.
2713 4974 2852 5042 Quin
2881 4981 2937 5026 et
2971 4967 3122 5039 pueri
3152 4963 3403 5035 quando-

1829 5093 1935 5151 que
1962 5077 2335 5140 circumstant,
2367 5071 2585 5140 risuque
2615 5076 2803 5122 mutuo
2827 5064 2998 5136 pictas
3028 5061 3081 5116 in
3112 5054 3404 5112 vestimen-

1832 5169 1902 5224 tis
1943 5167 2147 5237 llguras
2183 5164 2361 5220 indice
2413 5164 2735 5221 monstrant,
2778 5170 2842 5208 ac
2896 5164 3035 5222 poue
3086 5151 3401 5215 sequentes,

1829 5274 1973 5331 argre
2025 5256 2241 5315 tandem
2277 5251 2556 5319 recedunt,
2592 5263 2656 5305 ac
2680 5248 2748 5303 ab
2800 5244 2879 5301 eis
2905 5239 3063 5298 avelli
3099 5237 3402 5310 patiuntur.

2194 5453 2276 5509 Ἰ
2329 5453 2473 5510 Tim.
2503 5467 2586 5518 ll,
2620 5452 2685 5520 9,
2716 5449 2805 5506 l0.

1837 5615 2002 5658 censu
2052 5611 2117 5652 ac
2143 5595 2300 5652 bonis
2325 5592 2592 5666 possessis
2627 5589 2898 5652 abutatur,
2927 5595 3071 5640 ma.e
3111 5591 3404 5666 .nsumens,

1837 5651 2022 5748 non—in
2049 5651 2176 5724 suos
2205 5681 2269 5748 ac
2294 5651 2522 5737 p'roximi
2561 5670 2888 5736 opportunos
2914 5669 3064 5736 usus,
3094 5667 3157 5709 ac
3191 5651 3244 5707 in
3274 5661 3409 5720 quos

1841 5743 1979 5800 Deus
2010 5743 2298 5798 concessit.
