3810 6298
309 257 315 264 ’
369 302 466 359 ιω
1639 289 1696 345 s.
1737 285 1975 344 ssrec]

2129 279 2363 339 [ASENI
3533 275 3654 335 168

371 416 564 473 Videre
593 422 676 468 est
697 409 806 468 illic
825 407 1032 474 leones,
1062 406 1380 479 pantheras,
1408 416 1586 468 ursos,
1616 411 1821 467 tauros,
1853 417 1942 458 ca-
1973 449 1975 460 .

2129 415 2208 470 ιρι
2248 392 2467 450 πολλοῦ.
2505 392 2652 446 Ἐκεῖ
2679 390 2892 456 λέοντες
2930 408 3022 445 και
3050 391 3362 463 παρδάλεις·
3411 392 3650 464 ἀρκτοι,

370 526 487 576 nes,
522 507 709 571 silvas,
743 518 896 569 saxa,
921 508 1181 556 venantes
1218 499 1383 564 viros,
1412 512 1476 553 ac
1503 496 1686 552 omnia
1711 496 1946 565 denique

2129 490 2146 541 l.
2171 487 2386 562 ταῦροι,
2415 484 2510 539 καὶ
2539 483 2717 546 κύνες
2748 482 2891 547 ὕλαι,
2931 485 3027 538 καὶ
3057 484 3274 558 πέτραι,
3301 485 3398 540 καὶ⁸
3441 486 3659 558 ἄνδρες

370 574 517 658 circa
551 613 672 671 quae
696 597 965 669 pictorum
988 590 1254 649 industria
1281 598 1525 645 versatur
1551 597 1758 642 naturae
1780 601 1951 641 mtuu-

2129 577 2386 648 ροκτόνοι,
2425 575 2518 628 καὶ
2557 575 2707 627 πᾶσα
2760 575 2794 645 li
2844 574 2943 646 τῆς
2989 577 3266 648 γραφικῆς
3291 577 3656 649 ἐπιτήδευσις

371 692 439 748 la.
471 666 712 745 Necesse
741 686 991 743 videlicet
1014 689 1154 745 erat,
1194 691 1254 736 ut
1275 681 1509 744 videtur,
1543 694 1730 744 eorum
1754 677 1950 733 nedum

2129 669 2367 742 μουμένη
2401 667 2499 739 τὴν
2554 666 2735 735 φύσιν.
2797 667 2946 720 Ἔδει
2983 669 3093 740 γὰρ
3141 669 3215 740 μὴ
3247 671 3376 734 τοὺς
3424 670 3655 742 τοίχους

372 785 608 856 parietes
647 797 711 837 ac
747 781 938 835 domos
975 777 1204 847 picturis
1242 774 1523 840 exornari,
1561 787 1752 828 verum
1784 771 1949 826 etiam

2129 762 2233 816 τῶν
2252 760 2435 832 μόνον,
2471 758 2546 822 ὡς
2573 758 2768 823 ἔοικεν,
2807 759 3021 825 καὶτὰς
3065 761 3243 825 οίκίας
3291 763 3652 833 κοσμεῖσθαι·

375 850 604 941 tunicas,
652 882 709 930 et
735 873 896 944 pallia
926 872 1007 926 eis
1037 868 1420 938 superiniecta.

2129 854 2189 910 λὰ
2244 855 2346 925 ἤδη
2397 852 2492 907 καὶ
2546 851 2674 916 τοὺς
2707 850 2962 920 χιτῶνας,
3017 854 3114 910 καὶ
3171 853 3242 909 τὰ
3291 854 3350 910 ἐν
3411 856 3663 919 ἐκείνοις

2129 948 2268 1002 άτια.
3489 941 3504 952 “
3675 946 3684 950 ’

2059 949 2268 1019 ἱμάτια.

445 1056 501 1112 Si
529 1054 620 1126 qni
663 1060 842 1107 antem
891 1064 1014 1106 cum
1047 1047 1169 1112 viri,
1205 1055 1317 1100 tnm
1370 1043 1583 1100 femina
1627 1042 1818 1108 exiis,
1862 1041 1954 1110 qui

375 1147 580 1202 divitiis
618 1142 860 1208 amnunt,
904 1138 1268 1210 religiosiores
1300 1135 1573 1199 videntur,
1627 1134 1850 1189 collecta
1889 1148 1956 1188 ex

376 1237 600 1294 historia
649 1234 959 1305 evangelica
996 1237 1336 1301 argumenta,
1369 1227 1666 1282 textoribus
1697 1225 1960 1282 submini-

375 1338 585 1394 strant;
613 1330 788 1397 ipsum
814 1326 1035 1396 inquam
1058 1321 1338 1378 Christum
1369 1329 1614 1376 nostrum
1645 1334 1767 1374 cum
1801 1317 1959 1373 disci-

378 1424 518 1494 pulis
545 1419 829 1486 omnibus;
878 1432 943 1473 ac
975 1414 1258 1479 miracula,
1305 1428 1412 1484 qna
1449 1413 1704 1482 quodque
1748 1411 1959 1465 ratione

381 1525 656 1570 narratum
701 1511 951 1566 habetur.
990 1507 1212 1564 Videbis
1258 1506 1474 1576 nuptias
1504 1503 1744 1560 Galilaeze
1771 1511 1826 1556 et
1853 1501 1956 1570 by-

380 1602 555 1666 drias;
583 1597 955 1669 paralyticuin,
987 1593 1186 1650 lectum
1234 1594 1288 1649 in
1333 1592 1575 1648 humeris
1619 1596 1957 1662 gestantem;

2132 1042 2285 1094 Ὅσοι
2318 1040 2374 1095 δὲ
2402 1042 2497 1096 καὶ
2530 1044 2651 1097 ὅσαι
2677 1042 2786 1098 τῶν
2837 1039 3209 1094 πλουτούντων
3240 1038 3321 1112 [ἐν
3363 1039 3516 1113 ὑμῖν]
3549 1039 3662 1094 εύ-

2057 1131 2394 1204 λαϐέστεροι,
2428 1135 2820 1207 ἀναλεξάμενοι
2848 1133 2946 1206 τὴν
2983 1131 3341 1204 εὑαγγελικὴν
3378 1132 3656 1203 ἱστορίαν,

2057 1227 2169 1288 τοῖς
2194 1226 2458 1294 ὑφανταῖς
2513 1227 2858 1299 παρέδωκαν·
2909 1225 3073 1279 αὑτὸν
3095 1223 3240 1294 λέγω
3269 1223 3361 1278 τὸν
3410 1222 3664 1294 Χριστὸν

2058 1319 2215 1389 ἡμῶν
2251 1319 2390 1389 μετά
2422 1319 2532 1374 τῶν
2571 1319 2826 1392 μαθητῶν
2849 1318 3124 1373 ἁπάντωνο
3161 1317 3255 1371 καὶ
3290 1316 3399 1370 τῶν
3428 1316 3660 1388 θαυμα-

2062 1411 2191 1464 σίων
2223 1412 2476 1477 ἕκαστον,
2519 1412 2654 1484 ὠςή
2695 1413 2946 1485 διήγησις
2977 1411 3112 1482 ἔχει..
3151 1409 3310 1481 Ὀψει
3329 1410 3422 1465 τὸν
3467 1409 3662 1482 γάμον

2059 1502 2160 1572 τῆς
2213 1503 2524 1568 Γαλιλαίας,
2566 1505 2663 1558 καὶ
2713 1504 2815 1567 τὰς
2872 1501 3081 1575 ὑδρίαςο
3117 1501 3211 1556 τὸν
3253 1501 3658 1574 παραλυτικὸν,

2059 1595 2160 1666 τὴν
2176 1594 2364 1666 κλίνην
2388 1597 2483 1650 ἐπὶ
2507 1595 2616 1649 τῶν
2633 1594 2800 1668 ὤμων
2823 1595 3076 1667 φέροντα⁹
3103 1595 3193 1650 τὸν
3214 1595 3412 1664 τυφλὸν
3435 1595 3516 1668 τῷ
3545 1611 3665 1666 πη·-

381 1705 611 1753 eiceum,
658 1689 830 1744 oblito
876 1685 989 1740 luto
1040 1695 1318 1748 curatum;
1375 1679 1638 1752 proﬂuvio
1684 1680 1962 1752 sanguinis

2129 1687 2140 1738 ι
2171 1685 2631 1760 θεραπευόμενον·
2666 1687 2774 1759 τὴν
2789 1686 3194 1760 αίμορῤοοῦσαν
3214 1687 3308 1740 τοῦ
3339 1687 3660 1759 κρασπέδου

381 1784 714 1836 laborantem
740 1778 1019 1843 feminam,
1057 1775 1328 1832 fimbriam
1351 1773 1809 1844 prehendentem;
1839 1786 1960 1839 pec-

2137 1779 2504 1852 μϐανομένηνο
2535 1779 2633 1851 τὴν
2680 1778 3004 1851 ἁμαρτωλὸν
3044 1781 3158 1843 τοῖς
3204 1780 3363 1832 ποσὶν
3407 1779 3500 1832 τοῦ
3543 1779 3661 1850 Ἰη-

381 1875 658 1938 catricem,
689 1870 758 1926 ad
811 1869 974 1940 pedes
1022 1867 1151 1924 Jesu
1200 1866 1573 1930 accidentem;
1629 1863 1901 1920 Lazarum
1930 1877 1962 1919 e

380 1967 627 2038 sepulcro
677 1963 744 2018 ad
801 1963 964 2016 vitam
1037 1960 1390 2038 redeuntem:
1454 1958 1689 2028 dumque
1739 1957 1855 2011 haec
1889 1957 1966 2009 fa-

382 2035 549 2124 ciunt,
593 2059 678 2126 pie
701 2071 760 2111 se
795 2055 1001 2118 facere,
1034 2035 1194 2122 idque
1243 2050 1544 2108 indumenti
1578 2065 1770 2121 genus,
1821 2050 1960 2119 qnoJ

383 2152 491 2206 Deo
521 2160 732 2221 gratum
762 2149 854 2212 sit,
889 2147 1115 2203 induere
1143 2145 1500 2202 arbitrantur.
1532 2145 1602 2198 At
1628 2159 1716 2200 me
1740 2145 1962 2213 quidem

383 2245 428 2298 si
457 2243 702 2308 audiant,
737 2241 857 2295 istis
899 2238 1214 2302 divenditis,
1249 2238 1397 2292 vivas
1429 2237 1521 2291 Dei
1565 2235 1830 2307 imagines
1868 2249 1964 2290 eo-

383 2333 519 2389 lant.
545 2332 664 2388 Noli
706 2332 984 2386 Christum
1017 2329 1240 2401 pingere
1269 2329 1347 2401 ('5)
1374 2329 1528 2400 (satis
1574 2329 1720 2384 enim
1758 2326 1834 2383 illi
1861 2336 1965 2390 est,

387 2441 494 2481 una
549 2425 635 2479 illa
691 2423 1150 2493 incorporationis
1196 2421 1493 2486 humilitas,
1551 2434 1716 2490 quam
1775 2427 1972 2488 sponte

385 2515 555 2571 nostri
589 2527 753 2568 causa
799 2511 1096 2582 suscepit),
1137 2511 1264 2579 quin
1295 2508 1522 2579 spiritali
1573 2509 1785 2563 ratione
1837 2508 1969 2563 Ver-

385 2605 515 2661 bum
555 2605 930 2672 incorporeum
973 2611 1192 2673 gestans
1220 2601 1422 2666 animo,
1457 2599 1770 2656 circumfer.
1802 2597 1880 2654 Ne
1913 2600 1966 2653 in

384 2697 632 2752 vestibus
673 2695 1027 2765 paralyticnin
1079 2695 1249 2759 habe,
1293 2694 1388 2748 sed
1433 2693 1712 2747 infirmum
1745 2693 1971 2747 decum-

386 2784 602 2843 be’ntem
631 2786 871 2856 require.
909 2785 988 2840 Ne
1019 2785 1300 2839 mulierem
1335 2784 1616 2854 sanguinis
1640 2783 1790 2839 ﬂuxu
1820 2785 1970 2839 labo-

389 2884 599 2928 rantem
626 2875 828 2946 iugiter
855 2874 1066 2943 aspice;
1102 2875 1195 2928 scd
1223 2874 1399 2930 vidum
1431 2875 1642 2930 adficta;
1680 2875 1962 2931 miserere.

387 2966 469 3022 Ne
494 2966 854 3037 peccatricem
905 2967 972 3022 ad
1023 2966 1235 3022 Domini
1295 2982 1467 3036 genua
1525 2967 1968 3037 procumbentem

390 3057 697 3129 ditigentius
734 3066 1030 3122 contuere;
1059 3056 1154 3112 sed
1181 3066 1397 3112 tuorum
1427 3057 1686 3112 memoria
1713 3067 1966 3127 peccato-

391 3165 512 3204 rum
550 3150 839 3214 contritus,
885 3150 1081 3205 uberes
1111 3149 1380 3221 lacrymas
1413 3149 1620 3206 emitte.
1667 3149 1746 3206 Ne
1782 3164 1968 3205 resnr-
1998 3117 2043 3179 ο

391 3255 606 3315 gentem
643 3260 708 3300 ex
759 3245 990 3300 mortuis
1021 3243 1287 3299 Lazarum
1338 3244 1530 3314 pinge;
1581 3245 1677 3298 sed
1727 3243 1972 3298 idoneam

395 3349 500 3393 tua:
548 3337 963 3394 resurrectionis
1008 3337 1376 3392 defensionem
1421 3351 1572 3407 para.
1612 3335 1730 3391 Noli
1771 3351 1972 3390 caecum

393 3431 448 3485 in
471 3439 621 3485 veste
657 3427 1042 3496 circumferre;
1077 3428 1171 3482 sed
1208 3427 1478 3483 viventem
1513 3442 1718 3490 aecum
1765 3427 1968 3482 benefi-

393 3521 494 3575 ciis
551 3520 747 3575 solare.
811 3516 931 3573 Noli
999 3518 1259 3588 captiinos
1312 3517 1660 3588 reliquiarum
1719 3518 1972 3588 pingere;

393 3612 490 3668 sed
528 3611 830 3666 esurientes
861 3623 1040 3680 pasce.
1083 3607 1158 3664 Ne
1191 3609 1416 3680 bydrias
1459 3610 1512 3664 in
1534 3612 1775 3666 vestibus
1805 3621 1974 3681 gesta,

395 3717 532 3773 quas
561 3702 784 3774 replevit
817 3702 895 3772 (4)
935 3702 988 3756 in
1031 3701 1178 3756 Cana
1209 3702 1477 3767 Galilaeaa;
1517 3703 1609 3757 sed
1641 3703 1842 3758 sitienti
1883 3719 1977 3773 po-

398 3805 512 3850 tum
540 3794 736 3864 prmbe.
771 3791 1046 3847 Hactenus
1081 3791 1236 3848 nobis
1269 3791 1548 3860 splendida
1575 3792 1665 3848 illa
1691 3808 1756 3847 ac
1784 3808 1976 3863 supcr-

369 3885 467 3944 .ba
526 3879 935 3950 vestis,divitis
987 3878 1234 3948 profuit:
1289 3879 1431 3934 baud
1467 3893 1598 3934 vero
1649 3879 1968 3950 negligenda

397 3983 523 4029 sunt
544 3971 846 4041 sequentia.
878 3969 1050 4024 Luxui
1081 3983 1314 4038 namque
1336 3970 1597 4034 vestium,
1631 3983 1695 4024 ac
1728 3983 1980 4038 purpurae

400 4075 457 4121 et
485 4067 669 4136 bysso,
703 4063 968 4133 splendidi
998 4062 1052 4117 in
1085 4063 1328 4132 singulos
1352 4063 1469 4118 dies
1493 4062 1726 4116 convivii
1759 4060 1981 4116 delicias

401 4158 667 4227 adiunxit.
707 4157 863 4210 Paria
894 4155 1160 4226 siquidem
1210 4171 1275 4210 ae
1324 4156 1568 4225 eiusdem
1613 4157 1779 4213 animi
1821 4159 1980 4213 ambo

401 4249 538 4311 lisec,
588 4246 762 4300 inutili
813 4249 1069 4314 inanique
1115 4243 1344 4300 vestium
1397 4245 1692 4303 ambitione
1730 4247 1982 4306 lascivius

401 4339 609 4405 ornari,
636 4341 922 4409 ventrique
955 4353 1020 4394 ac
1047 4337 1435 4410 gulag‘mollius
1464 4339 1696 4396 servire.

475 4539 733 4610 Voluptas
765 4538 947 4608 itaque
976 4551 1040 4592 ac
1078 4535 1287 4592 delicim
1307 4576 1323 4600 ,
1356 4536 1574 4593 virtutis
1605 4540 1787 4595 studio
1823 4555 1983 4608 repu-

403 4641 615 4701 gnant:
672 4640 903 4699 suntque
937 4644 1044 4694 res,
1097 4632 1337 4684 animum
1387 4631 1688 4686 adiliccntis
1737 4633 1979 4688 mollitiei

403 4741 469 4782 ac
501 4722 830 4793 diﬂ‘usionis;
883 4725 1292 4796 iinmodicmque
1330 4724 1734 4792 delectationis,
1772 4742 1836 4782 ac
1878 4727 1979 4783 illi-

476 4906 553 4978 (3)
599 4904 726 4978 Noli
751 4903 1017 4960 Christum
1051 4905 1278 4978 pingere.
1309 4903 1610 4978 Loenshie
1642 4901 1801 4978 paulo
1831 4902 1991 4978 aliter

404 4974 604 5033 citatur
637 4977 690 5030 in
736 4991 817 5048 \‘llr
843 4974 1071 5048 synodo,
1106 4988 1214 5030 act.
1249 4977 1303 5041 6,
1346 4974 1543 5048 additis
1573 4974 1762 5048 verbis
1793 4976 1990 5048 quibus

407 5065 468 5103 se
495 5049 625 5102 satis
646 5045 893 5102 Asterius
921 5047 1178 5117 explicat,
1208 5057 1265 5100 ut
1291 5059 1396 5117 non
1425 5046 1690 5112 picturam
1716 5045 1982 5117 absolute,

407 5122 502 5174 sed
536 5118 730 5172 nimios
775 5114 1021 5187 sumpiu’s
1051 5117 1282 5172 vestium
1325 5114 1736 5187 picturataruin,
1791 5114 1986 5187 quiin

409 5203 676 5259 pauperes
708 5183 913 5259 essent
957 5187 1256 5259 erogandi,
1288 5183 1576 5259 vitiiperct
1605 5183 1786 5259 :_Mi1_
1806 5185 1986 5259 γράφε

407 5252 498 5312 τὸν
522 5252 570 5330 ’Χ
583 5257 764 5328 ριστὲν
797 5259 855 5330 ἐν
886 5252 1142 5330 ἱματίοις,
1178 5255 1314 5309 ἀλλά
1355 5254 1552 5330 μᾶλλον
1589 5254 1687 5325 τὴν
1720 5252 1990 5330 τῶνξόινα-

408 5322 708 5400 λωμάτων-
735 5322 939 5400 τούτων
1000 5328 1255 5400 δαπάνην
1299 5322 1534 5400 πτωχοῖς
1591 5322 1984 5400 προσποριζου.

423 5395 607 5470 Ἀρκεί
652 5398 760 5470 γὰρ
799 5397 946 5470 αὐτῷ
987 5399 1020 5463 ή
1058 5397 1154 5470 μία
1197 5397 1296 5467 τῆς
1329 5395 1769 5470 ἐνσωματώσεως
1801 5395 1989 5470 ταπείτ

409 5465 594 5534 νωσις.
634 5465 793 5523 «Noli
822 5465 1096 5522 Christum
1141 5467 1191 5520 in
1225 5465 1564 5520 vestimentis
1607 5467 1846 5535 pingere,
1895 5465 1990 5520 sed

411 5544 591 5610 potius
619 5541 807 5593 borum
853 5548 1100 5610 sumptus
1129 5537 1460 5610 panperilnm
1487 5534 1916 5610 eroga.__SuiIicit
1939 5535 1988 5590 ei

414 5605 517 5663 ima
545 5605 994 5678 incorporationis
1023 5605 1351 5678 humilitasq
1377 5607 1434 5661 S.
1458 5605 1636 5661 tamen
1658 5605 1989 5678 Nicepliorus

413 5682 487 5732 ita
520 5681 664 5802 Icitat
700 5676 771 5735 ‘ut
813 5679 1042 5736 habetur
1079 5677 1184 5745 hic,
1225 5691 1289 5734 ac
1333 5676 1486 5747 longa
1535 5676 1991 5735 commentatione

413 5763 513 5802 exn
539 5758 661 5802 icat.

411 5758 661 5811 explicat.

2068 1869 2167 1923 σού
2189 1871 2662 1943 προσπίπτουσαν·
2687 1870 2778 1924 τὸν
2814 1869 3064 1942 Λάζαρον
3093 1870 3157 1923 ἐκ
3187 1869 3282 1923 τοῦ
3311 1870 3485 1940 τάφου
3514 1872 3666 1942 πρὲς

2063 1963 2162 2036 τὴν
2183 1961 2327 2034 ζωὴν
2349 1963 2783 2035 ὑποστρέφοντα.
2819 1963 2930 2018 Καὶ
2957 1962 3132 2016 ταῦτα
3167 1962 3470 2028 ποιοῦντες,
3504 1965 3669 2017 εὐσε-

2066 2057 2180 2110 ϐεῖν
2213 2055 2516 2128 νομίζουσι,
2549 2058 2645 2111 καὶ
2674 2057 2867 2128 ἱμάτια
2896 2058 3266 2128 κεχαρισμένα
3299 2056 3377 2127 τῷ
3413 2057 3535 2128 Θεῷ
3557 2059 3668 2130 ἁμ-

2068 2149 2402 2220 φιέννυσθαι.
2451 2148 2620 2221 Ἐμὴν
2654 2147 2779 2203 δέεί
2800 2149 3046 2220 δέχονται
3101 2148 3429 2221 συμϐουλὴν,
3471 2151 3666 2205 ἐκεῖνα

2069 2240 2439 2310 πωλήσαντες,
2469 2239 2568 2304 τὰς
2599 2239 2780 2306 ζώσας
2801 2241 3017 2304 εἰκόνας
3042 2241 3136 2294 τοῦ
3159 2240 3295 2294 Θεοῦ
3342 2242 3668 2314 τιμησάτω-

2070 2349 2186 2390 σαν.
2217 2334 2308 2405 Μὴ
2330 2335 2508 2405 γράφε
2542 2334 2633 2387 τὸν
2663 2334 2897 2405 Χριστὸν
2941 2335 3123 2404 (ἀρκεῖ
3147 2333 3257 2405 γὰρ
3286 2334 3436 2405 αὑτῷ
3481 2336 3514 2405 ή
3563 2335 3668 2405 μία

2068 2427 2167 2496 τῆς
2193 2424 2637 2495 ἐνσωματώσεως
2665 2426 3166 2499 ταπεινοφροσύνῃ,
3196 2427 3264 2496 ἢν
3317 2427 3668 2500 αὐθαιρέτως

2067 2521 2135 2574 δι’
2168 2521 2317 2591 ἡμᾶς
2341 2518 2710 2585 κατεδέξατο),
2763 2519 2858 2571 ἐπὶ
2884 2517 2942 2570 δέ
2974 2518 3076 2588 τῆς
3099 2517 3278 2589 ψυχῆς
3313 2534 3426 2583 σου,
3464 2518 3669 2589 βαστὰ-

2070 2613 2177 2678 ζων
2211 2611 2417 2683 νοητῶς
2442 2611 2534 2664 τὸν
2591 2611 2882 2682 ἀσώματον
2905 2609 3078 2678 Λόγον
3113 2611 3399 2682 περίφερε.
3425 2611 3525 2684 Μὴ
3547 2613 3670 2676 τοῖς

2073 2703 2310 2774 ἱματίοις
2356 2703 2446 2773 ἔχε
2496 2702 2590 2756 τὸν
2645 2701 3037 2774 παραλυτικὸν
3075 2700 3212 2757 ἀλλά
3266 2701 3359 2755 τὸν
3406 2701 3668 2774 κείμενον

2071 2796 2353 2870 ἄρρωστον
2386 2793 2740 2867 ἐπιζήτησον.
2776 2795 2867 2865 Μὴ
2915 2794 3119 2867 ἱστόρει
3150 2793 3392 2866 συνεχῶς
3421 2793 3522 2865 τὴν
3580 2795 3672 2848 al-

2075 2885 2434 2960 μορῤοούσαν·
2464 2886 2600 2940 ἀλλὰ
2623 2887 2799 2959 χήραν
2822 2885 3148 2958 θλιϐομένην
3174 2886 3415 2958 ἐλέησον.
3447 2888 3540 2959 Μή
3561 2888 3671 2959 τὴν

2075 2976 2394 3050 ἁμαρτωλὸν
2418 2978 2652 3046 γυναῖκα
2683 2975 2958 3048 ἐπιμελῶς
2999 2977 3102 3048 δρα
3135 2975 3540 3046 γονυπετοῦσαν
3575 2978 3662 3034 τὸ.

2073 3071 2296 3146 Κύριοψ
2320 3071 2438 3127 ἀλλ’
2468 3072 2560 3126 ἐπὶ
2589 3075 2702 3136 τοῖς
2721 3071 2886 3125 αὑτοῦ
2921 3070 3356 3142 πλημμελήμασι
3382 3072 3672 3142 συντριϐό-

2078 3165 2484 3238 μενος,πυκνὺν
2525 3165 2712 3238 ἔκχεον
2752 3166 2812 3219 τὸ
2858 3165 3113 3236 δάκρυον.
3150 3165 3243 3237 Μὴ
3286 3165 3376 3220 τὸν
3412 3165 3673 3238 Λάζαρον

2077 3257 2429 3330 ἐγειρόμενον
2475 3259 2538 3312 ἐκ
2577 3258 2788 3330 νεκρῶν
2833 3258 3186 3330 σκιαγράφει·
3234 3257 3371 3324 ἀλλά
3421 3259 3522 3327 τῆς
3568 3259 3673 3330 σῆς

2075 3353 2424 3416 ἀναστάσεως
2444 3351 2654 3423 ἀγαθὴν
2681 3352 2780 3424 τὴν
2810 3349 3109 3419 ἀπολογίαν
3131 3348 3441 3420 εὐτρέπιζε.
3458 3349 3552 3420 Μὴ
3577 3350 3674 3402 τὸν

2075 3442 2274 3512 τυφλὸν
2302 3443 2394 3495 ἐπὶ
2419 3442 2520 3512 τῆς
2569 3441 2797 3513 ἐσθῆτος
2846 3440 3133 3512 περίφερεο
3175 3439 3311 3495 ἀλλὰ
3344 3440 3435 3494 τὸν
3463 3440 3672 3505 ζῶντα,

2077 3534 2173 3586 καὶ
2203 3533 2310 3587 τῶν
2343 3532 2518 3602 ὄψεων
2547 3531 2903 3604 ἀφῃρημένον
2949 3534 3070 3595 ταῖς
3104 3530 3374 3595 εὐποιίαις
3419 3548 3673 3603 παραμυο

2079 3623 2195 3678 θοῦ.
2221 3625 2313 3696 Μὴ
2345 3625 2472 3687 τοὺς
2501 3624 2756 3693 κοφίνους
2783 3623 3063 3695 ζωγράφει
3086 3623 3194 3678 τῶν
3214 3623 3499 3694 λειψάνων
3533 3623 3674 3678 ἀλλὰ

2077 3715 2243 3787 τρέφε
2263 3715 2391 3779 τοὺς
2419 3715 2738 3778 πεινῶντας.
2777 3715 2870 3788 Μὴ
2907 3715 3008 3780 τὰς
3045 3717 3233 3790 ὑδρίας
3263 3718 3358 3773 ἐπὶ
3399 3719 3508 3773 τῶν
3533 3720 3667 3790 ίμα-

2079 3808 2207 3861 τίων
2231 3807 2487 3879 βάσταζε,
2521 3806 2588 3872 ἃς
2603 3808 2661 3860 ἐν
2678 3807 2834 3879 Κανᾷ
2856 3808 3146 3873 Γαλιλαίας
3177 3809 3516 3882 ἐπλήρωσεν·
3534 3811 3676 3866 ἀλλὰ

2081 3901 2267 3965 πότιζε
2312 3901 2404 3955 τὸν
2449 3900 2708 3971 διψῶντα.
2765 3902 2890 3956 Ἐπὶ
2945 3901 3120 3957 ταῦτα
3145 3903 3292 3974 ἡμᾶς
3321 3903 3573 3974 ὠφέλησε
3613 3907 3676 3958 τὸ

2081 3995 2430 4067 ὑπερήφανον
2470 3993 2676 4065 ἐνδυμα
2707 3995 2802 4049 τοῦ
2860 3996 3141 4050 πλουσίοιν
3188 3998 3248 4051 οὐ
3304 3999 3414 4070 μὴν
3441 3997 3565 4052 οὑδὲ
3605 3998 3675 4052 τὰ

2082 4086 2208 4158 ἐξῆς
2224 4086 2564 4158 περιοπτέον.
2591 4087 2953 4158 Προστέθεικε
2979 4088 3090 4160 γάρ
3113 4091 3179 4161 τῇ
3201 4089 3454 4162 πορφύρᾳ
3487 4091 3584 4144 καὶ
3606 4095 3675 4162 τῇ

2084 4180 2286 4251 βύσσῳ,
2313 4179 2376 4234 τὸ
2413 4183 2627 4253 τρυφᾷν
2657 4181 2779 4235 καθ’
2809 4181 3022 4254 ἡμέραν
3056 4181 3346 4254 λαμπρῶς
3371 4184 3591 4248 πάντως
3619 4184 3676 4239 δέ

2081 4271 2182 4342 τῆς
2203 4273 2332 4343 μιᾶς
2359 4271 2584 4344 γνώμης
2607 4272 2915 4344 ἀμφότερα,
2966 4272 3026 4326 τὸ
3053 4273 3148 4326 καὶ
3175 4275 3241 4346 τῇ
3275 4277 3536 4348 ἀχρήστῳ
3582 4295 3675 4347 ιρι-

2082 4363 2303 4435 λοτιμίᾳ
2354 4364 2462 4418 τῶν
2505 4363 2833 4436 ἐσθημάτων
2873 4363 3398 4434 ἐγκαλλωπίζεσθαι,
3454 4369 3553 4421 καὶ
3606 4371 3674 4441 τῇ

2013 4464 2060 4524 ι)
2087 4456 2283 4527 γαστρὶ
2303 4465 2399 4509 και
2414 4459 2480 4528 τῇ
2507 4456 2746 4529 φάρυγγι
2778 4455 3049 4510 δουλεύειν
3069 4457 3384 4527 ήδυπαθῶς.

2155 4547 2348 4620 Τρυφὴ
2387 4548 2568 4605 τοίνυν
2609 4549 2757 4602 ἐστὶν
2799 4551 3031 4621 πρᾶγμα
3074 4550 3331 4622 πολέμιον
3382 4551 3676 4623 φιλαρέτου
3731 4545 3744 4558 ’

2090 4637 2253 4710 ζωῆς·
2281 4637 2535 4713 βλακείας
2561 4639 2617 4694 δέ
2640 4640 2735 4693 καὶ
2765 4639 3066 4712 διαχύσεως
3083 4640 3404 4716 δουλούσης·
3439 4643 3678 4698 ἀπολαύ·

2091 4747 2228 4794 σεως
2251 4730 2514 4804 ἀμέτρου,
2547 4731 2643 4785 καὶ
2689 4717 3134 4805 ἀνδραποδώδούς
3191 4733 3501 4806 συνηθείας.
3568 4733 3675 4789 Καὶ

2161 4907 2238 4985 (δι)
2279 4906 2424 4971 Quas
2463 4907 2693 4974 replevit.
2723 4909 3262 4985 Corrigit_Duca2us,
3313 4911 3672 4985 ἐπλήρωσαν,

2085 4979 2442 5054 repleverunt,
2481 4994 2550 5054 eo_
2597 4983 2738 5048 quod
2796 4979 2936 5049 apud
2974 4980 3237 5054 Joannem
3279 4985 3372 5048 sit,
3419 4979 3513 5037 sic“).
3548 4986 3675 5054 ἐγέ-

2089 5062 2275 5118 μισαν,
2327 5057 2374 5102 et
2426 5049 2788 5117 impleverunt,
2836 5062 2942 5105 etc.
3009 5051 3211 5109 Verum
3267 5067 3388 5108 eum
3458 5049 3676 5111 codices

2089 5133 2314 5194 munero
2353 5119 2610 5194 singnlar‘i
2666 5129 2979 5194 constanter
3017 5121 3274 5188 efferant,
3308 5124 3672 5194 possitquein

2086 5187 2651 5270 illiristumfeferri,‘
2685 5193 2777 5260 qui
2828 5192 3039 5246 dicatur
3095 5187 3515 5270 fecisse,'_quod'
3555 5191 3672 5261 eius

2085 5259 2238 5332 jussu
2269 5274 2296 5332 a
2330 5259 2593 5315 ministris
2626 5259 2827 5332 factum
2861 5271 2972 5332 est,
3017 5279 3115 5318 usu
3157 5259 3530 5332 receptissima
3553 5259 3675 5320 nar-

2092 5329 2319 5402 rationis
2348 5331 2711 5402 compendio,
2761 5331 2894 5386 nihil
2947 5337 3060 5402 ipse
3101 5329 3416 5389 mutandum
3465 5335 3673 5402 putavi.

2091 5398 2311 5476 Accedit
2347 5398 2518 5469 ipsum
2564 5415 2758 5476 revera,
2787 5416 2854 5476 ac
2899 5398 3146 5476 proxime
3173 5405 3450 5460 Christum
3465 5398 3675 5476 imple-

2091 5470 2257 5549 visse,
2305 5487 2411 5549 non
2453 5486 2612 5538 aqua,
2665 5473 2775 5549 sed
2809 5470 2954 5549 vino,
3009 5474 3150 5549 quod
3189 5491 3254 5549 ex
3301 5490 3440 5544 aqua
3495 5470 3675 5532 in'eis

2096 5540 2257 5616 fecit;
2312 5541 2486 5616 cuius,
2539 5557 2643 5596 non
2690 5542 2894 5616 prioris
2929 5540 3254 5616 impletionis
3301 5540 3673 5615 sacramento,

2096 5611 2198 5668 illis
2229 5615 2433 5684 liydriis
2465 5613 2740 5670 veneratio
2771 5611 3022 5671 accessit:
