3810 6294
120 322 209 383 169
1118 318 1402 376 HOMILIA
1440 319 1481 376 ι.
1526 319 1612 375 DE
1643 319 1874 377 DlVlTE
1911 321 2000 376 ET
2038 317 2335 377 LAZARO.

3243 316 3347 380 170

119 439 395 510 λεγόμενον
440 438 539 510 μὲν
568 436 631 492 τδ
669 437 901 511 πρᾶγμα
928 435 986 490 ἐν
1030 453 1082 489 τι
1126 436 1394 502 φαίνεταν
1429 433 1678 502 ἐξεταζό-

1787 436 1976 493 beralis
2024 434 2449 493 consuetudinis.
2513 431 2578 487 Et
2624 446 2936 503 quanquam
2990 445 3079 488 res
3124 448 3229 490 una
3284 450 3343 489 ac

123 554 261 610 μενον
283 535 344 590 δὲ
366 534 513 589 κατά
554 534 722 606 μέρος
750 534 846 588 καὶ
886 530 1388 603 κατηγορούμενον,
1416 532 1480 585 ἐκ
1504 530 1681 585 ποικί-

118 630 202 700 λης
241 628 338 682 καὶ
393 627 641 690 πλείονος
690 625 786 679 καὶ
815 622 1187 693 πολυκεφάλου
1214 622 1412 688 κακίας
1442 621 1554 694 ἔχει
1585 621 1682 695 τὴν

121 722 383 775 σύστασιν.
417 717 613 790 Τρυφὴ
667 717 779 791 γὰρ
818 717 918 771 οὐκ
953 715 1018 770 ἂν
1064 714 1292 784 γένοιτο,
1327 715 1403 788 μὴ
1462 715 1682 783 πολλαῖς

120 811 398 883 αὐξηθεῖσα
432 814 558 875 ταῖς
602 809 779 874 ὕλαις.
834 808 1005 873 Ὕλας
1035 808 1092 861 δὲ
1143 808 1373 861 πλούτου
1411 806 1680 880 σωρεῦσαι

120 903 528 975 ἀναμαρτήτως,
569 902 871 974 ἀμήχανονο
918 900 1057 973 πλὴν
1098 899 1149 952 εἰ
1188 900 1262 969 μή
1292 916 1416 966 τινι,
1455 899 1597 953 κατά
1623 900 1682 965 τὸ

124 995 348 1057 σπάνιον,
401 993 479 1057 ὡς
519 991 599 1063 τῷ
636 990 791 1054 Ἰὼϐ,
825 988 1085 1061 συμϐαίη,
1135 990 1227 1042 καὶ
1259 988 1506 1043 πλουτεῖν
1529 989 1682 1060 δαψι-

120 1085 231 1149 λῶς,
260 1084 357 1137 καὶ
381 1083 485 1155 ζῇν
509 1082 652 1136 κατά
676 1082 739 1135 τὸ
758 1081 964 1135 δίκαιον
1014 1080 1274 1154 ἀκριϐῶς.
1303 1083 1394 1134 Δεῖ
1410 1082 1585 1135 τοίνυν
1605 1081 1682 1153 τῷ

121 1176 403 1248 τρυφῶντι,
432 1175 650 1248 πρῶτον
692 1174 792 1245 μὲν
819 1172 992 1237 οἰκίας
1025 1172 1366 1237 πολυτελοῦς,
1397 1173 1560 1246 ψήφῳ
1589 1175 1683 1229 καὶ

121 1268 270 1331 λίθοις
296 1270 397 1323 καὶ
436 1266 623 1340 χρυσῷ
653 1265 793 1320 κατά
829 1266 925 1328 τάς
980 1264 1196 1337 νύμφας
1239 1266 1679 1340 κεκοσμημένης

125 1360 244 1433 πρὸς
274 1361 333 1414 δὲ
358 1361 459 1425 τὰς
492 1358 797 1428 ἐξαλλαγὰς
823 1359 931 1413 τῶν
957 1357 1117 1432 ὡρῶν
1141 1359 1233 1413 τοῦ
1281 1360 1524 1415 ἐνιαυτοῦ
1560 1362 1681 1415 επι-

121 1452 332 1523 endatio;
352 1451 609 1522 ἐχούσης.
652 1451 905 1520 Ζητεῖται
941 1448 1050 1523 γάρ
1078 1450 1274 1523 θερμὴ,
1319 1451 1531 1524 ἀλεεινὴ
1585 1454 1683 1524 μὲν

124 1544 258 1615 ἢτοῦ
282 1544 575 1616 χειμῶνος,
608 1544 702 1597 καί
730 1542 1078 1614 τετραμμένη
1092 1543 1226 1614 πρὸς
1254 1543 1352 1613 τὴν
1372 1544 1563 1598 ἀκτῖνα
1586 1544 1685 1615 τῆς

124 1635 477 1708 μεσημϐρίας·
499 1634 928 1705 ἀναπεπταμένη
961 1633 1017 1685 δὲ
1046 1633 1183 1704 πρὸς
1197 1634 1296 1706 τὴν
1320 1635 1540 1707 ἄρκτον,
1594 1635 1684 1690 θε-

126 1725 251 1797 ρινὴ·
269 1726 361 1778 ἴνα
380 1724 607 1788 λεπταῖς
633 1721 771 1794 όμοῦ
797 1724 889 1776 καὶ
909 1721 1143 1794 ψυχραῖς
1174 1726 1292 1788 ταῖς
1321 1722 1519 1796 αῦραις
1567 1728 1685 1790 ταῖς

1780 529 2006 600 simplex
2034 528 2301 594 videatur,
2335 535 2391 581 ut
2423 524 2645 597 propius
2680 536 2859 581 tamen
2886 525 3145 597 inspicias
3177 540 3243 585 ac
3267 529 3345 584 si-

1780 619 2001 688 gillatim
2033 618 2333 682 examines,
2372 630 2403 672 e
2441 616 2594 672 varia
2646 631 2711 671 ac
2762 614 3043 687 multiplici
3089 617 3347 695 vitiorum

1781 708 2007 765 colluvie
2047 707 2274 764 conflata
2316 708 2631 778 reperietur.
2672 706 2922 762 Deliciari
2961 706 3105 762 enim
3145 707 3350 776 absque

1783 802 1990 871 magnis
2035 800 2383 856 facultatibus
2430 799 2571 855 haud
2626 799 2819 869 possis.
2862 798 3219 854 Acenmulare
3253 813 3352 852 au-

1785 904 1891 948 tem
1930 893 2147 948 divitias
2175 893 2311 947 citra
2337 901 2638 961 peccatum,
2665 889 3030 960 impossibile;
3059 889 3160 944 nisi
3187 888 3347 944 alicui

1783 983 1948 1055 (quod
1978 984 2131 1038 valde
2161 982 2366 1053 rarum)
2396 982 2542 1052 large
2580 980 2737 1036 simul
2767 980 2986 1035 divitem
3016 993 3155 1045 esse,
3188 979 3351 1034 sedu-

1783 1073 1941 1143 loque
1994 1072 2258 1144 justitiam
2322 1070 2522 1138 colere,
2579 1070 2656 1125 uti
2709 1068 2810 1125 Job
2863 1070 3158 1141 contingat.
3209 1070 3350 1123 Ante

1782 1163 1961 1219 omnia
1989 1172 2191 1227 autem,
2220 1163 2270 1217 ei
2308 1162 2393 1217 cui
2440 1162 2585 1217 laute
2624 1160 2959 1232 delicateque
3001 1162 3184 1217 vivere
3219 1174 3349 1228 pro-

1781 1256 2040 1327 positum,
2080 1250 2408 1327 domo'opus
2450 1266 2533 1311 est
2582 1258 2777 1314 cultius
2819 1270 3117 1325 exstructa,
3154 1272 3218 1313 ac
3241 1267 3350 1312 tes-

1783 1348 1988 1403 sellulis
2036 1348 2113 1419 (ὅ)
2170 1348 2469 1419 lapillisque
2531 1357 2587 1403 et
2633 1364 2764 1403 auro
2810 1363 3127 1421 sponsarum
3179 1352 3342 1407 instar

1782 1448 1971 1493 ornata
2011 1456 2025 1492 :
2062 1448 2174 1493 tum
2202 1440 2361 1493 etiam
2392 1441 2459 1495 ad
2509 1441 2828 1495 mutationes
2864 1451 3163 1509 temporum
3190 1442 3345 1496 anui-

1783 1545 1889 1600 que
1914 1538 2254 1601 tempestates
2290 1533 2425 1587 bene
2453 1534 2878 1589 accommodata.
2929 1532 3355 1589 Commendatur

1785 1624 1951 1689 enim,
2011 1626 2235 1680 hiberna
2279 1626 2496 1693 quidem
2548 1626 2755 1693 calida;
2796 1627 2976 1694 aprica
3028 1626 3114 1680 illa
3161 1640 3226 1681 ae
3282 1626 3351 1679 ad

1787 1714 2138 1771 meridianum
2184 1715 2352 1771 solem
2397 1731 2699 1781 conversa;
2746 1719 2928 1773 aestiva
2983 1731 3112 1773 vero
3153 1717 3219 1771 ad
3268 1732 3357 1771 se-

124 1816 378 1887 βορειναῖς
411 1814 809 1885 καταπνέηται.
848 1812 1003 1867 Μετὰ
1024 1810 1246 1884 ταύτην,
1272 1815 1431 1886 χρεία
1462 1815 1683 1868 πολυτερ

1788 1804 2144 1875 pteutrionent
2179 1816 2518 1877 exporrecta,
2560 1823 2666 1878 quo
2709 1818 2897 1863 tenues
2949 1807 3051 1863 illae
3099 1822 3163 1863 ac
3194 1807 3353 1877 [rigi-

121 1907 231 1973 λοῦς
252 1909 484 1980 ἐσθῆτος
513 1907 613 1979 τῆς
632 1906 929 1978 μελλούσης
959 1908 1355 1979 ἀμφιέννυσθαι
1389 1909 1459 1963 τὰ
1487 1909 1682 1982 βάθρα,

122 2001 209 2065 τάς
248 2001 459 2065 κλίνας,
489 1998 592 2062 τὰς
654 1998 928 2065 στιϐάδας,
976 1999 1074 2063 τάς
1119 1997 1309 2070 θύρας.
1345 1998 1531 2054 Πάντα
1577 2000 1683 2073 γὰρ

123 2091 236 2161 παρ’
266 2089 502 2152 ἐκείνοις
529 2085 807 2164 ἐπιμελῶς
835 2086 1075 2141 ἐνδύεται
1098 2085 1190 2139 καὶ
1209 2085 1279 2141 τά
1304 2086 1504 2158 ἄψυχα,
1527 2086 1686 2141 ἐλεει-

124 2182 216 2245 νῶς
237 2181 345 2235 τῶν
373 2180 621 2252 πενήτων
655 2177 1016 2249 ὲκδυομένων.
1048 2175 1293 2248 Πρόσθες
1314 2175 1438 2247 ἑξῆς
1476 2176 1684 2242 τούτοις

123 2275 205 2327 καὶ
231 2274 445 2343 λόγισαι
471 2277 563 2326 τὸν
602 2272 661 2324 ἐν
722 2269 972 2324 σκεύεσιν
1038 2268 1299 2342 ἄργυρον,
1344 2270 1434 2323 τὸν
1463 2270 1681 2343 χρυσὸν,

123 2367 210 2438 τὴν
238 2365 610 2419 πολυδάπανον
639 2365 938 2438 άγορασίαν
962 2362 1070 2417 τῶν
1108 2365 1172 2416 ὲκ
1186 2361 1411 2425 Φάσιδος
1432 2361 1680 2434 ὀρνίθων·

123 2461 249 2512 οἴνου
276 2458 374 2512 τοῦ
398 2458 667 2522 Φοίνικος,
703 2458 763 2512 ὃν
808 2459 865 2511 αἱ
909 2455 1143 2528 ἄμπελοι
1172 2455 1350 2528 Τύρου
1379 2455 1542 2509 πολὺν
1572 2457 1684 2518 τοῖς

126 2552 383 2614 πλουσίοις
406 2551 501 2605 καὶ
546 2550 730 2622 τίμιον
778 2548 1132 2620 ἀπορῤἐουσι’
1165 2549 1346 2602 πᾶσαν
1371 2546 1467 2620 τὴν
1518 2548 1682 2620 ἄλλην

125 2641 217 2710 τῆς
253 2641 606 2706 ἀπολαύσεως
642 2641 1012 2714 παρασκευὴν,
1063 2642 1131 2713 ἢν
1174 2640 1354 2694 αὐτῶν
1400 2641 1508 2694 τῶν
1541 2659 1683 2712 χρω-

131 2731 288 2801 μένων
337 2734 482 2786 ἐστὶν
512 2733 795 2805 ἐπιμελῶς
822 2734 1110 2805 ὀνομάσαι.
1144 2729 1388 2798 Δύξουσα
1411 2731 1518 2804 γάρ
1563 2733 1682 2787 καθ’

128 2824 319 2895 ἡμέραν
346 2825 439 2879 ὲπὶ
466 2825 529 2880 τὸ
565 2826 986 2898 περιεργότερον
1021 2827 1054 2897 ἡ
1085 2826 1291 2899 τρυφὴ,
1324 2825 1425 2903 ἤδη
1462 2824 1684 2879 καὶτῶν

131 2914 199 2983 ἐξ
233 2918 457 2990 Ἰνδικῆς
509 2918 821 2989 ἀρωμάτων
878 2918 1176 2990 παρεγχέει
1208 2921 1320 2982 τοῖς
1364 2917 1535 2988 όψοιςυ
1590 2919 1685 2972 καὶ

133 3008 312 3077 μῶλον
364 3008 471 3062 τῶν
528 3007 729 3080 ἰατρῶν
778 3010 826 3061 oi
867 3007 1185 3080 μυροπῶλαι
1237 3010 1348 3072 τοῖς
1404 3007 1685 3080 μαγείροις

130 3097 490 3171 ὑπηρετοῦσιν.
532 3098 813 3155 Ἐντεῦθεν
838 3099 1091 3170 ἐννόησον
1122 3098 1184 3152 τὸ
1210 3098 1564 3171 δορυφορικὸν
1585 3099 1685 3169 τῆς

1786 1896 1920 1951 dulae
1947 1896 2016 1952 ab
2040 1908 2194 1953 arcto
2225 1899 2494 1969 spirantes
2524 1915 2687 1967 aurae,
2731 1915 2849 1956 eam
2884 1900 3114 1969 perﬂare
3140 1915 3203 1955 ac
3226 1914 3354 1969 per-

1786 2002 1964 2043 meare
2013 1990 2294 2044 commode
2346 1991 2578 2046 valeant.
2629 1991 2709 2045 Ad
2744 1991 2857 2045 bzec
2909 1990 3146 2062 stragula
3199 1990 3350 2044 multi

1786 2080 1942 2149 pretii
1970 2090 2118 2136 veste
2145 2091 2230 2137 est
2268 2096 2422 2151 opus,
2466 2081 2532 2137 ad
2569 2081 2706 2137 imas
2749 2082 3066 2152 integendas
3097 2082 3258 2139 sedes
3288 2098 3355 2138 ac

1784 2186 2042 2237 seamma,
2083 2172 2377 2243 lectosque,
2411 2188 2475 2228 ac
2511 2174 2694 2239 thoros
2718 2215 2733 2239 ,
2777 2183 2830 2229 et
2869 2175 3063 2242 januas
3094 2194 3109 2230 :
3163 2174 3350 2230 omnia

1785 2262 2047 2332 siquidem
2086 2265 2225 2335 apud
2279 2280 2371 2320 eos
2431 2275 2683 2322 accurate
2736 2270 3073 2335 vestiuntur,
3130 2268 3350 2324 tametsi

1785 2350 2104 2419 inanimata,
2135 2368 2256 2407 cum
2304 2354 2522 2409 interim
2553 2370 2812 2425 pauperes
2847 2357 3229 2412 miserabiliter
3260 2371 3357 2411 ve-
3446 2394 3451 2397 ι

1784 2445 2032 2499 stimenta
2061 2445 2327 2500 deﬁciant.
2358 2446 2510 2501 Adde
2540 2462 2662 2502 vasa
2692 2457 2940 2518 argentea
2958 2457 3120 2519 atque
3146 2463 3307 2503 aurea
3331 2487 3350 2515 ,

1788 2550 2055 2605 expensas
2088 2552 2279 2607 graves
2308 2539 2613 2594 eoemendis
2641 2538 2922 2596 Phasianis
2956 2542 3165 2607 avibus,
3195 2542 3352 2595 vino-

1788 2645 1897 2700 que
1948 2628 2249 2695 Phoenicio,
2284 2634 2422 2702 quod
2465 2634 2598 2689 vites
2632 2634 2833 2704 Tyriae,
2878 2636 3122 2704 quamvis
3163 2650 3355 2690 carum

1787 2722 1987 2777 aﬂ'atim
2035 2723 2286 2779 divitibus
2316 2724 2537 2779 ellluunt
2570 2742 2584 2792 ;
2612 2741 2932 2795 omnemque
2952 2727 3086 2782 adeo
3119 2727 3356 2797 volupta-

1787 2815 1856 2870 tis
1894 2824 2056 2885 atque
2094 2816 2407 2872 deliciarum
2450 2829 2766 2889 apparatum
2802 2819 2870 2874 ab
2915 2818 3020 2876 illis
3075 2821 3209 2891 ipsis
3260 2820 3354 2891 qui

1785 2914 2067 2976 usurpant,
2101 2916 2351 2962 accurate
2395 2893 2811 2964 recensendum.
2844 2910 3068 2966 Auctior
3108 2915 3250 2967 enim
3298 2914 3355 2967 in

1785 2996 1900 3052 dies
1933 2997 2202 3067 voluptas,
2246 3014 2309 3054 ac
2354 3001 2568 3055 curiose
2597 3000 2936 3072 exquisitior,
2971 3004 3130 3057 etiam
3172 3004 3354 3060 Indica

1787 3096 2035 3144 aromata
2069 3090 2206 3146 cibis
2235 3088 2495 3158 all‘undit;
2530 3093 2805 3163 magisque
2826 3092 2937 3162 jam
2969 3096 3157 3165 coquis
3188 3111 3354 3167 quam

133 3159 385 3261 τραπέζης
403 3159 1085 3264 πλῆθοςηραπεζοποιόὺς,
1099 3159 1386 3259 οἰνοχόους,
1410 3159 1683 3261 ταμιείας,

1790 3184 2028 3249 medicis,
2062 3186 2400 3256 unguentarii
2433 3186 2705 3258 impendio
2729 3199 2872 3244 sunt.
2907 3188 3046 3258 Quin
3072 3200 3128 3246 et
3155 3205 3355 3247 mensae

132 3279 356 3344 καὶτοὺς
378 3280 584 3335 τούτων
612 3280 1027 3351 ἀφηγουμένους
1058 3276 1370 3350 μουσικούς*
1399 3279 1683 3352 μουσικὰς,

132 3370 484 3443 ὀρχηστρίδας,
505 3371 764 3442 αύλητάς,
788 3370 1201 3439 γελωτοποιοὺς,
1223 3368 1481 3436 κόλακας,
1509 3386 1687 3441 παρα-

134 3464 310 3528 σίτους,
361 3465 456 3518 τὸν
500 3462 796 3518 ἀκόλουθον
845 3462 945 3533 τῆς
1000 3462 1362 3535 ματαιότητος
1400 3462 1682 3538 συρφετόν.

133 3554 297 3609 Ταῦτα
317 3556 405 3611 ἴνα
429 3554 629 3627 κτηθῇ,
654 3554 809 3608 πόσοι
866 3554 1097 3626 πένητες
1144 3553 1491 3609 άδικοῦνταιί
1529 3555 1685 3609 πόσοι

131 3645 179 3700 δὲ
202 3648 417 3721 ὀρφανοὶ
440 3645 866 3710 κονδυλίζονταιί
897 3646 1060 3700 πόσαι
1080 3646 1135 3700 δὲ
1150 3646 1315 3719 χῆραι
1328 3645 1681 3719 δακρύουσινί

134 3739 268 3795 πόσοι
290 3737 559 3811 ’σφοδρῶς
586 3738 1024 3811 σπαραττόμενοι
1057 3738 1382 3793 σπεύδουσιν
1424 3739 1560 3811 πρὸς
1588 3740 1686 3809 άγ-

134 3831 298 3903 χόνηνί
330 3832 396 3886 Ἦ
421 3832 479 3886 δὲ
509 3830 618 3885 τῶν
660 3829 915 3885 τοιούτων
940 3831 1107 3903 ψυχὴ,
1133 3830 1322 3904 ὥσπερ
1345 3830 1580 3902 Ληθαίου
1613 3847 1690 3884 τι·

136 3921 207 3984 νὸς
236 3922 421 3987 ὓδατος
449 3921 788 3993 γευσαμένη,
824 3922 1026 3992 ἑαυτῆς
1078 3923 1384 3994 ἀμνημονεῖ
1410 3922 1683 3989 καθάπαξ,

136 4012 202 4077 τίς
228 4017 389 4078 ἐστιν,
421 4014 519 4067 καὶ
550 4014 656 4067 τίνι
690 4012 1061 4078 συνέζευκται,
1082 4012 1176 4067 καὶ
1197 4016 1280 4068 ὅτι
1304 4014 1435 4068 ποτὲ
1461 4014 1559 4085 τῆς
1587 4032 1685 4068 συ-

137 4102 300 4175 ζυγίας
335 4106 544 4178 ταύτης
593 4104 907 4177 λυθήσεται,
955 4107 1051 4160 καὶ
1099 4106 1264 4161 πάλιν
1306 4105 1687 4161 ἀνακτισθέντι

138 4202 424 4273 συνοικήσει
477 4198 558 4271 τῷ
605 4198 843 4269 σώματι.
917 4199 1191 4264 Ἐλθόντος
1240 4199 1298 4254 δὲ
1345 4197 1539 4272 καιροῦ
1591 4200 1687 4254 τοῦ

139 4290 466 4363 καθήκοντος,
489 4293 586 4347 καὶ
610 4293 705 4347 τοῦ
732 4293 1109 4365 ἀπαραιτήτου
1139 4292 1557 4364 προστάγματος
1587 4291 1687 4363 τῆς

138 4383 250 4453 πρὸς
276 4383 339 4438 τὸ
365 4382 531 4455 σῶμα
559 4383 843 4447 κοινωνίας
873 4381 1227 4447 ἀποσπῶντος
1256 4382 1447 4456 αὐτὴν,
1495 4383 1689 4438 ἀναλο-

134 4475 302 4545 γισμὺς
364 4474 678 4545 εἰσέρχεται
720 4474 828 4527 τῶν
876 4474 1244 4545 βεϐιωμένων,
1291 4475 1384 4528 καὶ
1404 4474 1686 4546 ἀνωφελὴς

138 4567 390 4639 μετάνοια,
436 4565 671 4620 κατόπιν
706 4565 967 4638 γινομένη
1011 4565 1109 4637 τῆς
1142 4564 1346 4637 χρείας.
1390 4564 1524 4618 Τότε
1575 4563 1686 4637 γὰρ

134 4654 310 4731 ὀνίνησι
342 4657 703 4731 μεταμέλεια,
731 4658 857 4711 ὅταν
897 4658 927 4710 ό
971 4656 1495 4729 μεταϐουλευόμενος
1540 4654 1689 4720 ἐξου-

138 4748 237 4804 σίαν
257 4752 357 4825 ἔχῃ
384 4751 489 4822 τῆς
533 4747 894 4822 διορθώσεως’
924 4746 1304 4820 ἀναιρεθείσης
1331 4746 1387 4800 δὲ
1412 4747 1512 4816 τῆς
1535 4747 1689 4819 ἐνερ-

134 4842 263 4908 γείας
293 4843 389 4898 τοῦ
438 4840 762 4915 κατορθοῦν,
812 4841 1030 4912 ἀχρεῖος
1060 4842 1093 4911 ἡ
1124 4838 1292 4910 λύπη,
1328 4839 1422 4894 καὶ
1461 4839 1688 4911 μάταιος

137 4934 164 5005 ἠ
184 4937 538 5007 μετάγνωσις.

190 5195 419 5265 Πτωχὸς
447 5192 517 5248 δέ
552 5210 646 5259 τις
671 5188 752 5264 ἦν
776 5191 1018 5262 ὀνόματι
1049 5188 1327 5259 Λάζαρος.
1359 5190 1432 5243 Ού
1472 5187 1679 5261 πένητα

138 5285 296 5351 ἁπλῶς
345 5285 655 5357 ὑπογράφει
688 5287 716 5339 ὁ
748 5282 947 5354 λόγος,
991 5283 1093 5354 τῆς
1143 5282 1387 5352 δαπάνης
1444 5282 1536 5336 καὶ
1579 5282 1678 5353 τῆς

138 5378 298 5449 χρείας
328 5377 438 5433 τῶν
477 5376 793 5446 ἀναγκαίων
835 5374 1228 5446 ἐστερημένον·
1260 5373 1396 5435 άλλά
1434 5374 1543 5446 νἀρ
1583 5374 1679 5428 καὶ

196 5550 261 5622 (5)
298 5553 374 5607 Ac
401 5550 714 5622 tessellulis.
745 5549 836 5622 Sic
877 5550 1167 5622 Chrysost.
1190 5549 1344 5605 llam.
1369 5550 1439 5622 Ain
1475 5550 1685 5622 divitem

140 5629 178 5672 et
200 5619 477 5686 Lazarum,
510 5633 641 5677 tom.
672 5620 743 5675 VI
784 5619 1091 5683 Dttctei,'cdt
1114 5620 1449 5692 ἐψηφωμένα
1486 5621 1677 5691 ἐδάφη,

142 5693 381 5747 lmellulis
409 5710 471 5747 ac
500 5691 695 5758 lapillis
724 5692 971 5746 distincta
994 5690 1321 5760 pavimenta.
1339 5690 1438 5745 Ubi
1456 5746 1460 5750 _
1479 5692 1524 5744 is
1559 5690 1679 5742 eam

142 5772 303 5820 vocem
326 5780 433 5820 non
470 5763 611 5817 male.
642 5762 895 5833 explicat,
925 5759 1059 5815 etut
1096 5762 1361 5832 ejusmodi
1390 5759 1680 5818 tessellul'ts

425 5858 701 5941 Parnpn.
743 5856 860 5917 Gn.
902 5853 1037 5916 XL.
1149 5923 1156 5929 ,

1788 3274 2099 3329 Satellitium
2150 3291 2494 3332 numerosum
2532 3280 2834 3348 perpende:
2869 3288 3185 3350 structores,
3240 3282 3356 3354 pin-

1787 3381 1998 3431 eernas,
2028 3368 2500 3437 promes-condas,
2542 3376 2596 3423 et
2641 3369 2732 3441 qui
2775 3371 2860 3425 bis
2906 3383 3144 3442 praeeunt
3187 3374 3355 3429 music

1787 3471 1905 3525 cos,
1960 3459 2219 3524 musicas,
2276 3446 2669 3526 saltatt‘iettlas,
2726 3462 3003 3531 tibicines,
3064 3465 3351 3532 ridiculos,

1786 3545 2109 3616 gnathones,
2139 3549 2426 3618 parasitos,
2460 3548 2667 3603 turbam
2706 3550 2961 3608 vanitatis
2989 3553 3239 3609 comitem
3273 3566 3350 3608 at-

1786 3651 1891 3707 que
1918 3637 2285 3708 pedisequam.
2327 3637 2450 3695 Haac
2490 3648 2552 3693 ut
2586 3650 2990 3710 comparentur,
3036 3651 3169 3715 quot
3220 3659 3352 3715 pauo

1787 3743 1943 3803 peres
1969 3727 2233 3785 alliciendi
2281 3730 2518 3800 injuria?
2564 3740 2693 3800 quot
2741 3732 2933 3803 pugnis
2980 3735 3217 3791 caadendi
3261 3750 3355 3790 or-

1786 3820 1992 3899 p_ltani?
2024 3830 2156 3889 quot
2188 3819 2473 3892 lugendum
2497 3822 2709 3878 viduis?
2732 3835 2863 3894 quot
2899 3825 3127 3896 denique
3154 3826 3353 3885 misere

1788 3912 2113 3967 dilaniantes
2166 3914 2391 3985 seipsos,
2423 3915 2488 3968 ad
2541 3916 2725 3971 restim
2773 3931 2837 3972 ac
2874 3916 3123 3988 laqueum
3171 3919 3356 3975 decur-

1789 4003 2011 4058 rendum
2072 4005 2407 4059 habuerint?
2453 4005 2728 4077 Ejusmodi
2783 4008 3025 4078 profecto
3076 4009 3354 4066 hominum

1789 4093 1989 4158 anima,
2017 4094 2169 4163 quasi
2217 4086 2431 4150 Leihzea
2471 4099 2703 4166 quadam
2752 4098 3027 4170 degustata
3065 4114 3224 4171 aqua,
3267 4102 3352 4156 sui

1789 4194 2010 4248 prorsus
2054 4180 2420 4249 obliviscitur;
2470 4199 2587 4254 quae
2620 4195 2674 4241 et
2698 4188 2811 4257 ipsa
2865 4189 2957 4255 sit,
2985 4203 3050 4244 ac
3091 4190 3177 4244 cui
3223 4205 3357 4246 con-

1784 4269 1993 4339 juncta,
2039 4280 2202 4341 utque
2228 4274 2419 4344 copula
2453 4275 2565 4331 hare
2593 4278 2916 4353 quandoque
2942 4280 3013 4335 sit
3055 4282 3352 4348 solvenda;

1790 4360 2010 4430 ipsaque
2041 4362 2256 4431 iterum,
2289 4375 2588 4421 recreatum
2615 4360 2810 4439 corpus
2830 4383 2897 4425 ac
2929 4371 3224 4428 redivivum
3252 4375 3352 4429 do-

1791 4453 2045 4508 micilium
2088 4455 2356 4513 habitura.
2392 4454 2494 4512 Ubi
2521 4469 2699 4515 autem
2725 4470 2923 4517 statum
2954 4472 3163 4534 tempus
3189 4464 3353 4521 adve-

1793 4544 1949 4607 nerit,
1997 4558 2062 4597 ae
2094 4541 2475 4612 indeprecabili
2509 4550 2745 4615 decreto,
2776 4554 3020 4622 corporis
3057 4568 3122 4608 at:
3159 4556 3355 4610 animas

1786 4649 1959 4689 nexus
2006 4634 2381 4693 dissolvendus
2435 4640 2560 4705 erit,
2614 4643 2816 4712 prioris
2867 4644 2991 4700 vita:
3043 4647 3357 4717 recogitatio

1789 4724 2027 4779 animum
2055 4727 2278 4794 subibit,
2310 4744 2544 4799 seraque
2584 4748 2648 4788 ac
2696 4733 2827 4788 niltil
2861 4735 3138 4804 profutura
3177 4738 3353 4808 pumi-

1789 4818 1976 4873 tentia.
2009 4817 2161 4874 Tunc
2186 4822 2329 4875 enim
2366 4822 2579 4878 demum
2604 4825 2922 4895 pmnitentia
2958 4829 3198 4897 prodest,
3230 4843 3351 4885 euut

1788 4920 2002 4967 mutans
2035 4913 2389 4984 propositum,
2436 4917 2762 4973 emendandi
2800 4916 3110 4974 facultatem
3158 4919 3350 4987 habet;

1791 5004 2000 5059 sublata
2028 5020 2155 5062 vero
2185 5006 2309 5063 boni
2348 5009 2530 5079 operis
2560 5010 2716 5080 copia
2763 5024 2826 5067 ac
2870 5000 3104 5080 actione,
3150 5012 3356 5070 inutilis

1792 5095 1943 5149 dolor
1973 5112 2035 5151 ac
2064 5097 2241 5154 inanis
2265 5100 2541 5170 pmuitudo
2576 5109 2678 5157 est.

1861 5174 1993 5242 Er'at
2036 5202 2206 5244 autem
2250 5193 2466 5263 quidam
2512 5194 2781 5248 mendicus
2830 5196 3037 5251 nomine
3090 5195 3353 5252 Lazarus.

1790 5278 1995 5336 Nedum
2044 5280 2326 5353 Scriptura
2393 5298 2680 5354 pauperem
2720 5286 2978 5342 describit
3048 5290 3359 5343 necessario

1787 5387 1886 5429 usu
1922 5387 2103 5429 rerum
2136 5375 2471 5441 destitutum,
2501 5390 2565 5430 ac
2589 5379 2814 5446 penuria
2847 5377 3184 5436 laborantem
3212 5377 3355 5447 {ve-

1792 5566 1857 5631 a‘c
1907 5553 2135 5631 calculis
2181 5563 2392 5611 constet
2439 5558 2583 5627 quod
2634 5561 2904 5616 musivum
2950 5576 3086 5631 opus
3137 5572 3358 5619 vocant.
3418 5582 3419 5585 η

1789 5622 1991 5695 Regius
2037 5626 2225 5690 codex,
2275 5622 2506 5695 quoeuin
2551 5633 2774 5693 contuli.
2811 5633 2883 5687 ita
2917 5622 3077 5690 habet
3129 5645 3187 5689 ut
3231 5650 3355 5690 cum

1790 5691 1954 5750 Savil.
1988 5695 2223 5751 restituit
2250 5691 2475 5754 Duezeus
2498 5715 2561 5753 ex
2592 5691 2873 5758 Caesareis.

3046 5860 3088 5917 6
