3810 6294
436 348 533 403 ΠΙ
1704 348 1762 405 S.
1804 348 2077 406 ASTERll

2116 350 2416 407 AMASENI
3592 363 3624 417 1
3640 359 3733 415 72

2844 418 2858 476 l

435 481 555 523 rum
583 467 746 523 etiam
778 466 929 538 gravi
966 474 1170 522 lentum
1193 467 1533 540 (egritudine,
1570 484 1798 540 corpore
1828 470 1990 526 tabidi

2134 471 2395 544 ὶρρωστίᾳ
2455 472 2692 544 ὀδυνηρᾷ
2752 466 3123 544 συνεχόμενον,
3175 473 3267 528 καὶ
3326 473 3734 547 διερρυηκότα

431 564 831 637 dil'ﬁnentique,
863 568 980 624 sine
1011 570 1122 625 lare
1146 584 1211 625 ac
1243 569 1422 634 domo,
1463 564 1720 621 incultum
1759 578 1823 617 ac
1878 561 2006 618 hor-

430 638 636 721 ridum’,
671 668 834 729 atque
862 660 930 715 ad
952 659 1172 727 ianuam
1200 658 1381 715 divitis
1407 657 1724 730 projectum.
1746 656 1827 713 Ad
1861 672 2007 713 sum-

430 762 598 816 mam,
632 765 755 806 cum
779 764 907 806 cura
934 766 995 806 ac
1037 752 1244 824 tragico
1286 754 1398 807 iere
1442 753 1707 808 cothurno
1754 750 2006 821 pauperis

430 841 708 897 miseriam
749 852 996 903 enarrat.
1032 860 1141 912 quo
1169 842 1342 914 magis
1370 859 1475 900 non
1511 843 1823 900 miserantis
1853 843 2004 898 duri-

433 932 560 987 tiem
592 941 739 988 notet
776 942 938 1001 atque
983 934 1252 989 traducat.
1283 932 1455 1001 Quem
1483 933 1631 988 enim
1661 932 1887 988 alterius
1921 932 2002 986 fa-

429 1037 546 1079 mes
572 1037 635 1078 ac
663 1024 928 1093 agritudo
970 1024 1446 1080 commiseratione
1492 1040 1601 1080 non
1647 1024 1837 1094 tangit,
1890 1023 2001 1079 fera

425 1126 561 1168 sane
583 1121 668 1169 est
693 1113 926 1169 rationis
957 1129 1173 1184 expers,
1207 1124 1490 1185 perperam
1527 1114 1820 1170 humanam
1854 1114 2005 1169 indu-

424 1211 515 1259 tus
538 1201 793 1271 formam,
825 1219 890 1260 ac
922 1204 1200 1259 voluntate
1218 1202 1418 1258 fallens
1448 1212 1732 1270 naturam;
1764 1203 2003 1271 adeoque

427 1294 561 1351 feris
595 1295 729 1366 ipsis
789 1306 954 1367 atque
999 1295 1192 1351 belluis
1239 1294 1527 1351 immanior
1572 1303 1675 1351 est.
1722 1293 2002 1364 Siquidem

427 1402 560 1445 sues
586 1387 831 1461 iugulata
865 1403 960 1444 sue
992 1403 1154 1445 sensu
1180 1387 1414 1459 quodam
1442 1386 1645 1443 doloris
1671 1385 1999 1450 afﬁciuntur,

426 1493 494 1535 ac
533 1478 741 1533 circum
788 1491 980 1534 recens
1025 1478 1205 1533 fusum
1234 1475 1550 1547 sanguinem
1577 1476 1731 1531 triste
1753 1491 2004 1529 murmur

418 1568 615 1623 edunt.
654 1566 850 1631 Boves.
890 1565 1029 1620 tauri
1061 1566 1262 1621 caedem
1297 1563 1672 1627 circumstant,
1705 1560 2000 1617 miserabili

424 1658 664 1714 dolorem
716 1659 922 1728 mugitu
971 1657 1336 1724 designantes.
1376 1655 1513 1724 Quin
1548 1670 1741 1722 gruum
1784 1667 2001 1723 quoque

423 1765 639 1823 greges,
671 1764 795 1806 cum
827 1764 936 1805 una
968 1748 1109 1803 forte
1138 1746 1435 1819 gregalium
1476 1746 1528 1800 in
1564 1761 1750 1802 casses
1786 1744 1995 1810 incidit,

416 1852 637 1913 captam
695 1840 1178 1906 circumvolitaut,
1236 1853 1301 1893 ac
1355 1838 1682 1893 lamentabili
1753 1836 1988 1907 quodam
2029 1846 2070 1900 Β

425 1932 683 2004 clangore
736 1933 1074 2001 complentes
1140 1944 1344 1995 aerem,
1409 1929 1662 1983 comitem
1704 1942 1885 2009 \suam
1940 1942 2005 2005 ac

416 2022 693 2096 gregalem
754 2023 1057 2093 requirunt.
1113 2021 1395 2077 llominem
1448 2033 1597 2084 vero,
1652 2018 1849 2074 animal
1911 2034 2002 2074 ra-

424 2117 569 2172 tione
621 2117 904 2187 prasditum
946 2130 1012 2171 ac
1060 2122 1435 2179 mansuetum;
1460 2112 1663 2183 Deique
1706 2110 2002 2167 imitatione

421 2209 722 2265 bonitatem
749 2208 990 2273 doctum,
1022 2206 1211 2262 leviter
1239 2206 1376 2260 adeo
1414 2203 1785 2273 proximorum
1819 2201 1999 2258 acerbi

420 2316 584 2356 casus
615 2313 920 2372 gravesque
952 2297 1296 2355 calamitates
1339 2292 1576 2350 aliicient
1617 2301 1781 2363 atque
1822 2307 2002 2347 move-

419 2393 589 2447 hunt'.

489 2481 716 2537 iacebat
759 2482 943 2551 itaque
981 2492 1321 2533 aerumnosus
1356 2475 1445 2532 ille
1479 2488 1544 2531 ac
1572 2484 1760 2545 gratus
1794 2487 2001 2543 pauper

418 2574 474 2627 in
505 2573 714 2642 magnis
756 2571 1051 2634 doloribus,
1087 2569 1285 2640 pedum
1337 2583 1438 2623 usu
1482 2566 1723 2637 privatus
1778 2563 1996 2636 (alioqui

417 2663 567 2719 enim
597 2661 895 2732 pessimum
921 2660 1075 2715 illum
1108 2669 1273 2729 atque
1307 2657 1598 2729 superbum
1632 2656 1995 2723 declinasset;

418 2756 716 2825 aliumque,
770 2770 869 2825 pro
893 2754 1052 2825 ianua
1084 2753 1171 2808 illa
1208 2751 1478 2823 hospitum
1521 2749 1883 2806 interfectrice
1934 2763 1999 2803 ac

416 2848 747 2919 pauperibus
808 2846 1044 2909 occlusa.
1108 2846 1285 2902 locum
1346 2843 1689 2914 delegisset):
1746 2842 1996 2896 manibus

418 2953 636 3010 quoque
688 2938 1001 3005 destitutus,
1038 2953 1106 2993 ne
1136 2936 1369 3007 palmam
1401 2935 1618 3005 quidem
1654 2932 1721 2988 ad
1748 2932 1996 2987 emendi-

416 3032 651 3089 candum
696 3030 883 3086 valens
927 3031 1284 3098 protendere;
1336 3029 1434 3084 sed
1472 3035 1529 3082 et
1572 3024 1719 3081 vocis
1750 3024 1863 3094 ipsa
1901 3039 1989 3079 or-

414 3140 557 3197 gana
580 3124 861 3193 obstructa
905 3123 1148 3188 habens,
1203 3120 1595 3189 stridulumque
1639 3132 1705 3174 ac
1738 3130 1992 3187 asperum

412 3231 611 3272 soaum
657 3223 876 3286 pectore
904 3212 1196 3276 emittens;
1240 3210 1491 3266 omnibus
1533 3209 1690 3280 plane
1736 3206 1994 3263 membris

416 3305 641 3364 mutilus
667 3313 984 3375 captusque.
1012 3302 1133 3357 tetri
1169 3300 1339 3356 morbi
1381 3299 1644 3370 reliquiae,
1695 3296 1987 3352 inlirmita-

416 3398 488 3452 tis
542 3396 793 3451 humanae
838 3391 1146 3450 miserabile
1189 3388 1518 3462 exemplum.
1570 3386 1753 3460 Neque
1804 3397 1987 3443 tamen

415 3488 758 3544 miseriarum
806 3495 987 3541 tantus
1030 3498 1309 3550 numerus,
1360 3481 1515 3537 elata:
1542 3480 1776 3537 cervicis
1809 3478 1988 3536 homi-

415 3595 540 3637 nem
577 3579 644 3635 ad
678 3578 1066 3649 inspeCtiouem
1099 3575 1330 3631 inﬂexit.
1360 3572 1681 3628 Praeteribat
1710 3571 1988 3626 hominem

412 3672 560 3726 velut
598 3684 809 3733 saxum,
841 3683 908 3725 eo
937 3668 1143 3724 scelere
1188 3680 1307 3724 sese
1336 3664 1703 3735 obstringens,
1748 3663 1834 3718 cui
1870 3660 1991 3716 nul-

408 3764 522 3819 ium
548 3764 773 3818 omnino
799 3760 978 3816 velum
1004 3770 1099 3815 aut
1121 3767 1409 3830 praetextus
1437 3768 1599 3812 esset.
1629 3754 1815 3826 Neque
1842 3754 1985 3808 enim

414 3856 482 3911 ad
506 3870 565 3912 se
585 3854 944 3925 purgandum,
974 3852 1215 3922 vulgaria
1241 3850 1328 3905 illa
1364 3864 1429 3905 ac
1456 3849 1696 3920 speciosa
1722 3846 1989 3903 adducere

408 3956 662 4017 poterat:
688 3944 802 4001 Non
827 3959 1037 4009 noram,
1069 3943 1406 4015 lgnorabam,
1434 3939 1618 3995 Latuit
1661 3956 1747 3997 me
1777 3941 1989 3998 mendi-

410 4053 509 4093 cus
556 4038 849 4107 quiritans;
898 4035 1096 4106 quippe
1136 4033 1228 4105 qui
1277 4047 1375 4103 pro
1413 4031 1621 4087 foribus
1650 4032 1859 4103 iacens,
1902 4033 1984 4087 in-

408 4129 673 4199 gredienti
719 4143 784 4185 ac
828 4126 1128 4200 egredienti
1170 4124 1483 4198 spectaculo
1520 4135 1684 4188 esset,
1739 4139 1845 4195 quo
1891 4141 1985 4181 su-

408 4221 563 4294 perbi
593 4220 829 4277 hominis
860 4219 1266 4276 damnationem
1307 4214 1763 4285 indeprecabilem
1797 4216 1986 4271 redde-

413 4322 517 4371 ret.
546 4313 643 4371 Vel
671 4312 863 4369 saltem
901 4311 1072 4367 micas
1098 4311 1166 4365 de
1200 4324 1386 4365 mensa
1416 4308 1671 4364 deciduas
1695 4309 1982 4378 cupiebat:

414 4414 474 4461 at
499 4420 570 4462 ne
595 4404 889 4475 quidquam
920 4409 1243 4458 consecutus
1269 4410 1375 4467 est,
1405 4401 1525 4468 sed,
1554 4416 1676 4457 cum
1706 4401 1794 4458 ille
1820 4402 1983 4458 satie-
2014 4432 2059 4488 υ

412 4507 525 4555 tate
558 4498 957 4568 dirumperetur
987 4533 1003 4560 ,
1034 4493 1176 4551 fame
1203 4496 1319 4566 ipse
1351 4509 1417 4551 ac
1449 4494 1628 4565 inopia
1652 4495 1980 4551 tabescebat.

410 4592 515 4648 Par
540 4593 721 4662 itaque
761 4606 826 4648 ae
868 4605 1081 4662 aequum
1125 4590 1394 4657 videatur,
1437 4590 1801 4648 Chanauaeam
1835 4590 1980 4647 illam

408 4686 772 4750 Pbmnissani,
797 4684 1075 4740 hominum
1107 4684 1253 4741 osori
1292 4685 1444 4741 diviti
1481 4685 1795 4756 magistram
1823 4683 1979 4740 adhi-

404 4778 543 4844 beri,
571 4791 634 4832 ea
663 4774 1019 4832 iuculcantem
1065 4791 1188 4847 qua)
1224 4776 1424 4847 scripta
1481 4786 1651 4833 sunt:
1682 4774 1857 4829 Etiam
1893 4790 1979 4829 ca-

400 4868 540 4933 telli,
589 4868 821 4947 pessime
850 4867 1133 4923 hominum
1165 4881 1231 4922 ac
1260 4867 1512 4935 superbe,
1539 4872 1603 4921 de
1636 4867 1783 4921 micis
1813 4865 1976 4921 edunt

398 4976 520 5033 quia
539 4958 738 5015 cadunt
771 4959 836 5014 de
867 4975 1054 5015 mensa
1082 4958 1417 5013 dominorum
1442 4973 1656 5013 suorum
1675 4957 1731 5025 ';
1780 4967 1836 5013 tu
1879 4969 1973 5012 au-

406 5061 516 5107 tem
545 5048 768 5106 fratrem
813 5058 963 5105 tuum
1007 5057 1170 5119 atque
1220 5047 1473 5106 tribulem
1515 5063 1692 5119 neque
1720 5048 1824 5105 hoc
1853 5063 1976 5103 mu-

406 5155 541 5200 nere
574 5142 829 5212 dignatus
857 5140 957 5198 es?
988 5140 1097 5198 Sed
1135 5155 1297 5198 canes
1322 5142 1538 5212 quidem
1579 5155 1708 5197 cura
1754 5140 1989 5203 aieban-V

405 5242 534 5296 tur;
562 5247 629 5288 ac
649 5231 876 5289 seorsirn
925 5233 1141 5304 quidem
1195 5232 1416 5289 molossi
1445 5271 1463 5298 ,
1516 5232 1746 5288 seorsim
1794 5240 1974 5285 autem

397 5322 658 5391 venatici,
702 5331 845 5383 tecto
888 5323 1097 5393 pariter
1148 5323 1453 5392 gaudebant
1479 5335 1544 5378 ac
1568 5329 1785 5388 strato;
1843 5319 1967 5375 dili-

396 5422 698 5483 genterque
719 5413 1010 5469 attributas
1028 5413 1327 5483 peculiares
1352 5410 1630 5467 ministros
1659 5411 1966 5467 habebant:

2110 563 2172 616 τὸ
2202 562 2383 634 σῶμα,
2428 564 2631 629 ἄοικον,
2667 564 2932 631 ἄνεστιον,
2980 564 3373 635 ἀθεράπευτον,
3421 568 3489 637 τῇ
3548 566 3731 638 πύλῃ

2110 654 2204 709 τοῦ
2253 656 2509 711 πλουσίου
2547 658 3038 730 προσερριμμένον.
3083 658 3196 712 Καὶ
3242 658 3361 712 λίαν
3412 659 3728 730 ἐπιμελῶς

2110 751 2176 821 τῇ
2224 749 2472 821 διηγήσει
2518 749 2617 814 τὰς
2683 748 2969 822 συμφορὰς
3019 750 3110 803 ἐπὶ
3160 749 3300 803 τέλει
3351 750 3733 822 ὲκτραγῳδεῐ

2111 842 2204 897 τοῦ
2242 843 2479 916 πτωχοῦ.
2521 844 2611 898 ἵνα
2657 843 2755 914 τὴν
2807 841 2901 896 τοῦ
2940 842 3013 914 μὴ
3042 841 3318 908 ἐλεοῦντος
3362 843 3725 915 στηλιτεύσῃ
3806 902 3810 905 ,

2113 932 2475 1005 σκληρότητα.
2519 934 2577 988 Ὀ
2626 934 2737 1005 γάρ
2784 933 2921 1005 πρὸς
2955 930 3113 1003 λιμὸν
3158 932 3254 987 καὶ
3308 934 3462 987 νόσον
3520 933 3726 1005 μηδὲν

2112 1024 2335 1095 πάσχων
2374 1024 2605 1078 ἐλεεινὸν
2643 1024 2676 1095 ἢ
2709 1024 3018 1096 συμπαθὲς,
3070 1023 3258 1097 θηρίον
3288 1024 3435 1077 ἐστὶν
3463 1025 3718 1093 Δἄλογον,

2110 1114 2296 1179 κακῶς
2330 1115 2411 1180 είς
2453 1116 2738 1185 ἀνθρώπου
2769 1117 3054 1190 μορφωθὲν
3096 1116 3301 1189 σχῆμα,
3356 1116 3720 1189 ψευδόμενον

2109 1210 2176 1279 τῇ
2208 1208 2521 1281 προαιρέσει
2551 1209 2651 1279 τὴν
2682 1208 2843 1277 φύσιν
2862 1225 2877 1239 ·
2918 1208 3117 1280 μᾶλλον
3149 1210 3204 1262 δὲ
3234 1209 3331 1263 καὶ
3364 1208 3549 1261 αὐτῶν
3573 1208 3711 1263 τῶν

2110 1299 2314 1372 θηρίων
2359 1300 2873 1373 ἀσυμπαθέστερον·
2904 1292 2957 1354 εί
2988 1318 3052 1371 γε
3103 1300 3290 1373 χοίρου
3336 1300 3434 1373 μὲν
3477 1298 3715 1369 σφαζὼ

2112 1394 2305 1466 μένου,
2356 1393 2605 1447 ἕλκονται
2672 1382 2808 1464 πρός
2859 1410 2979 1447 τινα
3041 1392 3291 1465 λυπηρὰν
3346 1391 3608 1461 αἴσθησιν
3654 1393 3713 1444 οι

2108 1489 2296 1559 χοῖροι,
2324 1487 2416 1540 καὶ
2444 1486 2521 1558 τῷ
2549 1485 2822 1558 νεορρύτῳ
2849 1486 3038 1557 αἵματι
3073 1483 3271 1556 ἀνιαρὰ
3300 1483 3706 1554 ἐπιτρύζουσιο

2108 1578 2481 1650 περιίστανται
2521 1578 2578 1632 δὲ
2611 1577 2702 1631 τοῦ
2737 1576 2938 1649 ταύρου
2978 1576 3069 1630 τὸν
3117 1575 3277 1646 φόνον
3309 1577 3357 1629 οἱ
3408 1576 3551 1646 βόες,
3587 1575 3713 1646 ἐμ-

2108 1670 2272 1724 παθεῖ
2304 1668 2579 1743 μυκηθμῷ
2610 1670 2707 1741 τὴν
2746 1668 2915 1741 ἀλγὴν
2963 1668 3335 1739 σημαίνοντες.
3373 1666 3597 1736 Ἀγέλαε
3634 1666 3705 1721 δὲ

2106 1761 2373 1834 γεράνων,
2420 1763 2549 1833 μιᾶς
2588 1760 2697 1814 τῶν
2742 1759 3020 1831 συννόμων
3051 1757 3458 1831 περιπεσούσης
3508 1749 3711 1829 θηρά-

2097 1870 2281 1925 τροις,
2342 1851 2724 1924 περιίπτανται
2788 1851 2887 1922 τὴν
2939 1850 3336 1922 κρατουμένην,
3388 1848 3480 1903 καί
3538 1864 3708 1912 τινος

2104 1948 2392 2019 όδυρτικῆς
2427 1946 2672 2017 κλαγγῆς
2722 1945 2812 1998 τὸν
2862 1943 3001 2016 ἀέρα
3050 1941 3371 2015 πληροῦσιν,
3406 1942 3507 2014 τὴν
3547 1943 3707 2014 ὁμό-

2105 2038 2268 2108 φυλον
2312 2037 2566 2110 ζητοῦσαι
2601 2036 2696 2090 καὶ
2726 2034 3009 2107 σύννομον.
3045 2034 3366 2105 ’Ἄνθρωπον
3394 2033 3473 2097 δέ,
3505 2034 3569 2087 τὸ
3603 2035 3709 2088 λο-

2103 2129 2258 2199 γικὸν
2286 2127 2421 2194 ζῶον
2447 2128 2543 2184 καὶ
2567 2129 2796 2200 ἥμερον,
2828 2128 2922 2181 καὶ
2954 2125 3073 2182 καθ’
3095 2126 3389 2198 ὁμοιότητα
3417 2125 3555 2180 Θεοῦ
3587 2125 3708 2199 τὴν

2103 2220 2412 2291 άγαθότητα
2466 2219 2877 2292 παιδευόμενον,
2938 2217 3133 2291 μικρὸν
3186 2217 3326 2272 οὕτω
3378 2218 3704 2291 φροντίζειν

2101 2312 2208 2365 τῶν
2262 2311 2544 2381 συγγενῶν
2594 2313 2651 2365 ἐν
2700 2312 2821 2374 ταῖς
2871 2310 3157 2383 όδυνηραῖς
3213 2311 3321 2365 τῶν
3381 2312 3704 2384 συμφορῶν

2103 2402 2488 2474 περιστάσεσιν
2506 2403 2519 2454 !

2177 2494 2391 2546 Ἔκειτο
2450 2492 2628 2546 τοίνυν
2681 2493 2710 2545 ὁ
2780 2490 3117 2556 πολυὼδυνος
3180 2494 3275 2547 καὶ
3346 2482 3698 2566 εὐχάριστος

2101 2588 2288 2661 πένης,
2318 2588 2484 2654 πόδας
2508 2589 2610 2642 ούκ
2642 2588 2779 2660 ἔχων
2828 2583 2883 2659 (ἦ
2929 2586 3038 2665 γάρ
3073 2588 3542 2662 αὑτὸνὰλάστορα
3587 2591 3696 2645 καὶ

2100 2681 2445 2753 ὑπερήφανον
2479 2678 2702 2751 ἔφυγεν,
2730 2681 2916 2751 ἕτερον
2957 2679 3119 2733 τόπον
3149 2680 3513 2752 ἐκλεξάμενος
3553 2682 3694 2737 ἀντὶ

2097 2774 2197 2845 τῆς
2239 2771 2550 2842 ξενοκτόνου
2596 2772 2808 2843 πύλης,
2853 2774 2953 2843 τῆς
2987 2771 3378 2845 κεκλεισμένης
3428 2776 3545 2838 τοῖς
3577 2775 3694 2829 πέ.

2097 2865 2313 2937 νησιν),
2373 2864 2571 2937 χειρῶν
2624 2863 3014 2937 ἀφῃρημένος,
3072 2863 3168 2916 καὶ
3230 2864 3351 2918 ούδέ
3411 2864 3694 2941 παλάμην

2096 2957 2233 3029 ἔχων
2283 2957 2586 3029 προτείνειν
2632 2959 2710 3021 εἰς
2754 2957 2992 3028 αἴτησιν,
3029 2956 3365 3029 ἐμφραχθεὶς
3412 2957 3556 3012 αὐτὰ
3612 2960 3691 3015 τὰ

2096 3049 2305 3123 ὄργανα
2353 3049 2456 3120 τῆς
2505 3048 2711 3119 φωνῆς,
2744 3048 2839 3102 καί
2870 3065 2992 3102 τινα
3027 3047 3355 3120 βραγχῶσαν
3396 3050 3491 3103 καὶ¹
3542 3068 3691 3123 τρα-

2095 3143 2246 3213 χεῖαν
2276 3139 2386 3195 τῶν
2416 3141 2652 3214 στέρνων
2691 3140 2829 3213 ἠχὴν
2863 3140 3229 3212 περιιέμενος,
3270 3143 3438 3197 πᾶσιν
3483 3143 3688 3211 ἁπλῶς
3754 3190 3769 3196 -

2094 3241 2616 3314 ἡκρωτηριασμένος
2654 3243 2769 3305 τοῖς
2815 3240 3051 3312 μέλεσιν,
3084 3242 3241 3296 νόσου
3281 3245 3526 3316 πονηρᾶς
3555 3245 3688 3299 λεί-

2092 3336 2279 3407 ψανον,
2326 3334 2559 3390 ἐλεεινὸν
2610 3335 2916 3407 ὑπόδειγμα
2962 3335 3063 3406 τῆς
3117 3334 3463 3409 ἀνθρωπίνης
3509 3339 3689 3394 ἀσθε..

2091 3438 2258 3500 νείας.
2297 3437 2437 3491 Ἀλλ’
2473 3438 2623 3509 ὅμως
2660 3438 2781 3492 ούδέ
2814 3436 3065 3501 τοσοῦτος
3116 3438 3413 3508 κατάλογος
3460 3456 3688 3511 συμφο-

2092 3526 2203 3599 ρῶν
2251 3526 2457 3581 ἔκλινεν
2485 3528 2622 3599 πρὸς
2664 3527 2954 3598 ἐπίσκεψιν
2991 3526 3081 3582 τὸν
3115 3527 3423 3599 ὑψαύχενα·
3465 3532 3685 3604 παρῄει

2087 3616 2148 3671 δὲ
2170 3617 2245 3681 ὡς
2277 3617 2425 3671 λίθον
2458 3617 2551 3672 τὸν
2578 3617 2888 3689 ἄνθρωπον,
2920 3618 3326 3690 ἀπροφάσιστον
3358 3621 3457 3693 τὴν
3486 3622 3683 3695 ἁμαρ-

2089 3708 2210 3763 τίαν
2233 3707 2595 3763 ἐπιτελῶν.ού
2613 3707 2720 3781 γάρ
2738 3703 2882 3780 εἶχεν
2898 3708 3481 3782 ἐγκαλούμενοςλέγειν
3495 3711 3682 3768 ταῦτα

2090 3811 2157 3868 τά
2194 3808 2349 3864 κοινά
2381 3809 2473 3864 καὶ
2516 3808 2880 3881 εὐπρόσωπαο
2934 3812 3050 3868 Ούκ
3098 3811 3288 3881 ἔγνων,
3321 3813 3436 3867 Οὐκ
3483 3813 3677 3886 ⁴ᾔδειν·

2093 3902 2324 3957 Ἐλαθέν
2349 3919 2416 3974 με
2438 3901 2667 3956 ποτνιῶν
2683 3903 2953 3973 όπτωχόςο
2966 3904 3024 3968 ὃς
3040 3903 3215 3959 ἔκειτο
3230 3904 3337 3977 πρὸ
3351 3906 3446 3977 τῆς
3468 3907 3680 3979 πύλης,

2086 3995 2350 4059 εἰσιόντος
2379 3995 2474 4050 κα)⁵
2520 3994 2754 4062 ἐξιόντος
2786 3995 2987 4066 θέαμα,
3032 3996 3119 4050 ἵνα
3164 3998 3540 4070 ἀπαραίτητον
3574 4002 3678 4075 ἐρ-

2088 4091 2327 4162 γάσηται
2366 4088 2461 4144 τοῦ
2497 4089 2847 4162 ὑπερηφάνου
2880 4090 2981 4161 τὴν
3010 4089 3325 4163 καταδίκην.
3366 4092 3678 4167 Ἐπεθύμει

2086 4183 2181 4237 καὶ
2219 4183 2327 4237 τῶν
2381 4182 2578 4254 ψιχίων
2629 4183 2730 4254 τῆς
2779 4184 3093 4256 τραπέζης,
3141 4184 3236 4238 καὶ
3289 4185 3411 4241 οὐδὲ
3458 4187 3675 4245 τούτων
3747 4198 3749 4203 ‘

2086 4274 2419 4347 ἐτύγχανενο
2454 4276 2570 4329 ἀλλ’
2606 4275 2637 4327 ό
2676 4274 2776 4346 μὲν
2812 4279 2879 4347 τῇ
2931 4274 3218 4350 πλησμονῇ
3266 4278 3670 4352 διερρήγνυτο·

2087 4369 2117 4422 ό
2147 4367 2228 4430 δέ,
2276 4367 2381 4421 ὑπὸ
2429 4367 2527 4438 τῆς
2577 4367 2786 4430 ἐνδείας
2828 4368 3076 4437 ἐτήκετο.
3111 4369 3293 4425 Καλὸν
3331 4368 3425 4426 οῦν
3466 4369 3536 4446 ἦν
3569 4380 3683 4433 καὶ.

2086 4457 2294 4513 δίκαιον
2318 4457 2417 4529 τὴν
2456 4457 2765 4513 Χαναναίαν
2806 4458 3021 4531 ἐκείνην
3044 4459 3143 4531 τὴν
3185 4462 3471 4519 Φοίνισσαν
3513 4466 3670 4524 διδά-

2091 4547 2290 4603 σκαλον
2344 4548 2634 4619 ἐπιστῆσαι
2689 4548 2765 4619 τῷ
2815 4549 3189 4623 μισανθρώπῳ
3244 4552 3514 4626 πλουσίῳ,
3571 4557 3670 4614 λέ-

2084 4654 2287 4707 γουσαν
2318 4637 2502 4692 ἐκεῖνα
2529 4638 2599 4692 τὰ
2632 4639 3025 4712 γεγραμμένα·
3059 4643 3166 4711 ὄτι,
3189 4639 3261 4697 Ὦ
3288 4645 3527 4721 άλάστορ
3568 4651 3670 4705 καὶ

2084 4739 2423 4812 ὑπερήφανε,
2455 4738 2556 4793 καὶ
2598 4739 2673 4794 τὰ
2726 4740 2980 4811 κυνάρια
3020 4743 3208 4799 ἐσθίει
3239 4745 3360 4800 ἀπὸ
3405 4745 3525 4802 τῶν
3560 4753 3669 4819 ψι-

2082 4832 2230 4899 χίων
2278 4830 2398 4884 τῶν
2455 4833 2800 4886 πιπτόντων
2852 4833 2969 4888 ἀπὸ
3028 4833 3141 4904 τῆς
3205 4836 3493 4907 τραπέζης
3540 4841 3668 4898 τῶν

2079 4922 2303 4991 κυρίων
2333 4923 2565 4979 αὐτῶν·
2609 4926 2674 4979 σὺ
2703 4926 2761 4980 δὲ
2791 4926 2883 4980 τὸν
2916 4926 3146 4999 ἀδελφόν
3178 4946 3294 4996 σου,
3323 4930 3412 4985 τὸν
3447 4932 3667 5004 ὁμόφυ-

2076 5024 2188 5092 λον,
2228 5023 2433 5097 ταύτης
2466 5026 2565 5098 τῆς
2599 5026 2809 5100 δωρεᾶς
2844 5028 2944 5082 οὐκ
2987 5027 3258 5099 ἡξίωσαςς
3295 5031 3438 5085 ‘AD.’
3465 5036 3517 5087 οί
3553 5036 3664 5106 μὲν

2077 5141 2242 5191 κυνες
2282 5127 2557 5199 ἐπιμελῶς
2597 5129 2905 5201 ἐτρέφοντο,
2954 5133 3077 5185 κατ’
3118 5132 3256 5188 ίδίαν
3291 5134 3343 5189 oi
3370 5133 3620 5205 φύλακες
3644 5180 3661 5207 ,

2076 5220 2247 5292 χωρὶς
2272 5221 2323 5274 οἱ
2349 5219 2642 5293 θηρευταί’
2675 5223 2771 5276 καὶ⁵
2800 5222 3000 5297 στέγης
3042 5223 3291 5293 ἠξιοῦντο
3316 5228 3411 5281 καὶ
3426 5227 3660 5303 “κλίνης,

2076 5314 2171 5367 καὶ
2240 5312 2584 5387 θεραπευτὰς
2644 5309 2792 5387 εἶχον
2869 5314 3435 5390 ἀποκεκληρωμένους
3506 5325 3659 5378 κατὰ

2077 5406 2346 5479 σπουδήνο
2386 5406 2613 5479 ἔρριπτο
2641 5406 2699 5460 δὲ
2738 5408 2914 5480 χαμαὶ
2951 5409 2985 5480 ή
3027 5408 3120 5463 τοῦ
3155 5409 3290 5463 Θεοῦ
3316 5396 3486 5466 ἐἰκὼν
3522 5413 3659 5484 άμε-

394 5516 521 5557 cum
551 5503 768 5560 interim
798 5503 946 5561 humi
974 5504 1217 5577 neglecta
1234 5504 1443 5575 iaceret
1469 5511 1633 5572 atque
1654 5501 1965 5559 calcaretur

2134 5498 2307 5571 υμένη
2351 5500 2446 5553 καὶ
2484 5497 2821 5571 πατουμένη,
2868 5500 2935 5573 ἠν
2980 5499 3087 5573 ἰδίᾳ
3140 5502 3287 5573 χειρὶ
3316 5503 3347 5556 ό
3374 5502 3486 5557 τῶν
3514 5505 3659 5562 ὅλων

396 5592 494 5651 Dei
524 5595 722 5668 imago,
758 5611 926 5668 quam
962 5611 1123 5654 manu
1162 5612 1263 5655 sua
1307 5595 1784 5669 prastantissimus
1834 5596 1965 5653 arti-

468 5798 491 5831 ⁶
518 5797 705 5859 Iatth.
730 5814 820 5872 xv,
849 5799 940 5856 ‘27.

2070 5598 2453 5671 ἁριστοτέχνης
2507 5597 2602 5654 καὶ
2649 5598 2981 5673 δημιουργὸς
3044 5601 3413 5663 διεπλάσατο·
3460 5606 3518 5661 ετ
3579 5625 3658 5683 τῳ
