3810 6316
113 383 202 438 173

1125 378 1411 436 ΗΟΜΙΙᾸΔ
1449 377 1469 432 ι
1506 377 1592 431 DE
1628 375 1856 434 DlVlTE
1897 373 1983 430 ET
2023 375 2320 433 LAZARO.

3243 372 3350 433 ιιι

110 500 329 569 Mariis-7;;
385 496 700 565 ἀξιόπιστος
756 495 1144 568 τεκμηριῶσας
1201 497 1309 550 τῶν
1369 494 1670 568 ἀνθρώπων

1796 495 1858 546 ’ex
1887 508 1952 548 ac
1982 494 2162 548 mundi
2196 503 2382 549 auctor
2410 492 2650 550 condidit
2682 495 2723 560 ⁷,
2771 506 2828 549 ιιι
2870 495 2952 549 cui
2984 493 3194 564 Moyses
3227 495 3348 552 ido-

111 595 190 662 τὴν
216 591 448 659 γένεσιν.

123 806 132 811 -
172 770 227 822 Εἰ
263 768 359 838 μὲν
387 761 483 821 οὖν
520 767 878 838 ἐτελεύτησεν
915 764 1079 837 μέχρι
1106 764 1300 818 τούτου
1343 764 1406 818 τὸ
1438 765 1531 818 τοῦ
1561 767 1670 818 Λα-

113 863 255 931 ζάρου
290 863 562 933 διήγημα,
597 862 696 914 καὶ
726 861 904 925 οὕτως
933 859 1045 932 εἶχε
1096 861 1204 914 τῶν
1256 860 1596 931 πραγμάτων
1638 861 1671 930 ή

117 954 270 1020 φύσις,
310 953 388 1014 ὡς
419 956 487 1022 τῇ
519 952 808 1023 ἀνωμαλίᾳ
848 951 941 1004 τοῦ
990 951 1106 1021 βίου
1141 950 1328 1004 τούτου
1378 951 1478 1023 τὴν
1528 950 1673 1021 ζωὴν

113 1043 246 1111 ἡμῶν
287 1041 752 1111 περιγράφεσθαι,
797 1039 1035 1111 μεγάλας
1069 1039 1136 1092 ἂν
1185 1039 1376 1109 ἀφῆκα
1426 1039 1673 1109 σχετλιά-

116 1134 204 1197 Cm
235 1133 422 1200 φωνάς
442 1149 457 1162 ⁸
506 1133 594 1202 ἐφ’
621 1130 704 1195 οἷς
734 1133 784 1184 οί
823 1130 1133 1194 κτισθέντες
1171 1131 1470 1200 ὁμοτίμως,
1502 1129 1674 1195 οὕτως

115 1225 288 1287 ἀνίσως
339 1225 478 1294 μετὰ
528 1225 638 1276 τῶν
697 1223 983 1294 ὁμοφύλων
1035 1224 1334 1294 διάγομεν·
1370 1223 1559 1294 ἐπειδὴ
1615 1225 1675 1277 δὲ

116 1317 232 1369 καλά
275 1315 341 1368 τὰ
375 1316 674 1386 λειπόμενα
710 1317 848 1387 πρὸς
895 1315 1180 1386 ἀκρόασιν.
1226 1318 1284 1368 ὲν
1313 1319 1425 1378 τοῖς
1473 1316 1677 1387 παρελ-

118 1408 246 1460 θοῦσι
291 1407 557 1472 στενάξας
579 1447 592 1471 ,
633 1408 662 1459 ὁ
693 1406 882 1476 πένης,
932 1408 989 1458 ὲν
1021 1409 1133 1470 τοῖς
1180 1405 1492 1470 ἀκολούθοις
1525 1405 1678 1459 εὐθύ·

120 1517 286 1571 μήσον,
336 1499 530 1571 μαθὼν
570 1499 667 1552 τοῦ
723 1497 1053 1570 συμπτώχου
1104 1517 1198 1552 σου
1245 1500 1345 1571 τὴν
1399 1501 1676 1572 μακαρίαν

118 1593 416 1645 ἀπόλαυσιν.
464 1592 738 1662 Εὑρήσεις
793 1592 899 1662 γὰρ
946 1591 1155 1644 δικαίου
1213 1591 1400 1663 κριτοῦ
1452 1592 1678 1663 ἀκριϐὲς

117 1684 462 1754 δικαστήριον,
487 1686 546 1737 ἐν
569 1678 613 1752 ᾧ
639 1683 884 1748 στενάζει
911 1685 938 1736 ὁ
966 1684 1340 1756 ἡδυπαθήσας,
1369 1685 1466 1738 καὶ
1499 1686 1678 1756 τρυφᾷ

119 1776 463 1845 ίμοχθήσας·
530 1776 790 1846 ἑκάτερος
818 1775 874 1828 δὲ
916 1775 1199 1847 κομίζεται
1243 1774 1311 1830 τὰ
1353 1774 1490 1847 πρὸς
1522 1775 1676 1840 ἀξίαν

49 1910 58 1926 ,
119 1868 365 1938 ἐπίχειρα.

186 1959 445 2027 Ἐγένετο
483 1958 554 2012 δὲ
587 1956 917 2013 ἀποθανεῖν
974 1957 1083 2011 τὸν
1127 1956 1388 2026 πτωχὸν,
1435 1957 1533 2011 καί
1564 1957 1676 2010 ἀπ-

117 2050 416 2117 ενεχθῆναι
475 2049 596 2104 ὑπὸ
660 2047 780 2102 τῶν
841 2047 1108 2118 ἀγγέλων
1166 2049 1254 2113 εὶς
1307 2047 1416 2100 τὸν
1451 2047 1685 2100 κόλπον

131 2141 380 2212 Ἆεραάμ.
423 2142 591 2212 Ὁρᾷς
633 2143 763 2203 τοὺς
805 2138 1151 2202 διακονιστὰς
1193 2137 1288 2191 τοῦ
1337 2137 1547 2191 δικαίου
1593 2138 1686 2191 καὶ

119 2235 350 2307 πένητος,
379 2237 476 2289 καὶ
505 2236 633 2297 τοὺς
668 2233 948 2305 ὑπηρέτας
979 2232 1078 2302 τῆς
1110 2232 1527 2302 μεταστάσεως;
1561 2232 1687 2300 ’Ἀγ-

120 2326 248 2394 γελοι
292 2325 408 2397 γὰρ
449 2325 837 2396 ἐδορυφόρουν,
873 2321 1103 2392 γαληνόν
1136 2338 1197 2375 τε
1235 2321 1332 2375 καὶ
1385 2323 1560 2393 πρᾶον
1605 2323 1686 2385 εἰς

122 2418 259 2468 αὑτὸν
292 2416 607 2486 βλέποντες,
636 2417 730 2469 καὶ
762 2414 840 2484 τῷ
878 2415 1117 2485 σχήματι
1159 2413 1556 2483 προδηλοῦντες
1587 2413 1686 2482 τὴν

121 2509 480 2577 ἁναμένουσαν
521 2506 685 2560 αὑτὸν
719 2505 1014 2578 θεραπείαν
1060 2505 1154 2558 καὶ
1187 2505 1390 2560 ἄνεσιν.
1433 2506 1684 2579 Ἐνετέθη

121 2598 168 2649 δὲ
190 2597 469 2667 κομισθεὶς
498 2598 614 2660 τοῖς
639 2596 860 2659 κόλποις
874 2594 968 2650 τοῦ
1007 2594 1375 2668 πατριάρχου·
1403 2595 1432 2648 ὃ
1465 2597 1556 2650 καὶ
1573 2597 1688 2650 δια-

124 2690 394 2758 πορήσεως
415 2687 672 2758 ἀφορμὴν
712 2687 941 2758 παρέχει
970 2690 1082 2751 τοῖς
1111 2689 1283 2760 ἡδέως
1313 2689 1382 2742 τά
1413 2687 1549 2760 βάθη
1581 2689 1688 2742 τῶν

127 2781 334 2852 Γραῴν
366 2779 769 2852 βασανίζουσιν.
794 2782 857 2834 Εἰ
885 2781 995 2854 γὰρ
1025 2783 1135 2844 πᾶς
1161 2781 1429 2834 τελευτῶν
1483 2781 1690 2844 δίκαιος

128 2876 245 2945 πρὸς
296 2875 393 2927 τὸν
424 2874 586 2927 αὐτὸν
633 2871 912 2943 κομίζοιτο
957 2873 1140 2935 τόπον,
1172 2872 1338 2936 πολύς
1376 2889 1459 2937 τις
1493 2871 1558 2925 ἂν
1603 2871 1690 2942 εἴη

128 2967 208 3016 καὶ
234 2966 315 3018 ἐπ’
341 2965 574 3036 ἄπειρον
605 2963 999 3035 ἀνηπλωμένος
1036 2966 1064 3017 ό
1088 2963 1306 3031 κόλπος,
1332 2963 1384 3014 εἰ
1410 2980 1472 3033 γε
1509 2963 1691 3034 μέλλοι

127 3057 415 3128 χωρητικδς
457 3056 678 3109 ἔσεσθαι
725 3055 821 3109 τοῦ
860 3056 1096 3128 πλήθους
1135 3057 1245 3110 τῶν
1277 3057 1439 3112 ὁσίων
1469 3058 1686 3122 παντός.

130 3149 180 3200 Ei
220 3149 274 3201 δὲ
306 3147 469 3202 τοῦτο
510 3147 796 3212 παντελῶς
834 3149 1115 3219 ἀμήχανον
1151 3149 1372 3220 (κόλπος
1420 3151 1529 3221 γὰρ
1570 3168 1684 3204 κοι-

129 3239 318 3305 mea;
395 3241 572 3312 ἄνδρα
629 3241 729 3312 μὲν
780 3241 874 3295 καὶ
928 3242 1025 3294 ἕνα
1075 3241 1386 3313 δυσχερῶς,
1435 3244 1586 3314 μόλις
1632 3243 1688 3296 δὲ

129 3333 208 3386 δύο
238 3333 580 3405 περιστέλλει
609 3332 831 3405 βρέφη),
862 3332 1064 3404 θεωρία
1095 3351 1179 3398 τις
1213 3335 1360 3405 ἡμᾶς
1387 3336 1692 3407 ἐκδέχεται,

128 3427 184 3493 τῇ
215 3425 376 3478 εικόνι
421 3424 520 3478 τοῦ
570 3423 830 3495 αἰσθητοῦ
879 3424 1106 3490 κόλπου,
1153 3425 1288 3496 πρὸς
1335 3428 1530 3498 νοητήν
1574 3445 1694 3483 τινα

132 3517 498 3587 πραγματείαν
552 3516 989 3588 χειραγωγοῦσα.
1031 3517 1096 3569 Τί
1131 3516 1240 3588 γάρ
1285 3519 1402 3570 ἐστι
1450 3518 1510 3570 τὸ
1545 3518 1696 3589 λεγό-

133 3626 304 3678 μενον*
348 3610 410 3665 Ὁ
465 3609 752 3682 Ἀϐραὰμ,
808 3609 992 3678 φησὶν,
1045 3608 1365 3677 ἀποδέχεται
1425 3609 1549 3673 τοὺς
1602 3610 1694 3662 τὸν

131 3701 492 3755 ἀπολίτευτον
558 3701 831 3772 ζήσαντας
879 3700 1032 3771 βίους
1080 3700 1214 3754 Εἰπὲ
1266 3701 1469 3765 τοίνυν,
1514 3695 1559 3754 ὧ
1609 3684 1723 3754 θε-’

133 3791 300 3844 σπέσιε
345 3793 537 3846 Λουκᾶ
572 3790 668 3860 (ὡς
709 3791 848 3861 πρὸς
893 3790 1138 3860 παρόντα
1179 3789 1288 3862 γάρ
1323 3807 1382 3843 σε
1421 3789 1515 3843 καὶ
1559 3790 1697 3863 δρώ-

137 3897 277 3949 μενον
306 3881 670 3951 διαλέξομαι),
698 3881 787 3934 διὰ
823 3880 876 3932 τί
911 3880 1120 3934 πολλῶν
1159 3881 1328 3935 ὅντων
1352 3881 1574 3936 δικαίων
1602 3882 1697 3936 καὶ

135 3974 503 4046 πρεσὼτέρων
547 3973 643 4028 τοῦ
680 3974 958 4045 Ἀϐραάμ,
1004 3974 1209 4045 ταύτην
1254 3975 1363 4029 τῶν
1409 3974 1696 4046 μεθηλικε-

137 4065 322 4135 στέρων
374 4067 477 4137 τὴν
544 4066 712 4137 τιμήν
784 4066 1185 4139 άπεκλήρωσας
1212 4106 1226 4131 ,
1276 4068 1558 4138 σιωπήσας
1605 4068 1697 4120 τὸν

145 4156 318 4226 Ἑνὼχ,
366 4159 460 4211 τὸν
504 4157 652 4217 Νῶε,
686 4158 782 4211 καὶ
815 4157 867 4210 εἴ
907 4176 991 4222 τις
1039 4158 1196 4222 ἄλλος
1251 4158 1394 4211 κατά
1437 4157 1528 4214 τὸν
1585 4159 1698 4229 βίον

133 4248 323 4314 τούτοις
375 4250 702 4314 ἀκόλουθοςς
744 4249 904 4304 Ἀλλά
953 4267 1048 4303 σου
1099 4249 1244 4321 τάχα
1301 4251 1557 4322 συνίημι,
1605 4251 1699 4304 καὶ

135 4340 222 4392 οὐκ
262 4341 364 4406 ἔξω
417 4342 602 4413 βάλλει
650 4340 746 4394 τοῦ
795 4341 998 4396 σκοποῦ
1042 4341 1079 4395 ἃ
1131 4341 1437 4413 λογίζομαι.
1480 4342 1697 4416 Ἐπειδὴ

135 4430 230 4502 γὰρ
257 4433 286 4486 ό
323 4433 582 4504 Ἀϐραάμ
615 4431 869 4503 θεράπων
913 4432 1176 4503 Χριστοῦ,
1210 4433 1302 4488 καὶ
1334 4433 1698 4506 διαφερόντως

136 4516 273 4586 οὗτος
318 4525 628 4596 ἀνθρώπων
673 4524 742 4577 τὰ
777 4524 880 4593 τῆς
944 4522 1037 4578 τοῦ
1087 4523 1322 4596 Χριστοῦ
1374 4525 1699 4594 ἐπιφανείας

137 4612 354 4682 ἐδέξατο,
383 4619 481 4671 καὶ
509 4616 570 4670 τὸ
599 4616 702 4686 τῆς
735 4615 964 4686 Τριάδος
1004 4617 1301 4688 μυστήριον
1334 4615 1534 4681 ἱκανῶς
1569 4619 1699 4688 ἡμῖν

140 4707 188 4760 ὲν
212 4711 272 4779 τῇ
312 4711 485 4780 σκηνῇ
531 4707 625 4761 τοῦ
664 4707 924 4779 γέροντος
950 4705 1142 4760 τούτου
1173 4703 1504 4778 διετυπὼθη,
1537 4707 1702 4778 ἦνικα

138 4801 247 4864 τοὺς
276 4806 426 4876 τρεῖς
455 4801 727 4872 ἀγγέλους
759 4801 834 4866 ὼς
868 4799 1069 4871 ἄνδρας
1113 4799 1426 4871 ὁδοιπόρους
1464 4799 1700 4866 ἐξένισεο

143 4893 222 4943 καὶ
245 4893 427 4959 ἁπλῶς
463 4895 530 4946 ὲκ
580 4890 793 4948 πολλῶν
827 4891 1102 4963 μυστικῶν
1135 4891 1474 4963 αἰνιγμάτων
1506 4893 1704 4957 οἰκεῖος

143 4980 405 5054 ἄνθρωπος
456 4977 617 5047 οὗτος
666 4982 959 5053 γεγένηται
1013 4981 1108 5036 τοῦ
1161 4980 1318 5048 Θεοῦ,
1348 4981 1442 5034 τοῦ
1489 4981 1702 5054 χρόνοις

145 5071 344 5146 ὕστερον
376 5074 794 5147 ἀμφιεσαμένου
817 5075 917 5145 τὴν
949 5073 1145 5145 σάρκα,
1173 5073 1269 5128 καὶ
1303 5072 1391 5126 διὰ
1419 5073 1586 5144 μέσου
1607 5073 1701 5128 τοῦ

144 5165 472 5238 ἀνθρωπικοῦ
513 5166 709 5222 τούτου
754 5166 1258 5237 παραπετάσματος
1298 5165 1542 5236 ἐναργῶς
1581 5168 1704 5237 όμι-

146 5255 382 5325 λήσοντος
401 5263 520 5325 τοῖς
548 5257 884 5332 ἀνθρὼποις’
902 5259 989 5313 διά
1009 5259 1186 5323 τοῦτο,
1209 5256 1301 5310 τὸν
1321 5256 1517 5310 κόλπον
1541 5258 1705 5312 αὐτοῦ

149 5343 243 5401 οἷον
276 5353 445 5418 είιβιόν
477 5373 600 5408 τινα
631 5353 827 5424 λιμένα
861 5353 955 5406 καὶ
1001 5351 1266 5406 ἄκλυστον
1297 5349 1704 5421 ἀναπαυτήριον

205 5489 223 5520 ⁷
254 5488 381 5544 Gen.
423 5471 617 5555 ":27.

214 5616 278 5686 (6)
317 5619 580 5689 Sequion's
611 5620 787 5675 (etatis
807 5619 1028 5681 homini,
1060 5617 1179 5672 τῶν
1195 5618 1710 5688 μεθηλικεστέρων

156 5685 588 5758 ἀπεκλιῶωσας.
641 5691 726 5744 Sit
760 5690 898 5744 forte
943 5689 1021 5760 τῷ
1053 5685 1514 5760 μεθηλικεστέρῳ.
1563 5685 1708 5756 Quo-

159 5761 294 5811 modo
324 5763 451 5814 nihil
482 5763 846 5830 supplendum
873 5768 966 5813 aut
994 5759 1213 5814 durum.
1269 5759 1492 5814 Videtur
1539 5761 1706 5814 inter-

162 5840 264 5892 pres
307 5844 421 5885 eam
469 5847 661 5888 vocem
717 5833 994 5886 contrario
1048 5845 1208 5888 sensu
1266 5831 1582 5897 reddidisse,
1643 5845 1707 5885 ac

1775 600 1908 638 neus
1943 599 2006 641 ac
2060 585 2164 639 fide
2215 586 2405 656 dignus
2449 587 2687 658 scriptor
2727 588 2975 644 videatur
3013 587 3214 644 conditi
3245 586 3348 645 hoc

1773 676 1954 730 minis.

1845 767 2002 835 Quod
2056 768 2101 822 si
2151 768 2239 823 hic
2275 769 2379 824 loci
2415 770 2641 827 historia
2673 771 2864 827 Lazari
2896 772 3123 829 haberet
3161 773 3347 840 finem,

1774 859 1961 929 sicque
2004 875 2184 915 rerum
2231 869 2422 916 natura
2465 861 2652 926 ferret,
2695 873 2752 917 ut
2794 873 2902 919 tam
2938 865 3148 920 diversa
3183 880 3247 919 ac
3275 865 3352 920 in-

1783 951 1974 1018 aequali
2000 961 2165 1015 sorte,
2195 951 2446 1006 humana:
2487 953 2607 1008 vitae
2641 957 2968 1010 curriculum
3003 957 3346 1020 dellniretur.

1773 1042 1880 1095 alta
1927 1055 2060 1097 sane
2104 1057 2167 1097 ac
2199 1054 2409 1098 exserta
2442 1059 2571 1099 roce
2605 1046 3002 1116 deplangerem,
3042 1049 3185 1118 quod
3230 1049 3349 1117 pari

1777 1133 1983 1187 honore
2009 1134 2232 1200 conditi,
2265 1150 2433 1206 usque
2469 1137 2604 1193 adeo
2634 1137 2988 1208 inaequalibus
3023 1139 3195 1196 modis
3225 1155 3348 1195 cum

1776 1227 2058 1281 tribulibus
2103 1243 2407 1299 ageremus.
2460 1229 2765 1293 Enimvero,
2819 1247 2940 1286 cum
2985 1246 3046 1286 ea
3092 1248 3210 1302 qua:
3264 1246 3354 1287 re-

1777 1325 1922 1369 stant
1950 1317 2132 1370 auditu
2163 1318 2418 1386 praeclara
2452 1320 2579 1383 sint,
2600 1320 2949 1390 qui.pauper,
2980 1322 3350 1392 superiOribus

1777 1407 2124 1478 adgemuisti,
2167 1410 2309 1464 bono
2349 1411 2599 1481 deinceps
2621 1422 2740 1467 esto
2771 1414 2968 1476 animo,
3004 1413 3244 1483 ejusdem
3271 1423 3355 1468 te»-

1777 1514 1898 1552 cum
1934 1501 2097 1556 sortis
2123 1505 2376 1572 pauperis
2408 1506 2730 1559 condiscens
2761 1503 3174 1560 beatitudinem.
3201 1505 3356 1560 Corn-

1777 1590 1953 1658 peries
1974 1591 2116 1647 enim
2161 1592 2292 1662 justi
2322 1593 2519 1661 judicis
2543 1608 2789 1651 exactum
2825 1597 3078 1663 tribunal,
3122 1598 3220 1652 sub
3247 1611 3356 1666 quo

1778 1681 2115 1752 voluptarius
2137 1684 2223 1738 ille
2249 1695 2432 1755 gemat
2452 1701 2514 1742 ac
2541 1688 2715 1757 ploret
2739 1728 2755 1754 ,
2780 1689 3186 1758 mendicusque,
3214 1690 3354 1744 bene

1780 1789 1842 1827 ac
1887 1774 2109 1844 pulchre
2164 1776 2408 1843 habeat,
2465 1794 2529 1836 ac
2581 1771 2906 1852 condignum
2952 1791 3179 1852 uterque
3219 1797 3356 1853 pras-

1709 1853 1753 1908 B
1784 1869 1948 1922 mium
1985 1869 2141 1923 ferat.

1855 1958 1903 2012 F
1906 1970 2082 2014 actum
2115 1972 2188 2016 est
2217 1972 2392 2016 antem
2419 1972 2478 2017 ut
2506 1974 2798 2018 moreretur
2837 1966 3106 2020 mendicus
3135 1976 3183 2020 et
3234 1980 3360 2036 por-

1783 2060 1984 2104 taretur
2011 2052 2076 2104 ab
2103 2053 2302 2122 angelis
2333 2054 2387 2107 in
2416 2055 2592 2109 sinum
2625 2055 2875 2110 Abrahw.
2915 2057 3078 2113 Vides
3103 2055 3355 2127 pauperis

1784 2156 1846 2194 ac
1867 2140 1998 2208 justi
2026 2141 2278 2206 famulos,
2317 2145 2541 2214 ejusque
2590 2144 2927 2218 migrationis
2967 2148 3360 2203 administros?

1786 2234 1995 2305 Quippe
2044 2236 2217 2306 angeli
2262 2238 2520 2293 satellitio
2560 2240 2869 2311 cingebant.
2908 2241 3102 2296 blande
3143 2256 3207 2296 ac
3240 2241 3356 2310 pla-

1786 2326 1906 2380 cide
1935 2327 1989 2380 in
2023 2341 2148 2381 eum
2192 2328 2484 2396 intuentes,
2515 2331 2734 2400 orisque
2769 2333 2953 2387 habitu
2984 2334 3276 2403 repositum
3307 2333 3358 2390 ei

1789 2417 2010 2494 liuimen
2073 2435 2138 2476 ac
2198 2423 2575 2477 remissionem
2636 2424 2895 2492 pra‘ludio
2960 2425 3356 2479 monstrabant.

1786 2509 1980 2577 Porro,
2006 2511 2322 2580 deportatus
2354 2512 2464 2578 ille,
2490 2513 2542 2566 in
2573 2512 2694 2568 sinu
2731 2513 3051 2584 patriarchae
3075 2508 3360 2584 depositus

1789 2612 1870 2655 est
1899 2617 1914 2655 :
1945 2602 2086 2670 quod
2114 2603 2330 2672 quidem
2360 2604 2428 2657 iis
2460 2619 2646 2658 ansam
2675 2604 2987 2674 quaestionis
3018 2589 3242 2674 przebet,
3267 2605 3359 2672 qui

1790 2693 2036 2748 lubentes
2064 2693 2466 2763 Scripturarum
2501 2695 2768 2765 profunda
2796 2704 3126 2751 scrutantur.
3169 2695 3356 2764 Siqui-

1793 2785 1912 2838 dem
1959 2784 2101 2837 enim
2132 2783 2396 2852 justorum
2439 2785 2663 2854 quilibet
2703 2785 2811 2839 vita
2852 2786 3118 2840 excedens
3153 2785 3204 2840 in
3237 2798 3362 2840 eum

1793 2872 2034 2929 defertur
2058 2874 2256 2940 locum,
2293 2876 2626 2946 peramplum
2664 2891 2795 2931 sane
2824 2891 2890 2932 ac
2925 2877 3207 2932 immensis
3239 2891 3365 2945 spa-
3437 2908 3445 2923 ι

1768 2966 1884 3019 ιιίἰε
1933 2966 2225 3022 distentum
2269 2967 2444 3021 sinum
2501 2967 2644 3022 hunc
2691 2977 2903 3037 oportet
2949 2983 3089 3033 esse,
3133 2979 3188 3021 ut
3220 2969 3270 3022 in
3298 2982 3365 3024 eo

1793 3063 2102 3110 sanctorum
2135 3057 2314 3111 omnis
2346 3057 2634 3110 multitudo
2669 3058 2992 3112 continenda
3025 3059 3112 3112 sit.
3145 3058 3276 3113 Cum
3309 3059 3362 3113 id

1794 3159 1925 3200 vero
1954 3160 2175 3214 prorsus
2213 3147 2331 3202 fieri
2366 3156 2597 3217 nequeat
2629 3148 2802 3219 (sinus
2841 3151 2982 3204 enim
3023 3152 3366 3218 quantumvis

1794 3252 1956 3294 cavus
1986 3248 2040 3292 et
2083 3253 2274 3308 capax,
2325 3238 2408 3293 vel
2469 3255 2632 3293 unum
2679 3254 2822 3310 aegre
2869 3240 3084 3309 virum,
3137 3242 3369 3296 infantes

1794 3330 1880 3382 vix
1935 3329 2069 3385 duos
2119 3329 2568 3398 complectatur):
2604 3331 2832 3402 mystica
2871 3334 3113 3401 quaedam
3166 3333 3367 3387 intelli-

1797 3421 1976 3492 gentia
2007 3421 2264 3488 occurrit,
2315 3421 2636 3489 sensilisque
2679 3422 2830 3477 sinus
2872 3423 3124 3492 imagine,
3149 3424 3214 3478 ad
3243 3440 3367 3478 sen-

1797 3527 1889 3567 sus
1919 3511 2179 3581 spiritalis
2209 3511 2496 3566 medullam
2536 3526 2693 3565 manu
2727 3511 2894 3566 ducit.
2925 3512 3064 3578 Quid
3099 3515 3241 3567 enim
3278 3514 3366 3567 hic

1798 3603 2029 3658 dicitur?
2059 3601 2322 3658 Nimirum
2350 3604 2625 3673 suscipere
2653 3602 2924 3658 Abraham
2965 3616 3061 3657 eos
3107 3603 3197 3672 qui
3233 3604 3369 3658 bene

1801 3709 1865 3750 ac
1891 3704 2036 3749 recte
2058 3694 2222 3749 vitam
2254 3693 2622 3749 instituerunt.
2650 3697 2762 3764 Age
2789 3694 2991 3764 itaque,
3016 3695 3198 3751 divine
3219 3694 3363 3750 Luca

1799 3789 1945 3859 (nam
1973 3787 2118 3842 velut
2145 3779 2462 3858 prmséntem
2491 3797 2542 3841 te
2568 3801 2630 3842 ac
2656 3789 2725 3842 ob
2751 3785 2934 3841 oculos
2962 3786 3192 3857 positum
3220 3802 3370 3842 com-

1800 3878 2068 3951 pellabo);
2101 3879 2230 3946 quid
2257 3893 2454 3946 causae,
2485 3888 2543 3932 ut
2571 3878 2752 3933 multis
2779 3879 2944 3949 justis
2970 3894 3033 3933 ac
3061 3879 3372 3934 Abrahamo

1801 3972 2211 4040 antiquioribus,
2233 3973 2374 4027 hunc
2393 3972 2726 4041 potissimum
2745 3972 3003 4027 honorem
3021 3971 3096 4043 (6)
3109 3972 3374 4041 sequioris

1800 4064 1975 4118 anatis
2019 4062 2219 4116 homini
2257 4063 2638 4130 assignaveris,
2668 4064 2980 4132 praeteriens
3007 4063 3209 4129 Enocb,
3236 4063 3368 4130 Noe,

1810 4173 1873 4211 ac
1899 4156 1944 4210 si
1989 4158 2077 4224 qui
2137 4171 2231 4210 eos
2285 4155 2502 4225 paribus
2557 4157 2682 4210 vitaz
2735 4156 2927 4212 studiis
2980 4157 3147 4212 secuti
3204 4155 3389 4212 sunl?‘

1806 4248 2115 4312 Enimvero,
2173 4259 2407 4303 mentem
2450 4247 2562 4317 jam
2619 4259 2763 4304 tuam
2819 4249 3118 4320 intelligere
3146 4251 3371 4316 videor;

1804 4355 1905 4394 nec
1948 4341 2081 4408 abit,
2135 4350 2195 4394 ut
2249 4341 2462 4410 Opinor,
2516 4351 2668 4424 extra
2726 4355 2948 4409 scopum
3010 4341 3371 4397 ratiocinatio.

1804 4429 1956 4498 Quod
1981 4432 2124 4486 enim
2158 4432 2498 4488 Abrahamus
2527 4431 2747 4489 Christo
2773 4435 3070 4504 impensius
3098 4434 3373 4498 servierit,

1805 4523 1965 4591 eique
1989 4537 2047 4577 se
2075 4521 2184 4588 ille,
2211 4536 2322 4591 prae
2366 4523 2685 4578 mortalibus
2730 4525 2868 4588 aliis,
2917 4523 3115 4579 divinis
3158 4525 3376 4593 appari-

1807 4612 2045 4667 tionibus
2085 4613 2430 4679 revelaverit,
2470 4623 2631 4682 atque
2661 4614 2714 4668 iu
2747 4614 2891 4669 illius
2930 4614 3077 4668 senis
3127 4613 3375 4667 taberna-

1807 4705 1928 4760 culo
1983 4704 2268 4760 Trinitatis
2318 4707 2635 4777 mysterium
2715 4705 2930 4760 abunde
2983 4703 3140 4759 nobis
3186 4705 3374 4758 adum-

1804 4793 2019 4850 bratum
2064 4795 2157 4860 sit,
2204 4809 2326 4849 cum
2369 4804 2480 4850 tres
2523 4794 2741 4866 angelos
2781 4795 3018 4850 virorum
3056 4792 3374 4864 peregrino-

1805 4903 1926 4944 rum
1975 4887 2176 4956 specie,
2231 4886 2466 4956 bospitio
2515 4887 2796 4956 suscepit;
2858 4889 3001 4957 quod
3045 4887 3280 4956 denique
3304 4900 3374 4942 ex

1804 4981 2050 5052 mysticis
2081 4971 2263 5035 multis
2292 4975 2689 5051 aanigmatibus,
2719 4979 2861 5033 idem
2891 4977 2997 5046 ille,
3031 4979 3146 5044 Dei,
3173 4979 3262 5050 qui
3287 4977 3379 5033 fu-

1809 5073 1948 5128 turis
2014 5072 2358 5142 postmodum
2422 5059 2752 5141 temporibus
2810 5084 3028 5126 carnem
3093 5071 3378 5128 iuduturus

1810 5174 2070 5232 essetyac
2105 5167 2282 5222 medio
2318 5165 2672 5222 humanitatis
2701 5165 2820 5220 velo
2845 5165 3020 5236 palam
3048 5182 3171 5222 cum
3201 5166 3378 5221 homi-

1812 5259 1972 5313 nibus
2022 5267 2167 5315 esset
2213 5269 2545 5325 versaturus,
2591 5261 2931 5316 necessarius
2980 5261 3380 5327 quodammodo

1811 5365 1876 5406 ac
1906 5349 2191 5407 familiaris
2235 5350 2459 5407 eﬂ‘cctus
2507 5353 2607 5419 sit;
2665 5353 2870 5408 idcirco
2892 5353 3009 5424 ejus
3041 5354 3239 5418 sinum,
3283 5366 3381 5406 ceu

1817 5619 1964 5673 velut
1992 5634 2104 5671 aevo
2143 5619 2475 5691 superiorem
2512 5619 2863 5689 significaret,
2897 5622 3037 5691 quod
3067 5622 3202 5675 Satis
3226 5634 3384 5672 auso-

1817 5705 1943 5744 num
1970 5700 2069 5742 est.
2108 5689 2222 5741 Alia
2252 5700 2335 5742 est
2363 5691 2442 5743 vis
2473 5694 2876 5759 propositionis,
2909 5689 3027 5746 cum
3058 5692 3124 5745 de
3165 5699 3382 5759 aetatum

1819 5761 2171 5832 alternatione
2231 5757 2891 5832 dicitur,'uabrjktxiwstg
2936 5773 2990 5818 et
3039 5757 3384 5832 μεθήλικιοῦ-

1819 5831 1963 5894 σθαι,
1995 5830 2218 5899 singulis
2249 5831 2547 5902 quibusque
2577 5830 2890 5901 septenniis.
