3820 6322
448 350 550 410 ns
1707 353 1766 411 s.
1808 352 2078 408 ASTERII
2116 353 2420 409 AMASENI
3433 323 3435 325 ’
3588 353 3705 409 ne

451 469 797 539 tranquillum
821 471 1103 540 quemdam
1148 480 1382 539 portum.
1426 481 1587 540 atque
1633 471 1698 524 ab
1737 470 1880 525 omni
1917 469 1959 523 ιιι

2200 487 2253 524 αι
2303 470 2408 524 τῶν
2439 467 2658 522 δικαίων
2688 467 2870 537 φησίν.
2907 467 2996 520 Ἐν
3043 464 3262 538 Χριστῷ
3311 465 3420 538 γὰρ
3469 467 3704 522 πάντων

448 573 630 617 ctuum
658 563 948 631 agitatione
977 563 1216 631 quietum
1268 562 1468 628 locum,
1511 562 1665 617 dicit.
1706 560 1762 616 In
1795 561 1952 617 Chris

2191 564 2273 616 ,ῶν
2290 565 2323 634 ἡ
2343 562 2584 634 σωτηρία
2597 561 2692 614 καὶ
2709 562 2742 632 ἡ
2762 559 3034 630 ἀπεκδοχὴ
3055 559 3148 614 τοῦ
3175 558 3454 632 μέλλοντος
3470 561 3699 626 αἰῶνος,

448 655 612 718 enim,
639 663 881 708 nostrum
898 653 1136 707 omnium
1158 651 1302 707 salus
1318 661 1418 719 est,
1438 666 1501 708 ac
1524 667 1644 723 spes
1660 653 1956 723 exspectati

2221 658 2284 710 ὲκ
2315 657 2414 726 τῆς
2452 654 2653 725 σαρκὸς
2683 652 2778 706 τοῦ
2813 653 3065 726 Ἀϐραὰμ
3118 652 3258 706 κατά
3287 651 3385 722 τὴν
3415 652 3703 724 ἀνθρωπο-

450 762 557 816 que
592 745 756 800 tnturi
787 746 992 810 saeculi,
1027 746 1116 815 qui
1153 743 1446 800 secundum
1483 745 1774 799 humanam
1807 744 1957 799 serie

2192 765 2216 801 ν
2257 745 2576 800 ἀκολουθίαν
2620 745 3002 816 βλαστήσαντι.
3040 743 3150 798 Καί
3187 761 3275 815 μοι
3308 744 3455 797 δοκεῖ
3490 746 3522 815 ἡ
3560 745 3700 816 περὶ

448 853 514 892 ex
562 853 724 893 carne
766 837 1056 891 Abrahami
1106 850 1330 906 germen
1404 835 1829 905 prodiit:atque
1880 835 1956 890 adt

2189 856 2206 890 ι
2229 838 2458 908 γέροντα
2486 836 2675 889 τοῦτον
2712 835 2846 907 τιμὴ
2902 837 2983 900 εἰς
3029 836 3121 889 τὸν
3153 836 3381 906 Σωτῆρα
3419 835 3517 905 τὴν
3551 836 3697 888 ἀνα-

448 925 717 987 existimo,
751 925 849 980 viri
877 925 1023 979 senis
1050 925 1306 979 honorem
1334 932 1388 978 et
1411 925 1574 978 decus
1598 923 1649 977 in
1682 924 1956 980 Salvatore

2191 928 2288 998 ράν
2321 927 2487 998 ἔχειν,
2513 927 2604 980 τὸν
2633 927 2825 998 κριτὴν
2865 927 2993 979 ὄντα
3022 927 3116 980 καὶ
3151 925 3550 997 μισθαποδότην
3583 925 3693 995 τῆς

444 1016 672 1081 referri,
702 1015 794 1086 qui
827 1024 909 1071 est
932 1015 1094 1086 judex
1128 1029 1189 1069 ac
1215 1013 1522 1082 praemiator
1545 1013 1778 1078 virtutis,
1811 1012 1952 1083 justo

2178 1021 2331 1092 ιετῆς,
2371 1021 2464 1074 καὶ
2495 1023 2561 1090 τῇ
2591 1019 2958 1090 θεραπευτικῇ
3003 1021 3154 1090 φωνῇ
3193 1017 3686 1089 προσκαλούμενον

447 1122 554 1176 que
603 1107 796 1163 blanda
839 1105 925 1161 illa
973 1121 1036 1160 ac
1079 1104 1398 1160 demulcenti
1443 1118 1572 1159 voce
1617 1103 1955 1174 compellat,;

2185 1115 2238 1178 bc;
2267 1113 2521 1176 δικαίους,
2555 1114 2648 1166 καὶ
2678 1113 2904 1180 λέγοντα
2923 1130 2935 1142 ·
2973 1113 3172 1177 Δεῦτε,
3211 1114 3264 1164 οἱ
3289 1110 3693 1180 εὐλογημένοι

446 1198 618 1254 dicit:
659 1196 863 1262 Venite,
894 1196 1149 1250 benedicti
1195 1192 1376 1250 Patris
1417 1194 1541 1258 mei,
1584 1194 1842 1264 possidete
1865 1211 1954 1264 par

2192 1204 2222 1259 ὖ
2270 1207 2501 1272 Πατρός
2537 1221 2688 1274 μου·
2739 1203 3232 1274 κληρονομήσατε
3277 1202 3394 1271 τὴν
3444 1204 3700 1272 ἡτοιμα-

444 1301 556 1344 tum
583 1289 722 1344 vobis
752 1305 966 1360 regnum
992 1289 1038 1344 ⁸.

2115 1301 2348 1369 σμένην
2382 1298 2525 1368 ὑμῖν
2557 1299 2903 1362 βασιλείαν.

447 1399 449 1402 ‘
522 1379 747 1435 Factum
777 1390 850 1434 est
881 1392 1056 1434 autem
1088 1391 1141 1432 ut
1175 1390 1698 1447 paupermoreretur.
1731 1381 1845 1434 Duo
1877 1396 1955 1450 qui

2198 1391 2456 1462 Ἐγένετο
2497 1390 2565 1444 δὲ
2599 1390 2924 1445 ἀποθανεῖν
2958 1391 3067 1443 τὸν
3109 1389 3365 1458 πτωχόν.
3400 1388 3576 1458 Διπλῆ
3606 1406 3696 1452 τις

437 1473 570 1527 dam
616 1471 757 1527 circa
810 1485 1100 1540 pauperem
1141 1478 1435 1535 notantur;
1482 1487 1672 1540 nempe
1726 1485 1942 1526 necessa

2184 1485 2264 1538 τίν
2306 1486 2340 1555 ὴ
2372 1484 2498 1554 περὶ
2539 1483 2632 1536 τὸν
2666 1482 2878 1554 πτωχὸν
2922 1482 3192 1553 σημασίαο
3237 1484 3270 1553 ἡ
3315 1483 3413 1553 μὲν
3451 1482 3692 1554 δηλοῦσα

445 1571 778 1619 commeatus
811 1564 1056 1633 penuria,
1094 1573 1146 1618 et
1183 1564 1442 1617 modestia
1488 1564 1676 1630 animi,
1713 1581 1775 1618 ac
1799 1564 1945 1618 lmmi

2185 1596 2222 1630 ιν
2257 1576 2567 1645 ἀναγκαίων
2605 1576 2704 1646 τὴν
2753 1574 2956 1628 ἔνδειαν
2979 1591 2994 1605 ο
3030 1575 3064 1645 ἠ
3112 1573 3168 1627 δὲ
3219 1575 3316 1644 τὴν
3353 1591 3693 1647 μετριοιρρο-

447 1671 658 1711 morum
695 1656 1029 1724 οοηιβοείίῗοι
1079 1654 1155 1710 ΝΘ
1197 1671 1324 1726 ωἐο
1384 1657 1629 1726 (Ιυίδθυίε
1679 1673 1878 1727 Ρ³’¹Ι)θ¹“
1910 1667 2012 1723 εει,
2117 1668 2281 1738 σύνην
2314 1669 2406 1721 καὶ
2436 1667 2528 1720 τοῦ
2573 1667 2736 1737 ἠθους
2786 1666 2886 1736 τὴν
2936 1664 3317 1734 ταπεινότητα.
3361 1665 3453 1736 Μὴ
3501 1665 3691 1718 τοίνυν

448 1763 514 1804 ac
545 1749 784 1819 pecunia:
816 1748 1056 1817 indigus;
1080 1751 1381 1818 pannisque
1406 1750 1636 1815 obsitus,
1669 1750 1885 1802 virtutis
1912 1750 1954 1802 si

2184 1758 2284 1813 τῶν
2313 1757 2452 1811 ὑλῶν
2483 1757 2702 1828 ἀπόρως
2732 1755 2888 1826 ἔχων,
2927 1755 3021 1807 καὶ
3063 1753 3355 1823 πενόμενος
3396 1753 3692 1824 ἀργυρίου,

448 1840 681 1894 vindicet
719 1839 948 1902 laudem,
994 1850 1082 1892 aut
1119 1850 1415 1909 egestatem
1450 1842 1582 1895 satis
1612 1842 1808 1895 habere.
1835 1842 1951 1895 ads

2189 1849 2486 1918 ,φιεσμένος
2513 1849 2568 1900 δὲ
2596 1847 2692 1918 τὴν
2734 1845 2968 1917 ἐλεεινὴν
3013 1844 3323 1916 ἐφεστρίδα,
3368 1841 3697 1897 οίκειούσθω

447 1931 612 1986 lutem
644 1932 935 1986 existimet.
976 1929 1092 1985 Non
1132 1933 1276 1986 enim
1330 1931 1538 1985 laudem
1585 1932 1747 1987 habet
1795 1935 1884 2001 qui
1927 1950 1955 1986 n

2188 1959 2213 2005 ς
2256 1942 2455 2012 ἀρετῆς
2512 1939 2602 1992 τὸν
2651 1939 2893 2000 ἔπαινον,
2934 1937 3068 2008 μηδὲ
3111 1936 3379 2007 νομιζέτω
3427 1937 3694 2008 ἀρκέσειν

448 2025 702 2078 cessitate
725 2033 808 2077 est
834 2038 1037 2093 pauper
1067 2041 1081 2077 :
1116 2025 1208 2077 sed
1241 2023 1287 2078 is
1322 2025 1538 2078 demum
1576 2025 1628 2077 in
1660 2024 1956 2079 admiratio:

2188 2034 2264 2104 τῷ
2314 2032 2410 2102 τὴν
2461 2030 2664 2084 ἔνδειαν
2714 2030 2850 2102 πρὸς
2900 2027 3192 2099 σωτηρίαν.
3347 2028 3454 2100 γὰρ
3496 2029 3524 2080 ὁ
3569 2029 3695 2082 κατ’

447 2127 554 2180 est,
598 2117 686 2186 qui
733 2127 923 2186 sponte
960 2132 1024 2171 ac
1073 2116 1234 2172 animi
1288 2117 1531 2182 decreto,
1593 2119 1835 2174 modeste
1892 2118 1955 2173 iet

2233 2141 2362 2194 γκην
2395 2122 2688 2194 πενόμενος
2732 2122 3035 2174 ἐπαινεῖται
3055 2136 3068 2150 ⁸
3101 2120 3216 2172 ἀλλ’
3245 2099 3300 2194 ὁ(
3317 2119 3412 2189 τὴν
3464 2093 3741 2191 γνώμην]

449 2209 661 2277 Alioqui
715 2210 879 2272 enim,
941 2218 1210 2278 utcunque
1255 2209 1330 2279 (7)
1385 2226 1560 2264 rermn
1602 2212 1824 2282 penuria
1877 2211 1957 2266 lab

2190 2215 2454 2288 θαιρέτως
2541 2212 2848 2285 μετριάζων
2923 2203 3504 2282 θαυμάζεταιῘἚπεὶ
3577 2213 3697 2273 τοῖς

454 2298 718 2365 rantibus,
757 2309 813 2352 ut
859 2299 891 2351 ii
940 2299 1122 2369 pravis
1148 2299 1386 2356 moribus
1416 2301 1525 2356 sint
1559 2317 1622 2356 ac
1657 2301 1962 2356 inemendal

2180 2307 2505 2378 ιορουμένοις
2533 2307 2738 2370 ἁπλῶς,
2786 2305 2967 2376 ἔχουσι
2998 2305 3052 2356 δὲ
3093 2305 3182 2357 τὸν
3213 2303 3414 2376 τρόπον
3445 2301 3688 2371 ἀδιαγὼ-

449 2389 548 2455 ies,
574 2402 758 2444 coacta
812 2401 1100 2460 paupertas
1148 2391 1212 2445 ad
1260 2391 1426 2445 multa
1471 2407 1533 2445 ac
1579 2391 1714 2445 mala
1751 2391 1956 2446 facinor

2191 2419 2279 2454 τον
2316 2401 2348 2471 ἢ
2379 2399 2776 2471 ἀκατόρθωτον,
2820 2399 3028 2467 ἐφόδιον
3079 2397 3286 2465 γίνεται
3334 2393 3545 2449 πολλῶν
3595 2393 3695 2447 καὶ

448 2479 707 2533 viaticum
741 2481 974 2534 exsistit.
1018 2481 1160 2535 Sane
1210 2494 1359 2543 vero,
1390 2480 1435 2534 si
1473 2480 1686 2549 quando
1720 2481 1786 2533 ad
1826 2494 1956 2548 pnes

2178 2491 2368 2562 δνηρῶν
2397 2489 2758 2559 τολμημάτων
2793 2491 2826 2559 ἠ
2860 2488 2996 2558 πρὸς
3029 2488 3275 2558 ἀνάγκην
3306 2485 3686 2556 ἀκτημοσύνη.

441 2571 534 2625 -ιιὶε
562 2571 797 2624 tribunal
836 2571 1036 2625 accessi
1067 2611 1081 2635 ,
1138 2570 1402 2638 parietum
1455 2571 1949 2641 pcrfossores-omn

2187 2582 2228 2634 ιὶ
2281 2581 2486 2644 πάντας
2534 2579 2644 2649 ἐγὼ
2678 2580 2804 2642 τοὺς
2857 2577 3225 2649 τοιχωρύχους
3269 2578 3363 2630 καὶ
3418 2576 3695 2646 ἀνδραπο-

452 2680 514 2717 ac
561 2663 851 2733 plagiarios
878 2704 892 2726 ,
944 2672 1422 2733 grassatoresque,
1465 2673 1520 2718 et
1561 2663 1727 2730 iures,
1771 2679 1833 2719 ac
1875 2665 1960 2733 ipsi

2189 2671 2318 2736 ιτάς,
2357 2671 2438 2725 ἔτι
2485 2669 2588 2742 μὴν
2618 2669 2961 2734 λωποδύτας,
3007 2669 3102 2722 καὶ
3131 2668 3388 2732 κλέπτας,
3429 2668 3525 2722 καὶ
3565 2668 3697 2731 τοὺς

457 2755 779 2821 homicidas,
821 2756 1006 2824 inopes
1041 2771 1105 2810 ac
1147 2756 1424 2826 ignobiles,
1465 2758 1580 2812 sine
1613 2756 1726 2811 lare
1761 2773 1822 2812 ac
1875 2757 1965 2812 sed

2187 2760 2476 2833 δροφόνους
2511 2760 2730 2823 αὐτοὺς,
2766 2757 2820 2811 εἴ
2861 2775 2990 2812 ποτε
3033 2757 3344 2830 παρέϐαλον
3382 2758 3695 2830 ἀρχοντικῷ

452 2853 554 2906 bus
601 2849 870 2914 homines,
913 2849 1043 2904 vidi.
1097 2847 1248 2902 Unde
1295 2857 1508 2903 constat
1556 2849 1756 2919 liquido
1801 2850 1959 2904 beatu

2186 2852 2406 2924 ιτηρίῳ,
2437 2851 2672 2924 πένητας
2712 2849 3047 2921 ἐθεασάμην,
3076 2835 3408 2918 ἀγνώστους,
3453 2849 3694 2914 ἀοίκους,

456 2945 543 2997 hic
570 2957 858 3012 pauperem
905 2941 1050 2995 illum
1093 2956 1121 2994 a
1171 2941 1449 3012 Scriptura
1489 2943 1792 3011 pnedicari,
1843 2943 1932 3011 qui

2187 2945 2412 3008 εστίους.
2452 2945 2538 3007 Ὠς
2570 2944 2635 2996 ὲκ
2687 2941 2879 2996 τούτου
2923 2939 3197 3012 πρόδηλον
3231 2936 3391 3006 εἷναι,
3432 2940 3515 2993 ὅτι
3589 2957 3695 3010 μα-

453 3033 786 3105 philosophia
840 3033 1141 3102 composito
1183 3034 1363 3087 animo
1413 3033 1650 3087 laborem
1708 3048 1772 3088 ac
1813 3049 1961 3088 serua

2195 3035 2335 3107 ρίζει
2364 3034 2460 3089 νῦν
2498 3036 2532 3104 ἡ
2570 3031 2761 3103 Γραφὴ
2802 3031 2893 3085 τὸν
2928 3030 3142 3101 πτωχὸν
3184 3030 3389 3083 ἐκεῖνον
3419 3029 3509 3082 τὸν
3546 3029 3699 3108 φιλο·-

455 3142 576 3181 nam
607 3125 1162 3194 perfert,fortiterque
1193 3141 1255 3180 ac
1291 3135 1602 3180 constanter
1646 3126 1901 3182 adversos
1940 3137 1963 3179 tt

2191 3142 2278 3195 φῳ
2310 3122 2456 3194 ψυχῇ
2501 3124 2627 3186 τοὺς
2673 3121 2902 3193 μόχθους
2932 3119 3298 3192 βαστάζονταο
3325 3119 3699 3192 καρτεροῦντι

452 3219 590 3272 ierat
612 3233 792 3281 casus,
825 3233 887 3271 ac
922 3217 1050 3270 nihil
1083 3219 1164 3271 vel
1192 3218 1411 3272 sceleris
1441 3217 1522 3271 vel
1547 3217 1734 3288 ﬂagitii
1778 3218 1960 3274 molitu

2221 3215 2483 3286 γενναίως
2534 3215 2668 3287 πρὸς
2717 3213 2818 3278 τὰς
2861 3212 3212 3286 περιστάσεις
3260 3210 3356 3266 τοῦ
3412 3211 3550 3282 βίου,
3602 3211 3700 3267 καὶ

453 3318 512 3361 ut
536 3309 685 3362 carni
710 3322 805 3378 per
844 3309 1172 3378 voluptatem
1204 3317 1365 3377 atque
1401 3308 1623 3363 delicias
1667 3309 1961 3378 gratiﬁcetu

2190 3309 2276 3363 δὲν
2319 3307 2732 3379 κακουργοῦντα
2773 3305 3030 3378 πονηρὸν,
3079 3306 3166 3359 ἵνα
3210 3307 3301 3376 τῇί
3329 3305 3492 3375 σαρκὶ
3533 3305 3698 3376 χαρίο

454 3399 624 3466 Quem
677 3401 850 3470 ipsum
907 3401 1144 3469 apertius
1192 3400 1450 3456 describit
1481 3399 1737 3456 Dominus
1767 3403 1820 3457 in
1849 3403 1962 3473 prin

2200 3418 2282 3455 ται
2314 3401 2414 3471 τῆς
2439 3400 2649 3471 τρυφῆς
2675 3399 2773 3469 τὴν
2803 3397 3123 3452 ἀπόλαυσιν.
3159 3398 3257 3450 Ὃν
3301 3396 3396 3476 καί
3434 3397 3708 3466 σαφέστε-’

459 3493 809 3556 beatitudine,
858 3508 978 3548 cum
1018 3494 1092 3546 ait
1125 3510 1139 3546 :
1175 3491 1322 3548 Beati
1346 3509 1596 3563 pauperes
1617 3494 1806 3562 spiritu
1833 3495 1876 3546 '.
1915 3493 1967 3546 Νι

2191 3511 2216 3547 ν
2263 3493 2554 3563 διαγράφει
2604 3493 2661 3544 ὲν
2709 3489 2786 3560 τῷ
2836 3487 3037 3561 πρώτῳ
3089 3487 3198 3542 τῶν
3255 3487 3623 3559 μακαρισμῶν
3668 3490 3699 3542 ὸ

440 3598 559 3652 -que
607 3583 770 3654 igitur
814 3582 992 3637 omnis
1037 3596 1238 3651 pauper
1272 3582 1446 3648 justus
1473 3620 1488 3644 ,
1535 3581 1627 3635 sed
1687 3582 1733 3636 is
1790 3592 1948 3636 tantu‘

2183 3587 2346 3659 ύριος,
2375 3587 2548 3654 λέγων
2567 3602 2580 3617 ο
2613 3583 2901 3651 Μακάριοι
2928 3587 2982 3636 οἱ
3005 3582 3227 3651 πτωχοὶ
3266 3583 3346 3648 τῷ
3374 3583 3691 3650 πνεύματι.

449 3673 547 3740 qui
581 3681 665 3727 est
701 3671 908 3726 Lazaro
933 3673 1172 3726 moribus
1211 3671 1401 3726 similis
1422 3685 1639 3740 ;-neque
1668 3671 1815 3725 dives
1843 3686 1957 3726 omr

2187 3680 2256 3732 ιτε
2288 3674 2382 3731 οὗν
2415 3679 2521 3740 πᾶς
2552 3675 2764 3746 πτωχὸς
2819 3675 3026 3738 δίκαιος
3046 3714 3060 3737 ,
3106 3674 3221 3748 ἀλλ’
3261 3675 3469 3736 ἐκεῖνος
3516 3668 3631 3737 οἷος
3663 3675 3695 3726 ό

445 3763 738 3832 reprobus,
770 3764 861 3817 sed
889 3761 980 3831 qui
1020 3762 1182 3815 vitam
1217 3761 1289 3814 ita
1329 3760 1583 3826 instituit,
1618 3775 1673 3814 ιιι
1702 3763 1788 3816 ille
1814 3762 1953 3816 Laza

2191 3771 2406 3842 ὶζαρος’
2435 3767 2560 3822 οὔτε
2597 3769 2707 3831 πᾶς
2741 3765 2993 3829 πλούσιος
3038 3765 3480 3834 ἀπεγνωσμένος,
3519 3764 3638 3818 ἀλλ’
3669 3766 3699 3818 ὁ

453 3853 675 3921 mqualis
701 3872 714 3908 :
758 3867 821 3905 ac
849 3852 939 3920 qui
970 3852 1168 3920 reipsa,
1192 3865 1255 3904 ac
1277 3851 1473 3920 quibus
1496 3851 1684 3905 eadem
1707 3851 1778 3904 illi
1811 3853 1961 3904 vivur

2190 3861 2262 3914 τὰ
2307 3858 2561 3930 τοιαύτης
2607 3857 2716 3922 ζῶν
2761 3857 3162 3929 προαιρέσεως,
3205 3855 3322 3909 οἵαν
3369 3853 3512 3926 εἶχεν
3540 3856 3571 3908 ὁ
3601 3853 3698 3911 τοῦ

453 3945 699 4014 ejusdem
732 3944 854 3998 vitae
890 3953 1054 3997 testes
1087 3942 1358 3998 manifesti
1389 3945 1677 3996 exsistunt.
1716 3942 1852 4010 Quid
1873 3947 1957 3998 eni

2187 3953 2371 4023 ιζάρου
2423 3951 2745 4021 σύγχρονος,
2789 3951 2886 4002 καὶ
2930 3947 3120 4001 τούτου
3155 3948 3202 4000 oi
3233 3946 3322 4000 διὰ
3367 3947 3466 4016 τῆς
3497 3946 3695 4019 πείρας

455 4034 758 4091 admirabili
817 4032 954 4088 Jobo
1008 4033 1360 4104 opulentius?
1420 4032 1603 4102 Neque
1672 4044 1846 4089 tamen
1898 4050 1962 4090 eu

2187 4043 2213 4096 ὖ
2247 4043 2362 4114 βίου
2393 4043 2666 4114 μάρτυρες
2705 4039 2982 4112 πρόδηλοι.
3014 4039 3078 4090 Τί
3108 4039 3217 4109 γὰρ
3250 4036 3342 4090 τοῦ
3383 4037 3526 4090 θείου
3573 4035 3695 4090 ’1ὼό

458 4128 621 4182 nimia
658 4127 743 4180 illa
777 4141 953 4179 rerum
987 4125 1140 4195 copia
1168 4141 1231 4180 ac
1269 4124 1567 4192 atlluentia,
1619 4135 1706 4180 aut
1747 4142 1776 4180 a
1812 4127 1966 4196 justit

2188 4133 2558 4204 ιουσιώτερον;
2598 4131 2736 4184 Ἀλλ’
2778 4133 2926 4202 ὅμως
2957 4131 2992 4199 ἡ
3026 4131 3106 4192 είς
3151 4129 3288 4198 ἄγαν
3330 4127 3559 4197 εὐπορία
3605 4128 3696 4180 τὸν

457 4218 691 4270 alienum
730 4216 889 4281 fecit;
943 4226 1054 4278 aut,
1089 4224 1146 4270 ut
1175 4216 1408 4271 breviter
1433 4217 1631 4281 dicam,
1656 4232 1684 4270 a
1711 4217 1908 4271 virtute
1931 4219 1965 4270 d

2183 4227 2324 4297 νδρα,
2375 4225 2499 4279 οὕτε
2546 4225 2644 4294 τῆς
2697 4221 3040 4292 δικαιοσύνης
3091 4221 3472 4293 ἡλλοτρίωσεν,
3526 4219 3691 4286 οὔτε,

463 4309 649 4365 movit.
679 4307 876 4362 Contra
905 4323 1058 4370 vero,
1089 4308 1218 4377 quid
1254 4308 1509 4363 Iscariote
1543 4309 1874 4377 pauperius?
1917 4308 1971 4362 Νι

2181 4315 2423 4386 ιλλήόδην
2478 4315 2673 4376 εἰπεῖν,
2722 4313 2819 4381 τῆς
2871 4311 3073 4382 ἀρετῆς
3143 4308 3426 4381 ἐξώρισεν.
3481 4310 3546 4363 Τί
3597 4310 3689 4363 τοῦ

458 4416 562 4470 que
597 4409 777 4453 tamen
809 4400 889 4453 vel
925 4399 1202 4453 minimum
1233 4401 1298 4454 ad
1331 4403 1555 4454 salutem
1583 4400 1631 4455 ei
1666 4399 1864 4470 profuit
1897 4417 1963 4471 eg

2186 4405 2486 4479 σκαριώτου
2535 4405 2896 4474 πενέστερον;
2947 4401 3110 4456 Οὐδὲν
3163 4401 3417 4455 ἀπώνατο
3461 4401 3564 4471 τῆς
3608 4403 3694 4454 ἐν·

441 4504 610 4558 .stas;
643 4505 825 4544 verum
864 4504 984 4543 cum
1026 4489 1273 4543 undecim
1317 4504 1381 4544 ac
1424 4489 1774 4560 philosophis,
1815 4490 1949 4560 ipsiq

2189 4496 2271 4560 ίας
2315 4497 2392 4559 εἰς
2441 4493 2742 4565 σωτηρίανο
2792 4491 2927 4545 ἀλλά
2974 4494 3084 4554 τοῖς
3125 4490 3316 4543 ἕνδεκα
3363 4490 3558 4560 πένησι
3603 4491 3697 4544 καὶ

461 4584 596 4638 adeo
633 4581 880 4645 Domino,
924 4583 1014 4650 qui
1049 4577 1478 4650 sponte'pauper
1507 4584 1675 4636 nostri
1711 4597 1870 4636 causa
1900 4582 1969 4636 eﬂ

2183 4589 2430 4657 λοσόςροις
2467 4584 2936 4654 συνδιαιτώμενος,
2967 4585 3058 4636 καὶ
3093 4581 3240 4651 αύτῷ
3273 4599 3335 4650 γε
3371 4581 3447 4651 τῷ
3481 4582 3691 4654 Κυρίῳ,

460 4685 581 4730 ctus
601 4683 687 4730 est
716 4675 782 4736 ¹⁰,
813 4674 1169 4729 contubernio
1205 4673 1426 4742 junctus
1451 4684 1619 4738 esset,
1655 4674 1816 4728 animi
1844 4688 1968 4742 prav

2188 4683 2201 4734 δ
2227 4682 2293 4734 δι’
2320 4681 2465 4751 ἡμᾶς
2503 4665 2839 4748 αὐθαιρέτως
2884 4675 3277 4746 πτωχεύσαντι,
3310 4675 3478 4743 κακίᾳ
3507 4691 3696 4745 προαι-

459 4776 569 4820 tate
602 4767 652 4820 in
680 4767 966 4819 avaritiam
1000 4766 1256 4834 abreptus
1306 4765 1478 4819 iosam
1503 4766 1627 4818 inde
1666 4765 1967 4834 proditione

2179 4771 2328 4832 ἱσεως
2360 4770 2439 4831 εἰς
2479 4767 2841 4840 φιλαργυρίαν
2907 4765 3290 4837 παρενεχθεὶς,
3339 4763 3550 4816 ἐκεῖθεν
3594 4764 3687 4817 καὶ

448 4860 678 4914 ιιιοιίιυς
709 4869 808 4914 est.

2121 4863 2218 4934 τὴν
2249 4861 2536 4934 προδοσίαν
2562 4860 3000 4932 ὲρᾳδιούργησεν,

530 4949 720 5018 Opera:
753 4949 987 5018 pretium
1021 4959 1201 5002 autem
1235 4947 1374 5012 erit,
1415 4947 1693 5016 utriusque
1732 4947 2018 5000 elationem

2202 4950 2382 5015 ’Ἄξιον
2412 4949 2468 5002 δὲ
2496 4949 2588 5001 καὶ
2613 4948 2708 5018 τὴν
2739 4947 2975 5017 ἐκφορὰν
3009 4944 3268 5016 ἑκατέρου
3297 4942 3403 4996 τῶν
3436 4943 3693 5015 τεθνηκόο

459 5039 699 5093 defuncti
743 5042 1034 5107 prudenter
1083 5039 1419 5093 examinare.
1470 5037 1684 5108 Pauper
1722 5039 1864 5092 enim
1901 5056 1964 5093 cu

2186 5059 2235 5093 υν
2257 5027 2490 5101 συνετῶς
2506 5038 2821 5109 δοκιμάσαι.
2854 5039 2912 5090 '0
2936 5039 3033 5106 μὲν
3060 5037 3168 5108 γὰρ
3184 5037 3395 5107 πτωχὸς
3419 5038 3694 5107 κοιμηθεὶς

456 5129 856 5192 obdormisset,
910 5128 1130 5199 angelos
1179 5129 1328 5198 ipsos
1379 5130 1640 5195 stipantes
1689 5131 1909 5195 habuit,
1953 5149 1964 5184 :

2184 5131 2391 5199 γγέλους
2419 5126 2562 5200 εἶχεν
2598 5130 2925 5200 δορυφόρους
2951 5128 3044 5180 καὶ
3074 5127 3435 5200 θεραπευτὰς,
3469 5127 3692 5196 ἄγοντας

453 5219 720 5287 obsequio
747 5219 1021 5284 foventes,
1048 5219 1137 5287 qui
1167 5215 1233 5271 ad
1267 5217 1436 5272 locum
1471 5217 1669 5286 quietis
1691 5261 1706 5283 ,
1735 5220 1885 5274 bona:
1915 5236 1961 5286 ει

2184 5221 2291 5274 >τὸν
2324 5220 2460 5292 μετὰ
2476 5220 2646 5291 καλῆς
2677 5221 2777 5290 τῆς
2803 5220 3016 5283 ἐλπίδος
3039 5219 3120 5282 είς
3149 5219 3236 5271 τὸν
3258 5218 3419 5271 τόπον
3436 5220 3534 5289 τῆς
3563 5223 3692 5274 ἀνα-

458 5307 678 5378 pleuum
710 5309 1106 5377 perducerent;
1146 5319 1385 5363 mortuus
1418 5321 1590 5364 autem
1621 5308 1781 5376 dices,
1816 5312 1962 5382 inqui

2179 5312 2402 5376 αύσεως’
2423 5315 2455 5366 ό
2474 5311 2542 5365 δὲ
2600 5313 2895 5377 πλούσιος
2918 5309 3256 5384 ἁποᾷανὼν,
3283 5311 3465 5380 φησὶν,
3484 5310 3687 5380 ἐτάφη.

436 5507 447 5527 ‘
536 5509 560 5540 ⁸
586 5508 774 5562 Matth.
811 5524 935 5572 xxv,
976 5509 1064 5564 54.
1141 5509 1162 5540 ⁹
1195 5509 1383 5564 Matth.
1415 5527 1467 5577 v,
1492 5511 1544 5565 5.
1626 5512 1668 5542 ¹⁰
1693 5510 1733 5564 ΙΙ
1764 5511 1891 5566 Cor.
1925 5527 2040 5580 vut,
2070 5512 2124 5568 9.

530 5663 608 5736 (ἶ)
641 5662 867 5736 filioqui
884 5663 1019 5714 enim
1059 5673 1334 5736 utcunque,
1367 5661 1762 5736 ctc._Pro_éni,
1804 5665 2025 5718 restituo

2179 5665 2240 5727 ιῖς
2269 5661 2661 5736 ἀπορουμένοις
2696 5662 2900 5728 ἁπλῶς,
2932 5664 3000 5720 ad
3024 5668 3331 5736 superiora;
3366 5679 3576 5734 unaque
3602 5663 3687 5720 illa

461 5733 601 5810 ξπεί.
630 5732 740 5797 Qua
770 5733 874 5810 levi
897 5734 1186 5810 initiatione
1210 5744 1422 5810 constat
1447 5734 1589 5785 clara
1625 5733 1835 5810 littera_._
1863 5750 2022 5810 quam
2129 5749 2260 5788 voce
2285 5732 2532 5797 reddens,
2573 5733 2626 5785 in
2653 5747 2979 5806 paupertate,
3010 5732 3151 5808 quod
3185 5738 3338 5793 valde
3358 5732 3602 5810 jejunum
3630 5748 3689 5789 ac

458 5805 726 5872 interpres
774 5802 910 5857 male
954 5804 1226 5869 obseurat,
1273 5804 1536 5858 reducens
1571 5806 1731 5858 verba
1784 5805 1871 5859 illa
1903 5806 2024 5857 ἐπεὶ
2130 5812 2414 5874 angustum
2445 5813 2760 5872 paupertate
2792 5813 2896 5860 est.
