3820 6322
105 390 185 448 ΥΠ

1090 385 1373 444 norum
1410 386 1451 446 ι.
1491 387 1580 443 ne
1618 385 1845 445 mvrrs
1885 388 1970 444 er
2011 370 2298 455 Lazgtno.

3209 384 3318 446 173

105 507 245 563 οὐδὲν
261 504 368 577 γὰρ
388 497 500 557 οἷον
520 503 659 575 αὐτῇ
686 503 993 577 χρήσασθαι
1017 507 1083 577 τῇ
1113 505 1253 571 λέξει
1285 507 1348 577 τῇ
1383 507 1651 579 γραφικῇ»

1763 506 1982 575 sepultus
2015 516 2089 561 est
2131 504 2230 577 (8).
2266 503 2416 558 Nihil
2445 505 2587 560 enim
2624 503 2846 575 perinde
2879 504 3052 559 valeat
3088 519 3150 559 ac
3178 520 3312 560 con-

105 596 271 660 ἱκανῶς
298 595 387 649 διά
417 595 549 667 μιᾶς
580 594 780 662 λέξεως
804 594 1179 667 ἐρμηνευούσῃ
1203 593 1299 666 τὴν
1331 596 1523 665 ἄτιμον
1553 593 1645 648 τοῦ

106 688 324 741 πλουσίου
358 686 684 741 κατάλυσιν.
749 686 806 740 Ὀ
843 686 952 758 γὰρ
989 687 1307 759 ἁμαρτωλὸς
1348 687 1610 742 τελευτῶν
1631 726 1646 750 ,

104 784 243 846 ὅντως
268 783 558 845 θάπτεται,
588 781 800 852 χθόνιος
828 781 902 834 ῶν
930 780 991 834 τὸ
1025 781 1185 852 σῶμα
1205 821 1219 845 ,
1251 784 1436 854 γήινος
1464 782 1518 835 δὲ
1559 782 1650 836 καὶ

105 875 179 946 τήν
202 875 374 946 ψυχήν
393 891 408 905 ο
446 876 542 928 καὶ
573 875 634 928 τὸ
679 872 906 944 φυσικὸν
936 872 1147 945 ἐκείνης
1181 870 1396 944 ἀξίωμα
1424 876 1489 947 τῇ
1514 890 1651 944 συμ-

106 965 270 1037 παθείᾳ
309 966 413 1036 τῆς
451 965 658 1038 σαρκὸς
699 965 836 1036 πρὸς
863 963 961 1035 τὴν
993 963 1125 1035 ῦλην
1158 963 1512 1034 καταγαγὼν,
1560 966 1651 1018 ού-

104 1060 175 1112 δέν
201 1058 430 1129 χρηστὸν
468 1058 569 1129 τῆς
612 1056 810 1111 ἑαυτοῦ
854 1054 1001 1126 ζωῆς
1045 1056 1469 1127 καταλιμπάνων
1517 1057 1651 1111 ὑπό-

108 1166 283 1219 μνημα,
325 1148 470 1221 λήθῃ
514 1148 572 1203 δέ
612 1148 796 1227 ἀτίμῳ
829 1148 1262 1218 καλυπτόμενος,
1305 1148 1515 1202 καὶτὸν
1541 1150 1651 1203 τῶν

107 1241 438 1312 βοσκημάτων
472 1241 703 1295 θάνατον
727 1238 1011 1293 τελευτῶν.
1053 1239 1237 1308 Τάφος
1266 1240 1364 1311 μὲν
1390 1239 1498 1312 γὰρ
1538 1239 1650 1311 ἔχει

107 1334 154 1385 τὸ
175 1332 319 1404 σῶμα
340 1350 355 1362 °
387 1332 525 1404 ᾅδης
555 1332 612 1385 δὲ
663 1332 763 1403 τὴν
784 1331 964 1402 ψυχήν
984 1348 998 1361 ·
1036 1330 1131 1383 δύο
1160 1332 1409 1385 σκοτεινὰ
1437 1332 1650 1402 δεσμω-

106 1425 273 1495 τήρια,
306 1423 645 1496 μεριζόμενα
676 1423 772 1477 τοῦ
809 1421 1045 1494 πονηροῦ
1085 1422 1185 1493 τὴν
1220 1423 1508 1496 τιμωρίαν.
1542 1424 1652 1479 Καὶ

106 1515 172 1579 ei;
197 1516 291 1568 οὐκ
322 1516 392 1569 ἂν
431 1517 533 1588 τῆς
561 1515 818 1580 ἀϐουλίας
850 1515 941 1568 τὸν
969 1514 1152 1570 ἄθλιον
1198 1515 1650 1587 καταμέμψαιτο;

107 1609 243 1677 ἡνικα
282 1608 384 1678 μὲν
419 1608 561 1680 ὑπὲρ
593 1611 699 1681 γῆς
734 1604 803 1680 ἦν
834 1608 1174 1681 γαυροῦντα,
1207 1608 1652 1680 μεγαλαυχούμε-

109 1714 197 1759 νον,
219 1695 437 1751 πάντων
464 1694 912 1768 ὑπερφρονοῦντα
936 1695 1043 1750 τῶν
1073 1693 1355 1759 συζώντων
1396 1697 1488 1749 καὶ
1521 1698 1652 1767 ὁμο-

109 1786 279 1855 φύλων,
306 1785 406 1839 καὶ
440 1786 727 1857 μονονουχὶ
759 1786 1055 1859 μύρμηκας
1084 1786 1180 1839 καὶ
1207 1783 1493 1854 σκώληκας
1519 1785 1654 1839 ἀπο-

1752 606 1902 667 cepta
1937 599 2013 653 uti
2049 598 2344 668 Scriptura:
2373 613 2501 653 voce
2521 637 2538 662 ,
2571 612 2675 667 qua
2704 611 2807 651 una
2843 596 3098 651 inﬁrmem
3128 596 3312 654 divitis

1751 690 1954 743 exitum
1990 689 2202 743 abunde
2252 689 2507 759 explicat.
2556 688 2790 742 Moriens
2832 688 3026 758 quippe
3060 697 3315 757 peccator

1750 797 1879 838 vere
1929 782 2207 851 sepelitur,
2262 785 2515 852 quoniam
2563 797 2788 851 corpore
2840 793 2895 835 et
2939 783 3122 835 animo
3158 778 3313 849 juxta

1751 876 2028 931 terrestris
2088 886 2214 943 est;
2279 892 2342 930 ac
2396 875 2697 930 naturalem
2746 873 2903 943 hujus
2958 874 3315 944 dignitatem,

1753 965 2137 1035 conjunctione
2176 982 2237 1022 ar
2278 960 2580 1039 sympathia
2630 967 2809 1021 carnis
2843 966 2910 1019 ad
2965 966 3153 1020 sordes
3217 960 3352 1018 [κε’

1752 1071 1950 1126 cesque
1993 1067 2234 1115 terrenas
2289 1061 2540 1114 deorsum
2581 1058 2784 1124 trahit,
2822 1057 3136 1128 nullumque
3184 1056 3316 1112 utile

1741 1148 1874 1211 vitae
1936 1165 2047 1205 sum
2117 1161 2526 1207 monumentum
2585 1149 2927 1220 relinquens,
2977 1165 3042 1206 ac
3096 1146 3324 1221 ignobili

1762 1249 1937 1296 tectus
1968 1241 2267 1307 oblivione,
2306 1242 2535 1297 similem
2575 1243 2871 1310 pecudibus
2908 1250 3135 1297 mortem
3176 1241 3313 1296 obit.

1755 1332 1885 1387 Nam
1924 1340 1979 1389 et
2012 1347 2208 1405 corpus
2231 1373 2246 1397 ,
2289 1335 2590 1404 sepulcrum
2624 1350 2639 1400 ;
2675 1343 2729 1389 et
2763 1334 2997 1389 animam
3019 1373 3036 1399 ,
3073 1332 3315 1388 infernus

1755 1423 1963 1480 habet:
2005 1440 2069 1480 ac
2108 1425 2263 1495 quasi
2306 1426 2576 1480 tenebrosi
2612 1425 2715 1480 duo
2766 1440 3049 1490 carceres,
3098 1438 3312 1494 pmnam

1759 1514 1970 1571 scelesti
2001 1531 2064 1572 ac
2093 1516 2350 1572 ultionem
2381 1517 2708 1584 partiuntur.
2744 1514 2874 1583 Quis
2903 1523 3112 1582 autem,
3146 1529 3272 1584 rogo
3293 1552 3314 1580 ,

1755 1608 2010 1663 miserum
2061 1623 2125 1663 ac
2174 1607 2443 1664 infelicem
2496 1606 2744 1663 stultitim
2779 1622 2884 1687 non
2922 1606 3171 1672 incuset,
3221 1605 3317 1675 qui

1755 1700 2006 1771 quidem,
2042 1699 2095 1755 in
2134 1700 2382 1757 humanis
2410 1716 2606 1771 agens,
2641 1715 2833 1771 magna
2865 1699 3097 1768 spiraret
3130 1738 3146 1764 ,
3184 1713 3307 1753 sese

1756 1791 1970 1847 efferret
2002 1830 2017 1855 ,
2074 1806 2264 1845 omnes
2317 1806 2438 1845 cum
2474 1791 2590 1861 ipso
2651 1799 2926 1847 versantes
2979 1802 3043 1844 ac
3093 1787 3317 1845 tribules

108 1851 343 1931 καλοῦντα
388 1851 521 1940 τοὺς
562 1851 1019 1946 ἐντυγχανόντας,
1064 1874 1206 1946 κενῷ
1246 1874 1304 1929 δέ
1343 1851 1651 1946 φρονήματι

1763 1895 1885 1937 suos
1922 1880 2225 1950 despicatui
2264 1880 2526 1947 haberet;
2563 1896 2626 1936 ac
2657 1895 2900 1952 quosque
2932 1880 3323 1936 convenientes

108 1966 199 2037 τῆς
225 1966 593 2038 ὀλιγοχρονίου
641 1967 800 2039 δόξης
845 1967 1342 2041 διαρρηγνύμενον
1391 1967 1552 2038 ἡνίκα
1592 1966 1652 2019 δὲ

109 2059 410 2131 ἀπεσπάσθη
436 2058 536 2113 τοῦ
568 2058 719 2129 βίου,
782 2059 877 2113 καὶ
910 2060 987 2124 ὡς
1013 2060 1300 2132 μαστιγίας
1339 2059 1523 2123 δοῦλος
1551 2060 1654 2128 ἀφ-

110 2151 258 2222 ῃρέθη
288 2151 403 2205 τῶν
438 2150 738 2223 ἀλλοτρίων
763 2192 778 2215 ,
824 2144 900 2207 ὧν
922 2152 981 2217 ἐξ
1012 2151 1199 2216 ἀνοίας
1226 2152 1472 2223 ἐνόμιζεν
1514 2146 1653 2205 εἶναι

107 2241 363 2313 δεσπότης,
395 2243 477 2306 είς
505 2242 833 2314 ἀντίρροπον
860 2242 957 2313 τῆς
977 2242 1384 2315 ὑπερηφανείας
1410 2241 1655 2311 καταφέ-

113 2347 240 2402 ρεται
272 2334 639 2404 ταπεινότητα
665 2374 682 2400 ,
714 2333 807 2386 καὶ
838 2334 1006 2404 γραὸς
1047 2334 1349 2406 θρηνούσης
1386 2333 1654 2405 ὀδυρμοὺς

111 2428 539 2500 προόαλλόμενος,
584 2428 771 2499 μακρά
806 2430 900 2482 καὶ
927 2428 1163 2499 ἀνόνητα
1194 2429 1284 2482 τὸν
1312 2428 1654 2499 πατριάρχην

109 2521 453 2585 ἀποκαλεῖ-ται,
482 2521 656 2590 λέγων
674 2538 689 2551 ·
721 2520 948 2592 [Πάτερ
995 2520 1258 2591 Ἀϐραὰμ,
1280 2519 1540 2588 ἐλέησόν
1554 2536 1651 2589 με,

111 2612 189 2663 καὶ
213 2612 452 2682 πέμψον
471 2610 759 2681 Λάζαρον,
790 2613 891 2665 ἵνα
918 2610 1094 2681 ,ϐάψῃ
1125 2611 1190 2665 τὸ
1217 2611 1405 2681 ἀκρον
1424 2611 1529 2665 τοῦ
1556 2611 1657 2664 δα-

110 2704 308 2757 κτύλου
336 2703 528 2758 αὐτοῦ
564 2702 806 2769 ὕδατος,
842 2702 940 2759 καί
969 2702 1286 2772 καταψύξῃ
1315 2703 1430 2771 τὴν
1460 2703 1655 2772 γλῶσ-

110 2794 214 2847 σάν
238 2813 393 2865 μου,
436 2795 527 2849 ὅτι
580 2795 878 2865 ὀδυνῶμαι
926 2795 997 2848 ἐν
1048 2794 1124 2864 τῇ
1169 2795 1347 2867 φλογί
1379 2797 1597 2864 ταύτην
1632 2794 1652 2868 ]

113 2886 263 2955 ζητῶν
288 2888 460 2950 ἔλεον,
494 2887 555 2940 ὃν
595 2887 696 2940 οὐκ
725 2887 958 2950 ἔδωκεν,
1003 2886 1167 2959 ἡνίκα
1202 2887 1294 2941 τοῦ
1351 2888 1656 2960 εὐεργετεῖν

116 2980 375 3051 πρόχειρον
399 2975 545 3050 εῖχεν
573 2978 673 3050 τὴν
702 2978 948 3045 ἐξουσίαν
966 2995 981 3010 ο
1015 2977 1180 3044 ἀξιῶν
1207 2979 1265 3034 δέ
1291 2980 1438 3051 αὐτῷ
1466 2979 1656 3052 βοηθὸν

113 3069 231 3123 κατά
265 3071 359 3125 τοῦ
393 3071 564 3142 πυρὸς
590 3069 884 3139 ἀφικέσθαι
916 3070 1006 3125 τὸν
1048 3070 1328 3143 Λάζαρονο
1366 3073 1655 3144 εὐχόμενος

114 3162 435 3232 ἀπομυζῆσαι
468 3160 564 3214 τοῦ
600 3158 800 3231 λεπροῦ
831 3160 921 3214 τὸν
959 3160 1218 3215 δάκτυλον
1238 3202 1253 3226 ,
1290 3161 1467 3230 ὀλίγον
1505 3180 1653 3216 νενο-

114 3254 338 3323 τισμένον
364 3252 541 3306 eam.
565 3252 825 3306 Τοιαῦται
847 3251 956 3305 τῶν
979 3252 1370 3324 φιλοσωμάτων
1388 3255 1654 3310 ἀϐουλίαι·

116 3343 249 3398 τοῦτο
276 3344 381 3398 τῶν
411 3342 787 3413 φιλοπλούτων
821 3344 914 3397 καὶ
942 3343 1239 3415 φιληδόνων
1263 3345 1325 3399 τὸ
1351 3345 1521 3410 τέλος.
1551 3347 1661 3401 Καὶ⁹

117 3435 358 3508 προσήκει
388 3436 483 3489 τὸν
528 3433 759 3489 συνετὸν
796 3435 888 3488 καὶ
926 3437 1180 3509 προμηθῆ
1224 3436 1319 3491 τοῦ
1357 3438 1659 3509 μέλλοντος,

118 3522 208 3580 οἷον
236 3528 522 3600 φᾶρμακόν
553 3546 605 3582 τι
636 3527 1069 3599 προφυλακτικὸν
1101 3532 1403 3603 νοσήματος
1428 3531 1525 3603 τὴν
1558 3550 1660 3586 πα-

119 3620 325 3692 ραϐολὴν
352 3620 725 3698 ἡγησάμενον,
755 3620 943 3687 φυγεῖν
976 3620 1084 3681 τῶν
1116 3620 1314 3691 ὁμοίων
1341 3622 1525 3674 κακῶν
1564 3621 1663 3693 τὴν

118 3712 315 3782 πεῖρανο
364 3711 429 3764 τὸ
476 3710 764 3781 συμπαθὲς
800 3710 897 3766 καὶ
935 3710 1345 3783 φιλάνθρωπον,
1384 3712 1459 3777 ὼς
1486 3714 1667 3768 αἰτίαν

56 3847 71 3857 .
116 3799 202 3868 τῆς
225 3801 363 3871 ζωῆς
400 3802 507 3871 τῆς
555 3800 890 3872 μελλούσης,
926 3803 1259 3874 ἀσκήσαντα.
1305 3805 1665 3875 Δραματικῶς

118 3890 209 3961 γὰρ
227 3893 352 3963 ἡμῖν
388 3895 420 3945 ὀ
458 3892 618 3961 λόγος
648 3892 747 3964 τὴν
774 3892 1056 3947 νουθεσίαν
1083 3894 1176 3946 ἐπὶ
1205 3894 1510 3966 προσώπων
1533 3895 1667 3968 ὡρι-

122 3982 308 4051 σμένων
334 3983 568 4049 ἐξέθετο,
595 3985 685 4039 ἵνα
707 3984 965 4056 ἐμψύχως
1003 3987 1113 4057 καὶ,
1134 3985 1418 4050 δεικτικῶς
1450 3987 1672 4040 παιδευ-

122 4068 280 4136 θέντες
314 4073 415 4143 τῆς
457 4074 671 4145 ἀγαθῆς
709 4073 988 4138 πολιτείας
1028 4075 1120 4128 τὸν
1173 4076 1368 4146 νόμον,
1402 4076 1669 4148 μηδέποτε

125 4167 603 4236 καταφρονὴσωμεν
640 4163 748 4218 τῶν
778 4164 878 4235 τῆς
914 4164 1133 4237 Γραφῆς
1171 4166 1687 4238 παραγγελμάτων,

122 4252 185 4316 ὡς
213 4255 332 4327 ἄχρι
358 4257 521 4327 λόγου
556 4257 717 4330 μόνον
744 4257 1069 4328 φοϐούντων,
1098 4259 1160 4312 οὐ
1191 4257 1297 4330 μὴν
1325 4258 1423 4332 τὴν
1445 4259 1673 4331 ἀπειλὴν

127 4348 449 4415 προαγόντων
481 4348 564 4413 εἰς
601 4349 896 4420 τιμωρίαν.
920 4383 925 4387 ~
946 4344 1077 4403 Οἶδα
1124 4349 1235 4420 γάρ
1251 4392 1266 4415 ,
1303 4350 1379 4414 ώς
1410 4352 1463 4403 oi
1491 4350 1673 4405 πολλοὶ

122 4436 214 4490 τῶν
237 4437 537 4512 ἀνθρώπων
567 4444 689 4505 ταῖς
720 4442 1000 4505 τοιαύταις
1033 4442 1310 4506 ὑπονοίαις
1350 4442 1673 4515 δελεαζόμε-

1751 1980 1956 2027 tantum
2000 1988 2104 2027 non
2148 1972 2400 2029 formicas
2439 1988 2502 2029 ac
2535 1988 2749 2029 vermes
2787 1973 3117 2045 appellaret,
3159 1970 3315 2026 inaui’

1753 2062 1928 2130 fastu,
1981 2062 2246 2134 namque
2303 2078 2368 2118 ac
2430 2063 2637 2136 fugacis
2689 2063 2943 2135 opinione
2988 2064 3173 2135 gloriae
3235 2061 3329 2116 di-

1753 2163 2131 2225 rumperetur:
2178 2155 2267 2209 ubi
2322 2163 2502 2211 autem
2559 2156 2628 2210 ab
2691 2156 2794 2211 hoc
2842 2155 3038 2210 saeculo
3092 2153 3317 2209 avulsus

1751 2246 1889 2314 fuit,
1945 2262 2009 2302 ac
2069 2253 2323 2317 tanquam
2381 2250 2569 2303 servus
2624 2246 2850 2318 ﬂagrio,
2907 2248 3119 2312 aliena,
3174 2260 3312 2316 quo-

1753 2355 1869 2394 rum
1919 2354 1980 2394 se
2023 2353 2119 2409 per
2167 2341 2458 2394 humanam
2509 2340 2832 2395 dementiam
2877 2339 3153 2395 dominum
3196 2350 3327 2391 cre-

1755 2431 2015 2496 didisset,
2064 2430 2245 2485 ablata
2301 2431 2524 2497 amisit,
2582 2430 2648 2486 ad
2695 2445 2877 2502 parem
2936 2445 3045 2485 sua:
3098 2429 3174 2484 illi
3222 2444 3323 2483 su-

1757 2524 1954 2593 perbia:
2008 2522 2280 2578 delabitur
2337 2522 2727 2589 humilitatem,
2780 2535 3021 2592 anusque
3078 2520 3313 2590 lugentis

1750 2612 1924 2669 instar
1967 2613 2302 2678 lamentans,
2354 2613 2512 2683 longo
2545 2629 2608 2668 ac
2660 2613 2831 2668 inutili
2878 2613 3160 2668 verborum
3198 2627 3321 2665 am-

1750 2705 1865 2761 bitu
1915 2705 2277 2776 patriarcham
2334 2705 2582 2769 invocat,
2639 2705 2873 2759 dicens:
2928 2702 3089 2758 Pater
3143 2702 3323 2776 Abra-_

1751 2800 1909 2865 ham,
1977 2799 2220 2852 miserere
2268 2798 2416 2851 mei:
2471 2806 2518 2850 et
2570 2797 2719 2851 mitte
2772 2786 3073 2863 Lazarum,
3128 2806 3184 2851 ut
3234 2797 3325 2849 ἔοι-ι

1755 2892 1921 2959 tingat
1976 2898 2264 2943 extremum
2320 2889 2474 2958 digiti
2532 2889 2619 2942 sui
2669 2888 2725 2941 in
2774 2904 2999 2957 aquam,
3052 2897 3110 2942 ut
3163 2887 3319 2957 refri-

1755 2991 1894 3053 geret
1949 2980 2185 3050 linguam
2239 2997 2439 3045 meam,
2494 2981 2620 3049 quia
2669 2981 2876 3035 crucior
2920 2981 2976 3035 in
3019 2980 3119 3035 hac
3162 2981 3325 3052 ﬂam-

1754 3088 1842 3127 ma
1874 3111 1889 3136 ,
1939 3069 2370 3125 misericordiam
2410 3084 2691 3138 quaarens,
2742 3084 2902 3138 quam
2946 3070 3059 3140 ipse
3102 3069 3321 3124 minime

1759 3160 2180 3230 impcrtivisset,
2248 3175 2369 3214 cum
2426 3159 2474 3213 ei
2539 3152 2908 3213 benefaciendi
2977 3160 3203 3215 facultas
3267 3161 3321 3213 in

1765 3262 2016 3324 promptu
2090 3261 2287 3315 esset,
2357 3261 2656 3320 petensque
2719 3266 2784 3306 ac
2840 3249 3084 3321 flagitans
3149 3249 3323 3306 Laza-

1760 3359 1881 3401 rum
1933 3343 2191 3398 advenire
2243 3340 2477 3395 laturum
2530 3342 2811 3411 suppetias
2863 3342 3124 3396 adversus
3182 3342 3327 3409 ignis

1761 3436 1872 3491 vim
1938 3449 2004 3490 ac
2061 3433 2444 3497 flammarum;
2536 3441 2700 3501 atque
2769 3432 2993 3487 modico-
3046 3433 3326 3499 perfusum

1766 3527 1991 3581 humore
2035 3523 2243 3593 leprosi‘
2281 3522 2505 3591 digitum
2528 3562 2544 3587 ,
2577 3537 2804 3591 precans
2825 3563 2841 3589 ,
2891 3522 3200 3578 allambere.
3234 3519 3345 3575 Si‘e

1766 3617 2022 3674 nimirum
2078 3615 2271 3679 habet,
2327 3613 2604 3668 hominum
2660 3614 2906 3684 corporis
2967 3613 3329 3668 amantiorum

1766 3708 1992 3765 stultitia
2027 3706 2173 3779 ;’_sic
2232 3718 2420 3759 eorum
2470 3703 2680 3771 exitus,
2745 3703 2836 3775 qui
2889 3718 3053 3776 supra
3110 3703 3329 3759 modum

1767 3803 2080 3876 divitiarum
2142 3814 2207 3855 ac
2255 3800 2586 3870 voluptatum
2647 3798 2873 3854 studiosi
2929 3808 3074 3852 sunt.
3130 3795 3333 3864 Quam-

1768 3896 1953 3951 obrem
2006 3892 2220 3962 sapiens
2267 3892 2495 3961 quisque
2544 3905 2609 3946 ac
2663 3890 2829 3945 futuri
2887 3889 3180 3959 providus,
3232 3904 3341 3944 cent

1773 3987 1965 4042 morbo
2030 3984 2272 4043 cavendo
2328 3993 2700 4055 comparatum
2754 3982 3049 4037 remedium
3106 3980 3335 4052 parabo-

1773 4077 1881 4130 lam
1928 4084 2228 4145 reputans,
2271 4071 2661 4128 misericordia:
2711 4083 2775 4125 ac
2825 4069 3176 4125 humanitatis
3223 4069 3348 4124 θυι-ι

1772 4177 1864 4231 tu,
1912 4167 2108 4237 quibus
2152 4164 2460 4220 obtineatur
2502 4160 2685 4217 fotura
2730 4162 2877 4227 vita,
2922 4160 3176 4216 similium
3225 4158 3340 4214 ma-

1773 4257 1945 4311 lorum
1988 4256 2285 4326 periculum
2330 4254 2503 4310 vitare
2541 4254 2813 4309 habuerit.
2854 4253 3157 4309 Dramatice
3195 4253 3338 4307 enim

1774 4367 1838 4405 ac
1885 4350 2051 4405 certis
2104 4348 2338 4404 inductis
2394 4349 2643 4417 personis
2690 4346 2967 4417 Scriptura
3020 4347 3345 4401 admonitio-

1778 4457 1899 4496 nem
1949 4440 2232 4511 exposuit,
2279 4455 2386 4510 quo
2429 4454 2526 4507 per
2573 4438 2726 4494 vivas
2773 4439 3036 4510 imagines
3087 4447 3343 4507 certaque

122 4545 215 4594 νοι,
240 4531 513 4585 ἀκώλυτον
540 4532 754 4596 ἑαυτοῖς
788 4532 883 4587 τοῦ
914 4532 1249 4605 ἁμαρτάνειν
1290 4533 1387 4604 τὴν
1416 4533 1662 4601 ἐξουσίαν

1775 4533 2244 4588 demonstratione
2291 4533 2429 4587 bene
2486 4531 2701 4586 vivendi
2754 4532 2925 4602 legem
2974 4532 3195 4595 edocti,
3253 4545 3342 4585 sa-

124 4620 428 4688 χαρίζονται.
471 4623 592 4675 Πᾶν
621 4622 679 4675 δὲ
720 4623 1028 4677 τούναντίον
1057 4622 1209 4695 παρά
1246 4623 1344 4694 τῆς
1383 4625 1673 4696 προκειμέ-

126 4723 207 4777 νης
230 4710 447 4783 Γῳφῆς
469 4713 858 4784 διδασκόμεθα,
880 4714 956 4779 ὼς
979 4716 1102 4768 οὐδέ
1128 4715 1423 4788 συγγνώμη
1460 4734 1543 4780 τις
1573 4717 1673 4787 τῆς

125 4798 224 4853 ἐκεῖ
248 4803 479 4875 κρίσεως
506 4805 873 4878 ἐπελαφρύνει
905 4806 1002 4879 τὴν
1031 4807 1283 4873 κόλασιν,
1315 4808 1432 4862 οὐδὲ
1467 4808 1678 4863 ἐλαττοῖ

125 4891 205 4961 τήν
228 4894 536 4968 ὡρισμένην
557 4898 827 4968 τιμωρίαν
855 4897 1232 4970 φιλανθρωπία
1247 4915 1260 4929 ·
1296 4900 1349 4954 εί
1363 4919 1424 4969 γε
1446 4901 1534 4955 δεῖ
1557 4903 1678 4967 ταῖς

126 4988 307 5050 φωναῖς
358 4986 453 5041 τοῦ
507 4988 849 5061 πατριάρχου
905 4991 1280 5062 τεκμηριῶσαι
1339 4992 1429 5047 τὸν
1495 4994 1671 5064 λόγον.

127 5073 280 5131 Πολλά
307 5079 414 5152 γάρ
456 5080 757 5145 ἱκετευθείς
805 5081 957 5151 παρά
982 5080 1076 5135 τοῦ
1113 5082 1391 5149 πλουσίου,
1433 5085 1527 5139 καὶ
1563 5102 1668 5156 μυ-

130 5166 244 5235 ρίων
266 5170 511 5226 ἐλεεινῶν
539 5171 855 5237 ἐπακούσας
878 5173 1072 5243 φωνῶν
1092 5214 1107 5238 ,
1134 5157 1260 5228 οῦτε
1287 5177 1401 5239 τοῖς
1424 5174 1678 5248 ὀδυρμοῖς

130 5257 433 5335 ἐπεκλάσθη,
457 5261 582 5317 οὔτε
606 5263 706 5335 τῆς
727 5264 918 5335 ὀδύνης
941 5264 1175 5330 ἐξείλετο
1226 5266 1320 5319 τὸν
1340 5267 1552 5339 πικρῶς
1576 5285 1678 5339 μα-

132 5346 442 5421 πιζόμενον·
483 5353 745 5426 αὐστηρῷ
792 5354 849 5407 δὲ
874 5354 953 5425 τῷ
986 5357 1293 5429 φρονήματι
1329 5358 1429 5428 τὴν
1463 5357 1679 5415 δικαίαν

130 5439 291 5511 κρίσιν
317 5443 615 5516 ἐκύρωσεν,
642 5444 833 5511 εἰπὼν,
871 5446 955 5500 ὅτι
984 5446 1123 5519 πρὸς
1151 5446 1307 5515 ἀξίαν
1332 5447 1546 5519 ἑκάστῳ
1574 5449 1681 5504 διε-

189 5644 260 5726 (β)
298 5647 544 5726 Sepultus
583 5642 661 5702 est
688 5648 958 5726 ._érd5pn.
1008 5647 1328 5726 Sic__(_;raeca
1375 5651 1679 5726 etiamnum

138 5717 372 5795 fument,
413 5717 616 5785 rejecto
660 5717 1067 5795 ad_s_equeutia
1106 5720 1203 5795 illo
1264 5721 1322 5776 ἐν
1371 5722 1493 5795 ᾅδῃ,
1541 5724 1683 5795 quod

142 5779 305 5860 latina
346 5779 581 5860 jungunt
624 5779 915 5860 participio
969 5790 1243 5858 sepultus,
1301 5779 1491 5860 estque
1541 5779 1681 5847 idem

145 5849 431 5916 Latinorum
446 5849 679 5931 sensus,
718 5874 784 5917 ac
810 5849 968 5932 (luem
997 5849 1052 5917 in
1082 5876 1185 5917 una
1221 5849 1309 5919 illa
1339 5849 1469 5920 voce
1494 5862 1685 5934 depre-

1775 4640 1865 4679 cra
1928 4622 2129 4675 monita
2177 4636 2241 4675 ac
2299 4629 2564 4690 prmcepta
2625 4634 2903 4689 nunquam
2963 4632 3337 4687 aspernemur,

1780 4730 2033 4788 tanquam
2077 4716 2191 4772 solo
2232 4723 2472 4770 terreant
2519 4727 2806 4778 sermone,
2847 4725 2911 4766 ac
2959 4710 3149 4764 inanes
3194 4709 3338 4764 intra
3414 4704 3445 4745 ι’

1778 4810 1953 4863 minas
2017 4808 2349 4862 consistant.
2406 4803 2516 4861 Nec
2565 4806 2711 4861 enim
2772 4819 2860 4859 me
2915 4802 3077 4864 latet,
3137 4815 3343 4856 morta-

1781 4899 1907 4953 lium
1946 4898 2128 4970 plures
2161 4895 2490 4966 ejuscemodi
2515 4894 2932 4966 cogitationibus
2963 4892 3235 4956 delinitos,
3260 4891 3373 4947 εἴη

1787 4990 1996 5046 frenem
2058 4989 2162 5045 sibi
2224 4988 2499 5044 licentiam
2554 4986 2814 5057 peccandi
2871 4984 3171 5055 indulgere.
3232 4983 3344 5040 γε-
3406 5008 3407 5013 π

1783 5098 1900 5138 rum
1944 5083 2050 5138 alia
2099 5098 2198 5138 nos
2244 5081 2425 5137 omnia
2470 5080 2621 5137 locus
2668 5080 2755 5136 hic
2801 5078 3096 5148 Scriptura:
3138 5077 3345 5146 docet;

1780 5176 1922 5231 nulla
1970 5176 2177 5232 scilicet
2222 5172 2337 5243 ejus
2380 5173 2567 5245 judicii
2619 5187 2837 5242 pmuam
2884 5171 3221 5242 indulgentia
3268 5171 3347 5228 le-

1787 5266 1941 5331 vari,
2003 5265 2149 5320 nulla
2207 5265 2484 5320 decretum
2553 5264 2876 5335 supplicium
2942 5263 3176 5335 mitigari
3238 5263 3349 5319 cle-

1782 5359 2022 5424 mentia;
2072 5358 2119 5412 si
2168 5358 2328 5413 modo
2380 5356 2701 5426 patriarcha:
2752 5355 2978 5411 vocibus
3025 5364 3233 5411 certam
3283 5356 3349 5410 li-

1780 5451 1901 5508 dem
1961 5449 2131 5506 astrui
2184 5448 2450 5505 volumus.
2523 5445 2661 5503 Cum
2730 5449 2876 5504 enim
2948 5446 3134 5503 multis
3197 5448 3349 5503 dives

1788 5652 1977 5709 hendit
2010 5651 2277 5722 Asterius,
2320 5657 2379 5706 ut
2419 5659 2563 5706 totus
2602 5650 2717 5722 ipse
2743 5647 2983 5722 seprltus
3010 5647 3242 5722 citentur,
3285 5662 3349 5703 ac

1783 5724 2025 5779 absolute
2073 5721 2333 5789 sepultus,
2376 5735 2602 5788 corpore
2621 5716 2846 5791 'pa‘riter
2888 5731 2950 5772 ac
2985 5716 3198 5791 animo,
3241 5730 3349 5787 quo

1786 5806 2013 5866 utroque
2042 5787 2286 5850 terrenus
2314 5787 2735 5859 exstitisset,'ac
2763 5789 2957 5860 dignus
2982 5787 3218 5845 inferno.
