3820 6306
466 335 571 393 179
1177 382 1219 404 ,_
1730 342 1790 400 S.
1830 340 2106 399 ASTERII
2143 338 2445 396 AIIASENI
3601 347 3727 404 180

459 455 635 507 vlrum
680 459 1055 520 obsecrasset,
1104 451 1258 525 isque
1303 451 1619 509 innumeras
1670 453 1814 511 illius
1860 458 2024 513 mise-

2157 452 2425 528 ιλήρωσεν
2456 454 2487 507 ό
2520 450 2685 510 Θεόςο
2730 450 2826 507 καὶ
2853 450 2937 506 σοὶ
2976 450 3074 524 μιν
3101 450 3195 506 ἰπὶ
3227 451 3324 508 τοῦ
3351 456 3474 525 βίου
3500 458 3733 530 τρυφή-

463 541 662 599 rabiles
716 556 876 600 voces
926 543 1202 610 audisset,
1258 558 1361 600 nec
1415 542 1667 599 lamentis
1718 531 1844 600 uilis
1888 544 2030 601 ﬂecti

2157 562 2294 601 ταντι
2349 543 2493 599 κατά
2542 544 2653 600 τῶν
2702 542 2996 617 ἀλλοτρίων
3050 544 3377 616 συμφορῶν,
3432 545 3557 619 δίκη
3614 548 3727 603 τοῦ

471 635 687 705 potuit,
739 650 837 692 nec
895 650 1025 692 vero
1066 652 1097 692 a
1140 637 1273 693 diris
1323 652 1447 693 eum
1500 635 1778 695 doloribus
1831 636 2031 695 libera-

464 730 585 796 vit;
614 727 707 787 sed
746 729 1016 787 severiori
1068 729 1250 786 animo
1293 726 1440 799 iuste
1491 728 1657 784 latam
1708 731 2031 785 sententiam

463 817 836 885 confirmavit,
896 819 1084 875 dicens
1117 860 1136 888 ,
1186 834 1285 890 pro
1339 820 1550 876 meritis
1605 820 1807 891 cuique
1865 821 2031 876 Deum

468 910 850 976 distribuisse;
888 926 953 968 ac
987 920 1043 966 tu
1079 912 1296 984 quidem
1320 951 1336 979 ,
1371 914 1478 981 ait,
1510 912 1602 984 qui
1631 913 1794 968 vitam
1829 928 2033 986 agens,

464 1002 695 1058 aliorum
752 1002 1156 1061 calamitatibus
1206 1005 1583 1075 deliciabaris,
1641 1020 1857 1077 poenam
1909 1020 2037 1076 pec-

465 1094 572 1149 cati
631 1094 684 1150 in
743 1097 997 1167 praesenti
1052 1097 1203 1166 luis;
1265 1097 1392 1154 huic
1443 1108 1664 1165 autem,
1724 1098 1818 1170 qui
1876 1099 2037 1155 mise-

465 1200 583 1242 ram
634 1200 699 1242 ac
758 1187 1049 1256 acerbam,
1110 1189 1559 1246 conculcantibus
1617 1190 1915 1258 omnibus,
1981 1189 2037 1245 in

465 1290 629 1332 carne
684 1278 851 1333 vitam
901 1279 1050 1350 egit,
1099 1279 1254 1337 laetus
1299 1281 1385 1338 hic
1437 1297 1499 1337 ac
1546 1280 1817 1352 iucundus
1874 1282 2041 1337 vicis-

466 1369 568 1423 sim
618 1378 789 1426 status
844 1386 907 1426 ac
957 1371 1197 1430 conditio
1225 1372 1409 1429 cessit.
1455 1373 1767 1439 Praeterea,
1816 1383 2038 1443 vastus,

468 1457 679 1530 inquit,
739 1474 803 1517 ac
866 1461 1163 1518 immensus
1221 1462 1403 1521 hiatus
1464 1472 1651 1519 mutuo
1711 1464 2042 1520 commercio

469 1560 729 1620 utrosque
787 1553 1076 1623 prohibet,
1130 1563 1296 1625 atque
1354 1570 1450 1612 eos
1500 1556 1592 1625 qui
1648 1555 1959 1626 plectuntur
2011 1570 2043 1611 a

469 1640 626 1697 honis
659 1643 864 1700 honore
896 1647 1183 1705 cumulatis
1214 1647 1456 1715 dirimit,
1488 1663 1594 1719 quo
1626 1649 1858 1705 seorsim
1907 1649 2044 1704 utri-

469 1748 576 1804 que
624 1746 816 1806 agaut,
862 1752 927 1794 ac
970 1738 1223 1795 distincte
1270 1755 1422 1796 suam
1471 1740 1673 1811 quique
1716 1754 1824 1811 qua
1875 1740 2043 1797 bono-

2140 637 2614 710 πλημμελήματος
2670 636 2932 709 ἐπετέθη,
2981 635 3018 692 ἀ
3067 637 3328 708 πάσχεις·
3375 638 3454 710 τῷ
3507 639 3554 694 δ’
3596 643 3733 695 ἐκεῖ

2143 728 2497 803 μοχθήσαντι,
2525 729 2620 784 καὶ
2659 728 2972 800 πατηθέντι,
3000 728 3093 783 καὶ
3122 730 3337 802 πικρῶς
3361 730 3733 803 ἀνασχομένῳ

2138 819 2239 891 τῆς
2267 818 2537 893 ένσάρκου
2573 819 2742 891 ζωῆς,
2788 820 3016 890 γλυκεῖά
3052 837 3136 885 τις
3165 821 3261 875 καὶ
3283 821 3650 894 εὐφραίνουσα
3683 823 3733 895 ἡ

2141 910 2326 966 ἐνθάδε
2358 910 2678 983 ἀπενεμήθη
2709 911 3066 976 κατάστασις.
3105 911 3250 984 Πρὸς
3275 912 3331 966 δὲ
3361 913 3589 978 τούτοις,
3622 914 3734 968 καὶ

2142 1002 2328 1074 χάσμα
2353 1002 2495 1074 μέγα
2532 998 2671 1056 εἶναι
2699 1019 2865 1077 φησιν
2918 1001 2982 1056 τὸ
3018 1001 3224 1057 κωλῦον
3245 1003 3440 1068 αὐτοὺς
3457 1004 3556 1077 τὴν
3579 998 3734 1074 πρὸς

2142 1094 2401 1166 ἀλλήλους
2420 1096 2511 1148 ἐπι
2518 1094 2725 1166 μιξίαν,
2756 1095 2850 1149 καὶ
2878 1094 3111 1166 διεῖργον
3130 1096 3256 1160 τοὺς
3274 1095 3735 1168 τιμωρουμένους

2144 1186 2254 1241 ἀπὸ
2278 1187 2387 1240 τῶν
2413 1186 2761 1258 τιμωμένων,
2800 1187 2885 1241 ἵνα
2915 1187 3181 1259 εὐκρὺρῶς
3210 1188 3468 1258 διάγωσιν
3502 1189 3598 1242 ἀπ’
3626 1188 3735 1242 ἀλ-

2142 1278 2318 1351 λήλων
2355 1280 2691 1352 ἀμφότεροι,
2734 1278 3043 1350 ἀσύγχυτον
3085 1279 3298 1352 ἔχοντες
3346 1280 3468 1343 τῶν,
3496 1281 3735 1349 ἀγαθῶν

2146 1370 2241 1425 καὶ⁵
2267 1370 2375 1424 τῶν
2401 1371 2589 1426 κακῶν
2616 1370 2715 1444 τὴν
2751 1371 3075 1426 ἀπόλαυσιν.
3105 1368 3271 1443 Οἶμαι
3300 1368 3356 1424 δὲ
3386 1371 3486 1442 τὴν
3523 1371 3691 1443 αῑσθι

2147 1461 2246 1534 τὴν
2300 1462 2616 1536 παραϐολὴν
2662 1462 2862 1535 νοητῆς
2901 1458 3041 1516 εἶναι
3090 1462 3323 1535 θεωρίας
3359 1462 3607 1535 αἴνιγμα.
3646 1466 3735 1517 Οὐ

2147 1554 2259 1627 γὰρ
2284 1554 2349 1627 δὴ
2371 1556 2578 1627 τάφρον
2604 1554 2774 1620 ὅντως
2811 1557 3152 1627 ἐννοήσωμεν
3178 1556 3309 1608 ἐκεῖ
3327 1555 3464 1627 πρὸς
3495 1555 3605 1608 τῶν
3625 1557 3739 1623 ἀγα

2149 1644 2323 1715 γέλων
2365 1646 2740 1719 διορυχθεῖσαν
2761 1688 2777 1713 ,
2827 1638 3028 1719 οἷάπερ
3069 1647 3128 1701 ὲν
3180 1647 3292 1710 τοῖς
3342 1646 3738 1719 στρατοπέδοις

2150 1737 2357 1806 γίνεται
2387 1738 2454 1793 τὰ
2490 1739 2600 1792 τῶν
2632 1739 2906 1811 πολεμίων
2950 1738 3283 1811 μεταίχμιαο
3325 1739 3462 1794 ἀλλὰ
3490 1738 3587 1793 τὸν
3620 1758 3739 1810 χω-

471 1840 631 1891 rum,
683 1842 788 1897 qua
826 1824 1106 1885 malorum
1159 1838 1361 1887 sortem
1413 1832 1697 1904 recipiant.
1750 1832 1910 1887 Aliud
1962 1833 2044 1887 ui-

2157 1830 2338 1903 ρισμὺν
2367 1833 2501 1903 ἡμῖν
2530 1833 2560 1886 ὁ
2591 1833 2809 1898 Λουκᾶς
2850 1831 3189 1904 ὑπογράφων
3208 1872 3224 1897 ,
3254 1832 3313 1886 ὂν
3349 1833 3445 1885 ἀπ’
3480 1832 3739 1902 ἀλλήλων

476 1915 769 1974 hilominus
831 1921 1056 1990 spiritali
1124 1922 1400 1978 intellectu
1476 1924 1719 1992 subjecta
1792 1923 2045 1979 sensibus

469 2009 721 2078 parabola
764 2009 1053 2082 designare
1092 2012 1359 2068 videatur.
1404 2011 1523 2068 Non
1568 2014 1712 2068 enim
1763 2012 2041 2084 profecto,

471 2101 675 2156 fossam
729 2100 839 2157 illic
888 2112 981 2158 aut
1026 2104 1313 2170 scrobem,
1366 2104 1543 2176 qualis
1596 2104 1649 2161 in
1703 2105 1901 2161 castris
1954 2120 2044 2160 ar-

471 2192 660 2249 cendis
718 2193 960 2250 hostibus
1017 2194 1136 2252 ﬁeri
1194 2194 1368 2264 solet,
1432 2196 1500 2253 ab
1561 2196 1767 2269 angelis
1825 2197 2043 2267 reipsa,

2150 1923 2258 1977 εἰσὶ
2291 1923 2707 1995 κεχωρισμένοι,
2730 1924 2782 1977 οῖ
2808 1940 2870 1978 τε
2904 1925 3027 1978 κατ’
3051 1924 3253 1994 ἀρετὴν
3274 1961 3289 1987 ,
3325 1924 3419 1978 καὶ
3446 1925 3495 1977 οἱ
3523 1923 3737 1994 ἑτέρως

2151 2012 2434 2085 ζήσαντες,
2461 2014 2692 2068 ὑπέθετο
2728 2013 2827 2087 τὴν
2866 2015 3051 2070 εἰκόνα
3095 2014 3190 2068 τοῦ
3233 2016 3530 2086 χάσματος.
3574 2012 3739 2068 Ἐπι-

2153 2105 2510 2178 σφραγίζεται
2534 2108 2634 2180 τὴν
2670 2107 2910 2163 διάνοιαν
2939 2110 3070 2180 ἡμῖν
3102 2108 3307 2180 ταύτην
3339 2109 3434 2162 καὶ
3477 2108 3735 2173 Ἡσαΐας,

2150 2196 2292 2251 οὕτω
2329 2215 2445 2263 πως
2489 2199 2691 2269 λέγων·
2721 2199 2819 2269 Μὴ
2868 2203 2981 2255 οὐκ
3023 2202 3224 2269 ἰσχύει
3274 2202 3313 2269 ἡ
3347 2200 3475 2270 χεὶρ
3507 2201 3739 2268 Κυρίου

471 2285 690 2341 ductam
747 2286 1157 2358 putaverimus,
1215 2287 1311 2344 sed
1367 2287 1545 2358 potius
1597 2301 1627 2342 a
1683 2286 1863 2352 Luca,
1916 2288 2043 2341 dum

2157 2289 2255 2343 τοῦ
2283 2288 2500 2355 σῶσαι,
2529 2291 2566 2360 ἢ
2589 2289 2839 2360 ἐϐάρυνε
2866 2295 2930 2347 τὸ
2957 2289 3067 2359 οὖς
3095 2288 3283 2348 αὐτοῦ
3312 2292 3419 2347 τοῦ
3446 2292 3529 2362 μὴ
3553 2292 3737 2347 ἀκοῦ-

470 2376 755 2433 dissidium
789 2376 1296 2448 sejunctionemque
1327 2392 1514 2433 eorum
1562 2377 1885 2432 adumbrare
1925 2385 2043 2431 stu-

2157 2396 2294 2447 a'at;
2328 2383 2515 2437 Ἀλλὰ
2533 2384 2604 2438 τὰ
2631 2384 3017 2455 ἁμαρτήματα
3049 2384 3217 2456 ἡμῶν
3256 2386 3575 2440 διιστῶσιν
3620 2384 3741 2439 ἀνὰ

470 2466 592 2533 det,
641 2466 732 2536 qui
789 2483 887 2538 per
934 2468 1228 2536 virtutem,
1276 2468 1482 2538 quique
1529 2482 1685 2522 secus
1736 2467 1897 2522 vitam
1950 2483 2045 2524 co-

2157 2473 2347 2545 μέο-ον
2371 2476 2477 2530 τοῦ
2515 2477 2687 2533 Θεοῦ.

472 2559 692 2615 luerunt
714 2599 731 2625 ,
768 2560 974 2617 hancce
1004 2562 1184 2617 hiatus
1215 2561 1619 2617 similitudinem
1665 2561 1997 2631 propositam
2034 2578 2154 2621 esse
2184 2579 2349 2637 atque
2380 2570 2690 2641 imaginem.
2727 2569 2822 2625 Cui
2868 2581 3054 2627 nostro
3083 2572 3307 2638 sensui,
3348 2572 3563 2628 abunde
3605 2569 3738 2626 asti-

473 2654 686 2724 pulatur
720 2651 887 2708 Isaias
925 2653 1158 2709 dicens:
1203 2652 1472 2735 Nunquid.
1497 2667 1601 2705 non
1633 2651 1770 2706 valet
1830 2670 2017 2708 manus
2050 2654 2265 2713 Domini
2319 2660 2488 2715 salvos
2544 2660 2766 2729 facere?
2813 2664 2889 2717 uel
2943 2666 3179 2734 gravavit
3236 2678 3415 2717 aurem
3466 2680 3628 2717 suam
3686 2680 3737 2722 ut

473 2762 577 2802 non
618 2745 799 2799 audiat
827 2745 854 2800 .9
893 2744 1080 2801 Verum
1121 2756 1334 2818 peccata
1380 2754 1549 2801 vestra
1596 2745 1835 2802 dividunt
1880 2747 2012 2801 inter
2062 2765 2149 2804 vos
2192 2761 2242 2806 et
2291 2753 2455 2807 Deum
2506 2752 2569 2810 “.

1222 2841 1291 2896 II.

470 2930 711 2990 Homilia
761 2933 819 2990 in
858 2934 1033 2988 locum
1070 2932 1347 3002 Evangelii
1383 2930 1672 2987 secundum
1709 2928 1942 2994 Lucam.
1985 2934 2051 2989 de

908 3003 1491 3074 meouomoiniquilatis
1533 3002 1599 3056 ".

544 3093 761 3153 Memini
809 3110 1179 3167 saepenumero
1212 3098 1354 3153 inter
1402 3095 1758 3153 fabulandum
1804 3096 2045 3162 dixisse,

476 3184 602 3244 ﬁcta
634 3180 864 3258 quadam
901 3186 1142 3260 falsaque
1188 3188 1474 3244 invadente
1519 3188 1577 3244 in
1623 3197 1830 3245 mentes
1875 3187 2052 3244 homi-

476 3296 606 3338 num
656 3282 1023 3354 cogitatione,
1072 3292 1185 3338 tum
1234 3281 1577 3352 multiplicari
1623 3291 1881 3353 peccata.
1936 3291 2051 3337 tum

475 3370 617 3428 bona
673 3388 875 3445 opera,
927 3389 1049 3445 qua:
1102 3389 1202 3446 pro
1253 3374 1337 3429 sui
1390 3373 1625 3444 quisque
1667 3373 1906 3429 instituti
1957 3389 2047 3427 ra-

476 3463 623 3521 tione
664 3479 920 3523 exercere
961 3467 1154 3533 debet,
1203 3463 1467 3522 retardari
1503 3483 1519 3521 :
1561 3465 1709 3521 illam
1756 3465 2049 3533 nimirum,

476 3572 586 3625 qua
643 3559 926 3623 universa,
976 3557 1023 3613 si
1080 3572 1188 3629 qua
1232 3556 1288 3611 in
1340 3556 1463 3612 vita:
1520 3572 1678 3612 usum
1743 3557 2042 3620 habemus,

476 3658 667 3704 nostro
722 3664 821 3705 nos
869 3648 993 3719 jure
1050 3665 1115 3705 ac
1164 3660 1419 3720 tanquam
1473 3648 1721 3705 dominos
1770 3649 2052 3719 possidere

476 3748 753 3811 putamus.
803 3739 881 3796 Ea
935 3739 1317 3811 persuasione,
1375 3752 1570 3809 magna
1613 3753 1712 3808 pro
1764 3737 1872 3795 illis
1921 3753 2050 3795 con-

478 3821 721 3885 tentione
769 3830 1077 3900 litigamus,
1131 3844 1469 3902 pugnamus,
1524 3829 1928 3902 digladiamur;
1988 3846 2051 3885 ac

478 3937 575 3977 ceu
621 3921 891 3992 praecipua
933 3921 1176 3992 quaedam
1226 3936 1291 3978 ac
1341 3921 1578 3993 seposita
1622 3922 1797 3988 bona,
1829 3935 1891 3977 ea
1937 3938 2051 3978 ma.

481 4015 631 4069 xime
690 4027 941 4070 amamus
1013 4029 1078 4069 ac
1133 4013 1485 4070 aestimamus.
1546 4011 1698 4068 Haud
1751 4028 1879 4069 vero
1929 4012 2046 4079 ita,

476 4106 606 4176 quin
640 4105 799 4176 longe
830 4120 988 4161 secus
1025 4120 1084 4161 se
1129 4119 1217 4161 res
1265 4105 1447 4170 habet.
1499 4104 1645 4160 Nihil
1695 4106 1841 4160 enim
1893 4108 2049 4177 quid-

2078 2846 2124 2907 C

2896 2848 2971 2902 B'.

2167 2939 2398 3011 Ὀμιλια
2440 2942 2512 2998 ἐκ
2557 2942 2665 2998 τοῦ
2738 2940 2890 2997 κατὰ
2923 2937 3175 3011 Λοψιᾶνᾼ
3207 2940 3435 3011 Edam

2504 3014 2609 3069 τὸν
2634 3013 2954 3081 οἰκονόμον
2976 3009 3086 3078 τῆς
3110 3008 3364 3075 ἀδικίας.

2223 3100 2487 3170 Πολλάκις
2521 3103 2648 3174 ὑμῖν
2668 3097 2818 3155 εἷπον
2847 3098 3247 3170 διαλεγόμενος,
3270 3098 3351 3152 ὃτι
3372 3095 3737 3168 πεπλασμένη

2152 3210 2237 3255 τις
2266 3193 2357 3245 καὶ
2392 3192 2593 3265 ψευδὴς
2641 3192 2817 3246 ἔννοια
2858 3193 2972 3255 τοῖς
3024 3189 3333 3261 ἀνθρώποις
3389 3188 3733 3260 ἐμπεσοῦσα,

2154 3282 2414 3355 πληθύνει
2448 3283 2517 3338 τά
2550 3284 2953 3356 ἁμαρτήματα,
3008 3281 3103 3334 καὶ
3140 3280 3355 3333 ἐλαττοῖ
3400 3281 3468 3335 τά
3516 3280 3731 3350 ἀγαθὰ,

2153 3376 2297 3449 ἅπερ
2333 3376 2560 3441 ἕκαστος
2596 3377 2883 3448 ὀφείλομεν
2930 3374 3025 3428 ἐπὶ
3067 3374 3170 3444 τῆς
3207 3374 3418 3429 ἑαυτῶν
3454 3375 3736 3439 πολιτείας

2152 3468 2361 3522 ἀσκεῖν.
2402 3468 2552 3540 Αὕτη
2597 3468 2653 3522 δέ
2687 3470 2836 3522 ἐστιν
2873 3468 2934 3521 τὸ
2961 3466 3226 3539 νομίζειν,
3274 3466 3356 3520 ὅτι
3405 3467 3589 3521 πάντα
3638 3468 3736 3522 ὅσα

2154 3557 2348 3630 ἔχομεν
2377 3561 2433 3613 ὲν
2461 3564 2528 3632 τῇ
2562 3561 2755 3632 χρήσει
2798 3558 2892 3613 τοῦ
2921 3558 3067 3630 βίου,
3102 3559 3178 3623 ὡς
3203 3558 3382 3632 κύριοι
3414 3560 3736 3631 κεκτήμεθα

2152 3650 2246 3702 καὶ
2278 3649 2552 3706 δεσπόται.
2588 3653 2697 3705 Καὶ
2740 3650 2945 3723 ταύτης
2992 3650 3178 3705 ἕνεκεν
3222 3651 3320 3722 τῆς
3372 3650 3736 3722 ὑπολήψεως,

2154 3740 2399 3813 σφοδρῶς
2430 3742 2569 3814 ὑπὲρ
2597 3742 2778 3796 αὐτῶν
2815 3742 2897 3796 δια
2907 3741 3211 3814 μαχόμεθα,
3242 3742 3336 3796 καλ⁵
3364 3741 3734 3814 πολεμοῦμεν,

2154 3832 2249 3885 καὶ
2286 3831 2634 3903 δικαζόμεθα,
2676 3834 2770 3886 καὶ
2806 3834 2885 3896 εἰς
2929 3833 3097 3905 άκρον
3132 3832 3311 3886 αὐτῶν
3338 3832 3733 3905 περιεχόμεθα,

2153 3923 2228 3987 ὼς
2258 3916 2550 3995 ἐξαιρέτων
2582 3923 2896 3995 κτημάτων.
2941 3923 3007 3977 Ἠ
3044 3923 3100 3978 δὲ
3144 3923 3375 3996 ἀλήθεια
3417 3924 3516 3995 οὐχ
3557 3923 3736 3988 οὕτως

2153 4009 2266 4082 ἔχει
2290 4026 2303 4041 ο
2326 4010 2462 4065 ἀλλὰ
2486 4012 2578 4065 καὶ
2601 4011 2805 4084 σφόδρα
2836 4013 3110 4077 ἐναντίως.
3138 4015 3321 4069 Πάντα
3345 4016 3453 4086 γὰρ
3482 4008 3557 4067 ὧν
3588 4016 3733 4068 ἀκε-

2154 4101 2407 4175 λάϐομεν,
2442 4104 2537 4174 οὐχ
2566 4103 2808 4176 ἡμέτερα
2828 4118 2843 4134 ⁸
2869 4102 2993 4158 οὔτε
3025 4105 3133 4176 μὴν
3162 4105 3344 4177 ἡμεῖς,
3368 4105 3445 4170 ὡς
3473 4095 3735 4160 αὐθένται

3437 2937 3582 2995 λιου
3597 2976 3616 3003 ,
3658 2939 3742 3005 εις

477 4212 639 4269 quant
700 4212 888 4252 eorum
942 4212 1061 4267 quae
1116 4197 1458 4266 accepimus,
1519 4207 1762 4252 nostrum
1822 4207 1941 4264 est;
1994 4208 2045 4251 at

2157 4194 2247 4247 καὶ
2270 4192 2480 4267 κύριοι,
2531 4193 2624 4265 οτῷ
2666 4194 2764 4266 βίῳ
2802 4194 3007 4267 τούτῳ,
3038 4195 3114 4258 ὡς
3148 4196 3394 4268 ἡμετέρᾳ
3426 4195 3596 4268 οἰκίᾳ,
3636 4188 3733 4249 ἒνῖ-

478 4302 657 4359 neque
692 4289 746 4344 in
781 4291 921 4343 hanc
961 4288 1124 4342 vitam
1164 4304 1228 4343 ac
1263 4288 1514 4344 saeculum
1540 4328 1555 4354 ,
1594 4289 1668 4341 uti
1722 4289 1882 4359 pleno
1925 4289 2049 4360 jure

480 4378 684 4434 domini
724 4393 823 4433 ceu
872 4377 925 4433 in
974 4379 1245 4448 propriam
1298 4378 1511 4433 domum
1567 4378 1769 4434 inducti
1818 4394 2048 4447 sumus;

479 4469 578 4529 sed
616 4470 770 4540 quasi
807 4467 1054 4539 inquilini
1091 4478 1144 4523 et
1171 4468 1386 4523 advenae
1409 4507 1424 4533 ,
1478 4468 1799 4538 exsulesque
1850 4470 2057 4539 abripi-

481 4578 603 4617 mur
651 4577 758 4632 quo
802 4560 1071 4628 nolumus,
1097 4576 1159 4614 ac
1184 4576 1290 4630 quo
1337 4569 1577 4629 tempore
1606 4575 1711 4613 non
1765 4570 2050 4629 exSpecta-

484 4653 722 4708 bamus:
764 4652 1136 4721 bonorumque
1183 4661 1490 4705 nostrorum
1531 4649 1896 4718 possessione,
1927 4664 2049 4703 cum

480 4743 708 4799 Domino
739 4746 910 4800 visum
950 4743 1112 4799 fuerit
1148 4742 1518 4814 (9).exuimur.
1553 4740 1819 4808 Quocirca
1850 4740 2013 4794 etiam
2034 4779 2050 4805 ,

479 4836 633 4892 facile
666 4837 795 4906 quid
830 4836 1087 4890 mutabile
1125 4835 1366 4890 mortalis
1406 4835 1519 4887 haec
1555 4833 1659 4887 vita
1686 4834 1918 4902 ;quique
1953 4832 2051 4886 ho-

476 4930 563 4983 die
582 4929 763 4984 clarus
779 4940 864 4985 est
884 4944 946 4984 ac
978 4930 1227 4992 illustris,
1246 4942 1368 4982 cras
1382 4925 1704 4981 miserabilis
1716 4935 1798 4979 est
1814 4939 1876 4979 ac
1890 4939 2054 4994 egens

474 5036 576 5092 ope
594 5044 607 5079 :
623 5024 714 5092 qui
736 5022 789 5077 in
812 5022 1094 5092 prmsentia
1116 5018 1382 5092 opulentia
1401 5028 1483 5073 est
1497 5033 1560 5073 ac
1570 5018 1877 5073 divitiarum
1897 5019 2050 5088 copia

547 5220 732 5290 "glsa.
769 5237 881 5288 ιιι,
917 5220 969 5287 l,
1004 5219 1062 5275 2.
1142 5220 1184 5251 η
1225 5217 1356 5273 Luc.
1390 5232 1477 5272 xw
1502 5256 1517 5282 ,
1550 5217 1575 5271 1
1610 5232 1729 5287 sqq-

547 5374 623 5445 (9)
660 5375 898 5445 (Jamque
922 5371 1351 5445 reruntDomino
1400 5374 1564 5427 uisum
1603 5371 1783 5440 fuerit,
1824 5370 1904 5438 τῷ
1937 5377 2051 5445 {(v-

466 5443 579 5518 ρίῳ
607 5443 719 5512 τῆς
753 5443 1043 5518 κτήσεως.
1081 5443 1216 5518 Malo
1243 5444 1343 5507 sic,
1362 5458 1533 5518 _qu_a_m
1569 5453 1638 5518 ‘ut
1680 5446 1906 5518 mutavit
1947 5443 2051 5496 ου-

472 5512 618 5569 imus
661 5532 723 5569 ex
762 5512 935 5569 Vatic.
980 5514 1268 5584 achSirm"
1317 5513 1396 5584 τῷ
1438 5513 1627 5584 Κρρὶῳ
1668 5512 1769 5582 τῆς
1802 5514 2050 5579 κτίσεως,

473 5585 702 5641 Domino
738 5596 1011 5638 creatura.
1051 5581 1163 5637 Non
1209 5581 1451 5638 enim'de
1481 5581 1909 5645 Deo'estsermo,
1944 5599 2051 5651 qua

479 5658 691 5709 ratione
730 5663 812 5709 est
835 5664 1049 5710 creator
1069 5669 1132 5707 ac
1167 5652 1307 5707 Deus
1335 5654 1610 5721 absolute;
1647 5654 1738 5708 sed
1770 5657 1836 5708 de
1862 5655 2049 5708 eodem

476 5724 579 5779 sub
619 5724 892 5806 peculiari
959 5724 1168 5778 ratione
1224 5722 1426 5778 domini
1485 5740 1550 5778 ac
1617 5725 1947 5806 possessoris
1999 5726 2049 5778 in

480 5794 761 5870 parabola,
790 5795 856 5850 ad
877 5808 1035 5867 quem
1064 5808 1255 5852 omnes
1282 5804 1339 5849 ut
1362 5794 1628 5851 (economi
1656 5810 2049 5866 comparemur,

2150 4285 2612 4357 ῳκίσθημεν·ἀλλ⁹
2635 4286 2711 4350 ὡς
2744 4286 3010 4359 πάροικοι,
3032 4287 3125 4341 καὶ
3158 4288 3449 4360 ἐπήλυδες,
3484 4289 3578 4342 καὶ
3598 4290 3737 4359 tae-:4

2152 4376 2413 4441 ανάσται,
2481 4376 2725 4448 ἀγόμεθα
2755 4379 2889 4432 ὅπου
2931 4377 2991 4431 οὐ
3026 4377 3287 4449 θέλομεν,
3336 4378 3429 4432 καὶ
3466 4377 3631 4449 ἡνίκα
3667 4380 3730 4433 οὐ

2156 4469 2592 4542 προσεδοκῶμεν.
2656 4469 3057 4555 Ἀιραιρούμεθα
3098 4470 3156 4524 δὲ
3199 4471 3307 4525 τῶν
3355 4471 3551 4540 ὅντων,
3603 4474 3733 4526 ὅταν

2156 4562 2283 4634 δόξῃ
2311 4562 2389 4633 τῷ
2414 4562 2601 4635 Κυρίῳ
2620 4602 2635 4627 ,
2680 4564 2778 4634 τῆς
2812 4564 3081 4636 κτήσεως.
3113 4563 3206 4618 Διὸ
3235 4565 3331 4618 καὶ
3373 4564 3735 4636 εὐμετάϐολον

2157 4652 2346 4723 χρῆμά
2392 4653 2538 4705 ἐστιν
2572 4654 2632 4706 τὸ
2666 4654 2765 4725 τῆς
2815 4655 3079 4726 ὲπικήρου
3126 4655 3329 4726 ταύτης
3368 4655 3513 4727 ζωῆς
3535 4674 3548 4687 ·
3581 4658 3676 4710 καὶ
3707 4659 3736 4710 ὁ

2160 4744 2397 4811 σήμερον
2420 4739 2647 4806 ἔνδοξος.
2673 4742 2861 4816 αὔριον
2880 4745 3131 4809 ἐλεεινὸς,
3158 4744 3339 4800 οἴκτου
3366 4747 3461 4800 καὶ
3482 4745 3735 4816 βοηθείας

2158 4828 2305 4896 ἄξιος
2328 4847 2343 4863 ο
2393 4833 2422 4886 ὁ
2464 4831 2557 4885 νῦν
2592 4831 2820 4906 εὔπορος
2854 4835 2949 4889 καὶ
2988 4834 3383 4907 εὐθηνούμενος
3427 4838 3546 4900 ταῖς
3577 4835 3732 4900 ὕλαις

2157 4921 2250 4976 τοῦ
2295 4921 2557 4991 πλούτου,
2605 4925 2773 4997 πένης
2814 4925 2950 4997 μετά
3002 4927 3226 5000 μικρὸν,
3271 4927 3391 4981 οὐδὲ
3433 4927 3524 4980 τὸν
3567 4927 3734 5005 ἄρτον

2158 5013 2364 5070 οἴκοθεν
2388 5014 2546 5088 ἔχων,
2590 5016 2650 5073 ὃν
2695 5019 3071 5092 προσφέρηται
3113 5021 3192 5082 εἰς
3222 5018 3387 5091 ζωήν.
3419 5020 3528 5075 Καὶ
3554 5021 3734 5093 τούτῳ

2158 5371 2321 5426 vitam
2378 5369 2547 5441 ipsam
2587 5385 2652 5427 ac
2687 5370 2976 5441 omniaab
3027 5385 3091 5425 eo
3137 5370 3417 5438 habentes,
3463 5371 3542 5427 sic
3584 5376 3731 5429 velut

2162 5440 2424 5511 precario,
2456 5451 2513 5496 ut
2535 5456 2658 5497 cum
2692 5440 2922 5495 voluerit
2949 5451 3174 5511 repetat,
3210 5452 3371 5510 atque
3408 5442 3474 5496 ad
3511 5457 3641 5497 usus
3666 5461 3730 5499 ac

2162 5512 2649 5566 administrationis
2679 5512 2939 5565 rationem
2972 5522 3127 5579 cogat
3165 5523 3371 5580 :atque
3417 5514 3549 5567 adeo
3597 5514 3727 5567 nihil

2160 5582 2225 5633 ad
2263 5596 2374 5634 rem
2418 5597 2574 5648 quem
2628 5584 2760 5634 citat
2797 5582 2944 5635 locus
2988 5580 3190 5637 Iudith.
3240 5598 3294 5636 Ix
3337 5584 3442 5638 17'.
3498 5582 3727 5637 Βασιλεΰ

2158 5651 2339 5722 πάσης
2378 5648 2608 5713 κτίσεώς
2660 5668 2772 5714 σου,
2799 5649 2923 5722 Rex
2962 5654 3129 5722 omnis
3162 5666 3413 5708 creatura:
3455 5664 3578 5707 tum.
3637 5654 3726 5708 Sit

2160 5720 2319 5798 paulo
2347 5731 2466 5791 post
2505 5723 2697 5788 repetit
2746 5720 2931 5798 κύριον
2974 5720 3077 5798 τῶν
3116 5723 3413 5796 χρημάτων
3461 5724 3556 5779 καὶ
3587 5728 3725 5798 κτης

2164 5791 2369 5865 μάτων,
2406 5807 2467 5849 ac
2497 5802 2604 5848 tota
2635 5791 2832 5864 passim
2866 5792 3103 5849 humilia.
