3820 6306
54 368 57 373 _
142 306 229 366 181
1100 318 1385 377 HOMlLlA
1416 319 1481 377 ll.
1518 320 1609 377 DE
1646 322 2015 384 (ECONOIIO
2052 326 2490 394 lNlQUl'l‘ATlS.

3292 328 3396 393 183

142 420 371 492 μάλιστα
400 423 435 513 ό
475 422 604 490 Θεὸς
632 425 817 497 ἡμῶν,
846 428 952 485 τῶν
974 429 1186 504 θνητῶν
1212 435 1492 510 ὑπερέχει,
1526 436 1604 508 τῷ
1628 438 1715 492 ἀεὶ

1824 442 2070 512 locuples,
2134 442 2474 512 postmodum
2514 458 2716 513 pauper
2753 441 3009 505 ellectns,
3079 455 3148 497 ne
3201 455 3391 510 panem

140 514 167 566 ό
189 513 349 578 αὐτὸς
379 510 527 569 εἶναι
546 559 563 582 ,
594 521 690 573 καὶ
714 521 976 586 ὡσαύτως
1013 523 1189 595 ἔχειν,
1224 528 1319 582 καὶ
1354 528 1715 602 ἀναφαίρετον

141 606 439 678 κεκτῆσθαι
470 609 648 683 ζωὴν,
675 615 769 669 καὶ
806 614 984 682 δόξαν,
1025 617 1117 701 καὶ
1147 617 1396 691 δύναμιν.

200 872 377 926 Πόθεν
412 869 508 929 οῦν
535 878 615 940 είς
647 877 855 950 ταύτην
882 874 1046 950 ἦλθον
1084 880 1183 951 τὴν
1211 880 1385 952 ἀρχὴν
1412 882 1502 935 τοῦ
1530 881 1709 951 λόγου,

142 963 171 1033 ἧ
206 963 342 1033 τάχα
367 963 652 1037 γνώριμον
684 966 785 1038 ήδη
824 968 1077 1039 τυγχάνει
1109 972 1223 1033 τοῖς
1254 969 1376 1023 νοῦν
1408 970 1589 1041 ἔχουσι
1623 973 1717 1025 καὶ

143 1052 461 1122 φιλολόγοις.
510 1056 571 1108 Ὀ
610 1058 827 1121 Λουκᾶς
868 1059 1000 1128 ἡμῖν
1054 1057 1369 1131 παραϐολὴν
1400 1059 1717 1126 ἀναπλάσας

142 1142 428 1213 ὕπανέγνω
481 1147 724 1218 ἀρτίως,
760 1150 817 1203 ἐν
864 1144 898 1221 ᾖ
938 1149 1031 1203 ’τὸν
1079 1150 1360 1223 οἰκονόμον
1397 1153 1504 1207 τῶν
1530 1214 1534 1218 _
1558 1154 1716 1207 ἀλλο-

139 1234 293 1306 τρίων
326 1237 646 1309 ὑπογράφει
675 1241 995 1310 στενόμενον
1028 1242 1122 1294 καὶ
1151 1240 1497 1314 θλιϐόμενον,
1530 1246 1715 1317 ἐπειδὴ

138 1326 207 1389 ὡς
226 1325 482 1399 παθητῆς
507 1330 604 1384 καὶ
635 1330 1011 1396 πολυδάπανος
1059 1333 1292 1405 ἤκουσεν
1321 1335 1470 1407 παρά
1499 1336 1592 1390 τοῦ
1622 1354 1717 1390 κυ-

142 1418 248 1488 ρίου
267 1419 383 1473 τῶν
416 1422 719 1492 χρημάτων
752 1423 847 1477 καὶ
878 1423 985 1477 τῶν
1015 1425 1333 1496 κτημάτων,
1369 1421 1586 1510 suae;
1604 1427 1718 1501 τὸν

138 1510 312 1582 Adfor
347 1512 465 1582 τῆς
492 1510 883 1582 διοικήσεως,
916 1516 1009 1570 καί
1040 1516 1370 1590 μετάστηθι·
1414 1520 1475 1574 οὐ
1507 1520 1614 1591 γάρ
1655 1537 1718 1575 σε

138 1604 242 1667 τοῖς
278 1604 458 1675 ἐμοῖς,
504 1605 582 1670 ὡς
617 1606 801 1672 ἰδίοις,
832 1608 1101 1680 ἐντρυφᾷν
1129 1609 1410 1682 ἀνέξομαι.
1445 1611 1617 1666 Τοῦτο
1658 1614 1717 1668 δέ

140 1694 295 1767 ἐστιν,
329 1697 395 1749 οὐ
427 1697 727 1768 γενομένου
759 1698 1080 1770 πράγματος
1109 1700 1386 1773 ἐξήγησις,
1419 1702 1554 1758 ἀλλὰ
1581 1704 1718 1759 πλά-

1817 534 2031 605 quidem
2059 534 2127 589 ad
2182 535 2304 589 vitae
2347 544 2708 593 commeatum
2758 534 2900 615 domi
2956 534 3137 591 habet.
3176 532 3393 602 Hocque

1815 625 2051 679 maxime
2075 625 2215 679 Deus
2241 624 2394 682 nobis
2416 625 2733 682 mortalibus
2763 633 2999 695 praestat,
3027 623 3395 694 qnodsemper

1815 716 1957 771 idem
2001 732 2065 771 ac
2095 718 2147 771 in
2185 719 2371 771 eodem
2399 718 2468 771 sit
2515 726 2658 774 statu
2685 758 2702 784 ,
2741 719 3017 787 vitamque
3061 725 3119 771 et
3166 716 3389 787 gloriam
3470 734 3476 749 ο

1818 822 1881 861 ac
1916 807 2210 876 potentiam
2240 806 2631 867 inaul‘eribilem
2665 810 2877 865 habeat.

1890 897 2007 965 Quo
2041 903 2217 953 autem
2258 898 2312 951 in
2347 900 2615 954 sermonis
2651 900 2753 954 hoc
2784 899 3066 955 exordium
3101 897 3381 961 venerim,

1819 988 1959 1045 forte
2001 988 2111 1058 jam
2159 989 2516 1060 intelligentes
2556 1005 2622 1047 ac
2672 991 2895 1045 litterati
2937 989 3094 1044 lacile
3143 988 3391 1043 animad-

1818 1093 2056 1137 vertunt.
2112 1081 2406 1149 Nimirum,
2462 1084 2599 1137 lecta
2654 1084 2812 1139 modo
2870 1090 2952 1136 est
3002 1080 3300 1150 composita
3355 1093 3389 1132 a

1817 1173 1963 1229 Luca
2010 1174 2297 1243 parabola,
2346 1175 2399 1229 in
2444 1191 2555 1244 qua
2601 1174 2723 1240 ille,
2760 1174 3060 1230 alienorum
3101 1173 3387 1242 dispensa-

1821 1274 2033 1329 torem,
2096 1266 2301 1319 tristem
2354 1264 2723 1334 afﬂictumque
2767 1264 3068 1331 describit,
3124 1264 3215 1319 ubi
3265 1273 3388 1318 tan-

1816 1370 1979 1426 quam
2014 1357 2267 1426 prodigns
2299 1370 2366 1411 ac
2398 1357 2707 1425 dissipator,
2739 1369 2804 1409 ex
2828 1355 3089 1411 bonorum
3114 1368 3177 1409 ac
3200 1366 3413 1409 rerum-

1818 1446 2037 1501 domiuo
2094 1450 2366 1514 audisset,
2436 1445 2612 1502 Redde
2671 1445 3387 1514 rationemgaispenaationis

1816 1544 1957 1609 tum,
1994 1550 2060 1591 ac
2103 1552 2266 1607 quam
2311 1538 2420 1593 cito
2462 1536 2719 1592 discede:
2758 1550 2858 1590 nec
2904 1536 3086 1600 enim,
3140 1534 3304 1590 rebus
3336 1542 3390 1588 te

1818 1626 2217 1699 meis,perinde
2248 1642 2313 1684 ac
2348 1628 2483 1694 tuis,
2518 1625 2789 1684 luxuriari
2830 1626 3033 1682 sinam.
3076 1624 3173 1680 Est
3209 1633 3385 1679 autem

1819 1716 1969 1785 haec,
2019 1734 2125 1776 non
2166 1734 2309 1776 verae
2354 1720 2429 1775 rei
2476 1719 2747 1785 narratio,
2792 1720 2886 1775 sed
2932 1716 3056 1774 ticta
3096 1714 3387 1789 parabola,

139 1802 215 1850 σις
252 1787 597 1859 παραϐολῆς,
624 1792 737 1854 τοῖς
776 1790 1226 1862 ἐπεσκιασμένοις
1250 1792 1356 1846 τῶν
1389 1791 1563 1863 λόγων
1599 1794 1717 1865 ἠθι-

1824 1824 1939 1878 ιιιιαι
1984 1824 2235 1867 sermone
2283 1811 2513 1883 quodam
2542 1811 2915 1878 ,adumbrato,
2968 1787 3229 1864 moralem
3291 1821 3394 1865 nos

139 1878 228 1951 ιην
251 1880 459 1952 ἀρετὴν
491 1880 915 1937 ἐκπαιδεύουσα.
942 1883 1114 1938 Γνῶθι
1143 1885 1321 1939 τοίνυν
1343 1885 1594 1951 ἕκαστος,
1637 1887 1715 1953 ὼς

139 1969 427 2042 ἀλλοτρίων
449 1966 505 2024 εἴ
525 1971 828 2043 διοικητὴς,
851 1972 941 2025 καὶ
969 1971 1131 2045 ῥίψας
1157 1973 1266 2029 ἀπὸ
1289 1974 1390 2046 τῆς
1418 1974 1596 2048 ψυχῆς
1622 1994 1714 2031 σου

139 2061 226 2133 τῆς
260 2062 557 2128 αὑθεντίας
586 2062 686 2135 τὴν
724 2064 1139 2137 ὑπερηφανίαν,
1180 2065 1240 2119 τὸ
1278 2065 1372 2119 τοῦ
1412 2067 1716 2123 ὑπευθύνων

139 2155 226 2207 καὶ
243 2154 536 2226 οἰκονόμου
564 2155 806 2210 ἀνάλαϐε
834 2157 1091 2210 ταπεινὸν
1118 2158 1213 2212 καὶ⁵
1236 2157 1482 2223 εὐλαϐὲς,
1509 2159 1596 2213 ἀεὶ
1624 2149 1716 2214 τὸν

138 2247 318 2320 κύριόν
350 2266 450 2303 σου
476 2250 793 2320 ἀναμένων,
836 2251 930 2303 καὶ
971 2251 1107 2331 μετά
1142 2250 1343 2315 δειλίας
1382 2252 1717 2324 συγγράφων

141 2340 230 2410 τῆς
257 2339 561 2410 ἀπολογίας
603 2340 666 2393 τὸ
698 2339 1027 2409 λογοθέσιον.
1061 2342 1331 2414 Πάροικος
1372 2343 1479 2416 γάρ
1510 2340 1581 2407 εἴ,
1618 2344 1720 2398 όλι-

140 2432 416 2505 γοχρονίου
438 2434 689 2505 χρήσεως
709 2434 804 2489 καὶ
826 2432 1125 2505 παροδικῖκ
1144 2433 1323 2490 λαϐὼν
1346 2435 1714 2508 συγχώρησιν.

146 2524 202 2577 Ei
243 2524 612 2595 ἀμφιϐάλλεις
654 2526 750 2578 ἐπὶ
784 2526 896 2588 τοῖς
939 2525 1272 2597 γνωρίμοις,
1320 2528 1602 2599 κατάμαθε
1650 2528 1721 2584 τὰ

143 2614 416 2685 γινόμενα,
444 2615 538 2670 καὶ
571 2618 639 2687 τῇ
671 2614 889 2685 ἀψευδεῖ
915 2613 1240 2687 διδασκάλῳ,
1266 2620 1333 2688 τῇ
1366 2619 1553 2691 πείρᾳ,
1588 2637 1717 2674 παι-

147 2705 379 2778 δεύθητι.

205 2883 489 2957 Κέκτησαι
516 2882 739 2957 χωρίον,
765 2884 798 2956 ἢ
827 2884 977 2959 παρά
1011 2886 1266 2959 πατέρων
1303 2886 1512 2954 λαϐὼν,
1547 2888 1580 2959 ἢ
1612 2888 1720 2942 ἀπό

148 2980 280 3038 ’τινος
318 2972 770 3047 συναλλάγματος
824 2977 1012 3049 κύριος
1055 2979 1317 3048 γεγονώς.
1371 2980 1718 3050 Ἀναλόγισαι

150 3060 232 3119 οὖν
255 3069 320 3139 τῇ
357 3069 550 3142 μνήμῃ
579 3069 676 3123 καὶ
702 3069 905 3142 ἀπαρίο
915 3088 1086 3143 μησαι
1113 3072 1353 3137 πάντας,
1393 3073 1442 3126 εί
1471 3072 1716 3139 δύνασαι,

1821 1897 2071 1953 virtutem
2123 1901 2302 1955 docet.
2357 1899 2547 1970 itaque
2600 1902 2817 1954 noveris
2858 1898 3108 1970 quisquis
3162 1910 3260 1963 es,
3306 1911 3392 1951 reo

1816 2001 1935 2042 rum
1984 1988 2080 2044 tibi
2135 1989 2433 2046 alienarum
2492 1988 2950 2059 dispensationem
3006 2001 3127 2043 esse
3179 1984 3399 2055 delega-

1819 2086 1954 2143 lam.
2008 2079 2287 2152 ejectaque
2331 2094 2556 2150 prorsus
2589 2095 2658 2137 ex
2712 2079 2898 2134 animo
2950 2073 3235 2149 potestatis
3293 2073 3389 2137 hoc

1819 2166 1932 2222 rilis
1984 2169 2277 2236 superbia,
2344 2167 2738 2238 dispensatoris
2791 2165 3099 2222 rationibus
3160 2163 3388 2219 obnoxii

1819 2261 2177 2317 humilitatem
2228 2276 2296 2317 ac
2343 2260 2705 2317 reverentiam
2759 2273 2946 2321 sume,
3004 2255 3395 2325 dominumque

1818 2366 2030 2422 semper
2071 2361 2429 2421 exspectans,
2481 2348 2691 2402 tabulas
2739 2363 2804 2403 ac
2844 2346 3057 2401 codices
3111 2345 3381 2398 rationum

1816 2441 2047 2498 sollicite
2097 2457 2164 2498 ac
2236 2451 2471 2496 tremore
2528 2438 2833 2495 conscribe.
2893 2436 3192 2506 lnquilinus
3244 2434 3389 2491 enim

1816 2549 1910 2600 es,
1958 2542 2121 2603 atque
2172 2534 2239 2587 ad
2290 2533 2455 2589 breve
2502 2540 2716 2602 tempus
2760 2545 2824 2585 ac
2877 2526 3107 2583 transitu
3169 2541 3397 2579 usuram

1817 2640 2131 2682 concessam
2168 2624 2382 2691 habes.
2448 2625 2599 2693 Quod
2662 2626 2708 2680 si
2771 2621 2933 2678 rebus
2979 2620 3112 2672 adeo
3166 2616 3380 2687 perspi-

1818 2712 1933 2767 Cnis
1988 2712 2193 2778 haeres,
2256 2727 2325 2767 ex
2375 2727 2435 2767 re
2497 2713 2610 2783 ipsa
2674 2726 2739 2766 ac
2806 2706 3141 2779 experientia
3206 2705 3401 2772 disce,

1819 2818 1937 2871 quae
1990 2802 2243 2871 magistra
2297 2803 2429 2858 nihil
2481 2801 2642 2858 fallax
2670 2815 2775 2857 est.

1887 2894 2154 2949 Praedium
2197 2893 2437 2964 possides
2484 2894 2633 2964 (10),
2687 2892 2826 2962 ejus,
2874 2890 2958 2948 vel
3003 2906 3071 2947 ex
3123 2889 3393 2959 majorum

1818 2984 2165 3051 inmeditate,
2221 2984 2302 3039 vel
2354 2993 2637 3040 contractu
2690 2984 2891 3054 aliquo,
2935 2982 3162 3053 adeptus
3217 2979 3392 3036 domi-

1819 3076 1987 3130 nium.
2032 3076 2286 3131 Memoria
2338 3075 2499 3148 igitur
2534 3085 2708 3130 tecum
2746 3082 2962 3145 repete,
2999 3087 3064 3128 ac
3095 3085 3393 3137 enumera,

150 3156 264 3221 τοὺς
290 3157 403 3229 πρὸ
441 3157 537 3211 σοῦ
570 3158 978 3232 κατεσχηκότας
1020 3162 1185 3217 αὑτό·
1227 3162 1483 3217 ἐπίϐαλλε
1525 3164 1581 3217 δὲ
1625 3167 1717 3219 καὶ

1824 3170 1865 3223 si
1902 3182 2083 3239 potes,
2121 3176 2384 3238 quotquot
2425 3167 2476 3222 id
2515 3167 2691 3236 ipsum
2732 3180 2857 3220 ante
2896 3175 2948 3220 te
2987 3164 3387 3234 possederunt:

150 3245 221 3317 τῷ
264 3247 514 3319 μέλλοντι
544 3248 723 3321 χρόνῳ
752 3250 844 3305 τδν
888 3252 1012 3306 νοῦν
1036 3293 1052 3318 ,
1093 3254 1188 3308 καὶ
1223 3254 1377 3308 πόσοι
1419 3255 1582 3309 αὐτοῦ
1626 3275 1720 3310 κυ-

102 3412 109 3421 .
159 3339 419 3408 ριεύσουσι
453 3342 592 3413 μετὰ
633 3342 1085 3417 σέχκατανόησον.
1120 3347 1331 3418 Φράσον
1371 3347 1428 3400 δέ
1474 3365 1598 3419 μοι,
1644 3349 1717 3403 τίο

154 3435 291 3506 νοςὴ
333 3434 643 3501 δεσποτεία,
676 3436 767 3490 καὶ
807 3437 916 3490 τίσι
946 3436 1363 3511 κατ’,ἐξαίρετον
1396 3426 1723 3512 διαφέρουσα

157 3526 255 3588 τοίς
297 3526 596 3597 ἐσχηκόσι,
650 3530 765 3591 τοῖς
793 3527 1027 3599 ἔχουσιν,
1070 3530 1103 3601 ἢ
1143 3533 1255 3595 τοῖς
1292 3530 1605 3601 μέλλουσιν;
1662 3532 1723 3587 El

157 3614 254 3686 γάρ
280 3634 364 3681 τις
390 3620 459 3672 ἐκ
480 3619 731 3690 μηχανῆς
758 3620 966 3684 πάντας
990 3620 1312 3692 ἀθροίσειεν,
1338 3622 1722 3695 εὑρεθήσονται

157 3705 362 3772 πλείους
390 3709 502 3762 τῶν
532 3708 718 3780 βώλων
747 3711 797 3765 oi
826 3713 1168 3784 κεκτημένοι.
1211 3702 1430 3768 Μᾶλλον
1458 3715 1534 3779 δέ,
1566 3717 1723 3791 εἴπερ

158 3796 388 3871 ἀκριϐῶς
411 3800 595 3872 βούλει
627 3801 863 3857 κατιδεῖν
887 3803 992 3857 τίνι
1029 3805 1329 3878 παρόμοιος
1356 3807 1385 3859 ό
1414 3806 1523 3878 βίος
1544 3808 1719 3879 ἡμῶν,

154 3891 523 3961 μνημόνευσον
556 3894 739 3948 εἴποτε
772 3894 892 3966 ὥρᾳ
921 3895 1111 3967 θέρους
1146 3897 1471 3969 ὁδοιπορῶν,
1514 3898 1725 3953 ἐθεάσω

160 3978 357 4055 δένδρον
396 3983 751 4055 άμφιθαλές,
783 3988 875 4039 ἐπὶ
909 3987 1043 4042 πολὺ
1083 3988 1177 4042 τοῦ
1219 3989 1454 4054 πλάτους
1494 3992 1587 4045 καὶ
1628 3991 1722 4045 τοῦ

166 4076 355 4148 μήκους
399 4078 590 4151 διῆκον
617 4121 633 4142 ,
687 4081 869 4135 ίκανδν
920 4085 985 4155 τῇ
1032 4084 1159 4155 σκιᾷ
1209 4084 1384 4149 οἰκίας
1438 4083 1723 4155 πληρῶσαι

162 4172 356 4241 χρείαν.
382 4172 575 4244 Τούτῳ
606 4172 860 4245 τερφθεὶς
882 4174 1141 4247 ὑπῆλθες,
1174 4177 1285 4238 καὶ,
1310 4176 1394 4246 ἐφ’
1423 4177 1547 4230 ὅσον
1571 4176 1721 4248 ἐξῆν,

164 4258 323 4315 ἐκεῖσε
349 4261 700 4332 κατέμεινες.
744 4263 895 4317 Ἐπεὶ
931 4263 989 4317 δὲ
1033 4263 1142 4317 ἔδει
1175 4264 1334 4319 πάλιν
1363 4266 1593 4337 ἀπᾶραι,
1632 4267 1725 4320 καὶ⁵

164 4352 243 4406 σοῦ
271 4354 600 4426 βουλομένου
629 4355 729 4428 τὴν
753 4355 955 4426 ἄφιξιν,
977 4356 1169 4428 ἕτερος
1191 4358 1470 4430 ὁδοιπόρος
1496 4358 1719 4429 ἐπέστη.

161 4442 256 4498 Καὶ
283 4448 354 4501 σὺ
389 4448 493 4519 μὲν
517 4446 779 4520 ἐφόρτους
814 4449 910 4520 τὴν
934 4450 1242 4521 ἀποσκευήν
1262 4466 1276 4480 θ
1303 4452 1331 4504 ό
1370 4450 1428 4505 δὲ
1457 4450 1555 4522 τὴν
1592 4450 1723 4504 ἰδίαν

1822 3268 1944 3330 post
1990 3260 2183 3314 deinde
2226 3259 2405 3313 animo
2439 3258 2725 3313 attendens
2760 3258 2997 3312 futurum
3034 3267 3272 3325 tempus,
3306 3263 3385 3308 te-

1822 3368 1943 3405 cum
1985 3361 2205 3420 reputa,
2236 3365 2397 3420 quam
2428 3349 2581 3403 multi
2626 3358 2749 3419 post
2800 3361 2853 3404 te
2901 3347 3015 3415 ejus
3067 3348 3175 3401 sint
3225 3343 3389 3399 futuri

1822 3446 2045 3502 domini.
2080 3443 2176 3500 Dic
2208 3460 2356 3510 vero,
2388 3440 2568 3508 sodes,
2597 3444 2878 3514 cujusnam
2912 3443 3027 3515 ejus
3055 3440 3388 3506 dominium,

1827 3546 1919 3591 aut
1945 3538 2011 3591 ad
2045 3552 2178 3606 quos
2214 3533 2343 3590 illud
2377 3536 2634 3606 peculiari
2667 3535 2896 3604 quadam
2933 3533 3140 3587 ratione
3176 3547 3240 3588 ac
3275 3531 3390 3585 sin-

1823 3629 2083 3700 gulariter
2135 3629 2409 3701 pertinet;
2465 3626 2532 3681 ad
2580 3641 2746 3682 eosne
2794 3625 2883 3695 qui
2928 3624 3264 3685 habuerunt,
3318 3637 3388 3676 an

1823 3723 1914 3793 qui
1949 3720 2183 3786 habent,
2212 3719 2298 3775 vel
2333 3720 2423 3790 qui
2455 3720 2708 3787 deinceps
2753 3725 2880 3771 sunt
2922 3713 3203 3769 habituri?
3250 3710 3388 3767 Nam

1823 3811 1872 3867 si
1902 3811 2023 3880 quis
2054 3823 2244 3866 omnes
2271 3809 2416 3863 velut
2444 3823 2475 3863 e
2504 3805 2754 3862 machina
2785 3803 3193 3874 congregaverit
3213 3842 3229 3867 ,
3266 3817 3391 3873 pos-

1822 3918 2063 3959 sessores
2096 3902 2275 3971 plures
2299 3911 2585 3955 occurrent
2620 3913 2779 3969 quam
2812 3897 2999 3967 glebte.
3033 3896 3175 3963 Quin
3217 3909 3344 3950 vero
3370 3935 3390 3964 ,

1824 4003 1884 4047 ut
1911 4007 2223 4062 expressam
2270 3993 2454 4047 Iubeas
2501 3989 2657 4058 hujus
2701 3989 2823 4043 vita:
2851 3990 3035 4044 videre
3066 3987 3349 4059 imaginem
3370 4026 3395 4051 ,

1826 4085 2110 4139 recordare
2131 4123 2145 4148 ,
2179 4083 2225 4137 si
2256 4081 2395 4136 forte
2456 4081 2651 4136 accidit
2705 4090 2765 4134 ut
2798 4079 3089 4150 aliquando
3122 4094 3218 4148 per
3248 4078 3392 4132 aesti-

1826 4189 1949 4229 vum
1997 4185 2207 4244 tempus
2261 4173 2362 4227 iter
2406 4186 2577 4242 agens
2617 4169 2843 4224 viridem
2889 4168 3139 4224 arborem
3176 4165 3405 4238 conspi-~

1834 4266 2073 4330 careris,
2127 4265 2364 4337 patulam
2416 4264 2561 4319 illam
2610 4277 2676 4317 ac
2710 4262 2910 4325 altam,
2962 4259 3171 4327 lataque
3210 4269 3390 4329 aptam

1826 4358 2046 4422 umbra,
2082 4370 2140 4411 ut
2173 4356 2255 4411 vel
2291 4356 2478 4410 domus
2509 4352 2755 4423 impleret
2785 4353 2975 4406 vicem.
3008 4349 3178 4420 Hujus
3213 4359 3267 4403 tu
3298 4350 3393 4404 de-

1828 4450 2057 4504 lectatus
2107 4447 2425 4501 ammnitate
2474 4443 2665 4500 subisti
2714 4442 3000 4507 umbram,
3043 4441 3251 4510 subque
3289 4455 3387 4506 ea,

163 4536 394 4609 καθῄρει,
416 4538 515 4591 καὶ
535 4540 712 4592 πάντα
725 4539 794 4591 τά
811 4519 877 4592 σά
893 4537 1083 4609 ἁθρόον
1103 4519 1390 4602 διεδέξατο,
1415 4519 1521 4609 τὴν
1535 4538 1717 4593 στιϐά-

1826 4541 2058 4611 quandiu
2110 4539 2283 4605 licuit,
2326 4544 2693 4593 commoratus
2737 4550 2815 4590 es.
2862 4533 2997 4601 Quia
3038 4547 3165 4587 vero
3194 4532 3389 4586 iterum

90 4666 93 4671 -
160 4624 300 4693 Gens
316 4630 456 4702 πῦρ,
476 4632 576 4703 τὴν
592 4630 692 4684 τοῦ
706 4631 921 4704 δένδρου
946 4632 1124 4696 σκιάν,
1141 4633 1200 4686 τὸ
1220 4633 1534 4704 παραρρέον
1558 4631 1721 4704 ὕδωρ.

162 4716 254 4773 Καὶ
279 4722 311 4775 ό
346 4722 452 4793 μὲν
485 4721 665 4792 εἴχετο
700 4721 800 4793 τῆς
837 4723 1237 4788 κατακλίσεως·
1280 4725 1345 4777 σὺ
1374 4720 1432 4777 δὲ
1451 4762 1466 4787 ,
1498 4723 1592 4778 τοῦ
1622 4742 1723 4778 πε-

163 4810 398 4881 ριπάτου.
442 4810 714 4883 Ἐτέρφθη
746 4812 1018 4877 κάκεῖνος,
1046 4808 1166 4867 εἶτα
1186 4812 1427 4883 ἀφῆκεν·
1459 4816 1553 4869 καὶ
1578 4814 1639 4868 τὸ
1662 4813 1723 4868 ἓν

218 4991 327 5065 (I0)
369 4991 925 5070 Prwtlium_possides.
966 4994 1114 5070 Lego
1142 5009 1204 5048 ac
1236 4995 1469 5070 corrigo,
1515 4996 1713 5070 κέκτη-

167 5063 256 5135 σαι,
281 5063 387 5134 pro
424 5063 522 5116 καὶ
572 5063 809 5135 κτῆσαιξ
838 5065 993 5135 quod
1024 5063 1201 5135 minus
1224 5063 1478 5131 cohaeret,
1510 5082 1608 5122 nec
1629 5063 1714 5122 eSt

163 5132 295 5205 aliud
316 5147 485 5205 quam
513 5134 802 5205 antiquarii
834 5132 1034 5203 lapsus.
1062 5134 1266 5189 indicat
1295 5138 1536 5190 Asterius
1555 5152 1711 5192 occa—

163 5201 355 5259 sionem
390 5204 691 5272 sumpsisse
720 5201 1007 5259 enarrandi
1051 5205 1207 5272 hujus
1256 5205 1357 5259 loci
1386 5221 1451 5259 ex
1484 5205 1713 5263 lectione

163 5221 347 5259 nonem
390 5221 691 5272 sumpsisse
720 5221 1007 5259 enarranm
1051 5221 1119 5258 nn
1147 5221 1207 5258 us
1257 5221 1357 5259 lOCl
1386 5221 1451 5259 ex
1484 5221 1711 5263 tecnune

163 5272 476 5345 evangelica,
507 5283 716 5345 utgmos
746 5272 833 5329 ille
860 5275 1064 5345 legendi
1099 5221 1370 5342 évangelii
1417 5277 1556 5330 inter
1582 5276 1711 5332 Mis-

164 5343 327 5420 sarut'u
355 5343 646 5420 solemnia,
677 5358 781 5399 non
816 5343 972 5399 unius
997 5343 1714 5420 Hierosolymitana:Eccle-

163 5412 237 5483 sia:
280 5415 538 5483 proprius
592 5424 754 5476 esset.
810 5423 867 5469 ut
924 5412 1463 5483 assumitﬂvastalins
1513 5415 1564 5470 in
1615 5431 1713 5471 suo

163 5477 348 5554 Joanne
371 5477 757 5554 Hierosolyma
786 5484 881 5539 sed
910 5485 1135 5539 aliarum
1165 5482 1526 5539 Ecclesiarum
1560 5501 1711 5541 com-

165 5553 343 5621 munis,
382 5564 443 5609 ut
494 5553 641 5626 nullo
691 5554 814 5609 inde
859 5564 1193 5626 argumento,
1253 5556 1375 5609 aliis
1429 5558 1715 5626 abrogatas

166 5632 445 5695 sermones,
470 5625 647 5679 eidem
674 5634 907 5679 assertos
924 5621 1113 5682 Taciat.
1143 5621 1384 5694 Forsqne
1412 5640 1515 5679 non
1546 5621 1714 5695 pauca

166 5687 350 5815 md
375 5687 519 5776 idem
539 5703 860 5765 argumenta
890 5695 1022 5749 nihil
1050 5695 1140 5749 illo
1172 5687 1439 5748 robustius
1462 5687 1711 5776 habeant.

343 5764 572 5815 Inferius
598 5764 686 5815 τὸ.
712 5763 989 5815 δικάζεται
1016 5764 1109 5815 καὶ
1146 5764 1392 5815 ιοέοεται-
1421 5775 1620 5815 mutatu
1661 5781 1711 5815 tu

342 5764 572 5823 infcrius
598 5763 686 5832 τὸ,
712 5763 989 5829 δικάζεται
1016 5764 1109 5819 καὶ
1146 5764 1393 5838 φέρεται,
1421 5764 1620 5820 mutavi
1661 5765 1721 5821 itt

1823 4633 1973 4686 abire
2027 4629 2348 4700 oportebat,
2405 4628 2729 4682 destinatum
2786 4626 3111 4695 cogitantem
3172 4621 3345 4676 locum
3372 4662 3399 4686 ,.

1832 4726 1972 4778 alius
2020 4708 2290 4792 quispiam
2324 4720 2499 4773 viator
2530 4716 2802 4772 accessit:
2838 4731 2904 4771 ac
2940 4725 2994 4770 tu
3026 4712 3243 4784 quidem
3271 4728 3388 4767 sar-

1824 4815 2002 4869 cinam
2051 4811 2318 4869 sustulisti
2387 4809 2537 4882 (ll);
2580 4808 2673 4865 ille
2719 4807 3001 4878 deposuit,
3041 4816 3238 4874 tuaque
3272 4820 3395 4858 om-

1816 4997 2064 5063 δικάζετε
2089 5007 2154 5070 et
2178 4998 2393 5070 φέρετεΪ
2426 4995 2619 5070 Liquet
2647 4994 2699 5070 in
2726 4991 2985 5070 ejusmodi
3014 4988 3187 5070 facilis
3223 5004 3388 5045 caco-

1817 5059 2061 5139 graphia.
2094 5059 2527 5139 Τὴνίὶπεύθυνον
2571 5065 2699 5117 dicit
2728 5059 3061 5139 πλεονεξίαν,
3105 5062 3172 5116 ad
3223 5075 3387 5130 quant

1818 5134 1998 5192 animo
2059 5134 2444 5208 proﬂigandam
2476 5137 2756 5208 hortatur
2800 5134 3113 5208 auditores,
3174 5145 3279 5208 non
3330 5140 3389 5186 ut

1824 5199 2081 5279 quisqnei
2116 5199 2382 5263 calculum
2412 5277 2419 5279 ξ
2456 5204 2880 5279 damnatoriam
2920 5202 3058 5257 ferat
3127 5199 3390 5264 adversus

1818 5272 1982 5331 suam"
1998 5278 2253 5340 animam,
2288 5286 2349 5331 ut
2376 5277 2576 5331 absone
2606 5273 2836 5328 reddidit
2868 5272 3154 5340 interpres.

1888 5345 2001 5418 (ll)
2042 5338 2319 5418 sarcinam
2353 5343 2634 5409 sustulisti,
2683 5341 2766 5396 σὺ
2952 5338 3227 5418 έφόρτοις
3273 5338 3391 5409 τὴν

1817 5413 2189 5486 ἀποσκευήν.
2241 5414 2514 5486 interpres
2559 5429 2665 5469 non
2711 5415 2907 5486 reddit.
2965 5413 3188 5486 Dircaeus
3231 5420 3391 5486 putat

1817 5486 1991 5540 luctum
2045 5481 2404 5550 mendosum,
2462 5485 2642 5553 aitque
2719 5481 2952 5553 fortasse
2996 5481 3387 5553 scribendum;

1818 5556 1931 5609 Καὶ
1956 5558 2020 5609 σὺ
2059 5556 2155 5627 μὲν
2188 5546 2487 5625 ἐφόρτιζες.
2517 5546 2628 5627 Ego
2659 5552 2791 5608 nihil
2828 5561 3247 5627 erratum_puto,
3294 5546 3388 5604 sed

1825 5642 1977 5679 usnm
2013 5621 2438 5680 Asterium-voce
2471 5621 2644 5678 minus
2672 5622 2966 5688 communi,
3019 5621 3159 5676 ιιωηί
3202 5630 3389 5688 tamen

1820 5694 1918 5767 τῷ,
1952 5694 2209 5767 φορτίξω,
2235 5708 2300 5750 ac
2324 5710 2393 5767 ex
2423 5695 2608 5748 eadem
2637 5693 2815 5767 radice
2842 5708 2855 5745 :
2889 5687 3068 5760 ut’pro
3099 5705 3164 5746 eo
3185 5687 3405 5767 ntalue‘

1822 5759 2159 5836 τίῖςεορῖεόω·
2193 5765 2334 5836 quod
2364 5763 2738 5832 utrumquesit
2762 5776 2943 5830 artato,
2974 5759 3102 5815 auus
3122 5759 3269 5814 tollo.
