3820 6300
433 328 538 384 183

1699 332 1758 392 S.
1798 333 2070 390 ASTERII
2114 333 2410 389 AMASENI

3577 339 3692 394 εει

434 446 524 502 nia
553 442 735 500 statim
765 444 978 516 excepit
1007 463 1022 512 ;
1056 453 1280 500 stratum
1302 485 1317 510 ,
1341 446 1516 515 ignem
1536 487 1550 514 ,
1577 462 1849 503 ramorum
1879 465 1997 503 um-

2122 449 2315 521 ἱένδρον
2350 449 2440 502 ἐπὶ
2472 466 2601 520 μιας
2641 449 2851 520 ἡμέρας
2900 448 3116 518 ἐγένετο
3162 448 3300 520 τάχα
3336 449 3464 506 δέκα
3514 453 3693 521 ξένων

434 537 627 604 bram,
684 551 747 593 ac
801 552 995 608 aquam
1048 536 1535 606 praeterﬂuentem;
1595 541 1863 610 coepitque
1913 541 2001 596 ille

433 629 739 696 recubare;
799 640 888 697 tu,
941 639 1086 684 tuum
1123 630 1375 698 prosequi
1415 631 1534 686 iter.
1579 631 1884 687 Delectatus
1921 641 2004 686 est

429 731 485 774 et
519 720 640 784 ille,
703 730 922 791 tumque
971 723 1191 791 reliquit
1238 731 1482 777 tectum:
1536 726 1832 794 eademque
1883 725 1999 792 ipsa

431 813 596 865 arbor
643 827 747 867 una
803 815 923 878 die,
973 813 1156 868 decem
1200 813 1337 868 forte
1385 816 1654 884 hospitum
1708 817 1773 869 ad
1835 815 2001 870 breve

441 912 651 971 tempus
697 904 1049 958 diversorium
1106 902 1250 972 fuit;
1308 920 1370 960 ac
1423 921 1544 976 qua:
1596 905 1845 960 omnibus
1900 920 1997 959 usu

431 997 642 1064 patuit,
680 998 838 1051 unius
869 1009 988 1052 erat
1025 1000 1134 1053 veri
1183 999 1408 1054 domini.
1460 999 1612 1053 Haud
1655 999 1834 1064 aliter,
1878 999 2000 1053 vita:

432 1090 591 1159 hujus
638 1089 921 1145 facultates
969 1105 1031 1145 ac
1075 1091 1276 1160 copiae,
1324 1107 1445 1145 cum
1494 1090 1690 1146 multos
1732 1091 1998 1145 delectent

429 1197 494 1233 ac
553 1191 812 1251 pascant,
869 1183 1109 1236 dominio
1176 1193 1352 1237 tamen
1410 1182 1474 1236 ad
1536 1181 1709 1237 solum
1772 1181 2003 1236 attinent

433 1273 640 1338 Deum,
676 1275 764 1343 qui
799 1274 1155 1328 immortalem
1203 1289 1266 1329 ac
1315 1274 1676 1343 corruptionis
1723 1281 2000 1340 expertem

429 1363 666 1431 possidet
713 1363 900 1418 vitam.
938 1362 1124 1419 Vidisti
1172 1378 1385 1432 quoque
1433 1378 1718 1417 commune
1761 1363 2002 1416 diverso-

431 1453 604 1519 rium,
642 1469 750 1522 quo
795 1455 954 1522 plane
1007 1453 1230 1523 contigit
1279 1460 1525 1523 agentem
1577 1453 1678 1508 iter
1707 1453 1999 1507 divertere.

428 1541 591 1597 Multa
626 1545 752 1600 inde
782 1544 1041 1615 accepisti
1063 1587 1078 1610 ,
1112 1559 1232 1599 cum
1267 1543 1399 1598 nihil
1431 1543 1734 1608 intulisses,
1769 1543 1997 1606 lectum,

2103 540 2462 612 ὀλιγοχρόνιον
2509 539 2852 608 καταγώγιον
2877 557 2890 572 ο
2934 543 3028 594 καὶ
3080 541 3140 594 τὸ
3189 542 3402 596 πάντων
3450 548 3692 617 γενόμε-

2103 651 2215 699 νον,
2248 634 2367 696 ἑνὸς
2393 628 2462 704 ἦν
2490 632 2584 686 τοῦ
2612 633 2765 696 ὄντος
2793 633 3001 704 κυρίου.
3032 634 3244 688 Οὑτωσὶ
3279 635 3335 688 δὲ
3364 637 3456 689 καὶ
3488 640 3543 690 αἱ
3580 657 3692 692 πε-

2107 725 2336 795 ριουσίαι
2369 725 2468 796 τῆς
2493 724 2726 779 ἐνταῦθα
2763 725 3038 796 διαγωγῆς
3063 767 3078 791 ,
3115 727 3376 798 τέρπουσι
3419 730 3520 800 μὲν
3554 730 3693 783 πολ-

2103 811 2226 873 λοὺς
2274 811 2367 863 καὶ
2407 812 2698 882 τρέφουσιο
2745 812 2844 883 τῆς
2893 814 3211 879 δεσποτείας
3247 816 3392 888 μόνῳ
3435 819 3515 890 τῷ
3559 818 3690 892 Θεῷ

2106 902 2506 974 προσηκούσης,
2530 903 2606 974 τῷ
2628 903 2902 974 ἄφθαρτον
2931 906 3024 958 καὶ
3049 905 3350 978 ἀνώλεθρον
3378 908 3555 979 ἔχοντι
3580 911 3688 982 τὴν

2104 992 2270 1065 ζωήν.
2313 993 2549 1048 Ἐθεάσω
2567 995 2659 1048 καὶ
2686 995 3017 1065 πανδοχεῖον,
3047 997 3130 1066 ἐφ’
3156 993 3216 1052 οὑ
3236 999 3453 1064 πάντως
3473 1002 3687 1055 ὁδεύων

2101 1085 2433 1149 κατέλυσας·
2463 1085 2654 1150 ἔλαϐες
2686 1087 2742 1139 δὲ
2773 1087 2984 1141 ἐκεῖθεν
3013 1089 3182 1142 πολλά
3203 1129 3218 1154 ,
3252 1089 3537 1161 βαστάζων
3572 1110 3688 1162 μη-

2098 1176 2208 1240 δὲν,
2258 1176 2480 1248 κλίνην,
2520 1176 2834 1248 τράπεζαν,
2877 1179 3212 1250 ἐκπώματα,
3261 1181 3496 1246 πίνακα,
3540 1182 3686 1236 ἄλλα

2101 1266 2266 1339 σκεύη
2319 1268 2654 1323 παντοδαπά.
2691 1270 2916 1324 Οὐδέπω
2945 1271 3001 1323 δέ
3031 1288 3132 1324 που
3168 1273 3305 1344 πρὸς
3342 1274 3688 1344 αὐτάρκειαν

2099 1360 2480 1430 χρησαμένου,
2527 1355 2661 1431 ἧκεν
2693 1361 2850 1426 ἄλλος
2898 1363 3200 1417 πνευπιῶν
3223 1406 3239 1428 ,
3286 1366 3686 1437 κεκονιαμένος

2098 1449 2440 1518 κατεπείγων
2477 1469 2534 1504 σε
2576 1453 2668 1506 καὶ
2703 1453 2925 1526 ὲξείρων
2957 1453 3050 1508 τοῦ
3083 1457 3420 1528 πανδοχείου,
3450 1460 3547 1513 καὶ
3580 1460 3688 1532 ζηεν

2098 1540 2205 1594 τῶν
2235 1540 2302 1595 τά
2326 1541 2582 1614 ἀλλότρια
2605 1544 2680 1608 ὡς
2705 1545 2980 1616 ἐξαίρετα.

425 1649 702 1703 mensam,
750 1637 975 1705 pocula,
1024 1637 1232 1702 discos,
1283 1636 1498 1705 aliaque
1543 1635 1718 1690 omnis
1768 1632 1983 1704 generis
2020 1647 2169 1686 vasa.
2216 1633 2312 1689 Ubi
2348 1643 2525 1689 autem
2557 1638 2783 1692 necdum
2825 1639 2891 1693 iis
2939 1649 3197 1708 quantum
3253 1641 3389 1697 satis
3447 1643 3684 1700 videba-

426 1743 532 1796 tur,
580 1744 709 1786 usus
747 1745 927 1796 esses,
960 1729 1274 1800 supervenit
1340 1729 1477 1784 alius
1535 1726 1944 1783 anhelabundus
1978 1740 2042 1780 ae
2080 1725 2524 1796 pulverulentus,
2587 1744 2786 1801 urgens
2819 1741 2906 1796 te,
2953 1741 3115 1804 atque
3162 1733 3311 1789 exire
3344 1737 3687 1806 compellens

424 1843 456 1882 e
485 1825 784 1881 diversorio
805 1865 819 1889 ,
856 1825 1136 1894 alienaque
1165 1838 1261 1878 ceu
1302 1823 1515 1892 prppria
1553 1829 1824 1892 repetens.

495 1920 645 1976 Talis
701 1919 924 1975 omnino
973 1920 1079 1972 vita
1114 1927 1318 1984 nostra,
1371 1916 1588 1980 fratres,
1633 1925 1726 1969 aut
1753 1914 1814 1968 ‘-si
1858 1910 1985 1982 quid

2161 1907 2413 1974 Τοιοῦτος
2439 1909 2593 1981 ἡμῶν
2628 1913 2656 1966 ὁ
2694 1911 2827 1982 βίος,
2877 1913 3114 1984 ἀδελφοὶ,
3169 1915 3260 1968 καὶ
3284 1915 3336 1969 εί
3357 1934 3406 1970 τι
3425 1916 3532 1970 τῶν
3558 1918 3688 1989 λεχ-

423 2013 582 2068 dictis
611 2011 980 2066 transitorium
1027 2010 1194 2078 magis
1231 2023 1293 2063 ac
1351 2008 1618 2062 caducum
1675 2013 1780 2060 est.
1819 2003 1999 2070 Quare

423 2118 544 2156 cum
585 2101 793 2170 aliquos
831 2101 991 2154 audio
1033 2100 1308 2155 dicentes:
1347 2099 1613 2152 Prmdium
1666 2111 1878 2158 meum;
1920 2102 1995 2156 et,

424 2194 626 2249 Domus
675 2207 831 2261 mea,
875 2191 1017 2248 haud
1047 2194 1180 2248 satis
1221 2193 1403 2246 mirari
1439 2206 1654 2261 possum
1677 2229 1693 2255 ,
1731 2188 1998 2259 quomodo

429 2301 550 2353 qua:
585 2300 689 2340 non
723 2295 851 2340 sunt
881 2299 1101 2349 eorum,
1136 2284 1283 2338 inani
1323 2282 1424 2338 sibi
1462 2282 1662 2356 syllaba
1705 2283 1997 2346 vindicent,

424 2378 708 2446 tribusque
731 2376 1293 2431 fallacilmslitterulis
1320 2375 1496 2430 aliena
1528 2375 1648 2430 sinu
1673 2375 1994 2442 astringant.

424 2469 576 2525 Sicut
599 2470 745 2525 enim
769 2469 1096 2524 histrionum
1123 2483 1382 2538 personas
1407 2481 1565 2522 nemo
1591 2465 1805 2536 quidem
1839 2480 2001 2532 pecu-

425 2564 634 2618 liariter
659 2578 722 2618 ac
753 2561 1000 2630 proprias
1039 2559 1221 2623 habet,
1257 2560 1350 2613 sed
1379 2573 1476 2628 pro
1500 2573 1557 2612 re
1588 2572 1649 2611 ac
1682 2565 1999 2626 argumento

424 2655 651 2724 quisque
680 2653 779 2708 sibi
816 2661 966 2706 actor
997 2651 1226 2714 imponit
1255 2668 1268 2716 ;
1302 2651 1373 2704 ita
1406 2659 1607 2704 terram
1651 2661 2000 2716 terrenasque

424 2745 728 2810 facultates,
759 2745 916 2814 quasi
944 2755 1123 2798 vestes
1159 2742 1248 2796 alii
1285 2757 1353 2797 ex
1386 2742 1506 2796 aliis
1537 2741 1767 2796 induunt
1795 2756 1856 2794 ac
1880 2757 1999 2794 mu-

423 2849 559 2892 tant.
585 2838 922 2906 Dic,qu:eso,
955 2851 1081 2888 num
1109 2835 1382 2904 potentius
1426 2833 1626 2902 aliquid
1672 2833 1874 2904 regno?
1903 2822 1998 2886 Αἰ-

423 2930 513 2999 qui
563 2939 806 2985 scrutare
849 2929 1064 3000 regias;
1111 2928 1369 2996 conquire
1416 2925 1623 2996 regales
1650 2926 1999 2996 chlamydes;

425 3016 682 3087 plurimas
733 3031 862 3071 sane
916 3031 1034 3085 qua:
1087 3015 1378 3069 multorum
1436 3029 1621 3084 regum
1663 3015 2003 3068 contexerint

424 3121 674 3177 corpora,
701 3105 942 3162 olfendes
983 3124 997 3161 :
1035 3107 1198 3162 simili
1229 3120 1444 3178 quoque
1474 3106 1704 3170 ratione,
1751 3118 2000 3170 coronas,

425 3199 644 3264 fibulas,
691 3213 856 3254 zoras
903 3195 1055 3269 (12);
1109 3199 1290 3252 omnia
1332 3197 1584 3252 nimirum
1630 3197 2001 3250 haereditatem

2101 2000 2298 2055 θέντων
2325 2000 2740 2074 προδικώτερον.
2808 2003 2948 2074 Ἐγὼ
2991 2005 3047 2058 δὲ
3111 2005 3374 2076 θαυμάζω
3430 2009 3558 2070 τοὺς
3589 2007 3686 2061 λέσ-

2098 2113 2326 2164 γοντας·
2361 2096 2436 2150 Τὸ
2454 2097 2652 2168 χωρίον
2711 2114 2814 2167 μου
2841 2115 2854 2128 ·
2890 2098 3004 2162 καὶ,
3047 2099 3111 2150 Ἦ
3147 2098 3293 2151 οἰκία
3334 2116 3435 2169 μου
3457 2115 3470 2129 ο
3532 2101 3689 2164 ὅπως

2103 2187 2316 2260 ματαίῳ
2353 2187 2588 2261 συλλαϐῇ
2653 2188 3039 2254 ἐξοικειοῦνται
3093 2189 3162 2244 τὰ
3196 2190 3270 2262 μὴ
3311 2192 3688 2264 προσήκοντα,

2099 2286 2193 2338 καὶ
2211 2285 2356 2356 τρισὶ
2382 2286 2669 2356 στοιχείοις
2699 2287 2997 2358 ἀπατηλοῖς
3025 2287 3468 2356 ἐναγκαλίζονται
3490 2288 3557 2342 τὰ
3589 2289 3690 2341 άλ-

2099 2376 2303 2450 λότρια.
2345 2378 2432 2440 Ὠς
2475 2377 2584 2449 γάρ
2636 2379 2704 2433 τὰ
2735 2379 2842 2432 τῶν
2878 2379 3295 2449 θαυματοποιῶν
3341 2383 3685 2451 προσωπεῖα,

2101 2468 2212 2540 ἔχει
2239 2471 2336 2540 μὲν
2375 2470 2549 2533 οὐδεὶς
2611 2473 2726 2524 κατ’
2768 2471 3063 2542 ἐξαίρετον,
3096 2474 3296 2536 πάντες
3316 2472 3371 2525 δὲ
3410 2473 3687 2526 ἐπιτίθεν-

2099 2577 2188 2613 ται
2208 2561 2256 2612 οἱ
2299 2561 2406 2614 τῶν
2449 2562 2742 2633 δραμάτων
2773 2562 3090 2634 ὑποκριταί·
3135 2563 3274 2616 οὑτω
3301 2563 3399 2633 τὴν
3436 2564 3538 2633 γῆν
3588 2564 3690 2618 καὶ

2099 2652 2198 2714 τὰς
2220 2653 2315 2705 ἀπ’
2340 2653 2555 2723 ἐκείνης
2577 2653 2729 2716 ὔλας,
2778 2652 2926 2707 ἄλλοι
2953 2651 3011 2716 ἐξ
3037 2653 3211 2706 ἄλλων
3238 2653 3313 2716 ὼς
3335 2652 3521 2724 ἱμάτια
3557 2670 3691 2725 μετ-

2101 2742 2394 2796 ενδύονται.
2429 2745 2520 2816 Μή
2549 2763 2599 2797 τι
2633 2743 2924 2815 βασιλείας,
2970 2743 3092 2796 είπέ
3139 2761 3250 2814 μοι,
3279 2743 3689 2816 δυνατώτερονς

2101 2837 2215 2889 ἀλλ’
2241 2837 2390 2906 ὅμως
2425 2836 2717 2908 ὲρεύνησον
2783 2835 2854 2890 τὰ
2886 2837 3160 2907 βασίλεια·
3218 2837 3449 2908 ζήτησον
3477 2836 3694 2908 χλαμύ-

2102 2927 2196 2990 δας
2229 2926 2538 2997 βασιλικάςο
2573 2929 2824 2999 εὑρήσεις
2858 2928 2913 2982 δὲ
2968 2927 3169 2991 ταύτας
3223 2927 3432 2991 ίκανάς,
3460 2928 3515 2982 αἳ
3553 2927 3690 2982 πολ-

2102 3016 2209 3069 λῶν
2246 3016 2508 3088 βασιλέων
2542 3018 2796 3072 ἐνέδυσαν
2823 3017 3066 3090 σώματα.
3114 3018 3343 3089 Ὁμοίως
3365 3019 3420 3072 δὲ
3444 3018 3538 3072 καὶ
3560 3020 3695 3082 τοὺς

2107 3110 2422 3180 στεφάνους,
2453 3111 2547 3163 καὶ
2599 3111 2698 3176 τὰς
2730 3112 2967 3184 πόρπας,
3015 3111 3110 3166 καὶ
3149 3112 3246 3175 τὰς
3280 3111 3476 3176 ζώνας,
3512 3113 3695 3167 πάντα

2108 3201 2469 3272 κληρονομίαν
2509 3200 2759 3266 ἄστατον,
2790 3202 2983 3273 χρῆσιν
3012 3201 3195 3273 κοινὴν
3224 3201 3332 3254 ἀπὸ
3353 3201 3459 3254 τῶν
3477 3201 3694 3254 ὁδευόν-

425 3290 770 3354 instabilem;
828 3305 1168 3346 communem
1222 3305 1419 3354 usum,
1470 3291 1538 3344 ab
1591 3290 1698 3356 iis,
1756 3289 1846 3358 qui
1905 3289 2001 3342 iter

2122 3308 2214 3344 των
2265 3291 2344 3355 είς
2409 3293 2534 3354 τοὺς
2591 3292 2853 3362 μένοντας
2904 3291 3325 3345 ἁποὸαίνουσαν.
3372 3291 3436 3344 Τί
3470 3291 3525 3344 δὲ
3582 3290 3694 3343 τῶν

425 3393 626 3454 agunt,
661 3384 726 3439 ad
771 3383 906 3440 alios
937 3392 1309 3438 transeuntem
1333 3425 1348 3450 ,
1390 3383 1478 3452 qui
1516 3391 1818 3437 remanent.
1861 3381 2004 3447 Quid

429 3485 612 3532 autem
649 3491 713 3531 ac
740 3476 926 3547 quanti
959 3485 1067 3531 tota
1098 3474 1220 3543 illa,
1258 3491 1419 3544 quam
1449 3474 1707 3544 praesides
1738 3473 2004 3538 obtinent,

427 3569 634 3624 scena?
670 3579 986 3640 argenteum
1011 3609 1025 3633 ,
1076 3567 1329 3637 inquam,
1371 3567 1696 3630 vehiculum,
1743 3581 1804 3620 ac
1843 3580 2006 3619 aurea

425 3659 619 3728 virga?
646 3657 833 3712 Nonne
856 3672 1069 3728 semper
1107 3657 1223 3711 haec
1257 3671 1463 3724 praeses
1496 3656 1661 3710 habet
1685 3655 1828 3726 (l5);
1873 3671 2006 3707 nun-

424 3765 586 3820 quam
618 3759 797 3804 tamen
852 3748 990 3804 idem
1016 3789 1030 3810 ,
1069 3749 1161 3804 sed
1194 3748 1422 3818 quisque
1471 3747 1645 3802 solum
1682 3747 1748 3800 ad
1785 3761 2000 3800 usuram

425 3841 606 3912 exigui
645 3842 946 3911 temporis?
991 3841 1145 3897 Sicut
1180 3841 1324 3896 enim
1368 3840 1625 3894 feretrum
1675 3849 1767 3893 aut
1805 3839 2004 3893 sanda-

425 3934 532 4004 pila
555 3972 571 3996 ,
605 3933 708 3987 alia
753 3933 981 3989 subinde
1009 3933 1273 3988 cadavera
1302 3933 1566 4000 suscipit:
1600 3931 1680 3986 sic
1718 3930 2004 4001 magistra-

427 4035 578 4079 tuum
599 4025 852 4095 insignia,
894 4034 1108 4080 utentes
1138 4025 1427 4080 identidem
1463 4034 1820 4079 commutant.
1851 4020 2006 4077 Unde

426 4127 484 4172 et
511 4115 819 4187 frequentes
837 4117 1123 4185 Apostolus
1150 4117 1201 4170 in
1229 4118 1368 4171 hanc
1391 4115 1501 4170 fere
1551 4114 1878 4169 sententiam
1915 4129 2010 4167 no-

427 4208 512 4262 his
539 4207 852 4262 erudiendis
877 4206 1133 4260 inclamat
1159 4221 1322 4262 voces
1345 4225 1358 4262 :
1393 4206 1639 4260 Pra’terit
1666 4207 1804 4259 enim
1834 4206 2008 4275 ﬁgura

426 4299 584 4368 hujus
619 4298 902 4364 mundi";
928 4309 980 4351 et
1010 4296 1174 4352 illud:
1206 4296 1478 4367 Tanquam
1511 4295 1643 4350 nihil
1665 4296 1930 4355 habentes,
1959 4305 2010 4350 et

426 4387 603 4442 omnia
636 4387 956 4454 possidentes
985 4388 1030 4420 “
1060 4406 1075 4456 ;
1112 4389 1240 4442 illud
1281 4388 1406 4443 item
1438 4405 1451 4442 :
1487 4387 1590 4455 Qui
1621 4397 1862 4452 utuntur,
1891 4398 2011 4441 tan-

2111 3382 2465 3454 ὑπαρχόντων
2497 3385 2538 3414 “
2565 3385 2722 3450 ἀξίας
2752 3386 2786 3455 ἡ
2813 3384 3007 3454 σκηνὴ,
3035 3383 3096 3437 τὸ
3126 3383 3398 3455 ἀργυροῦν
3423 3383 3627 3453 ὄχημα,
3661 3385 3694 3452 ἠ

2111 3477 2350 3545 καλαμὶς
2373 3479 2405 3546 ἡ
2441 3477 2650 3547 χρυσῆ;
2682 3477 2774 3530 καὶ
2825 3478 2924 3530 οὑκ
2949 3477 3036 3531 ἀεὶ
3064 3475 3232 3530 ταῦτα
3260 3476 3370 3546 ἔχει
3397 3475 3484 3528 τὸν
3512 3474 3694 3546 ὑπαρ-

2111 3590 2224 3641 χον,
2259 3572 2352 3622 καὶ
2377 3569 2629 3622 οὑδέποτε
2655 3569 2747 3621 τὸν
2777 3567 2961 3632 αὑτὸν,
2993 3570 3041 3621 εί
3082 3569 3156 3640 μὴ
3208 3567 3341 3638 πρὸς
3363 3565 3537 3634 ὀλίγον
3563 3566 3696 3620 ἕκα-

2116 3677 2270 3724 στον;
2310 3659 2398 3722 Ὠς
2425 3658 2534 3730 γάρ
2569 3660 2602 3729 ἡ
2640 3658 2792 3730 κλίνη
2828 3658 2927 3729 τῆς
2952 3659 3191 3730 ἐκφορᾶς
3221 3657 3407 3712 ἄλλοτε
3447 3656 3583 3713 ἄλλα
3612 3657 3696 3712 δέ·

2111 3768 2265 3821 χεται
2305 3749 2564 3822 σώματα·
2615 3749 2757 3804 οὑτω
2792 3753 2885 3806 καὶ
2946 3752 3052 3806 τῶν
3110 3752 3291 3824 ἀρχῶν
3324 3750 3394 3806 τὰ
3449 3751 3696 3823 σύμϐολα

2111 3843 2237 3905 τοὺς
2267 3843 2580 3912 χρωμένους
2608 3843 2845 3914 ἀμείϐει.
2885 3843 3164 3897 Ἐντεῦθεν
3212 3845 3306 3897 κα)⁸
3362 3846 3390 3898 ὁ
3431 3844 3694 3896 Ἀπόστοα-
3741 3827 3744 3830 ’

2111 3933 2200 3995 λος
2228 3934 2358 4002 ἡμῖν
2391 3932 2518 3985 ἐϐόα
2541 3933 2796 3997 πλείστας
2829 3932 3031 4002 φωνὰς,
3081 3933 3283 4004 ταύτης
3329 3933 3426 4005 τῆς
3457 3933 3698 3993 διανοίας

2115 4023 2492 4088 παιδευτικάς·
2527 4025 2779 4094 Παράγει
2830 4024 2939 4094 γὰρ
2976 4025 3038 4078 τὸ
3071 4023 3279 4093 σχῆμα
3327 4024 3430 4078 τοῦ
3461 4024 3697 4092 κόσμου

2113 4116 2361 4170 τούτουο
2398 4116 2489 4170 καὶ
2527 4116 2606 4182 τὸ,
2644 4119 2735 4182 Ὠς
2781 4116 2980 4186 μηδὲν
3031 4116 3298 4186 ἔχοντες,
3343 4116 3440 4169 καὶ
3497 4114 3696 4169 πάντα

2113 4208 2502 4278 κατέχοντες·
2543 4209 2656 4274 καὶ,
2691 4213 2754 4263 Ol
2796 4209 3102 4280 χρώμενοι,
3143 4209 3224 4274 ὡς
3250 4209 3336 4278 μὴ
3387 4206 3696 4276 παραχρώ-

2109 4318 2302 4370 μενοι.
2340 4301 2526 4355 Πάντα
2581 4301 2688 4372 γάρ
2717 4301 2888 4355 ταῦτα
2947 4302 3081 4373 πρὸς
3117 4302 3213 4354 ἕνα
3258 4301 3424 4354 τείνει
3471 4299 3696 4364 σκοπὸν,

2115 4393 2199 4446 ὅτι
2226 4394 2501 4464 προσῆκεν
2535 4393 2609 4456 ὼς
2643 4393 2950 4464 ἐφημέρους
2985 4394 3131 4464 ἡμᾶς
3158 4391 3365 4464 διαζῆν,
3401 4392 3694 4462 ἀναμένον-

424 4493 584 4546 quam
632 4494 732 4532 non
769 4479 1140 4534 abutantur”.
1181 4478 1307 4534 limo
1336 4479 1480 4534 enim
1517 4479 1698 4534 omnia
1737 4479 1802 4533 ad
1847 4495 2001 4533 unum

2122 4500 2217 4545 τας
2246 4486 2345 4552 τῆς
2377 4484 2554 4549 ἐξόδου
2585 4484 2644 4536 τὸ
2669 4482 2936 4555 σύνθημα.

425 4582 647 4639 scapum
695 4571 956 4636 tendunt,
1005 4570 1145 4642 quod
1201 4572 1345 4625 velut
1394 4571 1446 4624 in
1486 4571 1628 4626 diem
1693 4569 1781 4625 hic
1821 4571 2001 4627 vivere
2055 4575 2346 4630 debeamus
2375 4616 2391 4641 ,
2441 4589 2761 4644 semperque
2817 4577 2995 4632 exitus
3058 4575 3271 4646 signum
3319 4593 3380 4631 ac
3439 4587 3699 4631 tesseram

428 4673 770 4733 exspectare.

579 4808 750 4864 lCor.
781 4822 878 4872 vn,
903 4807 991 4862 3i.
1073 4809 1115 4839 ⁸³
1139 4807 1178 4862 ll
1215 4807 1340 4862 Cor.
1375 4821 1454 4871 γι,
1487 4805 1571 4858 10.

499 4947 611 5021 (l2)
653 4943 901 5021 Fibula},
964 4961 1145 5021 agnas.
1198 4941 1349 5021 Quod
1383 4942 1480 5021 hic
1533 4941 1718 5013 πόρπη
1779 4940 2011 5021 Asterio,

427 5012 650 5090 sequior
682 5015 891 5090 Graecia
924 5014 1119 5090 φίὺλαν
1163 5012 1414 5084 appellat,
1461 5027 1580 5090 qua;
1611 5012 1776 5090 unum
1813 5018 1895 5090 est
1941 5026 2015 5090 ex

425 5080 766 5145 ornamentis
822 5080 1250 5154 imperialibus?
1285 5093 1342 5135 ut
1401 5081 1606 5154 etmalia
1675 5080 1761 5154 hic
1817 5080 2011 5134 relata.

428 5158 696 5219 Existimo
716 5171 840 5210 esse
865 5151 1006 5224 quod
1031 5156 1203 5210 instar
1231 5152 1528 5224 liunieralis
1558 5159 1726 5224 totum
1749 5151 2012 5202 intextum

427 5227 626 5298 lapillis
696 5220 1558 5298 torgte_'superinduunt.ﬂerunt
1624 5220 2014 5298 plura-noster

424 5286 572 5356 Goar
593 5313 714 5352 cum
745 5286 800 5350 in
833 5286 1173 5365 Eucliologio,
1202 5305 1313 5347 tum
1340 5293 1392 5345 in
1426 5291 1566 5365 notis
1596 5286 1666 5365 ad
1687 5286 2013 5365 {latrantia},

427 5387 491 5423 ac
520 5369 797 5440 pracipue
827 5367 880 5423 in
912 5367 977 5419 iis
1005 5359 1122 5432 qua:
1155 5366 1451 5440 meditatur
1496 5361 1548 5412 in
1586 5359 1873 5440 Cadinnm,
1928 5359 2018 5413 ubi

427 5429 593 5497 etiam
647 5429 713 5492 de
754 5439 923 5505 virga,
961 5429 1034 5489 ac—
1077 5449 1170 5489 seu
1222 5432 1486 5506 arundine
1515 5429 1907 5506 _pr:efectornm
1958 5444 2020 5484 ac

430 5511 762 5577 reliquorum
793 5501 1232 5577 magistratuum,
1259 5503 1360 5577 alia
1393 5501 1727 5577 aealia,ppro
1755 5501 2020 5577 cujusque

432 5569 783 5647 magistratus
818 5569 1044 5629 raiioue.
1073 5573 1186 5627 Non
1221 5573 1362 5647 male
1392 5572 1833 5647 etia_m__l)uc;eus.
1879 5569 2022 5647 Bene

430 5641 560 5709 item
595 5649 835 5702 correxit
869 5647 1229 5713 interpretem
1265 5645 1315 5697 in
1354 5642 1535 5698 verbis
1565 5641 1737 5703 Pauli,
1765 5641 2018 5713 παράγει

428 5718 732 5792 τδσχῆμα
770 5715 865 5792 τῷ
923 5710 1130 5786 κόσμου
1180 5714 1409 5792 τούτουο
1436 5730 1561 5792 cum
1617 5714 1693 5792 sic
1745 5710 2023 5765 ille'male

428 5784 776 5854 reddidisset,
800 5784 1154 5859 Repra’séntat
1185 5789 1318 5842 enim
1342 5784 1554 5857 faciem,
1578 5790 1708 5846 etc.,
1737 5796 1851 5853 pro,
1885 5797 2022 5850 prir-

1647 4804 1691 4835 ¹⁸
1719 4801 1738 4856 ι
1765 4803 1892 4859 Cor.
1931 4819 2024 4870 vn,
2054 4803 2144 4858 51.

2224 4800 2267 4830 ⁸⁸
2304 4798 2468 4853 Sirm.
2500 4797 2622 4852 cod.
2657 4797 2938 4869 ὑπάρχων,
2970 4812 3032 4852 ac
3070 4796 3276 4851 melius.

2127 4938 2248 4992 terit
2299 4936 2493 5006 ﬁgura,
2554 4943 2684 5006 etc.,
2716 4950 2847 5006 qua:
2895 4941 2976 4989 est
3006 4931 3340 5006 communis
3387 4941 3701 5006 sanctorum

2124 5001 2387 5077 expositio
2419 5003 2534 5077 ejus
2557 5004 2679 5077 loci.
2715 5001 2770 5058 In
2805 5004 2972 5058 altero
3005 5003 3139 5065 loco,
3167 5002 3240 5066 ὡς
3284 5001 3359 5077 μὴ
3406 5002 3701 5077 παραχρω·

2126 5074 2302 5152 μενοι,
2337 5077 2417 5130 sic
2444 5075 2648 5152 Paulus,
2680 5077 2893 5152 videtur
2926 5089 3145 5128 munere
3176 5075 3430 5152 utendum
3481 5074 3700 5152 mutulo,

2123 5143 2182 5203 ut
2217 5143 2293 5203 sit
2321 5162 2448 5201 usus
2480 5148 2683 5214 absque
2715 5147 2908 5208 abusn,
2960 5159 3022 5198 ac
3061 5145 3387 5214 castigatus,
3427 5157 3489 5214 ac
3527 5143 3701 5210 qualis

2125 5229 2378 5286 acceptus
2403 5218 2494 5270 sit.
2530 5213 2620 5271 Sic
2658 5216 2887 5270 Tertull.
2935 5214 3025 5267 lib.
3061 5213 3137 5267 De
3177 5213 3320 5286 cultu
3365 5213 3700 5286 feminarum,

2125 5305 2174 5344 c.
2208 5284 2582 5355 9,_Sequamnr
2606 5287 2932 5350 Apostolnm,
2962 5285 3050 5354 qui
3083 5300 3174 5338 nos
3210 5285 3287 5337 uti
3308 5295 3471 5336 monet
3507 5284 3701 5336 mundo

2127 5361 2248 5423 ista,
2279 5361 2430 5428 quasi
2456 5374 2557 5409 non
2581 5359 2881 5428 abutantur.

2191 5421 2303 5496 (1'5)
2350 5427 2534 5482 Nonne
2563 5442 2763 5496 semper
2797 5425 2908 5477 lucc
2947 5425 3392 5496 prwsesnhabet?
3448 5424 3560 5475 οὐκ
3611 5421 3696 5475 de.

2125 5493 2333 5556 ταῦτα.
2412 5495 2503 5550 Sic
2560 5495 2718 5565 plane
2773 5495 3052 5562 legendum
3108 5493 3427 5547 allirmative
3479 5509 3540 5546 ac
3581 5509 3701 5565 cum

2124 5585 2248 5625 nnta
2286 5561 2573 5634 interrog;
2603 5581 2704 5616 non
2741 5561 3094 5633 negantemut
3122 5565 3296 5618 reddit
3326 5566 3547 5631 interpr.
3583 5561 3700 5616 Vult

2125 5642 2268 5694 enim
2300 5640 2470 5706 ipsam
2507 5636 3140 5706 quidemprml'ecturam
3171 5650 3290 5689 esse
3335 5635 3476 5688 velut
3511 5649 3699 5706 pet-pc.

2127 5720 2294 5772 tuam,
2323 5704 2390 5761 ac
2416 5704 2534 5774 ejus
2559 5704 2810 5775 insignia,
2837 5720 3018 5758 verum
3044 5705 3179 5760 alios
3207 5719 3272 5760 ex
3300 5706 3423 5761 aliis
3447 5705 3702 5761 continua

2127 5780 2424 5837 mutatione
2452 5776 2729 5848 suscipere
2758 5791 2821 5833 ac
2849 5789 3156 5848 capessere.
