3820 6306
181 333 269 389 185
1069 323 1075 330 ’
1115 327 1402 385 HOMILIA
1441 326 1506 383 ll.
1544 326 1638 382 DE
1669 326 2037 385 (ECONOMO
2075 325 2517 397 INIQUITATIS.

3313 321 3422 380 188

236 447 345 501 Καὶ
382 447 475 498 ἵνα
496 443 821 517 καταμάθῃς
844 443 1107 516 ἀκριϐῶς,
1146 445 1230 499 ὅτι
1254 445 1438 516 νόμοις
1469 445 1753 500 ὑπόκεισαι

1924 446 2042 513 Quo
2067 455 2246 501 autem
2290 447 2500 516 plenius
2527 443 2739 509 discas,
2784 440 2995 512 legibus
3034 448 3084 495 te
3123 453 3188 494 ac
3225 439 3421 510 regulis

176 540 261 596 καὶ
287 538 482 591 κανόσι
509 537 870 601 δεσποτικαῖς,
908 535 1026 588 καθ’
1067 535 1161 600 οὖς
1191 553 1249 590 σε
1287 537 1560 608 προσῆκεν
1591 538 1750 607 ἀκρι-

175 632 275 694 ϐῶς
297 629 550 701 διορθοῦν
571 645 584 660 ο
633 627 742 680 ἀπὺ
773 627 972 681 σαυτοῦ
1023 629 1238 695 πρῶτον
1273 629 1626 698 κατανόησον,
1664 629 1746 681 ὅτι

177 724 259 778 καὶ
288 723 350 774 τὸ
405 720 571 790 σῶμά
598 736 712 782 σου,
741 717 835 772 καὶ
885 719 918 788 ἡ
951 717 1094 788 ψυχὴ
1149 716 1487 787 πανταχόθεν
1522 720 1632 780 τοῖς
1652 717 1749 787 τῆς

175 815 361 882 ἀρετῆς
389 813 678 864 ὑπόκειται
715 809 1189 879 παραγγέλμασιν,
1237 811 1339 862 καὶ
1384 811 1501 864 οὐδὲ
1552 808 1748 862 σαυτοῦ

177 899 348 969 κύριος
374 893 429 950 εἴ
455 917 466 924 ·
501 898 637 951 ἀλλά
692 897 972 966 προσῆκέν
1018 913 1077 949 σε
1135 899 1440 968 οἰκονομεῖν
1469 897 1564 951 καὶ
1595 898 1750 966 λόγον

177 993 258 1042 καὶ
279 989 506 1060 πρᾶξιν,
539 990 634 1043 καὶ
665 991 775 1043 πᾶν
813 991 912 1060 τῆς
956 987 1102 1058 ζωῆς
1145 1006 1237 1042 σου
1263 989 1488 1060 κίνημα.
1521 988 1751 1053 Ἐλαὸες

178 1079 322 1149 σῶμα
353 1081 510 1154 παρὰ.
555 1079 648 1132 τοῦ
683 1078 987 1144 κτίσαντος,
1041 1064 1106 1131 ὲκ
1138 1078 1346 1133 πολλῶν
1377 1080 1578 1152 μορίων
1625 1097 1752 1148 συγ-

177 1173 442 1242 κείμενον,
500 1172 599 1226 καὶ
648 1171 811 1225 πέντε
859 1170 1176 1242 αἰσθήσεσιν
1229 1173 1309 1235 εἰς
1339 1171 1436 1237 τὰς
1470 1172 1570 1242 τῆς
1608 1172 1752 1244 ζωῆς

176 1263 352 1332 χρείας
385 1261 863 1333 οἱκονομούμενον.
913 1261 1032 1314 Εἰσὶ
1053 1261 1108 1314 δὲ
1144 1261 1264 1314 οὐδὲ
1289 1255 1446 1316 αὗται
1482 1262 1750 1332 ἐλεύθεροι

179 1355 261 1407 καὶ
291 1354 614 1424 αὐτόνομοι·
653 1353 768 1406 ἀλλ’
802 1353 1006 1422 ἑκάστη
1036 1351 1195 1423 δούλη
1241 1353 1420 1423 νόμων
1451 1354 1612 1408 ἐστίν.
1640 1353 1752 1408 Καὶ

180 1447 382 1516 πρῶτος
436 1445 625 1499 ἀκούει
673 1445 968 1516 ὀφθαλμός·
1019 1444 1191 1498 Βλέπε
1219 1445 1401 1514 φύσιν,
1435 1447 1531 1500 καὶ
1560 1445 1751 1517 θεώρει

180 1539 211 1591 ἀ
237 1538 452 1606 βλέπειν
479 1537 644 1590 καλόν
664 1554 679 1567 ο
739 1536 910 1606 ἥλιον,
943 1537 1122 1590 πᾶσαν
1159 1537 1258 1606 τὴν
1286 1537 1608 1608 οἰκουμένην
1638 1555 1752 1607 φω-

178 1630 420 1692 τίζονται
457 1630 712 1699 σελήνην,
767 1627 828 1680 τὸ
867 1627 1190 1698 σκυθρωπὸν
1243 1629 1336 1682 καὶ
1393 1627 1630 1697 ζοφῶδες
1651 1628 1752 1698 τῆς

180 1718 361 1780 νυκτὸς
418 1717 907 1784 καταυγάξουσαν·
966 1717 1094 1778 τοὺς
1140 1715 1333 1778 ἄλλους
1383 1717 1636 1787 ἀστέρας,
1687 1717 1748 1770 οὐ

180 1811 302 1862 πολὺ
332 1810 453 1877 μὲν,
484 1808 605 1860 οὐδὲ
628 1806 898 1878 αὔταρκες
935 1809 1065 1878 ἡμῖν
1120 1807 1181 1861 τὸ
1228 1809 1356 1880 παρ’
1390 1807 1593 1861 ἑαυτῶν
1635 1808 1750 1876 φῶς
1782 1800 1825 1855 Β

181 1901 542 1972 χορηγοῦντας
559 1915 574 1930 ο
611 1899 751 1970 πλὴν
783 1899 844 1952 τὸ
883 1899 1076 1962 κάλλος
1096 1899 1125 1953 ὂ
1157 1899 1368 1970 ἔλαχον,
1404 1898 1752 1953 ἀποστίλὸον-

180 2010 291 2056 τας.
320 1990 532 2062 Θεώρει
568 1992 694 2060 γῆν,
742 1994 927 2060 φυτοῖς
983 1991 1349 2045 παντοδαπέσι
1385 1991 1477 2044 καὶ
1503 1991 1752 2060 βοτάναις

181 2082 429 2152 κομῶσαν
475 2081 753 2134 Θάλασσαν
803 2080 1155 2150 ήπλωμένην,
1212 2081 1287 2144 ὡς
1321 2080 1500 2133 πεδίον
1529 2079 1750 2151 ὁμαλὲς,

181 2173 299 2225 ὅταν
333 2174 411 2236 εἰς
467 2169 716 2243 καθαράν
769 2169 1010 2240 γαλήνην
1041 2173 1214 2241 παγῇ.
1246 2171 1341 2234 Εἰς
1379 2168 1664 2223 ταῦτακαὶ
1687 2170 1754 2222 τά

181 2265 394 2317 τοιαῦτα
439 2262 827 2333 κατακέχρησο
871 2259 949 2331 τῷ
998 2261 1131 2332 ὁρᾷν
1152 2278 1166 2291 ο
1198 2260 1295 2325 τὰς
1323 2260 1378 2313 δὲ
1411 2260 1575 2324 ἄλλας
1603 2259 1750 2324 θέας,

183 2359 294 2412 ξσαι
322 2357 410 2410 διὰ
434 2360 536 2426 τῆς
568 2350 745 2424 ὅψεως
774 2354 873 2421 τὴν
933 2352 1133 2423 βλάϐην
1181 2353 1530 2422 ἐπεισάγουσι
1555 2357 1621 2424 τῇ
1659 2353 1756 2423 ψυ-

184 2452 266 2518 χῇ.
294 2447 465 2517 φεῦγε
511 2446 608 2498 καὶ
658 2445 992 2515 παράτρεχε,
1031 2443 1126 2496 καὶ
1186 2442 1416 2496 ἐπιτίθει
1447 2443 1627 2514 σαυτῷ
1657 2444 1756 2498 κά-

184 2540 381 2610 λυμμα,
416 2540 505 2592 ἵνα
539 2539 614 2609 μὴ
644 2537 836 2606 βλέπῃ.
878 2535 1094 2588 Βέλτιον
1123 2535 1230 2606 γὰρ
1267 2537 1514 2589 σκοτίσαι
1546 2537 1644 2608 τὴν
1668 2536 1754 2590 αῖ-

188 2633 387 2702 σθησιν,
423 2631 554 2684 ὅταν
579 2629 688 2682 τῶν
719 2629 894 2698 ἔργων
922 2627 1014 2680 τοῦ
1051 2627 1272 2690 σκότους
1302 2628 1399 2698 τὴν
1421 2629 1597 2682 αἰτίαν
1624 2646 1759 2699 παρ-

187 2725 313 2794 έχει.
342 2724 441 2777 Διά
470 2721 630 2775 τοῦτο
657 2721 786 2791 χθὲς
815 2719 997 2788 ἔλεγεν
1041 2722 1170 2790 ἡμῖν
1199 2721 1228 2773 ό
1269 2720 1470 2792 Κύριος
1500 2719 1587 2773 διὰ
1615 2721 1762 2794 Ματ-

189 2793 330 2868 θαίου
356 2832 370 2845 ο
401 2814 528 2879 Πᾶς
553 2817 585 2867 d
618 2813 868 2878 ,ϐλέπων
892 2811 1144 2882 γυναῖκα
1199 2812 1348 2879 πρὸς
1376 2812 1440 2865 τὸ
1476 2793 1759 2881 ἐπιθυμῆ-

189 2925 302 2968 σιιι,
354 2906 474 2974 ἤδη
509 2905 868 2974 ἐμοίχευσεν
889 2903 1083 2971 αὐτὴν
1120 2904 1189 2956 ἐν
1241 2903 1316 2972 τῇ
1359 2904 1604 2973 καρδίᾳ·
1666 2905 1759 2958 καὶ

193 2999 384 3067 βέλτιον
439 2997 734 3051 ἐκκόπτειν
779 2996 961 3063 αὐτὸν,
1017 2997 1145 3050 ὅταν
1188 2996 1398 3050 ἄτακτα
1447 2997 1616 3068 βλέπῃ
1667 2998 1760 3050 καὶ

192 3089 462 3161 ἐπιζήμια.
499 3088 611 3143 Καὶ
632 3091 666 3158 ἡ
701 3089 837 3158 ἀκοὴ
865 3088 1298 3160 παραγγέλματα
1335 3087 1608 3141 κωλυτικά
1641 3089 1762 3143 πά-

193 3198 280 3251 σης
312 3181 536 3254 [κακῆς]
585 3181 922 3250 ἀκροάσεως.
978 3180 1098 3251 Χρὴ
1129 3180 1236 3250 γὰρ
1280 3179 1473 3251 αὐτὴν,
1501 3181 1631 3233 ὅταν
1663 3181 1758 3251 μὲν

192 3274 398 3341 ἀγαθῶν
419 3292 584 3327 τινων
612 3271 806 3345 ἀκούῃ,
856 3272 1315 3344 ἀναπεπταμένην
1371 3266 1532 3336 εἶναι,
1565 3273 1658 3326 καὶ
1695 3273 1760 3326 δι’

193 3365 376 3435 ἑαυτῆς
412 3368 481 3436 τῇ
515 3365 662 3435 ψυχῇ
697 3363 1087 3434 παραπέμπειν
1115 3363 1225 3417 τῶν
1271 3364 1655 3435 συμφερόντων
1680 3364 1763 3418 λό-

194 3471 294 3522 γων
322 3456 423 3525 τὴν
455 3453 729 3524 αἴσθησιν.

259 3541 318 3592 Ei
344 3541 402 3594 δέ
431 3557 513 3604 τις
544 3539 745 3598 κακίας
788 3540 1021 3610 ἑταῖρος,
1055 3539 1149 3592 καὶ
1177 3537 1381 3608 λοιμὸς.
1443 3540 1536 3592 καὶ
1568 3539 1764 3611 φθόρος

197 3629 494 3700 πλησιάσας
527 3630 686 3700 αὐτῇ,
717 3628 998 3681 ὲπαντλεῖν
1031 3627 1210 3698 μέλλει
1243 3628 1341 3698 τῆς
1377 3629 1651 3698 ἁμαρτίας
1675 3631 1764 3682 τὸν

196 3722 464 3794 βόρϐορον.
519 3722 601 3774 δεῖ
631 3723 852 3790 φεύγειν
878 3722 1058 3783 αὑτὸν,
1087 3721 1161 3784 ὡς
1195 3720 1395 3773 ἰοϐόλον
1422 3720 1626 3791 θηρίον.
1662 3722 1768 3773 Σω-

195 3818 448 3887 φρονείτω
472 3816 566 3870 καὶ
587 3817 620 3885 ἠ
645 3814 865 3882 γλῶσσα
902 3812 1040 3884 μετά
1066 3811 1160 3865 τοῦ
1205 3812 1468 3882 στόματος
1492 3828 1506 3842 ο
1541 3811 1766 3866 λαλείτω

194 3910 255 3960 τὰ
277 3909 459 3962 δίκαια
477 3925 491 3937 ο
525 3906 635 3959 τῶν
662 3905 719 3958 δὲ
762 3904 1226 3975 ἀπηγορευμένων
1259 3903 1566 3974 ἀπεχέσθω,
1593 3903 1763 3957 λοιδο-

198 4000 336 4070 ριῶν,
367 3999 766 4064 συκοφαντιῶν,
817 3998 1151 4069 κατηγορίας
1181 3997 1388 4060 ἀδίκου,
1437 3995 1766 4060 καταλαλιᾶς

196 4090 282 4160 τῆς
313 4089 457 4144 κατά
489 4088 598 4142 τῶν
629 4086 894 4156 ἀδελφῶν,
936 4086 1283 4156 βλασφημίας
1315 4086 1412 4157 τῆς
1441 4086 1577 4156 πρὸς
1601 4086 1764 4138 Θεόν*

198 4181 508 4251 φθεγγέσθω
536 4181 592 4234 δὲ
617 4183 718 4234 ὃσα
737 4179 979 4250 εὔφημα,
1019 4181 1118 4232 ὅσα
1138 4178 1356 4248 εὐσεϐῆ,
1389 4180 1488 4232 ὅσα
1517 4178 1765 4250 πράξεων

197 4275 404 4342 ἀγαθῶν
441 4273 555 4343 ἔχει
578 4271 677 4342 τὴν
700 4271 1005 4341 συμϐουλήν
1023 4288 1036 4300 ·
1077 4271 1168 4323 καὶ
1197 4270 1400 4338 λεγέτω
1427 4272 1533 4333 πᾶς
1559 4269 1767 4340 ἀνθρω-

199 4383 286 4430 πος
316 4367 385 4420 τά
412 4365 507 4418 τοῦ
552 4362 908 4434 Ἰεραψάλτουο
936 4357 1119 4414 Ebur
1160 4360 1412 4425 Φυλιίξω
1452 4362 1557 4426 τὰς
1589 4359 1767 4425 ὁδούς

1850 538 2041 606 subjici
2074 538 2401 602 Dominicis,
2443 535 2509 589 ad
2546 551 2668 605 qua:
2707 535 2888 591 omnia
2918 531 3105 588 sedulo
3141 530 3420 600 dirigenda

1851 630 1978 694 sint,
2005 629 2233 696 teipsum
2277 629 2331 684 in
2377 628 2567 698 primis
2598 628 2808 681 intuere
2846 634 2900 678 et
2933 623 3240 688 considera,
3273 632 3330 675 ut
3364 629 3423 677 et

1849 735 2049 789 corpus
2078 729 2134 774 et
2183 720 2361 773 anima
2428 719 2780 787 undequaque
2804 715 3018 770 virtutis
3042 722 3325 769 teneantur
3347 711 3424 767 le-

1849 811 2024 882 gibus,
2060 826 2234 880 neque
2284 811 2360 864 tui
2411 811 2523 879 ipse
2576 810 2825 864 dominus
2870 809 2987 873 sis;
3027 809 3120 862 sed
3155 822 3275 862 cum
3304 819 3423 860 ser-

1851 919 1966 970 mo,
2036 913 2147 958 tum
2207 905 2480 967 actiones,
2535 911 2697 972 atque
2753 902 2888 954 adeo
2935 901 3240 970 quicunque
3301 897 3424 953 vita:

1851 1006 2030 1051 motus
2055 1035 2069 1056 ,
2113 1005 2263 1049 certa
2294 995 2388 1049 tibi
2433 994 2550 1063 lege
2583 993 2810 1048 habendi
2839 993 2967 1047 sint.
3003 989 3268 1061 Accepisti
3302 1003 3424 1044 eor-

1850 1099 1951 1154 pus
1982 1100 2010 1136 a
2045 1082 2333 1146 Creatore,
2365 1097 2430 1137 ex
2467 1081 2709 1151 pluribus
2753 1081 2996 1150 partibus
3036 1070 3420 1148 compositum,

1849 1189 1903 1232 et
1925 1177 2164 1246 quinque
2191 1175 2439 1230 sensibus
2468 1175 2533 1228 ad
2558 1191 2713 1230 usum
2741 1173 3285 1240 commoditatemque
3302 1169 3424 1224 vitae

1851 1268 2194 1322 instructum.
2220 1269 2290 1322 At
2324 1281 2500 1337 neque
2536 1267 2633 1336 ipsi
2671 1265 2826 1320 liberi
2861 1273 3019 1329 sunt,
3057 1278 3120 1318 ac
3146 1262 3227 1318 sui
3263 1261 3424 1332 juris,

1850 1361 1944 1415 sed
1989 1359 2100 1414 suis
2134 1359 2366 1428 quisque
2395 1357 2604 1428 legibus
2639 1357 2980 1428 astringitur.
3026 1355 3240 1409 Primus
3265 1353 3318 1407 in
3345 1355 3426 1408 eis

1851 1453 2002 1507 audit
2049 1451 2236 1506 oculus
2274 1450 2388 1522 (14)
2424 1467 2438 1503 :
2473 1450 2742 1505 Coutuere
2771 1457 3016 1502 naturam
3047 1484 3063 1511 ,
3107 1461 3168 1500 ac
3199 1461 3260 1500 ea
3297 1460 3427 1499 cono

1853 1543 2131 1612 templare,
2159 1557 2278 1612 quae
2299 1544 2435 1596 bene
2460 1557 2523 1596 ac
2544 1544 2767 1597 honeste
2789 1541 2951 1595 videri
2973 1547 3211 1609 queant;
3237 1537 3425 1602 solem,

1855 1645 2122 1690 terrarum
2159 1634 2345 1688 orbem
2376 1633 2822 1698 collustrantem;
2878 1632 3060 1686 lunam
3086 1669 3101 1694 ,
3139 1629 3345 1684 tristem
3374 1634 3432 1683 et

1854 1727 2136 1782 obscuram
2166 1726 2341 1780 noctis
2375 1726 2566 1780 faciem
2597 1723 3022 1786 illuminantcm;
3067 1722 3253 1778 stellas
3274 1727 3434 1774 etate-

1852 1835 1937 1874 ras
1961 1859 1975 1882 ,
2001 1819 2254 1885 exiguum
2275 1857 2291 1883 ,
2319 1817 2437 1872 illas
2479 1817 2694 1887 quidem
2725 1830 2900 1884 neque
2939 1813 3091 1868 nobis
3127 1810 3422 1877 suﬂiciens,

1850 1925 1914 1965 ex
1950 1925 2069 1964 sese
2113 1909 2292 1964 lumen
2325 1911 2658 1978 praebentes;
2693 1920 2878 1961 verum
2907 1906 3047 1975 quod
3097 1904 3259 1958 decus
3283 1915 3434 1956 acceo

1851 2011 2048 2071 perunt
2108 2017 2173 2055 ac
2228 2001 2492 2071 speciem,
2558 1998 2910 2067 ejaculantes.
2975 1997 3171 2067 Aspice
3234 2007 3430 2050 terram

1851 2093 2044 2162 plantis
2079 2093 2381 2161 omnigenis
2418 2092 2708 2161 herbisque
2757 2097 3102 2155 comantem;
3151 2102 3218 2142 ac
3262 2098 3430 2150 mare,

1851 2187 2168 2256 tequubilem
2203 2187 2255 2240 in
2301 2184 2582 2255 planitiem
2623 2197 2919 2253 expansum
2942 2220 2959 2246 ,
2997 2181 3089 2236 ubi
3127 2194 3258 2250 pura
3287 2187 3436 2232 tran-

1853 2279 2093 2352 quillitas
2127 2277 2319 2332 stravit
2349 2291 2414 2330 ac
2462 2275 2597 2330 lixit.
2640 2275 2694 2328 In
2732 2273 2815 2328 his
2861 2287 2923 2326 ac
2955 2270 3262 2341 hujusmodi
3315 2270 3434 2324 visu

1853 2381 2040 2435 utere;
2098 2369 2303 2438 reliqua
2356 2382 2488 2422 vero
2542 2365 2849 2436 spectacula
2900 2378 3020 2433 quae
3081 2377 3147 2416 ex
3211 2369 3434 2430 aspectu

1853 2476 2048 2516 noxam
2079 2461 2259 2514 animo
2303 2457 2573 2521 inferunt,
2599 2456 2723 2525 fuge
2749 2469 2813 2509 ac
2877 2463 3234 2522 praetercurre
3258 2489 3275 2515 ,
3311 2449 3436 2504 tibi-

1855 2567 1959 2622 que
1983 2551 2119 2618 ipse,
2150 2561 2296 2602 utne
2321 2548 2540 2612 videas,
2574 2546 2753 2600 velum
2775 2545 3048 2599 obducito.
3083 2543 3264 2598 Satius
3287 2543 3434 2597 enim

1856 2645 2034 2699 sensui
2068 2644 2318 2696 tenebras
2345 2640 2636 2704 inducere,
2680 2653 2839 2708 quam
2879 2636 3131 2706 cperibus
3178 2633 3432 2688 tenebra-

1858 2751 1975 2790 rum
1999 2733 2340 2788 occasionem
2369 2732 2629 2800 praebere.
2671 2727 2877 2782 Idcirco
2906 2727 3061 2780 nobis
3099 2724 3215 2778 heri
3249 2723 3433 2778 Domi.

1859 2843 1958 2882 nus
1983 2825 2217 2879 Matthxi
2249 2839 2344 2878 ore
2374 2822 2589 2877 dicebat
2619 2842 2633 2876 :
2665 2819 2975 2888 Quicunque
3016 2817 3206 2871 viderit
3254 2815 3436 2870 mulio-

1859 2934 1966 2972 rem
1997 2918 2064 2970 ad
2099 2913 2602 2984 concupiscendum,
2631 2910 2746 2978 jam
2790 2909 3076 2962 moechatus
3117 2914 3193 2960 est
3233 2921 3346 2959 eam
3379 2905 3438 2958 in

1861 3011 2014 3063 corde
2041 3023 2135 3062 suo
2157 3008 2196 3038 ³⁷
2233 3026 2245 3060 :
2286 3013 2610 3074 praestatque
2625 2999 2940 3055 exscindere
2973 2999 3178 3067 ipsum,
3219 3010 3337 3050 cum
3370 2995 3438 3049 ad

1861 3098 2000 3153 fanda
2030 3113 2092 3154 ac
2116 3098 2270 3152 noxia
2302 3095 2570 3166 aspicit“.
2611 3092 2716 3147 Sed
2748 3101 2799 3145 et
2831 3091 2977 3143 auris
2997 3088 3196 3142 malum
3223 3099 3437 3140 omnem

1862 3190 2108 3243 auditum
2162 3187 2502 3257 prohibentia
2530 3186 2575 3256 (l
2589 3183 2640 3253 5)
2680 3190 2941 3253 praecepta
2973 3179 3144 3253 audit.
3169 3179 3249 3232 Ad
3275 3191 3438 3232 sanos

1862 3282 2005 3337 enim
2040 3281 2314 3348 bonosque
2345 3292 2627 3333 sermones
2675 3284 2886 3345 oportet
2925 3284 3164 3343 apertam
3196 3285 3339 3334 esse.
3375 3284 3438 3325 ac

1861 3372 1914 3426 in
1952 3374 2188 3426 animum
2215 3379 2230 3434 ,
2273 3385 2370 3424 suo
2401 3370 2570 3438 ipsam
2601 3380 2804 3433 organo
2833 3365 2980 3417 velut
3010 3363 3158 3427 tubo,
3179 3363 3438 3416 conduci-

1860 3466 2044 3521 b'lium
2079 3477 2385 3519 sermonum
2415 3475 2630 3515 sensum
2655 3456 3040 3512 transmittere.

1931 3558 2002 3612 At
2027 3557 2071 3612 si
2105 3557 2226 3624 quis
2250 3553 2503 3608 vitiorum
2537 3549 2742 3606 assecla
2767 3590 2783 3612 ,
2813 3545 3174 3617 pestilensque
3213 3557 3277 3598 ac
3310 3556 3435 3612 per-

1863 3651 2098 3706 niciosus
2125 3649 2342 3718 propius
2371 3645 2613 3709 accedat,
2639 3641 2843 3712 peccati
2875 3637 3155 3694 infusurus
3201 3648 3438 3698 omnum,

1863 3740 2148 3810 fugiendus
2175 3741 2262 3794 ille
2288 3748 2449 3806 atque
2480 3735 2733 3790 vitandus
2753 3776 2768 3800 ,
2807 3732 2949 3786 haud
2982 3744 3138 3784 secus
3165 3737 3326 3794 atque
3348 3740 3438 3781 ve-

1862 3847 2098 3885 nenosus
2125 3842 2368 3898 serpens.
2398 3825 2470 3882 Os
2499 3828 2662 3880 etiam
2695 3838 2758 3878 ac
2795 3822 2970 3891 lingua
3007 3819 3264 3888 castigata
3291 3816 3394 3871 sint
3419 3856 3436 3882 ,

1863 3933 1923 3976 ut
1950 3923 2086 3975 bona
2137 3929 2342 3973 tantum
2377 3927 2431 3972 et
2475 3917 2697 3970 honesta
2747 3921 3030 3984 premant;
3071 3926 3099 3965 a
3136 3909 3294 3966 Redis
3314 3922 3441 3962 vero

1862 4013 2147 4081 vetitisque
2191 4011 2533 4072 abstineant;
2563 4021 2754 4075 nempe
2781 4020 2810 4058 a
2839 4002 3106 4059 conviciis
3131 4042 3147 4068 ,
3175 4016 3203 4055 a
3233 3999 3439 4056 calum-
3508 4019 3512 4028 ι

1864 4103 1970 4158 niis
1991 4142 2005 4167 ,
2033 4103 2216 4172 iniqua
2241 4100 2649 4163 criminatione,
2680 4097 3013 4152 detractione
3045 4095 3304 4149 adversus
3333 4092 3441 4146 fra-

1867 4205 2008 4257 tres,
2047 4208 2110 4248 ac
2149 4192 2480 4262 blasphemia
2523 4200 2708 4244 contra
2755 4187 2954 4253 Deum,
2987 4200 3283 4253 eorumque
3324 4184 3444 4239 loco

1864 4283 2163 4355 proferant,
2195 4283 2239 4337 si
2273 4297 2374 4352 qua
2403 4281 2540 4336 bona
2569 4321 2582 4344 ,
2617 4281 2660 4334 si
2693 4294 2795 4349 qua
2821 4280 2930 4348 pia,
2965 4277 3010 4332 si
3043 4292 3147 4346 qua
3182 4276 3442 4330 bonarum

1869 4377 2139 4430 actionum
2179 4375 2462 4429 consilium
2509 4373 2744 4428 habeant
2789 4385 2852 4424 ac
2883 4370 3235 4424 incentivum.
3286 4367 3441 4422 Sacri

195 4476 320 4525 μου,
359 4457 470 4511 τοῦ
494 4455 581 4525 μὴ
612 4453 974 4523 ἁμαρτάνειν
986 4469 1062 4522 με
1094 4453 1162 4506 ἐν
1194 4451 1446 4522 γλώσσῃ
1479 4469 1592 4521 μου
1619 4467 1635 4483 ⁸
1672 4450 1759 4504 καὶ

1870 4466 2061 4520 Psalta:
2089 4465 2315 4532 quisque
2348 4463 2461 4516 hazc
2481 4469 2702 4530 usurpet
2735 4475 2750 4513 :
2785 4459 2910 4512 Dixi
2946 4473 2964 4511 :
2996 4455 3301 4511 Custodiam
3330 4456 3443 4508 vias

198 4549 270 4610 τὸ,
303 4547 438 4614 Ταῖς
467 4545 780 4616 γλώσσαις
801 4543 1000 4598 αὐτῶν
1023 4543 1414 4598 ἐδολιοῦσαν·
1445 4543 1539 4596 καὶ
1570 4542 1653 4605 τὸ,
1708 4542 1767 4594 TI

200 4637 491 4710 ἐγκαυχᾷς
520 4638 592 4690 ἐν
616 4637 811 4704 κακίᾳ,
861 4639 894 4690 ὀ
935 4635 1191 4702 δυνατὸς
1238 4635 1533 4704 ἀνομίαν;
1577 4633 1770 4700 Ὅλην

198 4732 300 4799 τὴν
329 4731 559 4801 ἡμέραν
603 4728 842 4783 ἀδικίαν
883 4729 1204 4797 ἐλογίσατο
1258 4728 1296 4795 ἡ
1321 4725 1574 4796 γλῶσσὰ
1611 4741 1727 4780 σου
1753 4742 1767 4755 ·

198 4823 324 4878 ὡσεὶ
355 4823 547 4890 ξυρὸν
578 4820 956 4890 ἠκονημένον
979 4820 1268 4886 ἐποίησας
1291 4817 1492 4872 δόλον.
1523 4815 1774 4869 Γευέσθω

197 4916 292 4969 τῶν
323 4911 681 4981 ὠφελούντων
711 4911 773 4964 τὸ
825 4910 1018 4982 στόμα.
1078 4907 1447 4979 Σωφρωνείτω
1471 4906 1565 4961 καὶ
1589 4908 1622 4976 ὴ
1665 4905 1768 4976 ῥὶς,

204 5007 267 5078 μὴ
294 5005 508 5077 τρυφὴν
537 5004 626 5056 ἀεὶ
646 5002 1067 5073 ὀσφραινομένη,
1100 5003 1235 5073 μήτε
1262 4998 1447 5071 μύρων
1469 4997 1772 5052 πολυτελῶν

201 5100 389 5172 ἀτμοὺς
423 5096 648 5160 εὐώδεις
699 5097 792 5148 ἐπὶ
833 5093 934 5162 τὴν
979 5091 1218 5164 κεφαλὴν
1271 5091 1590 5146 ἀνέλκουσα.
1650 5088 1771 5143 Τῶν

1869 4572 2044 4616 meas,
2087 4565 2140 4607 ut
2176 4571 2277 4607 non
2321 4553 2618 4622 delinquant
2651 4553 2703 4604 in
2745 4551 2926 4619 lingua
2959 4564 3072 4600 mea
3099 4548 3163 4612 ¹⁹;
3199 4557 3252 4600 et
3280 4565 3292 4600 :
3322 4546 3440 4600 Lino

1869 4646 1982 4715 guis
2024 4647 2133 4698 suis
2164 4644 2338 4696 dolose
2369 4644 2586 4712 agebant
2624 4641 2783 4708 ";ac
2823 4648 3084 4707 prazterea
3115 4651 3130 4690 ε
3160 4635 3298 4702 Quid
3325 4638 3440 4706 glo-

1871 4738 2030 4791 riaris
2062 4738 2116 4789 in
2144 4735 2348 4788 malitia
2369 4776 2383 4799 ,
2405 4735 2686 4804 quipotens
2711 4748 2764 4786 es
2788 4731 2842 4784 in
2856 4728 3173 4795 iniquitate?
3199 4726 3325 4780 Tota
3359 4727 3442 4781 die

1873 4829 2186 4898 injustitiam
2214 4827 2460 4895 cogitavit
2485 4825 2666 4895 lingua
2700 4833 2792 4878 tua
2815 4837 2833 4874 :
2858 4823 2994 4876 sicut
3020 4822 3270 4874 novacula
3287 4829 3442 4872 acuta

1878 4921 2047 4988 fecisti
2094 4919 2354 4973 dolum“.
2388 4917 2579 4972 Gustet
2612 4932 2675 4972 os
2729 4931 2848 4986 qua
2891 4914 3249 4970 conducibilia
3293 4921 3438 4968 sunt.

1877 5013 1954 5066 Ac
1985 5013 2204 5065 naribus
2239 5025 2450 5080 quoque
2482 5025 2544 5064 ac
2571 5008 2817 5064 odoratui
2866 5006 3055 5061 modus
3099 5005 3443 5068 adhibeatur,

1877 5119 1944 5158 ne
1970 5102 2226 5173 voluptati
2268 5102 2461 5157 dedita:
2506 5100 2731 5156 nimium
2759 5099 2899 5160 sint.
2945 5105 3447 5166 unguentorumque

295 5263 335 5296 "
359 5262 556 5318 Matth.
597 5274 652 5326 ν,
692 5257 784 5311 9.8.
857 5256 900 5288 “
923 5255 1111 5310 Matth.
1143 5271 1310 5318 xvm,
1339 5257 1394 5314 8.
1473 5257 1515 5290 ¹⁹
1555 5255 1698 5312 Psal.
1724 5270 1756 5310 ι

1866 5272 1906 5321 t,
1937 5255 1990 5313 8.
2069 5256 2114 5288 ¹⁰
2139 5255 2278 5310 Psal.
2311 5270 2361 5321 v,
2398 5255 2485 5311 ll.
2560 5255 2602 5285 ²¹
2631 5252 2770 5308 Psal.
2795 5269 2869 5320 ιι,
2895 5255 2951 5319 5,
2990 5252 3046 5307 4.

262 5380 368 5447 (ll)
411 5375 579 5447 Audit
632 5376 814 5426 oculus
835 5411 852 5436 ,
902 5371 1388 5447 «paganus.
1413 5373 1769 5447 Αόφθαλμοξς.

204 5441 610 5514 Οιιόἀόιιόίιιιε
663 5456 858 5514 sensus
915 5446 988 5495 sit
1035 5443 1348 5511 disciplinae,
1405 5441 1528 5514 jure
1583 5443 1773 5514 merito

207 5510 431 5574 astet-ius
471 5515 572 5584 ipsi
630 5510 889 5589 oculo__ac
932 5510 1183 5589 sensibus
1233 5513 1463 5589 reliquis
1496 5511 1771 5565 Dominica

207 5580 506 5659 pracepta,
544 5596 666 5654 qua:
707 5580 961 5647 audiant,
1007 5584 1058 5637 id
1103 5593 1217 5650 est,
1263 5580 1592 5652 percipiant,
1648 5597 1774 5650 pro-

225 5662 360 5714 iuuit.

210 5675 373 5796 magi.)
412 5723 618 5781 Malum
669 5743 868 5781 omnem
919 5723 1159 5796 auditum
1202 5721 1553 5792 prohibentia.
1618 5719 1770 5796 Addo

213 5791 377 5857 toecm
417 5796 640 5869 κακῆς,
700 5811 859 5868 quam
921 5795 1159 5850 clausam
1217 5801 1574 5864 reprzcsento;
1629 5791 1769 5848 forte

1873 5370 2008 5424 facta
2038 5385 2104 5423 ex
2134 5385 2195 5423 ea
2227 5369 2325 5423 fuit
2353 5385 2454 5424 vox
2495 5369 2675 5440 πάσης
2699 5385 2713 5400 ·
2766 5383 2885 5437 quae
2927 5367 3075 5421 nullo
3106 5366 3444 5440 incommodo

1872 5442 2062 5492 abesse
2090 5449 2284 5507 potest.
2310 5440 2525 5508 Alioqui
2559 5435 2684 5493 vero
2707 5435 2809 5493 non
2835 5447 3261 5508 constatsensus
3284 5435 3442 5488 Λειο-

1871 5512 1972 5563 rio.
2017 5508 2132 5563 Non
2171 5509 2313 5562 enim
2363 5507 2540 5564 divina
2593 5510 2679 5564 lex
2718 5508 2936 5562 omnino
2984 5507 3138 5561 nobis
3164 5507 3442 5560 obturatas

1873 5579 1980 5632 vult
2006 5594 2186 5640 aures,
2213 5587 2304 5632 aut
2331 5579 2582 5648 prohibet
2611 5578 2826 5648 quidvis
2851 5577 3038 5648 audire
3070 5594 3084 5629 :
3115 5592 3235 5648 cum
3265 5575 3440 5648 potius

1867 5665 2010 5717 sazpe
2040 5659 2293 5716 provocet
2331 5643 2569 5704 auditum
2594 5643 2823 5715 {sitque
2866 5647 3086 5717 auditlo,
3116 5645 3254 5699 sicut
3281 5643 3439 5705 visio,

1867 5715 1969 5842 prol
2012 5715 2086 5771 rei
2119 5719 2313 5776 auditte
2360 5730 2453 5775 aut
2497 5719 2627 5774 visa:
2666 5719 2906 5782 ratione,
2941 5715 3069 5786 quid
3113 5717 3311 5771 bonum
3346 5722 3441 5768 aut

1867 5804 1950 5842 ma
1979 5803 2086 5842 um.

1867 5803 2086 5843 malum.
