3820 6300
395 319 501 379 I87

1656 310 1716 367 S.
1753 307 2029 367 ASTEBII
2069 301 2371 363 AMASENI

3531 296 3647 352 188

394 436 754 506 pretiosorum
809 432 1112 505 εῖδει-πῖθι
1174 430 1377 487 halitus
1435 437 1842 486 consectentur.
1903 424 1961 481 in

2084 423 2177 493 τὰρ
2203 422 2457 477 τοιούτων
2484 417 2579 475 καὶ
2602 418 2633 474 ό
2665 418 2893 482 Ἦσαῖας
2922 415 3164 487 σφοδρῶς
3201 415 3349 469 ἐστιν
3396 414 3648 486 κατήγο-

397 525 533 581 tales
574 525 714 581 enim
745 522 912 580 Isaias
938 538 1155 594 quoque
1196 523 1397 579 acriter
1430 521 1703 577 invehitur
1722 523 1792 575 “.
1827 520 1965 588 Quin

398 632 591 673 manus
629 632 844 687 quoque
890 617 1203 672 meminisse
1258 615 1630 670 mandatorum
1670 615 1869 677 debet,
1904 629 1981 670 ac.

397 721 611 767 cavere.
638 722 706 762 ne
731 708 1035 777 promiscue
1062 707 1459 776 qualiacunque
1494 713 1812 761 contrectat.
1838 706 1970 761 Pro-

403 799 656 854 tendatur
682 802 747 852 ad
774 800 1202 869 eleemosynam,
1236 813 1342 853 non
1384 798 1450 851 ad
1480 798 1759 867 rapinam;
1789 807 1971 853 servet

396 890 614 959 propria
635 929 650 954 ,
679 904 783 946 non
821 890 1039 960 colligat
1068 898 1231 959 atque
1264 899 1567 959 componet
1595 889 1769 944 aliena
1805 908 1821 958 ;
1846 905 1971 945 cor-

2071 533 2181 588 ρος.
2213 512 2527 584 Μεμνήσθω
2553 511 2647 565 καὶ
2676 514 2710 581 ἡ
2735 511 2858 583 χεὶρ
2878 509 2986 563 τῶν
3013 507 3265 571 ἐντολῶν,
3292 508 3378 561 ἴνα
3408 506 3482 577 μὴ
3507 505 3649 560 πάν-

2069 624 2177 661 των
2197 603 2489 667 ἀκωλύτως
2545 602 2805 673 ἅπτηται.
2857 600 3208 657 Ἐκτεινέσθω
3235 599 3370 671 πρὸς
3405 598 3646 669 ἐλεημο-

2072 695 2257 767 σύνην,
2293 695 2369 767 μὴ
2402 693 2539 764 πρὸς
2567 692 2856 766 ἁρπαγήν-ἡ
2875 690 3108 763 τηρείτω
3133 691 3200 744 τὰ
3224 689 3351 753 ἴδια,
3389 688 3464 761 μὴ
3495 705 3646 741 συν-

2073 785 2252 853 ἀγέτω
2297 784 2366 838 τά
2398 782 2656 855 ἀλλότρια
2675 801 2691 816 ⁸
2727 782 2980 838 ἁπτέσθω
3013 782 3276 854 σωμάτων
3297 781 3519 852 νωθρῶν
3542 780 3648 835 καὶ

2073 879 2474 952 κεκακωμένων
2494 880 2557 933 δι’
2588 878 2797 950 ἀγαθῆς
2842 876 3199 948 ἐπισκέψεως,
3240 875 3314 947 μὴ
3342 875 3449 929 τῶν
3478 890 3651 945 σφρι-

392 994 529 1050 pora
577 995 718 1051 aegra
774 994 838 1034 ac
880 981 1020 1035 male
1070 978 1259 1036 affecta
1295 980 1362 1035 ad
1392 994 1547 1051 opem
1579 979 1854 1035 ferendam
1887 990 1972 1034 at-

399 1073 606 1144 tingat,
666 1086 771 1127 non
836 1081 1024 1144 vegeta
1081 1088 1147 1128 ac
1210 1086 1427 1144 semper
1484 1071 1798 1128 libidinibus
1846 1086 1973 1141 pru-

398 1164 619 1219 tientia.

466 1253 585 1310 lam
613 1266 862 1314 constare
891 1257 1146 1313 existimo
1176 1265 1236 1311 ut
1265 1270 1333 1310 ne
1363 1254 1533 1311 nostri
1561 1255 1773 1325 quidem
1801 1255 1973 1311 simus

395 1345 630 1413 domini,
676 1347 771 1402 sed
834 1348 1100 1407 meonomi
1141 1355 1352 1403 tantum
1423 1362 1489 1403 ac
1551 1348 1969 1415 dispensatores.

396 1435 666 1508 Quidquid
705 1439 851 1494 enim
900 1439 1109 1511 legibus
1162 1454 1227 1495 ac
1281 1442 1564 1510 pra-.ceptis
1632 1438 1970 1508 astringitur,

2072 968 2291 1039 γώντων
2310 970 2404 1025 καὶ
2425 972 2546 1034 ταῖς
2581 969 2859 1041 πορνείαις
2880 968 2966 1024 ἀεὶ
3001 966 3389 1039 σχολαζόντων.

2144 1252 2383 1319 Ἐδειξεν
2426 1255 2558 1325 ἡμῖν
2585 1255 2615 1307 ό
2646 1253 2824 1322 λόγος,
2866 1254 2943 1318 ὠς
2988 1254 3083 1308 καὶ
3129 1254 3284 1308 αὐτοὶ
3331 1252 3543 1308 ἐαυτῶν
3578 1253 3647 1307 οὐ

2070 1341 2325 1398 δεσπόται
2359 1346 2544 1416 ἐσμὲν,
2595 1346 2708 1400 ἀλλ’
2739 1347 3031 1416 οἰκονόμοι.
3063 1347 3178 1400 Πᾶν
3199 1347 3309 1418 γάρ
3366 1346 3428 1399 τὸ
3457 1346 3650 1417 νόμοις

2073 1434 2427 1506 ὑποκείμενον
2456 1438 2549 1491 καὶ
2578 1436 2981 1509 προστάγμασι,
3011 1437 3199 1491 δοῦλον
3225 1436 3320 1491 τοῦ
3345 1437 3649 1508 νομοθέτου

396 1543 621 1584 servum
667 1529 824 1599 plane
874 1544 940 1585 ac
999 1530 1292 1585 obnoxium
1352 1528 1646 1602 legislntori
1710 1532 1971 1584 noscitur.

2084 1523 2221 1577 ἐστὶν
2249 1525 2342 1578 καὶ
2365 1527 2624 1598 ὑπήκοον.
2647 1528 2710 1580 Ei
2737 1527 2794 1580 δὲ
2815 1526 2883 1580 τὰ
2914 1527 3078 1597 μόρια
3096 1526 3189 1581 τοῦ
3212 1526 3459 1599 σώματος
3485 1528 3653 1599 ἡμῶν

397 1619 552 1687 Quod
574 1619 620 1675 si
648 1621 834 1690 igitur,
861 1634 929 1676 ne
963 1620 1093 1692 ipsae
1126 1623 1340 1691 quidem
1370 1623 1611 1690 corporis
1650 1621 1822 1676 nostri
1851 1610 1975 1690 par-

2084 1613 2173 1667 οὐκ
2197 1613 2456 1686 ἐλεύθερα
2510 1614 2784 1681 ἐξουσίας,
2816 1616 2952 1671 ἀλλά
3004 1616 3307 1687 δεσποτικῷ
3346 1615 3653 1689 βουλήματι

400 1719 484 1766 tes
527 1724 591 1765 ac
631 1709 903 1775 membra,
957 1709 1125 1765 libera
1172 1714 1364 1781 suique
1388 1709 1525 1777 juris
1554 1717 1717 1770 sunt.
1747 1707 1842 1764 sed
1869 1708 1971 1778 Do-

2084 1706 2213 1779 πρὸς
2256 1706 2356 1769 τάς
2386 1708 2664 1781 ἐνεργείας
2721 1710 3139 1781 κανονιζόμενασ
3191 1710 3245 1763 τί
3291 1710 3357 1764 ἂν
3384 1710 3530 1764 εἴποι
3562 1728 3655 1775 τις

399 1800 532 1856 mini
558 1800 832 1858 voluntate
858 1803 925 1857 ad
956 1801 1260 1858 functiones
1311 1817 1439 1857 suas
1484 1801 1814 1869 diriguntur,
1839 1801 1966 1871 quid

2084 1796 2207 1868 πρὸς
2228 1798 2356 1862 τοὺς
2383 1798 2680 1870 οἰομένους,
2717 1800 2919 1872 χρυσοῦ
2976 1801 3071 1855 καὶ
3097 1801 3360 1874 ἀργύρου,
3390 1804 3485 1856 καὶ
3510 1803 3647 1874 γῆς,

394 1891 486 1947 his
524 1892 798 1960 dicemus,
848 1894 940 1963 qui
981 1894 1082 1949 sibi
1125 1893 1476 1963 persuadent,
1521 1892 1638 1947 auri
1678 1907 1770 1958 se,
1794 1901 1850 1948 et
1879 1908 1968 1947 ar-

2084 1889 2166 1943 ιιαὶ
2190 1889 2299 1943 τῶν
2327 1889 2503 1945 ἄλλων
2540 1890 2834 1946 ἀνεύθυνον
2884 1892 3028 1964 ἐχειν
3072 1893 3172 1965 τὴν
3223 1894 3448 1966 κτῆσιν;
3477 1896 3656 1949 οὐδὲν

401 1986 572 2054 genti,
621 1999 688 2059 ac
742 1986 882 2055 agri,
934 1994 1360 2057 ceterarumque
1408 1999 1610 2050 rerum,
1659 1984 1819 2040 nullis
1872 1986 1968 2040 ob-

2084 1978 2184 2045 rbv,
2236 1979 2509 2052 ἄνθρωπε.
2549 1982 2623 2035 Σὺ
2665 1981 2868 2046 δοῦλος,
2927 1984 3021 2037 καὶ
3047 1983 3117 2038 τά
3168 1982 3237 2038 σά
3287 1983 3382 2037 τοῦ
3415 1985 3653 2054 Κυρίου.

400 2074 622 2129 noxiam
651 2075 954 2131 rationibus
989 2073 1236 2130 obtinere
1275 2074 1706 2145 possessionem}!
1742 2073 1903 2139 Nihil,
1935 2088 1969 2129 ο

2084 2071 2292 2139 δοῦλος
2306 2073 2411 2145 γὰρ
2433 2075 2752 2145 ἐλεύθερον
2781 2076 3105 2131 πεκούλια·
3131 2078 3243 2130 οὐκ
3275 2077 3411 2146 ἔχει.
3437 2076 3657 2148 Γυμνδς

400 2163 598 2230 homo,
629 2174 778 2221 tuum
804 2175 907 2222 est.
938 2165 1139 2221 Servus
1161 2174 1278 2232 est;
1331 2175 1527 2235 tuaque
1557 2166 1734 2221 omnia
1758 2164 1968 2219 Domini

2084 2160 2395 2235 (ἀρ-ῆχθης
2419 2167 2499 2228 είς
2542 2164 2698 2219 τοῦτο
2739 2165 2800 2219 τὺ
2852 2166 3000 2235 φῶς*
3047 2164 3236 2229 ἐλασες
3270 2166 3304 2218 ἃ
3333 2166 3478 2237 ἔχεις
3506 2166 3657 2221 κατὰ

400 2255 793 2311 συηιεδιηυε
834 2256 977 2310 enim
1039 2272 1143 2311 non
1190 2256 1342 2311 habet
1400 2257 1663 2326 peculium
1730 2257 1968 2311 liberum.

2084 2252 2231 2324 νόμον
2272 2254 2367 2308 τοῦ
2426 2257 2633 2330 Κυρίου
2677 2274 2792 2321 σου,
2842 2257 2876 2328 ἢ
2938 2257 3350 2329 κληρονομήσας
3410 2258 3654 2329 πατέρα,

399 2344 609 2416 Quippe
638 2347 814 2402 nudus
846 2349 900 2402 in
931 2348 1070 2402 hanc
1108 2347 1280 2403 lucem
1314 2348 1593 2417 prodiisti;
1641 2362 1973 2417 quaecunque

2084 2343 2254 2417 επειδὴ
2281 2345 2463 2409 οὕτως
2491 2348 2519 2399 ό
2544 2347 2675 2411 θεὸς
2704 2347 2981 2414 διετάξατο
3001 2346 3228 2417 (Γογεῖς
3258 2347 3369 2417 γὰρ
3392 2347 3657 2414 τέκνοις,

401 2437 604 2504 babes,
635 2453 703 2493 ex
734 2439 943 2493 Domini
997 2439 1071 2493 tui
1114 2438 1230 2508 lege
1265 2439 1553 2519 accepisti;
1595 2439 1710 2494 sive
1750 2447 1971 2505 paterna

2084 2436 2228 2506 φησὶ,
2258 2439 2538 2506 μεριοῦσι
2570 2442 2816 2510 (rutila),
2858 2443 2891 2513 ἢ
2924 2444 3032 2496 ἀπὸ
3057 2443 3235 2515 γάμου
3268 2444 3364 2516 τὴν
3390 2446 3659 2518 εὐπορίαν

399 2528 753 2594 haereditate,
794 2530 937 2599 quod
990 2530 1062 2583 ita
1113 2530 1252 2585 Deus
1300 2529 1639 2585 constituerit
1693 2527 1970 2600 (Parentes

2084 2529 2416 2600 κτησάμενος
2443 2533 2641 2603 (γάμος
2679 2534 2736 2587 δέ
2787 2536 2880 2588 καὶ
2915 2536 2983 2588 τά
3007 2537 3091 2588 ἐπ’
3112 2536 3304 2608 ἐκείνῳ
3336 2538 3490 2609 παρά
3515 2538 3659 2592 Θεοῦ

398 2619 566 2687 enim,
604 2621 811 2690 inquit,
843 2621 967 2690 ﬁliis
1009 2622 1174 2688 spolia
1198 2624 1423 2677 dividant
1455 2621 1501 2653 ²³
1540 2619 1655 2693 [16]
1686 2622 1730 2685 l,
1763 2620 1877 2677 sive
1905 2635 1971 2674 ex

2084 2619 2466 2688 διατέτακται),
2522 2621 2555 2693 ἢ
2605 2624 2712 2675 ἀπὸ
2756 2624 3048 2694 ἐμπορίας,
3096 2624 3191 2678 καὶ
3231 2628 3521 2699 γεωργίας,
3560 2631 3659 2684 καὶ

404 2708 750 2765 matrimonio
793 2710 1010 2765 divitias
1047 2722 1371 2766 consecutus
1419 2725 1510 2776 es;
1559 2711 1660 2766 hoc
1702 2710 1844 2764 enim
1872 2748 1888 2773 ,
1919 2718 1975 2764 et

403 2808 527 2865 qua:
577 2799 848 2869 pertinent
881 2805 949 2855 ad
990 2799 1119 2855 illud
1162 2816 1191 2854 a
1236 2802 1344 2856 Deo
1384 2801 1640 2855 instituta‘
1670 2810 1795 2855 sunt
1820 2817 1836 2854 :
1862 2800 1974 2853 sive

2075 2707 2184 2863 ’ἓῦν
2212 2708 2386 2763 ἄλλων
2423 2713 2768 2782 προφάσεων,
2826 2712 2962 2767 Θεοῦ
3003 2714 3139 2786 πρὸς
3181 2716 3366 2770 ἐκεῖνα
3398 2721 3659 2792 συμπρά-

2112 2814 2287 2863 αντος.

2112 2814 2287 2863 αντος.

404 2888 639 2958 denique
691 2904 760 2944 ex
825 2902 1153 2957 mercatura,
1204 2902 1299 2947 aut
1355 2891 1704 2962 agricultura,
1734 2890 1816 2947 vel
1856 2888 1975 2945 aliis
2015 2890 2331 2961 acquirendi
2362 2891 2564 2957 modis,
2606 2889 2834 2950 faciente
2883 2894 2995 2952 Deo
3046 2912 3112 2954 ac
3148 2900 3474 2972 adiuvante,
3500 2901 3660 2958 dives

403 2979 580 3035 factus
593 2974 685 3036 es.

473 3072 595 3128 1am
635 3074 816 3144 itaque
840 3081 1123 3144 probatum
1152 3080 1273 3138 est,
1324 3072 1599 3141 accepisse
1636 3079 1690 3126 te
1712 3087 1818 3126 non
1850 3082 1972 3138 tua;

2160 3064 2292 3118 Ἰδοὺ
2318 3065 2519 3129 τοίνυν,
2552 3066 2762 3140 ἐδείχθη
2812 3068 2895 3122 ὅτι
2940 3069 3131 3135 ἔλαϐες
3161 3070 3232 3127 τά
3263 3073 3340 3145 μὴ
3374 3073 3463 3129 σά.
3501 3074 3661 3130 Ἴδω-

403 3167 686 3222 videamus
741 3168 993 3235 deinceps
1035 3166 1162 3234 quid
1208 3165 1578 3234 priescriptum
1625 3164 1722 3219 tibi
1764 3167 1870 3231 sit,
1914 3179 1977 3218 ac

404 3257 580 3328 qualis
610 3272 795 3314 eorum
848 3256 1248 3312 administratio
1294 3269 1416 3310 esse
1460 3256 1676 3311 debeat.
1722 3254 1797 3313 Da
1850 3270 1976 3309 esu-

406 3350 598 3415 rienti;
654 3356 773 3419 tege
798 3348 1033 3415 nudum;
1066 3363 1196 3403 cura
1243 3348 1382 3402 male
1421 3345 1710 3413 aﬂectum;
1750 3361 1818 3402 ne
1856 3361 1979 3415 ege-

406 3458 556 3508 num,
583 3456 647 3496 ac
678 3441 730 3495 in
771 3439 943 3495 triviis
975 3440 1267 3509 projectum
1310 3441 1642 3511 neglexeris;
1671 3439 1774 3508 noli
1805 3439 1975 3492 dete-

409 3535 525 3602 ipso
537 3535 947 3598 sollicitusesse,
962 3533 1230 3601 quomodo
1248 3548 1375 3602 ages
1392 3533 1446 3586 in
1474 3533 1768 3587 crastinum
1785 3531 1829 3562 ”
1843 3531 1975 3602 (17).

408 3625 476 3680 Et
522 3627 591 3679 ita
642 3624 857 3693 quidem
889 3624 933 3679 si
971 3624 1183 3688 feceris,
1217 3624 1391 3693 inquit
1418 3661 1435 3685 ,
1499 3622 1919 3682 cohonestabere
1948 3635 1978 3674 a

407 3716 716 3788 legislature
747 3732 765 3783 ;
799 3717 880 3770 sin
914 3730 1043 3771 vero
1084 3717 1400 3769 mandatum
1446 3722 1816 3784 transgressus
1861 3713 1979 3767 fue-

410 3812 524 3875 ris,
568 3811 805 3879 graviter
843 3810 1083 3879 puniere.
1134 3808 1259 3863 limo
1302 3807 1544 3877 profecto
1579 3822 1682 3861 non
1734 3806 1862 3860 mihi
1905 3808 1982 3860 vi-

409 3905 603 3958 dentur
633 3900 749 3969 eius
780 3916 921 3966 esse,
953 3902 1045 3970 qui
1071 3916 1201 3956 suus
1245 3900 1345 3956 sibi
1376 3900 1625 3955 dominus
1655 3900 1761 3965 sit,
1795 3914 1862 3955 ac
1894 3900 1978 3953 cui

408 3995 577 4050 libera
607 4003 857 4063 suppetat
895 3994 1114 4063 quidvis
1167 3993 1363 4062 agendi
1415 3976 1690 4062 potestas:
1722 3991 1816 4046 sed
1865 4005 1981 4044 om-

408 4087 538 4140 nino
579 4094 798 4151 contra,
845 4084 1134 4140 multitudo
1161 4091 1550 4153 praeceptorum
1594 4082 1862 4137 hominem
1890 4096 1981 4134 ar-

410 4175 527 4244 guit
549 4175 705 4239 valde
748 4175 975 4244 imperio
1015 4176 1376 4242 mancipatum
1398 4211 1414 4237 ,
1469 4171 1776 4242 legibusque
1807 4170 1955 4225 Domi

420 4266 556 4320 uicis
604 4266 905 4330 subditum,
954 4281 984 4319 a
1030 4279 1138 4334 quo
1168 4266 1490 4334 praescripta
1515 4264 1636 4317 vitae
1666 4263 1801 4317 ratio
1829 4263 1979 4332 quasi

2080 3173 2179 3227 μεν
2210 3157 2387 3211 τοίνυν
2415 3157 2623 3223 λοιπὸν,
2652 3161 2704 3213 τί
2736 3177 2818 3214 σοι
2847 3163 3146 3234 ἐπετάχθη,
3173 3165 3266 3219 καὶ
3288 3167 3374 3220 οἵα
3396 3168 3482 3220 ἐπ’
3507 3169 3660 3223 ὲκεί-

2075 3266 2187 3313 νοις
2205 3248 2487 3320 διοίκησις.
2517 3250 2615 3317 Δρς
2638 3250 2715 3323 τῷ
2747 3252 3024 3319 πεινῶντι,
3056 3255 3271 3311 ἐνδυσον
3301 3259 3391 3312 τὸν
3427 3261 3660 3331 γυμνὸν,

2076 3340 2413 3413 θεράπευσον
2448 3342 2540 3396 τὸν
2568 3345 2978 3416 κεκακωμένον,
3023 3346 3099 3419 μὴ
3126 3348 3368 3420 περιίδῃς
3393 3351 3484 3404 τὸν
3522 3351 3660 3406 άπο-

2079 3448 2192 3504 ρον,
2223 3432 2314 3484 τὸν
2344 3431 2674 3502 ἐρριμμένον
2722 3433 2780 3485 ἐν
2824 3435 2938 3496 τοῖς
2990 3435 3238 3503 τριόδοις.
3287 3437 3359 3490 Σὺ
3390 3437 3491 3506 μὲν
3523 3455 3662 3491 σαυ-

2075 3522 2171 3576 τοῦ
2206 3523 2280 3594 μὴ
2304 3525 2665 3593 μεριμνήσῃς,
2693 3524 2827 3594 μηδέ
2858 3527 3169 3599 φροντίσῃς,
3195 3528 3313 3592 πῶς
3338 3529 3536 3597 διάξεις
3565 3532 3661 3585 ἐπὶ

2076 3613 2177 3680 τῆς
2204 3613 2511 3683 ὑστεραίας.
2549 3611 2665 3665 Κᾶν
2691 3612 2885 3679 ταῦτα,
2908 3616 3091 3684 φησὶν,
3117 3618 3347 3690 ἐργάσῃ,
3377 3619 3663 3693 τιμηθήσῃ

2080 3704 2231 3774 παρὰ
2250 3704 2342 3757 τοῦ
2374 3704 2662 3773 νομοθέτου
2684 3721 2700 3738 ο
2728 3704 2795 3758 ἂν
2824 3705 2882 3760 δὲ
2916 3709 3269 3781 παρακούσῃς
3295 3711 3392 3782 τῆς
3417 3712 3663 3783 ἐντολῆς,

2079 3794 2385 3867 κολασθήσῃ
2413 3793 2648 3866 πικρῶς.
2698 3793 2884 3849 Ταῦτα
2917 3795 3027 3865 ἐγὼ
3053 3799 3114 3851 οὐ
3141 3798 3323 3868 βλέπω
3344 3799 3435 3854 τοῦ
3470 3800 3664 3868 αὐτεξ-

2081 3889 2284 3955 ουσίου,
2308 3887 2425 3942 οὐδὲ
2453 3887 2546 3941 τοῦ
2573 3887 2773 3953 ζῶντος
2818 3891 2936 3960 μετ’
2970 3890 3284 3958 αὐθεντείας
3304 3911 3317 3924 ·
3350 3893 3485 3947 ἀλλὰ
3512 3895 3663 3948 τούν-

2080 3981 2281 4043 αντίον,
2309 3979 2381 4033 τὰ
2433 3970 2601 4033 πολλά
2633 3981 2726 4034 καὶ
2778 3983 2976 4054 συνεχῆ
3026 3985 3421 4056 προστάγματα
3448 3986 3663 4040 ὑποδεί-

2080 4072 2237 4124 κνυσί
2270 4088 2359 4141 μοι
2383 4071 2669 4142 ἄνθρωπον
2699 4072 3113 4144 βασιλευόμενον
3164 4076 3419 4147 ἰσχυρῶς,
3449 4079 3545 4131 καὶ
3574 4078 3664 4131 v6-

2084 4185 2205 4238 μοις
2229 4167 2568 4231 δεσποτικῶς
2596 4166 2915 4233 ὑπεύθυνον,
2945 4169 3040 4222 καὶ
3065 4169 3165 4241 τὴν
3200 4172 3665 4245 κεκανονισμένην

2084 4258 2357 4312 πολιτείαν
2415 4259 2810 4330 ἀπαιτούμενον
2860 4260 2935 4324 ὡς
2989 4262 3166 4332 χρέος.
3212 4264 3399 4335 Ἡμεῖς
3438 4263 3515 4329 δέ,
3543 4264 3666 4329 πῶς

411 4357 649 4412 debitum
684 4356 900 4427 aliquod
942 4356 1210 4426 exigatur.
1254 4354 1363 4411 Nos
1401 4370 1561 4419 vero,
1606 4355 1876 4426 quomodo
1906 4356 1976 4409 sic

2084 4351 2464 4420 ἀλογίστευτον
2498 4351 2712 4423 ἔχοντες
2748 4353 2841 4406 τὸν
2874 4354 3011 4423 βίον,
3037 4356 3163 4419 τοὺς
3196 4356 3293 4426 μὲν
3318 4356 3532 4421 ἀθλίους
3567 4360 3666 4412 καὶ

410 4450 580 4506 stulte
608 4461 961 4518 amenterque
984 4450 1146 4504 vitam
1182 4448 1441 4503 habemus
1462 4487 1477 4511 ,
1506 4457 1562 4501 ut
1602 4448 1826 4502 miseros
1860 4447 1976 4500 ino-

2088 4442 2416 4514 πενομένους
2448 4443 2792 4514 περιορῶμεν
2836 4444 3257 4510 ἐντελευτῶντας
3309 4450 3427 4511 ταῖς
3453 4465 3667 4519 συμφο-

411 4555 619 4611 pesque
643 4540 1027 4610 despiciamus,
1059 4555 1122 4593 ac
1149 4541 1383 4594 miseriis
1426 4540 1638 4594 itnmori
1676 4541 1977 4608 patiamur;

414 4631 700 4702 largosque
750 4630 964 4685 interim
1014 4639 1258 4699 sumptus
1319 4630 1371 4683 in
1424 4631 1583 4684 rebus
1629 4630 1782 4683 vanis
1812 4628 1979 4683 ambi-

417 4724 554 4778 tiose
584 4737 882 4791 ponamus;
917 4721 1125 4776 alamus
1158 4721 1468 4775 hellu’onnm
1508 4721 1845 4776 adulatorum
1869 4729 1979 4772 tur-

418 4817 562 4877 ham,
601 4828 666 4868 ac
693 4815 1049 4883 parasitorum
1100 4813 1395 4868 infelicium
1446 4814 1659 4883 agmina
1709 4810 1980 4864 individuo

415 4909 670 4960 comitatu
712 4906 1029 4972 traltatnus;
1079 4919 1401 4975 rursumque
1450 4904 1504 4958 in
1554 4902 1875 4973 gladiatores
1917 4918 1981 4955 ac

512 5087 562 5121 “
592 5084 695 5139 lsa.
719 5100 816 5153 ιιι,
843 5083 915 5138 28
939 5099 1062 5156 sqq.
1168 5084 1213 5115 ’⁸
1241 5083 1400 5140 Prov.
1441 5098 1531 5139 xix
1553 5126 1568 5152 ,
1600 5084 1684 5138 l4.

492 5268 606 5340 (l6)
649 5266 899 5323 Parentes
928 5267 1053 5340 [iliis
1079 5263 1519 5340 spolia_divident_.
1557 5260 1715 5340 Pro_v.
1742 5276 1859 5340 xix.
1892 5260 1979 5326 Η,

419 5329 528 5409 quo
553 5329 799 5394 Asterius
826 5329 1059 5409 respicit,
1079 5329 1186 5409 est,
1213 5330 1745 5409 oixov_xa.1i'mapEtv,
1769 5329 1982 5384 domum

420 5402 468 5466 et
498 5411 848 5464 substantiam
873 5425 892 5473 ;
914 5402 928 5407 ’
952 5406 1118 5460 voluit
1155 5405 1290 5458 forte
1336 5405 1415 5457 sic
1465 5419 1569 5456 uno
1602 5402 1763 5455 verbo
1799 5414 1988 5473 auctor

421 5483 631 5543 dicere;
688 5490 743 5532 et
806 5478 931 5545 quia
986 5477 1183 5543 passim
1236 5476 1289 5545 in
1355 5474 1629 5545 Scriptura
1679 5472 1990 5545 mentio‘fit

425 5542 707 5602 divisionis
752 5542 1067 5616 spoliorum.
1103 5546 1243 5599 Bene
1278 5544 1501 5599 Ducants
1544 5542 1852 5611 interpretis
1903 5542 1991 5596 hic

425 5620 635 5690 lapsum
672 5627 999 5690 correxerat.

2086 4537 2239 4607 ραίςο
2290 4536 2381 4588 καὶ
2403 4534 2768 4605 δαπανώμεθα
2814 4536 2870 4589 δὲ
2894 4537 3191 4609 φιλοτίμως
3215 4541 3333 4603 ταῖς
3368 4540 3666 4613 ματαιότη-

2088 4643 2192 4692 σιν,
2222 4626 2465 4683 κολάκων
2482 4627 2684 4697 πλῆθος
2704 4627 2929 4682 ἀσώτων
2948 4630 3251 4701 τρέφοντες,
3273 4630 3367 4683 καὶ
3393 4632 3665 4703 φρατρίας

2085 4722 2488 4792 κακοδαιμόνων
2511 4722 2821 4793 παρασίτων
2849 4722 3261 4791 ἐπισυρόμενοι·
3292 4716 3446 4783 αὖθις
3473 4722 3664 4792 θηριο-

2091 4811 2281 4882 μάχοις
2323 4814 2416 4866 καὶ
2461 4812 2668 4883 θηρίοις
2704 4813 3089 4885 σκορπίζοντες
3132 4810 3222 4863 τὸν
3280 4810 3528 4872 πλοῦτον,
3559 4812 3665 4866 κάν

2087 4906 2207 4968 ταῖς
2258 4906 2659 4978 ἱπποτροφίαις.
2682 4907 2898 4972 οὐδενὸς
2944 4906 3052 4960 τῶν
3106 4904 3273 4957 ὄντων
3323 4902 3628 4975 φειδόμενοι
3648 4920 3663 4934 ·

1790 5079 1836 5112 ’δ
1875 5079 2063 5136 Matth.
2093 5095 2166 5147 τι,
2200 5081 2290 5137 ει.

2092 5259 2341 5331 margini.
2381 5275 2487 5329 quo
2521 5261 2837 5328 prohibetur
2861 5276 2927 5314 ne
2954 5258 3124 5313 simus
3150 5258 3221 5313 de
3244 5257 3485 5312 crastino
3517 5256 3665 5313 solli-

2092 5330 2402 5397 citi,'ntque
2434 5332 2484 5384 in
2515 5346 2580 5384 eo
2606 5333 2772 5384 sinms
2801 5330 3011 5390 victuri.
3051 5345 3115 5382 ac
3144 5343 3233 5383 res
3260 5338 3474 5383 nostras
3514 5343 3667 5382 com-

2094 5401 2334 5470 paraturi
2366 5417 2378 5451 :
2414 5416 2516 5453 non
2541 5404 2681 5468 quod
2712 5400 2889 5470 reddit
2912 5401 3196 5470 interpres,
3218 5398 3662 5470 quemadmodum

2096 5467 2163 5524 nd
2189 5472 2324 5524 diem
2365 5467 2650 5523 crastinum
2690 5469 2970 5536 pervenies.
3009 5467 3099 5522 Sic
3130 5467 3328 5537 passim
3368 5467 3664 5535 Scriptura:

2102 5540 2214 5594 loca
2251 5542 2424 5593 minus
2451 5539 2825 5591 animadvertit
2870 5555 2934 5593 ac
2979 5540 3254 5607 esprimit,
3292 5539 3434 5606 quod
3476 5552 3576 5603 ego
3612 5540 3661 5588 in

2102 5611 2323 5665 Patrum
2344 5610 2657 5665 Graecorum
2675 5610 2988 5675 interprete.
3022 5610 3239 5663 maximi
3266 5622 3377 5662 rem
3404 5617 3661 5672 momenti

496 5690 610 5757 (i7)
652 5687 1070 5757 Quomodogages
1092 5686 1145 5738 in
1169 5684 1471 5757 crastinum,
1490 5683 1615 5757 azth
1644 5681 1869 5757 διάξεις
1898 5680 1994 5736 ἐπὶ
2102 5681 2380 5757 θξίεῑίιιιρς
2409 5695 2527 5743 cum
2558 5678 2608 5730 in
2641 5678 2768 5757 illis,
2800 5679 3041 5750 sciteque
3062 5695 3249 5734 eorum
3274 5692 3396 5757 usu,
3428 5676 3665 5745 plurima

401 5748 539 5844 ’γῆς
560 5748 903 5826 ὖσὶσραιας.
924 5748 1090 5811 Plana
1114 5762 1195 5812 est
1217 5753 1408 5810 allusio
1421 5756 1488 5810 ad
1501 5748 1674 5810 locum
1705 5754 2000 5823 ascriptum
2105 5751 2187 5809 vis
2210 5765 2274 5805 ac
2295 5748 2457 5806 decor
2476 5748 2789 5807 eorumdetn
2811 5748 3117 5805 sermonum
3145 5755 3383 5804 constet.
