3820 6308
154 336 247 396 189
1111 330 1399 388 HOMILIA
1436 329 1501 387 ll.
1542 327 1632 388 DE
1670 328 2043 389 (ECONOMO
2078 326 2516 398 lNlQUITATlS.
3301 331 3409 390 190

161 456 242 509 καὶ
265 427 429 507 πάλιν
466 450 940 529 ⁵Θςιυμιιτοιιιποιοῖς,
972 447 1066 503 καὶ
1110 447 1317 519 μίμοις,
1354 450 1447 504 καὶ
1471 451 1583 513 τοῖς
1613 448 1741 521 ἑξῆς
1769 500 1771 508 ι

1872 464 2005 515 eras,
2042 449 2370 519 alendoaque
2400 464 2590 521 equos,
2626 449 2771 505 nulla
2805 450 3167 520 impensarum
3195 452 3409 510 ratione

160 544 406 616 ὀλεθρίοις
448 540 813 604 δαπανῶντες
860 536 960 611 τήν
1011 538 1292 611 εὐπορίαν.
1344 538 1456 593 Καὶ
1503 540 1736 608 πρᾶγμα

1872 542 2024 596 labita
2048 580 2064 606 ,
2094 557 2227 611 opes
2259 542 2666 613 dispcrgamus;
2713 541 3031 617 deniquein.
3052 543 3410 617 praestigiato-

163 642 425 708 πάσχομεν
440 635 633 700 κενὸν,
659 634 756 688 καὶ
787 629 983 705 μανίας
1004 630 1188 700 ἐγγύς.
1223 630 1393 684 Ἔνθα
1438 629 1537 701 μὲν
1573 629 1681 700 γὰρ
1703 630 1738 700 ἡ

1872 648 1934 707 es
1962 648 2027 688 ac
2058 634 2252 690 mimos
2294 634 2536 704 aliosque
2563 634 2957 708 perditissimos
3000 634 3244 690 homines
3275 637 3411 700 divis-

162 728 352 798 δαπάνη
392 726 564 797 φέρει
615 724 679 778 τὸ
729 722 920 795 κέρδος
968 719 1267 792 ἀνάριθμον
1309 720 1405 773 καὶ
1469 718 1742 789 σωτηρίαν

1874 725 1954 779 ias
1980 740 2398 793 eonsumamus,
2450 735 2611 795 atque
2659 727 2794 783 adeo
2836 727 3059 781 stultum
3090 728 3216 797 quid
3243 742 3307 782 ac
3330 728 3413 782 in-

166 823 434 883 ἀθάνατον,
480 817 790 888 συνέχομεν
823 814 1065 886 σφοδρῶς
1086 813 1149 866 τὸ
1179 812 1463 885 ἀργύριον,
1502 811 1577 877 ὡς
1609 810 1746 882 μηδὲ

164 913 359 981 ὀλίγους
389 910 628 973 ὀϐολοὺς
664 909 766 979 τῆς
790 906 971 979 χειρὸς
1020 906 1273 959 ἐκπεσεῖν
1293 920 1307 935 ο
1335 905 1467 958 ὅπου
1489 903 1544 956 δὲ
1572 904 1749 975 ἁμαρ.

168 1006 283 1059 τιῶν
308 1004 531 1072 γίνεται
586 1000 651 1054 τὸ
680 999 943 1069 ἀνάλωμα
969 998 1064 1051 καὶ
1121 995 1331 1068 μυρίων
1360 994 1634 1050 κολάσεων
1663 994 1751 1049 αἰ-

169 1113 286 1158 τιον,
310 1095 407 1148 καὶ
425 1094 614 1164 αὐτῆς
649 1108 715 1162 γε
736 1090 839 1162 τῆς
876 1089 965 1144 διά
1005 1088 1177 1160 πυρὸς
1203 1086 1493 1160 τιμωρίας,
1523 1086 1751 1140 αὐτοκέι-

173 1189 366 1241 λευστοι
391 1186 624 1255 ρἑμεν.
668 1184 736 1237 Ἦ
764 1180 1041 1252 φιλοτιμία
1060 1178 1432 1249 προλαμϐάνει
1456 1177 1554 1250 τὴν
1593 1177 1750 1248 αἴτη-

174 1293 272 1331 σιν·
300 1279 394 1331 καὶ
414 1278 609 1340 πάσας
642 1274 811 1347 θύρας
839 1273 1168 1338 ἀνοίξαντες,
1212 1272 1443 1342 ἀφίεμεν
1467 1270 1558 1324 τὸν
1584 1270 1747 1324 πλοῦ-

174 1386 253 1423 τον
275 1368 409 1439 πρὸς
443 1368 583 1431 τοὺς
614 1367 722 1432 ἔξω
751 1368 969 1437 χωρεῖν.
1001 1363 1172 1417 Τοῦτο
1195 1363 1252 1417 δὲ
1283 1362 1345 1417 τὸ
1374 1363 1628 1434 φρόνημα
1650 1362 1750 1416 οὐκ

176 1461 274 1514 ἔστι
292 1459 499 1513 δούλων
518 1458 906 1529 ἀναμενόντων
921 1455 1013 1510 τὸν
1039 1454 1251 1525 κύριον,
1282 1451 1420 1507 ἀλλά
1438 1452 1573 1506 νέων
1602 1450 1749 1505 ἀσώ-

178 1571 289 1617 των,
313 1551 659 1623 κωμαστῶν,
688 1548 1025 1604 ἀκολάστων.

1849 816 2016 871 sauia:
2055 831 2278 886 prorsus
2316 816 2478 871 afﬁne
2515 816 2817 872 faciamus?
2853 817 2951 874 Ubi
2986 819 3129 872 enim
3170 818 3414 889 impensa

1843 904 2051 961 lucrum
2105 905 2483 965 inaestimabile
2539 921 2604 961 ac
2653 915 2909 962 αξιοι-ηοω
2961 907 3115 963 aﬂ'ert
3159 908 3412 973 salutem,

1846 1011 2158 1066 compressa
2187 1011 2346 1051 manu
2383 998 2663 1066 pecuniam
2699 998 3013 1054 cohibemus
3033 1038 3049 1064 ,
3076 1009 3134 1055 ut
3164 1016 3231 1055 ne
3256 1001 3412 1071 pauci

1848 1089 2069 1159 quidem
2129 1088 2272 1144 obnli
2326 1084 2935 1157 excidautﬁtbiautem
2992 1092 3060 1147 de
3116 1091 3418 1161 sumptibus

1844 1179 2148 1236 istiusmodi
2193 1181 2391 1253 agitur,
2446 1194 2584 1251 quos
2621 1189 2677 1236 et
2714 1194 2932 1252 peccata
2984 1184 3332 1249 comitantur,
3362 1192 3419 1239 et

1845 1285 2018 1342 prensa
2066 1272 2324 1336 inlinitat.
2361 1288 2426 1328 ac
2469 1274 2549 1327 vel
2587 1274 2760 1343 ipsum
2804 1274 2943 1343 ignis
2980 1274 3298 1344 supplicium
3325 1287 3416 1329 se-

1847 1366 2052 1433 quitur,
2089 1362 2230 1419 ultro
2273 1380 2405 1436 opes
2453 1364 2797 1421 effundimus.
2830 1365 3067 1436 Largitio
3092 1382 3155 1419 ac
3186 1364 3425 1421 liberali-

1851 1463 1934 1533 tas
1966 1454 2080 1526 (18)
2111 1455 2423 1523 petitionem
2472 1466 2732 1526 occupat;
2781 1466 2998 1527 totoque
3045 1470 3232 1527 aperto
3259 1457 3422 1522 ostio,

1852 1546 2074 1604 divitias
2100 1549 2166 1602 ad
2198 1558 2490 1606 extraneos
2530 1552 2681 1605 exire
2722 1552 3109 1619 permittimus.
3151 1552 3251 1619 Qui
3294 1566 3427 1608 sane

180 1662 271 1701 non
300 1655 379 1698 est
407 1657 614 1699 sensus
646 1642 966 1709 animusque
995 1652 1273 1694 servorum
1311 1634 1740 1705 exspectantium
1781 1637 2081 1710 dominum,
2114 1643 2208 1699 sed
2234 1644 2493 1715 juvenum
2558 1642 2868 1699 lielluonum
2891 1684 2909 1711 ,
2977 1656 3427 1718 comessatorum,

181 1736 498 1804 luxuriaque
552 1747 621 1789 ac
650 1730 1018 1801 voluptatibus
1060 1729 1384 1784 deditorum.

240 1829 299 1881 El
341 1826 399 1880 δὶ
445 1824 655 1888 θέλεις,
690 1824 721 1876 ό
747 1820 1043 1895 ἀκροατὴς,
1095 1818 1221 1872 ἰδεῖν
1248 1816 1531 1889 οἰκονόμου
1573 1816 1756 1887 φόϐον,

1930 1817 2083 1884 Quod
2114 1818 2182 1885 si,
2203 1819 2439 1886 auditor,
2481 1820 2665 1876 videre
2690 1819 2988 1890 desideras,
3016 1839 3179 1893 quam
3204 1824 3432 1882 sollicite

188 1919 311 1992 μιτά
337 1918 442 1988 τῆς
473 1915 761 1987 σώφρονος
786 1912 1069 1977 εὐλαϐείας
1094 1911 1419 1973 διοικοῦντος
1442 1910 1510 1963 τὰ
1539 1923 1759 1962 πιστευ-

188 2011 346 2075 θέντα,
376 2007 697 2072 ἀνάπτυξον
734 2005 834 2078 τὴν
858 2005 1035 2076 βίϐλον
1062 2003 1160 2057 τοῦ
1184 2002 1374 2056 Δαϐἰδ·
1428 2002 1660 2073 ζήτησον
1699 2002 1757 2054 ὲ-

187 2103 379 2166 κείνους
402 2103 538 2165 τοὺς
570 2099 768 2168 λόγους
786 2096 914 2151 ἔνθα
942 2096 1107 2167 φησὶν
1137 2094 1272 2166 πρὸς
1287 2094 1376 2148 τὸν
1400 2093 1532 2147 Θεὸν
1546 2094 1575 2146 6
1597 2093 1758 2166 ἀνὴρ,

190 2190 648 2264 ⁴ωειλι.›πραγμονι’ῖιν
689 2187 784 2243 τοῦ
822 2186 950 2241 ἰδίου
994 2186 1181 2249 τέλους
1242 2185 1341 2255 τὴν
1384 2182 1720 2255 προθεσμίαν
1743 2199 1757 2213 ·

191 2281 481 2351 Γνώρισόν
555 2297 684 2350 μοι,
730 2278 929 2346 Κύριε,
972 2276 1039 2331 τὸ
1084 2275 1269 2344 πέρας
1312 2291 1455 2344 μου,
1502 2272 1602 2328 καὶ
1656 2272 1764 2328 τὸν

194 2373 419 2443 ἀριθμὸν
456 2370 583 2427 τῶν
631 2368 871 2440 ἡμερῶν
903 2386 1022 2438 μου
1070 2367 1164 2433 τίς
1193 2367 1382 2429 ἐστιν,
1415 2365 1517 2420 ἵνα
1552 2363 1672 2436 γνῶ
1708 2365 1765 2419 τί

194 2461 401 2532 ὑστερῶ
427 2461 570 2533 ἐγώ.
616 2461 780 2532 Ὁρᾷς
835 2459 984 2521 ὅπως
1029 2457 1106 2521 ὡς
1153 2458 1211 2510 ὲν
1256 2455 1426 2509 εἰκόνι
1483 2454 1764 2526 θεωρεῖται

197 2555 263 2626 τῷ
282 2555 465 2626 λόγῳή
484 2552 588 2607 τοῦ
615 2550 915 2622 εὐξαμένου
944 2548 1203 2614 διάθεσις,
1231 2547 1313 2601 ὅτι
1342 2545 1598 2618 περιδεής
1626 2547 1761 2611 ὲστι,

198 2646 280 2700 καὶ
302 2646 508 2717 προορᾷ
537 2644 606 2698 τὸ
644 2642 858 2715 μέλλον,
913 2642 1006 2695 καὶ
1036 2637 1296 2709 ἀναμένει
1315 2636 1415 2708 τὴν
1444 2635 1647 2706 κρίσιν,
1670 2636 1767 2690 καὶ

201 2735 286 2806 τὴν
309 2734 653 2807 προθεσμίαν
705 2729 1152 2804 περιεργάζεται,
1187 2728 1275 2782 ἵνα
1305 2727 1379 2799 μή
1411 2724 1519 2798 [τὸ]
1546 2724 1767 2797 ἀπαρά-

205 2844 373 2881 σκευον
400 2828 570 2882 αὐτὸν
600 2825 882 2899 καταλάϐῃ
934 2825 1031 2896 τῆς
1053 2823 1234 2891 ἐξόδου
1257 2821 1317 2877 τὸ
1354 2821 1604 2893 σύνθημα
1628 2837 1640 2850 ·
1672 2819 1770 2874 καὶ

208 2916 336 2989 ζητεῖ
375 2919 742 2992 λογισάμενος
801 2917 1060 2984 κατιδεῖν,
1108 2915 1164 2969 τί
1206 2914 1268 2968 τὸ
1328 2915 1428 2985 τῆς
1482 2912 1769 2985 παροικίας

208 3009 488 3082 ὑστέρημα,
511 3013 606 3065 ῐνα
632 3010 874 3074 σπεύσας
895 3008 1290 3079 ἀναπληρώσῃ.
1319 3007 1449 3078 πρὶν
1475 3004 1651 3059 ἐλθεῖν
1680 3003 1770 3083 τόν

210 3101 463 3171 δξάγοντα.
525 3102 770 3172 ’Δληθῶς
796 3102 904 3174 γάρ
935 3102 1083 3153 ἐστιν
1110 3099 1274 3153 εἰκὼν
1295 3098 1601 3168 οἰκονόμου,
1635 3095 1766 3150 ἑκά-

1861 1910 2153 1980 timideque
2182 1911 2495 1967 concredita
2542 1913 2643 1967 sibi
2696 1914 3040 1983 dispensator
3067 1917 3322 1985 providus
3345 1920 3434 1972 ad-

1861 2000 2152 2068 ministret,
2182 2002 2401 2058 Davidis
2423 2003 2556 2058 mihi
2577 2003 2791 2074 explica
2823 2005 3019 2060 librum
3052 2022 3067 2072 ;
3101 2022 3226 2062 eum
3256 2008 3432 2064 locum

1860 2105 2087 2161 quaere,
2138 2107 2243 2161 quo
2294 2093 2377 2147 vir
2418 2092 2509 2148 ille
2565 2095 2921 2164 prastitutam
2979 2098 3157 2153 exitus
3184 2099 3267 2154 sui
3288 2098 3433 2154 diem

1862 2185 2100 2241 studiose
2138 2186 2419 2255 inquirens
2443 2225 2459 2250 ,
2507 2186 2586 2241 sic
2608 2187 2673 2240 ad
2702 2186 2869 2242 Deum
2900 2187 3042 2243 l'atur
3073 2207 3087 2244 :
3123 2189 3324 2244 Nolunt
3348 2190 3436 2259 [ac

1860 2277 2021 2344 mihi,
2060 2276 2310 2344 Domine,
2357 2278 2513 2347 ﬁnem
2569 2294 2780 2344 meum;
2821 2290 2869 2334 et
2920 2296 3194 2334 nunterttnt
3232 2281 3436 2334 dierum

1863 2384 2094 2421 meorum
2121 2368 2243 2437 quis
2274 2378 2381 2431 est,
2409 2376 2468 2423 ut
2501 2370 2662 2424 sciam
2701 2371 2826 2438 quid
2848 2350 2995 2426 ‘desit
3027 2372 3154 2425 mihi
3176 2371 3244 2429 ’⁸.
3272 2367 3437 2428 Vides

1864 2460 1919 2517 in
1950 2460 2034 2514 bis
2059 2461 2238 2516 verbis
2262 2469 2517 2531 tanquam
2562 2463 2613 2516 in
2655 2463 2894 2533 imagine
2924 2465 3197 2532 precantis
3223 2477 3439 2533 expres-

1865 2564 1983 2605 sum
2021 2550 2262 2605 animum
2283 2560 2339 2606 et
2370 2550 2740 2619 all‘ectionem,
2769 2563 2827 2607 ut
2857 2554 2929 2608 sit
2958 2554 3180 2610 timidus
3204 2593 3220 2621 ,
3258 2564 3319 2609 ut
3349 2553 3440 2608 lu-

1867 2649 2044 2696 turum
2068 2643 2383 2711 provideat,
2414 2651 2473 2697 ut
2500 2641 2763 2712 judicium
2808 2653 3107 2715 exspectet,
3138 2660 3202 2699 ac
3226 2644 3441 2701 curiose

1868 2730 2107 2800 inquirat
2162 2732 2524 2800 praestitutum
2569 2731 2745 2796 diem,
2781 2746 2849 2788 ne
2903 2748 3025 2789 eum
3082 2734 3316 2789 abeundi
3367 2733 3444 2789 si-

1867 2833 2067 2890 gnum,
2105 2820 2427 2891 imparatum
2470 2820 2706 2876 oﬂ'endat
2744 2831 2908 2893 atque
2934 2824 3247 2894 opprimat:
3278 2832 3443 2894 utque

1869 2913 2173 2983 recogitans
2224 2913 2533 2984 perspicere
2585 2923 2795 2984 quaerat
2857 2915 2988 2982 quid
3038 2930 3136 2986 pro
3207 2914 3442 2970 incolatu

1869 3003 2042 3070 desit,
2093 3015 2154 3059 ut
2197 3006 2473 3075 diligentia
2504 3023 2569 3063 ac
2602 3007 2781 3062 studio
2819 3008 2961 3078 quod
3009 3004 3300 3077 estrolllcii
3346 3006 3447 3059 im-

1873 3096 2046 3165 pleat,
2096 3097 2407 3166 priusquam
2463 3098 2546 3164 is,
2583 3098 2673 3168 qui
2717 3104 2802 3152 est
2840 3083 3208 3161 abducturus,
3240 3096 3445 3155 veniat.

212 3161 319 3247 στου
364 3195 521 3267 ήμιῖιν
556 3161 821 3264 τελευτή,
865 3161 932 3247 ἀν
963 3191 1035 3245 τά
1088 3189 1209 3244 καθ’
1236 3161 1492 3243 ἕκαστον-
1519 3187 1769 3259 ἀλλήλοις

1874 3185 2015 3244 Vere
2057 3205 2290 3260 namque
2337 3200 2582 3245 nostrum
2633 3191 2895 3261 cujusque
2936 3192 3116 3245 exitus
3168 3202 3447 3258 morsque,

213 3285 656 3359 ἀντεξετάσωμεν,
704 3285 758 3338 τί
784 3284 884 3356 μὲν
914 3283 1111 3354 πάσχει
1159 3284 1188 3336 6
1213 3280 1594 3353 ἀποθνήσκων,
1632 3279 1684 3332 τί
1713 3278 1771 3332 δὲ

217 3376 450 3450 ὑπομένει
478 3381 508 3434 6
527 3379 631 3450 τῆς
647 3375 957 3449 οἰκονομίας
990 3373 1404 3445 ἐκϐαλλόμενος.

287 3640 502 3712 Ὁμοίως
544 3640 663 3713 γὰρ
700 3640 730 3693 6
764 3637 1031 3693 τελευτῶν
1068 3636 1249 3700 ἀλλοις
1302 3633 1775 3707 μεταπαραδίδωσι

222 3734 305 3804 τὴν
340 3734 619 3807 διοίκησιν,
654 3733 729 3797 ὡς
755 3734 784 3787 6
815 3731 1096 3802 οἰκονόμος
1133 3728 1233 3792 τάς
1278 3728 1522 3791 κλεῖδας·
1569 3728 1775 3789 ἐκεῖνος

224 3824 588 3899 ἐκϐαλλόμενος
620 3825 815 3897 άγροῦο
848 3818 1022 3889 οὗτος,
1057 3821 1150 3875 τοῦ
1187 3822 1394 3891 κόσμου
1447 3819 1668 3883 παντὸς,
1700 3818 1776 3882 ὡς

227 3914 325 3979 ἑνὸς
364 3919 578 3988 χωρίου.
639 3909 962 3984 Περιπαθὼν
1011 3911 1286 3981 ἀναχωρεῖ
1335 3907 1618 3978 οἰκονόμος
1668 3905 1776 3958 τῶν

230 4004 350 4060 ἰδίων
381 4009 574 4071 πόνων,
611 3999 723 4060 οἷον
756 4004 1041 4075 ἀμπέλων,
1074 4005 1289 4074 κήπων,
1330 3999 1518 4054 οἰκιῶν
1538 4016 1551 4029 ·
1602 3997 1655 4051 τί
1684 3993 1777 4051 οὖν

229 4097 354 4153 δοκεῖ
378 4117 457 4154 σοι
488 4102 585 4156 καὶ
620 4102 650 4154 6
680 4096 947 4152 τελευτῶν
984 4095 1214 4167 πάσχειν
1239 4111 1253 4160 ;
1285 4094 1399 4148 Οὐκ
1431 4091 1680 4163 ὀδύρεται
1711 4089 1781 4143 τὰ

232 4191 484 4262 nupera;
521 4194 627 4247 οὐκ
659 4189 889 4245 ἐλεεινὸν
921 4186 1244 4261 περιϐλέπει
1271 4186 1370 4255 τὴν
1409 4184 1608 4247 οἰκίαν,
1641 4180 1780 4253 μετά

233 4284 465 4358 τοσαύτην
501 4283 881 4357 προσπάθειαν
910 4280 1290 4352 ἀπροαιρέτως
1323 4277 1493 4346 αὐτῆς
1521 4273 1780 4329 ἀποσπώ-

238 4387 401 4440 μενος,
429 4377 620 4450 πόρρω
664 4373 974 4446 θησαυρῶν,
1028 4370 1335 4442 ταμιείων;
1372 4368 1466 4422 καὶ
1509 4368 1637 4420 ὃταν
1674 4366 1782 4434 ἀφ-

1873 3282 2138 3339 ωοοιιοιιιί
2174 3298 2237 3337 ac
2257 3282 2646 3351 dispensatoris
2677 3285 2914 3354 speciem
2953 3282 3191 3353 praefert,
3219 3297 3279 3337 ut
3307 3282 3453 3352 sigil-

1874 3373 2025 3429 latim
2065 3374 2469 3440 examinemus,
2505 3389 2570 3429 ac
2597 3390 2827 3443 quaeque
2867 3387 3254 3443 componamus
3279 3388 3295 3437 ;
3320 3371 3449 3441 quid

1886 3463 2126 3519 moriens
2148 3464 2384 3533 patiatur
2401 3502 2419 3528 ,
2450 3463 2649 3533 quidve
2671 3462 3094 3533 dispensationis
3116 3460 3450 3516 abdicandus

1876 3570 2118 3611 munere.

1944 3644 2175 3701 Perinde
2202 3645 2344 3700 enim
2373 3646 2421 3701 is
2463 3646 2554 3715 qui
2583 3646 2812 3701 moritur
2860 3645 2982 3701 aliis
3026 3643 3453 3700 administratio-

1878 3749 2001 3789 nem
2026 3734 2209 3800 tradit,
2235 3745 2397 3803 atque
2420 3746 2736 3789 (economus
2761 3734 2975 3789 claves:
3006 3734 3094 3788 hic
3140 3746 3271 3803 agro
3296 3730 3450 3799 ejici-

1884 3836 2011 3891 tur;
2061 3825 2149 3880 ille
2177 3834 2288 3879 toto
2342 3826 2545 3880 mundo
2579 3834 2831 3894 tanquam
2874 3839 2981 3880 uno
3028 3826 3259 3893 quodam
3321 3837 3453 3894 agro

1892 3917 2085 3972 cedere
2112 3918 2341 3987 cogitur.
2372 3915 2714 3972 (Economus
2745 3917 2959 3971 labores
2988 3931 3135 3984 suos,
3186 3925 3335 3986 puta,
3366 3916 3452 3970 vi-

1880 4024 2028 4073 neas,
2059 4010 2264 4073 hortos,
2289 4010 2477 4064 domos
2501 4047 2518 4073 ,
2554 4017 2779 4064 moestus
2822 4010 3127 4080 invitusque
3157 4008 3408 4078 relinquit
3434 4025 3453 4074 ;

1880 4100 2029 4155 illum
2062 4109 2238 4155 autem
2254 4101 2348 4170 qui
2373 4102 2481 4154 vita
2508 4099 2772 4171 fungitur,
2796 4101 3068 4170 quomodo
3090 4111 3247 4170 putas
3275 4097 3456 4154 αωοἰῖ

1882 4190 2072 4249 Nonne
2121 4194 2493 4262 possessiones
2562 4193 2853 4262 deplorat?
2901 4192 3091 4248 Nonne
3161 4191 3457 4246 miserabili

1883 4293 2103 4355 aspectu
2147 4287 2364 4340 domum
2406 4286 2829 4356 circumquaque
2890 4286 3102 4348 lustrat.
3162 4299 3190 4337 a
3241 4297 3355 4353 qua,
3378 4284 3459 4338 sic

1884 4377 2135 4431 adamata
2171 4376 2371 4431 invitus
2410 4375 2683 4443 avellitur,
2710 4387 2872 4445 atque
2902 4391 2931 4430 «ι
2956 4373 3309 4446 suppellectili
3351 4375 3461 4428 tlte-

240 4462 393 4538 ίκήται
415 4470 549 4541 πρὸς
567 4469 661 4523 τὸν
688 4465 1037 4539 κληρωθέντα
1070 4464 1254 4526 τόπον,
1278 4460 1490 4515 ἀκούων
1509 4476 1522 4489 ·
1543 4456 1771 4523 Ἀπόδος

1887 4467 2174 4536 saurisque
2228 4466 2415 4537 procul
2445 4466 2699 4535 ejicitur:
2730 4482 2793 4521 ac
2828 4468 2916 4521 ubi
2963 4481 3043 4521 ea:
3092 4464 3460 4535 personabunt

238 4553 327 4607 τὸν
347 4558 522 4629 λόγον
545 4558 659 4627 τῆς
682 4556 1023 4626 οἰκονομίας
1048 4569 1163 4607 σου
1182 4571 1199 4588 ο
1234 4550 1425 4615 δεῖξον,
1451 4550 1598 4612 ὅπως
1626 4548 1783 4619 ἣκου-

243 4659 321 4709 an;
346 4647 443 4701 τῶν
482 4646 738 4711 ἐντολῶν,
776 4647 924 4709 ὅπως
955 4643 1198 4713 διετέθης
1228 4641 1362 4712 πρὸς
1391 4640 1517 4703 τοὺς
1558 4636 1785 4709 ὁμοδού-

242 4731 376 4803 λους,
421 4739 452 4810 ἢ
497 4738 755 4813 χρηστῶς
798 4736 893 4791 καὶ
938 4733 1365 4805 φιλανθρώπως,
1402 4731 1435 4801 ἦ
1480 4729 1787 4785 τούναντίον

243 4824 459 4901 ἐπαχθῶς
488 4834 584 4887 καὶ
624 4829 992 4902 τυραννικῶςξ,
1029 4826 1224 4887 παίων,
1266 4824 1614 4886 κονδυλίςων,
1647 4822 1786 4874 ἀπο-

246 4922 419 4992 στερῶν
452 4927 550 4997 τῆς
593 4921 963 4994 ὲλεημοσύνης
1016 4919 1359 4991 σιτηρέσιον;
1403 4917 1522 4971 Κᾶν
1552 4917 1659 4987 μὴν
1697 4917 1786 4969 δυ-

245 5014 358 5086 νηθῇ
382 5015 497 5073 ἷλεω
529 5015 871 5086 καταστῆσαι
904 5013 994 5067 τὸν
1024 5012 1313 5081 δεσπότην,
1366 5009 1569 5077 ἀγαθὸν
1601 5008 1785 5086 δοῦλον

250 5102 408 5160 ἑαυτὸν
436 5109 634 5177 δείξας,
666 5104 725 5162 εὖ
758 5108 825 5162 ἂν
855 5106 968 5179 ἔχοι
989 5123 1001 5135 ο
1042 5107 1090 5158 εἰ
1121 5104 1177 5158 δὲ
1209 5101 1540 5166 τούναντίον,
1575 5100 1674 5154 οὐκ
1705 5099 1787 5153 ἔτι

255 5196 478 5270 μάστιγες
512 5204 604 5257 διά
653 5201 886 5275 ῥάϐδων,
935 5199 1058 5253 οὐδὲ
1105 5196 1288 5270 μύλων
1345 5194 1619 5259 σκοτεινὸς
1641 5234 1656 5258 ,
1695 5196 1788 5249 καὶ

254 5288 386 5346 πέδαι
410 5297 640 5369 σιδηραῖ’
682 5294 821 5349 ἀλλά
853 5293 964 5365 πῦρ
1001 5291 1286 5355 ἄσϐεστον,
1314 5289 1410 5343 καὶ
1436 5287 1625 5352 σκότος
1654 5285 1787 5342 αἰώ-

294 5420 334 5454 "
357 5422 478 5483 Psal.
500 5442 729 5492 xxxvi",
755 5426 807 5483 5.

316 5560 411 5631 (l8)
448 5563 675 5633 Largitio
701 5581 764 5618 ac
792 5562 1101 5617 liberalitas.
1130 5559 1273 5633 Lego
1292 5572 1370 5633 _ac
1392 5556 1628 5633 corrigo,
1650 5556 1793 5633 quod

265 5624 448 5689 Nemus
488 5624 717 5691 lilienter
771 5635 846 5687 ait
878 5634 1164 5694 lecturum,
1195 5624 1316 5683 ἀντὶ
1357 5626 1451 5681 τοῦ
1484 5624 1792 5696 προσλαμ-

265 5697 415 5776 δόνει,
435 5706 490 5762 τὸ
511 5703 935 5776 προλαμϐάνει.
962 5701 1144 5776 Palam
1175 5701 1318 5753 enim
1347 5697 1580 5776 explicat
1601 5709 1793 5776 auctor

267 5774 381 5839 (ιιιοά
407 5775 452 5833 in
481 5767 666 5835 multis
697 5767 938 5847 Quotidie
975 5772 1250 5846 legemus;
1300 5768 1393 5842 qui
1422 5768 1564 5825 ultro
1601 5767 1788 5837 etiam,

1886 4574 2067 4624 voces,
2099 4575 2222 4614 cum
2249 4559 2557 4628 pervenerit
2584 4559 2651 4612 ad
2680 4559 3004 4614 destinatum
3039 4557 3214 4610 locum
3236 4593 3252 4619 ,
3282 4553 3457 4607 Redde

1884 4653 2141 4705 rationem
2165 4661 2270 4706 tua!
2295 4652 2700 4718 dispensationis
2724 4667 2740 4717 ;
2777 4650 3002 4707 ostende
3030 4646 3299 4717 quomodo
3322 4659 3460 4714 pra:-

1881 4743 2053 4812 ceptis
2075 4733 2555 4811 obtemperaveris,
2600 4753 2658 4794 ut
2685 4740 2938 4794 habueris
2982 4752 3109 4808 erga
3138 4749 3453 4797 conservos,

1883 4852 2008 4889 num
2032 4834 2167 4889 lenis
2190 4835 2560 4904 benignusque
2591 4848 2655 4886 ac
2680 4832 2942 4901 clemens,
2968 4845 3036 4883 an
3066 4837 3253 4884 contra
3285 4840 3461 4881 saevus

1884 4938 1938 4983 et
1959 4928 2303 4994 inhumanus,
2330 4928 2492 4997 inque
2523 4941 2725 4981 morem
2753 4922 2985 4995 tyranni,
3020 4920 3213 4997 pugnis
3241 4932 3308 4972 ac
3332 4931 3460 4971 ver-

1886 5018 2102 5074 beribus
2137 5020 2189 5072 in
2238 5034 2335 5075 eos
2385 5019 2636 5082 saeviens,
2690 5032 2753 5070 ac
2794 5016 3151 5084 eleemosyua:
3204 5012 3463 5067 demenso

1884 5108 2181 5165 fraudans?
2206 5113 2284 5167 Ac
2314 5110 2531 5181 quidem
2563 5120 2621 5164 ut
2651 5109 2940 5163 Dominum
2969 5104 3255 5176 propitium
3274 5108 3465 5173 potue-

1887 5203 1957 5256 rit
1983 5205 2226 5270 reddere,
2262 5220 2326 5259 ac
2350 5204 2547 5259 bonum
2584 5217 2644 5258 se
2680 5216 2904 5256 servum
2957 5199 3207 5269 probare,
3240 5196 3380 5249 bene
3408 5192 3463 5246 id

1887 5292 2174 5362 habuerit;
2208 5295 2290 5351 sin
2320 5298 2521 5360 minus,
2552 5308 2660 5348 non
2708 5293 2818 5348 illic
2873 5292 2922 5346 ei
2953 5296 3153 5359 parata:
3188 5287 3351 5355 virga:
3399 5300 3463 5337 ac

1881 5573 1970 5629 .ac
2002 5557 2135 5613 nihil
2188 5558 2355 5628 rogati
2406 5558 2459 5611 in
2496 5556 2829 5621 meretrices,
2863 5554 3041 5629 ludos,
3064 5550 3274 5629 aliaque
3298 5548 3346 5601 id
3366 5564 3462 5617 ge-

1901 5644 2004 5683 nus
2052 5621 2306 5697 pecunias
2346 5628 2655 5690 effundant,
2707 5642 2827 5680 cum
2878 5625 2962 5676 vix
2988 5623 3207 5697 pbulum
3247 5621 3298 5674 in
3331 5634 3465 5689 pau-

1896 5694 2065 5771 peres
2087 5714 2152 5756 ac
2175 5699 2262 5770 pia
2286 5698 2390 5754 alia
2420 5711 2583 5769 opera
2606 5711 2834 5768 erogare
2864 5694 3169 5751 sustineant
