3820 6314
360 336 459 395 191

1633 338 1692 397 S.
1735 336 2007 395 ASTERII
2046 334 2349 393 AMASER.’

3501 334 3611 391 I92

294 474 307 482 -
359 455 563 522 ﬂagra;
601 466 710 507 non
762 453 1051 509 obscurum
1109 450 1440 520 pistrinum;
1489 465 1598 507 non
1652 453 1922 521 compedes

2036 468 2170 514 νιον,
2201 449 2395 505 οὔποτε
2437 468 2576 521 φωτι
2609 469 3102 524 καταυγαςομενον,
3150 451 3243 507 καὶ
3286 452 3315 507 ό
3363 451 3614 525 βρυγμὸς

360 545 591 610 ferreae;
630 546 722 600 sed
748 545 885 616 ignis
913 543 1386 613 inexstingttibilis,
1416 542 1508 598 sed
1545 542 1775 599 tenebrae
1804 559 1930 612 per-

358 648 557 706 petua),
590 637 838 705 nullaque
861 637 996 692 lucis
1047 636 1448 704 intercapedine
1482 635 1780 700 distinctae;
1835 637 1929 691 sed

353 728 562 795 stridor
583 728 842 791 dentium,
875 727 1040 795 ipsius
1069 727 1222 780 nobis
1272 725 1545 796 Evangelii
1597 726 1774 794 palam
1799 726 1926 780 olim

357 817 668 887 designatus
701 817 1006 870 testimonio
1027 818 1096 870 ".
1137 815 1289 881 Quod
1318 816 1363 870 si
1402 831 1671 886 nunquam
1700 816 1928 871 terrenis

360 909 513 962 hisce
569 908 725 961 bonis
776 917 1029 976 tanquam
1092 906 1282 961 alienis
1338 921 1560 971 exuere,
1618 921 1717 974 age
1774 921 1923 972 sane,

357 997 539 1053 fruere
573 1000 791 1061 mundo,
851 1007 1067 1067 totaque
1107 996 1356 1051 libertate
1385 1011 1639 1051 sensuum
1681 996 1921 1051 omnium

357 1088 685 1143 adminiculo
714 1088 972 1157 voluptati
1003 1088 1254 1158 indulge;
1290 1089 1371 1142 sin
1414 1101 1594 1143 autem
1652 1089 1767 1143 haec
1803 1099 1931 1143 sunt

355 1182 804 1246 consummanda,
831 1196 932 1235 nec
963 1180 1064 1234 nisi
1089 1194 1259 1250 pauco
1289 1188 1530 1249 tempore
1553 1195 1741 1235 eorum
1774 1180 1930 1235 nobis

354 1274 624 1327 constabit
658 1273 844 1328 fruitio
876 1287 892 1327 :
939 1274 1228 1328 timeamus
1251 1312 1267 1337 ,
1319 1273 1520 1328 fratres
1542 1314 1558 1339 ,
1594 1273 1929 1343 migrationis

353 1362 503 1416 illum
532 1363 696 1425 diem,
729 1377 906 1432 exque
926 1362 1135 1416 Domini
1166 1364 1501 1434 prtescripto,
1537 1363 1801 1418 incolatus
1831 1376 1929 1416 no-

353 1456 454 1510 stri
481 1463 723 1525 tempore
750 1456 1011 1510 vivamus.
1040 1452 1117 1508 Ne
1138 1469 1234 1523 pro
1263 1470 1372 1511 tere
1396 1456 1572 1510 alieno
1593 1454 1757 1509 vincti
1779 1452 1927 1509 abri-

2032 542 2145 596 τῶν
2174 543 2420 605 ὀδόντων,
2447 543 2506 598 ὃν
2536 545 2724 615 σαφῶς
2751 548 2884 617 ἡμῖν
2926 545 2987 599 τὸ
3021 545 3351 614 Εύαγγὲλιον
3375 545 3615 616 προεδή-

2036 631 2227 687 λωσεν.
2267 631 2331 685 Εἰ
2374 632 2473 702 μὲν
2502 629 2594 687 οὖν
2631 634 2886 688 οὐδέποτε
2916 634 3024 688 τῶν
3061 634 3309 700 ἐνταῦθα,
3342 633 3418 698 ὡς
3446 634 3614 688 ἀλλο·

2033 721 2218 793 τρίων,
2248 721 2504 795 ἐκϐάλλῃ,
2534 725 2951 795 κατατρύφησον
2974 723 3068 777 τοῦ
3094 724 3319 795 κόσμου,
3346 724 3441 778 καὶ
3464 723 3613 795 μετά

2034 814 2214 884 πάσης
2241 813 2544 886 αἰσθήσεως
2574 816 2849 871 ἀκώλυτον
2886 815 3022 883 ἄφες
3054 816 3154 887 τὴν
3189 816 3405 887 ἡδονήν.
3448 816 3513 869 Εἰ
3548 814 3612 869 δὲ

2035 905 2508 977 συντελεσθήσεται
2541 907 2736 974 ταῦτα,
2786 908 2882 963 καὶ
2934 910 3027 961 ἐπὶ
3076 907 3284 980 μακρὸν
3323 907 3368 939 ³⁰
3421 905 3612 961 αὐτῶν

2030 995 2424 1068 ἀπολαύσομεν·
2458 999 2805 1071 φοϐηθῶμεν,
2860 998 3099 1069 ἀδελφοὶ,
3138 1000 3236 1069 τὴν
3272 998 3483 1053 ἐνθένδε
3509 1015 3613 1069 με·

2031 1087 2312 1155 τάστασιν,
2344 1090 2437 1144 καὶ
2466 1090 2720 1162 ζήσωμεν
2752 1092 2809 1144 ὲν
2836 1089 2914 1163 τῷ
2944 1090 3119 1161 καιρῷ
3147 1090 3247 1161 τῆς
3281 1090 3602 1162 παροικίας,

2030 1178 2106 1243 ὡς
2141 1180 2170 1232 ό
2203 1180 2406 1253 Κύριος
2445 1184 2782 1238 ἐνετείλατο*
2832 1184 2906 1255 μὴ
2941 1181 3275 1254 ἀπαχθῶμεν
3324 1182 3607 1254 δεσμῶται

2034 1270 2171 1341 μετά
2202 1274 2399 1344 χρεῶν,
2435 1276 2548 1329 ἀλλ’
2578 1275 2884 1344 ὁδεύσωμεν
2922 1274 3226 1346 ἐλεύθεροι,
3266 1276 3363 1329 καὶ
3395 1275 3608 1346 εὐπαρ-

2031 1363 2322 1435 ρησίαστον
2355 1368 2414 1421 τὸ
2436 1366 2674 1431 συνειδὸς
2701 1366 3051 1437 ἐπαγόμενοι,
3080 1367 3478 1423 ἀκατάγνωστα
3505 1367 3607 1438 φέ-

2031 1470 2217 1525 ροντες
2248 1457 2317 1511 τά
2340 1459 2439 1529 τῆς
2470 1460 2565 1513 τοῦ
2606 1460 2721 1531 βίου
2745 1459 3020 1524 πολιτείας
3046 1458 3243 1529 βιϐλία.

353 1549 603 1618 piamur;
639 1550 735 1605 sed
797 1548 973 1614 liberi,
1042 1563 1340 1621 secumque
1395 1549 1748 1616 conscientia,
1818 1546 1943 1602 vita:
1972 1549 2239 1605 rationum
2275 1550 2485 1609 libellos
2520 1554 2647 1608 nulli
2685 1552 2947 1608 obnoxios
2993 1551 3392 1622 reprehensioni
3424 1552 3606 1609 τοι-ω’

350 1648 453 1702 tes,
494 1654 559 1694 eo
586 1642 991 1696 contendamus.

422 1728 592 1783 Malus
623 1728 723 1784 fuit
746 1730 907 1800 hnjns
937 1732 1061 1787 vitae
1098 1747 1413 1790 teconomus
1449 1733 1600 1787 dives
1632 1731 1740 1797 ille,
1768 1730 1921 1798 cnjns

2093 1733 2275 1797 Κακὸς
2318 1730 2387 1807 ἦν
2417 1736 2696 1806 οἰκονόμος
2724 1735 2825 1806 τῆς
2861 1733 3047 1789 ἐνθάδε
3080 1732 3228 1803 ζωῆς
3272 1720 3303 1786 ό
3343 1733 3608 1797 πλουσιος

351 1838 481 1894 ager
501 1824 706 1881 fructus
725 1826 920 1882 uberes
947 1828 1252 1883 reddiderat
1283 1845 1298 1881 :
1333 1830 1531 1900 quippe
1560 1828 1730 1898 qui'in
1778 1835 1923 1880 tanta

349 1914 439 1970 illa
470 1915 677 1985 frugum
701 1917 876 1986 copia,
914 1918 1045 1973 nihil
1068 1921 1190 1975 boni
1215 1934 1277 1975 ac
1301 1920 1685 1974 humanitatem
1714 1918 1923 1973 haben-

349 2006 421 2060 tis
447 2008 659 2063 consilii
710 2009 930 2075 inierit;
987 2011 1079 2065 sed
1141 2012 1326 2066 hiante
1378 2012 1581 2066 ventris
1631 2008 1921 2074 desiderio,

349 2094 577 2166 latisque
606 2113 670 2153 ac
705 2099 981 2155 immensis
1029 2102 1273 2156 avaritiae
1317 2101 1528 2156 sinibus
1564 2100 1785 2170 apertis,
1826 2114 1924 2155 suo

348 2187 518 2256 ipsius
550 2190 669 2244 usui
704 2205 770 2246 ac
810 2192 1071 2263 voluptati
1124 2192 1307 2248 omnia
1353 2193 1644 2257 addixerit,
1688 2192 1918 2249 dicens:

348 2276 629 2333 Destruam
655 2280 843 2335 horrea
873 2298 1014 2351 mea,
1055 2294 1103 2337 et
1127 2278 1333 2352 majora
1359 2292 1648 2349 exstruam,
1680 2292 1727 2335 et
1750 2282 1921 2348 dicam

346 2370 543 2424 animo:
568 2389 696 2427 mea?
729 2388 749 2427 :
784 2372 955 2429 Habes
976 2376 1141 2449 multa
1166 2374 1302 2428 bona
1326 2377 1551 2443 reposita
1581 2390 1599 2438 ;
1641 2376 1918 2443 requiesce,

346 2463 573 2525 comede,
608 2464 740 2532 bibe,
779 2467 990 2532 epulare
1028 2468 1113 2539 μζ.
1149 2468 1391 2534 Dumque
1439 2468 1551 2521 haec
1590 2468 1919 2534 loqueretur,

254 2552 259 2557 ’
348 2551 523 2605 astitit
544 2553 635 2621 qui
664 2563 807 2609 esset
835 2556 1189 2610 abducturus.
1215 2556 1461 2610 Accessit
1486 2570 1779 2610 conservus
1812 2566 1914 2609 ter-

349 2640 498 2695 ribili
535 2643 736 2709 specie,
767 2644 858 2712 qui
914 2645 1157 2698 avulsum
1219 2659 1248 2697 a
1301 2634 1631 2698 villicatione
1686 2653 1916 2714 raperet.

344 2726 464 2784 Jam
495 2745 623 2785 vero
664 2733 792 2801 quid
836 2734 941 2787 vita
974 2733 1274 2803 voluptaria
1323 2734 1516 2800 juvat?
1571 2735 1750 2803 Atque
1808 2736 1921 2788 haec

346 2823 568 2893 quidem
611 2824 788 2880 vivide
814 2840 875 2879 ac
901 2828 1159 2895 graphice
1189 2829 1254 2880 ad
1282 2838 1524 2881 nostram
1557 2829 1757 2896 scripta
1794 2837 1920 2881 sunt

345 2907 787 2967 adrnnonitiornem.
822 2913 1041 2980 Quanta
1066 2930 1192 2971 vero
1215 2917 1322 2970 vita
1361 2918 1461 2970 hac
1518 2918 1707 2971 horum
1758 2932 1919 2985 expe-

344 3003 578 3057 rientia?
610 3004 796 3059 Nonne
822 3006 936 3086 haec
970 2988 1188 3062 as’sidue
1226 3023 1405 3062 rerum
1441 3008 1552 3078 ipsa
1586 3008 1919 3063 exhibitione

346 3093 472 3147 talia
498 3093 735 3149 clamat?
756 3098 880 3151 dum
909 3112 1030 3152 enm
1069 3098 1307 3167 quidem,
1337 3100 1428 3169 qui
1482 3099 1704 3154 meridie
1731 3099 1919 3155 ﬁrmus

344 3193 430 3239 cst
454 3200 518 3239 ac
543 3185 747 3253 valens,
778 3198 903 3243 ante
937 3190 1149 3259 hesperi
1180 3200 1381 3255 ortmn,
1437 3201 1708 3246 mortuum
1740 3203 1922 3248 osten-

340 3276 745 3347 dit;illumque
787 3279 877 3347 qui
902 3279 1113 3349 vesperi
1167 3295 1332 3336 sanus
1380 3292 1465 3336 est
1513 3298 1578 3337 ac
1615 3282 1916 3351 incolumis,

342 3370 573 3424 necdum
600 3369 868 3440 explicato
893 3371 1044 3425 radio
1064 3372 1323 3426 matutino
1346 3375 1671 3428 exstinctum
1704 3390 1720 3440 ;
1755 3374 1920 3430 alium

343 3461 579 3531 denique
614 3460 753 3515 inter
776 3462 965 3531 epulas
994 3477 1056 3517 ac
1090 3463 1240 3519 cibos
1288 3465 1394 3518 vita
1434 3460 1746 3534 privatum?
1791 3468 1923 3533 Quis

342 3553 419 3605 ita
445 3553 698 3615 stolidus,
726 3564 783 3606 ttt
815 3570 919 3608 non
941 3553 1139 3621 videat,
1168 3555 1289 3610 aliis
1316 3556 1544 3625 aliisque
1588 3558 1763 3612 modis
1790 3574 1923 3625 quo-

345 3646 474 3701 tidie
506 3661 603 3701 nos
632 3647 754 3701 vittc
785 3646 941 3714 huius
984 3649 1391 3717 dispensatione
1448 3650 1649 3703 moveri
1676 3650 1700 3703 ί
1733 3649 1923 3704 Enim-

342 3751 473 3792 vero
521 3738 693 3792 bonus
723 3754 786 3792 ac
819 3739 990 3793 fidelis
1018 3755 1228 3805 servus,
1259 3740 1444 3808 reique
1478 3740 1645 3811 probe
1695 3741 1923 3795 admini-

340 3834 526 3882 stratae
549 3828 876 3882 conscientia
919 3827 942 3879 ί
945 3839 1111 3894 retns,
1148 3830 1222 3883 ita
1248 3831 1428 3884 animo
1447 3841 1792 3900 comparatus
1816 3840 1920 3896 est,

343 3920 421 3974 uti
450 3921 577 3974 olim
612 3920 831 3978 Paulus.
866 3922 958 3977 llle
984 3924 1125 3977 enim
1153 3940 1273 3979 cum
1326 3939 1425 3980 nec
1463 3925 1718 3980 Dominus
1768 3941 1924 3997 urge-

343 4021 444 4072 ret,
481 4012 546 4065 ad
577 4026 696 4065 eum
729 4013 1042 4077 anhelabat,
1075 4030 1139 4069 ac
1169 4016 1304 4069 solvi
1359 4017 1632 4087 cupiebat,
1673 4018 1924 4089 ultroque

341 4099 737 4168 deprecabatur
770 4102 1170 4171 villicationem,
1195 4105 1393 4160 alicubi
1452 4108 1671 4177 quidem
1733 4111 1805 4162 ita
1840 4111 1925 4163 di-

339 4204 471 4244 cens
500 4208 514 4243 :
554 4189 748 4257 Infelix
773 4209 865 4260 ego
893 4194 1066 4259 homo,
1093 4196 1212 4264 quis
1238 4212 1318 4249 me
1346 4197 1583 4251 liberabit
1625 4200 1689 4253 de
1712 4216 1924 4268 corpore

340 4280 527 4333 mortis
551 4281 708 4351 hujus
729 4282 810 4335 “?
832 4284 909 4337 Ac
954 4300 1143 4339 rursus
1173 4301 1187 4338 :
1223 4285 1358 4341 Mihi
1388 4298 1564 4343 autem
1632 4294 1821 4346 bonum
1847 4304 1921 4347 est

2025 1820 2263 1885 ἐκεῖνος,
2297 1816 2360 1876 οὗ
2488 1823 2641 1895 χώρα
2670 1825 2999 1895 ηύφόρησενσ
3044 1823 3231 1895 ἐπειδὴ
3261 1824 3328 1893 τῇ
3373 1821 3608 1893 εύθηνίᾳ

2022 1912 2131 1966 τῶν
2153 1914 2401 1986 καρπῶν,
2424 1915 2574 1969 οὐδὲν
2592 1918 2621 1970 ὁ
2645 1915 2932 1986 ἄνθρωπος
2955 1916 3191 1988 χρηστὸν
3216 1913 3602 1969 ἐϐουλεύσατο·

2023 2003 2136 2057 ἀλλ’
2179 2004 2397 2070 ἀνοίξας
2441 2006 2676 2078 γαστρὸς
2711 2006 3038 2078 ἐπιθυμίαν,
3080 2006 3174 2061 καὶ
3216 2007 3343 2070 τοὺς
3371 2005 3606 2071 πλατεῖς

2023 2096 2116 2149 καὶ
2142 2097 2457 2168 ἀχωρήτους
2492 2097 2595 2168 τῆς
2626 2097 2941 2163 πλεονεξίας
2972 2097 3226 2163 κόλπους,
3255 2097 3432 2152 πάντα
3460 2098 3606 2151 ἀπε-

2023 2189 2226 2261 κλήρου
2268 2192 2336 2261 τῇ
2371 2189 2564 2244 ἐαυτοῦ
2616 2189 2934 2255 ἀπολαύσει,
2965 2190 3159 2261 λέγων·
3198 2189 3441 2245 Καθελῶ
3472 2207 3605 2261 μου

2021 2281 2128 2347 τὰς
2180 2280 2492 2348 ἀποθήκας
2514 2322 2530 2347 ,
2567 2281 2667 2335 καί
2716 2281 2991 2353 μείζονας
3036 2281 3439 2353 οἰκοδομήσω,
3492 2281 3602 2337 καὶ

2019 2372 2133 2441 ἐρῷ
2160 2372 2235 2441 τῇ
2271 2372 2447 2444 ψυχῇ
2465 2391 2584 2443 μου
2604 2391 2617 2405 ·
2655 2375 2859 2444 Ἔχεις.
2879 2374 3080 2429 πολλὰ
3114 2373 3306 2444 ἀνιιθὰ
3330 2374 3599 2443 κείμενα’

2020 2468 2354 2531 ἀναπαύου,
2391 2466 2563 2538 φάγε,
2594 2467 2713 2530 πίε,
2735 2468 3062 2536 εὐφραίνου
3083 2484 3100 2499 θ
3135 2468 3230 2521 καὶ
3260 2467 3467 2538 μεταξὺ
3498 2467 3604 2521 λα-

2019 2558 2253 2623 λοῦντος,
2297 2561 2325 2613 ὁ
2367 2559 2595 2629 ἀπάγων
2643 2559 2880 2630 ἐπέστη·
2915 2554 3046 2630 ἦλθε
3099 2558 3329 2630 φοϐερὸς
3371 2557 3599 2612 σύνδου-
3706 2559 3715 2567 ’

2019 2650 2130 2715 λος,
2162 2650 2507 2705 ἀνάσπαστον
2545 2652 2609 2704 ἐκ
2647 2651 2749 2721 τῆς
2778 2650 3091 2720 οἰκονομίας
3121 2649 3344 2715 ἀπάξων
3364 2666 3378 2679 ·
3406 2650 3502 2703 καί⁵
3540 2648 3602 2703 τί

2017 2741 2078 2796 τὸ
2123 2742 2313 2812 ὄφελος
2360 2744 2461 2813 τῆς
2507 2742 2793 2814 φιληδόνου
2833 2741 3069 2811 βουλῆςς
3120 2742 3229 2795 Καὶ
3274 2740 3441 2795 ταῦτα
3493 2742 3602 2813 μὲν

2018 2836 2276 2907 ἐμψύχως
2308 2837 2521 2908 ἐγράφη
2551 2838 2632 2899 εἰς
2679 2834 2961 2888 νουθεσίαν
3010 2833 3186 2905 ἡμῶν.
3243 2834 3307 2887 Ἠ
3336 2834 3392 2888 δὲ
3426 2836 3600 2905 πεῖρα.

2018 2928 2110 2982 τοῦ
2145 2929 2258 2999 βίου
2308 2929 2560 3000 ποταπή;
2614 2927 2688 2981 Ού
2725 2926 2846 2980 καθ’
2898 2927 3134 2997 ἑκάστην
3154 2925 3383 2998 ,ἡμέραν
3417 2925 3603 2980 ταῦτα

1945 3053 1991 3116 C
2022 3021 2089 3074 δι’
2145 3020 2321 3092 ἔργων
2370 3020 2490 3091 βοᾷ,
2538 3018 2791 3073 δεικνῦσα
2837 3020 2969 3090 ἡμῖν
3003 3018 3095 3071 τὸν
3142 3019 3200 3070 ἐν
3241 3019 3379 3090 μέσῃ
3411 3017 3603 3091 ἡμέρᾳ

2024 3114 2355 3181 ὑγιαίνοντα,
2400 3114 2505 3184 πρὸ
2544 3112 2646 3183 τῆς
2680 3111 2932 3183 ἐπιτολῆς
2966 3110 3060 3164 τοῦ
3100 3111 3336 3183 ἐσπέρου
3374 3109 3596 3183 νεκρόν*

2022 3206 2237 3260 καὶτὸν
2280 3206 2591 3277 ἐρρωμένον
2625 3207 2681 3258 ἐν
2744 3208 2809 3276 τῇ
2864 3204 3091 3276 ἑσπέρᾳ,
3130 3203 3228 3275 τὴν
3270 3205 3460 3258 ἀκτῖνα
3497 3203 3603 3275 τὴν

2021 3298 2249 3369 ἑωθινὴν
2289 3299 2349 3351 ού
2393 3297 2909 3369 καταλαμϐάνοντα·
2940 3296 3239 3350 καὶμᾶλλον
3268 3294 3470 3366 μεταξὺ
3501 3295 3602 3350 τοῦ

2021 3392 2241 3456 ἐσθίειν,
2263 3390 2359 3445 τοῦ
2384 3388 2482 3461 ζῇν
2504 3389 2846 3461 ἀπολήγοντα
2863 3404 2878 3455 ;
2903 3388 2999 3451 Τίς
3014 3387 3069 3440 δέ
3091 3385 3261 3449 οὕτως
3278 3372 3502 3456 ἠλίθιος,
3521 3385 3604 3450 ὡς

2026 3483 2101 3555 μὴ
2118 3485 2367 3554 συνορᾷν,
2392 3483 2539 3545 ὅπως
2568 3479 3066 3552 καθημέρανῖᾶλλος
3089 3478 3276 3533 ἄλλοτε
3294 3477 3391 3548 τῆς
3407 3475 3602 3531 ἐνθάδε

2022 3576 2333 3645 οἰκονομίας
2354 3572 2781 3644 ἀποκινούμεοα;
2820 3571 2959 3624 Ἀλλ’
2983 3574 3011 3625 ὁ
3038 3572 3137 3641 μὲν
3167 3569 3370 3640 ἀγαθὸς
3387 3570 3480 3623 καὶ
3511 3588 3604 3624 πι-

2026 3666 2145 3729 στὸς
2171 3664 2388 3734 οἰκέτης
2404 3665 2497 3717 καὶ
2519 3662 2792 3727 πεποιθὼς
2812 3666 2879 3735 τῇ
2904 3663 3095 3716 ἑαυτοῦ
3127 3664 3408 3734 διοικήσει,
3427 3661 3604 3729 οὕτως

2024 3756 2135 3828 ἔχει
2147 3754 2389 3827 γνώμης,
2404 3755 2479 3818 ὼς
2493 3749 2605 3826 εἶχε
2625 3753 2878 3825 Παῦλο;.ξ
2892 3755 3129 3818 Ἐκεῖνος
3144 3754 3253 3827 γάρ
3263 3797 3275 3817 ,
3287 3738 3478 3809 τούΚυ
3487 3754 3602 3826 ρίου

2026 3848 2100 3922 μὴ
2126 3848 2558 3916 κατεπείγοντος,
2596 3845 2821 3899 ἔσπευδε
2846 3846 2982 3920 πρὸς
3005 3846 3186 3910 αὑτὸν,
3223 3845 3316 3899 καὶ
3338 3845 3435 3917 τὴν
3466 3847 3603 3901 ἀνά·

2022 3943 2175 3996 λυσιν
2210 3939 2435 4003 ἐπόθει,
2483 3940 2579 3993 καὶ
2623 3941 2920 4011 παρῃτεῖτο
2960 3937 3099 3991 ἐκὼν
3137 3935 3234 4009 τὴν
3266 3937 3598 4009 οἰκονομίαν,

2027 4035 2102 4105 πῆ
2133 4034 2229 4105 μὲν
2258 4033 2429 4103 λέγων
2450 4049 2466 4066 ο
2496 4030 2873 4098 Ταλαιπωρος
2899 4030 3012 4101 ἐγὼ
3053 4029 3385 4099 ἄνθρωπος,
3411 4030 3468 4083 τί
3471 4049 3503 4095 ς
3522 4046 3603 4100 με

2017 4126 2268 4194 ῥύσεται
2306 4122 2374 4176 ἐκ
2413 4121 2518 4176 τοῦ
2575 4120 2848 4190 σώματος
2893 4119 2999 4173 τοῦ
3033 4119 3295 4175 θανάτου
3353 4120 3603 4186 τούτου;

2025 4214 2118 4268 καὶ
2158 4214 2348 4267 πάλιν·
2396 4212 2551 4282 Ἐμοὶ
2603 4210 2689 4278 δὲ,
2736 4211 2926 4265 καλὸν
2966 4210 3295 4275 ἀναλῦσαι,
3340 4210 3438 4264 καί
3479 4210 3603 4265 σὺν

2024 4306 2255 4379 Χριστῷ
2291 4307 2464 4361 εἶναι.
2501 4306 2560 4358 'U
2592 4304 2648 4357 δέ
2697 4304 2879 4375 γήινος
2925 4301 2985 4355 τὸ
3021 4302 3308 4373 φρόνημα,
3360 4304 3453 4357 καὶ
3490 4301 3602 4356 τῶν

341 4371 578 4435 dissolvi,
608 4383 654 4427 et
688 4391 799 4430 esse
823 4393 939 4431 cum
966 4376 1177 4433 Christo
1224 4381 1291 4434 ".
1332 4380 1551 4445 Contra,
1606 4386 1696 4454 qui
1726 4385 1914 4456 plenus

2030 4371 2463 4472 βωλωνήάληθῶς
2509 4371 2798 4464 συγγενὴς,
2833 4371 3055 4445 τοιαῦτα
3087 4371 3334 4463 ὀδύρεται
3379 4392 3600 4462 ἀμηχα-

340 4471 426 4516 est
458 4465 691 4520 terrenis
725 4466 1167 4538 cogitationibus,
1196 4472 1476 4542 glebisque
1501 4488 1564 4528 ac
1593 4475 1756 4531 humo
1798 4494 1924 4535 vere

340 4564 621 4625 cognatus,
643 4557 904 4628 ejusmodi
930 4560 1257 4619 lamentatur
1272 4567 1470 4622 anxius
1488 4568 1554 4623 de
1580 4570 1922 4638 migratione,

342 4655 505 4744 atque
533 4647 695 4744 homo
720 4650 807 4705 ille
828 4653 883 4705 in
909 4655 1161 4722 parabola
1186 4658 1516 4744 propositus:
1549 4661 1690 4725 Quid
1704 4662 1920 4730 faciam,

338 4740 467 4807 quia
510 4741 754 4799 dominus
820 4763 965 4801 meus
1023 4749 1197 4818 aufert
1232 4768 1263 4803 a
1290 4740 1378 4804 ine
1431 4751 1870 4819 dispensationem
1898 4755 1925 4809 ?

344 4827 551 4886 Fodere
571 4849 673 4888 non
694 4835 860 4901 valeo,
884 4838 1178 4893 mendicare
1204 4842 1447 4894 erubesco
1468 4860 1487 4907 ;
1514 4844 1712 4898 desidis
1761 4845 1922 4901 simul

343 4934 506 4994 atque
533 4926 823 4997 voluptarii
842 4929 993 4985 dolor
1025 4931 1111 4985 hic
1164 4947 1227 4987 ac
1276 4937 1517 5002 querela.
1566 4936 1924 4993 Ahiturientis

341 5016 487 5070 enim
517 5015 677 5073 ﬂetus
706 5020 794 5076 ille
832 5035 896 5076 ac
925 5021 1176 5090 ejulatus,
1225 5024 1499 5080 howinem
1548 5029 1723 5097 arguit
1753 5029 1922 5085 fundo

345 5109 641 5177 impensius
667 5111 962 5179 addictum,
990 5114 1191 5183 quique
1217 5116 1399 5170 carnis
1425 5115 1653 5172 vitiosas
1676 5118 1923 5189 volupta-

346 5206 426 5251 tes
454 5197 715 5266 deploret.
772 5198 1120 5260 lmbecillitas
1167 5214 1347 5260 autem
1379 5220 1442 5261 ac
1501 5207 1625 5278 fuga
1653 5207 1916 5276 laborum,

344 5290 468 5342 vita:
518 5304 614 5357 per
658 5290 906 5347 inertiam
963 5309 1026 5349 ac
1075 5297 1336 5351 desidiam
1401 5308 1531 5354 actae
1587 5310 1710 5355 nota
1739 5310 1821 5357 est
1854 5318 1919 5359 ac

341 5381 573 5438 crimen.
624 5379 759 5436 Nam
789 5382 834 5438 si
872 5385 1020 5453 operi
1068 5400 1133 5440 ac
1187 5386 1354 5443 labori
1385 5391 1731 5459 assuevisset,
1764 5408 1795 5448 a
1833 5393 1917 5450 io—

343 5470 541 5526 diendo
557 5486 897 5543 nequaquam
929 5474 1265 5536 abhorreret.

417 5561 573 5630 Quod
594 5564 640 5619 si
689 5565 974 5636 allegorice
1013 5566 1081 5622 de
1120 5567 1205 5625 his
1264 5588 1385 5642 qua:
1438 5575 1537 5630 sub
1589 5576 1915 5633 intellectum

2024 4494 2131 4548 νῶν
2168 4491 2260 4544 ἐπὶ
2289 4492 2356 4561 τῇ
2408 4486 2766 4560 μεταστάσει,
2800 4478 2887 4539 οἷα
2915 4477 3069 4548 οὗτος
3097 4485 3125 4536 ὁ
3157 4483 3256 4553 τῆς
3287 4481 3602 4554 παραϐολῆς

2022 4584 2307 4656 ἄνθρωπος
2378 4582 2437 4635 Τι
2466 4577 2699 4645 ποιήσω
2719 4618 2734 4644 ,
2771 4577 2859 4631 ἔτι
2893 4580 2925 4633 ὁ
2960 4576 3163 4643 κύριός
3183 4593 3301 4644 μου
3335 4573 3599 4643 ἀφαιρεῖ-

2022 4688 2115 4725 ται
2172 4669 2289 4738 τὴν
2340 4666 2686 4735 οἰκονομίαν
2742 4664 2842 4717 ἀπ’
2896 4662 3079 4733 ἐμοῦ;
3137 4659 3435 4714 Σκάπτειν
3485 4662 3601 4715 οὐκ

2024 4762 2212 4832 ἰσχύω
2232 4802 2247 4824 ,
2280 4757 2552 4813 ἀπαιτεῖν
2589 4757 2969 4825 αἰσχύνομαι.
3019 4750 3213 4824 Ἀργοῦ
3239 4750 3335 4806 καὶ⁹
3378 4750 3597 4821 φιληδό-

2022 4870 2112 4908 νου
2146 4854 2179 4924 ή
2209 4851 2376 4921 λύπη.
2410 4850 2484 4904 Τὸ
2516 4850 2612 4921 μὲν
2643 4847 2752 4920 γὰρ
2774 4846 2866 4899 ἐπὶ
2894 4848 2960 4917 τῇ
2990 4844 3331 4915 ἀναχωρήσει
3353 4842 3597 4915 θρηνεῖν,

2027 4945 2245 5016 ἔλεγχός
2273 4945 2420 4998 ἐστιν
2458 4942 2551 4996 τοῦ
2584 4936 3009 5012 προστετηκέναι
3034 4933 3113 5006 τῷ
3142 4934 3347 5006 χωρίῳ,
3379 4934 3474 4987 καὶ
3497 4934 3600 4999 τὰς

2025 5037 2293 5109 ἐμπαθεῖς
2338 5036 2437 5107 τῆς
2469 5033 2671 5105 σαρκὸς
2723 5028 3049 5092 ἀπολαύσεις
3083 5025 3400 5098 ὀδύρεσθαι*
3432 5025 3493 5079 τὸ
3538 5026 3601 5082 δὲ

2024 5128 2305 5183 ἀδυνατεῖν
2332 5125 2468 5197 πρὸς
2496 5125 2676 5196 ἔργον,
2717 5121 2887 5193 ἀργοῦ
2922 5120 3035 5191 βίου
3066 5118 3162 5172 καὶ
3199 5116 3597 5171 ἀναπεπτωκό-

2029 5238 2119 5285 τος
2148 5221 2265 5274 ἐστὶ
2295 5218 2677 5289 κατηγόρημα.
2709 5216 2771 5268 Εἰ
2806 5214 2915 5285 γὰρ
2939 5209 3082 5283 εἶχεν
3114 5210 3251 5282 πρὸς
3283 5209 3597 5280 φιλοπονίαν

2029 5310 2333 5383 συνήθειαν,
2374 5309 2473 5362 οὐκ
2500 5307 2566 5361 ἀν
2591 5305 2836 5375 ἐφοϐεῖτο
2858 5302 2950 5356 τοῦ
2979 5302 3258 5356 σκάπτειν.

2094 5576 2159 5631 Εἰ
2199 5574 2258 5629 δὲ
2290 5569 2666 5643 ἀλληγορικῶς
2714 5566 2815 5639 τὴν
2842 5563 3159 5638 παραϐολὴν
3202 5563 3295 5617 ἐπὶ
3322 5563 3385 5617 τὸ
3406 5561 3597 5635 νοητὸν

418 5702 464 5786 ξ’
506 5702 691 5786 Matth.
728 5718 849 5786 ξιιμ,
882 5705 982 5772 ης
1008 5722 1145 5775 uti,
1168 5710 1263 5782 l3;
1292 5728 1439 5786 xxiv,
1482 5713 1540 5770 5|
1572 5730 1589 5782 ἰ
1620 5730 1746 5779 1“:
1800 5714 1888 5771 50-

2027 5712 2155 5771 Luc.
2197 5729 2292 5779 xu,
2326 5710 2414 5777 18,
2458 5709 2543 5764 l9.
2620 5706 2665 5740 ³⁸
2682 5704 2817 5761 Rom
2872 5717 2969 5769 vn,
3003 5699 3095 5757 24.
3160 5701 3205 5734 ³⁸
3241 5698 3377 5755 Phil.
3411 5716 3451 5767 ι,
3500 5697 3599 5756 23.

324 5769 391 5849 ,⁸³
423 5773 557 5847 Lex.
586 5776 688 5830 οὐκ
730 5776 825 5831 ἐπὶ
878 5769 1044 5850 μακρ.
