3820 6304
1226 329 1513 390 HOMILIA
1550 335 1639 401 ill.
1681 337 2046 401 ADVERSUS
2084 341 2487 405 AVARITIAM.

186 445 546 518 ἐκλάσοιμεν,
573 446 714 518 μετά
750 445 850 518 τήν
872 445 1084 501 ἐνθένδε
1128 450 1491 520 μετάστασιν,
1517 455 1641 508 οὔτε
1674 456 1745 509 τοί

1872 460 2088 528 eadunt,
2130 464 2440 531 parabolam
2467 467 2606 523 hanc
2636 468 3055 543 interpretemur
3083 495 3100 534 :
3151 480 3240 537 ubi
3274 486 3441 541 semel

186 540 510 607 προσαιτεῖν
563 536 774 609 καιρός.
826 537 936 591 Καὶ
977 536 1067 590 διὰ
1109 536 1268 593 τοῦτο
1317 541 1504 611 μηδεὶς
1541 541 1766 610 λεγέτω·

185 632 492 687 imum
523 635 634 688 οὐκ
651 633 861 701 ίσχύω.
885 630 1003 686 Κάν
1030 632 1138 704 γὰρ
1164 633 1411 706 δύνηται,
1439 636 1612 702 οὐδεὶς
1639 654 1771 707 συγ-

185 727 365 797 χωρεῖ.
423 726 491 779 '0
534 725 649 796 βίος
700 719 855 789 οὗτος
903 723 1016 796 ἔχει
1062 724 1172 779 τῶν
1206 727 1435 783 ἐντολῶν
1460 728 1558 802 τὴν
1592 747 1770 801 γεωρφ

183 814 337 880 γίαν·
367 816 400 867 ὁ
446 814 515 867 δὲ
547 813 780 885 μέλλων,
816 813 916 884 τὴν
951 814 1270 870 ἀπόλαυσιν.
1307 817 1471 872 ’Ὥστε
1508 820 1557 872 εί
1601 820 1767 892 μηδὲν

183 906 421 977 εἰργάσω
451 905 721 973 ἐνταῦθα,
755 906 1051 977 ἀπέμεινον
1079 909 1135 962 αἱ
1160 909 1414 980 ἄμπελοι,
1448 912 1543 966 καὶ
1579 929 1767 985 περιτ-

181 997 281 1061 τῶς
311 996 639 1067 φροντίζεις
681 998 811 1069 περὶ
850 997 970 1069 τῆς¹
995 999 1311 1071 σκαπάνης·
1351 1000 1474 1055 οὔτε
1513 1001 1572 1057 δὲ
1598 1021 1768 1076 προσ-

179 1088 336 1142 αιτῶν
365 1088 687 1160 ὠφελήσεις
713 1105 766 1141 τι
796 1090 1010 1144 σαυτόν.
1046 1092 1158 1144 Καὶ
1184 1091 1373 1145 τούτου
1402 1095 1571 1164 σαφὲς
1630 1098 1764 1166 ἡμῖν

180 1180 496 1251 ὑπόδειγμα
530 1182 928 1253 παραδέδοται,
957 1181 1017 1235 τὸ
1058 1183 1166 1237 τῶν
1207 1186 1405 1257 μωρῶν
1453 1187 1761 1259 παρθένων·

179 1272 377 1335 αἵτινες
412 1273 631 1345 ἀπορία
657 1277 998 1328 καταστᾶσαι
1023 1275 1116 1329 τοῦ
1143 1276 1342 1345 ἐλαίου,
1379 1280 1609 1345 ἀναιδῶς
1632 1281 1763 1353 ᾔτη-

179 1381 271 1417 σαν
316 1364 481 1435 παρὰ
518 1364 631 1418 τῶν
676 1365 956 1437 φρονίμων
981 1382 995 1396 ·
1051 1365 1269 1439 ῶνησαν
1310 1369 1367 1424 δὲ
1418 1372 1591 1438 οὐδὲν,
1645 1372 1763 1427 ἀλλ’

175 1455 626 1529 ἀπεστράφησαν
663 1458 970 1530 ἄπρακτοι·
1014 1459 1319 1526 δεικνύντος
1344 1462 1439 1517 τοῦ
1467 1463 1646 1533 λόγου,
1677 1466 1759 1519 ὄτι

177 1546 444 1620 ἀλλοτρίῳ
491 1549 659 1621 ἐλαίῳ
696 1550 757 1603 ἐν
785 1553 852 1623 τῇ
889 1552 1161 1624 παρουσίᾳ
1203 1553 1296 1607 τοῦ
1326 1555 1560 1625 νυμφίου
1585 1556 1762 1620 οὐδεὶς

176 1639 445 1710 κέχρηται
472 1652 490 1668 ⁸
557 1641 860 1707 τούτέστιν,
918 1642 1185 1716 ἀλλοτρίῳ
1243 1645 1628 1718 κατορθώματι
1680 1648 1761 1712 είς

1870 550 1998 607 hinc
2016 555 2446 624 migraverimus,
2480 574 2652 631 neque
2686 569 2944 635 operandi
2969 578 3178 641 tempus
3201 584 3308 643 est,
3337 590 3439 632 ne-

1867 654 1975 710 que
1994 646 2368 712 mendicandi;
2405 664 2579 721 eoque
2628 669 2790 710 nemo
2837 658 3023 716 dicat:
3082 661 3284 720 Fodere
3331 683 3437 722 non

1867 730 2033 788 valeo.
2064 732 2130 788 Ut
2154 736 2293 790 enim
2336 740 2567 796 maxime
2618 744 2799 801 valeas
2827 786 2844 812 ,
2891 764 3049 805 nemo
3105 756 3465 821 permiserit..-

1868 818 2055 876 Cultus
2094 833 2148 877 et
2219 825 2524 886 observatio
2576 834 2949 893 mandatorum
3021 818 3179 911 hujus
3217 818 3453 917 propria;

1867 910 1989 963 vita:
2022 920 2138 977 est;
2168 911 2353 969 fruitio
2382 932 2509 975 vero
2531 917 2748 980 futurae.
2782 925 2959 992 Quare
2985 931 3030 984 si
3076 931 3163 987 hic
3193 910 3331 989 nihil
3373 932 3449 991 es‘

1866 1011 2135 1070 operatus,
2158 1020 2536 1064 remanserunt
2584 1013 2741 1078 viles,
2771 1030 2838 1071 ac
2877 1002 3167 1076 incassum.
3196 1024 3264 1078 de
3315 1024 3430 1081 fos-

1865 1093 2019 1150 sione
2062 1096 2327 1171 sollicitus
2379 1115 2457 1155 es.
2499 1102 2568 1157 At
2614 1120 2713 1161 nec
2740 1110 3099 1169 mendicando
3136 1118 3431 1187 quidquam

1865 1186 2179 1254 profeceris.
2215 1189 2383 1258 Hujus
2406 1193 2560 1248 nobis
2586 1196 2794 1254 illustre
2821 1208 3127 1271 exemplum
3171 1186 3427 1265 traditum

1863 1285 1965 1340 est,
1994 1278 2232 1349 quinque
2267 1281 2394 1336 illud
2419 1281 2690 1341 fatuarum
2732 1290 2997 1361 virginum
3021 1295 3104 1364 ³¹;
3136 1313 3271 1367 ηοω,
3303 1315 3428 1356 cum

1862 1367 2038 1423 oleum
2067 1371 2197 1439 ipsis
2222 1370 2455 1441 deesset,
2485 1378 2825 1447 impudenter
2870 1384 3047 1440 oleum
3083 1403 3112 1441 a
3165 1391 3425 1460 sapienti-

1862 1459 1962 1514 bus
1989 1462 2277 1530 petierunt,
2312 1482 2412 1521 nec
2430 1460 2724 1540 quidquam
2750 1483 2928 1530 tamen
2957 1487 3084 1533 sunt
3105 1459 3427 1548 consecutae,

1862 1551 1955 1605 sed
1985 1568 2041 1606 re
2075 1553 2267 1610 infecta
2304 1557 2575 1614 abierunt.
2637 1561 2761 1630 Quo,
2828 1566 3104 1631 docemur,
3157 1573 3429 1628 neminem

1861 1639 2035 1695 alieno
2067 1643 2140 1697 uti
2165 1644 2284 1700 oleo
2305 1647 2358 1701 in
2383 1648 2615 1704 adventu
2647 1652 2857 1719 sponsi,
2888 1654 2938 1707 id
2968 1665 3070 1722 est,
3102 1656 3293 1713 alienis
3316 1674 3429 1714 tne-

177 1731 305 1783 ἰδίαν
351 1732 690 1788 ἀπόλαυσιν.
727 1733 1001 1797 Ἕκαστος
1050 1735 1157 1807 γὰρ
1183 1735 1280 1808 τὴν
1318 1736 1455 1790 ίδίαν
1485 1736 1745 1793 πολιτείαι

1864 1733 1999 1797 ritis,
2030 1736 2096 1787 ad
2123 1750 2276 1790 suum
2301 1738 2468 1804 ipsius
2501 1744 2841 1797 commodum
2873 1759 2937 1800 ac
2969 1745 3221 1803 fructum.
3251 1749 3424 1817 Quam

172 1821 242 1882 ὡς
279 1821 508 1891 ἱμάτιον
552 1823 1104 1898 περιϐέϐληται,τῐτε
1132 1826 1381 1899 λαμπρὸν
1426 1828 1521 1883 καί⁵
1556 1831 1745 1900 τίμιον1

1860 1824 2088 1893 quisque
2134 1828 2299 1894 gessit
2343 1830 2466 1883 vita:
2498 1834 2796 1898 rationem,
2840 1850 2937 1890 ceu
2985 1848 3189 1894 vestem
3229 1840 3424 1908 induit,

176 1913 278 1965 είτε
312 1913 531 1984 φαῦλον
581 1916 679 1969 καὶ
715 1917 815 1988 τῆς
858 1918 1139 1991 πωχικῆς
1189 1920 1501 1992 ἐφεστρίδος
1550 1922 1745 1993 ὅμοιον.

1858 1912 1973 1966 sive
1993 1914 2323 1982 splendidam
2357 1918 2501 1974 illam
2552 1938 2618 1978 ac
2659 1927 2972 1993 pretiosam,
3012 1928 3126 1985 sive
3159 1930 3314 1986 vilem
3359 1947 3425 1987 ac

184 2005 550 2061 Ἔκδύσασθαι
589 2008 648 2062 δὲ
674 2010 807 2063 αὐτὸ
832 2010 932 2065 οὐκ
965 2012 1132 2076 ἔστιν,
1173 2011 1295 2067 οὔτε
1326 2014 1631 2080 ἀπαλλάξαι
1663 2015 1745 2068 κα]

1857 2008 2175 2075 paupertino
2195 2011 2380 2080 sagulo
2410 2013 2676 2072 similem:
2710 2032 2807 2073 nec
2836 2033 3031 2075 exuere
3060 2035 3178 2075 eam
3213 2021 3294 2077 las
3317 2031 3422 2090 est,

175 2097 564 2170 διαμείψασθαι
591 2099 730 2169 πρὸς
755 2099 961 2173 ἕτερον,
989 2102 1110 2156 οὔτε
1135 2104 1201 2157 ἐκ
1225 2103 1417 2169 δάνους
1448 2105 1481 2176 ἢ
1512 2107 1745 2178 χρήσεως

1856 2105 1947 2148 aut
1966 2095 2067 2150 alia
2095 2113 2465 2170 commutare;
2500 2119 2599 2161 nec
2626 2109 2846 2164 omnino
2871 2110 2955 2165 vel
2987 2126 3054 2167 ex
3086 2114 3227 2169 dono
3247 2114 3330 2171 vel
3353 2130 3421 2171 ex

175 2191 230 2243 ἐν
248 2191 327 2263 τῷ
355 2191 544 2264 καιρῷ
573 2193 673 2264 τῆς
694 2194 927 2265 κρίσεως
955 2197 1400 2252 καλλωπίσασθαι
1425 2199 1518 2253 καὶ
1549 2215 1756 2271 κοσμη-

177 2282 345 2353 θῆναι.
382 2286 561 2339 Μένει
584 2284 643 2339 δέ
669 2284 900 2351 ἕκαστος
925 2281 1036 2353 οἷος
1062 2290 1154 2343 ἐπὶ
1185 2292 1284 2361 τῆς
1301 2289 1556 2361 ἀληθείας
1581 2291 1749 2356 ἐστὶν,

174 2374 276 2428 εἶτε
317 2375 501 2447 πένης
539 2376 784 2447 ἀγαθῶν,
819 2377 930 2432 εῐτε
972 2379 1245 2445 πλούσιος.
1290 2381 1402 2435 Καὶ
1431 2380 1605 2436 ταῦτα
1652 2382 1753 2454 μὲν

175 2461 262 2516 ἐπὶ
289 2465 576 2520 τοσοῦτον.

238 2555 302 2608 Τί
349 2557 397 2610 δ’
425 2556 498 2611 ἂν
550 2557 804 2628 εἴποιμεν
860 2558 989 2630 περὶ
1037 2559 1137 2632 τῆς
1186 2562 1586 2634 συγχωρήσεως
1642 2563 1750 2619 τῶν

174 2644 362 2717 χρεῶν,
387 2646 460 2718 ἢν
487 2647 783 2719 ἐπενόησεν
822 2649 851 2702 ὁ
880 2649 1163 2721 οἰκονόμος
1192 2653 1291 2723 τῆς
1318 2652 1551 2715 ἀδικίας,
1580 2669 1751 2725 παρα-

179 2737 367 2808 μυθίαν
421 2738 606 2809 ἐαυτῷ
655 2740 766 2796 τῶν
810 2740 996 2795 κακῶν
1055 2742 1191 2813 πρὸς
1248 2743 1375 2807 τοὺς
1426 2743 1749 2814 ὁμοδούλους

175 2832 744 2904 πραγματευσάμενος
767 2849 782 2898 ;
818 2833 893 2886 Οὐ
920 2831 1031 2905 γάρ
1058 2833 1207 2889 ἐστιν
1233 2832 1453 2889 εὔκολον
1478 2837 1558 2912 είς
1586 2836 1750 2910 ἀλλη-

178 2921 355 2991 γορίαν
388 2922 687 2978 ἀκόλουθον
734 2925 1136 2996 μετασκευάσαι
1169 2925 1250 2997 τῷ
1279 2928 1649 3000 γεγραμμένῳ
1677 2929 1744 2988 ⁸¹.

180 3012 242 3066 Ὃ
281 3015 342 3068 δέ
392 3033 490 3088 μοι
548 3016 720 3071 πολλά
773 3017 1174 3089 σκοτιησαμένῳ
1210 3017 1492 3091 παρέστη,
1539 3018 1746 3075 τοιοῦτο

174 3105 461 3176 τυγχάνει·
511 3107 720 3171 Πάντες
773 3106 1083 3179 ἂνθρωποι,
1130 3108 1245 3161 ὅσοι
1291 3107 1390 3180 τὴν
1445 3109 1745 3181 μέλλουσαν

174 3196 376 3263 ἐαυτοίς
403 3200 596 3269 ἄνεσιν
630 3200 1135 3272 πραΥματευόμεθα
1155 3241 1171 3268 ,
1206 3199 1462 3273 ἀλλότρια
1487 3201 1740 3270 διδόντες,

176 3292 208 3364 ἢ
236 3296 904 3368 συγχωροῦντες,“οίκεῖον
946 3295 1282 3370 ποριζόμεθα
1306 3298 1516 3369 κέρδος.
1561 3295 1745 3350 Ἀλλό-

66 3432 69 3437 ,
175 3400 291 3456 τρια
332 3386 391 3440 δὲ
426 3382 731 3456 λέγω,’τὰ
768 3386 863 3441 τοῦ
901 3388 1197 3443 Δεσπότου.
1238 3387 1404 3442 Οὐδὲν
1446 3388 1555 3458 γάρ
1597 3389 1745 3442 ἐστιν

181 3477 459 3551 ἡμέτερον·
489 3474 645 3534 and“
674 3478 851 3533 πάντα
879 3479 980 3550 τῆς
1018 3478 1230 3534 ἐκείνου
1258 3478 1573 3542 δεσποτείας
1610 3479 1746 3550 κτή-

183 3585 335 3639 ματα.
369 3574 506 3627 Ὅτε
542 3572 607 3627 ἂν
634 3567 727 3643 οὖν
756 3589 840 3635 τις
877 3572 1199 3644 αἰσθόμενος
1229 3571 1329 3643 τῆς
1363 3570 1616 3643 τελευτῆς
1651 3570 1744 3624 καὶ

179 3660 269 3731 τῆς
311 3662 529 3718 ἐνθένδε
579 3664 994 3736 μεταστάσεως,
1038 3662 1303 3727 εὐποιίαις
1345 3663 1576 3734 κουφίσῃ
1633 3661 1743 3716 τῶν

181 3754 450 3827 ἁμαρτιῶν
470 3756 534 3811 τὸ
558 3756 798 3828 φορτίον,
824 3756 858 3827 ἢ
883 3757 1185 3828 χρεωσταῖς
1209 3755 1567 3825 συγχωρήσας
1587 3753 1746 3825 ὀφλή-

181 3863 313 3916 ματα
333 3889 350 3916 ,
398 3850 436 3921 ἢ
480 3851 598 3913 τοῖς
632 3849 948 3921 πενομένοις
986 3848 1302 3920 χορηγήσας
1328 3847 1427 3917 τὴν
1461 3847 1741 3919 εὐπορίαν,

178 3922 239 3992 τά
256 3940 347 3995 τοῦ
375 3941 658 4020 Δεσπότου
684 3940 879 4005 διδοὺς,
906 3938 1091 4009 φίλους
1118 3939 1312 3991 κτᾶται
1340 3935 1589 4000 πολλοὺς.
1616 3935 1743 4025 τοὺς

183 4031 462 4101 μέλλοντας
480 4016 643 4106 ἀὐτῷ
674 4035 1118 4107 προσμαρτυρεῖν
1148 4032 1301 4104 παρὰ
1329 4030 1407 4102 τῷ
1440 4032 1615 4102 Κριτῇ
1642 4021 1741 4101 τὴν

180 4122 565 4198 ἀγαθωσύνην,
617 4128 714 4181 καὶ
759 4126 848 4181 διὰ
892 4127 992 4196 τῆς
1051 4124 1357 4196 μαρτυρίας
1402 4120 1742 4194 εὐτρεπίζειν

178 4214 479 4287 ἀναψύξεως
506 4218 873 4288 καταγώγιον.
910 4217 1201 4289 Μάρτυρες
1234 4214 1292 4269 δὲ
1318 4214 1568 4283 λέγονται
1598 4215 1646 4267 ot
1680 4207 1739 4267 εὖ

180 4308 430 4376 παθόντες
480 4310 635 4382 παρὰ
659 4310 739 4381 τῷ
760 4311 961 4384 Κριτῇ,
984 4310 1045 4363 οὐ
1075 4310 1297 4377 φωναῖς,
1323 4307 1397 4372 ὡς
1421 4305 1739 4376 ἀγνοοῦντα,

179 4399 508 4466 διδάσκοντες
532 4443 547 4468 ,
585 4402 701 4456 ἀλλ’
729 4403 805 4467 ὠς
848 4402 951 4472 τῆς
978 4401 1106 4474 περὶ
1139 4401 1336 4465 αὐτοὺς
1363 4398 1615 4470 πράξεως
1643 4398 1742 4469 τῆς

1854 2190 2190 2245 commodato
2227 2192 2416 2258 judicii
2462 2204 2703 2268 tempore
2753 2212 3004 2258 ornatum
3053 2205 3425 2276 mundumque

1848 2279 2138 2336 asciscere.
2188 2282 2368 2340 Manet
2405 2287 2634 2358 quisque
2690 2291 2864 2361 qualis
2923 2308 3110 2349 revera
3166 2303 3268 2358 est,
3302 2296 3420 2353 sive

1852 2372 2113 2426 bonorum
2142 2388 2365 2445 egenus,
2385 2377 2499 2433 sive
2528 2380 2679 2437 dives
2700 2389 2755 2436 et
2772 2382 3044 2453 copiosus.
3074 2384 3142 2439 Et
3164 2387 3278 2443 haec
3300 2388 3419 2458 qui-

1852 2459 1975 2514 dem
2011 2462 2284 2518 hactenus.
2982 2542 2990 2548 ι

1920 2552 2057 2619 Quid
2076 2555 2187 2625 jam
2215 2556 2457 2613 dicemus
2477 2557 2543 2612 de
2572 2562 2964 2622 condonatione
2992 2582 3054 2623 ac
3092 2568 3415 2625 remissione

1849 2646 2173 2707 debitorum.
2213 2665 2375 2719 quam
2402 2651 2703 2722 iniquitatis
2732 2670 3045 2714 (economus
3077 2669 3417 2715 commentus

1847 2746 1948 2803 est,
1980 2748 2036 2793 ut
2056 2738 2305 2805 solatium
2346 2743 2562 2813 aliquod
2601 2755 2655 2800 et
2683 2748 2941 2805 auxilium
2967 2750 3019 2804 in
3068 2750 3222 2807 malis
3272 2751 3417 2821 apud

1848 2843 2135 2887 conservos
2161 2832 2261 2886 sibi
2288 2847 2627 2906 compararet
2640 2838 2804 2915 ?7Non
2833 2842 2977 2895 enim
3000 2856 3133 2897 sane
3155 2843 3414 2914 proclive,

1847 2922 1990 2992 quod
2024 2922 2096 2976 ita
2124 2926 2383 2992 scriptum
2410 2936 2493 2982 est
2523 2927 2576 2983 in
2607 2928 2920 3001 allegoriam
2954 2947 3082 2989 vero
3118 2949 3414 2992 consonam

1845 3026 2182 3070 convertere.
2217 3015 2400 3073 Dicam
2449 3030 2625 3077 tamen
2659 3023 2800 3094 quod
2850 3023 3015 3079 multa
3066 3025 3303 3083 volventi
3354 3029 3415 3085 in

1849 3116 2082 3162 mentem
2113 3110 2280 3164 venit.
2321 3115 2522 3168 Umues
2552 3127 2670 3180 nos,
2702 3125 2966 3184 quotquot
2991 3115 3225 3172 futuram
3255 3118 3414 3176 nobis

1847 3198 2089 3269 requiem
2118 3212 2435 3270 comparare
2468 3204 2747 3257 studemus
2766 3244 2787 3268 ,
2813 3204 3112 3261 alienarum
3159 3207 3411 3265 donatio-
3444 3265 3455 3276 ,

1847 3304 2063 3361 ηειιιοο
2082 3290 2484 3346 concessionem
2542 3308 2745 3355 rerum,
2795 3293 3000 3350 lucrum
3037 3310 3103 3352 ac
3147 3306 3411 3370 questum

1840 3382 2120 3453 proprium
2142 3381 2387 3437 facimus.
2418 3383 2640 3454 Appellu
2687 3392 2866 3439 autem
2903 3386 3099 3453 aliena,
3133 3403 3253 3458 quae
3305 3390 3414 3449 Do-

1847 3471 1977 3526 mini
2002 3481 2147 3528 sunt.
2175 3470 2321 3527 Nihil
2364 3474 2508 3529 enim
2542 3475 2762 3530 omnino
2791 3486 3055 3540 nostrum.
3084 3480 3177 3534 sed
3206 3480 3410 3547 omnia,

1845 3563 1988 3618 illius
2006 3572 2132 3618 sunt
2161 3563 2402 3620 dominio
2425 3567 2730 3637 mancipata
2761 3566 2921 3622 bona.
2952 3567 3085 3623 Cum
3135 3571 3258 3641 quis
3307 3571 3413 3644 igi-

1845 3664 1953 3721 tur,
1980 3656 2301 3712 moriturum
2339 3654 2455 3710 fore
2478 3656 2877 3727 persentiscens
2928 3672 2992 3714 ac
3027 3658 3410 3730 migraturum,

1843 3755 2186 3818 peccatorum
2217 3760 2354 3801 onus
2389 3745 2740 3801 beneﬁcentia
2769 3746 2948 3803 levare
2992 3751 3193 3817 studet,
3234 3765 3300 3805 ac
3325 3752 3415 3807 vel

1842 3836 2147 3892 debitorum
2168 3837 2270 3893 sibi
2294 3838 2570 3892 nominum
2593 3838 2819 3907 gratiam
2847 3838 2996 3904 facit,
3015 3840 3097 3896 vel
3128 3842 3414 3911 egentibus

1842 3930 2087 4002 largitur,
2114 3948 2178 3987 ea
2203 3933 2454 3989 donando
2495 3946 2617 4005 qua:
2646 3946 2772 3991 sunt
2823 3935 3058 4005 Domini,
3102 3939 3283 4009 plures
3305 3942 3412 3998 sibi

1841 4021 2046 4077 amicos
2074 4022 2351 4088 conciliat,
2387 4027 2477 4093 qui
2518 4024 2774 4080 bonitatis
2800 4023 2916 4094 ejus
2959 4041 3024 4082 ac
3074 4028 3414 4087 liberalitatis

1844 4114 1980 4182 apud
2002 4112 2243 4168 Judicem
2274 4123 2436 4169 testes
2469 4113 2632 4169 futuri
2672 4117 2799 4182 sint,
2842 4133 2905 4172 ac
2942 4120 3244 4175 testimonio
3275 4136 3398 4189 suo,

1844 4204 2113 4276 refrigerii
2149 4203 2323 4259 locum
2350 4208 2608 4275 paraturi.
2641 4208 2807 4264 Porro
2832 4219 2998 4267 testes
3028 4211 3285 4268 dicuntur
3313 4215 3411 4270 be-

1845 4295 2035 4351 nelicio
2063 4296 2239 4350 allecti
2279 4299 2419 4367 apud
2470 4296 2748 4366 Judicem;
2781 4316 2885 4355 non
2915 4302 3155 4366 vocibus,
3193 4312 3250 4359 ut
3282 4311 3407 4359 tan-

1843 4404 2002 4457 quam
2030 4388 2274 4458 ignarum
2302 4387 2569 4455 doceant;
2628 4391 2720 4445 sed
2753 4392 2897 4460 quod
2932 4392 2984 4445 in
3020 4407 3114 4448 eos
3168 4394 3410 4450 exhibita

180 4498 430 4569 τιμωρίας
453 4498 585 4561 τοὺς
608 4497 1032 4569 ἁμαρτήσαντας
1056 4495 1274 4566 ἐξαιρου
1282 4494 1468 4566 μένης.
1503 4493 1598 4547 Ὃν
1630 4490 1738 4563 γὰρ

1852 4480 2005 4545 actio,
2040 4492 2289 4535 aucnores
2342 4494 2469 4535 suos
2516 4496 2548 4534 a
2593 4481 2878 4535 criminum
2935 4496 3096 4552 ptrue
3155 4488 3407 4543 eximat:

179 4588 361 4657 τρόπον
403 4591 469 4645 τὸ
510 4586 652 4661 αἷμα
687 4588 781 4643 τοῦ
834 4587 999 4641 ’Δὸελ
1045 4586 1259 4655 ἐλέγετο
1297 4585 1424 4656 βοᾷν
1474 4583 1611 4656 πρὸς
1645 4582 1737 4635 τὸν

181 4680 317 4746 Θεὸν,
344 4684 549 4756 ὁμοίως
582 4682 677 4737 καὶ
701 4681 764 4733 τὸ
793 4679 998 4749 άγαθὺν
1042 4678 1202 4751 ἔργον
1229 4676 1548 4749 λεχθήσεται
1574 4675 1583 4689 ⁸
1593 4691 1736 4746 μαρ-

180 4777 342 4841 τυρεῖν
375 4773 458 4845 τῷ
513 4769 900 4843 κατωρθωκότι
948 4770 1006 4822 ἐν
1053 4767 1275 4840 Χριστῷ
1339 4764 1513 4838 Ἰησοῦ
1547 4763 1738 4836 Κυρίῳ

181 4864 318 4934 ήμῶν
337 4883 350 4896 ·
441 4867 478 4936 ή
501 4864 629 4929 δόξα
651 4865 733 4929 είς
753 4862 877 4927 τοὺς
903 4860 1105 4924 αίῶνας
1125 4859 1233 4913 τῶν
1262 4856 1497 4913 αἰώνων.
1538 4857 1734 4928 Ἀμήν.

912 5042 982 5096 Γ’.

548 5135 779 5213 ὀμιλία
804 5134 955 5188 κατὰ
987 5130 1362 5196 πλεονεξίας.

246 5228 463 5294 ’Δνδοες
523 5227 878 5301 Χριστιανοὶ,
948 5227 1043 5280 καὶ
1108 5224 1353 5296 κλήσεως
1407 5221 1729 5293 ἐπουρανίου

238 5365 432 5437 "Leg.
481 5367 546 5419 τὸ
595 5365 1000 5438 γεγραμμένον.
1059 5363 1119 5403 ε³²
1150 5361 1338 5419 Matth,
1390 5361 1597 5425 xxv,l
1654 5374 1773 5430 sqq.

242 5506 342 5580 (l9)
383 5503 683 5580 Occasione
721 5502 1102 5580 nundinarum,
1146 5515 1266 5580 qua
1314 5500 1366 5580 in
1423 5507 1723 5580 martyrum

183 5567 435 5631 toletn'uiis
471 5578 666 5631 crebro
694 5573 872 5643 populi
905 5567 1186 5643 concursu?
1207 5569 1317 5643 jam
1355 5577 1464 5643 tum
1509 5567 1720 5643 tierent,

188 5648 412 5721 nonnulla
467 5637 711 5721 avaritiai
751 5637 962 5721 specie,
1012 5637 1387 5721 exagitandam
1413 5640 1549 5721 __hoc
1605 5637 1723 5691 loco

189 5714 408 5789 Asterius
439 5716 680 5785 suscepit
701 5709 1006 5789 avaritiam,
1046 5712 1283 5789 inquam
1310 5709 1481 5789 pridie
1512 5722 1724 5789 quoque

190 5782 408 5844 invectus
434 5780 623 5849 esset}
648 5785 743 5841 sed
775 5798 878 5839 non
910 5790 1085 5840 exstat
1119 5780 1289 5836 altera
1329 5780 1419 5835 illa
1451 5780 1721 5835 tractatio.

1844 4585 1970 4625 nam
2006 4586 2111 4640 qua
2142 4572 2345 4624 ratione
2366 4571 2583 4643 sanguis
2610 4572 2741 4627 Abel
2773 4573 3008 4628 clamare
3030 4576 3095 4629 ad
3123 4575 3410 4633 Dominum

1846 4662 2018 4717 dictus
2035 4672 2121 4715 est
2137 4662 2202 4728 ³³,
2228 4665 2414 4717 eodem
2442 4663 2601 4719 modo
2625 4680 2785 4733 opera
2815 4667 2953 4721 bona
2976 4669 3023 4721 ei
3045 4668 3410 4724 testimonium

1845 4755 2130 4825 perbibere
2152 4757 2416 4821 dicentur,
2441 4758 2532 4827 qui
2562 4757 2757 4812 meruit
2776 4773 2839 4810 ac
2854 4759 3113 4826 praeclara
3143 4759 3331 4828 gessit,
3354 4756 3410 4814 in

1844 4848 2061 4905 Christo
2107 4847 2236 4905 Jesu
2289 4849 2515 4906 Domino
2564 4861 2748 4907 nostro
2771 4891 2788 4916 ,
2814 4851 2899 4905 cui
2931 4851 3098 4922 gloria
3130 4851 3183 4905 in
3212 4849 3410 4907 saecula

1840 4941 2179 5005 saculorum.
2209 4942 2397 4996 Amen.

2584 5032 2666 5088 III.

2133 5124 2361 5180 Humilia
2406 5124 2650 5179 adversus
2678 5124 2958 5178 avaritiam
2991 5122 3120 5195 (l9).

1920 5216 2025 5272 Viri
2056 5217 2375 5279 Christiani,
2416 5232 2622 5286 vosque
2651 5216 2889 5272 caelestis
2943 5215 3241 5272 vocationis
3280 5229 3409 5286 par-

1866 5357 1910 5389 ³³
1938 5356 2073 5413 Gen.
2138 5372 2210 5419 tv,
2276 5357 2362 5413 l0.

1830 5493 1907 5549 De
1938 5494 2028 5550 illa
2064 5493 2239 5563 populi
2275 5492 2538 5548 effusione
2576 5506 2641 5564 au
2675 5501 2990 5564 martyrum
3038 5501 3192 5547 extra
3242 5493 3406 5548 urbes

1830 5561 2152 5620 celebranda
2187 5574 2408 5632 tropaea,
2450 5576 2515 5617 ac
2586 5562 2637 5615 in
2674 5561 3398 5633 Martvriis.nonnunquam

1828 5633 2270 5704 Crhrysostomus,
2298 5642 2355 5686 ut
2374 5648 2496 5704 cum
2525 5633 2591 5687 de
2620 5631 3061 5704 sancto‘Babyla,
3093 5632 3408 5704 etc.rErant

1830 5700 2083 5775 Martyris
2126 5711 2277 5756 extra
2327 5703 2509 5775 urbes,
2556 5703 2700 5775 quod
2753 5700 2963 5772 legibus
3001 5700 3259 5757 Romanis
3295 5716 3408 5759 non

1831 5774 2019 5832 liceret
2052 5775 2211 5830 condi
2236 5775 2288 5828 in
2316 5774 2539 5830 urbibus
2569 5774 2843 5828 cadavcxa.
