3820 6304
403 336 512 396 195

1674 335 1733 393 S.
1775 338 1812 391 Δ
1825 334 2050 390 STERH
2090 335 2392 392 AMASENI

3555 337 3673 396 196

397 460 592 528 ticipes
625 457 670 490 “
697 455 874 513 effecti
909 459 1029 523 viri,
1061 457 1210 528 plebs
1258 457 1548 521 rusticana,
1601 471 1662 511 ac
1708 465 1969 525 quotun

2075 454 2292 526 μέτοχοι
2316 454 2534 526 ἄνδρες·
2586 455 2745 527 ὑμεῖς
2796 458 2824 510 ὁ
2854 458 3090 529 χωρικὸς
3138 457 3338 530 δῆμος,
3380 459 3474 512 καὶ
3515 460 3668 515 πάν-

395 551 607 620 oppidis
637 552 862 620 egressi,
890 568 992 604 una
1017 551 1372 605 consensione
1398 551 1462 604 ad
1488 550 1588 603 hoc
1615 549 1809 603 festum
1839 564 1970 604 con-

395 643 645 696 curristis
702 645 912 710 (omnes
940 643 1137 712 quippe
1178 657 1272 696 vos
1329 656 1434 695 uno
1461 641 1795 710 complector
1819 639 1970 694 vocis

396 734 728 803 praeconio):
764 737 1061 804 quisquene
1085 745 1318 788 vestrum
1353 735 1531 788 animo
1549 749 1730 787 curam
1765 732 1968 802 injecit,

396 828 777 896 perspexitqne
809 844 871 879 ac
915 825 1176 880 intellexit
1229 840 1333 894 qua
1360 831 1424 877 de
1454 839 1618 878 causa
1655 824 1969 878 conveneri-

398 920 562 972 mus?
595 935 656 974 ac
687 935 852 988 quare
887 930 1170 990 martyres,
1215 933 1348 972 cum
1395 917 1590 971 aedium
1629 924 1823 970 ornatu
1855 915 1970 971 cul-

397 1019 560 1079 tuque
609 1012 911 1079 magniﬁco,
970 1021 1080 1063 tum
1133 1010 1330 1063 annuis
1365 1007 1695 1075 cjuscemodi
1738 1007 1969 1062 coetibus

395 1105 778 1168 honestentur,
833 1119 896 1157 ae
949 1119 1055 1173 quo
1091 1103 1430 1172 potissimum
1493 1100 1767 1170 pr0posito
1800 1113 1966 1167 scapo

395 1197 624 1263 majores
658 1196 850 1257 nostri,
892 1195 990 1249 ista
1025 1209 1144 1262 qua:
1177 1195 1420 1247 videmus
1451 1190 1968 1257 instituerint,jure-

391 1304 497 1358 que
531 1299 787 1357 perpetuo
819 1304 940 1341 eum
970 1287 1128 1340 ritum
1163 1287 1227 1338 ad
1256 1296 1504 1354 posteros
1535 1282 1968 1338 transmiserint?

389 1378 578 1432 Nonne
607 1377 689 1432 vel
743 1393 930 1446 parum
989 1376 1286 1430 intendenti
1335 1376 1574 1429 animum
1614 1390 1675 1428 ac
1734 1373 1963 1444 sapienti

389 1471 604 1538 plamnn
641 1471 691 1524 id
723 1479 883 1538 atque
910 1469 1276 1537 perspicuum,
1307 1467 1524 1536 pietatis
1551 1467 1668 1520 zelo
1695 1466 1807 1520 haec
1837 1465 1964 1520 talia

390 1565 545 1616 nobis
575 1563 869 1618 constituta
893 1577 1034 1626 esse,
1067 1562 1444 1628 solemnesque
1475 1570 1790 1623 conventus,
1813 1575 1963 1613 com-

390 1670 579 1708 tnunes
610 1655 872 1722 quosdam
925 1655 1228 1707 animorum
1263 1652 1486 1708 caullari
1523 1653 1696 1716 ludos,
1729 1661 1786 1705 ιιι
1817 1667 1964 1704 mar-

392 1754 566 1815 tyrum
600 1745 745 1798 cultu
783 1760 844 1799 ac
881 1745 1246 1810 veneratione,
1297 1760 1456 1813 quam
1513 1744 1582 1798 illi
1621 1759 1716 1812 pro
1765 1745 1962 1811 pietate

2072 562 2182 609 τες,
2237 547 2351 600 ὅσοι
2423 547 2530 600 τῶν
2593 548 2802 602 πόλεων
2861 551 3302 622 ἐκφοιτήσαντες,
3353 552 3489 622 πρὸς
3558 553 3672 624 τὴν

2073 637 2353 708 παροῦσαν
2412 638 2718 710 συμφώνως
2759 641 2951 713 ἑορτὴν
3003 643 3367 714 συνεδράμετε
3414 643 3672 716 (γενικῷ

2071 729 2178 798 γὰρ
2225 731 2366 800 ὑμᾶς
2419 733 2624 796 πάντας
2687 733 3079 804 περιλαμϐάνω
3126 737 3505 808 κηρύγματι),
3548 733 3673 812 ἄρα

2070 823 2298 886 ἕκαστος
2339 825 2492 896 ὑμῶν
2531 825 2812 879 ἐνεϐάλετο
2857 829 2921 898 τῇ
2965 828 3171 901 διανοίᾳ
3217 831 3493 900 φροντίδα,
3529 847 3670 883 συν-

2071 912 2208 964 εἶδεν
2236 911 2292 964 δὲ
2335 913 2428 966 καὶ
2475 915 2822 985 κατενόησεν,
2867 915 3007 988 ὑπὲρ
3045 917 3190 980 τίνος
3240 915 3662 987 ὴθροίσθημενς

2069 1003 2186 1056 ἀνθ’
2214 1005 2336 1058 ὅτου
2385 1005 2440 1058 δὲ
2484 1007 2749 1078 τιμῶνται
2784 1009 3059 1080 μάρτυρες
3125 1009 3288 1063 οἴκων
3334 1008 3665 1080 περιφανῶν

2067 1101 2466 1164 κατασκευαῖς,
2501 1101 2595 1152 καὶ
2621 1103 2732 1162 τοῖς
2779 1100 3072 1164 ἐνιαυσίοις
3099 1099 3311 1162 τούτοις
3338 1101 3661 1169 συλλόγοις,

2069 1187 2164 1239 καὶ
2185 1186 2321 1258 πρὸς
2341 1188 2459 1241 τίνα
2482 1189 2682 1241 σκοπὸν
2706 1188 2992 1260 βλέποντες
3021 1192 3068 1242 οἱ
3091 1189 3322 1262 πατέρες
3346 1190 3506 1261 ήμῶν
3536 1195 3666 1244 ἑνο-

2073 1277 2374 1349 μοθέτησαν
2395 1279 2461 1332 τὰ
2479 1278 2746 1350 ὁρώμενα,
2777 1281 2868 1334 καὶ
2891 1281 3106 1354 ἰσχυρὸν
3123 1283 3340 1352 ἀφῆκαν
3359 1282 3449 1335 τὸν
3481 1283 3659 1355 νόμον

2068 1369 2180 1430 τοῖς
2209 1369 2533 1438 μετέπειτα;
2567 1371 2636 1423 Ἢ
2669 1372 2933 1442 πρόδηλον
2963 1372 3042 1442 τῷ
3071 1375 3165 1427 καὶ
3197 1373 3392 1445 μικρὸν
3435 1373 3664 1429 πυκνώ-

2069 1476 2222 1514 σαντι
2253 1461 2351 1531 τὴν
2388 1462 2645 1527 διάνοιαν,
2688 1465 2762 1528 ὡς
2805 1465 2951 1536 ζήλῳ
2981 1467 3112 1536 ἡμῖν
3160 1467 3439 1533 εὐσεϐείας
3475 1468 3660 1523 ταῦτα

2065 1550 2408 1624 διετυπώθη,
2455 1555 2549 1607 καὶ
2579 1556 2732 1609 κοινὰ
2775 1557 3147 1626 παιδαγωγεῖα
3199 1559 3307 1612 τῶν
3353 1560 3546 1631 ψυχῶν
3595 1561 3657 1614 αἱ

2067 1643 2404 1714 πανηγύρεις
2459 1647 2799 1715 συνάγονται,
2831 1648 2916 1700 ἵνα
2948 1651 3229 1720 μάρτυρας
3262 1651 3552 1722 τιμῶντες,
3592 1651 3663 1706 τὸ

2065 1733 2175 1786 τῶν
2225 1734 2516 1806 μαρτύρων
2561 1737 2702 1808 ὑπὲρ
2748 1739 3029 1805 εὐσεϐείας
3077 1743 3343 1813 καρτερὸν
3399 1743 3665 1816 μιμησώ-

391 1838 759 1891 fortitudinem
801 1838 1198 1902 exhibncrunt,
1240 1839 1532 1900 imitemur,
1587 1847 1750 1903 utque
1783 1837 1966 1888 docto-

2071 1823 2238 1894 μεθαο
2266 1825 2355 1879 ἵνα
2379 1831 2492 1888 τοῖς
2522 1829 2909 1899 συναγομένοις
2937 1832 3249 1898 παιδευταῖς
3276 1835 3568 1901 ὑποθέντες
3595 1839 3661 1893 τὸ

390 1931 538 1984 ribus
582 1946 643 1982 ea
672 1931 962 1984 occasione
1014 1929 1359 1998 congrt-gatis
1409 1945 1593 1983 aurem
1642 1928 1965 1996 prazbentes,

388 2019 728 2090 profuturum
762 2020 987 2088 aliquid,
1017 2036 1076 2075 ac
1108 2030 1268 2074 antea
1326 2021 1698 2089 liacteuusque
1744 2021 1964 2092 ignora-

391 2121 499 2165 tum
521 2112 827 2176 discamus;
859 2111 940 2165 vel
965 2112 1098 2165 certi
1137 2112 1390 2165 nimirum
1419 2111 1620 2182 aliquid
1652 2114 1917 2180 dogmatis
1946 2129 1960 2178 ;

387 2203 468 2256 vel
504 2202 894 2270 expositionem
924 2203 1163 2265 obscuri,
1192 2217 1255 2256 ac
1285 2203 1519 2270 ambigui
1561 2203 1660 2257 loci
1717 2203 1953 2274 Scriptu-

389 2309 464 2348 ται
492 2310 508 2359 ;
539 2294 623 2348 vel
674 2295 903 2363 denique
964 2296 1322 2363 compositqu
1359 2311 1664 2350 sermonem
1725 2296 1966 2351 moribus

389 2387 774 2443 instituendis?
826 2387 932 2443 Sed
970 2390 1114 2443 enim
1150 2404 1244 2444 vos
1300 2388 1429 2440 mihi
1462 2388 1732 2447 videmini.
1764 2389 1966 2442 ouiisso

385 2479 602 2534 virtutis
650 2481 850 2543 studio,
921 2495 1159 2549 curaque
1237 2478 1430 2532 animae
1472 2480 1801 2549 posthabita,
1868 2481 1965 2535 toti

387 2573 530 2624 circa
560 2585 882 2625 mammona:
917 2573 1127 2636 sordes,
1170 2572 1450 2640 forumque
1490 2585 1666 2624 rerum
1695 2571 1965 2625 venalium

388 2661 632 2726 versari;
664 2661 752 2714 alii
786 2662 1002 2730 quidem
1058 2662 1157 2731 ipsi
1189 2663 1616 2727 contrahentes;
1653 2662 1740 2714 alii
1777 2662 1965 2717 alienis

388 2753 579 2806 intenti
614 2751 1014 2821 inhiantesque,
1041 2767 1104 2807 ac
1137 2767 1314 2807 rerum
1361 2752 1626 2806 venalium
1665 2753 1964 2807 contentio-

389 2845 559 2898 siores
587 2844 941 2898 aestimatores
965 2844 1328 2908 sciscitantes,
1355 2860 1460 2912 quo
1494 2859 1590 2898 sua
1623 2845 1850 2899 invicem
1887 2846 1966 2898 vi-

390 2936 597 2990 lescere
633 2934 834 2988 faciant
868 2951 930 2989 ac
962 2937 1134 3006 pretio
1191 2935 1450 2990 minuant.
1495 2935 1715 2997 Verum,
1776 2937 1915 3006 agite
1945 2955 1960 3004 ;

390 3027 491 3080 lioc
525 3026 914 3081 iniliistndinm
952 3028 1018 3081 ad
1080 3027 1377 3082 Ecclesium
1437 3028 1741 3092 transferte,
1807 3029 1965 3082 relin-

2066 1910 2179 1980 οῦς,
2209 1918 2468 1989 μάθωμέν
2493 1937 2545 1972 τι
2569 1922 2825 1992 χρηστὸν,
2861 1923 2889 1976 ὃ
2934 1929 3039 1997 πρὸ
3070 1926 3298 1998 βραχέος
3323 1929 3424 1982 οῦκ
3455 1928 3660 1998 ἐγινώ-

2069 2025 2292 2080 σκομεν,
2318 2011 2350 2081 ἢ
2381 2011 2648 2082 δόγματος
2674 2015 2993 2083 άσῃάλειαν,
3020 2018 3052 2088 ἢ
3081 2017 3235 2071 λύσιν
3260 2021 3659 2094 ἀπορουμένης

2068 2102 2290 2174 Γραφῆς
2316 2104 2390 2175 ,ἦ
2430 2122 2550 2158 τινα
2587 2104 2742 2175 λόγον
2782 2108 2881 2179 τὴν
2910 2109 3018 2163 τῶν
3056 2109 3204 2180 ἠθῶν
3248 2113 3660 2184 ὲπανορθοῦντα

2068 2195 2432 2261 κατάστασιν;
2477 2195 2666 2266 Ὑμεῖς
2703 2197 2760 2251 δέ
2801 2217 2889 2270 μοι
2921 2200 3123 2254 δοκεῖτε
3150 2201 3251 2273 τῆς
3280 2203 3482 2274 ἀρετῆς
3532 2207 3660 2259 ὲπι-

2071 2284 2289 2355 μέλειαν
2329 2287 2593 2356 ἀφέντες,
2642 2290 2734 2342 καὶ
2771 2291 2868 2361 τῆς
2909 2293 3039 2364 περὶ
3080 2293 3177 2365 τὴν
3205 2294 3380 2367 ψυχὴν
3413 2297 3659 2368 σπουδῆς

2067 2376 2440 2446 ἐκλαθόμενοι,
2476 2379 2603 2450 ὅλην
2634 2381 2844 2437 ἑαυτῶν
2878 2385 3321 2453 μετατεθεικέναι
3365 2389 3462 2458 τὴν
3496 2389 3662 2461 μέρι-

2071 2484 2206 2537 μναν
2234 2470 2371 2540 πρὸς
2390 2469 2480 2523 τὸν
2500 2474 2765 2542 συρφετὸν
2794 2474 2887 2528 τοῦ
2916 2481 3214 2548 μαμμωνᾶ,
3244 2479 3338 2532 καὶ
3361 2480 3463 2551 τὴν
3482 2482 3657 2552 ἀσχο-

2066 2560 2184 2614 λίαν
2212 2562 2316 2614 τῶν
2349 2564 2702 2635 πρατηρίων⁶
2739 2568 2788 2620 οἱ
2836 2568 2932 2638 μὲν
2975 2569 3129 2622 αὑτοὶ
3172 2571 3654 2642 συναλλάττοντες,

2065 2653 2114 2704 oi
2141 2651 2197 2705 δὲ
2233 2655 2521 2725 κεχηνότες
2547 2657 2628 2718 είς
2666 2657 2736 2710 τὰ
2769 2657 3056 2730 ἀλλότρια,
3103 2663 3196 2715 καὶ
3237 2663 3364 2727 τοὺς
3407 2665 3500 2720 ὲπὶ
3536 2668 3655 2731 τοῖς

2065 2741 2244 2806 ὠνίοις
2270 2745 2707 2813 φιλονεικοῦντας
2738 2751 3097 2824 ἱστοροῦντες,
3127 2755 3274 2819 ὅπως
3297 2755 3368 2810 τὰ
3398 2757 3655 2830 ἀλλήλων

2065 2835 2487 2901 ὲπευωνίζωσιν.
2532 2839 2693 2894 Ἀλλὰ
2727 2843 2985 2912 μετάθετέ
3009 2863 3097 2915 μοι
3130 2846 3220 2900 τὸν
3245 2850 3408 2903 πόθον
3436 2851 3528 2904 ἐπὶ
3548 2853 3654 2924 τὴν

2077 2927 2400 2999 Ἐκκλησίαν
2417 2947 2431 2960 °
2460 2931 2824 3003 καταλείψατε
2849 2936 2947 3006 τὴν
2973 2936 3362 3010 φιλαργυρίαν,
3388 2941 3486 3013 τὴν
3517 2943 3652 3011 άγό-

2070 3034 2254 3088 ραιον,
2286 3021 2382 3092 τὴν
2416 3022 2668 3092 μαινάδα.
2725 3026 3140 3100 Ἀποστράφητε
3182 3031 3352 3102 αὐτὴν
3394 3033 3472 3096 ὠς
3513 3035 3652 3089 ἄκο-

387 3117 537 3188 quite
559 3118 864 3181 avaritiam,
894 3116 1037 3171 illam
1085 3117 1608 3182 circun'il'oraneam,
1652 3117 1793 3172 illam
1831 3134 1959 3172 mte-

2070 3127 2205 3181 σμον
2236 3114 2500 3186 ἑταιρίδα,
2541 3116 2932 3187 προσγελῶσαν
2974 3118 3049 3190 τῷ
3087 3119 3302 3193 πλήθει,
3328 3127 3447 3188 ταῖς
3482 3125 3648 3179 άλλο-

343 3235 355 3246 -
386 3210 523 3265 vada
558 3224 573 3263 :
603 3211 934 3264 aversamini
997 3221 1248 3280 tanquam
1299 3221 1505 3279 turpem
1543 3211 1961 3276 meretriculam,

385 3301 708 3357 multitudini
741 3303 1086 3367 arridentem,
1110 3303 1298 3357 alienis
1325 3313 1570 3357 ornatam
1611 3303 1959 3370 indumentis,

385 3407 450 3447 ac
463 3391 732 3447 coloribus
763 3393 1100 3464 pigmentarii
1122 3393 1375 3449 fucatam.
1392 3394 1610 3460 Contra,
1631 3405 1807 3450 amate
1825 3395 1962 3450 divi-

384 3498 511 3538 nam
542 3483 683 3538 illam
712 3499 774 3538 ac
800 3483 1024 3554 probam
1049 3485 1428 3554 pudieamque,
1463 3486 1656 3540 decore
1688 3487 1960 3552 amictam,

383 3577 642 3646 Vultuque
665 3578 812 3646 gravi
854 3592 916 3630 ac
945 3577 1206 3630 modesto.
1236 3576 1325 3630 Sic
1353 3578 1496 3630 enim
1526 3578 1602 3631 ait
1627 3577 1880 3632 Salomon
1907 3579 1960 3633 in

384 3669 520 3724 libro
546 3663 999 3724 Praverbiorum:
1061 3667 1144 3722 Ne
1197 3671 1434 3722 dimittas
1495 3686 1633 3734 eam,
1693 3680 1838 3739 teque
1867 3670 1961 3724 illa

385 3774 566 3816 mutuo
593 3759 960 3828 complectetur
991 3775 1008 3814 :
1042 3760 1201 3828 dilige
1235 3776 1369 3823 eam,
1413 3768 1460 3814 et
1509 3761 1763 3814 custodiet
1817 3772 1866 3814 te
1893 3761 1958 3814 ³⁵.

383 3852 502 3909 Noli
562 3868 656 3921 per
695 3861 1063 3919 contemptum
1121 3853 1424 3920 przetcrire.
1463 3867 1560 3905 nec
1591 3868 1710 3922 qua:
1763 3853 1856 3907 tibi
1907 3855 1959 3908 in

383 3945 485 4001 hac
515 3958 697 3998 mensa
735 3942 1104 4010 proponimus,
1133 3957 1196 3996 eo
1229 3944 1567 4010 aspernanda
1608 3953 1786 4012 putes,
1816 3946 1959 4012 quod

382 4053 445 4091 ea
479 4035 644 4105 gratis
697 4034 950 4100 consequi
1005 4043 1176 4102 potes.
1234 4031 1336 4087 Sed
1377 4050 1442 4088 eo
1473 4037 1706 4104 gratiora
1747 4039 1856 4092 sint
1897 4053 1962 4093 ac

383 4127 552 4196 magis
603 4135 950 4194 expetantur,
975 4127 1114 4194 quod
1153 4140 1256 4178 non
1307 4127 1590 4182 sedeamus
1648 4129 1956 4185 institorum

380 4233 532 4273 more
589 4232 711 4272 cum
775 4226 974 4270 statera
1011 4227 1065 4269 et
1105 4218 1302 4270 trutina
1338 4233 1352 4271 :
1408 4218 1726 4288 luerumqne
1770 4239 1954 4286 unum,

379 4312 644 4365 auditoris
677 4325 740 4364 ac
775 4310 1018 4380 discipuli
1051 4310 1277 4364 salutem
1299 4327 1623 4380 quaeramus.

451 4403 611 4458 Lecta
652 4404 804 4457 nobis
826 4414 992 4459 estex
1016 4404 1164 4457 Actis
1196 4406 1559 4472 apostolorum
1591 4406 1738 4460 Pauli
1762 4408 1828 4462 ad
1852 4408 1954 4462 Fe-

2066 3202 2244 3274 τρίαις
2279 3205 2430 3270 ὕλαις
2472 3207 2973 3281 καλλωπιζομένην,
3027 3213 3122 3266 καὶ
3168 3217 3280 3278 τοῖς
3323 3216 3509 3270 ἄνθεσι
3550 3219 3648 3274 τοῦ

2067 3298 2529 3368 φαρμακοπώλου.
2593 3302 2889 3375 Ἐράσθητε
2941 3304 3145 3378 ταύτης
3195 3307 3295 3378 τῆς
3345 3308 3497 3374 θείας
3546 3313 3646 3366 καὶ

2067 3384 2343 3456 σώφρονος
2371 3389 2709 3461 ὲσταλμένης
2750 3394 2994 3464 κοσμίως
3013 3437 3028 3461 ,
3059 3396 3255 3467 σεμνὸν
3281 3399 3376 3451 καὶ
3398 3400 3648 3470 άμετεώ-

2069 3495 2250 3548 ριστον
2283 3478 2604 3551 βλεπούσης.
2635 3483 2790 3537 Οὕτω
2813 3485 2920 3556 γάρ
2978 3487 3236 3557 Σαλομῶν
3267 3489 3325 3542 ὲν
3347 3493 3414 3562 τῇ
3447 3509 3646 3563 παροι-

2068 3571 2238 3638 μιακῇ
2275 3570 2440 3641 βίϐλῳ
2471 3573 2632 3642 φησίν
2651 3591 2667 3607 ⁶
2699 3575 2796 3644 Μὴ
2825 3577 3266 3647 ἐγκατανιείίτῃς
3299 3582 3518 3651 αὐτὴν,
3541 3587 3643 3640 καὶ

2064 3659 2375 3723 ἀνθέξεταί
2393 3676 2530 3716 σου.
2571 3663 2878 3733 Ἐράσθητι
2903 3668 3115 3738 αὐτῆς,
3145 3671 3242 3724 καὶ
3271 3673 3520 3741 τηρήσει
3542 3692 3639 3731 σε.

2062 3746 2154 3817 Μὴ
2194 3749 2470 3821 παρέλθῃς
2497 3757 2937 3826 καταφρονήσας,
2969 3758 3105 3828 μηδὲ
3133 3759 3202 3814 τὰ
3231 3765 3361 3834 παρ’
3392 3766 3524 3836 ἡμῖν
3548 3767 3644 3821 ἐπὶ

2061 3839 2159 3910 τῆς
2208 3842 2488 3914 τραπέζης
2530 3845 2732 3916 ταύτης
2763 3849 3126 3920 προκείμενα,
3169 3853 3258 3906 διὰ
3299 3855 3457 3909 τοῦτο
3500 3858 3642 3912 αὐτὰ

2061 3929 2289 4002 νομίσῃς
2309 3931 2500 4003 άτιμα,
2526 3935 2712 4007 ἐπειδὴ
2743 3940 2944 4007 προῖκά
2973 3956 3054 3992 σοι
3076 3940 3282 4006 ἔξεστιν
3308 3944 3406 4016 τὴν
3435 3949 3633 4017 κτῆσιν

2063 4025 2548 4094 περιποιήσασθαι·
2601 4027 2736 4080 ἀλλὰ
2786 4031 2878 4082 καὶ
2913 4031 3112 4101 μᾶλλον
3160 4035 3519 4108 ὲπιθῦμησον,
3553 4040 3639 4094 ὅτι

2059 4115 2120 4166 οὐ
2153 4115 2438 4186 καθήμεθα
2478 4119 2734 4189 κάπηλοι,
2770 4120 2934 4190 ζυγὸν
2971 4124 3004 4193 ἢ
3048 4125 3320 4198 τρυτάνην
3351 4129 3634 4200 φέροντεςο

2058 4203 2116 4256 ἓν
2144 4205 2200 4258 δὲ
2231 4208 2416 4279 κέρδος
2453 4210 2744 4282 ζητοῦμεν,
2778 4215 2877 4286 τὴν
2899 4215 2994 4269 τοῦ
3027 4217 3270 4289 μαθητοῦ
3300 4223 3596 4295 σωτηρίαν.

2141 4399 2474 4473 Ἀνεγνώσθη
2515 4403 2642 4473 ήμῖν
2684 4405 2748 4458 ὲκ
2785 4405 2891 4460 τῶν
2921 4408 3180 4479 Πράξεων
3232 4412 3444 4466 Παύλου
3477 4414 3636 4485 λόγος

379 4507 520 4552 stum
578 4511 642 4550 ac
683 4495 969 4566 Agrippam
1007 4495 1179 4550 oratio
1205 4495 1248 4526 “
1280 4512 1292 4547 :
1319 4494 1490 4559 Pauli,
1525 4498 1773 4566 inquam,
1811 4499 1955 4553 illius

2066 4495 2194 4566 πρὸς
2217 4497 2422 4567 Φῆστον
2446 4499 2539 4551 καὶ
2575 4499 2899 4571 Ἀγρίππαν,
2930 4504 3142 4558 Παύλου
3167 4505 3260 4560 τοῦ
3286 4507 3476 4562 πιστοῦ
3506 4511 3638 4564 ἀπο-

380 4599 431 4643 et
458 4585 627 4640 titlelis
654 4583 951 4654 apostoliet
977 4583 1254 4653 prudentis
1280 4583 1535 4638 oratoris.
1563 4582 1749 4638 Vidisti
1773 4584 1951 4654 plane,

378 4678 612 4744 auditor,
637 4676 899 4745 siquidem
937 4673 1172 4728 aninnnn
1199 4674 1498 4735 advertisti,
1539 4682 1596 4728 ut
1621 4691 1719 4730 nec
1750 4675 1837 4730 ille
1865 4692 1956 4731 ve-

379 4771 590 4827 ritatem
622 4784 685 4825 ex
718 4777 861 4822 metu
889 4766 1112 4838 prodat;
1154 4781 1218 4821 ac
1253 4765 1722 4837 obsequinm‘erga
1759 4768 1954 4838 Agrip-

379 4880 498 4934 pam
511 4861 777 4916 sermonis
790 4859 1033 4912 libertate
1048 4868 1368 4928 temperans.
1391 4859 1580 4911 durum
1597 4859 1823 4914 tribunal
1837 4861 1949 4931 (20)

376 4953 730 5024 commitiget,
782 4967 846 5006 ac
880 4951 944 5004 ad
999 4950 1270 5004 lenitatem
1320 4949 1601 5004 inﬂectat:
1646 4967 1749 5005 non
1799 4952 1954 5008 aliter

376 5061 538 5116 quam
590 5045 635 5100 si
677 5043 882 5100 belluas
939 5042 1164 5112 aliquas,
1209 5041 1488 5105 orationis,
1528 5051 1586 5096 ιιι
1641 5043 1712 5098 ita
1753 5043 1950 5109 dicam,

377 5135 803 5192 contrectatione
834 5135 1164 5189 lncantares.
1209 5131 1314 5188 Sed
1344 5143 1397 5188 et
1445 5133 1735 5190 Zacharias
1791 5137 1951 5193 hodie

374 5227 718 5297 propinetavit
763 5226 900 5298 (2|),
924 5241 1238 5297 magnorum
1285 5225 1439 5282 nobis
1471 5224 1738 5297 Unigeniti
1769 5244 1952 5284 sacra-

481 5361 526 5393 ³⁸
563 5359 723 5415 llebr.
757 5376 837 5425 ιη,
868 5361 914 5413 l.

444 5498 552 5568 (‘20)
598 5499 794 5550 Durum
831 5496 1082 5569 tribunal,
1129 5496 1316 5566 τραχὺ
1361 5497 1684 5569 κριτήριον.
1706 5496 1795 5552 Sic
1823 5497 1947 5569 legit

377 5569 660 5633 interpres,
712 5584 832 5621 cum
893 5568 1063 5621 reddit
1115 5571 1272 5620 duros
1328 5574 1550 5621 animos.
1613 5567 1739 5621 Erat
1797 5567 1944 5623 certe

377 5640 564 5694 Festus
599 5639 762 5691 Paulo
790 5641 956 5691 durus
987 5638 1170 5708 judex,
1208 5639 1294 5705 qni
1329 5639 1515 5690 volens
1549 5640 1779 5707 gratiam
1815 5654 1948 5708 prm-

377 5723 517 5764 smre
543 5709 760 5773 Jndmis,
797 5709 998 5761 eisdem
1046 5706 1267 5760 Paulum
1302 5706 1595 5762 traditurus
1644 5719 1783 5773 erat,
1817 5706 1943 5763 'nisi

378 5787 488 5850 ipse
528 5781 844 5850 appellando
881 5779 1171 5844 Cmsareni,
1219 5779 1456 5848 iniquum
1487 5789 1741 5834 conatum
1791 5793 1946 5835 aver-

1008 5361 1051 5391 ³⁸
1080 5359 1236 5414 Prov.
1265 5377 1339 5424 iv,
1376 5359 1428 5414 6.
1505 5360 1688 5415 “Act.
1725 5376 1848 5425 ικν,
1887 5361 1920 5417 8
1943 5380 2090 5435 sqq.;
2114 5379 2260 5425 xxvt.
2292 5363 2327 5416 2
2350 5381 2471 5435 sqq.

3597 4597 3624 4622 τ

2061 4589 2268 4656 στόλου,
2321 4592 2415 4644 καὶ
2471 4592 2634 4663 σοφοῦ
2690 4595 3023 4668 δημηγόρου.
3084 4595 3236 4664 Εἶδες
3291 4601 3528 4666 πάντως,
3590 4597 3638 4657 ὦ

2058 4683 2351 4756 ἀκροατὴς,
2379 4687 2426 4738 εί
2451 4685 2542 4738 τὸν
2570 4685 2694 4739 νοῦν
2723 4687 3048 4761 ἐπέστησας,
3078 4691 3225 4756 ὅπως
3259 4694 3352 4746 καὶ⁵
3375 4693 3474 4766 τὴν
3498 4695 3636 4767 άλή-

2060 4773 2210 4828 θειαν
2237 4777 2296 4829 οὐ
2326 4777 2645 4848 προδίδωσιν
2679 4781 2743 4834 ὲκ
2765 4781 2984 4848 δειλίας,
3017 4784 3109 4838 καὶ
3129 4785 3227 4856 τὴν
3250 4786 3384 4858 πρὸς
3419 4788 3636 4861 Ἀγρίπ-

2061 4881 2170 4917 παν
2199 4865 2502 4936 θεραπείαν
2546 4871 2611 4939 τῇ
2664 4871 2948 4943 παρρησίᾳ
3007 4873 3267 4944 κεράσας,
3300 4875 3360 4927 τὸ
3397 4875 3570 4946 βραχὺ
3588 4877 3633 4910 ιτ

2059 4957 2340 5029 κριτήριον
2379 4959 2712 5028 ὲκμαλάσσει
2743 4963 2879 5034 πρὸς
2901 4964 3228 5037 άγαθότητα,
3256 4965 3445 5038 ὥσπερ
3469 4967 3636 5038 θηρία

2057 5046 2180 5099 τινὰ
2207 5047 2525 5119 κατεπᾴδων
2555 5053 2672 5114 ταῖς
2693 5050 2786 5104 τοῦ
2811 5051 2968 5120 λόγου
2997 5054 3460 5125 μεταχειρήσεσιν.
3493 5055 3636 5126 Προ-

2059 5137 2356 5205 εφήτευσεν
2382 5138 2478 5190 καὶ
2503 5139 2743 5211 σήμερον
2757 5141 3060 5214 Ζαχαρίας,
3087 5142 3197 5197 τῶν
3222 5142 3472 5213 μεγάλων
3501 5145 3634 5215 ἡμῖν

2060 5227 2375 5298 μυστηρίων
2427 5229 2523 5283 τοῦ
2567 5232 2906 5301 Μονογενοῦς
2955 5234 3262 5305 ὑπανοίγων
3306 5235 3404 5308 τὴν
3439 5235 3628 5308 θύραν,

2550 5368 2593 5400 ³⁷
2627 5367 2755 5440 Leg.
2790 5387 2985 5439 τραχυ.

2057 5499 2229 5563 lisset,
2263 5511 2320 5553 nt
2350 5504 2471 5556 Act.
2502 5519 2626 5558 xxv.

2123 5571 2235 5646 (ει)
2277 5569 2563 5646 Zacharias
2603 5575 2754 5646 hodie
2799 5579 3150 5646 prophetarit.
3195 5577 3282 5633 Uti
3319 5579 3517 5645 Latini,
3551 5583 3626 5639 sic

2050 5650 2103 5716 et
2151 5639 2652 5716 Gt-mciprzecipuis
2704 5639 3006 5716 quibusque
3066 5649 3448 5704 festivitatibus
3497 5639 3625 5708 suas

2052 5710 2310 5790 lectiones
2346 5710 2567 5791 habent,
2631 5710 3155 5791 θο-’ἁναγνώσματα
3207 5732 3269 5773 ex
3322 5719 3622 5791 Scriptura,

2045 5782 2200 5851 juxta
2252 5782 2391 5852 quod
2447 5782 2570 5841 festi
2624 5787 2762 5844 ratio
2802 5782 3020 5846 videtur
3056 5789 3294 5860 exigere,
3360 5782 3624 5863 praecipue
