3820 6304
171 341 262 397 197

1198 335 1485 394 HOMILIA
1520 335 1609 392 Ill.
1650 337 2023 397 ADVERSUS
2058 339 2465 397 AVARITIAM.

3314 350 3423 411 £98

168 459 363 517 διὰ-τοῦ
386 459 560 520 λίθου,
590 460 687 514 τοῦ
713 458 814 523 τὰς
843 457 982 513 ἑπτὰ
1018 457 1178 529 βολάς
1207 460 1316 513 τῶν
1350 458 1640 531 ὀφθαλμῶν
1661 478 1735 514 κε-

1850 471 2147 518 mentorum
2187 461 2408 533 ianuam
2450 473 2721 528 reserans,
2761 461 2955 531 lapidis
3003 462 3173 534 ﬁgura
3211 475 3416 536 septem

169 554 462 624 τετιμένοι),
500 552 588 606 διά
630 553 729 624 τῆς
782 552 997 624 χρυσῆς⁸
1028 551 1266 622 λυχνίας,
1294 554 1379 622 ἐφ’
1406 547 1474 625 ἧς
1512 554 1562 606 oi
1605 553 1744 608 ἐπτὰ

168 647 337 716 λύχνοι
382 647 481 699 καὶ
526 644 594 698 τὰ
636 644 731 699 δύο
778 644 1001 716 στελέχη
1039 644 1148 697 τῶν
1186 645 1400 700 ἐλαιῶν.
1436 646 1634 702 Πολλαὶ
1687 647 1743 700 αί

174 738 291 808 ἑῆς
315 737 559 809 Γραφαὶ,
615 737 868 790 πλούσιον
907 737 997 789 τὸν
1038 736 1309 807 θησαυρὸν
1349 737 1450 808 τῆς
1481 737 1745 807 ὠφελείας

167 832 401 900 ἔχουσαι,
441 826 528 892 αἷς
571 830 875 900 ἐϐουλόμην
906 829 1108 893 πάσαις
1138 829 1405 898 ἐπελθεῖν,
1451 831 1543 883 καὶ
1578 830 1744 895 δεῖξαι

166 926 286 993 ὑμῖν
334 926 441 994 τὴν
485 923 587 994 τῆς
648 924 1027 993 πνευματικῆς
1070 920 1430 993 πανηγύρεως
1469 921 1743 983 εὐθηνίαν.

176 1016 413 1083 Ἐπεί-γει
446 1015 502 1069 δέ
553 1032 621 1085 με
666 1012 805 1083 πρὸς
844 1014 944 1085 τὴν
972 1013 1175 1067 ἔκτισιν
1214 1013 1307 1068 τοῦ
1335 1015 1529 1086 χρέους
1574 1016 1606 1086 ἡ
1646 1016 1745 1086 τῆς

167 1107 494 1177 προτεραίας
521 1106 842 1175 ὑπόσχεσις.
882 1104 1202 1177 Ἀρξάμενοι
1230 1105 1337 1175 γὰρ
1361 1105 1577 1169 πολλαῖς
1612 1124 1744 1159 κατ-

162 1196 407 1265 ηγορίαις
453 1195 555 1264 τῆς
605 1194 919 1261 πλεονεξίας
974 1193 1372 1258 καθάπτεσθαι,
1429 1195 1617 1267 ἐπειδὴ
1667 1197 1741 1269 μὴ

164 1288 400 1358 ἐςνθημεν
442 1287 616 1357 αὐτῆς
660 1287 949 1358 γυμνῶσαι
992 1287 1089 1359 τὴν
1137 1288 1492 1359 ματαιότητα,
1540 1290 1619 1351 εἰς
1645 1288 1742 1360 τὴν

166 1378 443 1449 παροῦσαν
483 1378 701 1449 ἡμέραν
734 1378 826 1430 τὸν
853 1375 1071 1448 ἔλεγχον
1098 1377 1195 1449 τῆς
1216 1377 1549 1450 κατηγορίας
1578 1379 1742 1450 ὑπερ-
1790 1421 1793 1424 ι

163 1469 412 1542 εθέμεθα.
454 1470 753 1524 Ἀκούσατε
779 1465 894 1535 οὖν,
920 1471 1015 1523 καὶ
1038 1470 1260 1538 γένεσθε
1284 1470 1623 1542 εὐγνώμονες
1643 1472 1742 1541 τῆς

163 1560 416 1630 ἀληθείας
449 1559 654 1633 κριταί.
706 1560 921 1633 Ἐπειδὴ
957 1562 1091 1631 μήτε
1111 1559 1289 1625 ἄλλοις
1323 1561 1482 1626 τισὶν,
1510 1559 1643 1613 ἀλλὰ
1671 1561 1739 1631 τῇ

163 1653 361 1705 ἑαυτῶν
393 1652 642 1724 σωτηρίᾳ
671 1652 943 1718 δικάζετε,
987 1652 1082 1705 καὶ
1115 1652 1293 1716 πάσας
1331 1652 1430 1716 τὰς
1471 1668 1741 1722 κατακρι-

160 1743 347 1806 νεύσας
368 1742 588 1815 ψήφους
612 1744 705 1797 ἐπὶ
722 1744 822 1815 τὴν
849 1744 1145 1798 ὑπεύθυνον
1172 1744 1364 1815 φέρετε
1389 1743 1617 1806 ἕκαστος
1639 1742 1740 1812 τῆς

164 1834 290 1897 ἰδίας
321 1835 530 1905 ψυχῆς,
559 1832 752 1907 ὥσπερ
785 1833 960 1899 οἰκίας
996 1833 1029 1905 ἢ
1068 1834 1277 1898 πόλεως
1318 1832 1487 1906 αὐτὴν
1530 1833 1734 1888 ἀπελά-

164 1944 365 1991 σαντες.
594 1940 599 1949 ‘
726 1954 733 1960 ~

223 2020 517 2086 Πλεονεξία
552 2018 733 2073 τοίνυν
766 2018 933 2084 ἐστὶν,
958 2018 1020 2072 οὑ
1042 2017 1222 2088 -μόνον
1253 2016 1331 2089 τῷ
1358 2015 1604 2090 ἀργυρίῳ
1640 2016 1736 2071 σὺν

163 2116 265 2177 τοῖς
309 2113 494 2177 ἄλλοις
540 2111 818 2182 κτήμασιν
860 2108 1264 2181 ἐπιμαίνεσθαι,
1309 2109 1401 2162 καὶ
1451 2107 1735 2179 βούλεσθαι

162 2206 265 2265 τοῖς
291 2201 532 2273 παροῦσι
558 2202 629 2255 τὰ
667 2199 744 2272 μὴ
772 2199 1041 2272 προσόντα
1068 2198 1378 2253 συνάπτειν·
1405 2197 1561 2263 ἀλλὰ,
1591 2214 1737 2268 γενι-

162 2292 392 2366 κώτερον
448 2294 647 2360 εἰπεῖν,
710 2292 773 2345 τὸ
827 2291 923 2344 ἐπὶ
970 2290 1171 2354 παντὸς
1206 2289 1528 2362 πράγματος
1575 2287 1736 2342 πλέον

164 2388 295 2457 ἔχειν
332 2384 625 2455 βούλεσθαι
661 2381 756 2437 τοῦ
797 2380 1146 2453 όφειλομένου
1183 2382 1277 2435 καὶ
1319 2379 1720 2444 ἐπιϐάλλοντος.

164 2478 263 2532 Καὶ
282 2478 348 2549 δὴ
366 2476 530 2531 τοῦτο
553 2474 615 2528 τὸ
638 2473 1015 2546 πλημμέλημα
1039 2472 1254 2544 πρῶτος
1269 2470 1471 2526 ἔπαθεν
1502 2473 1530 2525 ὁ
1556 2470 1736 2525 διάϐο-

165 2570 267 2635 λος,
300 2569 647 2642 ἀρχάγγελος
673 2569 771 2640 μὲν
796 2565 872 2620 ὢν
900 2566 995 2620 καὶ
1021 2566 1111 2620 ἐπὶ
1136 2565 1242 2635 τῆς
1269 2564 1562 2636 καλλίστης
1589 2564 1735 2635 ζωῆς

167 2664 251 2716 καὶ
271 2663 483 2730 τάξεως
510 2658 869 2731 τεταγμένος,
891 2656 1183 2727 τυραννίδα
1210 2655 1267 2710 δέ
1300 2657 1395 2709 καὶ
1427 2655 1735 2708 ἐπανάστα-

168 2770 245 2810 σιν
270 2753 414 2809 κατά
446 2752 550 2823 τῆς
583 2751 837 2821 θεότητος
864 2749 1123 2819 ἐννοήσας
1155 2748 1184 2801 ὁ
1219 2746 1586 2819 ματαιόφρων·
1619 2739 1737 2799 εἶτα

166 2845 537 2918 καταϐληθεὶς,
570 2843 665 2903 καὶ
695 2844 776 2906 εἰς
808 2840 899 2895 τὸν
935 2840 1209 2912 περίγειον
1239 2837 1426 2892 τοῦτον
1461 2837 1601 2909 ἀέρα
1636 2853 1738 2890 κα-

168 2939 426 3005 ταπεσὼν,
462 2936 637 2999 κακὸς
684 2933 878 3003 γείτων
920 2931 1023 3003 ’τῆς
1068 2928 1340 3002 ἡμετέρας
1382 2928 1548 3000 ζωῆς.
1598 2925 1736 2982 Οὔτε

167 3030 287 3099 γοῦν
314 3028 639 3096 κατέλαϐεν,
673 3026 703 3080 ὃ
728 3025 969 3091 ἐδίωκεν,
998 3024 1098 3096 τὴν
1125 3024 1373 3095 θεότητα*
1408 3022 1503 3076 καὶ
1523 3019 1735 3076 ἀπώλε-

172 3139 271 3187 σεν,
310 3122 341 3176 δ
385 3121 673 3193 ἐκέκτητο,
743 3118 807 3172 τὸ
850 3116 1221 3217 άρχάγγελονῖ
1255 3115 1451 3217 δοῦ-λος
1475 3114 1732 3217 ,ἄπιστος
1761 3158 1804 3217 C

166 3219 275 3280 ταῖς
294 3214 441 3270 κατὰ
475 3212 671 3285 μικρὸν
707 3210 929 3282 τόλμαις
959 3210 1038 3273 είς
1069 3206 1269 3280 λῃστὴν
1303 3204 1554 3274 ἐξελθώψ
1588 3204 1733 3260 κύων

168 3307 251 3361 τοῦ
281 3309 414 3379 παρ’
448 3305 709 3375 Ἕλλησιν
745 3300 937 3374 μύθου,
976 3298 1189 3353 καὶτοῦ
1224 3297 1399 3372 κρέως
1428 3294 1730 3368 στερηθεὶς,

167 3400 253 3454 καὶ
285 3401 385 3472 τῆς
430 3398 592 3460 σκιᾶς
625 3395 687 3449 οὐ
722 3392 1077 3467 δραξάμενος,
1106 3389 1242 3463 (πῶς
1268 3387 1377 3460 γάρ
1391 3390 1432 3463 ;)
1462 3386 1735 3459 ἀκαταλήο

170 3510 289 3546 πτου
314 3492 663 3565 πράγματος.

228 3669 380 3723 Μετὰ
419 3665 610 3722 τοῦτον
640 3666 671 3718 ό
699 3660 915 3736 πρῶτος
948 3659 1233 3731 ἄνθρωπος
1265 3658 1346 3720 εἰς
1397 3655 1730 3728 ἡδυπάθειαν

167 3759 481 3825 δελεασθεὶς,
511 3754 939 3829 άπηγορευμένῃ
966 3751 1163 3824 βρώσει
1184 3750 1282 3822 τὴν
1308 3748 1605 3809 ἀθανασίαν
1634 3749 1733 3801 άπι-

170 3850 373 3905 ὡλεσεν’
401 3850 480 3915 ὼς
513 3846 688 3902 Ἦσαῦ
712 3844 937 3916 ὕστερον
962 3840 1050 3894 διὰ
1076 3839 1255 3910 φακὴν
1279 3837 1327 3870 ³⁸
1354 3836 1423 3890 τὰ
1457 3837 1731 3909 πρωτότο-

169 3960 251 3998 κα.
285 3943 396 3998 Καὶ
418 3915 534 4004 ’τὰς
567 3936 882 3998 διαλέκτους
918 3933 974 3986 δὲ
1006 3930 1228 3993 ταύτας,
1264 3929 1357 3983 καὶ
1405 3929 1503 3991 τὰς
1533 3928 1731 3993 πολλάς

173 4034 266 4086 τῶν
318 4028 630 4103 ἀνθρώπων
669 4025 873 4095 φωνάς,
923 4020 1061 4092 ἔρως
1113 4018 1205 4072 τοῦ
1246 4016 1487 4081 πλείονος
1528 4018 1607 4081 εἰς
1639 4016 1731 4070 τὸν

173 4124 268 4194 βίον
293 4126 615 4195 εἰσήγαγεν.
646 4118 710 4171 οι
735 4115 845 4186 γὰρ
868 4118 935 4186 τῇ
961 4111 1278 4183 ἁνθρωπικῇ
1307 4108 1531 4180 εὐθηνία
1560 4108 1730 4180 ὑπερ-

173 4220 519 4291 μαζήσαντες,
554 4210 715 4284 βατὸν
763 4207 820 4261 δὲ
863 4207 1074 4268 ἐαυτοῖς
1120 4201 1336 4257 ἔσεσθαι
1377 4201 1468 4253 τὸν
1504 4199 1731 4291 obpava

170 4287 648 4381 προσδοκήσαντες,
698 4300 795 4355 καὶ
840 4297 1048 4370 πύργον
1078 4295 1286 4364 γελοῖον
1330 4292 1423 4346 ἐπὶ⁵
1461 4290 1561 4362 τὴν
1582 4287 1732 4381 ἐκεί⁴

170 4380 246 4454 νου
277 4396 764 4474 ματαιοποιοῦντες
786 4390 1066 4451 ἀνάϐασιν,
1098 4381 1243 4440 οὗτοι
1268 4384 1393 4447 τοὺς
1415 4380 1730 4453 ὁμοφώνους

1847 556 2093 611 habentis
2113 555 2387 610 oculorum
2401 555 2579 625 jactus
2591 553 2912 625 obtutusque
2926 556 2972 590 ”
2983 596 2999 621 ,
3018 558 3272 627 aureique
3287 575 3417 615 cau-

1846 647 2045 701 delabri
2082 632 2167 702 cui
2203 646 2433 701 lucernae
2468 654 2674 714 septem
2707 645 2755 679 “
2788 662 2852 702 ac
2880 648 3141 703 olivarum
3178 650 3283 704 dno
3316 646 3417 704 sti-

1847 738 1986 806 pites
2020 737 2271 808 imposita
2291 745 2499 792 essent.
2529 735 2705 803 .Multa
2742 738 2991 807 deinceps
3034 739 3258 794 decursa
3290 748 3419 795 sunt

1846 828 2140 898 Scriptura:
2186 830 2325 896 loca,
2368 828 2698 883 abundantes
2732 830 2977 885 utilitatis
3007 834 3285 887 thesauros
3313 820 3451 887 ha-‘

1845 914 2046 983 bentia,
2086 920 2383 990 lubensque
2424 920 2629 991 singula
2676 921 3015 987 edisserens,
3053 925 3414 992 spiritualium

1845 1009 1997 1065 vobis
2032 1010 2387 1064 nundinarum
2446 1012 2747 1065 ubertatem
2795 1014 3171 1069 ostendissem.
3209 1014 3412 1070 Verum

1845 1112 1996 1168 urget
2030 1112 2087 1154 ut
2119 1103 2355 1156 debitum
2386 1101 2658 1156 exsolvam
2695 1102 2942 1158 hesterna
2981 1105 3067 1159 die
3103 1105 3243 1160 facta
3282 1121 3415 1176 pro-

1831 1191 2049 1245 missio.
2085 1190 2215 1245 Cum
2254 1193 2396 1246 enim
2429 1192 2611 1246 multis
2660 1194 3009 1262 cmpissemus
3039 1196 3319 1249 avaritiam
3348 1211 3413 1251 ac

1844 1279 2005 1334 alieni
2046 1278 2344 1349 improbam
2391 1279 2737 1347 cupiditatem
2789 1284 3082 1350 exagitare,
3137 1299 3236 1340 nec
3294 1282 3415 1353 ejus

1847 1370 1978 1424 satis
2009 1371 2299 1424 vanitatem
2335 1386 2397 1425 ac
2429 1370 2708 1426 stultitiam
2750 1373 2989 1428 licuisset
3018 1376 3318 1441 traducere,
3353 1368 3413 1432 in

1840 1463 1983 1518 hanc
2012 1462 2152 1517 diem
2186 1462 2642 1533 vituperationem
2692 1465 2809 1531 ejus
2858 1464 3162 1535 rejecimus.
3206 1468 3402 1536 Quam-

1840 1554 2022 1610 obrem
2052 1555 2248 1620 audite,
2277 1571 2340 1610 ac
2363 1557 2498 1625 aequi
2533 1556 2773 1612 veritatis
2798 1557 3152 1614 aestimatores
3176 1574 3237 1620 ac
3261 1561 3409 1630 judi-

1842 1663 1934 1703 ces
1962 1658 2154 1703 estote.
2186 1648 2302 1703 Non
2333 1648 2474 1703 enim
2505 1647 2571 1703 de
2602 1647 2816 1714 alienis,
2846 1649 2937 1704 sed
2961 1650 3026 1704 de
3053 1659 3230 1705 vestra
3266 1652 3411 1721 ipso-

1842 1755 1960 1795 rum
2022 1739 2196 1795 salute
2252 1740 2595 1808 disceptatis;
2646 1754 2708 1793 ac
2758 1740 3121 1795 damnatorios
3166 1754 3415 1809 quosque

1768 1811 1813 1867 Β
1839 1829 2076 1885 calculos
2100 1834 2358 1883 adversus
2392 1844 2562 1896 ream,
2586 1828 2654 1883 ab
2677 1828 2857 1883 anima
2888 1829 3125 1899 propria,
3155 1839 3411 1899 tanquam

1838 1932 1868 1972 a
1888 1918 2046 1973 domo
2078 1918 2162 1973 vel
2191 1919 2322 1973 urbe
2352 1918 2496 1972 illam
2523 1918 2820 1985 ejicientes,
2849 1921 3075 1988 quisque
3105 1919 3335 1975 mittitis.

1905 2009 2147 2064 Avaritia
2189 2009 2396 2079 itaque,
2445 2013 2637 2063 nedum
2690 2020 2775 2065 est
2810 2011 2998 2066 insana
3044 2014 3248 2082 argenti
3275 2013 3414 2069 alio-

1836 2114 2063 2169 rumque
2089 2101 2349 2175 bonorum
2398 2102 2692 2170 cupiditate
2748 2102 2907 2169 ferri,
2963 2101 3181 2175 jamque
3227 2105 3409 2161 habita

1776 2202 1779 2203 '
1836 2207 1900 2248 ac
1931 2193 2097 2247 nostri
2134 2191 2273 2246 facta
2308 2191 2469 2261 juris,
2500 2192 2619 2247 aliis
2653 2210 2757 2247 non
2807 2195 3005 2251 habitis
3054 2196 3192 2252 velle
3218 2211 3408 2252 cumuo

1834 2283 1978 2353 lare;
2014 2299 2197 2339 verum
2223 2284 2383 2339 etiam
2410 2286 2767 2341 universalius
2792 2287 3080 2355 loquendo,
3109 2289 3159 2342 in
3187 2304 3245 2345 re
3267 2303 3406 2360 qna-

1834 2373 1965 2429 libet
1995 2388 2159 2443 supra
2193 2387 2356 2442 quam
2385 2372 2672 2436 debeatur,
2712 2384 2804 2429 aut
2844 2377 2916 2431 sit
2956 2392 3275 2445 congruum,
3308 2394 3406 2433 cu-

1835 2465 2045 2535 piditati
2077 2466 2395 2519 concedere.
2440 2464 2518 2519 Ac
2546 2466 2763 2535 quidem
2812 2466 2912 2522 hoc
2962 2470 3167 2537 primus
3199 2471 3406 2539 peccati

1834 2557 2026 2612 morbo
2059 2554 2306 2611 diabolus
2334 2555 2638 2611 laboravit:
2684 2559 2881 2628 quippe
2935 2558 3403 2627 praeclarissimam

1836 2646 2142 2719 archangeli
2167 2648 2477 2718 dignitatem
2494 2657 2656 2718 atque
2670 2651 2913 2705 ordinem
2931 2652 3202 2717 obtinens,
3221 2661 3409 2723 tyran-

1835 2740 2014 2795 nidem
2036 2755 2101 2795 ac
2134 2738 2485 2795 rebellionem
2519 2740 2777 2797 adversus
2802 2742 3054 2797 deitatem
3089 2743 3301 2798 molitus
3321 2753 3409 2798 est

1835 2831 2078 2895 demens,
2113 2840 2347 2901 moxque
2369 2833 2423 2888 in
2450 2848 2629 2891 aerem
2649 2835 2964 2889 huncterraa
2980 2836 3277 2903 proximum
3307 2836 3408 2890 de-

1834 2922 2102 2984 turbatus,
2128 2922 2301 2979 malus
2334 2924 2491 2980 nobis
2533 2939 2596 2980 ac
2646 2925 2768 2980 vitae
2810 2934 3006 2980 nostra:
3039 2923 3245 2980 vicinus
3273 2923 3407 2980 elle-

1836 3024 1956 3069 ctus
1982 3023 2067 3068 est
2092 3032 2107 3069 :
2131 3020 2294 3084 atque
2317 3015 2471 3079 adeo,
2502 3031 2603 3071 nec
2639 3016 2991 3083 divinitatem,
3019 3030 3182 3086 quam
3216 3026 3404 3087 capta-

1836 3104 1951 3170 bat,
1979 3106 2202 3174 adeptus
2223 3115 2329 3170 est,
2363 3117 2419 3162 et
2453 3107 2712 3162 honorem
2740 3092 3069 3179 archangeli,
3094 3122 3201 3178 quo
3232 3109 3408 3181 fulge-

1835 3195 1946 3261 bat,
1972 3196 2184 3264 amisit,
2223 3198 2363 3252 servi
2393 3197 2566 3253 instar
2594 3197 2761 3261 inlidi,
2808 3197 2898 3267 qui
2937 3198 3236 3254 temerariis
3258 3201 3408 3256 ausis

1835 3287 1887 3342 in
1914 3288 2171 3343 latronem
2208 3287 2465 3360 paulatim
2495 3290 2695 3354 evasit,
2734 3304 2798 3345 ac
2833 3289 2987 3344 canis
3014 3289 3155 3345 illius
3192 3291 3243 3344 in
3274 3306 3407 3362 geu-

1833 3379 2006 3434 tilium
2038 3379 2363 3449 fabulis,qui
2396 3390 2451 3436 et
2489 3394 2707 3435 carnem
2748 3381 2997 3448 perdidit,
3027 3396 3126 3436 nec
3153 3383 3402 3437 umbram

1832 3472 2204 3542 apprehendit.
2229 3471 2330 3539 Qui
2363 3471 2507 3527 enim
2535 3472 2748 3526 inanem
2779 3487 2890 3527 rem
2915 3486 2978 3527 ac
2994 3472 3225 3527 nesciam
3254 3488 3405 3529 com-

1830 3563 2127 3635 prehendi?
3226 3578 3229 3579 '

1900 3654 2031 3711 Post
2051 3657 2191 3711 hunc
2207 3654 2413 3727 primus
2435 3656 2595 3710 homo
2625 3655 2814 3711 vitiosa
2837 3654 3106 3725 voluptate
3121 3653 3399 3725 pellectus,
3444 3676 3454 3691 -

1831 3746 1934 3801 cibi
1961 3747 2109 3802 vetiti
2155 3748 2589 3817 praesumptione,
2626 3745 3078 3802 immortalitatem
3108 3746 3289 3803 amisit
3330 3744 3400 3815 “,

1832 3839 1968 3893 sicut
1994 3852 2177 3906 posuea
2205 3837 2344 3892 Esau
2366 3838 2453 3906 jus
2470 3839 2901 3909 primogenitum
2932 3849 3149 3910 propter
3170 3840 3399 3898 lenticu-

1831 3929 2149 4002 latn“(22).
2189 3931 2293 3985 Sed
2315 3940 2369 3986 et
2393 3932 2784 3987 multitudinem
2829 3934 2967 3987 hanc
3000 3932 3301 4005 linguarum
3344 3942 3403 3991 et

1833 4023 2148 4078 idiomatum
2181 4024 2534 4078 immoderata
2575 4025 2838 4095 cupiditas
2876 4026 2926 4079 in
2971 4026 3111 4080 hanc
3133 4027 3291 4080 vitam
3320 4027 3403 4082 iu-

1831 4114 1997 4167 vesit.
2027 4112 2126 4178 Qui
2166 4112 2309 4167 enim
2343 4110 2596 4168 felicitate
2644 4113 2805 4166 nimia
2858 4112 3227 4178 lascivientes,
3277 4130 3400 4168 cum

1831 4203 2076 4275 pervium
2119 4203 2217 4259 sibi
2247 4203 2439 4258 cuilum
2484 4203 2598 4258 lore
2627 4204 3002 4269 credidissent,
3037 4204 3310 4261 ridendam
3334 4209 3400 4262 ad

1832 4295 1947 4364 ejus
1993 4311 2273 4351 ascensum
2319 4297 2506 4351 turrim
2569 4298 2620 4351 in
2679 4313 2894 4353 cassum
2951 4298 3116 4351 moliti
3157 4310 3303 4361 sunt,
3364 4299 3400 4355 ii

1832 4402 1930 4457 pro
1950 4388 2213 4443 se'rmonis
2240 4404 2343 4442 una
2373 4390 2745 4454 consensione,
2767 4389 2961 4444 diversi
2997 4390 3284 4444 humanum
3310 4405 3403 4459 ge-

170 4462 494 4565 ἀνθρώπους,
533 4483 966 4559 ἐτερογλώσσους
1009 4478 1291 4548 ἐποίησαν·
1331 4475 1424 4529 καὶ
1452 4472 1512 4527 τὸ
1546 4472 1726 4538 πλέον,

1840 4494 1932 4532 nus
1955 4462 2147 4547 eldquii
2186 4478 2462 4545 fecerunt;
2496 4480 2829 4549 ampliusque
2883 4478 3082 4549 aliquid
3129 4484 3403 4536 concessis

170 4580 221 4639 οὗ
251 4583 417 4658 εἶχον,
464 4579 778 4653 ζητοῦντες,
817 4572 969 4631 αὐτοί
1011 4589 1072 4626 τε
1113 4567 1499 4640 συνεχέθησαν,
1527 4565 1621 4619 καὶ
1656 4567 1733 4635 τῷ

173 4679 297 4747 γένει
348 4677 464 4731 τῶν
513 4670 815 4744 ἀνθρώπων
856 4666 1144 4722 κατέλιπον
1185 4663 1415 4731 κάμνειν
1460 4660 1518 4712 ἐν
1544 4658 1736 4721 ἀκοαῖς

172 4769 385 4842 ἀσήμων
406 4764 604 4837 φωνῶν
632 4762 728 4816 καὶ
750 4757 1053 4833 ἐρμηνειῶν
1076 4755 1321 4828 ζητήσει.

227 4946 287 5000 Τί
314 4946 375 4999 δέ
407 4945 437 4998 ὁ
470 4938 702 5014 Φαραώς
743 4936 913 4991 Πόθεν
944 4934 1065 4996 ταῖς
1100 4926 1385 4998 διαφοραῖς
1426 4924 1535 5015 καὶῒ
1558 4922 1738 4976 ποικί-

172 5034 270 5106 λαις
314 5035 616 5110 περιέπεσε
651 5027 941 5105 μάστιξινς
974 5026 1037 5080 οὐ
1067 5023 1154 5078 διὰ
1177 5017 1511 5085 πλεονεξίαν,
1542 5015 1637 5067 καὶ
1667 5016 1731 5070 τὺ

231 5179 271 5213 ³⁸
299 5178 427 5235 Vat.
451 5185 508 5231 et
543 5172 654 5228 Sir.
717 5168 908 5238 φακόν.

172 5248 357 5307 “Gen.
384 5263 468 5314 ιι,
501 5247 525 5301 l
566 5256 688 5314 sqq.
730 5236 812 5271 λδ
839 5236 1009 5293 Exod.
1042 5245 1258 5289 vni-xw

173 5381 279 5422 vero
327 5379 453 5421 cum
503 5350 1095 5430 DominieumAaliquod
1146 5347 1615 5430 festummgitur,‘
1663 5363 1728 5430 ac

176 5421 307 5503 cujus
335 5442 708 5503 sacramenta,
734 5428 818 5480 vel
852 5421 1035 5503 ﬁgura;
1067 5421 1521 5503 praecesserintnin
1539 5421 1728 5503 veteri,

174 5487 591 5577 iéi'ﬁrébitenae,
623 5487 735 5577 lloc
759 5487 1295 5577 ergp'ord‘in'electus
1311 5487 1727 5577 εοιφδεζιξςξεε

173 5558 307 5633 itinera
332 5558 613 5646 panegyri,
644 5558 852 5646 iri-qua.
865 5567 978 5646 haec
995 5559 1465 5646 Asteriusoravit.
1498 5558 1730 5646 Yidean:

174 5630 406 5702 ω(νὲτο
439 5630 544 5700 ἰδ’ἱὶ
579 5630 850 5709 respicere
878 5634 1017 5690 festa
1044 5630 1332 5694 Natalitia,
1379 5630 1592 5684 tametsi
1644 5643 1731 5683 res

173 5715 382 5773 Obsclﬂ’l
406 5725 512 5771 est.
760 5778 763 5779 ν
842 5776 851 5779 _
1014 5771 1049 5779 _
1451 5767 1463 5779 .

227 5764 607 5857 -Ιῖἶοριετ
639 5776 962 5857 lenticulam:
1014 5767 1587 5857 Ducaeusgcorrrgit‘ex
1606 5764 1732 5857 ἕξ.

179 5840 333 5916 ticali;
359 5867 417 5915 et
454 5840 626 5912 Sirm.
653 5849 776 5903 ἀντὶ.
819 5843 1024 5915 φακῆν,
1059 5840 1264 5911 φακόν
1297 5853 1418 5910 quae
1460 5852 1566 5894 una
1606 5850 1731 5904 vox,

1001 5163 1236 5218 “Zach.
1298 5172 1382 5228 ut,
1431 5157 1487 5215 9.
1563 5160 1610 5195 δ’
1640 5160 1808 5220 Zach.

1829 4568 2029 4625 habere
2063 4580 2389 4639 quaerentes,
2441 4580 2550 4624 tum
2594 4570 2691 4640 ipsi
2721 4570 2942 4625 cohibiti
2989 4579 3114 4625 sunt
3140 4587 3203 4625 ac
3248 4586 3404 4625 coer-

1832 4659 1945 4725 citi,
1980 4672 2089 4713 tutn
2129 4661 2373 4714 humana:
2398 4661 2541 4731 genti
2575 4661 2871 4715 molestiam
2895 4676 2961 4715 ex
2993 4676 3180 4716 vocum
3204 4664 3403 4734 obscu-

1830 4765 2013 4805 rarum
2045 4752 2341 4819 auditione,
2374 4753 2876 4825 interpretandique
2899 4753 3135 4807 laborem
3168 4753 3407 4823 relique-

1833 4855 1959 4901 runt
1995 4847 2060 4900 ⁸³.

1899 4938 2019 4995 Jam
2069 4956 2196 4996 vero
2231 4940 2481 5007 Pharao,
2528 4954 2694 5010 quare
2745 4939 2799 4995 in
2839 4948 2986 4993 tanta
3033 4939 3219 5009 sicque
3250 4940 3403 4995 varia

1830 5029 2036 5103 ﬂagella
2084 5035 2310 5090 incurrit
2338 5032 2425 5087 “2
2460 5033 2648 5088 Nonne
2697 5046 2859 5087 avara
2903 5047 2966 5087 ac
3006 5031 3127 5103 plus
3170 5030 3406 5087 habendi

1839 5182 1915 5233 tv,
1952 5168 2007 5223 2.
2084 5167 2129 5201 δι
2178 5167 2313 5225 Gen.
2351 5183 2435 5234 nt,
2484 5170 2512 5224 l
2550 5183 2672 5239 sqq.
2735 5167 2780 5199 “
2809 5166 2949 5223 Gen.
3000 5166 3225 5233 xxv,29
3277 5182 3405 5239 sqq.

1834 5350 2100 5421 duplicem
2130 5350 2274 5405 illam
2291 5348 2455 5423 LXX,
2487 5349 2678 5423 ἕψημα
2708 5348 2906 5423 φακοῦο
2948 5348 3137 5405 lentem
3178 5358 3401 5423 cperam,

1834 5418 1952 5484 seu,
1983 5422 2306 5492 pulmentum
2333 5436 2397 5475 ex
2424 5418 2667 5484 (antibat,
2709 5418 2999 5545 signiﬁcat,
3049 5433 3153 5473 non
3200 5418 3400 5472 lentem

1834 5492 2095 5545 absolute.
2135 5494 2276 5545 auod
2319 5493 2486 5545 manis
2528 5492 2686 5545 habet
2727 5508 2758 5545 τ
2832 5491 3020 5545 φακός.
3068 5487 3159 5543 Sic
3199 5488 3401 5545 passim

1832 5492 2095 5557 absolute,
2135 5494 2276 5560 quod
2319 5493 2486 5560 magis
2528 5492 2686 5546 habet
2727 5492 2788 5545 τὸ
2832 5492 3020 5561 φακός.
3068 5492 3159 5543 Sic
3199 5492 3401 5556 passim

1832 5562 2097 5634 ἐκφράςει
2125 5560 2743 5638 _Asterius,_elegantius
2780 5566 3006 5616 reddens
3036 5561 3196 5638 verba
3222 5572 3401 5638 sacra.

1833 5629 1955 5709 aut
1986 5632 2199 5709 paucis_
2228 5629 2551 5709 cultissime'
2576 5641 2968 5699 repraesentans
2987 5700 2999 5709 _
3022 5629 3165 5709 quod
3216 5629 3349 5709 _velit
3369 5642 3399 5709 _:

1833 5696 2089 5829 πάρεργα
2146 5702 2236 5759 hic
2297 5702 2364 5759 de
2427 5696 2698 5758 pulmento
2721 5741 2738 5771 ,
2796 5710 2853 5759 et
2912 5696 3270 5772 pulmentario
3332 5696 3401 5750 al:

1832 5788 1899 5831 eo
1937 5788 2043 5828 em.
