3820 6306
435 309 534 368 199

1691 308 1752 363 S.
1788 303 2066 362 ASTERH
2104 307 2412 368 AMASENI

3579 309 3703 368 200

435 429 744 501 cup.ditate.
774 428 1060 498 studioque
1099 423 1413 481 dominandi
1452 423 1740 494 peregrino
1781 423 1998 496 p0pttl0,

2117 427 2393 499 βούλεσθαι
2425 427 2612 501 κύριος
2634 424 2773 484 εἶναι
2799 429 2952 498 ξένου
2976 429 3106 486 λαοῦ
3153 429 3248 484 καὶ
3279 427 3593 503 μηδαμόθεν
3622 431 3700 499 τῇ

433 522 524 592 qui
548 522 615 576 ad
641 521 756 590 ejus
803 519 936 573 nihil
972 517 1256 588 imperium
1288 515 1594 585 Spectaret?
1640 515 1774 570 Hinc
1804 515 2004 569 factum

433 626 540 682 est,
575 624 652 679 ut,
679 630 800 669 eum
833 613 1038 667 alienos
1065 625 1171 666 non
1197 609 1513 675 dimitteret,
1539 624 1664 665 suos
1688 607 2005 680 perdiderit,

435 722 538 775 qua
570 717 750 774 strage
777 701 1281 774 primogenitorutn,
1314 715 1418 769 qua
1453 701 1617 755 maris
1653 701 1843 754 itinere
1880 715 2006 768 per-

435 801 709 855 secutione
745 799 994 853 abeuntis
1017 795 1220 866 populi.
1253 792 1459 850 Omitto
1491 796 1629 849 enim
1662 794 1857 849 fluenta
1881 811 2007 848 san-

435 894 628 962 guinea
649 933 663 957 ,
689 907 937 945 ranarum
973 891 1235 944 infinitam
1269 888 1542 954 sobolem,
1575 887 1762 942 bruchi
1813 896 2006 942 tetram

437 984 611 1048 luem,
663 983 1002 1052 pustularutn
1045 997 1108 1036 ac
1154 982 1470 1052 papularum
1522 979 1715 1035 fmdatn
1765 980 2006 1049 eruptio-

436 1091 557 1128 nem
584 1113 596 1137 ,
627 1073 1033 1142 quadrupedum
1067 1087 1287 1135 necem,
1321 1081 1675 1139 caeteramque
1707 1069 1912 1124 cladem
1944 1077 2008 1122 “ac

437 1178 661 1234 pestem,
681 1181 783 1233 qua
813 1163 1098 1234 lEgyptus,
1131 1163 1200 1215 ob
1223 1163 1480 1231 principis
1509 1161 1787 1214 avaritiam
1812 1161 2009 1229 impre.

436 1257 665 1325 bamque
688 1256 846 1309 alieni
867 1255 1238 1323 cupiditatem,
1266 1253 1518 1305 damnata
1573 1252 1690 1304 fuit.
1725 1249 1863 1303 Alibi
1887 1265 2010 1303 rur-

435 1359 574 1410 Sum,
602 1348 739 1400 mala
767 1348 867 1399 hoc
891 1345 1070 1400 scabie
1097 1359 1158 1397 ac
1185 1344 1359 1410 Spissa
1385 1343 1529 1412 lepra
1574 1341 1901 1395 vindicatum
1929 1341 2012 1394 di-

438 1441 564 1493 dici.
597 1438 656 1491 Et
685 1438 838 1507 juxta
870 1451 1079 1488 mecum
1113 1434 1201 1488 hic
1235 1433 1539 1498 recordare,
1567 1431 1809 1501 quisquis
1832 1432 2004 1486 histo-

440 1533 572 1584 riam
601 1543 772 1591 amas,
812 1542 875 1580 ac
917 1526 1077 1580 Elisei
1115 1525 1373 1594 prazclara
1401 1525 1535 1578 facta
1567 1523 1794 1578 libenter
1820 1524 1970 1578 audis
1990 1565 2005 1590 ,

439 1619 891 1690 quemadmodum
945 1616 1183 1670 Naaman
1240 1616 1329 1670 ille
1378 1615 1578 1686 Syrus,
1633 1623 1917 1683 postquam
1957 1614 2009 1668 in

436 1711 665 1770 Jordane
690 1710 930 1776 lavisset,
967 1725 995 1762 a
1031 1709 1177 1778 lepra
1211 1707 1374 1762 fuerit
1400 1707 1658 1761 liberatus
1684 1707 1762 1759 ιδε
1797 1713 2011 1760 contra-

2106 521 2313 575 ἐκείνου
2360 521 2602 594 βασιλείᾳ
2645 524 3046 594 προσήκοντος;
3079 524 3188 578 Καὶ
3217 523 3306 578 διὰ
3341 522 3521 584 τοῦτο,
3558 523 3703 586 τοὺς

2107 608 2416 681 ἀλλοτρίους
2471 611 2571 664 οὐκ
2617 611 2796 680 ἀφεὶς,
2844 614 2969 688 τοὺς
3013 612 3171 678 ἰδίους
3212 613 3508 668 ἀπώλεσεν·
3559 613 3702 676 τοὺς

2110 701 2209 772 μὲν
2235 705 2292 756 ἐν
2322 703 2505 774 πληγῇ
2539 703 2647 757 τῶν
2680 707 3056 776 πρωτοτόκων·
3093 708 3218 770 τοὺς
3250 707 3330 771 δὲ,
3370 709 3428 761 ὲν
3457 709 3524 778 τῇ
3562 705 3702 760 διώ-

2109 793 2188 858 ξει
2223 798 2288 866 τῇ
2315 795 2458 849 κατά
2489 795 2781 851 Θάλασσαν.
2820 797 3041 869 Ἀφίημι
3073 798 3178 867 γὰρ
3206 800 3480 870 ποταμοὺς
3505 800 3591 862 εἰς
3612 793 3703 852 αἶα

2110 904 2188 958 μα
2247 888 2498 958 ῥυέντας,
2555 889 2649 942 καὶ
2695 889 2981 960 βατράχων
3038 889 3265 944 ἄπλετον
3311 890 3546 958 γένεσιν,
3593 888 3701 941 καὶ

2109 979 2338 1052 βρούχου
2370 981 2570 1054 λύμην,
2604 983 2697 1034 καὶ
2726 982 3064 1052 φλυκταινῶν
3101 983 3405 1054 ὲξάνθησιν,
3446 983 3542 1036 καὶ
3578 982 3700 1036 τῶν

2107 1073 2446 1144 τετραπόδων
2479 1074 2568 1128 τὸν
2593 1074 2840 1139 θάνατον,
2871 1074 2966 1127 καὶ
2994 1075 3172 1128 πᾶσαν
3211 1075 3308 1146 τὴν
3349 1075 3594 1128 κάκωσιν
3619 1074 3699 1146 ἢν

2108 1161 2380 1230 Αἴγυπτος
2427 1162 2784 1234 κατεδικάσθη
2839 1162 2927 1216 διὰ
2966 1163 3064 1235 τὴν
3112 1163 3421 1228 πλεονεξίαν
3457 1163 3554 1216 τοῦ
3592 1165 3700 1234 ἄρ·

2108 1270 2312 1322 χοντος.
2359 1252 2614 1323 Ἀλλαχοῦ
2645 1252 2801 1306 πάλιν
2834 1253 2984 1316 τέλος
3012 1255 3109 1324 τῆς
3136 1255 3406 1325 ἁμαρτίας
3443 1255 3699 1325 κατέμα-

2110 1345 2220 1408 θον,
2254 1343 2458 1415 λέπραν
2486 1344 2676 1416 ἀθρόον
2710 1344 2787 1416 τῷ
2816 1345 3112 1418 πλεονέκτῃ
3145 1347 3544 1418 περιχυθεῖσαν.
3574 1347 3697 1402 Καί

2113 1453 2201 1506 μοι
2252 1436 2831 1508 συνδιαμνημόνευσον,
2873 1438 2928 1490 εί
2959 1457 3042 1502 τις
3085 1439 3395 1512 φιλοῖστωρ,
3441 1439 3534 1494 καὶ
3578 1441 3697 1494 τῶν

2111 1527 2547 1598 κατορθωμάτων
2587 1529 2889 1583 Ἐλισσαίου
2923 1531 3196 1601 φιλήκοος,
3224 1533 3370 1596 ὅπως
3401 1533 3498 1603 μὲν
3523 1534 3554 1587 ό
3587 1533 3698 1586 Σύ-

2112 1634 2204 1688 ρος
2241 1619 2489 1688 Νεαιμάν
2523 1619 2856 1692 ἐκαθαρίσθη
2885 1621 2984 1692 τῆς
3022 1621 3247 1693 λέπρας,
3281 1624 3338 1676 ὲν
3369 1623 3446 1695 τῷ
3483 1625 3694 1697 Ἰορδά-

2113 1723 2178 1780 νῃ
2204 1707 2556 1779 λουσάμενος·
2590 1711 2737 1776 ὅπως
2764 1712 2820 1765 δὲ
2865 1712 3125 1783 μετῆλθεν
3151 1713 3211 1766 τὸ
3250 1715 3418 1779 πάθος
3456 1717 3534 1778 εἰς
3570 1716 3699 1769 Γιε-

439 1821 544 1875 que
606 1821 668 1860 ea
729 1800 1014 1872 correptus
1072 1817 1201 1871 puer
1236 1800 1421 1866 Giezi,
1457 1815 1651 1853 avarus
1705 1798 2013 1853 adolescens

2117 1797 2198 1862 ζεῖ
2218 1799 2276 1852 τὸ
2310 1801 2612 1872 παιδάριον,
2643 1805 2921 1858 νεανίσκον
2951 1803 3278 1876 πλεονέκτην
3307 1807 3400 1860 καὶ
3426 1806 3698 1875 ἀφιλόσο-

441 1915 538 1954 nec
564 1899 834 1952 studiosus
854 1938 870 1963 ,
899 1896 990 1966 qui
1023 1879 1322 1965 spiritalem
1367 1893 1595 1962 gratiam
1623 1890 2016 1960 gratuitamque

439 1987 676 2041 doctoris
705 1985 964 2040 medelam
1025 1984 1195 2054 pretio
1233 1984 1545 2037 ventitarat.
1595 1981 1734 2048 Quid
1785 1979 2011 2034 Absalo-

441 2090 584 2140 nem,
611 2074 878 2128 mitissimi
914 2075 1084 2144 patris
1131 2073 1362 2129 ferocem
1413 2073 1784 2140 audacemque
1817 2071 2007 2129 filium.

441 2171 506 2222 ad
522 2168 864 2237 parricidiqu
879 2167 1058 2236 adegit
1079 2166 1163 2219 “1'
1189 2164 1375 2220 Nonne
1398 2163 1775 2232 intempestiva
1805 2175 2016 2215 succes-

396 2330 400 2334 ι
441 2260 610 2314 sionis
651 2260 828 2325 regize,
861 2259 1145 2326 alienaque
1171 2257 1454 2310 invadendi
1489 2253 1882 2322 aediripieudi
1914 2267 2013 2306 cu-

443 2351 678 2420 piditas?
713 2350 851 2416 Quid
887 2348 1078 2403 Judam
1130 2363 1160 2403 e
1199 2347 1442 2415 catalogo
1496 2345 1888 2414 discipulorum
1915 2357 2016 2397 ex-

443 2441 654 2510 puuxit,
701 2455 874 2508 exque
931 2437 1175 2508 apostolo
1238 2439 1566 2505 proditorem
1626 2434 1782 2488 fecit?
1832 2432 2016 2486 Nonne

449 2549 570 2588 cum
606 2533 971 2604 gazopltylacii
995 2531 1158 2585 infida
1192 2527 1608 2589 administratio,
1644 2535 1752 2579 tum
1786 2525 2014 2594 pretium

445 2626 662 2690 infame,
695 2635 749 2678 et
779 2624 1120 2677 denariorum
1157 2623 1360 2690 aliquot
1396 2619 1780 2689 propudiosqu
1827 2626 2015 2692 aucto-

443 2727 742 2771 ramentum
786 2715 868 2767 “?
908 2715 1130 2768 Ananiae
1161 2713 1390 2780 denique
1420 2720 1474 2765 et
1526 2707 1804 2780 Sappltirte
1851 2707 2017 2760 tristis

443 2808 582 2861 ttnde
620 2816 675 2860 et
722 2806 954 2876 tragicus
1009 2806 1060 2858 itt
1114 2805 1261 2858 Actis
1305 2801 1669 2872 apostolorum
1721 2800 1898 2853 exitus
1930 2799 2016 2853 ’δεῖ

446 2899 632 2953 Nonne
657 2899 779 2966 quia
825 2912 1045 2950 suarum
1094 2911 1154 2950 se
1185 2895 1326 2950 furto
1361 2909 1562 2958 rerum,
1594 2907 1655 2945 ac
1678 2892 2014 2959 propriorum

443 2990 785 3044 denariorum
828 2985 1112 3057 sacrilegio
1138 2982 1636 3039 contaminassent?
1681 2981 1899 3035 Deficiet
1933 2994 2016 3034 me

444 3083 578 3141 dies.
613 3082 658 3134 si
696 3078 972 3134 ministros
997 3088 1052 3132 et
1082 3076 1346 3145 mancipia
1381 3075 1624 3128 avaritia:
1672 3073 2016 3127 dinumerare

445 3189 684 3243 pergam.
723 3170 882 3225 Missa
924 3171 1106 3239 itaque
1152 3167 1318 3222 veteri
1366 3165 1609 3230 historia,
1645 3164 2014 3235 quotidianam

448 3264 569 3317 vita:
591 3259 974 3331 experientiam
1013 3259 1426 3327 interrogemus,
1457 3255 1757 3326 eujusmodi
1800 3253 1914 3308 fera
1945 3255 2017 3309 sit

447 3354 670 3408 avaritia
694 3393 709 3417 ,
741 3367 805 3406 ac
839 3366 999 3421 qualn
1049 3364 1207 3420 aegre,
1239 3363 1376 3418 quos
1425 3345 1590 3402 semel
1653 3345 2015 3415 prehenderit,

445 3443 584 3498 elabi
610 3443 788 3508 sinat;
813 3453 872 3496 ut
896 3451 1084 3510 vegeta
1105 3454 1318 3509 semper
1337 3448 1500 3507 atque
1525 3437 1719 3501 valida,
1744 3451 2016 3505 nunquam

446 3533 755 3588 debilitetur
783 3547 846 3586 ac
877 3532 1128 3597 deticiat;
1163 3531 1258 3584 sed
1277 3545 1396 3584 cum
1425 3529 1509 3592 iis,
1544 3543 1681 3598 quos
1713 3527 1815 3583 sibi
1839 3527 2020 3596 subje-

445 3625 602 3690 cerit,
627 3631 982 3678 consenescat
1013 3632 1174 3690 atque
1211 3628 1490 3689 perennet.

518 3715 858 3769 Libidinosus
905 3727 969 3766 ac
999 3726 1285 3782 corporum
1322 3718 1534 3762 amator
1587 3707 1800 3763 tametsi
1858 3707 2018 3778 longo

447 3806 728 3862 insanierit
761 3816 1002 3873 tempore
1049 3804 1380 3871 voluptatum
1431 3813 1596 3874 ostro,
1626 3801 1886 3872 percitus,
1929 3800 2017 3854 ubi

451 3907 630 3950 tamen
655 3895 736 3949 vel
771 3896 884 3964 ipse
928 3894 1130 3949 seniles
1181 3893 1356 3962 attigit
1398 3907 1587 3955 annos,
1633 3891 1716 3946 vel
1747 3907 1904 3959 quam
1929 3891 2020 3945 de-

447 3988 628 4058 periit,
661 3987 925 4040 cxoletam
957 4000 1020 4039 ac
1070 3983 1218 4038 ﬂoris
1251 3984 1504 4038 exstincti
1537 3983 1702 4047 videt,
1746 3981 2018 4037 remissio-

449 4093 568 4132 nem
599 4079 810 4130 tandem
864 4076 1134 4143 finemque
1183 4076 1353 4130 morbi
1402 4075 1623 4128 invenit.
1681 4073 1932 4137 Gulosus,
1963 4081 2019 4126 et

449 4171 562 4239 ipse
589 4185 617 4222 a
650 4169 850 4223 ventris
873 4168 1236 4237 voluptatibus
1270 4167 1492 4229 recedit,
1519 4167 1632 4222 sive
1671 4168 1884 4236 quando
1903 4165 2014 4236 jam

447 4276 569 4314 eum
601 4260 826 4314 satietas
852 4259 1016 4326 cepit,
1045 4258 1158 4312 sive
1205 4272 1324 4311 cum
1350 4259 1685 4320 stomachus,
1725 4271 1788 4309 ac
1837 4267 2017 4325 partes

449 4349 572 4413 illtc,
621 4350 814 4418 quibus
843 4349 926 4402 vis
971 4364 1032 4402 ac
1077 4362 1269 4400 munus
1313 4345 1682 4414 concoquendi
1733 4344 2012 4407 incumbit,

2112 1905 2230 1956 φον,
2300 1891 2666 1960 πνευματικὸν
2731 1892 3058 1964 πωλήσαντα
3109 1893 3372 1964 χάρισμα,
3431 1892 3526 1945 καὶ
3588 1891 3696 1962 τὴν

2112 1978 2338 2048 ἄμισθον
2383 1981 2620 2052 ἰατρείαν
2649 1980 2742 2034 τοῦ
2771 1981 3110 2036 διδασκάλου.
3150 1981 3316 2034 Πόθεν
3351 1982 3380 2034 ό
3424 1982 3696 2037 Ἀϐεσσαο

2112 2069 2232 2140 λὼμ
2291 2072 2623 2142 πατραλοίας
2688 2073 2941 2140 ἐγένετο,
3000 2074 3028 2125 ό
3080 2070 3173 2125 τοῦ
3245 2072 3419 2144 πράου
3481 2073 3694 2146 πατρὸς

2114 2161 2458 2234 φλεγμαίνων
2499 2165 2591 2218 καὶ
2631 2163 2837 2235 θρασὺς
2892 2164 3208 2228 νεανίσκος;
3256 2164 3316 2217 οὐ
3345 2164 3450 2236 πρὸ
3491 2163 3693 2235 καιροῦ

2112 2250 2354 2324 ζητήσας
2407 2254 2504 2324 τὴν
2541 2253 2904 2325 κληρονομίαν
2941 2255 3041 2324 τῆς
3093 2253 3386 2324 βασιλείας,
3430 2254 3698 2326 ἐπιπηδή-

2116 2362 2209 2408 σας
2240 2346 2294 2398 δὲ
2316 2349 2426 2409 τοῖς
2459 2345 2776 2417 ἀλλοτρίοις,
2803 2346 2878 2410 ὠς
2911 2346 3124 2418 άρπαξ;
3154 2348 3256 2400 Τὸν
3291 2347 3484 2401 Ἰούδαν
3505 2346 3564 2399 δὲ
3587 2348 3696 2400 πά-

2113 2436 2215 2500 λιν,
2245 2437 2295 2490 τί
2324 2438 2418 2490 τοῦ
2447 2439 2743 2506 καταλόγου
2773 2439 2880 2492 τῶν
2907 2438 3164 2510 μαθητῶν
3191 2439 3462 2504 ἐξέϐαλεν,
3499 2440 3694 2511 ἐποίη-

2115 2543 2203 2578 σεν
2226 2527 2280 2580 δὲ
2309 2528 2569 2599 προδότην
2592 2529 2705 2582 ἀντ’
2729 2530 3058 2596 ἀποστόλου;
3101 2531 3162 2584 οὐ
3187 2531 3246 2584 τὸ
3268 2531 3689 2602 γαζοφυλάκιον,

2114 2617 2328 2690 πρῶτον
2373 2619 2881 2691 ρᾳδιουργούμενον,
2912 2618 3026 2675 εἶτα
3055 2625 3086 2695 ἡ
3122 2624 3312 2694 κτῆσις
3349 2627 3446 2696 τῆς
3489 2624 3692 2695 ἀτίμου

2113 2710 2312 2780 τιμῆς;
2350 2711 2596 2764 Ἀνανίαν
2631 2713 2724 2765 καὶ
2759 2713 3072 2785 Σάπφειραν
3111 2713 3200 2766 διὰ
3232 2713 3282 2766 τί
3316 2713 3702 2785 τραγῳδοῦσιν

2113 2800 2221 2854 τῶν
2253 2802 2565 2858 ἀποστόλων
2621 2805 2675 2857 αἱ
2719 2804 2984 2874 Πράξεις;
3033 2807 3133 2858 οὐκ
3179 2806 3364 2879 ἐπειδὴ
3404 2807 3511 2859 τῶν
3543 2807 3697 2861 ἰδίνδ

2114 2894 2360 2962 ἐγένοντο
2385 2896 2633 2961 κλέπται,
2664 2898 2756 2950 καὶ
2788 2896 2894 2950 τῶν
2920 2897 3132 2951 οἰκείων
3167 2898 3527 2970 ἀναθημάτων
3555 2900 3695 2972 ἱερό-

2117 2986 2305 3052 συλοι;
2352 2988 2651 3058 Ἐπιλείψει
2699 3005 2766 3059 με
2812 2988 2951 3058 τάχα
2988 2989 3081 3042 καὶ
3125 2990 3157 3060 ἡ
3197 2991 3376 3062 ἡμέρα
3413 2989 3538 3055 τοὺς
3589 2992 3695 3062 τῆς

2043 3117 2088 3178 C
2117 3076 2429 3178 πλεονεξίας
2479 3078 2757 3150 ὑπηρέτας
2800 3079 3296 3150 άπαριθμούμενον.
3340 3081 3595 3150 Ἀφέντες
3633 3082 3695 3136 δὲ

2115 3168 2212 3240 τὴν
2256 3169 2492 3224 παλαιάν
2547 3171 2809 3244 ἱστορίαν,
2834 3171 2930 3241 τὴν
2979 3173 3173 3243 πεῖραν
3207 3173 3548 3244 ἐξετάσωμεν
3593 3173 3694 3245 τὴν

2117 3261 2626 3332 παρακολουθοῦσαν
2645 3263 2721 3333 τῷ
2749 3262 2868 3334 βίῳ·
2883 3258 2994 3316 οἷον
3021 3259 3158 3317 οἶδεν
3174 3263 3358 3336 θηρίον
3377 3266 3478 3337 τὴν
3501 3264 3695 3319 πλεον-

2116 3350 2283 3418 εξίαν,
2331 3354 2425 3408 καὶ
2482 3347 2557 3408 ὧν
2615 3353 2682 3408 ἂν
2741 3354 2969 3426 λάϐηται
3011 3357 3478 3411 δυσαπάλλακτον·
3512 3356 3693 3428 ἀκμά-

2117 3443 2208 3508 ζον
2248 3445 2334 3497 ἀεὶ
2365 3445 2460 3498 καὶ
2489 3446 2548 3499 οὐ
2594 3446 3010 3517 μαραινόμενον·
3051 3449 3434 3521 συγγηράσκον
3483 3449 3540 3502 δὲ
3579 3451 3693 3512 τοῖς

2116 3533 2322 3602 ἁλοῦσι,
2357 3537 2450 3588 καὶ
2474 3537 2553 3599 εἰς
2577 3536 2728 3600 τέλος
2751 3537 2930 3590 συνόν.

2199 3708 2257 3761 Ὀ
2289 3708 2484 3776 λάγνος
2526 3709 2620 3770 καὶ
2661 3709 2928 3780 σωμάτων
2986 3709 3240 3781 ἐραστὴς,
3278 3709 3380 3764 κᾶν
3423 3711 3514 3765 ἐπὶ
3553 3711 3690 3767 πολὺ

2116 3802 2237 3863 ταῖς
2282 3799 2599 3870 ἐπιθυμίαις
2631 3799 2895 3873 λυσσήσῃ,
2937 3800 2969 3870 ἢ
3011 3801 3172 3864 αὐτὸς
3210 3802 3291 3866 εἰς
3319 3803 3692 3876 πρεσϐυτικὴν

2116 3888 2333 3960 ἡλικίαν
2362 3887 2548 3948 ἐλθὼν,
2596 3887 2628 3959 ἢ
2665 3887 2724 3941 τὸ
2762 3886 3092 3957 ποθούμενον
3135 3886 3397 3959 ἑωρακὼς
3444 3888 3691 3943 παλαιω-

2118 3979 2229 4042 οὲν,
2257 3979 2351 4032 καὶ
2388 3979 2448 4032 τὸ
2477 3978 2636 4044 ἄνθος
2660 3978 2952 4043 άποὸαλὸν,
2981 3979 3168 4032 στάσιν
3195 3980 3439 4050 εὑρίσκει
3472 3981 3572 4052 τῆς
3604 3982 3690 4035 νό-

2118 4090 2234 4128 σου.
2269 4073 2328 4126 '0
2358 4074 2766 4144 γαστρίμαργος
2803 4073 3074 4144 ἀναχωρεῖ
3110 4072 3204 4126 καὶ
3247 4073 3408 4137 αὐτὸς
3441 4073 3541 4144 τῆς
3569 4074 3690 4144 φιλ-

2115 4165 2353 4233 ηδονίας,
2385 4164 2418 4235 ἢ
2452 4165 2546 4218 τοῦ
2583 4166 2741 4236 κόρου
2771 4163 3172 4235 πληρώσαντος,
3206 4163 3238 4235 ἢ
3276 4163 3384 4216 τῶν
3406 4163 3691 4218 πεπτικῶν

2121 4256 2322 4327 μορίων
2355 4256 2786 4326 ἁσθενησάντων,
2821 4256 2914 4308 καὶ
2939 4255 3262 4309 παυσάντων
3301 4256 3397 4326 τὴν
3438 4257 3690 4310 ἐπιτετα-

2120 4345 2287 4416 μένην
2323 4346 2522 4418 ὅρεξιν.
2571 4347 2627 4399 Ὀ
2658 4345 2928 4414 φιλόδοξος
2957 4344 3176 4409 πολλαῖς
3205 4346 3561 4418 ὲγκομπάσας
3594 4365 3689 4402 πε-

448 4442 828 4497 imbecilliores
865 4442 1039 4503 factae,
1070 4439 1307 4494 hiantem
1355 4439 1498 4492 illam
1540 4437 1897 4508 appetentiam
1927 4451 2013 4491 se-

2122 4438 2440 4506 ριφανείαις,
2475 4435 2569 4490 τοῦ
2605 4438 2868 4507 φανητιᾷν
2905 4437 3187 4508 ἀπολήγει.
3221 4437 3284 4490 Ἢ
3309 4437 3365 4490 δὲ
3379 4438 3478 4508 τῆς
3500 4437 3688 4493 πλεον-

447 4533 662 4586 (larunt.
687 4531 1037 4593 Ambitiosus,
1077 4528 1164 4582 ubi
1198 4528 1379 4581 multis
1405 4524 2013 4594 splendoribusmagui-

448 4625 550 4680 tice
575 4624 797 4693 gloriam
839 4623 1044 4686 habuit,
1075 4621 1305 4691 spectari
1361 4620 1574 4673 tandem
1619 4618 1776 4682 velle,
1804 4633 1865 4671 ac
1899 4617 2015 4670 inao

451 4734 547 4774 nes
573 4719 702 4771 tlare
732 4717 950 4786 glorias,
985 4716 1203 4771 desinit.
1245 4713 1443 4768 Verum
1490 4712 1734 4765 avaritiae
1763 4710 2012 4772 morbus,

445 4808 706 4877 ejusmodi
744 4808 937 4860 malum
963 4815 1065 4872 est,
1097 4815 1154 4858 ut
1175 4805 1261 4858 vix
1286 4819 1521 4873 unquaut
1552 4819 1615 4857 eo
1640 4802 1858 4857 liberari
1892 4815 2016 4870 pos-

445 4901 539 4956 sis.
561 4903 636 4954 Ac
661 4901 799 4954 sicut
827 4909 1082 4968 perpetuo
1104 4897 1290 4950 vivens
1315 4905 1477 4964 atque
1512 4894 1768 4947 frondens
1814 4894 2013 4946 hedera

444 4993 646 5046 adsitas
664 4992 905 5059 irrepens
923 4991 1145 5042 arbores
1171 4987 1343 5040 Valide
1367 4985 1812 5040 circumvolvitur
1838 4984 2016 5037 adita:-

448 5095 662 5149 retque,
700 5097 761 5134 ac
792 5097 856 5133 ne
889 5081 1051 5133 ramis
1090 5079 1307 5146 quidem
1345 5077 1721 5130 fatiscentibus
1757 5085 1848 5127 aut
1890 5088 2013 5126 are-

446 5172 600 5226 factis
652 5172 872 5236 recedit,
923 5171 1024 5224 nisi
1073 5171 1193 5238 quis
1227 5169 1396 5223 flexus
1449 5169 1580 5224 istos
1610 5176 1666 5220 et
1717 5165 2014 5236 anguiueos

444 5263 597 5331 quasi
650 5277 828 5331 gyros,
883 5262 1024 5315 ferro
1069 5272 1259 5317 secet:
1308 5261 1379 5314 ita
1431 5275 1529 5314 nec
1571 5259 1716 5312 avari
1750 5269 2012 5322 mentem,

444 5355 559 5407 siv‘e
595 5353 679 5405 hic
717 5353 928 5420 juvenis
953 5355 1045 5417 sit,
1077 5354 1192 5407 sive
1230 5367 1418 5418 senex,
1447 5351 1500 5404 in
1529 5351 1826 5404 libertatem
1862 5348 2020 5404 facile

444 5445 753 5504 vindicaris,
806 5445 906 5498 nisi
967 5446 1147 5497 sobrio
1187 5444 1544 5513 prudentique
1596 5442 1822 5498 consilio
1871 5440 2017 5495 velut

446 5539 708 5590 machznra
739 5536 981 5590 morbum
1014 5535 1312 5592 discideris.

513 5739 635 5796 “IV
661 5741 790 5814 Reg.
820 5758 870 5809 v,
908 5743 972 5797 tl
996 5756 1138 5812 sqq.;
1175 5740 1303 5796 Luc.
1329 5755 1404 5810 tv,
1430 5740 1519 5796 27.
1585 5740 1629 5771 ⁸⁵
1654 5739 1694 5794 ll
1717 5740 1848 5810 lteg.
1881 5754 1965 5804 xv,
1996 5741 2017 5792 t
2059 5752 2179 5808 sqq.

2117 4526 2264 4591 εξίας
2293 4526 2465 4591 νόσος,
2521 4525 2687 4578 κακόν
2723 4528 2837 4578 ἐστι
2870 4525 3324 4579 δυσαπάλλακτον.
3355 4527 3463 4579 Καὶ
3498 4525 3688 4600 ὥσπερ

2116 4620 2144 4671 ὁ
2173 4619 2357 4681 κισσὸς
2389 4609 2563 4680 οὗτος,
2603 4617 2662 4669 τὸ
2690 4616 2914 4680 εὐθαλὲς
2941 4617 3104 4685 φυτὸν
3138 4617 3232 4670 καὶ
3265 4615 3567 4686 ἀείφυλλον,
3596 4619 3688 4671 ἐπὶ

2116 4707 2182 4761 τὰ
2226 4707 2655 4780 παραπεφυκότα
2707 4707 2814 4760 τῶν
2848 4707 3078 4778 δένδρων
3123 4707 3394 4779 ἀνέρπων,
3451 4709 3687 4780 ἰσχυρῶς

2115 4801 2508 4872 περιελίττεται
2547 4803 2659 4863 τοῖς
2697 4799 2894 4867 ξύλοις,
2933 4794 3123 4870 ὦνπερ
3170 4800 3235 4854 ἂν
3267 4799 3546 4871 δράξηται·
3595 4804 3688 4856 καὶ

2113 4890 2237 4944 οὕτε
2270 4891 2633 4955 πεπονθότων,
2658 4891 2777 4945 οὔτε
2807 4891 3178 4964 ξηρανθέντων
3207 4893 3492 4963 ἀναχωρεῖ,
3527 4895 3574 4946 εἰ
3612 4896 3684 4966 μή

2113 5000 2198 5047 τις
2236 4983 2398 5036 αὑτοῦ
2426 4983 2644 5055 σιδήρῳ,
2663 4983 2914 5055 καθάπερ
2946 4983 3258 5054 δράκοντος,
3302 4983 3532 5055 διατέμῃ
3561 4986 3687 5050 τοὺς

2116 5075 2394 5147 ἑλιγμούς.
2445 5076 2632 5139 Οὕτως
2678 5075 2797 5130 οὐδὲ
2836 5075 3074 5129 τοιούτου
3114 5075 3290 5146 ψυχὴν
3325 5075 3685 5147 ἐλευθερῶσαι

2117 5169 2295 5241 ῥᾴδιον
2318 5208 2332 5230 ,
2404 5168 2513 5221 εἴτε
2592 5169 2872 5233 νεάζοντος
2926 5169 3020 5221 τοῦ
3086 5167 3364 5237 σώματος,
3424 5168 3532 5220 εἴτε
3595 5172 3685 5223 καὶ

2115 5260 2611 5333 ὑπομαρανθέντος,
2649 5261 2743 5313 ἐὰν
2779 5262 2852 5332 μή
2883 5279 2964 5324 τις
3000 5259 3265 5332 νηφαλέος
3301 5259 3558 5330 λογισμὸς
3591 5261 3682 5314 tr:-

2115 5352 2303 5417 ελθὼν,
2331 5353 2405 5416 ὡς
2441 5353 2681 5423 μάχαιρα
2701 5351 2934 5423 διακόψῃ
2960 5350 3057 5422 τὴν
3085 5350 3258 5404 νόσον.

2262 5737 2304 5768 ’⁸⁷
2335 5732 2486 5790 Joan.
2516 5747 2609 5796 xu,
2637 5731 2687 5786 6.
2767 5731 2810 5764 ⁸⁸
2834 5731 2955 5789 Act.
2986 5745 3039 5798 ν,
3069 5730 3093 5785 l
3127 5743 3249 5801 sqq.
