3820 6310
140 360 229 413 lat

1169 361 1450 420 llOMILIA
1487 362 1569 418 Ill.
1614 363 1977 425 ADVERSUS
2016 366 2413 424 AVARITIAM.

3284 374 3395 430 202

199 480 329 543 Τοῖς
375 482 604 545 οἰκείοις
652 484 683 535 ὁ
728 481 1215 554 πλεονέκτηςὲστὶν
1252 485 1444 556 ἀηδὴς,
1483 486 1698 539 οἰκέται.

1898 490 2107 547 Avarus
2161 490 2475 562 propinquis
2507 499 2592 548 est
2624 492 2845 548 odiosus
2870 536 2886 562 ,
2929 494 3144 551 famulis
3168 497 3353 567 gravis
3374 535 3393 563 ,

136 573 323 643 {ap-3;.
354 573 535 641 φίλοις
573 574 868 646 ἄχρηστος,
901 573 1070 639 ξένοις
1101 574 1508 640 δυσέντευκτος.
1543 577 1721 645 γείτο-

136 680 212 715 σιν
260 664 527 735 ὀχληρὸς,
577 665 799 732 γυναικὶ
859 665 1132 736 μοχθηρὸς
1187 664 1453 733 σύνοικος,
1518 667 1722 721 παίδων

137 754 398 821 φειδωλὸς
428 756 521 809 καὶ
559 756 884 828 μικρολόγος
910 757 1163 827 τροφεὺς,
1194 758 1387 812 ἑαυτοῦ
1413 759 1582 824 κακὸς
1605 760 1724 813 ἑπι-

137 844 359 913 στάτης.
401 845 620 916 νύκτωρ
665 845 988 917 φροντίζων,
1021 846 1140 917 μεθ’
1179 845 1406 918 ἡμέραν
1434 864 1723 901 πεπυκνω-

136 938 310 1003 μένος,
340 936 731 1008 διαλεγόμενος
753 936 931 1007 ἑαυτῷ
950 935 1092 991 κατά
1119 938 1245 1001 τοὺς
1276 937 1659 1010 ὲξεστηκότας.
1686 937 1720 1009 ἢ

132 1028 581 1100 παραφέροντας·
617 1028 837 1084 πάντων
850 1026 1270 1099 εὐθηνούμενος,
1298 1030 1394 1083 καὶ
1422 1028 1622 1083 στένων
1647 1030 1722 1092 ὡς

132 1117 332 1186 ἐνδεής·
370 1117 482 1172 τῶν
513 1118 799 1190 παρόντων
825 1120 927 1175 οὐκ
947 1118 1260 1185 ἀπολαύων,
1286 1119 1381 1173 καὶ
1408 1120 1475 1173 τὰ
1511 1119 1723 1173 ἀπόντα

132 1210 328 1279 ζητῶν·
370 1213 487 1275 τοῖς
532 1211 687 1276 ἰδίοις
730 1212 794 1266 οὐ
829 1212 1191 1285 κεχρημένος,
1244 1210 1630 1283 ὲποφθαλμιῶν
1664 1211 1722 1265 δὲ

130 1305 236 1368 τοῖς
255 1304 590 1375 ἀλλοτρίοις.
619 1304 931 1378 Πολύαρνον
960 1305 1056 1359 τοῦ
1082 1305 1328 1360 τοιούτου
1359 1305 1424 1359 τὸ
1443 1305 1717 1376 ποίμνιον,

134 1395 349 1448 στενοῦν
382 1397 513 1460 τοὺς
547 1398 771 1469 σηκοὺς,
795 1398 881 1467 ἐφ’
904 1390 980 1452 ὧν
1005 1397 1406 1452 κατακλείεται·
1443 1395 1719 1450 καλύπτον

134 1486 387 1551 πεδιάδας
441 1489 503 1543 ὲν
546 1483 638 1552 αἷς
672 1489 920 1560 νέμεται.
965 1488 1078 1545 Κάν
1118 1487 1386 1561 εὔσαρκον
1427 1488 1566 1559 ὀφθῇ
1620 1485 1716 1541 τοῦ

132 1580 425 1650 προσοίκου
456 1581 753 1652 πρόϐατον,
790 1582 950 1652 ἀφεὶς
970 1583 1071 1654 τὴν
1108 1583 1244 1636 ἰδίαν
1277 1581 1500 1651 ἀγέλην,
1534 1579 1611 1650 τῷ
1636 1580 1718 1633 ἑνὶ

132 1671 219 1723 καὶ
261 1670 543 1743 ἀλλοτρίῳ
585 1674 655 1742 τῇ
700 1670 974 1742 ’ἐπιθυμίᾳ
1015 1671 1413 1743 προσκάθηται.
1460 1670 1535 1723 Τὸ
1588 1669 1718 1723 αὐτὸ

133 1762 217 1813 ἐπὶ
259 1761 376 1815 τῶν
412 1761 588 1832 βοῶν·
638 1762 980 1833 ὁμοίωςὲπὶ
1015 1763 1124 1817 τῶν
1159 1763 1358 1816 ἵππων·
1392 1761 1492 1815 οὐκ
1540 1759 1716 1822 ἄλλως

1827 580 2015 637 amicis
2075 581 2298 646 inutilis,
2340 584 2542 639 exteris
2590 584 2821 641 diliicilis
2864 600 2929 642 ac
2973 587 3061 641 vix
3128 588 3393 659 affabilis,

1824 668 2309 733 vicinis'moiestus
2338 713 2354 739 ,
2389 672 2545 729 uxori
2596 674 2933 745 importunus
2962 678 3393 749 contubernalis,

1823 755 2115 813 liberorum
2168 773 2359 830 parcus
2420 770 2582 835 atque
2643 766 2892 821 sordidus
2948 768 3254 837 educator,
3305 770 3390 827 sui

1823 846 1994 916 ipsius
2024 849 2194 905 malus
2219 861 2454 918 curator,
2490 856 2720 911 interdiu
2750 868 3018 929 noctuque
3045 861 3307 919 sollicitus
3328 877 3395 919 ac

1824 939 2254 1009 cogitabundus,
2324 957 2511 1000 secum
2548 946 2661 1015 ipse
2712 948 2937 1019 loquens
2990 967 3055 1006 ac
3097 950 3419 1016 disserens,'

1823 1043 2010 1085 eorum
2037 1034 2316 1104 more,qui
2338 1037 2586 1093 sensibus
2605 1040 2767 1093 emoti
2787 1040 2840 1095 in
2862 1040 3127 1099 insaniam
3156 1044 3390 1115 prolapsi

1820 1128 1967 1176 sunt.
2006 1120 2138 1178 Cum
2168 1124 2418 1181 omnibus
2445 1128 2698 1193 abundet,
2725 1139 2979 1201 tanquam
3007 1135 3247 1191 omnium
3269 1153 3392 1208 ege-

1821 1226 1922 1268 nus
1941 1213 2263 1284 ingemiscit.
2297 1217 2412 1275 Non
2435 1219 2631 1275 fruitur
2657 1225 3036 1292 praesentibus;
3069 1242 3130 1281 ea
3153 1244 3272 1297 qua:
3294 1232 3390 1284 ab-

1819 1316 1963 1372 sunt,
1991 1308 2150 1365 anxie
2172 1312 2422 1379 quaeritat
2457 1330 2472 1377 ;
2507 1328 2612 1369 non
2651 1317 2821 1371 utitur
2863 1321 2996 1381 suis,
3045 1320 3234 1377 alienis
3258 1337 3390 1379 vero

1816 1393 2003 1483 adjicit
2022 1396 2257 1454 oculum.
2310 1400 2472 1459 Multa
2497 1403 2798 1463 confertum
2828 1410 3031 1478 pecude
3058 1425 3273 1483 gregem
3296 1413 3392 1467 ha-

1816 1482 1928 1550 bet,
1972 1493 2032 1540 ut
2066 1486 2153 1542 vix
2195 1489 2405 1548 stabula
2451 1492 2704 1562 capiant,
2743 1497 3029 1568 campique
3070 1482 3145 1557 ac
3188 1516 3385 1572 pascua

1818 1582 2087 1644 tegantur.
2112 1578 2182 1633 At
2214 1583 2265 1635 si
2295 1581 2547 1654 pinguem
2592 1598 2657 1640 ac
2687 1585 2828 1642 bene
2857 1589 3095 1646 habitam
3123 1606 3278 1649 ovem
3302 1593 3387 1647 vi-

1815 1664 1920 1727 cini
1948 1670 2244 1760 aspexerit,
2274 1672 2441 1731 misso
2475 1677 2691 1747 proprio
2713 1682 2897 1750 grege,
2925 1679 2981 1736 in
3033 1697 3193 1738 uuam
3241 1682 3411 1743 illam.
3461 1755 3467 1760 _

1816 1757 2147 1850 aealienam
2187 1764 2481 1833 cupiditate
2513 1766 2702 1825 fertur.
2745 1771 2924 1841 Atque
2960 1772 3032 1850 ita
3075 1786 3290 1845 quoque
3319 1775 3389 1832 de

130 1852 214 1906 ἐπὶ
242 1852 349 1923 τῆς
387 1853 516 1923 γῆς.
544 1853 736 1909 Πάντα
772 1856 1095 1926 στενοχωρεί
1127 1855 1226 1926 τὴν
1250 1855 1448 1917 οίκίαν.
1487 1854 1582 1908 καὶ
1622 1854 1698 1907 ού·

1816 1846 2016 1915 bobus,
2061 1851 2238 1921 equis,
2288 1855 2453 1925 agris.
2502 1855 2755 1914 Omnium
2796 1841 3217 1930 copia‘rerum'
3243 1865 3389 1923 ades

128 1940 209 1994 δὲν
227 1942 287 1994 ἐν
324 1945 400 2014 τῇ
426 1944 639 2015 χρήσει.
664 1944 799 1999 Οὐδὲ
824 1943 931 2015 γὰρ
956 1944 1354 2012 ἀπολαυστικὸν
1380 1942 1493 2007 οἷόν
1530 1962 1589 1997 τε
1628 1939 1710 1997 εί-

128 2048 212 2086 tm
237 2033 333 2087 τὸν
382 2034 680 2106 ἄπληστον·
711 2034 825 2089 ἀλλ’
846 2035 993 2089 ἐστιν
1018 2035 1183 2089 αὑτοῦ
1212 2036 1357 2091 οίκία
1390 2035 1563 2106 τάφου
1606 2053 1711 2089 πα-

132 2126 429 2196 ραπλησία.
456 2127 601 2181 Ἰδοὺ
642 2128 754 2199 γὰρ
789 2130 838 2182 οἱ
865 2129 1026 2198 τάφοι
1056 2127 1286 2199 γέμουσι
1322 2127 1582 2192 πολλάκις
1612 2129 1709 2200 ἁρ-

128 2214 289 2286 γύρου
329 2219 429 2271 καὶ
460 2217 689 2289 χρυσοῦ·
727 2218 841 2272 ἀλλ’
871 2222 926 2275 ai
961 2219 1085 2277 ῦλαι
1111 2221 1237 2283 τοὺς
1265 2221 1581 2290 χρωμένους
1609 2220 1710 2274 ούκ

130 2307 361 2377 ἔχωσιν.
384 2310 458 2363 Τὸ
479 2309 644 2380 σῶμα
672 2312 735 2365 οὐ
758 2311 1036 2383 τρέφεται·
1070 2312 1248 2383 ψυχῆς
1267 2313 1365 2383 οὐχ
1397 2313 1708 2385 εὑρίσκεται

130 2399 332 2470 κέρδος.
369 2402 484 2455 υύκ
511 2402 731 2473 εὐθηνεῖ
756 2403 864 2473 γὰρ
890 2404 957 2457 ὲκ
982 2403 1085 2473 τῆς
1117 2403 1298 2468 δεξιᾶς
1336 2406 1369 2474 ἡ
1409 2404 1706 2475 ἐλεημοσύ-

132 2507 210 2562 νη.
256 2492 322 2545 Τί
373 2493 431 2546 δὲ
478 2494 634 2558 τέλος
667 2493 762 2547 τοῦ
807 2494 1030 2566 μόχθου,
1087 2494 1350 2561 διδαξάτω
1393 2496 1458 2565 μέ
1492 2513 1576 2560 τις
1601 2495 1707 2548 τῶν

334 2585 794 2657 προειλημμένων
813 2588 879 2658 τῇ
1092 2582 1210 2641 οἶδα
1224 2587 1281 2640 δὲ
1319 2587 1544 2651 πολλοὺς
1572 2587 1702 2655 ἐγὼ,

135 2677 397 2746 γνωρίσας
441 2678 535 2730 ἐπὶ
574 2679 674 2748 τῆς
715 2678 927 2749 πείρας,
959 2680 1034 2741 ὠς
1071 2679 1166 2732 καὶ
1199 2681 1257 2732 ὲν
1294 2680 1469 2742 νόσοις
1508 2680 1706 2749 μᾶλλον

131 2765 219 2834 τῆς
243 2767 436 2834 ὑγείας
466 2768 723 2836 ἀγαπῶσι
747 2768 814 2822 τὰ
848 2771 1125 2841 χρήματα.
1164 2770 1284 2823 Κᾶν
1326 2771 1423 2841 μὲν
1461 2772 1490 2824 ὁ
1523 2755 1705 2839 ἰατρὸς

130 2855 211 2909 διὰ
230 2874 381 2921 τινος
406 2858 542 2930 ὕλης
569 2857 773 2913 εύώνου
812 2860 903 2913 τὸν
936 2861 1035 2931 τῆς
1075 2861 1369 2931 θεραπείας
1407 2863 1705 2933 είσηγήση-

131 2964 207 3001 ται
236 2950 463 3020 τρόπον,
492 2947 605 3004 οἷον
625 2950 714 3005 διὰ
741 2951 967 3015 σελίνου,
1004 2952 1036 3022 ἦ
1075 2951 1270 3023 θύμου,
1299 2952 1331 3023 ἢ
1362 2954 1593 3024 ἀνήθου,
1628 2948 1703 3007 ὢν

130 3041 161 3109 ἡ
195 3042 427 3114 εὐπορία
466 3045 762 3108 ἀδάπανος,
798 3044 1068 3109 εὐπειθῶς
1118 3045 1217 3117 τῆς
1252 3046 1557 3116 συμϐουλῆς
1602 3048 1703 3100 ὑπ-

132 3134 439 3200 ακούοντας·
490 3137 559 3190 ἀν
612 3137 670 3190 δέ
730 3155 874 3201 τινος
913 3139 1204 3210 φαρμάκου
1252 3140 1475 3211 γένηται
1514 3141 1700 3210 μνήμη

1817 1950 2153 2010 ooangustat,
2176 1958 2274 2000 nec
2302 1952 2387 2001 est
2408 1946 2549 2004 ullus
2574 1965 2724 2007 usus.
2739 1949 2954 2008 Nullum
2976 1954 3119 2010 enim
3150 1956 3383 2014 fructum

1815 2029 2105 2100 voluptatis
2132 2036 2410 2105 percipere
2426 2049 2622 2107 potest,
2644 2043 2888 2115 quisquis
2910 2057 2992 2102 est
3025 2048 3383 2111 insatiabilis:

1815 2131 2007 2190 estque
2054 2123 2244 2179 domus
2293 2126 2412 2195 ejus
2444 2131 2746 2193 conditorio
2778 2150 2844 2191 ac
2887 2139 3136 2208 sepulcro
3164 2139 3377 2197 similis.

1826 2208 1958 2262 Cum
1994 2211 2135 2265 enim
2167 2215 2415 2283 sepulcra
2458 2219 2597 2273 haud
2649 2236 2773 2276 raro
2814 2224 2967 2292 plena
2996 2227 3106 2284 sint
3141 2244 3274 2285 auro
3302 2239 3385 2286 st-

1815 2316 1919 2371 que
1945 2313 2165 2372 argento
2197 2322 2209 2358 :
2253 2307 2342 2375 qui
2381 2317 2557 2363 tamen
2603 2311 2667 2367 iis
2706 2321 2907 2381 utatur,
2960 2318 3175 2376 exsistit
3201 2336 3379 2385 nemo.

1814 2393 1975 2447 Avari
2015 2409 2210 2465 corpus
2238 2412 2342 2451 non
2370 2399 2554 2465 alitur,
2587 2402 2765 2458 anima
2807 2406 2938 2461 nihil
2964 2407 3226 2465 lucretur.
3264 2411 3379 2469 Non

1813 2487 1955 2541 enim
1983 2488 2326 2562 eleemosyna
2354 2506 2417 2546 ex
2446 2492 2560 2560 ejus
2589 2495 2853 2551 exuberat
2892 2499 3132 2565 dextera,
3180 2502 3383 2560 Doceat

1815 2592 1911 2634 nos
1937 2594 2124 2636 eorum
2160 2582 2378 2653 aliquis,
2418 2598 2555 2654 quos
2586 2586 2672 2641 hic
2700 2589 2920 2645 morbus
2953 2592 3160 2661 pridem
3203 2592 3378 2654 corri-

1813 2673 1948 2741 puit,
1980 2674 2227 2744 quisnam
2266 2677 2397 2732 tanti
2443 2675 2602 2745 hujus
2631 2679 2827 2737 laboris
2852 2696 2913 2740 ac
2937 2698 3191 2744 aerumna:
3218 2690 3288 2746 sit
3314 2694 3378 2745 ii-

1812 2765 1916 2820 nis.
1950 2766 2146 2824 Multos
2166 2769 2414 2838 equidem
2439 2772 2551 2843 ipse
2581 2774 2722 2830 facto
2749 2779 2986 2846 periculo
3016 2781 3158 2843 novi.
3185 2782 3275 2853 qui
3299 2784 3380 2838 vel

1811 2854 2005 2912 amicta
2034 2859 2286 2926 sanitate,
2326 2862 2437 2932 ipsa
2468 2866 2641 2920 salute
2671 2870 2949 2936 pecuniam
2992 2872 3161 2941 magis
3198 2883 3382 2930 ament

1811 2958 1973 3019 atque
2023 2952 2328 3021 aestiment;
2366 2971 2489 3010 nam
2528 2957 2573 3012 si
2618 2958 2757 3014 forte
2789 2962 3031 3019 medicus
3084 2966 3377 3023 remedium

1810 3044 1890 3097 eis
1921 3032 2159 3110 parabile
2181 3058 2245 3117 ac
2272 3045 2421 3112 parvi
2448 3046 2605 3115 pretii
2632 3050 2966 3119 przescribat,
2994 3067 3059 3107 ex
3082 3055 3205 3123 apio
3230 3068 3377 3124 puta,

1810 3133 1895 3190 vel
1940 3134 2146 3205 thymo,
2197 3137 2277 3191 vel
2307 3140 2526 3205 anetiio,
2560 3150 2683 3211 quas
2737 3145 2943 3211 passim
2975 3148 3133 3203 obvia
3164 3160 3291 3206 sunt
3325 3162 3380 3205 et

130 3225 225 3280 τῶν
263 3227 356 3282 οἷα
398 3231 469 3283 τά
541 3230 765 3284 ποικίλα
811 3199 1342 3295 καίπολυσύνθετα,
1372 3199 1487 3287 ’καὶ
1514 3199 1698 3286 ’έλόὲιᾴ

1806 3238 1974 3294 parvo
2002 3236 2403 3294 comparantur,
2447 3229 2566 3284 sine
2617 3247 2765 3287 mora
2820 3236 3048 3293 consilio
3103 3240 3379 3311 obtempe-

132 3320 255 3390 πρὸς
300 3323 398 3375 τὸν
432 3322 888 3394 φαρμακοπώλην
920 3323 953 3395 ἢ
999 3324 1059 3377 τὸ
1118 3325 1490 3395 μυροπωλεων
1519 3326 1707 3379 κελευ-

130 3410 342 3476 σθῶσιν,
372 3413 569 3467 θᾶττον
592 3413 692 3484 τὴν
714 3413 891 3484 ψυχὴν
912 3414 1192 3484 ἀφιέντας,
1222 3415 1255 3484 ἢ
1287 3414 1512 3477 λύοντας
1534 3416 1595 3468 τὸ
1622 3415 1709 3485 βας

132 3500 353 3559 λάντιον.
400 3505 584 3576 Γήινοι
632 3505 744 3575 γάρ
777 3505 927 3569 ὄντες
960 3505 1019 3557 τὸ
1050 3506 1324 3578 φρόνημα,
1370 3506 1470 3577 τὴν
1513 3507 1706 3575 κτῆσιν

129 3594 225 3648 τῶν
253 3595 464 3665 γηίνων
487 3597 631 3649 ὑλῶν
664 3596 945 3667 νομίζουσι
969 3597 1067 3666 τὴν
1100 3597 1268 3667 ζωήν.

1802 3329 1956 3385 rant;
1988 3318 2033 3372 si
2070 3332 2197 3373 vero
2227 3319 2744 3377 medicamentorum
2786 3326 3051 3395 ejusmodi
3090 3328 3185 3385 flat
3213 3347 3368 3387 men-

1802 3412 1896 3475 tio,
1928 3425 2047 3481 qua:
2080 3410 2253 3477 varia,
2282 3425 2346 3467 ac
2390 3426 2455 3468 ex
2489 3414 2735 3481 pluribus
2784 3421 3078 3487 composita
3110 3433 3258 3488 stmt,
3285 3425 3375 3493 ju-

1804 3503 2144 3571 beanturque
2176 3502 2260 3557 vel
2294 3502 2771 3574 pharmacopolam
2800 3508 2970 3574 adire,
3019 3512 3101 3569 vel
3148 3515 3218 3568 ab
3269 3530 3371 3570 nn-

1802 3595 2087 3665 guentaria
2133 3605 2348 3667 petere,
2401 3595 2638 3654 animam
2686 3602 2864 3670 potius
2909 3603 3184 3671 exhalent,
3211 3621 3371 3676 quam

132 3706 434 3746 crumenam
467 3693 705 3748 solvant.
742 3693 949 3762 Quippe
985 3703 1163 3747 mente
1225 3707 1290 3747 ac
1349 3692 1765 3761 cogitationibus
1805 3692 2030 3756 terreni,
2066 3701 2400 3761 terrenarum
2439 3707 2621 3748 rerum
2663 3698 3059 3764 possessionem
3112 3701 3275 3755 vitam
3308 3719 3373 3757 ac

130 3789 365 3853 spiritum
385 3790 615 3846 ducunt.

188 3880 421 3945 Τούτους
470 3880 736 3935 λυποῦσιν
777 3878 916 3950 ἄγαν
957 3880 1051 3936 καὶ
1077 3882 1132 3934 αἱ
1171 3882 1348 3936 κοιναὶ
1382 3881 1696 3953 εὐπραγίαι·

131 3971 469 4043 εὐφραίνουσι
497 3973 557 4026 δὲ
598 3973 656 4026 ai
702 3974 1071 4043 περιστάσεις.
1101 3972 1361 4044 Εὕχονται
1397 3973 1491 4028 καὶ
1517 3974 1699 4046 φόρων

131 4061 455 4119 ἀνυποίστων
499 4064 692 4135 φοιτᾷν
722 4065 1094 4136 ἐπιτάγματα,
1137 4064 1224 4118 ἵνα
1256 4064 1439 4127 τόκοις
1463 4065 1695 4118 πλεονάο

133 4168 248 4208 σωσι
278 4156 342 4209 τὸ
368 4155 657 4227 ἀργύριον.
718 4155 1075 4227 Ἑπιθυμοῦσι
1125 4155 1342 4225 βλέπειν
1382 4156 1510 4220 τοὺς
1544 4154 1693 4225 πειρά

131 4243 223 4297 τῶν
239 4247 537 4301 δανειστῶν
562 4247 920 4317 ἀγχομένους,
943 4247 1030 4300 ἵνα
1051 4247 1358 4319 κτήσωνται
1386 4246 1478 4298 τὸν
1504 4245 1689 4316 ἀγρὸν,

131 4334 237 4406 ῆτδ
256 4339 473 4403 σκεῦος,
501 4338 538 4409 ἢ
558 4339 620 4392 τὸ
649 4338 808 4404 ζῶον,
837 4338 1053 4404 εύώνως
1087 4342 1153 4393 ἐκ
1182 4339 1284 4411 τῆς
1320 4339 1565 4407 ἀνάγκης
1608 4340 1689 4409 ρι-

1873 3873 1982 3930 Hos
2006 3873 2139 3929 tales
2185 3875 2377 3928 mirum
2412 3875 2464 3928 in
2487 3877 2701 3930 modum
2721 3877 2931 3948 publica
2963 3884 3369 3952 communisque

1801 3966 2032 4024 felicitas
2082 3966 2329 4020 molestia
2361 3963 2553 4029 aiiicit;
2589 3968 2781 4021 damna
2828 3979 3015 4023 contra
3066 3984 3129 4025 ac
3163 3970 3368 4041 clades,

1800 4059 2163 4115 delectatione
2202 4064 2256 4110 et
2290 4056 2509 4127 gaudio.
2550 4057 2824 4127 Exoplant
2850 4073 3046 4130 graves
3080 4077 3143 4117 ac
3176 4063 3368 4119 intole-

1801 4150 2001 4206 rabiles
2044 4147 2207 4205 iudici
2242 4148 2634 4218 pensitationes
2681 4158 2734 4204 et
2788 4150 3005 4214 tributa,
3042 4168 3148 4221 quo
3183 4156 3364 4210 usuris

1799 4242 2084 4313 pecuniam
2112 4252 2342 4311 augeant
2371 4258 2384 4295 :
2416 4251 2684 4307 avrntque
2730 4242 2911 4297 videre
2947 4243 3169 4300 miseros
3206 4261 3241 4300 a
3281 4246 3364 4303 τοι

1798 4332 2139 4390 neratoribus
2162 4345 2469 4401 Oppressos,
2497 4342 2556 4388 ut
2575 4347 2760 4388 eorum
2778 4348 2959 4405 agros,
2984 4335 3363 4404 instrumenta,

134 4428 401 4499 πιόμενον.
427 4428 680 4499 Συνεχῶς
715 4429 771 4483 δὲ
801 4430 896 4485 καὶ
925 4431 1062 4503 πρὸς
1088 4431 1180 4484 τὸν
1207 4431 1435 4501 οὐρανὸν
1462 4429 1688 4483 ἀναϐλέ-

1806 4424 1879 4483 vel
1920 4437 2112 4494 pecora
2136 4436 2199 4479 ac
2221 4422 2491 4491 juntenta,
2522 4438 2690 4492 parvo
2731 4438 2828 4493 per
2850 4427 3229 4483 necessitatem
3256 4443 3364 4484 aere

134 4533 272 4572 πουσι
299 4519 445 4573 κατά
480 4519 609 4583 τοὺς
642 4520 967 4590 φιλοσόφους
993 4522 1120 4583 τοὺς
1145 4522 1214 4575 τὰ
1250 4520 1498 4591 μετέωρα
1537 4536 1696 4591 φρον-

131 4607 378 4675 τίζοντας,
405 4612 511 4665 οὐκ
543 4611 775 4682 ἀστέρος
797 4611 1014 4683 ἐντολὴν
1036 4610 1344 4683 ζητοῦντες,
1373 4611 1492 4664 οὐδὲ
1514 4610 1597 4673 τίς
1619 4605 1696 4663 οἷ-

135 4715 212 4763 ιιος
246 4702 341 4756 ενα
383 4702 498 4756 τῶν
540 4701 829 4773 πλανητῶν
868 4704 979 4774 ἔχει
1015 4702 1526 4774 περισκοπούμενοι·
1559 4700 1695 4755 ἀλλὰ

132 4792 213 4861 τὴν
238 4796 331 4849 τοῦ
363 4796 528 4868 ἀέρος
552 4794 1135 4865 πολυπραγμονοῦντες
1163 4795 1516 4858 κατάστασιν,
1548 4794 1595 4847 ει
1624 4791 1693 4846 τὰ

137 4888 522 4957 προφαινόμενα
568 4889 773 4957 σημεῖα
810 4885 1032 4958 ὄμϐρων
1072 4885 1355 4958 ἐπιρροήν,
1402 4884 1437 4955 ἢ
1482 4884 1692 4955 αὐχμὸν

134 4972 522 5045 ἐπαγγέλλεται.
578 4977 703 5030 Κᾶν
752 4975 900 5029 ἴδωσί
943 4994 997 5029 τι
1034 4978 1147 5039 τοῖς
1174 4975 1388 5038 πολλοῖς
1431 4974 1688 5045 δυσχερὲς

138 5067 583 5138 προσδοκώμενον,
628 5066 1010 5139 εὐφραίνονται
1047 5069 1113 5139 τῇ
1152 5067 1262 5120 τῶν
1300 5065 1474 5120 ἄλλων
1508 5064 1689 5127 κακω-

138 5170 218 5211 σει.
258 5160 445 5212 Πάντα
475 5159 805 5226 συνάγουσιν
848 5160 908 5211 ὲν
949 5161 1062 5222 τοῖς
1103 5157 1395 5228 ταμιείοις,
1430 5155 1687 5225 ἀσφαλῶς

137 5251 635 5321 κατασημαίνοντες,
675 5250 771 5304 καὶ
805 5250 1009 5314 δισσοῖς
1053 5248 1321 5320 κλείθροις
1353 5247 1686 5316 κατασφαλί-

136 5335 307 5405 ζοντα-ι,
345 5340 772 5413 διαμετροῦντες
814 5341 1066 5412 ἀλήκτως
1099 5341 1437 5411 ψηφίζουσιν.
1497 5340 1684 5409 Ἀσχοο

134 5424 366 5501 λουμένου
396 5433 455 5486 δὲ
486 5432 583 5486 τοῦ
611 5433 937 5486 πλεονέκτου
974 5433 1100 5504 περί
1126 5433 1223 5503 τὴν
1244 5431 1501 5501 τοιαύτην
1530 5431 1685 5484 ἑλπί-

135 5517 200 5584 δα,
232 5523 325 5576 καὶ
353 5523 492 5585 τέως
539 5521 675 5593 ϐναρ
715 5520 1072 5586 πλουτοῦντος
1123 5523 1181 5574 ὲν
1224 5522 1291 5592 τῇ
1345 5520 1687 5592 σκιαγραφίᾳ

137 5610 218 5665 τῶν
252 5615 492 5679 ἐννοιῶν,
510 5603 625 5668 ’ὲάν
665 5614 981 5686 ἐπιγένηται
1026 5615 1186 5684 νέφος
1235 5612 1394 5684 βαθὺ,
1438 5613 1686 5683 φοϐεῖται

136 5702 192 5767 ὼς
213 5707 590 5762 κινδυνεύσων.
624 5707 724 5759 Ἂν
747 5706 982 5776 ψεκάδες
1014 5706 1112 5777 τὴν
1142 5705 1246 5776 γῆν
1272 5703 1683 5776 ἐπιρραίνωσιν,

137 5794 466 5872 ὕποδακρύειν
488 5800 738 5871 ἄρχεται·
768 5798 907 5852 ἀνδὲ
938 5800 1033 5852 xai
1067 5799 1220 5863 ὑετὸς
1242 5798 1557 5868 ἐπιγένηται
1582 5798 1683 5868 ἁρ-

383 5896 465 5956 Ps
479 5911 656 5954 rnoL.
689 5894 805 5954 (in.
846 5894 972 5954 XL.

1795 4514 2053 4585 projecla,
2091 4512 2397 4583 acquiraut.
2424 4512 2693 4569 Continue
2736 4528 2889 4578 vero,
2923 4515 3362 4585 philosophorum

1795 4607 1970 4661 instar
1998 4603 2144 4660 circa
2180 4612 2419 4659 meteora
2446 4606 3009 4669 versantium,cmium
3037 4608 3362 4676 suspiciunt,

1792 4712 1896 4752 non
1932 4704 1991 4751 ut
2030 4694 2222 4751 sideris
2251 4693 2479 4764 alicujus
2507 4702 2719 4760 ortum]
2748 4698 3102 4766 autpianetm
3139 4700 3357 4756 domum

1791 4793 2122 4849 scrutentur,
2153 4785 2247 4840 sed
2272 4792 2331 4839 ut
2355 4782 2500 4840 aeris
2522 4784 2955 4841 constitutionem
2976 4788 3357 4855 considerent;

1790 4887 1846 4935 et
1869 4894 1936 4933 an
1966 4880 2281 4948 apparentia
2305 4877 2460 4945 signa
2499 4874 2759 4946 largiores
2799 4878 3019 4943 imbres,
3053 4887 3149 4933 aut
3179 4879 3357 4941 sicci-

1792 4978 1957 5025 tatem
1990 4968 2334 5026 denuntient.
2367 4967 2445 5024 Ac
2474 4970 2521 5024 si
2553 4983 2649 5039 pro
2673 4982 2770 5037 spe
2813 4983 2910 5022 sua
2942 4968 3124 5025 multis
3156 4970 3355 5025 malum

1788 5061 2071 5116 imminere
2092 5060 2591 5126 animadverterint,
2620 5060 2794 5114 aliena
2827 5059 3140 5118 infelicitate
3166 5061 3357 5137 laetan-

1789 5162 1896 5209 tur.
1919 5149 2112 5213 Omnia
2142 5150 2378 5221 undique
2410 5164 2623 5206 summo
2651 5151 2828 5206 studio
2857 5152 2909 5205 in
2939 5151 3131 5215 horrea
3159 5168 3358 5237 conge-

1788 5250 1933 5308 runt,
1948 5243 2337 5314 obsignantque
2359 5241 2640 5311 diligenter
2657 5242 2884 5313 singula,
2907 5258 2970 5300 ac
2989 5244 3184 5314 duplici
3207 5260 3356 5302 com-

1787 5337 2036 5391 muniunt
2073 5349 2218 5401 sera,
2265 5334 2515 5404 nullaque
2566 5329 2966 5415 intermissione
3002 5338 3356 5405 dimetiuntur

1786 5438 1949 5498 atque
1976 5436 2288 5498 supputant.
2322 5426 2463 5482 inter
2503 5429 2616 5484 haec
2643 5444 2707 5483 ac
2742 5430 2871 5485 dum
2916 5446 2979 5485 ea
3012 5446 3108 5500 spe
3159 5446 3356 5487 avarus

1785 5519 2057 5588 titillatur,
2087 5528 2143 5574 et
2171 5519 2326 5588 quasi
2356 5534 2453 5591 per
2478 5523 2745 5578 somnium
2768 5524 3019 5579 inanibus
3056 5539 3117 5580 ac
3164 5523 3353 5599 imagi«

1784 5611 1954 5666 uariis
1977 5610 2170 5680 opibus
2199 5611 2424 5680 dilatur,
2474 5614 2520 5670 si
2571 5617 2742 5672 nubes
2785 5628 2881 5673 aut
2912 5619 3103 5673 nebula
3136 5617 3353 5674 densior

1783 5705 2173 5773 supervenerit,
2195 5714 2520 5773 exterretur,
2551 5723 2615 5763 ac
2638 5710 2682 5763 si
2713 5711 2900 5779 ingens
2928 5711 3026 5780 ipsi
3055 5711 3350 5780 periculum

1783 5793 2081 5852 immineat.
2119 5796 2274 5864 Quod
2326 5797 2371 5854 si
2405 5800 2660 5856 minutula
2710 5802 2888 5872 pluvia
2926 5812 3127 5859 terram
3161 5817 3350 5873 asper-

3076 5897 3116 5956 ’1
