3820 6304
390 274 499 328 .203

1663 269 1722 324 S.
1763 267 2038 323 ASTERII
2080 267 2386 324 AMASENI

3549 269 3667 328 τοι

395 399 509 458 gat,
543 387 940 458 sublacrymari
993 385 1226 456 incipit:
1267 386 1312 440 si
1357 398 1550 454 magna
1595 399 1747 454 aqua:
1783 385 1886 448 vis,
1917 402 1978 440 ac

2098 387 2193 439 ιῶν
2226 387 2316 440 τὸν
2344 385 2552 457 αὐχμὸν
2581 384 2920 452 ὲξιάσασθαι,
2962 383 3158 449 πένθος
3183 377 3386 440 τέλειον
3414 387 3477 440 τὸ
3511 392 3667 459 πρᾶο

395 479 624 534 sicritati
659 479 904 534 tollenda!
937 493 1033 547 par
1089 479 1325 548 ingruat,
1351 485 1630 532 extremus
1650 490 1769 530 eum
1800 478 1974 532 luctus

398 579 644 637 occupat.
674 568 865 625 Omnia
885 569 1138 636 deinceps
1159 571 1471 637 perlustrat,
1490 582 1555 622 ac
1575 567 1804 622 sollicite
1828 583 1974 638 qua:-

401 663 491 725 rit,
519 663 662 716 hattd
710 678 866 718 secus
895 677 958 716 ac
989 662 1329 732 periclitante
1355 659 1480 726 filio,
1513 675 1636 712 num
1676 660 1970 713 remedium

400 755 636 822 aliquod,
674 755 973 822 modusque
1007 769 1070 807 ac
1112 753 1274 817 ratio,
1309 754 1575 806 frumenta
1613 769 1642 806 a
1693 751 1970 806 labe-ver-

401 845 677 914 ntiumque
727 845 920 912 injuria
977 844 1281 898 diutissime
1339 843 1614 898 servandi.
1679 843 1754 895 Ac
1797 843 1841 896 si
1865 844 1974 912 jam

401 943 633 990 aestuare
681 936 1094 1001 animadvertit,
1127 948 1189 987 ac
1215 933 1422 988 caloris
1472 933 1600 987 vitio
1633 933 1854 1000 corripi,
1883 948 1979 1000 pro

403 1027 736 1082 medicorum
773 1028 822 1078 in
863 1041 956 1080 eos
997 1026 1243 1079 instituto
1275 1023 1408 1094 (‘25),
1449 1025 1536 1092 qui
1573 1039 1707 1090 pene
1729 1023 1976 1075 exhausti

409 1129 533 1173 sunt
580 1133 645 1173 ac
699 1118 1100 1180 distabuerunt,
1140 1117 1396 1184 expandit
1435 1132 1521 1176 ea,
1560 1117 1719 1184 inque
1751 1115 1983 1169 minores

403 1209 731 1264 distribuens
761 1209 1031 1270 cumulos.
1063 1209 1244 1262 studet
1271 1206 1613 1276 refrigerare.
1647 1205 1860 1260 Assidet
1885 1207 1984 1258 tui-

2079 494 2216 547 γμα.
2285 479 2600 548 Περινοστεϊ
2636 475 2821 530 λοιπὸν
2867 478 3001 531 πᾶσι
3056 478 3492 550 συσκοπούμενος
3531 481 3669 551 περὶ

2079 569 2171 623 τοῦ
2203 571 2376 634 σίτου,
2404 570 2480 632 ὡς
2507 569 2624 623 υίοῦ
2654 568 3076 632 κινδυνεύοντος,
3110 569 3193 632 τίς
3233 570 3397 633 ἴασις,
3429 570 3511 632 τίς
3559 589 3673 641 μη-

2080 661 2236 730 χανὴ,
2263 661 2349 714 ἵνα
2383 661 2516 732 πρὸς
2543 661 2707 714 πολὺν
2737 661 3050 733 αὑταρκέσῃ
3081 663 3290 734 χρόνον,
3321 663 3405 716 ἴνα
3422 663 3531 716 τῶν
3561 680 3669 734 ση-

2077 751 2186 805 τῶν
2208 752 2441 825 διαφύγῃ
2461 753 2520 804 τὸ
2541 752 2732 816 πάθος.
2769 752 2886 806 Κᾶν
2909 753 3161 824 αἴσθηται
3183 754 3481 819 καύσωνος,
3506 755 3585 817 ὡς
3611 755 3670 808 οἱ

2083 843 2256 914 ἰατροὶ
2293 840 2420 907 τοὺς
2449 843 2930 915 διαφορουμένους,
2951 844 3260 910 διαπλώσας
3283 847 3466 910 αὑτὸν,
3495 865 3674 900 κατα⁹

2036 1012 2042 1016 ,
2085 936 2294 1007 μερίζει
2329 935 2426 990 καὶ
2450 935 2775 1006 καταψύχει,
2804 936 3018 1006 μοχθῶν
3051 938 3503 1010 προσκαθέξεται,
3537 937 3668 989 σκέο

2083 1043 2190 1096 πην
2228 1027 2368 1080 κατὰ
2405 1027 2506 1098 τὴν
2543 1025 2890 1098 μεσημϐρίαν
2922 1028 3223 1097 σοφίζεται,
3251 1029 3351 1090 τὰς
3379 1028 3537 1091 σκιὰς
3574 1046 3673 1080 νυ-

2085 1117 2210 1182 κτὸς
2251 1119 2578 1187 ἀπογυμνοῇ
2629 1117 2718 1171 ἴνα
2759 1121 2881 1182 ταῖς
2923 1118 3125 1190 αὔραις
3161 1123 3282 1184 ταῖς
3318 1121 3674 1192 νυκτεριναῖς

2087 1209 2446 1279 ὑποπνέηται.

402 1315 494 1357 ser
543 1318 606 1354 ac
651 1315 712 1356 se
735 1301 1099 1363 discrucians;
1161 1311 1517 1370 tegumenque
1561 1314 1622 1353 ac
1676 1309 1916 1352 tutamen
1949 1313 1978 1351 a
2018 1298 2243 1354 meridie
2292 1301 2588 1369 excogitat;
2653 1315 2719 1354 ac
2750 1297 2897 1354 circa
2926 1306 3140 1353 noctem
3208 1313 3394 1352 rursus
3419 1314 3672 1365 amovet,

406 1403 459 1447 ut
491 1403 768 1447 nocturna:
801 1407 946 1446 aura:
978 1393 1200 1447 liberius
1234 1391 1476 1461 aspirare
1504 1399 1725 1461 queant.

479 1489 534 1543 In
567 1490 653 1542 his
686 1490 957 1544 laboribus
981 1504 1042 1542 ac
1075 1489 1334 1543 molestiis
1362 1491 1715 1543 circumstans
1749 1503 1971 1560 pauper,

2153 1485 2340 1541 Ταῦτα
2371 1483 2520 1555 αύτῷ
2549 1480 2981 1553 ταλαιπωροῦντι
3023 1483 3052 1534 ὁ
3087 1479 3253 1549 πένης
3291 1481 3671 1552 περιίσταται,

405 1580 769 1650 periclitantis
811 1581 1016 1650 aliquid
1044 1581 1296 1636 frumenti
1331 1593 1503 1650 rogat,
1524 1596 1620 1636 nec
1651 1581 1742 1636 ille
1771 1582 1976 1636 tribuit:

377 1683 503 1727 v-aut
538 1687 690 1736 sane,
728 1673 780 1727 id
840 1689 1002 1741 parce
1057 1674 1345 1728 admodum
1405 1689 1468 1727 ac
1505 1673 1856 1738 semianimis,
1883 1688 1982 1743 pro

401 1764 807 1819 vehementiori
837 1779 939 1819 suo
962 1764 1026 1818 ad
1060 1764 1186 1817 illttd
1229 1763 1443 1819 affectu.
1481 1764 1678 1818 Verum
1733 1765 1981 1825 obsecro,

409 1853 504 1924 qui
539 1854 632 1908 tali
675 1856 944 1924 praeditus
980 1855 1202 1924 ingenio
1225 1855 1321 1915 sis.
1346 1870 1411 1908 ne
1447 1862 1702 1925 perpetuo
1724 1856 1803 1909 sic
1832 1853 1982 1908 labo-

407 1963 535 2002 rare
560 1962 622 2001 ac
667 1947 989 2002 discruciari
1027 1947 1180 2002 velis.
1221 1945 1365 2001 Sane
1404 1948 1618 2017 quidem
1654 1946 1736 2000 vel
1772 1947 1817 2000 is
1852 1960 1985 2013 quo-

409 2055 515 2110 que
546 2055 741 2095 avarus
765 2040 956 2108 dignus
980 2048 1063 2094 est
1091 2039 1456 2102 miseratione,
1484 2037 1574 2107 qui
1605 2052 1708 2091 non
1729 2037 1982 2090 abhorret

407 2146 441 2184 a
481 2130 725 2193 deliciis;
783 2131 874 2200 qui
931 2131 1136 2184 ventris
1199 2129 1468 2199 voluptate
1515 2130 1744 2197 aliisque
1802 2129 1986 2184 definit

410 2221 605 2290 vitam,
645 2237 880 2292 eumque
912 2222 1148 2276 hominis
1185 2222 1343 2276 linem
1391 2221 1588 2276 credit.
1625 2221 1788 2275 Multo
1817 2221 1987 2292 magis

413 2329 478 2370 ac
513 2314 836 2368 immensum
871 2313 1231 2376 miserrimus,
1287 2313 1376 2382 qui
1411 2312 1688 2365 illiberalis
1715 2320 1798 2364 est
1826 2321 1988 2378 atque

412 2405 703 2470 sordidus;
735 2419 981 2472 unusque
1035 2405 1148 2474 ipse
1194 2421 1310 2472 qua?
1336 2411 1457 2455 sunt
1486 2403 1714 2471 plttrittm
1738 2409 1982 2469 occupat,

415 2513 479 2554 ac
509 2512 665 2553 suum
684 2497 1034 2552 nihilominus
1056 2495 1270 2565 gcuium
1291 2493 1594 2554 defraudat,
1623 2492 1766 2545 nullo
1788 2498 1989 2545 exactae

417 2589 553 2643 adeo
577 2587 867 2656 diligentia:
897 2586 1070 2638 fructu
1111 2592 1274 2651 atque
1321 2585 1445 2636 line.
1493 2581 1626 2648 Quis
1671 2581 1812 2634 enim
1841 2583 1992 2649 igno-

411 2686 519 2741 rat,
556 2686 783 2746 propter
805 2675 1066 2745 seipsum,
1098 2674 1340 2742 exceptis
1368 2673 1677 2737 virtutibus,
1703 2671 1832 2726 nihil
1852 2674 1987 2734 lieri;

411 2767 507 2822 sed
540 2775 598 2821 ut
644 2765 788 2820 aliud
845 2781 911 2820 ex
968 2763 1074 2818 alio
1128 2763 1452 2828 obtineatur,
1487 2778 1550 2817 ac
1598 2763 1991 2818 conficiatnus?

405 2857 581 2914 Nemo
629 2866 776 2913 certe
826 2857 1106 2926 quisquam
1175 2855 1342 2910 solius
1412 2871 1570 2909 causa
1633 2835 2058 2926 navigationisC

413 2950 551 3005 mari
602 2965 664 3006 se
711 2948 1032 3012 committit;
1069 2962 1227 3002 nemo
1273 2955 1489 3015 propter
1518 2948 1688 3014 ipsam
1720 2946 1981 3015 agricola-

413 3042 612 3097 tionem
639 3042 692 3096 in
717 3039 902 3094 labore
935 3048 1146 3092 aetatem
1181 3038 1324 3107 agit;
1382 3038 1477 3092 sed
1517 3037 1719 3106 liquido
1749 3048 1984 3099 constat,

414 3132 557 3202 quod
583 3141 732 3186 certo
767 3138 994 3199 uterque
1027 3129 1255 3185 consilio
1292 3131 1422 3183 istas
1460 3129 1736 3183 molestias
1769 3128 1980 3182 subeat:

419 3226 558 3280 alter
588 3223 842 3279 nimirum
876 3222 952 3276 uti
984 3219 1162 3289 fruges
1198 3223 1527 3288 uberemque
1562 3234 1792 3274 messem
1839 3219 1990 3272 colli-

417 3326 538 3387 gat;
563 3315 720 3378 alter,
763 3323 818 3368 ut
856 3316 1083 3368 nauticae
1109 3313 1488 3383 negotiationis
1515 3311 1732 3366 divitias
1769 3311 1982 3366 referat.

407 3409 495 3465 Tu
518 3423 650 3464 vero
677 3409 786 3472 dic,
815 3408 993 3474 sodes,
1019 3407 1270 3476 quidnam
1304 3415 1531 3475 spectes,
1553 3414 1610 3459 ut
1633 3405 1712 3460 sic
1733 3405 1992 3473 colligas?

411 3503 617 3573 quidve
652 3499 774 3556 llnis
813 3499 1140 3570 propositum
1171 3499 1262 3561 sit,
1296 3507 1354 3550 ut
1399 3497 1469 3549 ita
1505 3511 1634 3564 opes
1663 3496 1880 3550 inutiles
1896 3510 1986 3548 ex.

415 3604 632 3649 struere
653 3591 914 3646 studeas?
937 3589 1028 3643 Vel
1079 3591 1216 3658 ipse,
1250 3589 1448 3656 inquis,
1483 3603 1569 3642 me
1603 3600 1856 3656 aspectus
1899 3587 1993 3640 de-

413 3683 600 3737 lectat.
646 3680 808 3750 Atqui
852 3680 1054 3734 ratione
1097 3679 1200 3732 alia
1235 3678 1426 3734 morbo
1452 3687 1541 3734 tuo
1583 3679 1830 3748 indulge;
1868 3693 1990 3732 nam

417 3773 615 3827 alienis
649 3770 811 3824 etiam
844 3769 1000 3824 bouis
1048 3769 1242 3823 sedare
1298 3771 1402 3823 hoc
1451 3765 1776 3822 desiderium
1816 3776 1989 3836 potes.

429 3863 488 3919 Si
530 3871 582 3916 te
609 3860 752 3930 capit
779 3875 844 3914 ac
870 3858 1138 3914 exhilarat
1193 3859 1401 3929 argenti
1439 3859 1636 3930 fulgor,
1675 3860 1730 3914 in
1758 3861 1994 3930 argenti-

420 3955 584 4010 ticum
611 3951 836 4007 ofﬁcinis
859 3951 1115 4005 assidenti
1147 3961 1522 4007 coruscantem
1559 3954 1770 4020 argenti
1817 3953 1991 4008 lucem

420 4043 778 4113 contemplari
809 4041 964 4106 licet;
1020 4052 1114 4096 aut
1161 4042 1309 4097 circa
1364 4041 1539 4098 forum
1570 4053 1624 4098 et
1669 4043 1783 4099 loca
1814 4060 1992 4100 rerum

423 4134 718 4200 venalium,
755 4133 843 4189 ubi
880 4132 1038 4197 disci,
1070 4134 1275 4199 lances,
1329 4133 1574 4203 aquales,
1615 4150 1680 4190 ac
1706 4151 1868 4192 omne
1901 4151 1994 4208 ge-

424 4243 527 4284 nus
555 4237 801 4298 prostant
845 4226 1086 4295 exposita
1117 4241 1268 4288 vasa.
1319 4228 1560 4282 animum
1589 4228 1880 4286 oblectare.
1904 4231 1996 4286 Li-

422 4327 613 4380 berum
637 4323 739 4378 hoc
762 4336 824 4376 ac
862 4323 1157 4391 gratuitum
1185 4322 1574 4392 spectaculum.
1613 4323 1719 4379 Sed
1753 4335 1807 4380 et
1841 4341 1998 4380 num-

424 4412 683 4468 molarios
733 4422 982 4480 spectare
1032 4411 1181 4474 licet,
1229 4411 1319 4481 qui
1349 4411 1402 4466 in
1455 4413 1656 4470 mensis
1715 4416 1996 4483 pecuniam

421 4503 640 4560 assidue
697 4509 1036 4557 contrectant
1088 4510 1252 4572 atque
1307 4503 1670 4561 dinumerant.
1714 4505 1828 4562 luto
1870 4523 1998 4564 vero

421 4594 584 4650 rectis
633 4593 812 4662 potius
854 4591 1233 4661 obtemperans
1297 4593 1534 4657 monitis,
1583 4609 1807 4664 pravum
1852 4598 1996 4654 hunc

430 4686 726 4756 appetitum
757 4698 950 4748 exues,
976 4699 1039 4738 ac
1064 4685 1304 4739 animum
1335 4686 1590 4741 mutabis.
1617 4679 1818 4744 .Facili's
1846 4692 1994 4745 enim

2023 4176 2071 4236 ι)

2083 1579 2260 1651 ζητῶν
2289 1580 2354 1632 ὲκ
2377 1576 2471 1631 τοῦ
2496 1575 2893 1637 κινδυνεύοντος
2921 1573 3093 1636 σίτου,
3122 1573 3217 1626 καὶ
3248 1573 3310 1626 ού
3337 1572 3554 1625 δίδωσιν
3577 1591 3590 1604 ο
3631 1573 3670 1640 ἢ

2081 1671 2226 1733 δοὺς,
2263 1669 2536 1739 φειδωλῶς
2575 1667 2858 1739 χαρίζεται
2902 1666 2996 1718 καὶ
3021 1664 3341 1735 ἠμίθνητος,
3378 1663 3472 1716 τοῦ
3509 1663 3667 1717 σίτου

2083 1763 2289 1834 σφόδρα
2335 1761 2744 1833 περιεχόμενος.
2789 1759 2881 1828 Μὴ
2921 1757 3100 1810 τοίνυν
3137 1757 3422 1826 ἀπέραντα
3473 1757 3671 1828 μόχθει

2085 1856 2178 1909 καὶ
2211 1854 2444 1924 χαλέπα,
2485 1854 2514 1904 ὁ
2541 1850 2804 1914 τοιοῦτος,
2839 1847 3162 1920 παρακαλῶ.
3203 1847 3384 1900 Ἐλέου
3423 1849 3519 1918 μὲν
3554 1850 3671 1920 γὰρ

2085 1949 2233 2012 ἄξιος
2255 1948 2349 2001 καὶ
2369 1947 2398 1999 6
2423 1944 2644 2019 τρυφῶν
2675 1944 3027 2013 πλεονέκτης,
3061 1943 3090 1995 6
3115 1931 3186 2012 τῇ
3205 1943 3401 2014 γαστρὶ
3423 1944 3514 1995 καὶ
3544 1947 3671 2006 ταῖς

2085 2040 2272 2102 ἄλλαις
2295 2039 2509 2110 ἡδοναῖς
2541 2034 2870 2107 περιορίζων
2905 2034 2994 2087 τὸν
3034 2033 3166 2100 βίον,
3198 2032 3356 2085 τοῦτο
3387 2033 3536 2096 τέλος
3582 2049 3674 2085 νο-

2090 2132 2260 2202 μίζων
2309 2131 2408 2200 τῆς
2454 2127 2890 2199 ἀνθρωπότητος.
2937 2125 2997 2178 '0
3037 2125 3092 2178 δὲ
3141 2128 3520 2196 μικροπρεπὴς
3570 2127 3671 2179 καὶ
3709 2149 3712 2152 ~

2089 2222 2472 2294 σμικρολόγος,
2504 2220 2624 2273 οὐδὲ
2657 2219 2853 2290 μέτρον
2887 2217 2999 2289 ἕχει
3022 2219 3120 2288 τῆς
3153 2217 3484 2286 ἀθλιότητος,
3520 2217 3668 2288 λαμ-

2087 2313 2264 2367 ϐάνων
2292 2312 2360 2366 τά
2384 2311 2492 2365 τῶν
2533 2309 2763 2375 πολλῶν,
2802 2309 2895 2363 καὶ
2921 2309 3100 2379 ἑαυτῷ
3136 2308 3210 2379 μὴ
3235 2309 3427 2371 διδοὺς,
3453 2309 3533 2372 είς
3571 2309 3669 2362 οὐ·

2086 2403 2172 2456 δὲν
2197 2403 2254 2456 δὲ
2279 2401 2604 2472 καταλήγων
2631 2399 2733 2470 τῆς
2758 2399 2996 2470 σπουδῆς
3026 2399 3392 2469 ἀποτέλεσμα.
3431 2399 3526 2462 Τίς
3558 2399 3673 2472 γὰρ

2087 2496 2188 2548 ούκ
2220 2490 2380 2559 οἶδεν,
2423 2494 2498 2557 ὡς
2536 2492 2690 2545 οὐδὲν
2725 2492 2834 2544 τῶν
2871 2491 3189 2560 γινομένων,
3223 2492 3364 2562 πλὴν
3395 2492 3502 2544 τῶν
3533 2493 3673 2562 ἀρε-

2087 2587 2215 2648 τῶν,
2247 2585 2379 2639 αύτὸ
2420 2583 2485 2637 δι’
2519 2583 2678 2636 ἑαυτὸ
2709 2581 2942 2651 γίνεται,
2973 2581 3085 2635 ἀλλ’
3111 2583 3296 2654 ἕτερόν
3329 2601 3381 2635 τι
3429 2584 3674 2654 πράττο-

2093 2693 2211 2748 μεν,
2245 2676 2308 2728 ἵν’
2342 2673 2468 2729 ἄλλο
2489 2671 2961 2743 κατορθώσωμεν;
2995 2671 3185 2734 Οὐδεὶς
3211 2671 3408 2735 πλέων,
3437 2673 3504 2724 δι’
3532 2672 3675 2725 αὐτὸ

2090 2769 2150 2822 τὸ
2205 2769 2378 2832 πλεῖν,
2433 2764 2770 2822 θαλαττεύει·
2810 2764 2932 2816 οὐδὲ
2991 2763 3273 2836 γεωργῶν,
3325 2765 3392 2818 δι’
3436 2764 3572 2819 αὐτὸ
3608 2765 3676 2818 τὸ

2092 2863 2379 2931 γεωργεῖν,
2416 2861 2531 2922 τοῖς
2558 2859 2740 2922 πόνοις
2772 2857 2928 2928 συζῇ·
2963 2857 3099 2912 ἀλλά
3142 2857 3426 2928 πρόδηλον,
3457 2859 3532 2924 ὡς
3558 2865 3676 2926 τοῖς

2090 2949 2351 3020 λυπηροῖς
2401 2945 2827 3019 ὲγκαρτεροῦσιν
2877 2946 3196 3017 ἀμφότεροι.
3232 2947 3260 2998 6
3304 2947 3402 3018 μὲν
3436 2948 3523 3003 ἵνα
3571 2951 3677 3022 τὴν

2090 3040 2422 3112 ἐπικαρπίαν
2445 3039 2543 3110 τῆς
2568 3040 2692 3110 γῆς,
2723 3040 2753 3092 6
2779 3039 2837 3093 δὲ
2867 3039 2953 3092 ἵνα
2989 3038 3081 3091 τὸν
3113 3038 3338 3093 πλοῦτον
3365 3040 3463 3112 τῆς
3486 3059 3677 3096 ναυτι-

2090 3133 2193 3202 κῆς
2227 3131 2494 3204 ἐμπορίας
2535 3133 2851 3202 κομίσηται.
2883 3131 2955 3185 Σὺ
2990 3130 3067 3191 δὲ,
3092 3130 3146 3184 τί
3175 3131 3234 3185 τὸ
3261 3132 3352 3186 σὺν
3386 3132 3561 3206 πέρας
3590 3137 3674 3188 εί-

2091 3229 2178 3282 πέ.
2209 3229 2326 3281 Ἵνα
2350 3227 2660 3297 συναγάγῃς
2681 3227 2829 3293 ;'Ka.l.
2851 3228 3000 3278 ποῖον
3027 3225 3186 3280 τοῦτο
3211 3227 3362 3290 τέλος
3389 3227 3469 3291 τὸ,
3495 3229 3674 3301 ἄχρηο

2092 3337 2215 3373 στον
2243 3319 2375 3389 ὓλην
2415 3318 2787 3390 σωρεύσαντα,
2834 3316 3091 3391 βλέίπεινς
3141 3318 3346 3389 Τέρπει
3393 3336 3480 3390 με,
3513 3323 3672 3390 φησὶ,

2091 3413 2186 3466 καὶ
2209 3414 2242 3483 ὴ
2267 3411 2383 3465 θέα.
2418 3410 2630 3465 Οὐκοῦν
2651 3411 2826 3473 ἄλλως
2858 3411 2919 3462 τὸ
2951 3409 3148 3464 σαυτοῦ
3175 3411 3387 3482 νόσημα
3422 3411 3670 3482 μέτελθε.

2095 3501 2342 3568 Ἔξεστιν
2368 3499 2476 3570 γὰρ
2519 3501 2614 3553 καὶ
2641 3503 2754 3563 τοῖς
2780 3498 3080 3570 ἀλλοτρίοις
3114 3501 3360 3571 χρήμασι
3392 3519 3674 3574 προσανα-

2093 3593 2286 3645 παύειν
2317 3591 2408 3645 τὸν
2445 3591 2622 3645 πόθον.
2660 3590 2722 3644 El
2765 3591 3045 3663 εὐφραίνει
3093 3609 3154 3645 σε
3185 3592 3247 3645 τὸ
3291 3593 3544 3647 στιλπνὸν
3578 3595 3674 3649 τοῦ

2092 3684 2382 3757 ἀργυρίου,
2415 3681 2868 3754 προσκαθήμενος
2908 3684 3021 3745 τοῖς
3052 3682 3406 3754 ἀργυροχόοις
3433 3685 3676 3738 ἀποϐλε-

2094 3793 2162 3830 πε
2185 3775 2320 3847 πρὸς
2352 3773 2451 3846 τὴν
2484 3774 2694 3844 πυκνὴν
2724 3772 2818 3825 καὶ
2854 3773 3173 3827 στίλϐουσαν
3203 3775 3456 3846 αὐγήνοῆ
3481 3777 3576 3830 καὶ
3603 3777 3677 3831 τὰ

2094 3867 2373 3940 πρατήρια
2435 3866 2893 3938 καταλαμὸἀνων,
2957 3865 3161 3936 τέρπου
3231 3854 3344 3930 τοῖς
3410 3867 3676 3932 ποικίλοις

2098 3957 2370 4021 σκεύεσιν,
2391 3955 2678 4029 ὀψοφόροις
2703 3973 2760 4009 τε
2790 3955 2886 4008 καὶ
2909 3955 3180 4026 προχόοις’
3228 3941 3565 4031 προῖκαίγάρ
3592 3973 3678 4012 σοι

2096 4052 2191 4104 καὶ
2227 4047 2505 4104 ἀκώλυτον
2535 4049 2568 4118 ἠ
2603 4047 2717 4100 θέα.
2765 4043 2909 4118 Ὅρα
2957 4047 3050 4100 καὶ
3085 4047 3211 4110 τοὺς
3250 4030 3706 4121 ἀργυρογνώμο-’

2097 4159 2194 4207 νας
2261 4141 2389 4204 τοὺς
2421 4139 2543 4208 ,ἐπὶ
2617 4137 2724 4192 τῶν
2793 4139 3080 4208 τραπεζῶν
3138 4139 3498 4211 ψηλαφῶντας
3579 4143 3678 4197 καὶ

2099 4234 2468 4308 ἀριθμοῦντας
2524 4231 2761 4303 συνεχῶς
2813 4235 2881 4285 τὰ
2931 4233 3278 4304 νομίσματαο
3346 4233 3556 4305 μᾶλλον⁸
3595 4236 3674 4302 δὲ,

2098 4325 2420 4399 παραινέσει
2479 4323 2722 4386 πεισθεὶς
2761 4322 2964 4394 ἀγαθῇ,
3011 4323 3245 4394 μετάθου
3288 4325 3394 4400 *τῆς
3426 4325 3674 4396 γνώμης.

2097 4417 2332 4481 Εὕκολος
2373 4416 2483 4488 γὰρ
2517 4418 2552 4486 ἡ
2586 4415 2889 4487 διόρθωσις,
2930 4413 3118 4486 ἐπειδὴ
3153 4416 3226 4486 μὴ
3268 4413 3483 4483 φύσεώς
3526 4417 3679 4472 ἐστιν

2097 4509 2310 4580 ἀνάγκη
2361 4504 2662 4570 πλεονεξία,
2719 4504 2865 4576 ὁρμὴ
2913 4504 2970 4557 δὲ
3025 4504 3416 4576 προαιρέσεωςο
3461 4507 3528 4576 ἢν
3581 4525 3680 4578 με-

2101 4599 2353 4656 ταϐαλείν
2388 4601 2502 4662 τοῖς
2530 4597 2590 4652 τὸ
2632 4597 2910 4670 συμφέρον
2936 4595 3397 4668 ἐπιλογιζομένοις
3428 4599 3489 4652 οὺ
3517 4601 3679 4671 χαλε-

2062 4738 2069 4741 .
2105 4692 2221 4746 πόν.

427 4775 716 4840 correctio,
747 4790 870 4830 cum
905 4774 1135 4829 avaritia
1163 4790 1270 4830 non
1295 4777 1365 4832 sit
1397 4777 1578 4848 aliqua
1620 4783 1878 4836 naturalis
1919 4785 2241 4850 necessitas,
2273 4785 2366 4841 sed
2397 4785 2630 4855 impetus
2676 4800 2741 4840 ac
2792 4786 3092 4852 voluntaria
3137 4786 3382 4856 quaedam
3437 4784 3689 4858 affectio;

425 4887 590 4945 quam
618 4871 888 4940 deponere
916 4871 1058 4924 haud
1094 4871 1162 4926 iis
1194 4873 1266 4927 sit
1295 4871 1528 4938 difficile,
1564 4874 1654 4943 qui
1689 4887 1942 4946 reputent
1965 4893 2028 4932 ac
2056 4881 2236 4934 norint
2265 4881 2588 4936 concludere
2619 4881 2761 4950 quod
2795 4881 2923 4936 utile
2946 4881 3036 4936 sit.

495 4964 748 5034 Prospice
777 4962 959 5016 animo
989 4963 1041 5016 in
1087 4960 1338 5016 futurum
1373 4973 1604 5034 tempus,
1641 4967 1862 5035 quando
1891 4985 1996 5021 non

421 5060 570 5125 oris;
626 5055 842 5126 quando
893 5053 1127 5122 pauxilla
1212 5063 1355 5108 terra
1411 5067 1788 5125 exporrectum
1849 5068 1996 5114 tuum

427 5163 626 5218 corpus
675 5144 832 5201 omni
869 5146 1179 5202 destitutum
1235 5161 1396 5201 sensu
1464 5148 1708 5203 habitura
1763 5163 1880 5217 est;
1935 5168 1999 5209 ac

425 5257 719 5313 paucorum
751 5239 927 5295 tabula
965 5237 1290 5308 palmorum,
1345 5249 1466 5293 tuas
1507 5249 1817 5295 contectnra
1869 5243 1996 5296 reli-

421 5334 604 5406 quias.
629 5332 731 5390 Ubi
793 5342 920 5385 tunc
960 5344 1115 5400 opes,
1169 5343 1234 5383 ac
1291 5330 1519 5386 collecta
1575 5332 1829 5386 cimelia?
1866 5334 1998 5400 Quis

495 5490 608 5561 (23)
650 5485 756 5540 Pro
809 5483 1124 5561 medicorum
1173 5483 1229 5561 in
1273 5497 1366 5561 eos
1419 5485 1682 5561 instituto,
1732 5486 1842 5561 qui.
1891 5495 1994 5540 etc.

417 5551 552 5616 Levi
589 5551 1029 5624 'transpositiouc
1079 5551 1286 5605 restitui
1352 5555 1493 5620 quod
1545 5565 1693 5607 textu
1743 5551 1987 5609 luxatum

427 5640 548 5683 erat
600 5620 781 5694 atque'
809 5620 1112 5681 confusum,
1153 5636 1283 5694 cum
1330 5633 1483 5678 antea
1542 5625 1828 5694 legeretur.
1880 5627 1993 5688 τοῖς

411 5690 860 5774 διαφορουμένοις
892 5690 1279 5760 καταμερίζειο
1320 5695 1514 5764 quippe
1540 5690 1788 5762 alterunt,
1828 5698 1994 5752 medi-

2179 4969 2523 5040 ’Υπέρκυψον
2558 4970 2637 5041 τῷ
2673 4969 2920 5042 λογισμῷ
2958 4973 3038 5034 εἰς
3066 4970 3156 5023 τὸν
3189 4968 3314 5038 ἑξῆς
3345 4969 3552 5041 χρόνον,
3585 4969 3677 5024 ὅτε

2096 5061 2196 5114 οὐκ
2225 5061 2345 5134 ἔσῃ’
2375 5062 2463 5116 ὅτε
2494 5061 2667 5134 μικρά
2706 5063 2778 5132 γῆ
2807 5061 3023 5126 καθέξει
3061 5079 3156 5114 σου
3195 5061 3568 5131 διηπλωμένον
3615 5062 3676 5114 τὸ

2099 5149 2258 5219 σῶμα
2289 5148 2634 5220 ἀναίσθητον
2668 5149 2810 5214 πλάξ
2851 5150 2909 5203 δὲ
2940 5149 3136 5217 ὀλίγων
3180 5148 3468 5219 σπιθαμῶν
3506 5148 3674 5202 καλύ-

2095 5239 2186 5309 ψει
2206 5241 2267 5292 τὸ
2291 5240 2560 5310 λείψανον.
2590 5241 2700 5295 Ποῦ
2726 5241 2848 5294 τότε
2873 5242 2901 5292 6
2933 5241 3161 5304 πλοῦτος
3184 5242 3277 5294 κα)⁸
3304 5241 3372 5294 τὰ
3393 5240 3676 5311 συναχθένο

2095 5352 2164 5388 τα
2215 5335 2505 5406 κειμήλια;
2539 5336 2634 5398 Τίς
2686 5337 2714 5388 6
2756 5335 2866 5387 τῶν
2893 5333 3363 5403 καταλειφθέντων
3410 5332 3678 5403 κλειρονό-

2107 5501 2199 5541 cos
2219 5527 2234 5550 ,
2269 5488 2492 5558 alterum
2547 5487 3038 5558 rcspicitiavarum,
3068 5486 3158 5555 qui
3191 5487 3416 5557 idipsunt
3447 5505 3676 5558 propor-

2102 5560 2246 5610 tione
2299 5559 2350 5610 in
2405 5557 2670 5610 frumenta
2723 5557 3050 5608 tabescetttt'a
3101 5570 3337 5624 prmstM,
3391 5557 3556 5627 atque
3600 5561 3674 5614 illi

2102 5628 2152 5679 in
2201 5643 2424 5694 corpora
2476 5627 2829 5679 immoderato
2875 5627 3056 5679 calore
3105 5629 3562 5694 coutabesccutia,
3612 5647 3674 5684 ac

2103 5713 2219 5765 qum
2255 5708 2364 5751 tota
2399 5699 2449 5750 in
2485 5698 2709 5750 sudores
2740 5696 3102 5763 resolvantur,
3138 5713 3202 5751 ac
3223 5711 3352 5752 testu
3388 5701 3669 5756 exhausta.
