3820 6302
155 335 252 393 sas

1181 331 1466 388 HilMlLlA
1502 334 1591 389 Ill.
1628 332 1992 391 ADVERSUS
2023 333 2429 391 AVARITIAM.

3302 336 3413 395 206

155 465 279 521 ιιοςς
308 447 388 502 Οὐ
418 448 532 520 γὰρ
571 447 794 512 πάντως
838 449 1044 513 ἐκεῖνος
1092 448 1246 503 ἔσται
1281 450 1543 522 διάδοχος,
1576 450 1636 505 ὃν
1671 451 1736 504 σὺ

1842 453 2110 508 bonorum
2156 453 2466 509 relictorum
2498 450 2712 508 haeres?
2748 450 2860 509 Nec
2889 453 3034 510 enim
3079 452 3127 510 is
3166 455 3410 520 omnino,

155 539 476 611 προσδοκᾷς.
527 542 624 594 Ἂν
674 540 869 604 παῖδας
919 539 1275 613 καταλείπῃς,
1330 541 1492 614 τυχδν
1548 542 1735 596 κονδυ-

155 633 518 705 λισθήσονται,
573 634 669 687 καὶ
725 632 1033 705 ὁμότροπος
1076 650 1171 689 σου
1217 634 1551 707 πλεονέκτης
1604 635 1738 709 θρη-

156 722 366 786 νοῦντας
406 724 615 787 αὐτοὺς
651 723 753 794 τῆς
791 723 971 786 οἰκίας
1014 724 1113 795 τῆς
1142 725 1417 797 πατρικῆς
1451 724 1735 780 άπελάσει.

156 815 262 868 Κᾶν
285 814 466 878 ἄπαις
491 814 584 867 ἐπί
613 831 739 868 τινα
764 815 875 882 τῶν
902 813 1070 883 φίλων
1100 816 1477 890 παραπέμψῃς
1501 816 1591 870 τόν
1615 816 1740 888 κλῆ-

158 922 259 977 ρον,
288 904 365 976 μὴ
402 905 649 977 πρόσεχέ
679 922 775 959 σου
808 907 874 977 τῇ
904 905 1155 977 διαθήκῃ,
1188 906 1264 971 ὼς
1292 909 1534 979 ἀκινήτῳ
1565 908 1735 980 νόμῳ,

156 998 223 1061 ὡς
247 999 542 1070 πράγματι
563 999 945 1071 άναντιρρήτῳ
973 998 1068 1051 καὶ
1100 998 1327 1071 ίσχυρῷ.
1363 999 1548 1072 Ὀλίγη
1573 1018 1738 1054 σπου-

155 1089 213 1160 δὴ
239 1091 446 1162 ἄκυρον
479 1092 653 1144 ποιεῖν
677 1089 778 1161 τὴν
810 1088 1046 1162 γραφήν.
1081 1089 1266 1162 Ἧούχ
1292 1092 1424 1162 ὁρᾷς
1452 1092 1577 1155 τοὺς
1610 1109 1739 1145 συν-

156 1181 281 1251 εχῶς
307 1184 368 1235 ὲν
390 1185 511 1245 τοῖς
536 1180 911 1253 δικαστηρίοις
933 1181 1074 1236 κατὰ
1103 1181 1211 1235 τῶν
1238 1182 1511 1255 διαθηκῶν
1536 1186 1737 1254 ἀγωνι-

156 1273 429 1344 ζομένους,
460 1275 613 1338 ὅπως
641 1273 812 1339 αὐτὰς
854 1273 1121 1338 ποικίλοις
1162 1275 1522 1347 ἐγχειρήμασι
1564 1292 1740 1347 παρα-

157 1367 460 1440 κρούονται,
497 1370 627 1433 τοὺς
666 1367 776 1421 τῶν
823 1366 1005 1438 νόμων
1048 1366 1297 1437 τεχνίτας
1346 1368 1738 1439 προϊστάμενοι

157 1460 509 1532 συνηγόρους,
542 1460 672 1523 τοὺς
707 1458 916 1523 δεινοὺς
969 1461 1206 1532 ῥήτορας
1246 1460 1574 1531 ἐπαγόμενοι
1609 1460 1733 1532 βοητ

157 1551 289 1614 θοὸς,
313 1551 780 1622 ψευδομάρτυρας
812 1549 1125 1621 τρέφοντες,
1148 1550 1469 1623 δικαστήρια
1493 1550 1737 1620 διαφθεί-

160 1658 363 1712 ροντες;
407 1641 528 1695 Καὶ
581 1638 669 1693 διὰ
720 1639 879 1693 τοῦτο
933 1639 992 1707 ἐξ
1035 1634 1112 1693 ὧν
1155 1641 1286 1713 ὁρᾷς
1314 1640 1442 1706 ζῶν,
1476 1641 1739 1713 περὶτῶν

159 1731 451 1801 μελλόντων
485 1730 597 1785 τῶν
645 1730 785 1802 μετὰ
828 1732 886 1784 σὲ
932 1730 1210 1787 παιδεύου.
1248 1733 1309 1785 Et
1344 1733 1553 1786 δίκαιον
1595 1732 1737 1803 ἔχεις

1838 560 1999 614 quem
2053 545 2317 608 destinas,
2383 544 2598 601 futurus
2642 540 2753 599 est.
2784 544 2840 602 Si
2910 544 3064 601 liberi
3089 549 3414 615 superstites

1838 636 1969 696 sint,
2001 650 2178 706 pugno
2227 635 2368 691 forte
2410 650 2476 692 ac
2539 636 2855 692 verberibus
2892 638 3190 705 czedeutur,
3231 639 3416 708 tuique

1840 726 2036 781 similis
2097 740 2296 782 avarus
2355 726 2601 798 lugentes
2657 738 2881 797 paterna
2948 730 3109 786 domo
3160 728 3412 800 expellet.

1839 817 1991 883 Quod
2030 816 2075 872 si
2105 818 2272 873 orbus
2318 818 2505 874 liberis
2542 819 2609 874 ad
2644 818 2874 889 aliquem
2911 821 3208 877 amicorum
3238 831 3417 876 trans-

1840 906 2022 963 mittas
2048 908 2437 976 hmreditatem,
2474 925 2579 965 non
2607 919 2689 966 est
2733 926 2833 967 cur
2870 912 3179 968 testamenti
3220 913 3417 969 tabulis

1842 1014 2166 1071 magnopere
2186 999 2448 1065 confidas,
2484 1010 2737 1069 tanquam
2762 1010 2926 1057 certa:
2952 1011 3007 1057 et
3038 1001 3271 1058 deﬁnitae
3289 1003 3413 1072 legi,

1841 1101 2096 1163 tanquam
2164 1093 2239 1148 rei
2297 1093 2515 1149 minime
2571 1103 2974 1162 controversae,
3025 1097 3220 1168 cuique
3269 1097 3417 1153 nullo

1840 1185 2001 1241 modo
2029 1187 2324 1242 contradici
2355 1196 2539 1257 queat.
2574 1186 2779 1244 Modica
2805 1205 2969 1259 opera
3001 1191 3326 1262 scripturam
3353 1205 3417 1246 ac

1844 1277 2057 1333 tabulas
2091 1278 2277 1333 irritas
2307 1279 2411 1334 fac.
2454 1279 2642 1335 Nonne
2670 1295 2766 1336 eos
2799 1282 2949 1337 vides
2997 1282 3087 1351 qui
3120 1281 3337 1339 assidue
3359 1281 3412 1336 in

1843 1366 1960 1423 foro
1997 1384 2159 1438 super
2185 1371 2525 1427 testamentis
2549 1372 2782 1443 litigant,
2835 1389 2943 1444 quo
2974 1373 3141 1430 variis
3165 1389 3226 1430 ea
3258 1373 3411 1428 moli—

1844 1460 2079 1515 tionibus
2108 1475 2172 1515 ac
2204 1463 2410 1517 artibus
2432 1470 2679 1519 evertant
2706 1464 3053 1534 eludantque,
3070 1464 3417 1535 jurisperitos

1840 1562 2099 1619 patronos
2122 1551 2467 1618 adhibentes,
2503 1564 2751 1610 oratores
2794 1555 3189 1611 disertissimos
3214 1555 3416 1611 auxilit-

1841 1641 2195 1708 ascisceutes,
2232 1643 2398 1699 falsos
2434 1653 2598 1700 testes
2633 1646 2884 1701 mercede
2923 1645 3417 1716 conducentesJu-

1843 1730 2022 1785 dicum
2056 1745 2347 1787 concessus
2376 1734 2813 1803 corrumpeutes?
2858 1733 3219 1803 Quamobrem
3247 1752 3310 1792 ex
3346 1737 3417 1795 iis

155 1824 235 1877 τὶν
258 1823 517 1885 πλοῦτον,
550 1826 632 1888 εἰς
653 1824 771 1879 δέον
796 1826 1019 1898 χρῆσαι,
1041 1826 1116 1889 ὠς
1143 1826 1172 1878 ό
1203 1826 1475 1897 μακάριος
1522 1825 1659 1879 Ἰώόσ
1689 1829 1737 1881 εί

1842 1836 1962 1890 qua:
1988 1831 2039 1876 te
2072 1832 2344 1893 spectante
2377 1840 2441 1879 ac
2493 1824 2614 1881 vivo
2650 1827 2804 1893 liunt,
2838 1827 2906 1882 de
2964 1828 3051 1883 his
3092 1826 3257 1883 facito
3283 1842 3416 1883 cou-

157 1914 344 1975 ᾶδικον,
377 1915 656 1970 ἁνάλυσον
678 1905 841 1969 αὐτδν
874 1916 968 1969 ἐπὶ
992 1916 1119 1980 τοὺς
1149 1915 1470 1987 βιασθέντας
1491 1917 1733 1987 κυρίους,

156 2006 223 2069 ὡς
244 2007 599 2077 αἰχμάλωτον
629 2008 695 2061 ὲκ
722 2008 980 2078 πολέμουο
1004 2007 1037 2080 ἢ
1071 2007 1231 2061 αὑτὸν
1256 2007 1314 2061 ὃν
1338 2007 1549 2071 ἔλαϐες,
1580 2007 1611 2078 ἢ
1643 2025 1739 2078 με·
1774 2046 1780 2059 .

248 2099 593 2170 προσθήκης,
626 2099 703 2163 ὼς
732 2099 761 2150 ὁ
789 2100 1076 2169 Ζακχαῖος.
1114 2100 1178 2152 El
1206 2100 1280 2171 μὴ
1310 2099 1461 2171 ἔχῃς,
1500 2099 1573 2170 μὴ
1606 2100 1738 2171 κτή-

160 2206 218 2261 σῃ
250 2192 454 2255 κακῶς.
498 2194 592 2246 Σοὶ
625 2193 869 2265 μὲνκγάρ
902 2192 947 2224 ⁸⁸
981 2192 1337 2265 ἀκολουθήσει
1394 2192 1593 2263 πικρὸν
1640 2193 1739 2260 ὲφ-

157 2280 282 2335 όδιοδ
329 2284 362 2353 ή
422 2283 697 2355 ἁμαρτία,
750 2283 849 2355 τὴν
900 2283 1202 2353 ἀναγκαίαν
1246 2283 1594 2354 πορευομένῳ
1637 2300 1734 2336 πο-

63 2370 72 2381 ’
165 2376 319 2445 ρείαν·
353 2374 478 2449 η’δὲ
517 2377 819 2441 ἀπόλαυσις
855 2376 964 2430 τῶν
990 2375 1318 2447 κτηθέντων,
1352 2370 1435 2437 οἷς
1459 2375 1521 2428 οὐ
1566 2374 1732 2446 γινώο

163 2481 316 2530 σκεις.
346 2467 875 2540 καταλειφθήσεται.
915 2469 1026 2522 Καὶ
1059 2467 1179 2520 τότε
1206 2467 1296 2521 τὸν
1327 2466 1491 2520 Δαϐὶδ
1522 2464 1736 2534 θαυμάο-

164 2574 263 2623 σεις
294 2560 556 2628 λέγοντα·
599 2559 969 2629 Θησαιφίζει,
1025 2559 1126 2613 καί
1176 2561 1247 2614 οὐ
1292 2558 1570 2630 γινώσκει
1617 2557 1735 2610 τίνι

165 2652 396 2714 συνάξει
450 2652 628 2707 αὐτά.
688 2651 966 2725 Γνωρίσης
996 2652 1053 2705 δὲ
1096 2650 1192 2705 καὶ
1229 2649 1319 2704 τὸν
1353 2648 1606 2703 πλούσιον
1649 2647 1737 2700 τὸν

80 2734 88 2741 ’
167 2744 427 2798 ἀντίθετον
452 2744 549 2799 τοῦ
586 2740 864 2820 ᾼαζάρου,
899 2742 991 2796 τὸν
1016 2742 1220 2815 ἀρτίως
1248 2742 1379 2813 ἡμῖν
1414 2740 1480 2793 ὲκ
1502 2736 1610 2792 τῶν
1634 2739 1739 2791 Εὑ-

167 2835 420 2904 σγγελίων
466 2834 912 2905 ἀναγνωσθέντα,
956 2834 1019 2888 οὐ
1066 2833 1233 2905 μῦθον
1269 2831 1625 2903 συγκείμενον
1662 2832 1743 2892 είς

168 2927 518 3000 κατάπληξιν,
573 2925 712 2985 ἀλλὰ
756 2924 927 2981 τύπον
965 2925 1168 2998 ἀκριὸῆ
1215 2922 1591 2997 παραδοθέντα
1643 2920 1741 2976 τοῦ

172 3018 465 3085 μέλλοντος.

1818 1913 2117 1982 'jceturam,
2142 1932 2261 1987 quae
2292 1928 2412 1986 post
2442 1926 2493 1973 te
2517 1916 2690 1973 futura
2724 1931 2868 1973 sunt.
2890 1919 2949 1974 Si
2979 1930 3104 1975 sunt
3130 1918 3418 1990 opesjuste

1834 2022 1899 2061 ac
1926 2007 2162 2076 legitime
2180 2020 2365 2078 partaa,
2392 2009 2528 2064 bene
2546 2010 2645 2074 eis,
2664 2009 2910 2080 exemplo
2924 2012 3063 2067 beati
3085 2010 3208 2079 Job,
3224 2022 3373 2068 utere
3396 2031 3411 2069 :

1835 2097 1879 2151 si
1903 2098 2045 2158 male
2075 2108 2128 2153 et
2154 2114 2252 2169 per
2277 2101 2431 2157 nefas
2465 2101 2727 2171 quaesita,
2779 2103 2898 2157 sine
2942 2111 3200 2175 tanquam
3242 2104 3415 2174 capti-

1836 2202 1934 2241 vos
1959 2203 1989 2241 a
2021 2187 2183 2253 bello,
2208 2189 2273 2242 ad
2308 2190 2578 2257 dominos,
2597 2206 2625 2245 a
2652 2189 2846 2257 quibus
2868 2190 2971 2245 illa:
2998 2191 3195 2258 injuria
3219 2190 3415 2245 ablatae

1841 2274 1968 2342 siut,
2006 2275 2215 2342 redire;
2245 2277 2327 2332 vel
2386 2278 2573 2349 quales
2614 2281 2915 2351 accepisti,
2979 2280 3062 2335 vel
3114 2281 3302 2345 etiam,
3335 2283 3412 2335 uti

1840 2367 2149 2435 Zaccharus,
2178 2387 2300 2425 cum
2328 2370 2512 2427 fenore
2530 2387 2594 2427 ac
2620 2373 2881 2428 auctario.
2910 2371 2965 2428 Si
3005 2374 3181 2430 nullas
3216 2375 3409 2435 habes.

1842 2459 1948 2515 uoli
1975 2476 2071 2530 per
2099 2461 2273 2516 malas
2297 2468 2444 2517 artes
2495 2464 2801 2533 acquirere.
2841 2464 3054 2536 Alioqui
3108 2465 3277 2529 enim,
3315 2468 3412 2519 ali-

1840 2563 2058 2607 euntem
2095 2567 2160 2608 ac
2218 2554 2584 2610 necessarium
2641 2556 3035 2626 ingredientem
3094 2558 3218 2624 iter,
3257 2558 3415 2614 triste

1840 2646 2043 2715 peccati
2077 2646 2328 2700 viaticum
2356 2657 2711 2717 persequetur
2742 2666 2754 2702 :
2791 2646 3054 2719 bonisque
3099 2650 3196 2705 abs
3236 2659 3287 2705 te
3319 2664 3413 2705 re-

1839 2737 1980 2791 lictis
2025 2738 2184 2793 alieui
2211 2739 2487 2808 ignotique
2534 2738 2803 2795 fruentur.
2852 2738 2990 2795 Tum
3022 2741 3279 2795 Davidcm
3306 2741 3412 2796 ml-

1841 2829 2030 2881 rabere
2054 2828 2366 2883 dicentem:
2411 2828 2779 2898 Thesaurizat,
2828 2840 2876 2886 et
2912 2832 3120 2902 ignorat
3162 2832 3247 2885 cui
3290 2846 3415 2888 con-

1837 2919 2073 2987 gregabit
2102 2936 2165 2974 ea
2190 2920 2256 2975 ⁸ο.
2296 2919 2432 2975 Tum
2465 2932 2521 2977 ct
2574 2921 2795 2978 divitem
2857 2922 3007 2978 illum
3059 2923 3276 2980 noveris
3309 2922 3415 2979 La-

1841 3024 1970 3065 zaro
2018 3012 2327 3081 oppositum
2373 3051 2390 3079 ,
2448 3012 2595 3069 illum
2642 3014 2861 3086 quidem
2918 3015 3079 3072 modo
3140 3016 3297 3075 nobis
3344 3031 3414 3071 ex

169 3107 461 3180 Evattgeliis
512 3110 715 3165 lectum
757 3150 774 3176 ,
828 3121 1003 3177 neque
1052 3101 1289 3158 fabulam
1351 3102 1418 3156 ad
1479 3110 1743 3157 terrorem
1784 3103 2161 3173 compositam,
2192 3105 2288 3161 sed
2335 3116 2547 3161 certum
2593 3121 2657 3163 ac
2707 3108 3015 3164 absolutum
3075 3110 3178 3166 aevi
3246 3109 3414 3169 futuri

168 3207 357 3269 typum.

239 3290 296 3342 Ἦ
324 3291 526 3361 βύσσος
556 3291 762 3362 ἐσάπη,
783 3292 817 3362 ή
851 3289 1101 3359 βασιλεία
1136 3287 1401 3361 μετῆλθεν
1426 3289 1507 3352 είς
1528 3287 1735 3359 ἕτερον,

1915 3288 2116 3359 Byssus
2147 3289 2509 3358 computruit;
2567 3304 2794 3359 regnum
2825 3294 2893 3346 ad
2928 3291 3092 3347 alium
3124 3294 3406 3365 transivit;

169 3380 220 3433 at
258 3383 460 3453 τρυφαὶ
511 3381 962 3455 κατηργήθησαν·
1003 3382 1037 3452 ἡ
1082 3380 1179 3435 ἀπ’
1218 3380 1443 3434 ἐκείνων
1493 3379 1738 3452 ἁμαρτία

173 3475 613 3547 συνεξεδήμησεν,
647 3474 725 3537 ὡς
752 3473 883 3527 σκιὰ
909 3472 1302 3544 παραμένουσα
1336 3470 1603 3543 βαδίζοντι
1632 3469 1740 3523 σώ-

173 3579 307 3631 ματι.
336 3564 449 3618 Καὶ
482 3563 571 3617 διὰ
595 3562 756 3617 τοῦτο
796 3562 937 3635 μετὰ
960 3562 1058 3634 τὴν
1089 3560 1433 3616 πολυτέλειαν
1458 3560 1568 3615 τῶν
1603 3574 1740 3632 συμ-

174 3657 373 3719 ποσίων,
407 3660 507 3711 καὶ
534 3657 636 3728 τὴν
653 3655 990 3729 ἁϐροδίαιτον
1020 3655 1319 3727 τράπεζαν,
1356 3654 1547 3717 ὓδατος
1585 3652 1737 3725 ῥανί-

92 3799 99 3806 .
172 3746 229 3801 δα
261 3749 409 3820 ζητεῖ
450 3749 715 3804 δακτύλου
760 3747 965 3820 λεπροῦ
997 3747 1432 3812 άποστάζουσαν·
1460 3750 1555 3801 καὶ
1583 3748 1741 3801 καλεῖ

174 3839 252 3893 τδν
273 3842 484 3913 πτωχὸν
527 3842 631 3913 τῆς
664 3840 937 3914 τιμωρίας
974 3839 1334 3914 θεραπευτὴν,
1361 3839 1451 3893 τὸν
1477 3840 1598 3894 οὐδὲ
1628 3843 1738 3912 χεῖ-

178 3946 261 4001 ρας
284 3931 478 4004 ἔχοντα
495 3920 659 4004 τάχα,
691 3932 855 4005 ἡνίκα
877 3931 956 4003 τῷ
984 3931 1189 3986 πυλῶνι
1217 3931 1668 4005 προσερῤίπτετο·
1700 3926 1736 4004 ἦ

175 4020 355 4094 γὰρᾶν
379 4024 511 4088 τοὺς
537 4022 710 4088 κύνας
732 4021 1096 4095 άπεσόδησεν,
1122 4023 1250 4087 τοῦς
1301 4023 1738 4094 ὲπιλείχομένους

176 4111 239 4165 τὰ
257 4115 566 4186 τραύματα.
603 4115 897 4188 Ἐπιθυμεῖ,
917 4117 975 4171 δὲ
1011 4114 1278 4188 συμμίξαι
1306 4114 1384 4185 τῷ
1407 4116 1644 4186 Λαζάρῳ
1674 4117 1739 4169 ὲκ

138 4250 145 4259 .
176 4200 258 4255 τοῦ
286 4205 622 4277 κατάντικρυ
655 4203 992 4277 βλεπομένῳ,
1031 4205 1126 4258 καὶ
1162 4205 1312 4276 μέσῳ
1339 4194 1635 4275 διείργεται
1661 4203 1740 4275 τῷ

180 4291 448 4365 ὀρύγματι,
511 4295 547 4367 ἢ
603 4294 682 4367 τῷ
723 4296 1003 4367 χάσματιο·
1048 4296 1108 4349 οὒ
1154 4285 1347 4366 βόθρου
1400 4296 1544 4359 τινὸς
1587 4296 1740 4362 ὄντος

180 4381 501 4458 ὤρυτμένου,
532 4387 656 4442 οὐδὲ
707 4388 915 4460 τάφρου
953 4387 1349 4459 πεποιημένης,
1382 4388 1459 4453 ὡς
1500 4388 1594 4442 ἐπὶ
1632 4388 1742 4443 τῶν

90 4508 119 4532 η
185 4478 543 4545 στρατοπέδων
566 4478 716 4532 ἔστιν
746 4479 876 4533 ἰδεῖν
901 4478 963 4532 τὸ
989 4477 1085 4533 τοῦ
1119 4478 1358 4549 πολέμου
1396 4480 1738 4550 μεταίχμιον’

182 4563 298 4620 ἀλλὰ
337 4570 396 4623 τὸ
438 4569 696 4642 κώλυμα,
731 4566 907 4641 οἶμαι,
947 4570 1058 4624 τῶν
1082 4570 1497 4642 ἁμαρτημάτων
1533 4571 1741 4643 όλόγος

1840 3380 2048 3435 deliciae
2078 3395 2142 3435 ac
2171 3380 2470 3450 voluptates
2502 3391 2873 3436 evanuerunt:
2918 3393 3199 3453 peccatum
3228 3394 3414 3442 autem

1842 3470 1909 3525 ab
1943 3469 2048 3525 illis
2087 3469 2394 3541 profectum
2434 3479 2638 3535 manet,
2682 3471 3077 3542 abeuntemque
3105 3474 3306 3544 oppido
3324 3490 3412 3534 se-

1841 3561 2049 3632 quitur,
2080 3559 2221 3615 haud
2273 3574 2429 3616 secus
2464 3574 2528 3616 ac
2585 3560 2775 3614 umbra
2815 3574 3012 3630 corpus
3039 3575 3055 3615 :
3087 3576 3262 3633 eoque
3289 3574 3416 3635 pos:

1836 3651 2210 3707 conviviorum
2243 3649 2720 3722 magniﬁcentiam,
2769 3660 2891 3723 post
2918 3653 3096 3708 lautas
3129 3654 3414 3725 opiparas-

1838 3758 1945 3815 que
1971 3757 2209 3811 mensas,
2248 3759 2401 3813 aqua:
2462 3752 2667 3816 guttam
2699 3744 2896 3812 leprosi
2927 3742 3097 3815 digito
3136 3744 3415 3803 distillan-

1839 3843 1946 3889 tem
1975 3833 2225 3905 requirit,
2252 3850 2317 3891 ac
2346 3836 2651 3890 mendicum
2686 3837 2752 3890 ad
2786 3849 3002 3907 pinnam
3061 3836 3412 3907 mitigandam

1840 3925 2119 3997 implorat,
2150 3924 2243 3996 qui
2272 3935 2328 3981 et
2372 3924 2515 3982 forte
2554 3926 2804 3982 manibus
2855 3925 3098 3984 defectus
3126 3925 3250 3994 fuit,
3287 3943 3413 3986 cum

1840 4017 1907 4072 ad
1935 4018 2160 4087 januam
2208 4013 2485 4089 'projectus
2529 4017 2770 4089 iaceret;
2832 4018 3033 4090 alioqui
3071 4020 3216 4076 enim
3248 4038 3417 4079 canes

1841 4106 2107 4177 tingentes
2132 4107 2316 4163 ulcera
2373 4107 2663 4179 abegisset.
2713 4108 3002 4165 Desiderat
3056 4121 3239 4168 autem
3276 4128 3415 4171 con-

1837 4197 1991 4269 jungi
2027 4196 2253 4261 Lazaro,
2283 4212 2443 4267 quem
2475 4213 2541 4253 ex
2572 4199 2803 4255 adverso
2858 4201 3025 4268 videt,
3058 4201 3201 4259 fossa
3238 4204 3417 4262 media

1839 4290 1924 4345 vel
1950 4289 2099 4345 hiatu
2123 4288 2385 4346 divulsus.
2430 4289 2548 4357 Quo
2580 4291 2798 4361 quidem
2839 4292 3087 4363 designat
3111 4291 3416 4366 Scriptura,

1844 4395 1950 4434 non
1983 4379 2203 4448 vallum,
2232 4390 2329 4435 aut
2380 4395 2628 4451 aggerem
2649 4423 2666 4449 ,
2714 4381 2930 4452 qualem
2987 4383 3042 4439 in
3071 4389 3271 4441 castris
3294 4386 3418 4442 duci

1840 4471 2026 4528 videas
2053 4470 2120 4526 ad
2147 4472 2440 4527 arcendum
2469 4473 2697 4538 hostem,
2732 4472 2851 4539 sed,
2885 4482 3037 4545 puto,
3069 4486 3415 4545 peccatorum

1842 4564 2050 4620 obicem
2079 4570 2137 4619 et
2180 4563 2564 4635 sepimentum,
2596 4565 2739 4634 quod
2784 4565 3044 4622 damnato
3067 4582 3133 4623 ac
3163 4570 3415 4639 reprobo,

184 4650 513 4719 ἐνδείκνυται,
569 4638 612 4711 δ
649 4658 729 4730 τῷ
771 4638 1217 4731 κατεγνωσμένη)⁷
1371 4660 1507 4732 πρὸς
1541 4638 1634 4715 τδν
1660 4638 1739 4714 δί-

1845 4653 1997 4709 velut
2025 4653 2165 4709 muri
2195 4652 2435 4720 obiectu,
2466 4651 2673 4707 aditum
2700 4654 3100 4726 transitumque
3119 4658 3187 4711 ad
3208 4638 3417 4725 justum

182 4752 317 4799 mou
342 4750 584 4823 παρόδου
625 4752 989 4829 ἀπετείχισεν.
1035 4753 1146 4807 Καί
1180 4770 1281 4823 μου
1320 4753 1423 4825 τὴν
1448 4755 1745 4826 ἑρμηνείαν

196 4836 395 4908 Ἦσαῐας
461 4844 494 4897 ό
546 4845 835 4916 προφήτης
892 4846 1370 4919 ὲπισφραγίζεται,
1430 4846 1567 4919 πρὸς
1615 4846 1745 4901 λαὸν

188 4926 368 4999 ἄφρονα
423 4932 641 5004 βαρέως
670 4933 1107 5005 ἀποτεινόμενος,
1142 4935 1236 4990 καὶ
1279 4924 1471 5006 λέγων·
1505 4934 1602 5004 Μὴ
1635 4936 1747 4988 οὐκ

101 5084 117 5093 I
191 5018 357 5089 ισχύει
379 5024 517 5095 χεὶρ
552 5025 779 5094 Κυρίου
800 5024 1134 5091 amabam;
1163 5028 1202 5098 ἢ
1230 5029 1523 5098 ἐϐάρυνε-ν
1547 5028 1614 5081 τὸ
1638 5021 1749 5093 οὖς

188 5110 346 5167 αὐτοῦ
374 5115 486 5170 τοῦ
519 5115 607 5185 μὴ
635 5115 932 5183 ἀκοῦσαι;
969 5118 1132 5175 ’.ἀλλ’
1163 5123 1225 5174 αἱ
1254 5120 1533 5190 ἁμαρτίαι
1575 5115 1743 5188 ὑμῶν

192 5196 471 5261 διιστῶσιν
520 5206 642 5263 ἀνὰ
685 5207 883 5279 μέσον
902 5208 1070 5279 ὑμῶν
1107 5211 1209 5266 καὶ
1250 5211 1369 5267 ἀνὰ
1402 5217 1600 5281 μέσον
1636 5209 1743 5264 τοῦ

195 5291 333 5350 Θεοῦ.
362 5298 428 5351 Et
455 5298 513 5352 δὲ
536 5298 917 5371 ἁμαρτήματα
953 5298 1277 5372 ἀνθρώπους
1318 5301 1575 5373 χωρίζειν
1600 5296 1743 5354 οἶδεν

192 5382 322 5454 Θεοῦ,
345 5391 501 5447 οὐδὲν
542 5392 608 5447 ἂν
637 5390 948 5460 πλεονεξίας
971 5393 1420 5466 άμαρτωλότερον
1450 5396 1679 5463 γένοιτο,
1709 5395 1743 5466 ἢ

195 5476 553 5554 καὶιπαρὰτῆς
584 5481 851 5552 ἀψευδοῦς
877 5484 1060 5553 φωνῆς
1094 5482 1336 5545 Παύλου,
1365 5485 1461 5539 τοῦ
1489 5485 1585 5555 τῆς
1613 5483 1747 5554 άλη-

195 5562 317 5634 θιὶας
357 5576 625 5645 κήρυκος,
659 5572 1078 5643 είδωλολατρεία
1126 5573 1612 5646 προσαγορεύεται,
1649 5573 1745 5627 καὶ¹

196 5662 376 5719 πὶπιτων
406 5667 514 5719 τῶν
544 5664 734 5720 κακῶν
756 5665 883 5734 ῥίζα
913 5666 1007 5718 καὶ
1040 5666 1246 5738 μήτηρ.

1843 4743 2167 4800 interclusit.
2184 4742 2324 4799 Huic
2347 4755 2481 4797 vero
2504 4742 2857 4812 explicationi
2910 4745 3202 4802 subscribit
3227 4747 3417 4813 Isaias,

1844 4851 1967 4890 cum
1990 4834 2228 4907 graviter
2278 4833 2626 4905 insipientem
2665 4835 2919 4906 populum
2969 4836 3282 4907 increpans,
3308 4841 3415 4898 ait:

1849 4927 2108 4999 Nunquid
2130 4945 2234 4983 non
2262 4925 2394 4984 ua'let
2434 4946 2621 4984 manus
2650 4928 2863 4984 Domini
2901 4928 3072 4986 salvas
3100 4933 3320 5002 facere?
3343 4935 3420 4990 vel

1846 5019 2077 5090 gravavit
2103 5034 2283 5072 aurem
2316 5034 2469 5072 suam
2503 5030 2557 5071 ut
2593 5034 2696 5072 non
2722 5016 2951 5073 audiat?
2987 5016 3177 5075 Verum
3202 5033 3421 5091 peccata

1844 5120 2017 5165 vestra
2046 5109 2287 5164 dividunt
2316 5110 2457 5164 inter
2493 5125 2582 5163 vos
2617 5120 2664 5163 et
2690 5107 2859 5163 Deum
2883 5108 2954 5164 “.
2975 5110 3129 5177 Quod
3154 5113 3198 5168 si
3224 5129 3420 5185 pecca.

1846 5211 2023 5259 torum
2062 5203 2339 5272 proprium
2384 5208 2490 5265 est,
2536 5210 2644 5255 uta
2692 5198 2804 5258 Deo
2851 5202 3099 5260 homines
3147 5218 3420 5276 separent,

1849 5295 1990 5350 haud
2044 5303 2191 5349 certe
2240 5293 2407 5349 ullum
2459 5292 2689 5349 avaritia
2742 5294 3061 5354 sceleratius
3113 5308 3422 5370 peccatum,

1849 5371 2009 5457 quain
2065 5395 2122 5441 et
2167 5400 2308 5467 vcra_
2340 5400 2472 5442 voce
2524 5386 2771 5443 veritatis
2828 5387 2918 5445 ille
2973 5405 3174 5460 praeco,
3202 5390 3420 5459 Paulus,

1851 5478 2210 5536 idololatrian:
2237 5478 2493 5549 appellat,
2514 5477 2869 5551 omniumque
2889 5481 3152 5539 malorum
3184 5484 3422 5543 radicem

1819 5568 1829 5579 '
1852 5584 1920 5626 ac
1960 5580 2187 5626 matrem
2220 5572 2288 5622 ⁸³.

252 5777 289 5808 δ’
320 5781 386 5838 is.
446 5783 498 5835 εἰ
568 5780 646 5853 μὴ
685 5780 814 5853 γάρ.
890 5777 1108 5835 “Pa-al.
1160 5793 1391 5843 xxxviii,
1438 5778 1491 5832 7.
1570 5777 1610 5809 "
1646 5776 1739 5832 lea.

1846 5791 1899 5845 ς,
1929 5775 1979 5842 l,
2006 5774 2063 5828 2.
2140 5773 2186 5806 “
2209 5771 2409 5845 Ephes.
2445 5788 2498 5841 ν,
2530 5773 2594 5840 5;
2621 5771 2798 5829 lTim.
2827 5787 2900 5840 vi,
2940 5772 3024 5830 l0.
