3820 6304
353 282 456 338 2οἻ

1628 267 1690 322 S.
1733 264 2007 322 ASTERII
2049 261 2345 318 AMASENI

3502 255 3635 313 ωδ

424 396 563 465 Quid
603 397 748 453 enim
778 408 874 455 eos
900 394 993 465 qui
1032 394 1249 453 Christo
1293 392 1564 461 quondam
1607 409 1801 448 nomen
1833 394 1929 444 de-

2105 382 2275 435 Πόοεν
2305 380 2412 453 γάρ
2434 381 2484 433 ei
2515 379 2611 451 τῆς
2639 377 2853 449 μερίδος
2882 377 3035 439 ὄντες
3061 374 3193 428 ποτὲ
3220 371 3324 428 τῶν
3348 373 3635 445 Χριστια-

357 495 569 557 derant,
595 504 659 545 ac
712 495 1179 545 sacramentorum
1242 483 1457 537 l‘uerant
1502 483 1816 554 participes.
1865 484 1932 539 ad

358 584 563 638 cultum
594 581 902 637 daemonum
936 575 1240 648 pertraxit?
1264 573 1454 630 Nonne
1477 574 1627 643 plura
1654 575 1935 645 possiden—

360 675 415 727 di
446 673 732 744 cupiditas,
782 685 846 726 ac
880 669 1084 724 alienas
1133 666 1378 722 fortunas
1404 668 1744 737 occupandi?
1765 667 1934 722 Nimi-

365 778 486 818 rum
516 776 611 834 spe
646 762 1058 829 magistratuum
1088 773 1154 812 ac
1174 757 1636 828 praelecturarum,
1670 759 1935 830 regiaeque

362 855 749 913 muniﬁcentiae
803 868 869 909 ac
917 852 1221 923 largitionis
1276 852 1344 905 ab
1410 851 1590 922 impiis
1625 850 1785 915 facta,
1841 850 1936 905 Dei

359 949 565 1005 cultum
596 946 1024 1017 religionemque
1052 943 1205 1014 quasi
1256 950 1458 997 vestem
1502 942 1783 1012 repentino
1820 956 1937 995 mu-

363 1047 567 1094 larunt.
585 1036 653 1093 Et
681 1036 797 1091 hac
826 1034 1048 1107 quidem
1084 1032 1417 1088 anteriorum
1448 1031 1696 1101 exempla
1729 1040 1937 1100 tempo-

363 1146 507 1196 rum,
540 1129 711 1185 nostri
736 1127 898 1199 hujus
925 1125 1109 1182 sazculi
1165 1125 1427 1181 memoria
1475 1123 1789 1193 auditioque
1823 1138 1939 1179 ser-

362 1222 509 1279 vavit
532 1236 598 1278 ac
629 1221 847 1287 docuit;
897 1229 1027 1275 sunt
1076 1228 1255 1275 autem
1286 1218 1449 1274 etiam
1485 1218 1717 1272 recentia
1749 1231 1812 1272 ac
1842 1229 1938 1271 no-

360 1324 490 1370 stra:
513 1311 709 1369 aetatis.
733 1310 870 1367 Cum
903 1312 1049 1366 enim
1083 1310 1356 1380 Augustus
1379 1308 1489 1372 ille,
1531 1318 1753 1379 repente
1773 1307 1939 1378 depo-

359 1404 490 1468 sita,
527 1416 691 1473 quam
715 1400 805 1457 diu
832 1414 930 1470 per
958 1398 1363 1455 simulationem
1412 1405 1738 1466 gestaverat,
1776 1393 1938 1451 Chri-

2034 475 2175 539 νῶν,
2203 475 2295 528 καὶ
2340 472 2585 528 κοινωνοὶ
2640 470 2745 524 τῶν
2803 468 3138 541 μυστηρίων,
3189 466 3326 539 πρὸς
3373 466 3471 537 τὴν
3501 465 3636 519 τῶν

2034 565 2304 635 δαιμόνων
2327 562 2582 636 λατρείαν
2605 559 2964 631 εἱλκύσθησαν
2991 575 3006 622 ;
3033 558 3133 611 οὐκ
3168 556 3331 627 ἔρωτι
3357 555 3452 610 τοῦ
3484 555 3636 609 πολ-

2034 658 2103 710 λὰ
2134 655 2459 729 κτήσασθαι,
2502 655 2595 709 καὶ
2634 653 2814 725 κύριοι
2852 650 3106 720 γενέσθαι
3148 648 3255 703 τῶν
3284 647 3633 719 άλλοτρίων;

2034 750 2306 813 Λαϐόντες
2335 748 2392 802 δὲ
2424 747 2744 817 ὑποσχέσεις
2769 745 2918 816 παρὰ
2940 743 3048 796 τῶν
3068 742 3242 797 ἀθέων
3263 742 3356 795 καὶ
3376 740 3634 803 ἀσεϐῶν,

2036 846 2069 918 ἢ
2098 846 2244 918 ζωῆς
2273 845 2619 918 ἁρχοντικῆς,
2662 842 2697 914 ἢ
2726 840 3048 913 περιουσίας
3092 840 3191 911 τῆς
3223 840 3288 892 ἐκ
3317 822 3635 908 βασιλικῶν

2035 937 2323 1011 ταμιείων,
2352 937 2541 1009 ὥσπερ
2569 936 2783 1009 ἱμάτιον
2808 934 3015 1006 ταχέως
3040 932 3138 1005 τὴν
3168 932 3464 1004 θρησκείαν
3494 946 3636 1001 μετ-

2037 1030 2396 1104 ημφιέσαντο.
2440 1030 2550 1083 Καὶ
2576 1031 2646 1083 τὰ
2680 1028 2778 1099 μὲν
2814 1025 2923 1079 τῶν
2959 1026 3218 1096 ἀνωτέρω
3258 1023 3486 1096 χρόνων,
3516 1021 3636 1091 τῆς

2037 1122 2312 1194 ἡμετέρας
2335 1120 2479 1191 ζωῆς
2507 1121 2696 1193 μνήμη
2723 1118 2817 1173 καὶ
2842 1119 2978 1189 ἀκοὴ
3003 1116 3296 1171 διεσώσατο
3325 1114 3418 1168 καὶ
3444 1112 3633 1167 ἐδίδα-

2038 1214 2149 1282 ξεν.
2181 1214 2370 1269 Ἔστιν
2400 1214 2457 1267 δὲ
2486 1213 2523 1269 ἃ
2548 1214 2640 1268 καὶ
2660 1214 2688 1266 ό
2717 1211 2836 1267 καθ’
2863 1213 3011 1284 ἡμᾶς
3040 1210 3152 1281 βίος
3178 1211 3246 1281 τῇ
3276 1208 3442 1280 πείρᾳ
3471 1223 3634 1278 παρ·

2038 1307 2258 1363 έδωκεν.
2293 1309 2423 1362 Ὅτε
2459 1306 2569 1380 γὰρ
2614 1309 2644 1361 ό
2694 1304 2945 1377 βασιλεὺς
2994 1305 3218 1366 ἐκεῖνος,
3272 1303 3301 1355 ό
3340 1301 3401 1354 τὸ
3448 1312 3634 1372 προσ-

2036 1405 2236 1460 ωπεῖον
2282 1402 2376 1457 τοῦ
2420 1400 2749 1475 Χριστιανοῦ
2784 1399 2980 1472 ἀθρόον
3008 1396 3363 1468 ἀποθέμενος,
3400 1393 3634 1465 γυμνώ-

360 1495 524 1552 stiani
576 1507 855 1563 persona,
927 1498 1145 1560 totaque
1195 1490 1418 1545 reducto
1478 1488 1680 1567 sipario
1738 1486 1935 1543 nudata

2047 1514 2140 1562 σας
2173 1496 2233 1550 δὲ
2264 1494 2326 1550 τὸ
2353 1495 2535 1568 δρᾶμα
2569 1492 2629 1547 τὸ
2661 1491 2927 1564 κωμικὸν,
2962 1489 2991 1543 δ
3024 1490 3081 1542 έν
3117 1487 3297 1559 πολλῷ
3330 1486 3408 1559 τῷ
3437 1486 3632 1558 χρόνῳ

362 1602 549 1653 scena,
587 1595 699 1642 tum
720 1586 835 1659 ipse
869 1584 1150 1639 daemoniis
1190 1581 1531 1654 impudenter
1586 1579 1933 1646 sacriﬁcavit,

2047 1586 2500 1659 καθυπεκρίνατο,
2523 1584 2684 1649 αὑτός
2710 1600 2769 1637 τε
2801 1581 3033 1645 ἀναιδῶς
3051 1579 3207 1633 ἔθυεν
3230 1579 3499 1650 δαίμοσιν,
3524 1576 3632 1631 καὶ

361 1691 481 1738 tum
517 1681 656 1737 alios
686 1678 855 1734 variis
900 1675 1201 1749 propositis
1236 1674 1469 1744 pmntiis
1498 1673 1564 1727 ad
1593 1674 1773 1728 scelus
1795 1672 1935 1728 idem

2047 1682 2154 1745 τοῖς
2177 1678 2336 1734 τοῦτο
2363 1676 2705 1750 βουλομένοις
2730 1678 2903 1732 ποιεῖν
2927 1675 3099 1729 πολλά
3124 1669 3388 1745 προετέθη
3424 1672 3494 1726 τὰ
3525 1670 3633 1742 γέ-

349 1774 661 1832 invitavit:
701 1781 941 1843 quantus
994 1771 1063 1825 ab
1107 1768 1353 1825 Ecclesia
1412 1767 1480 1821 ad
1536 1766 1725 1821 altaria
1765 1767 1935 1822 factus

2051 1792 2141 1847 ρα,
2169 1776 2326 1828 πόσοι
2348 1772 2445 1845 τὴν
2479 1771 2803 1843 Ἐκκλησίαν
2835 1769 3087 1840 ἀφέντες,
3122 1768 3214 1821 ἐπὶ
3240 1767 3367 1830 τοὺς
3405 1764 3632 1837 βωμοὺς

353 1881 448 1927 est
474 1867 809 1926 concursus?
845 1866 1020 1934 Quam
1051 1864 1206 1921 multi
1241 1878 1337 1934 per
1366 1864 1633 1919 honorum
1670 1877 1850 1919 escam
1872 1872 1935 1929 _el

2047 1866 2320 1937 ἔδραμονς
2349 1863 2505 1917 πόσοι
2534 1862 2612 1928 δὲ,
2647 1861 2713 1914 τδ
2735 1860 2845 1915 τῶν
2872 1858 3197 1930 ἀξιωμάτων
3229 1857 3421 1928 δέλεαρ
3447 1855 3631 1910 εἰσδε-

363 1959 811 2023 illecehras,.una
866 1971 989 2013 cum
1023 1970 1088 2011 ea
1116 1956 1569 2026 transgressionis
1609 1955 1828 2009 hamum
1850 1955 1935 2009 de-

2047 1955 2291 2025 ξάμενοι,
2326 1953 2443 2024 μετ’
2476 1951 2683 2006 ἐκείνου
2722 1950 2983 2005 κατέπιον
3020 1948 3083 2002 τὸ
3118 1948 3217 2018 τῆς
3255 1946 3633 2018 παραϐάσεως

361 2051 670 2111 vorarunt?
713 2050 815 2119 Qui
881 2064 1027 2106 nunc
1082 2050 1301 2119 quidem
1357 2049 1647 2119 stigmatici
1695 2048 1935 2105 civitates

2047 2048 2372 2118 ἀγκιστρον;
2394 2043 2718 2115 Στιγματίαι
2738 2042 2793 2096 δὲ
2814 2038 3190 2112 περινοστοῦσι
3218 2039 3359 2093 κατά
3392 2038 3492 2102 τὰς
3525 2038 3630 2090 πό-

361 2145 642 2207 obcrrant,
675 2145 927 2201 omnibus
947 2142 1073 2199 odio
1108 2157 1172 2196 ac
1197 2140 1452 2207 ludibrio,
1493 2141 1661 2198 habiti
1687 2150 1935 2211 tanquam

2047 2139 2174 2204 λεις,
2221 2136 2555 2211 μισούμενον
2596 2131 3198 2203 δακτυλοδεικτούμενοι
3236 2128 3493 2201 προδόται
3526 2128 3630 2183 καῖ

361 2237 568 2293 Christi
593 2235 808 2293 Domini
857 2244 1078 2306 propter
1121 2233 1417 2304 pauxillum
1462 2232 1671 2302 argenti
1703 2233 1935 2303 prodito-

2047 2226 2188 2286 οὗτοι
2224 2228 2321 2283 τοῦ
2349 2226 2588 2302 Χριστοῦ
2628 2226 2694 2280 δι’
2715 2225 2894 2295 ὀλίγον
2915 2223 3196 2297 ἀργύριον·
3234 2221 3500 2293 ὲξόριστοι
3528 2220 3632 2276 τοῦ

360 2343 490 2397 res;
514 2325 766 2397 expuncti
792 2324 1230 2382 Christianorum
1256 2323 1398 2385 albo.
1435 2323 1577 2378 sicut
1600 2320 1786 2389 Judas,
1815 2337 1935 2391 apo-

2047 2322 2348 2392 καταλόγου
2371 2321 2480 2376 τῶν
2510 2318 2871 2393 Χριστιανῶν,
2894 2317 2969 2380 ὡς
2999 2316 3199 2380 Ἰούδας
3251 2315 3362 2369 τῶν
3389 2314 3621 2369 ἀποστό-

363 2420 661 2487 stolorum;
694 2432 727 2473 a
760 2400 1182 2487 transgressoris
1205 2415 1564 2486 appellatione
1588 2415 1723 2481 noti,
1752 2414 1888 2469 sicut
1909 2430 1935 2467 a

2047 2415 2172 2470 λων’
2202 2415 2311 2470 ἀπὸ
2337 2414 2437 2485 τῆς
2468 2412 2837 2485 προσηγορίας
2877 2409 2973 2464 τοῦ
3001 2408 3322 2481 παραϐάτου
3358 2407 3634 2478 γνωριζό-

361 2511 536 2582 signis
568 2511 729 2581 equi:
762 2510 853 2580 qui
888 2524 950 2564 se
983 2519 1190 2562 tantum
1246 2508 1387 2562 trahi
1416 2506 1560 2577 passi
1603 2507 1670 2562 ad
1699 2507 1935 2561 omnium

2047 2523 2217 2578 μενοι,
2251 2505 2329 2570 ὡς
2351 2504 2459 2559 ἀπὸ
2486 2504 2594 2558 τῶν
2616 2503 2943 2575 σημάντρων
2978 2502 3029 2554 οἱ
3062 2501 3237 2554 ἵπποι·
3273 2500 3634 2565 έλκυσθέντες

242 2624 245 2625 ν
358 2613 705 2674 peccatorum
728 2601 1076 2657 deterrimam
1107 2599 1540 2668 provocationem
1561 2596 1694 2671 (ἓξ),
1721 2598 1935 2668 impurae

2048 2598 2209 2670 μόνον
2248 2598 2328 2660 είς
2364 2594 2461 2667 τὴν
2490 2594 2881 2667 χαλεπωτάτην
2917 2593 3169 2665 παταγὴν
3214 2592 3403 2647 πασῶν
3441 2594 3635 2665 ἁμαρ.

363 2710 487 2751 ωσι
549 2709 613 2751 ac
672 2693 1032 2751 exsecrabilis
1086 2692 1381 2762 impietatis
1437 2692 1712 2745 doctorem
1768 2689 1935 2744 secuti

2047 2687 2196 2752 τιῶν,
2222 2688 2316 2740 καί
2345 2685 2508 2750 εὐθὺς
2535 2685 3000 2758 ἀκολουθήσαντες
3036 2685 3115 2757 τῷ
3141 2685 3242 2756 τῆς
3269 2684 3496 2757 βεϐήλου
3528 2686 3636 2740 καὶ

360 2792 510 2842 sunL

434 2878 511 2932 Ita
545 2875 799 2931 nimirum
826 2874 1077 2939 avaritia,
1123 2874 1280 2943 juxta
1315 2871 1669 2943 Apostolum,
1720 2872 1945 2928 idolola—

352 2968 469 3024 tria
496 2980 713 3037 quoque
763 2963 1016 3031 ellicitur,
1073 2980 1139 3020 ac
1191 2966 1433 3020 omnium
1464 2964 1620 3019 radix
1650 2964 1938 3027 malorum,

2047 2781 2250 2851 μιαρᾶς
2272 2778 2586 2843 δυσσεϐείας
2616 2776 2981 2850 μυσταγωγῷ.

2116 2872 2273 2927 Οὕτω
2296 2872 2474 2926 τοίνυν
2498 2870 2639 2926 κατὰ
2666 2871 2757 2926 τὸν
2780 2871 3101 2925 ’Δπόστολον
3134 2872 3162 2943 ἡ
3197 2870 3476 2937 πλεονεξία
3529 2873 3634 2927 καὶ

2045 2964 2460 3036 είδωλολατρεία
2494 2964 2723 3033 γίνεται,
2766 2963 2860 3017 καὶ
2896 2964 3020 3037 ῥίζα
3039 2966 3269 3041 ,πάντων
3299 2964 3406 3019 τῶν
3434 2965 3633 3020 κακῶν

364 3061 650 3115 innumera
698 3072 764 3113 ex
800 3071 920 3115 sese
956 3057 1086 3110 vitia
1131 3057 1475 3127 progignens.
1530 3057 1685 3113 Sicut
1737 3059 1879 3112 enim
1906 3057 1935 3112 ii

2047 3058 2212 3121 ἐστιν,
2244 3058 2335 3127 ἀφ’
2370 3057 2567 3128 ἑαυτῆς
2607 3054 2922 3127 ἀμυθήτους
2976 3057 3223 3125 γεννῶσα
3266 3059 3480 3122 κακίας.
3534 3058 3633 3123 Ὡς

363 3151 457 3222 qui
483 3164 676 3206 aurum
705 3147 759 3205 in
794 3147 916 3205 sinu
952 3149 1357 3219 visceribusque
1397 3160 1553 3204 terrae
1605 3159 1940 3214 scrutantur,

366 3255 585 3299 auream
615 3250 816 3296 terram
855 3240 1002 3297 circa
1043 3240 1341 3310 principem
1368 3254 1433 3295 ac
1482 3244 1758 3312 proprium
1779 3256 1945 3313 gene-

361 3333 590 3391 rationis
634 3331 811 3389 locum
850 3330 1163 3403 cumulatim
1216 3332 1507 3405 repositam
1550 3332 1779 3388 inveniri
1818 3347 1945 3388 nar~

366 3436 511 3495 rant,
550 3437 606 3482 et
665 3424 878 3498 aliquas
939 3426 1064 3481 inde
1115 3425 1260 3481 velut
1288 3440 1452 3481 venas
1492 3426 1546 3481 in
1573 3424 1786 3499 longum
1820 3428 1945 3482 hinc

366 3520 491 3584 inde
512 3517 757 3588 produci,
783 3532 847 3573 ac
874 3517 1028 3573 varie
1064 3517 1263 3582 secari,
1294 3518 1436 3573 sicut
1490 3519 1743 3575 arborum
1792 3534 1825 3576 a
1853 3520 1946 3575 sti-

363 3612 477 3682 pite
533 3611 642 3667 late
694 3624 817 3667 sese
846 3610 1125 3678 explicant
1153 3623 1217 3664 ac
1244 3607 1549 3664 dill'undunt
1586 3610 1796 3666 radices
1827 3625 1842 3664 :
1874 3611 1942 3664 ad

354 3703 612 3759 eumdem
640 3702 881 3764 modum,
923 3699 1089 3753 multa
1127 3700 1214 3754 hic
1244 3701 1399 3755 video
1423 3700 1670 3770 germina
1709 3702 1941 3757 multos-

360 3807 471 3865 que
507 3792 776 3855 surculos,
803 3805 909 3847 una
962 3790 1262 3861 eademque
1308 3793 1490 3846 radice
1542 3793 1786 3850 avaritiae
1809 3808 1942 3849 con—

357 3888 579 3957 iunctos
628 3903 644 3954 ;
693 3900 758 3942 ac
802 3898 936 3940 sane
1004 3883 1148 3940 haud
1197 3883 1582 3940 inconveniens
1623 3882 1756 3955 (25),
1798 3884 1942 3954 quod

360 3990 547 4033 sermo
594 3976 857 4031 adversus
906 3973 1195 4035 avaritiam
1245 3974 1314 4031 ab
1343 3987 1479 4029 auro
1522 3974 1729 4030 invenit
1755 3989 1943 4030 exem-

361 4068 511 4138 plum
572 4077 738 4138 atque
778 4067 1090 4136 imaginem.
1146 4064 1284 4122 Iliuc
1324 4066 1649 4137 parricidam
1675 4068 1833 4123 video
1857 4083 1943 4138 ge-

362 4159 559 4217 nitoris
617 4160 783 4231 capiti
838 4159 1262 4225 imminentem;
1311 4158 1567 4232 nullaque
1619 4161 1942 4217 venerandae

362 4250 611 4317 canitiei,
672 4249 756 4307 vel
803 4258 1044 4320 paternae
1089 4249 1431 4305 auctoritatis
1491 4253 1812 4318 reverentia,
1869 4256 1940 4310 ob

2044 3152 2154 3221 γὰρ
2191 3151 2238 3202 οἱ
2269 3150 2360 3203 τὸν
2390 3149 2590 3221 χρυσὸν
2618 3149 2843 3203 ἐπὶτῶν
2869 3148 3086 3203 κόλπων
3110 3149 3212 3220 τῆς
3243 3151 3344 3224 γῆς
3373 3152 3632 3222 ἀνιχνεύ-

2042 3259 2214 3307 οντες,
2246 3243 2408 3313 φασὶν
2436 3242 2534 3314 τὴν
2560 3245 2807 3314 χρυσῖτιν
2834 3242 2936 3314 γῆν
2967 3242 3054 3296 ἐπ’
3083 3243 3252 3315 αὐτῆς
3278 3244 3378 3315 μὲν
3409 3245 3507 3317 τῆς
3526 3247 3632 3318 ἀρ-

2042 3333 2145 3405 χῆς
2175 3335 2270 3388 καὶ
2310 3334 2411 3404 τῆς
2450 3335 2798 3406 κυριωτάτης
2821 3332 3087 3403 γενέσεως
3121 3333 3360 3407 σωρηδὸν
3395 3336 3631 3391 ἀποκεῖ-

2045 3426 2199 3480 σθαι·
2253 3426 2465 3480 έκεῖθεν
2511 3426 2568 3480 δὲ
2625 3426 2815 3498 ῶσπερ
2867 3425 3071 3495 φλέϐας
3122 3427 3273 3491 τινας
3318 3428 3427 3483 ἀπό
3474 3446 3630 3494 τινος

2043 3518 2194 3573 ἔνθεν
2236 3519 2332 3574 καὶ
2366 3519 2517 3575 ἔνθεν
2549 3522 2628 3585 είς
2658 3519 2867 3591 μακρὸν
2895 3520 3124 3592 διήκειν,
3155 3520 3250 3574 καὶ
3287 3520 3630 3591 πολυσχιδῶς

2040 3612 2424 3669 ἀποτείνεσθαι
2452 3614 2570 3666 κατ’
2599 3612 2770 3675 αὑτάς
2799 3628 2900 3666 που
2924 3611 3023 3676 τὰς
3046 3612 3203 3684 ῥίζας
3223 3612 3332 3665 τῶν
3361 3612 3625 3683 δένδρων,

2039 3707 2139 3768 τὰς
2168 3705 2232 3761 ἐκ
2262 3703 2355 3757 τοῦ
2387 3704 2629 3776 πρέμνον
2658 3704 3089 3775 διαπλουμέναςο
3119 3703 3290 3769 οὕτως
3315 3705 3625 3769 κάνταῦθα,

2041 3796 2244 3860 πολλὰς
2279 3795 2492 3867 βλέπων
2531 3797 2631 3860 τὰς
2651 3796 2975 3867 ἀποφύσεις,
3021 3799 3119 3868 μιᾷ
3154 3798 3281 3870 ῥίζα
3304 3798 3403 3869 τῆς
3433 3798 3627 3853 πλεον-

2040 3888 2191 3955 εξίας
2217 3889 2317 3954 τὰς
2350 3890 2533 3954 πάσας
2559 3890 2946 3963 συνδεδεμένας
2972 3891 3230 3962 εὑρίσκω.
3273 3891 3383 3944 Καὶ
3435 3890 3627 3961 μέντοι

2040 3983 2135 4038 καὶ⁵
2161 3982 2262 4037 οὐκ
2289 3982 2355 4037 ἂν
2385 3983 2584 4036 οἰκεῖον
2610 3982 2658 4015 ⁵³
2691 3976 2848 4055 εῦρεν
2877 3984 2907 4036 ό
2936 3983 3093 4052 λόγος
3128 3982 3266 4055 πρὸς
3310 3980 3627 4047 πλεονεξίαν

2041 4074 2106 4127 ἐκ
2128 4071 2221 4127 τοῦ
2247 4071 2450 4146 χρυσοῦ
2472 4071 2534 4126 τδ
2562 4072 2889 4144 ὑπόδειγμα.
2936 4072 3217 4126 Ἐντεῦθεν
3246 4073 3357 4146 ὁρῶ
3387 4074 3477 4127 τὸν
3512 4091 3625 4127 πα-

2039 4165 2294 4239 τραλοίαν
2355 4165 2454 4239 τῆς
2517 4163 2763 4235 κεφαλῆς
2808 4164 2907 4236 τῆς
2971 4163 3309 4235 γεννησάσης
3357 4162 3626 4216 κατατολ-

2045 4259 2251 4330 μῶνταο
2285 4259 2386 4313 οὐκ
2421 4258 2736 4330 αἰδούμενον
2771 4256 2828 4310 δὲ
2876 4256 2998 4312 οὔτε
3025 4254 3124 4327 τὴν
3157 4255 3371 4323 πολιὰν,
3406 4255 3530 4311 οὗτε
3555 4258 3625 4311 τὸ

360 4345 662 4417 longiorem
703 4345 851 4400 senis
874 4344 1039 4399 vitam
1093 4342 1484 4416 indignantem.
1532 4343 1759 4402 Omnem
1792 4350 1935 4404 enim

2047 4350 2308 4422 πατρικὸν
2357 4348 2593 4422 ἀξίωμα,
2643 4348 2780 4403 ἀλλὰ
2810 4352 2876 4421 τῇ
2920 4349 3012 4403 ἐπὶ
3053 4348 3213 4403 πλέον
3255 4349 3367 4421 ζωῇ
3403 4348 3495 4403 τοῦ
3535 4350 3628 4419 γέ-

358 4412 571 4507 copiam
595 4435 737 4499 domi
771 4434 998 4506 largiter
1037 4412 1324 4507 suppetere
1374 4436 1584 4509 videns,
1615 4453 1718 4496 nec
1744 4455 1932 4503 eorum

2047 4412 2234 4517 ροντος
2265 4412 2617 4516 βαρούμενον.
2654 4412 2979 4513 Πάνταῖγάρ
3006 4441 3147 4514 ὁρῶν
3184 4412 3282 4496 ἐπί
3313 4412 3410 4513 τξῆς
3438 4412 3623 4507 οἰκίας

366 4542 488 4598 quae
516 4527 630 4582 visa
662 4524 904 4585 alliciunt
937 4540 1105 4596 penes
1137 4540 1197 4582 se
1222 4527 1524 4587 dominium
1566 4529 1805 4600 habens;
1835 4550 1936 4589 cu-

357 4616 626 4688 piensque
671 4630 862 4672 eorum
893 4631 959 4673 ac
998 4616 1315 4672 deliciarum
1366 4616 1484 4674 ﬁeri
1531 4617 1801 4688 dominus,
1838 4639 1936 4693 pa-

358 4719 512 4765 terna
558 4715 947 4778 coangustatur
1002 4706 1373 4763 dominatione
1425 4722 1490 4764 ac
1532 4720 1815 4780 potestate.
1857 4715 1938 4771 Ac

357 4798 515 4854 initio
544 4798 764 4871 quidem
809 4797 1087 4854 silentium
1118 4797 1270 4863 colit,
1320 4798 1539 4870 alteque
1594 4806 1930 4863 reconditmn

425 4891 473 4923 "
503 4890 633 4962 Leg.
665 4890 765 4944 οὐκ
784 4890 1067 4945 ἀνοίκειον.

426 4982 927 5064 (Ἆλυρένεζτίπιαηι
947 4985 1393 5064 provocationem,
1423 4997 1512 5064 ft;
1540 4990 1926 5064 χαλεπωτάτην

354 5051 627 5126 παταγήν.
650 5051 803 5126 Velut
823 5051 1130 5126 condictum
1143 5054 1354 5126 signum
1372 5054 1518 5108 edito
1538 5051 1601 5109 ex
1624 5051 1927 5125 percussio.

356 5144 424 5181 ne
455 5123 589 5182 sonu
619 5142 633 5179 :
663 5123 806 5193 quod
826 5131 984 5177 vocat
1005 5123 1250 5193 Asterius
1271 5124 1543 5179 ‘bonorum
1567 5123 1635 5179 ac
1661 5129 1922 5187 honorum

355 5191 694 5265 propositam
732 5208 906 5262 spem,
942 5208 1046 5265 qua
1074 5191 1320 5265 Julianus
1359 5196 1646 5264 plurimum
1696 5203 1926 5258 tentavit

354 5261 715 5326 Christianos,
765 5261 836 5318 ut
892 5261 974 5317 εἰ
1004 5261 1249 5334 Gregorii
1284 5261 1538 5333 'l'h'eologi
1585 5280 1648 5321 ac
1690 5268 1921 5328 aliorum

354 5333 643 5409 aequalium
682 5333 1043 5409 monumentis
1077 5333 1465 5409 ἥφθη-89³11)
1512 5346 1699 5392 auctor
1738 5352 1924 5409 aperte

355 5400 893 5479 astatenrsignilicat,
924 5409 979 5454 et
1007 5409 1066 5456 ut
1104 5400 1217 5479 ipsa
1266 5403 1461 5459 Juliani
1507 5412 1666 5461 aetate
1710 5400 1927 5479 viierit,

354 5478 514 5545 eique
562 5471 727 5537 fuerit
762 5473 1347 5545 superstesaohscuro
1401 5485 1613 5543 tamen,
1664 5471 1932 5538 multosne

356 5544 437 5600 an
455 5557 656 5614 paucos
692 5556 885 5614 annos.
921 5557 1041 5599 sese
1069 5544 1104 5598 ii
1144 5546 1496 5601 excesserint.
1535 5547 1740 5609 indicat
1771 5566 1799 5605 a
1829 5550 1928 5606 Ju-

356 5611 524 5680 liano,
546 5612 637 5685 qui
658 5611 981 5685 παραϐάτης
995 5618 1423 5671 antonomasttice
1439 5619 1613 5674 dictus
1629 5628 1731 5683 est,
1753 5621 1929 5680 factos

349 5687 424 5744 ab
453 5700 528 5760 eo
571 5686 877 5742 desertores
926 5685 1249 5743 Christianae
1282 5686 1578 5761 religionis,
1628 5692 1923 5762 appellatos

2038 4538 2267 4607 ἄφθονα,
2303 4537 2396 4592 καὶ
2417 4535 2515 4607 τὴν
2542 4535 2792 4603 ἐξουσίαν
2824 4535 2932 4588 τῶν
2959 4534 3306 4608 βλεπομένων
3329 4537 3429 4591 οὐκ
3450 4536 3619 4608 ἔχων,

2040 4630 2323 4702 ἐπιθυμῶν
2351 4629 2409 4683 δὲ
2434 4627 2622 4700 κύριος
2651 4621 2791 4680 είναι
2821 4626 2998 4680 αὐτῶν
3037 4644 3096 4680 τε
3127 4628 3220 4682 καὶ
3248 4628 3345 4699 τῆς
3394 4644 3621 4700 περιου-

2043 4724 2183 4788 σίας,
2212 4722 2492 4777 στενοῦται
2533 4725 2600 4794 τῇ
2634 4726 2872 4794 πατρικῇ
2907 4721 3215 4793 αὑθεντεία.
3252 4723 3363 4775 Καὶ
3410 4721 3478 4774 τά
3516 4721 3622 4791 μὲν

2041 4816 2229 4887 πρῶτα
2262 4817 2458 4886 σιωπᾷ,
2503 4816 2596 4870 καὶ
2626 4818 2685 4870 ὲν
2730 4815 2807 4887 τῷ
2839 4815 2993 4887 βάθει
3050 4814 3265 4886 κατέχει
3297 4814 3394 4886 τὴν
3439 4815 3618 4869 νόσονθ

2033 4999 2345 5054 Julianitas.
2374 4996 2830 5053 Latiniluliauum
2864 4996 3036 5067 magis
3061 4995 3365 5064 Apostntam
3391 5009 3614 5058 vocant.

2035 5084 2195 5133 quam
2253 5079 2705 5135 transgressorem
2759 5084 2854 5122 seu
2904 5068 3419 5137 praevaricatorem,
3465 5072 3614 5136 quod

2032 5139 2219 5209 Grmca
2246 5153 2345 5209 vox
2378 5137 2704 5209 παραϐάτης
2724 5147 2897 5209 sonat.

2104 5207 2214 5278 (95)
2256 5205 2413 5278 llam!
2442 5205 3004 5278 s'erntoiitconreniem.
3034 5205 3175 5276 Lego
3187 5207 3289 5261 οὐκ
3317 5207 3609 5272 ἀνοίκειον,

2030 5276 2174 5351 quod
2207 5286 2260 5331 et
2282 5276 2406 5348 legit
2440 5278 2686 5346 interpr.,
2712 5277 3091 5351 necillud,odx
3115 5278 3182 5351 ἀν
3209 5280 3425 5351 οξκεῖον,
3462 5279 3610 5333 aliud

2030 5348 2275 5406 videatur
2319 5364 2478 5418 qnam
2519 5350 2799 5416 scriptura:
2852 5348 3063 5418 vitium.
3116 5348 3318 5404 Passim
3373 5364 3501 5403 vero
3552 5352 3610 5405 in

2038 5420 2276 5501 antiquis
2327 5416 2538 5501 quoque
2589 5418 2864 5501 codicibus
2910 5416 3065 5501 mala
3093 5418 3179 5500 illa
3229 5433 3610 5501 vocummqtia

2036 5488 2231 5544 divisio
2261 5503 2366 5558 qua
2394 5489 2695 5543 contractio
2721 5489 2980 5548 occurrit,
3013 5496 3069 5541 ut
3102 5489 3172 5542 sit
3211 5502 3346 5557 opus
3375 5488 3610 5557 judicio,

2035 5562 2103 5631 ad
2131 5561 2527 5631 percipiendam
2575 5570 2808 5614 mentem
2847 5568 3128 5615 auctorum
3163 5573 3229 5616 ac
3265 5560 3395 5629 quid
3426 5560 3608 5631 reipsa

2034 5630 2071 5687 ii
2096 5629 2434 5701 seripserint.
