3820 6346
152 404 240 462 eos

1157 406 1443 466 HOMILIA
1487 407 1574 465 Ill.
1610 406 1986 473 ADVERSUS
2015 413 2405 473 AVARITIAM

3297 414 3421 469 τιον

157 526 216 597 τῷ
242 522 411 596 χρόνῳ
444 523 504 578 δὲ
536 521 638 597 τὴν
662 523 962 598 ἐπιθυμίαν
991 525 1313 592 πλεονάσας,
1363 530 1459 584 καὶ
1497 529 1719 602 πληρω-

1838 536 2071 593 morbum
2101 539 2332 607 retinet;
2367 538 2492 595 dein
2526 552 2656 596 vero
2709 546 2864 596 aucta
2894 552 2990 611 per
3021 545 3231 609 tempus
3252 539 3408 609 cupi-

153 621 246 683 θεὶς
270 618 364 689 τὴν
396 618 599 689 ψδχὴν,
646 617 842 690 ἀθρόον
894 620 1190 693 ἐκρήγνυσι
1232 622 1331 694 τὴν
1380 622 1602 688 κακίαν,
1643 623 1718 688 ὡς

88 744 95 753 -
155 712 354 767 ἐπὶτῶν
390 713 651 782 σωλήνων
683 712 753 765 τά
774 712 962 767 ὕδατα.
993 714 1103 768 Καὶ
1135 714 1319 769 λοιπόν
1342 716 1489 770 ἐστιν
1512 715 1721 787 ἀφόρη-

155 823 228 869 τος
257 805 329 876 τῷ
360 803 665 878 πρεσϐύτῃ,
707 805 988 876 μονονουχὶ
1022 806 1360 861 συνελαύνων
1394 806 1556 861 αὑτὸν
1584 804 1749 877 πρὸς

158 902 259 961 me;
290 899 495 967 τάφους
544 898 861 966 ὑγιαίνοντα
893 898 988 953 καὶ
1028 898 1332 970 βαδίζοντα.
1367 902 1465 957 Ἀν
1505 900 1723 971 κούφως

155 986 301 1059 ἀναϐῇ
330 987 424 1040 τὸν
454 987 648 1051 ἵππον,
696 987 1134 1059 ὑπερθαυμάζει·
1176 988 1243 1045 ἂν
1288 991 1497 1063 τροφῆς
1546 992 1722 1063 spem-

156 1080 454 1150 μενέστερον
482 1078 782 1153 μεταλάϐῃ,
812 1080 1093 1151 γογγύζειο
1124 1081 1190 1137 ἂν
1215 1082 1344 1147 τοὺς
1373 1084 1592 1148 οἰκέτας
1623 1084 1724 1136 ἑω-

154 1173 277 1236 θινὸς
318 1174 575 1245 διεγείρει
619 1174 760 1246 πρὸς
787 1174 889 1239 τὰς
914 1175 1241 1247 ὑπηρεσίας,
1282 1178 1351 1248 τῇ
1392 1176 1724 1251 ὲγρηγόρσει

154 1269 232 1320 καὶ
254 1270 315 1338 τῇ
346 1267 578 1339 δυνάμει
611 1266 706 1322 τοῦ
736 1268 996 1340 γέροντος
1026 1269 1272 1340 ἄχθεται.
1303 1268 1400 1323 Ἂν
1427 1270 1484 1324 δὲ
1512 1270 1606 1324 καὶ
1632 1270 1726 1326 δω-

158 1357 355 1427 ρήσεταί
399 1376 450 1411 τι
492 1358 604 1411 τῶν
644 1358 1028 1430 κειμηλίων,ἢ
1076 1360 1294 1431 οἰκέτην
1333 1360 1445 1432 ἀφῇ
1472 1361 1572 1432 τῆς
1602 1360 1725 1414 δου..

156 1451 302 1514 λείας,
333 1451 451 1504 τότε
469 1450 536 1521 δὴ
574 1450 718 1515 τότε,
764 1451 860 1504 καὶ
886 1451 1069 1522 λῆρος,
1104 1452 1197 1506 καὶ
1242 1452 1597 1522 παραπαίων,
1632 1452 1727 1507 καὶ

157 1545 263 1607 τοὺς
313 1544 411 1613 τῆς
451 1544 598 1615 ζωῆς
630 1540 892 1616 ὑπερϐὰς
936 1547 1116 1618 ὅρους,
1166 1545 1396 1600 καὶτῶν
1427 1544 1727 1617 ἀλλοτρίων

158 1636 437 1708 σπαθητὴς,
513 1637 610 1691 καὶ
673 1639 784 1691 πᾶν
856 1637 1180 1711 βλάσφημον
1237 1638 1453 1693 ἀκούων
1515 1639 1731 1710 ἐμπαρ-

156 1733 374 1783 οινείταιο
426 1728 517 1783 διὰ
586 1728 638 1782 τί
692 1722 768 1801 μὴ
817 1729 1031 1802 ταχέως
1097 1728 1370 1787 ἀπέθανεν
1389 1771 1403 1794 ,
1464 1728 1730 1797 ἐγκαλού-

158 1839 315 1893 μενος-

212 2001 304 2064 m‘
327 1991 504 2065 οὗτος,
528 1993 576 2054 ὦ
615 1999 786 2071 μιαρὴ
826 1997 1127 2064 πλεονεξία,
1161 2000 1399 2071 καρπός⁶
1438 2001 1590 2073 παρὰ
1629 1999 1724 2054 σοῦ

156 2094 211 2145 τὰ
234 2092 424 2165 κέντρα
465 2092 766 2162 λαμϐάνων
808 2092 838 2145 ὁ
875 2093 999 2154 παῖς
1021 2132 1037 2157 ,
1078 2091 1337 2164 πολέμιος
1374 2092 1582 2161 γίνεται
1632 2092 1726 2148 τοῦ

159 2190 515 2257 γεννήσαντος.
550 2187 626 2240 Σὺ
652 2185 883 2257 πληροῖς
907 2185 1008 2256 τὴν
1036 2185 1139 2257 γῆν
1165 2186 1379 2260 λῃστῶν
1403 2185 1499 2240 καὶ
1530 2202 1726 2257 φονευ-

154 2279 266 2342 τῶν,
297 2276 745 2332 καταποντιστῶν
786 2276 843 2329 δὲ
885 2272 1185 2342 Θάλασσαν,
1216 2278 1317 2341 τάς
1350 2277 1537 2341 πόλεις
1568 2277 1730 2349 θορύ-

156 2371 270 2433 ϐων,
326 2369 397 2424 τὰ
440 2370 774 2440 δικαστήρια
821 2368 1304 2442 ψευδομαρτύρων,
1350 2371 1726 2442 συκοφαντῶν,

1825 628 2012 693 ditate,
2033 644 2097 685 ac
2131 633 2314 688 animo
2336 632 2448 701 jam
2492 639 2758 699 tumente,
2805 640 3029 703 repente
3054 630 3255 686 malum
3281 633 3407 700 pro-

1826 721 2045 790 rumpit,
2099 736 2203 776 non
2241 722 2401 777 aliter
2449 738 2612 792 quam
2654 738 2686 779 e
2739 722 2940 780 ﬁstulis
2999 738 3066 778 ac
3121 720 3407 777 canalibus

1823 828 1975 881 aqua:
2002 814 2103 868 vis.
2140 812 2276 868 Tum
2323 814 2413 871 ille
2473 816 2675 872 misero
2727 816 2844 872 seni
2902 813 3261 871 intolerabilis
3300 822 3406 878 est,

1823 902 2023 973 vixque
2054 919 2159 959 non
2188 903 2455 960 valentem
2481 919 2546 960 ac
2575 905 2731 961 (irmo
2761 919 2974 975 gressu,
3000 904 3073 961 ad
3096 904 3417 977 sepulcrum

1825 991 1969 1063 cogit
1995 1008 2058 1048 ac
2080 992 2257 1050 eﬂ'ert.
2300 993 2357 1048 Si
2374 1008 2570 1064 equum
2600 995 2812 1066 agiliter
2842 994 3183 1059 conscendit,
3209 994 3409 1049 mirum

1825 1084 1880 1140 in
1905 1085 2124 1141 modum
2156 1086 2387 1142 miratur
2412 1102 2477 1142 ac
2500 1097 2716 1158 stupet;
2743 1089 2791 1143 si
2844 1088 3073 1158 largius,
3106 1094 3161 1143 et
3184 1096 3245 1141 ut
3270 1087 3410 1143 bene

1826 1189 2013 1242 sanus,
2043 1176 2195 1233 cibos
2219 1176 2407 1242 sumit,
2435 1175 2544 1233 fert
2566 1192 2733 1250 agre,
2753 1193 3050 1248 secumque
3079 1184 3407 1244 murmurat;

1827 1270 1874 1326 si
1908 1269 2141 1327 famulos
2171 1273 2239 1326 ad
2297 1287 2461 1342 opera
2495 1288 2561 1329 ac
2622 1273 2955 1330 ministeria
2988 1287 3149 1329 mane
3180 1274 3415 1335 excitat,

1827 1360 2164 1432 vigilantiam
2199 1364 2509 1435 bonamque
2554 1364 2922 1421 valetudinem
2959 1367 3107 1422 senis
3142 1367 3312 1438 gemit
3345 1374 3409 1420 ac

1833 1452 1999 1511 dolet.
2033 1454 2188 1522 Quod
2211 1456 2255 1512 si
2285 1456 2572 1529 pignorum
2602 1457 2807 1528 aliquid
2839 1459 3140 1525 donaverit,
3172 1466 3266 1513 aut
3291 1472 3412 1513 ser-

1830 1562 1957 1603 vum
1990 1563 2151 1604 manu
2176 1549 2408 1615 miserit,
2443 1560 2573 1607 tunc
2603 1566 2736 1607 sane
2773 1562 2923 1617 tunc,
2942 1552 3105 1607 homo
3127 1550 3328 1606 delirus
3349 1563 3414 1605 ac

1832 1639 2032 1697 mentis
2060 1653 2256 1696 emota:
2281 1643 2450 1710 audit,
2475 1642 2677 1714 quique
2728 1644 2853 1699 vitae
2902 1643 3198 1700 excesserit
3234 1643 3415 1698 termi-

1833 1743 1954 1793 nos,
1987 1743 2052 1787 ac
2109 1729 2272 1786 alieni
2324 1733 2582 1802 prodigus
2627 1747 2693 1789 ac
2754 1733 3006 1804 profusus
3042 1750 3058 1788 :
3091 1733 3417 1803 probrisque

1833 1820 2088 1875 omnibus
2123 1834 2188 1876 ac
2211 1819 2518 1877 maledictis
2561 1816 2933 1891 proscinditur
2959 1822 3061 1876 hoc
3102 1820 3239 1874 male
3265 1833 3413 1885 reus,

1757 1886 1806 1947 π
1832 1911 1976 1981 quod
2001 1925 2113 1968 non
2146 1911 2379 1970 celerius
2400 1886 2772 1971 'vita'iunctus
2799 1914 2890 1968 sit.

1896 2003 1996 2058 Tui
2031 2003 2143 2067 isti,
2170 2003 2434 2059 scelerata
2465 2005 2721 2071 avaritia,“
2756 2004 2984 2060 fructus.
3017 2003 3148 2059 Tuis
3176 2001 3412 2058 stimulis

1826 2103 2154 2164 provocatus
2181 2094 2344 2161 ﬁlius,
2395 2097 2610 2165 parenti
2671 2094 2907 2155 eﬂicitur
2956 2095 3149 2151 hostis.
3186 2093 3417 2150 Terram

1828 2183 2005 2254 reples
2034 2184 2336 2241 latronibus
2376 2201 2442 2243 ac
2484 2186 2722 2253 sicariis,
2786 2200 2937 2241 mare
2991 2186 3202 2256 piratis,
3251 2187 3415 2241 urbes

1828 2276 2002 2332 turbis
2036 2284 2201 2347 atque
2234 2279 2580 2347 tumultibus,
2626 2279 2802 2334 forum
2843 2295 2908 2334 ac
2942 2280 3233 2334 tribunaiia
3263 2278 3415 2334 falsis

1830 2368 2077 2436 testibus,
2116 2369 2624 2440 calumniatoribus,
2679 2371 3066 2442 proditoribus,
3104 2371 3413 2437 advocatis,

156 2463 432 2535 προδοτῶν,
464 2463 806 2536 συνηγόρων,
837 2461 1109 2517 δικαστῶν
1131 2465 1250 2516 ἐκεῖ
1272 2463 1569 2535 ῥεπόντων,
1594 2464 1729 2519 ὅπου

1838 2460 2102 2526 iudicibus
2150 2478 2217 2519 eo
2248 2464 2731 2534 propendentibus,
2782 2480 2892 2536 quo
2947 2474 3001 2520 tu
3049 2463 3412 2534 pertraxeris.

157 2558 193 2611 δ’
220 2558 280 2611 ἂν
310 2559 373 2612 σὺ
405 2556 778 2629 καθελκύσῃς.
822 2555 1131 2622 Πλεονεξία,
1172 2558 1353 2629 μήτηρ
1396 2558 1496 2631 τῆς
1548 2559 1731 2613 ἀνισό-

158 2662 317 2718 τητος,
354 2644 613 2718 ἀνηλεής,
652 2644 1059 2717 μισάνθρωπος,
1124 2647 1400 2719 ιῖιμοτάτη.
1449 2648 1550 2703 Διὰ
1596 2648 1730 2704 ταύ-

158 2754 243 2806 την
289 2738 318 2789 ὀ
346 2737 456 2790 τῶν
490 2734 798 2808 ἀνθρώπων
835 2734 947 2805 βίος
982 2735 1299 2808 ἀνωμαλίας
1340 2737 1521 2809 γέμει*
1550 2739 1647 2793 καὶ
1678 2739 1731 2792 οἱ

161 2829 247 2898 μὲν
272 2830 332 2882 ἐκ
367 2828 462 2882 τοῦ
492 2828 661 2900 κόρου
694 2826 957 2882 ναυτιῶσι
982 2826 1081 2900 τὴν
1113 2829 1432 2899 περισσείαν
1460 2828 1571 2886 τῶν
1597 2848 1737 2902 κτη-

162 2921 347 2990 μάτων,
377 2915 492 2974 οἷον
541 2919 747 2991 τροφὴν
798 2919 1073 2990 ἄπληστον
1115 2920 1541 2986 ἀποϐλύζοντες·
1582 2921 1730 2978 ἄλλοι

159 3011 207 3066 δὲ
254 3012 392 3085 λιμῷ
415 3013 514 3067 καὶ
541 3011 719 3084 ἐνδείᾳ
754 3011 1065 3082 πιεζόμενοι
1088 3011 1514 3067 κινδυνεύουσιν.
1540 3013 1605 3067 Ol
1631 3012 1737 3085 μὲν

160 3102 243 3155 ὑπ’
270 3104 484 3174 ὀρόφοις
526 3101 931 3173 χρυσοπάστοις
972 3101 1345 3165 κατάκεινται,
1383 3102 1478 3156 καὶ
1521 3101 1598 3166 ὠς
1644 3118 1734 3174 μι-

161 3195 284 3266 κρὰς
307 3195 491 3258 πόλεις
525 3193 736 3248 οἰκοῦσι
774 3193 877 3256 τάς
918 3191 1117 3256 οἰκίας,
1169 3192 1414 3265 λουτροῖς
1442 3193 1539 3248 καὶ
1560 3194 1730 3259 οἴκοις

160 3257 427 3350 ποικίλοις,
472 3257 570 3339 καὶ
623 3286 808 3348 στοαῖς
855 3284 947 3337 ἐπὶ
992 3257 1339 3355 μακρότατον
1389 3257 1727 3355 διηκούσαις,
1756 3257 1799 3314 C

161 3379 245 3431 καὶ
269 3378 493 3451 παντοίᾳ
516 3376 838 3448 πολυτελείᾳ
865 3376 1301 3449 κεκοσμημένας
1328 3377 1503 3449 ἕτεροι
1530 3377 1587 3432 δὲ
1637 3377 1732 3433 δύο

160 3470 316 3525 δοκῶν
353 3471 567 3541 σκέπην
619 3470 722 3525 οὐκ
775 3469 1009 3540 ἔχουσιν·
1062 3469 1178 3525 ἀλλ’
1216 3471 1345 3524 ὅταν
1382 3473 1441 3525 ἐν
1479 3471 1732 3544 ὑπαίθρῳ

160 3562 333 3636 διαζῆν
363 3564 440 3637 μὴ
465 3562 751 3628 δύνωνται,
782 3556 818 3632 ἢ
849 3562 989 3634 πρὸς
1025 3561 1128 3626 τὰς
1160 3561 1425 3634 καμίνους
1451 3563 1739 3634 καταφεύέ

161 3674 305 3725 γουσι
329 3656 435 3711 τῶν
457 3655 725 3729 λουτρῶν,
754 3654 788 3727 ἢ
819 3656 914 3710 καὶ
948 3656 1062 3719 τοῖς
1084 3654 1373 3727 βαλανεῦσι
1409 3655 1734 3724 κακοξένοις

162 3747 548 3819 περιτυχόντες,
584 3745 986 3819 παραπλησίως
1010 3747 1124 3811 τοῖς
1152 3745 1357 3819 χοίροις
1387 3745 1491 3818 τὴν
1525 3746 1737 3820 κόπρον

162 3837 483 3911 ὀρύττοντες,
512 3837 616 3909 τὴν
636 3836 941 3906 ἀναγκαίαν
967 3835 1178 3908 θέρμην
1203 3837 1417 3899 ἑαυτοῖς
1441 3834 1723 3908 μηχανῶν·

163 3947 262 3986 ται.
294 3929 398 3985 Καὶ
438 3930 505 3984 τὸ
554 3928 821 4001 ὁμότιμον
857 3927 1018 3993 ζῶον,
1067 3927 1098 3980 ὁ
1126 3925 1433 3999 ἄνθρωπος,
1463 3926 1735 3999 τοσαύτην

163 4022 263 4095 ἔχει
302 4023 400 4095 τὴν
441 4020 709 4094 διαφορὰν
760 4019 863 4091 τῆς
901 4019 1113 4089 διαίτης
1160 4019 1299 4091 πρὸς
1342 4018 1404 4072 τὸ
1435 4017 1731 4090 ὁμόφυλον*

162 4118 249 4172 οὐκ
272 4117 428 4172 ἀλλον
453 4115 599 4180 τινὸς
628 4115 728 4186 τὴν
754 4110 981 4177 ἀταξίαν
1006 4110 1213 4182 ταύτην
1246 4112 1341 4166 καὶ
1375 4110 1477 4181 τὴν
1505 4111 1736 4183 ἀνωμα-

164 4209 289 4276 λίαν,
337 4211 371 4282 ἦ
420 4209 524 4280 τῆς
562 4204 878 4271 πλεονεξίας
914 4203 1337 4276 ἐπεισαγούσης.
1366 4204 1450 4259 -Ὃ
1499 4203 1597 4275 μὲν
1639 4220 1737 4274 γν-

168 4307 302 4375 μτηῖς
339 4304 644 4375 ἀσχημονεῖ
691 4300 900 4372 μέλεσιο
952 4299 1045 4352 καὶ
1096 4298 1126 4351 ό
1169 4296 1324 4361 ἄλλος
1359 4295 1497 4369 πρὸς
1548 4295 1609 4350 τὸ
1636 4294 1739 4367 τὴν

166 4396 348 4466 ἐσθῆτα
375 4392 786 4465 δυσαρίθμητον
824 4390 988 4466 ἔχειν,
1034 4391 1343 4462 πορφυραῖς
1382 4386 1580 4454 πλαξὶν
1608 4387 1738 4452 τοὺς

163 4489 356 4559 τοίχους
387 4486 588 4541 ὲνδύει.
629 4486 688 4539 '0
718 4483 888 4554 πένης
911 4482 1004 4536 ἐπὶ
1036 4480 1252 4553 ξυλίνης
1275 4477 1553 4551 τραπέζης
1572 4479 1737 4551 ἄρτον

1829 2556 2071 2612 Avaritia
2099 2566 2275 2612 mater
2304 2566 2386 2613 est
2414 2558 2835 2627 inzequalitatis;
2877 2556 3297 2620 immise’ricors,
3330 2556 3417 2610 in-

1831 2647 2088 2712 bumana,
2120 2662 2331 2705 summe
2359 2648 2613 2704 crudelis.
2642 2649 2743 2704 Per
2786 2653 2924 2704 hanc
2960 2648 3268 2703 mortalium
3305 2648 3414 2703 vita

1830 2741 2016 2811 dispar
2036 2742 2259 2797 omnino
2290 2757 2354 2798 ac
2386 2741 2728 2812 inatquabilis‘
2757 2752 2872 2808 est;
2945 2757 3007 2797 ac
3063 2730 3169 2796 alii
3194 2740 3416 2812 quidem

1830 2832 2222 2905 superﬂuarum
2272 2833 2525 2890 satietate
2555 2848 2718 2902 opum
2775 2834 2921 2889 velut
2954 2841 3242 2899 nauseant,
3273 2848 3335 2888 ac
3368 2834 3416 2888 si

1829 2921 2011 2978 cibum
2033 2937 2143 2993 quo
2162 2938 2221 2978 se
2251 2922 2480 2978 nimium
2511 2922 2986 2995 ingurgitaverint,
3014 2922 3421 2995 eveniantmlii

1830 3011 1974 3068 fame
1994 3028 2059 3068 ac
2087 3013 2314 3084 penuria
2342 3012 2542 3083 pressi,
2580 3013 2634 3068 in
2673 3024 2920 3069 extremo
2943 3027 3081 3083 pene
3102 3013 3439 3069 discrimine

1831 3111 2139 3159 versantur.
2160 3102 2222 3157 lli
2246 3104 2348 3157 sub
2378 3103 2590 3159 auratis
2614 3105 2777 3158 tectis
2809 3103 3160 3170 recumbunt,
3190 3103 3417 3160 domos-

1830 3207 1939 3264 que
1966 3190 2209 3247 iucolunt
2252 3192 2319 3246 ad
2370 3190 2547 3247 instar
2591 3190 2863 3246 minorum
2909 3190 3147 3255 urbium,
3185 3189 3419 3254 balneis,

1832 3284 2292 3352 subdomibusque
2354 3282 2519 3337 variis
2545 3321 2570 3346 ,.
2620 3297 2685 3337 ac
2732 3280 3034 3351 porticibus
3085 3281 3416 3337 immensum

1834 3377 2147 3449 productis,
2175 3375 2353 3431 omnis
2411 3374 2646 3443 denique
2686 3373 3227 3446 generis‘magnilico
3259 3389 3420 3430 orna-

1837 3479 1918 3524 tas
1949 3467 2233 3536 cultu;illi
2266 3476 2478 3531 contra,
2523 3479 2593 3522 ne
2636 3467 2742 3521 duo
2770 3465 2993 3537 quidem
3042 3467 3189 3539 tigna
3222 3469 3423 3537 quibus

1835 3571 2109 3633 tegantur,
2146 3558 2382 3625 habent;
2424 3574 2660 3630 eumque
2705 3560 2805 3616 sub
2856 3559 2951 3614 dio
2993 3560 3291 3630 perdurare
3324 3576 3423 3615 ne-

1832 3666 2060 3727 queunt,
2096 3653 2183 3709 vel
2211 3653 2281 3710 ad
2319 3653 2562 3709 caminos
2594 3652 2911 3709 balnearum
2951 3652 3436 3721 eonfugiunt,.vel,.

1834 3748 1879 3805 si
1911 3746 1967 3802 in
1998 3744 2342 3802 balneatores
2396 3742 2749 3814 inbospitales
2807 3742 3117 3810 inciderint,
3151 3744 3294 3802 haud
3326 3746 3425 3802 ab-

1834 3839 2002 3897 simili
2032 3854 2097 3894 ac
2119 3852 2248 3895 sues
2283 3838 2515 3905 ratione,
2541 3838 2809 3895 fodientes
2828 3837 3036 3903 timum,
3052 3837 3422 3894 necessarium

1836 3933 1938 3991 sibi
1962 3930 2200 3988 calorem
2231 3939 2549 4002 procurant.
2581 3932 2660 3989 Ac
2694 3946 2846 3996 vero,
2878 3938 2939 3986 ut
2970 3931 3164 3986 eadem
3195 3930 3425 3987 honoris

1836 4024 2190 4097 praerogativa
2251 4032 2468 4079 auctum
2521 4023 2746 4090 animal,
2799 4017 2984 4087 homo,
3030 4023 3246 4078 diversa
3288 4023 3435 4079 adeo.

1838 4116 1962 4172 vita
1985 4118 2220 4183 ratione,
2271 4131 2300 4170 a
2359 4116 2649 4172 contribuli
2696 4125 2824 4188 agat
2854 4114 3113 4183 homine;
3156 4122 3429 4185 tantaeque

1838 4208 1984 4263 illius
2021 4207 2539 4279 perturbationis‘ac
2564 4204 2968 4278 inaequalitatis,
3002 4220 3106 4260 una
3133 4206 3345 4261 auctrix
3363 4222 3428 4262 ae

1839 4315 2030 4365 causa,
2062 4300 2294 4356 avaritia
2317 4312 2421 4356 est.
2440 4300 2524 4355 Ab
2557 4302 2657 4356 hac
2681 4309 2788 4365 est,
2824 4307 2885 4353 ut
2933 4299 3073 4354 alius
3106 4307 3298 4354 contra
3328 4299 3435 4354 (ιε-ι

1837 4407 2028 4447 eorum
2084 4383 2222 4462 pene
2266 4392 2479 4457 nudus;
2547 4391 2686 4447 alius
2744 4398 2939 4461 praeter
2996 4390 3311 4446 innumeras
3359 4391 3427 4444 ad

1840 4499 1997 4539 usum
2025 4483 2274 4554 corporis
2304 4486 2503 4549 vestes,
2528 4483 2766 4549 parietes
2795 4483 2945 4551 ipsos
2978 4497 3223 4553 purpura
3250 4480 3417 4537 velat.

164 4579 340 4650 ἀπορεῖ
367 4574 690 4649 διαθρύψαι*
723 4573 819 4627 καὶ
853 4573 882 4626 ὁ
910 4570 1130 4643 τρυφῶν
1159 4570 1411 4642 ἀργυρῆν
1452 4568 1732 4641 τράπεζαν

1842 4575 2078 4645 Pauper,
2129 4589 2197 4629 ne
2249 4589 2443 4646 panem
2475 4574 2693 4643 quidem
2757 4572 2939 4640 habet,
2971 4587 3132 4644 quem
3165 4572 3218 4626 in
3246 4570 3424 4642 lignea

164 4670 340 4735 ἐλάσας
391 4670 476 4733 εἰς
520 4667 745 4730 πλάτος,
773 4662 854 4734 τῷ
884 4661 1150 4717 στίλϐοντι
1191 4660 1599 4733 ψυχαγωγείται
1633 4661 1734 4733 τῆς

164 4762 293 4833 ὕλης.
333 4762 447 4817 Καὶ
478 4760 634 4831 πόσῳ
666 4756 1020 4826 δικαιώτερον
1052 4748 1141 4824 ἦν,
1176 4751 1268 4807 τὸν
1323 4752 1421 4823 μὲν
1450 4750 1734 4805 ἑστιᾶσθαι

163 4855 486 4926 ἀρκούμενον
516 4853 586 4923 τῇ
618 4848 754 4923 ἄλλῃ
786 4850 987 4919 τρυφῇ,
1028 4846 1128 4917 τῆς
1166 4843 1448 4916 τραπέζης
1478 4843 1536 4897 δὲ
1567 4842 1735 4915 τιμὴν

163 4951 255 5003 τῶν
285 4949 508 5021 ἀπόρων
540 4940 680 4999 εἶναι
695 4942 909 5015 τρυφήν
922 4941 1000 5006 δίς
1030 4937 1225 4999 Ἀλλος
1249 4935 1501 5008 γηραιὸς,
1528 4935 1623 4991 καὶ
1649 4935 1737 5006 βα-

163 5044 310 5110 δίζειν
330 5041 634 5107 ἀδυνατῶν,
664 5038 700 5111 ἦ
730 5038 820 5093 διά
842 5053 966 5114 τινα
997 5033 1179 5106 λώϐην
1210 5031 1487 5105 χωλεύων,
1525 5029 1645 5085 ϐνον
1673 5028 1734 5081 ού

165 5137 429 5208 κέκτηται,
466 5133 768 5202 ἀναγκαῖον
806 5129 905 5201 τῆς
938 5126 1131 5201 χρείας
1175 5125 1379 5197 ὄχημα·
1421 5123 1514 5176 καὶ
1548 5120 1739 5192 ἕτερος

166 5228 240 5282 διὰ
278 5227 481 5299 πλῆθος
518 5225 620 5290 τὰς
650 5224 854 5294 ἀγέλας
880 5221 943 5275 οὐ
975 5218 1231 5291 γνωρίζει
1262 5216 1371 5271 τῶν
1408 5217 1613 5270 ἵππων.
1647 5212 1739 5283 Τῷ

172 5320 257 5388 μὲν
297 5320 474 5374 ἔλαιον
514 5316 659 5371 ἐνδεῖ
704 5313 843 5386 πρὸς
876 5312 940 5365 τὺ
964 5310 1158 5382 λύχνον
1186 5306 1412 5378 ἀνάψαι·
1459 5305 1553 5360 καὶ
1579 5303 1739 5368 ἀλλος

174 5412 341 5479 μόναις
372 5414 496 5476 ταῖς
533 5406 781 5480 λυχνίαις
818 5403 1065 5460 πλουτεῖ.
1109 5402 1168 5457 '0
1212 5400 1313 5481 μὲν
1359 5398 1453 5453 ἐπὶ
1497 5395 1594 5452 τοῦ
1617 5397 1740 5452 ἐδά-

175 5522 287 5572 φους
315 5505 589 5579 ἔρριπταιο
623 5501 722 5555 καὶ
750 5500 780 5553 ὁ
810 5497 989 5571 μάτην
1018 5491 1285 5558 πλουτῶν,
1318 5489 1398 5564 τῷ
1426 5488 1620 5561 κόσμῳ
1643 5487 1743 5559 τῆς

175 5595 337 5668 ὦνης
369 5592 902 5669 περιαπράπτεται,
942 5588 1191 5663 ἀργυρᾶς
1240 5584 1477 5657 σφαίρας
1513 5579 1745 5654 ἐχούσης

177 5688 255 5740 μὶ
268 5689 478 5753 ἁλύσεις
490 5686 614 5742 ἀντὶ
632 5684 745 5739 τῶν
767 5682 1013 5755 σχοίνων.
1032 5678 1219 5735 Ταῦτα
1239 5676 1309 5731 τὰ
1324 5675 1424 5747 τῆς
1448 5673 1744 5746 ἀκορέστου

241 5870 283 5904 ⁸⁵
316 5874 386 5927 ίσ.
418 5875 651 5947 τροφήν.

1842 4681 2027 4723 mensa
2067 4665 2326 4737 frangat;
2359 4679 2480 4721 cum
2521 4665 2700 4721 mollis
2720 4681 2789 4721 ac
2808 4665 3074 4721 delicatus
3112 4662 3320 4734 fulgore
3346 4662 3427 4716 la-

1845 4748 2067 4815 tissimae
2099 4773 2167 4813 ex
2198 4768 2424 4829 argento
2475 4772 2897 4827 menumquam
2927 4771 3093 4828 opere
3142 4756 3329 4813 ductili
3356 4756 3415 4811 ti-

1841 4851 1920 4908 eri
1945 4852 2178 4912 curavit.
2229 4863 2466 4909 mentem
2523 4860 2580 4909 et
2606 4851 2796 4908 oculos
2843 4859 3053 4921 pascat.
3103 4849 3175 4904 At
3217 4858 3429 4919 quanto

1844 4941 2026 4997 fuerat
2049 4942 2281 5012 aequius,
2326 4942 2419 4998 illo
2470 4942 2617 4999 laute
2656 4942 2876 5013 quidem
2924 4956 2993 4997 ac
3034 4941 3262 5012 opipare
3288 4954 3425 5009 epu-

1845 5033 2011 5097 lante,
2037 5043 2373 5102 ceterasque
2397 5033 2623 5090 delicias
2646 5036 2715 5088 ad
2768 5033 3078 5090 satietatem
3101 5043 3425 5104 usurpante,

1846 5140 2047 5182 mensa:
2094 5126 2327 5197 pretium
2393 5127 2451 5183 in
2508 5127 2728 5183 delicias
2780 5125 3027 5182 converti
3093 5126 3431 5196 pauperum?

1847 5216 2000 5274 Alius
2023 5228 2187 5275 aetate
2237 5219 2433 5280 fessus.
2486 5233 2550 5273 ac
2594 5217 2814 5274 intimo
2859 5230 3070 5290 gressu,
3104 5218 3189 5274 vel
3244 5217 3434 5289 aliquo

1848 5309 2073 5367 claudus
2100 5310 2252 5375 vitio,
2292 5325 2361 5366 ne
2410 5310 2622 5366 asinum
2684 5310 2905 5382 quidem
2937 5310 3304 5367 necessarium
3331 5324 3429 5364 ve-

1850 5410 2057 5458 ctorem
2100 5401 2381 5471 possidet;
2433 5400 2573 5457 alius
2618 5402 2766 5473 ipsos
2804 5416 3073 5473 equorum
3131 5415 3323 5472 greges
3358 5401 3431 5457 ob

1853 5491 2269 5547 multitudinem»
2296 5491 2527 5561 ignorat.
2588 5490 2727 5548 lluic
2750 5491 2931 5548 oleum
2949 5490 3020 5547 ad
3049 5490 3304 5562 lychnum
3336 5487 3432 5543 de-

1852 5589 1964 5638 est:
2007 5581 2097 5638 ille
2149 5582 2218 5637 ab
2249 5581 2384 5652 ipsis
2430 5583 2725 5639 luminibus
2779 5597 2843 5638 ac
2884 5580 3228 5639 candelabris
3276 5578 3434 5635 dives

1854 5674 2066 5732 censeri
2101 5683 2300 5746 potest.
2328 5672 2504 5731 Hicin
2531 5676 2675 5732 nudo
2726 5675 2845 5732 solo
2883 5673 3157 5746 proiectus
3185 5679 3305 5738 est;
3340 5670 3433 5727 ille
