3820 6304
397 321 493 379 2H
1693 322 1751 378 S.
1791 320 2066 380 ASTERI!
2103 324 2407 382 AMASENI
3535 318 3658 376 912

398 451 586 495 manes
613 437 1138 509 divitias’jactitans,
1190 439 1311 496 lecti
1363 438 1666 507 fulgoribus
1690 441 1968 510 undequa-

2097 443 2384 509 ιλεονεξίας
2415 441 2848 514 ἀποτελέσματα.
2886 440 2948 494 Ei
2988 438 3096 513 γὰρ
3132 437 3210 510 μὴ
3244 437 3538 508 εἰσήγαγεν
3572 437 3662 499 είς

397 543 505 599 que
529 541 803 595 coruscat,
855 531 1012 602 cujus
1061 532 1169 589 sint
1208 543 1476 604 argenteae
1517 533 1765 600 spbaarae,
1790 547 1966 602 exque

2097 534 2163 587 :bv
2193 534 2306 606 βίον
2330 536 2432 607 τὴν
2461 534 2774 605 ἀνισότητα,
2807 533 2906 587 οὐκ
2930 533 2996 588 ἂν
3023 527 3184 586 αὗται
3212 527 3352 603 ἦσαν
3377 530 3476 600 τῆς
3509 530 3665 582 ἀνωο

396 620 585 675 eodem
618 630 822 677 catena:
856 622 1073 676 metal'lo
1098 623 1217 677 vice
1271 622 1502 680 funium.
1528 623 1688 680 Tales
1712 624 1967 679 nimirum

2097 624 2276 690 ιαλίας
2306 627 2362 678 αί
2392 625 2574 698 ἐξοχαὶ
2615 625 2708 679 καὶ
2735 623 3064 694 κοιλότητες,
3093 622 3202 675 οὐδ’
3228 620 3293 674 ἂν
3322 621 3378 673 αἱ
3409 617 3666 674 ποικίλαι

395 709 735 783 inexplebilis
763 716 1006 770 avaritia:
1035 713 1278 770 etl’ectus.
1305 714 1419 772 Nisi
1443 716 1584 772 enim
1636 731 1699 771 ea
1727 717 1968 786 inaequa-

397 802 605 860 litatem
632 807 832 860 mundo
867 807 1178 872 invexisset,
1205 807 1617 878 haudquaquam
1659 808 1762 862 illa:
1791 815 1974 863 essent

2076 717 2359 789 συμφοραὶ
2387 718 2525 790 ἀηδῆ
2568 716 2662 771 καὶ
2701 715 3040 788 πολύδακρυν
3064 713 3162 787 τὴν
3189 713 3333 785 ζωὴν
3360 711 3520 784 ἡμῶν
3547 711 3666 764 ἀπ-

2077 806 2411 878 ειργάζοντο.

397 911 522 953 eum
555 895 969 964 exsuperantize,
1011 904 1122 948 tum
1165 893 1410 950 defectus
1466 911 1529 950 ac
1564 897 1875 960 inanitates,
1946 910 2045 951 nec
2083 896 2247 951 variis
2287 898 2421 950 adeo
2477 895 2719 950 cladibus
2755 907 2821 947 ac
2874 889 3294 955 calamitatibus,
3358 889 3664 958 injucunda

399 986 560 1042 nobis
581 986 692 1040 vita
725 999 789 1039 ac
817 983 1182 1056 lacrymabilis
1207 986 1543 1041 redderetur.

470 1074 609 1131 Hinc
639 1075 888 1132 homines
948 1077 1185 1132 naturali
1228 1086 1409 1132 mutua
1455 1076 1666 1146 abiecta
1704 1079 1968 1144 amicitia,

2159 1073 2440 1130 Ἐντεῦθεν
2466 1073 2564 1145 τὴν
2593 1072 2828 1144 φυσικὴν
2871 1068 3006 1141 πρὸς
3037 1067 3298 1139 ἀλληλους
3329 1064 3514 1136 φιλίαν
3549 1066 3666 1119 ἀπ-

396 1161 603 1219 ferrum
651 1173 878 1230 acuunt,
936 1166 1085 1222 acies
1138 1166 1431 1228 instruunt,
1485 1181 1550 1222 ac
1601 1183 1811 1222 summa
1847 1181 1968 1221 cum

2097 1169 2279 1222 ὺλεσαν
2306 1167 2600 1240 ἄνθρωποι,
2637 1165 2729 1219 καὶ
2756 1164 2971 1235 σίδηρον
3006 1159 3262 1223 ἀκονῶσι,
3293 1159 3387 1212 καὶ⁸
3419 1175 3666 1228 συγκρο-

397 1252 743 1310 immanitate
785 1261 1039 1322 tanquam
1091 1253 1278 1309 beStiae
1333 1256 1474 1309 inter
1499 1270 1558 1310 se
1602 1257 1968 1311 committunt.

2072 1261 2226 1315 τοῦσι
2266 1259 2619 1332 παρατάξεις,
2650 1258 2743 1312 καὶ
2777 1256 2966 1327 ὥσπερ
2989 1253 3109 1308 τινὰ
3136 1252 3299 1324 θηρία
3341 1251 3476 1322 μετά
3522 1251 3664 1304 πολ⁹

396 1341 602 1400 Caelera
636 1343 891 1413 deinceps
937 1346 1059 1415 quis
1102 1347 1477 1402 enarraverit?
1522 1345 1659 1401 Muri
1717 1347 1876 1402 validi
1909 1361 1973 1402 ac

2097 1351 2172 1421 ,ἧς
2203 1349 2302 1420 τῆς
2326 1349 2647 1421 ἀγριότητος
2672 1347 2920 1418 ἀλλήλοις
2949 1344 3297 1398 συνάπτουσι.
3331 1343 3413 1395 Τὰ
3437 1341 3492 1394 δὲ
3524 1342 3665 1395 ἀκό-

397 1435 600 1491 excelsi
653 1435 926 1492 machinis
971 1447 1428 1507 eonquassantur,
1463 1438 1628 1494 urbes
1653 1453 1970 1509 expugnan-

400 1537 523 1594 tur,
558 1540 757 1582 uxores
786 1526 1154 1594 abducuntur,
1205 1526 1358 1582 liberi
1387 1527 1439 1580 in
1471 1526 1787 1583 servitutem
1830 1525 1974 1580 redi-

400 1626 626 1686 guntur,
677 1617 795 1687 agri
834 1627 1124 1672 vastantur
1177 1633 1242 1672 ac
1311 1613 1639 1682 desolantur,
1689 1618 1977 1674 arboribus

399 1705 560 1778 ipsis,
584 1715 841 1778 tanquam
867 1708 1179 1763 hominibus
1221 1708 1383 1763 illata).
1414 1711 1519 1764 reis
1550 1708 1782 1776 injuriae,
1823 1709 1968 1763 haud

403 1808 774 1869 temperatur;
805 1801 958 1854 multi
993 1799 1218 1857 ﬂorente
1267 1811 1429 1856 aetate
1464 1800 1802 1871 jugulantur,
1841 1801 1974 1856 rivi-

401 1903 511 1958 que
536 1890 814 1961 sanguinis
846 1905 874 1943 a
912 1898 1095 1959 strage
1127 1890 1453 1946 cadaverum
1479 1892 1776 1948 miserabili
1805 1890 1978 1946 ﬂuunt

402 1986 569 2048 atque
611 1978 946 2046 volvuntur;
989 1979 1275 2036 facultates
1331 1981 1564 2051 denique
1628 1998 1693 2038 ac
1749 1983 1979 2037 fortunae

401 2083 617 2136 eorum,
643 2071 734 2140 qui
785 2069 914 2125 victi
974 2071 1198 2136 fuerint,
1250 2072 1548 2128 victoribus
1587 2074 1807 2127 cedunt.
1839 2072 1978 2140 Quid

404 2159 637 2218 deinde?
664 2161 957 2216 Viduarum
995 2160 1256 2226 lamenta,
1287 2162 1611 2232 pupillorum
1642 2161 1819 2228 ﬂetus,
1852 2177 1976 2216 cum

411 2262 664 2321 parentes
693 2267 841 2321 suos,
881 2264 994 2309 tum
1023 2254 1278 2309 amissam
1319 2255 1611 2324 lugentium
1654 2257 1976 2310 libertatem.

409 2345 512 2412 Qui
547 2345 965 2412 nudiustertius,
1027 2345 1319 2401 multarum
1385 2360 1809 2417 magnarumque
1838 2344 1976 2400 divi-

407 2437 604 2493 tiarum
644 2439 989 2509 possessione
1054 2438 1309 2508 pollebat,
1367 2450 1479 2491 tum
1545 2437 1775 2492 frustum
1827 2436 1980 2506 panis

311 2591 322 2608 γ
407 2532 632 2586 dextera
685 2541 1006 2600 exporrecta
1061 2531 1351 2584 mendicat.
1388 2527 1490 2595 Qui
1549 2529 1731 2598 plures
1794 2543 1980 2582 servos

405 2622 653 2676 textrina:
705 2621 970 2681 addictos.
1028 2621 1278 2688 aedesque
1333 2620 1571 2673 vestibus
1612 2617 1838 2672 refertas
1891 2619 1983 2672 ba-

406 2713 618 2776 buerat,
645 2710 825 2766 lacero
867 2711 1170 2780 detritoque
1217 2719 1387 2764 tectus
1413 2709 1721 2777 panniculo,
1751 2711 1982 2764 servitu-

406 2813 516 2859 tem
541 2803 657 2872 ipse
687 2803 876 2868 servit,
911 2817 1107 2871 aquam
1137 2802 1456 2856 necessariis
1486 2801 1674 2856 usibus
1700 2802 1978 2866 convehit,

408 2897 479 2950 ab
512 2895 678 2962 equili
723 2897 967 2951 stercora
1037 2893 1291 2958 abradit,
1338 2892 1602 2963 fcedisque
1645 2894 1982 2961 mancipatur

406 2985 671 3055 ejusmodi
705 2966 1041 3038 ministeriis.
1073 2984 1190 3037 Alia
1229 2991 1484 3038 sexcenta
1518 2982 1656 3036 mala
1688 2991 1836 3048 sunt,
1862 2998 1983 3052 quae

409 3095 515 3134 non
554 3079 679 3134 licet
703 3077 1014 3133 summatim
1047 3076 1296 3132 oratione
1317 3075 1620 3146 complecti.
1655 3075 1858 3131 Horum
1881 3092 1981 3130 au-

413 3182 519 3227 tem
546 3171 787 3226 omnium
837 3170 1008 3239 origo,
1055 3183 1346 3239 causaque,
1387 3183 1451 3223 ac
1505 3169 1679 3233 radix,
1740 3169 1859 3239 plus
1889 3169 1983 3223 ha-

408 3262 568 3317 bendi
625 3260 911 3330 cupiditas,
963 3273 1027 3313 ac
1083 3257 1301 3328 iniquus
1357 3259 1622 3314 bonorum
1687 3258 1984 3314 alienorum

412 3369 591 3408 amor.
625 3351 775 3406 Hanc
808 3349 1149 3405 alfectionem
1180 3359 1238 3403 ut
1263 3348 1387 3418 quis
1426 3349 1704 3403 hominum
1737 3349 1986 3418 exegerit

407 3445 626 3506 animis,
660 3443 794 3498 nihil
833 3443 938 3496 erit
961 3441 1101 3512 quod
1130 3449 1271 3497 vetet
1323 3441 1452 3510 quin
1504 3441 1555 3495 in
1599 3441 1707 3496 alta
1755 3455 1886 3512 pace
1923 3456 1989 3497 ac

414 3534 702 3606 tranquille
731 3536 996 3598 vivamus,
1039 3547 1307 3601 omneque
1359 3532 1426 3586 ab
1471 3532 1708 3587 bumaua
1737 3532 1845 3586 vita
1876 3531 1990 3587 hel—

413 3627 546 3693 lum,
579 3643 643 3681 ac
675 3627 910 3681 turbatio
937 3626 1168 3680 exsulet.
1200 3624 1538 3692 Quapropter
1553 3624 1714 3678 etiam
1729 3623 1989 3681 Dominus

416 3720 556 3774 hanc
578 3715 766 3771 sedulo
801 3713 1173 3785 :egritudinem
1222 3713 1337 3768 suis
1372 3712 1593 3768 monitis
1654 3723 1828 3780 curat,
1859 3714 1987 3770 dum

415 3809 553 3864 alias
585 3807 803 3878 quidem
829 3805 1082 3868 amt-mat,
1111 3818 1215 3858 non
1252 3817 1410 3880 posse
1438 3817 1535 3859 nos
1576 3804 1684 3859 Deo
1713 3806 1915 3861 servire
1935 3814 1990 3860 et

418 3918 741 3960 mammona:
769 3903 848 3967 ";
881 3902 1014 3956 alias
1046 3911 1250 3968 autem,
1293 3902 1510 3958 divitem
1547 3903 1694 3958 illum
1732 3905 1987 3959 miserum

414 3995 751 4064 pronuntiat,
774 3995 864 4063 qui
916 3994 968 4048 in
1023 3994 1322 4048 crastinum
1383 3995 1699 4060 moriturus,
1747 3996 1988 4054 diuturni

413 4087 675 4156 temporis
698 4085 918 4139 sibimet
947 4084 1268 4151 designabat
1296 4085 1517 4140 delicias
1547 4086 1628 4151 ³⁶;
1657 4101 1721 4141 ac
1752 4103 1874 4141 cum
1899 4089 1991 4142 de-

415 4178 579 4248 nique
605 4192 728 4232 eum
755 4177 913 4231 docet
940 4177 1264 4244 perfectum,
1301 4177 1391 4247 qui
1437 4192 1534 4232 sua
1581 4177 1760 4233 omnia
1785 4193 1991 4248 paupe-

412 4268 567 4324 ribus
599 4282 830 4337 erogans
882 4267 964 4332 δ’,
999 4266 1140 4322 ultro
1182 4268 1248 4320 ad
1307 4268 1518 4336 inopem
1571 4269 1987 4340 pbilos0pbiam,

413 4366 644 4412 matrem
678 4356 823 4411 illam
860 4356 1077 4412 virtutis
1113 4373 1177 4412 ac
1209 4357 1672 4424 contubernalem,
1703 4361 1914 4416 transit.

484 4555 683 4611 Verum
717 4554 805 4609 hic
832 4554 960 4608 mihi
984 4555 1066 4608 vel
1102 4554 1373 4608 silentium
1406 4567 1698 4612 consuetas
1718 4573 1813 4612 eas
1831 4573 1991 4615 voces

413 4649 603 4705 audire
633 4645 838 4711 videor,
872 4646 1069 4715 quibus
1104 4646 1418 4716 plerumque
1441 4645 1752 4704 doctoribus
1782 4651 1994 4706 obstre-

371 4732 378 4738 ’
416 4751 591 4812 punt:
631 4739 694 4794 Et
722 4740 1011 4810 quomodo.
1043 4739 1312 4810 inquiunt,
1346 4741 1510 4794 vitam
1547 4744 1994 4812 sustentabimus,

417 4839 464 4896 si
495 4835 637 4892 nulla
673 4835 744 4889 sit
771 4834 847 4888 rei
877 4831 1163 4888 familiaris
1197 4847 1324 4887 cura
1345 4833 1369 4885 ?
1389 4832 1668 4900 Quomodo
1686 4836 1991 4890 necessaria

415 4942 734 5000 comparare
761 4925 1098 4980 valebimus?
1116 4923 1388 4995 quomodo
1413 4923 1495 4978 vel
1525 4938 1601 4980 aes
1623 4923 1858 4978 alienum
1884 4925 1994 4981 dis-

415 5022 676 5084 solvetur,
709 5017 793 5072 vel
834 5027 1076 5072 mutuum
1134 5015 1334 5085 petenti
1376 5014 1614 5081 dabitur,
1672 5016 1716 5069 si
1761 5024 1850 5070 tuo
1881 5031 1994 5070 om-

420 5127 518 5169 nes
555 5110 800 5166 obsecuti
830 5109 1078 5174 consilio,
1137 5115 1509 5176 paupertatem
1558 5106 1789 5175 amplexi
1824 5105 1989 5160 iueri-

418 5199 839 5259 mus?lufidelis
897 5201 1122 5254 verbum
1186 5200 1337 5253 hoc:
1406 5196 1708 5266 insipientis
1759 5211 1882 5264 vox,
1929 5211 1994 5252 ac

2077 1439 2243 1493 λουθα
2278 1438 2487 1502 τούτοις
2541 1437 2656 1501 πῶς
2704 1437 2768 1491 ἄν
2811 1452 2894 1498 τις
2937 1435 3032 1486 καὶ
3083 1431 3440 1504 ὲξηγήσαιτος
3483 1431 3659 1504 Τείχη

2078 1526 2324 1598 καρτερὰ
2359 1528 2471 1589 τοῖς
2512 1525 2865 1597 μηχανήμασι
2910 1522 3280 1586 κατασείεται,
3329 1521 3423 1575 καὶ
3469 1521 3666 1586 πόλεις

2078 1618 2411 1682 ἁλίσκονται,
2447 1618 2540 1670 καὶ
2572 1619 2826 1686 γυναῖκες
2851 1614 3092 1684 ἄγονται,
3129 1614 3221 1667 καὶ
3250 1614 3437 1680 παῖδες
3459 1613 3667 1685 ἀνδραο

2077 1706 2401 1771 ποδίςονται·
2429 1705 2685 1777 τέμνεται
2713 1705 2784 1775 γῆ
2813 1705 2906 1758 καὶ
2935 1704 3200 1775 κείρεται,
3244 1705 3338 1758 καὶ
3362 1705 3432 1758 τὰ
3462 1705 3667 1773 δένδρα

2078 1797 2438 1869 πολεμοῦνται
2462 1797 2536 1860 ὡς
2560 1797 2914 1868 ἀδικήσαντες
2947 1794 3242 1866 ἄνθρωποι*
3281 1796 3436 1864 φόνος
3462 1795 3518 1847 δὲ
3547 1794 3676 1850 τῶν

2062 1888 2136 1967 μὲν
2165 1887 2315 1957 ἀκμῇ
2353 1885 2539 1949 πολὺς,
2593 1885 2689 1938 καὶ
2747 1885 2795 1936 οἱ
2836 1883 2931 1936 τοῦ
2962 1884 3194 1953 αἵματος
3235 1884 3434 1954 ῥύακες
3479 1884 3666 1953 ἀπορ-

2081 1979 2261 2051 ρέουσι
2293 1977 2399 2030 τῶν
2425 1975 2625 2030 ἀθλίων
2657 1977 2946 2047 σωμάτων’
2971 1978 2999 2029 ὁ
3026 1975 3082 2028 δὲ
3103 1973 3332 2037 πλοῦτος
3355 1974 3463 2027 τῶν
3490 1976 3670 2045 ἡττη-

2079 2071 2300 2135 θέντων,
2331 2065 2491 2124 ἆθλον
2515 2069 2624 2122 τῶν
2655 2066 3067 2139 κρατησάντων.
3113 2067 3236 2119 Ἐπὶ
3259 2065 3470 2130 τούτοις
3499 2066 3670 2136 ὀδυρ-

2083 2165 2174 2237 μοὶ
2197 2164 2443 2236 χηρείας,
2473 2162 2724 2234 ὀρφανῶν
2756 2161 2985 2232 δάκρυα,
3017 2162 3111 2214 καὶ
3137 2161 3376 2232 πατέρας
3403 2160 3538 2231 ὁμοῦ
3567 2161 3670 2213 καὶ

2079 2258 2176 2328 τὴν
2235 2256 2546 2327 ἐλευθερίαν
2602 2253 2963 2325 θρηνούντων·
3026 2255 3053 2306 δ
3090 2253 3148 2306 δὲ
3215 2252 3405 2324 πρώην
3470 2252 3669 2324 κύριος
3753 2288 3759 2294 ι

2081 2347 2312 2401 πλούτου
2340 2347 2559 2406 πολλοῦ,
2595 2345 2760 2416 ἄρτου
2794 2347 3036 2416 μεταιτεῖ
3068 2344 3324 2416 τέμαχος,
3361 2344 3668 2415 προτείνων

2079 2439 2178 2510 τὴν
2223 2437 2423 2503 δεξιάν·
2467 2438 2560 2490 καὶ
2611 2437 2640 2489 δ
2687 2434 2910 2497 πολλοὺς
2958 2433 3096 2505 ἔχων
3133 2433 3348 2498 δούλους
3397 2435 3665 2504 ὑφάντας,

2081 2533 2175 2586 καὶ
2196 2532 2373 2595 οἰκίας
2403 2511 2676 2601 γεμούσας
2699 2532 2962 2602 ἐσθήτων,
3000 2529 3165 2600 ῥάκια
3190 2527 3664 2599 περιϐεϐλημένος

2079 2621 2338 2685 δουλεύει,
2373 2621 2516 2692 ῦδωρ
2543 2623 2680 2694 πρὸς
2713 2623 2956 2693 ἀνάγκην
2989 2621 3250 2692 κομίζων,
3294 2622 3387 2674 καὶ
3430 2620 3523 2674 τοῦ
3576 2624 3669 2675 ίπ-

2081 2713 2264 2776 πῶνος
2326 2713 2578 2777 ἀποξύων
2647 2715 2746 2784 τὴν
2803 2713 3028 2784 κόπρον,
3088 2712 3182 2764 καὶ
3231 2714 3350 2773 ταῖς
3409 2712 3668 2782 αἰσχραῖς

2082 2803 2408 2876 ὑπηρεσίαις
2448 2802 2880 2874 διακονούμενος
2916 2803 3050 2856 ἄλλα
3085 2803 3251 2874 μυρία
3281 2802 3445 2868 κακὰ,
3489 2803 3526 2858 ἀ
3564 2820 3669 2858 πε·-

2085 2892 2325 2964 ριλαδεῖν
2355 2890 2564 2961 ἀθρόως
2590 2891 2862 2946 ἀδύνατον.
2899 2891 3117 2945 Τούτων
3143 2891 3199 2945 δὲ
3234 2893 3449 2945 πάντων
3490 2893 3666 2967 ἀρχὴ,

2083 2984 2179 3036 καὶ
2205 2982 2371 3042 αἰτία,
2411 2983 2506 3037 κα)⁸
2540 2984 2684 3056 ῥίζα,
2721 2987 2753 3056 ἡ
2797 2983 2891 3037 τοῦ
2925 2984 3169 3048 πλείονος
3202 2985 3484 3056 ἐπιθυμία,
3520 2985 3668 3057 ἔρως

2086 3073 2268 3139 ἄδικος
2295 3075 2402 3128 τῶν
2435 3075 2728 3149 ἀλλοτρίων
2755 3077 3070 3147 κτημάτων.
3110 3077 3172 3128 Et
3212 3076 3268 3129 δέ
3301 3094 3386 3140 τις
3410 3077 3568 3130 τοῦτο
3600 3076 3669 3133 τὸ

2085 3167 2259 3230 πάθος
2284 3167 2391 3220 τῶν
2422 3164 2722 3237 ἀνθρώπων
2743 3167 3018 3237 ἐξέκοψεν,
3049 3167 3202 3221 οὐδὲν
3227 3167 3494 3222 ἐκώλυσεν
3517 3169 3670 3240 είρήο

2085 3277 2182 3331 νην
2219 3260 2316 3330 μὲν
2355 3259 2434 3330 τῷ
2468 3258 2568 3330 βίῳ
2612 3258 2833 3328 βαθεῖαν
2876 3258 3346 3329 ἐμπολιτεύεσθαι,
3392 3259 3668 3330 πολέμους

2086 3351 2144 3406 δὲ
2176 3351 2271 3405 καὶ
2302 3350 2543 3421 ταραχὰς
2569 3350 2628 3415 ἐξ
2655 3350 2958 3419 ἀνθρώπων
2985 3350 3406 3422 φυγαδευθῆναι,
3433 3352 3668 3405 ἐπανελ-

2089 3443 2199 3496 θεῖν
2229 3442 2287 3496 δὲ
2319 3443 2529 3506 πάντας
2561 3443 2654 3495 ἐπὶ
2685 3442 2781 3513 τὴν
2811 3441 2952 3496 κατά
2979 3442 3140 3512 φύσιν
3171 3443 3405 3514 στοργὴν
3439 3443 3533 3496 καὶ
3574 3461 3668 3514 φι-

2087 3533 2225 3586 λίαν.
2256 3532 2355 3586 Διά
2384 3532 2543 3586 τοῦτο
2578 3533 2672 3586 καὶ
2716 3535 2745 3586 ὁ
2782 3533 2984 3603 Κύριος
3031 3533 3190 3605 ἡμῶν
3239 3533 3512 3605 ἐπιμελῶς
3551 3537 3669 3599 τοῖς

2090 3623 2513 3696 παραγγέλμασι
2563 3622 2767 3694 ταύτην
2802 3623 3011 3688 tatam
3059 3624 3155 3697 τὴν
3195 3625 3367 3688 νόσον,
3403 3626 3533 3680 ποτὲ
3568 3626 3672 3697 μὲν

2087 3714 2541 3785 ἀποφαινόμενοςο
2588 3715 2662 3766 Οὐ
2695 3715 2920 3782 δύνασθε
2967 3715 3085 3787 Θεῷ
3119 3715 3408 3782 δουλεύειν,
3457 3717 3551 3770 καὶ
3588 3717 3670 3790 τῷ

2093 3806 2345 3877 μαμωνᾷ’
2391 3806 2520 3859 ποτὲ
2551 3805 2609 3859 δὲ
2632 3806 2725 3861 τὸν
2755 3807 3007 3862 πλούσιον
3039 3811 3243 3863 ἐκεῖνον
3311 3809 3492 3863 ἄθλιον
3532 3811 3656 3863 ἀπο-

2091 3896 2316 3965 φαίνων,
2341 3895 2432 3950 τὺν
2461 3899 2528 3968 τῇ
2560 3897 2687 3968 ἑξῆς
2719 3899 2975 3971 τελευτᾷν
3007 3900 3289 3971 μέλλοντα,
3319 3902 3413 3954 καὶ
3440 3901 3537 3972 τὴν
3572 3919 3667 3973 μα-

2091 3990 2408 4060 κροχρόνιον
2475 3989 2769 4043 ἀπόλαυσιν
2844 3992 2941 4062 τὴν
3013 3984 3227 4065 τρυφῆς
3292 3994 3472 4064 ἐαυτῷ
3535 4011 3660 4066 προο

2090 4081 2384 4135 τυποῦντα·
2446 4083 2538 4136 καὶ
2605 4083 2833 4154 ἀλλαχοῦ
2898 4085 2989 4138 τὸν
3059 4085 3260 4138 τέλειον
3324 4089 3528 4140 ἐκεῖνον
3591 4081 3671 4140 εἶ-

2093 4191 2180 4227 ναι
2233 4173 2518 4238 διδάσκων,
2569 4174 2628 4238 ὂς
2682 4173 2747 4228 ἂν
2800 4176 3035 4241 πάντων,
3081 4170 3155 4230 ὧν
3206 4177 3339 4250 ἔχει,
3389 4180 3502 4242 τοῖς
3549 4178 3670 4231 δεο-

2095 4263 2278 4336 μένοις
2335 4266 2762 4336 παραχωρήσας,
2833 4266 2966 4336 πρὸς
3021 4266 3121 4338 τὴν
3179 4268 3463 4339 ἀκτήμονα
3521 4268 3660 4337 φιλο-

2097 4355 2288 4424 σοφίαν
2313 4355 2694 4426 αὺτομολησει,
2725 4355 2823 4426 τὴν
2859 4356 3070 4428 μητέρα
3091 4358 3190 4429 τῆς
3216 4360 3416 4432 ἀρετῆς
3433 4361 3526 4412 καὶ
3539 4359 3670 4431 ὁμό-

2021 4466 2074 4526 D
2101 4461 2310 4498 σκευον.

2183 4557 2344 4612 Ἀλλά
2392 4574 2482 4628 μοι
2523 4555 2665 4610 δοκῶ
2712 4559 2806 4610 καὶ
2841 4558 3170 4613 σιωπώντων
3213 4559 3430 4615 ἀκούειν
3462 4561 3571 4615 τῶν
3609 4562 3670 4616 ἐν

2100 4650 2385 4720 συνηθείας
2414 4647 2482 4702 τὰ
2518 4647 2739 4702 τοιαῦτα
2785 4649 3169 4728 φθεγγομένων
3199 4653 3336 4723 πρὸς
3366 4653 3490 4716 τοὺς
3524 4653 3644 4708 διδά

2101 4756 2362 4803 σκοντας·
2401 4739 2510 4793 Καὶ
2556 4737 2673 4802 πῶς
2719 4741 2856 4811 πρὸς
2888 4741 2979 4793 τὸν
3021 4740 3134 4810 βίον
3179 4742 3580 4814 διατελέσομεν,
3623 4746 3670 4797 ετ

2099 4836 2134 4905 ὴ
2160 4831 2352 4902 κτῆσις
2401 4831 2508 4885 τῶν
2545 4832 2844 4902 χρημάτων
2897 4831 3232 4902 ἀμεληθείη;
3283 4833 3399 4896 πῶς
3447 4833 3503 4886 δὲ
3551 4837 3670 4899 ταῖς

2102 4924 2314 4995 χρείαις
2370 4922 2782 4994 ὲπαρκέσομεν;
2849 4923 2966 4986 πῶς
3023 4921 3317 4994 λυθήσεται
3370 4925 3670 4997 δάνεισμα;

2098 5016 2216 5079 πῶς
2249 5015 2306 5066 δὲ
2338 5015 2430 5067 καὶ
2457 5014 2742 5085 δοθήσεται
2773 5015 2929 5078 δάνος
2956 5014 3033 5086 τῷ
3066 5016 3335 5086 ζητοῦντι,
3372 5016 3437 5070 ἂν
3471 5020 3670 5084 πάντες

2099 5099 2248 5176 ὦμεν
2276 5103 2361 5157 διὰ
2403 5105 2502 5174 τὴν
2538 5107 2638 5176 σὴν
2684 5107 3003 5177 παραίνεσιν
3044 5109 3270 5178 ἀποροι;
3327 5108 3578 5162 Ἀπίστου
3612 5112 3671 5164 τὸ

2069 5181 2272 5268 ᾍῆμα,
2319 5195 2573 5260 ἀσύνετος
2636 5199 2664 5267 ἡ
2715 5196 2884 5268 φωνὴ,
2939 5199 3038 5250 οὐκ
3087 5197 3305 5263 εἰδότος,
3349 5199 3428 5251 ὅτι
3467 5202 3663 5254 Δεσπό-

417 5293 534 5364 ejus
550 5291 642 5361 qui
677 5289 906 5351 nesciat,
937 5288 1138 5343 habere
1175 5302 1272 5342 nos
1298 5286 1602 5350 Dominum,
1647 5283 1836 5348 Deum,
1875 5285 1981 5338 vita

2097 5306 2191 5359 την
2234 5288 2428 5360 ἔχομεν
2458 5289 2547 5342 τὸν
2576 5289 2726 5352 Θεὸν,
2772 5290 3053 5358 οἰκονόμον
3099 5289 3190 5341 τοῦ
3239 5289 3374 5359 βίου,
3409 5290 3486 5361 τῷ
3519 5308 3671 5360 γενο-

421 5381 838 5453 gubernatorem
866 5392 930 5431 ac
983 5377 1432 5446 dispensatorem,
1475 5373 1564 5443 qui
1596 5373 1795 5426 creatis
1823 5372 1917 5427 abs
1939 5387 1996 5428 se

421 5471 786 5527 animantibus
834 5469 1159 5532 necessaria,
1213 5482 1335 5522 cum
1387 5465 1640 5520 alimenta
1667 5466 1990 5534 suppeditet,

424 5571 540 5619 tum
569 5571 899 5632 tegumenta.
939 5561 1123 5616 Divina
1166 5559 1310 5614 enim
1361 5558 1696 5627 providentia
1754 5557 1898 5612 fovet
1930 5572 1993 5612 ac

491 5743 542 5775 "
558 5741 688 5801 Luc.
722 5758 830 5810 xvn,
859 5742 939 5798 15.
1018 5743 1063 5775 “
1084 5740 1215 5798 Luc.
1253 5756 1348 5809 xu,
1385 5741 1473 5795 20.

2095 5380 2240 5451 μένῳ
2274 5379 2397 5451 ζὼῳ
2437 5382 2564 5453 παρ’
2598 5380 2787 5434 ἑαυτοῦ
2814 5379 3152 5452 χορηγοῦντα
3181 5381 3247 5435 τά
3277 5383 3539 5454 χρήσιμα,
3577 5384 3670 5437 καὶ

2092 5471 2216 5536 τοῦς
2263 5473 2596 5541 ἀναγκαίους
2652 5472 2952 5544 πορισμοὺς
2993 5473 3093 5543 τῆς
3135 5475 3359 5546 τροφῆς,
3416 5476 3507 5527 κα)¹
3561 5473 3668 5527 τῶν

2090 5566 2496 5636 ,σκεπασμάτων
2521 5563 2618 5636 τὴν
2652 5564 2860 5635 χρείαν.
2899 5564 2962 5617 Ἡ
2991 5563 3100 5636 γὰρ
3130 5567 3355 5636 πρόνοια
3388 5565 3481 5620 τοῦ
3527 5564 3664 5619 Θεοῦ

1565 5741 1609 5772 ⁵⁷
1639 5739 1825 5797 Matth.
1861 5756 1972 5811 xix,
2004 5741 2090 5799 21.
