3820 6300
116 348 206 408 913

1118 334 1408 418 nomen
1446 365 1536 423 nt.
1574 369 1947 432 snvsnsus
1979 376 2382 434 avanmsn.

3262 380 3394 436 2η-

115 469 205 566 τιῖιν
230 466 451 566 οἰκείων
497 471 830 566 ποιημάτων
875 475 1027 532 ἐστὶν
1076 484 1433 555 περιεκτική·
1469 486 1564 539 καὶ
1608 487 1690 541 rei

1804 500 1984 546 tuetur
2006 508 2104 549 sua
2130 509 2325 564 epera;
2380 505 2478 547 nec
2518 507 2754 564 unquam
2800 510 2854 551 tn
2882 495 3233 552 Medivitem
3267 512 3364 566 op-

319 560 705 627 πλουτοῦντα,
783 566 974 632 πενίας
1025 570 1372 628 οὐδεπώποτε
1422 576 1684 648 κατέσχεν

122 651 369 721 συμφορά.
409 652 519 705 Ἓν
554 653 612 708 δὲ
660 653 770 708 τῶν
813 655 974 710 θείων
1028 661 1371 733 προκομίσας
1415 665 1588 736 λόγων
1614 669 1692 732 εἰς

120 741 362 807 ἀπόδειξιν
378 741 483 795 τοῦ
514 746 906 815 προκειμένου,
931 749 1144 821 ἱκανὴν,
1172 751 1251 816 ὡς
1279 748 1451 824 οἶμαι,
1487 773 1693 828 μαρτυ-

123 832 223 901 ρίαν
254 832 504 903 παρέξω.

187 924 265 976 Ἐν
287 928 353 996 τῇ
386 926 508 981 τῶν
554 927 850 984 Βασιλειῶν
897 932 1108 1006 ἱστορίᾳ
1152 936 1289 1008 γυνή
1340 955 1425 1003 τις
1491 940 1692 1009 ἀναγέ-

119 1032 330 1084 γραπται
381 1019 563 1090 χήρα,
617 1022 960 1097 βαρυνομένη
1006 1025 1128 1081 λίαν
1169 1031 1238 1101 τῇ
1290 1036 1546 1106 συμφορᾷ
1593 1036 1693 1106 τῆς

124 1107 404 1175 μονώσεως.
450 1111 805 1186 Ἐπολιόρκει
847 1116 905 1169 δὲ
951 1118 1123 1192 αὐτὴν
1163 1119 1448 1195 δανειστὴς
1497 1124 1692 1198 φιλάρ⁹

122 1215 261 1269 γυρος
287 1201 382 1253 καὶ
425 1204 846 1274 μισάνθρωπος,
892 1208 1149 1281 ἐνέχυρον
1179 1213 1307 1277 τοὺς
1348 1215 1498 1279 υἱοὺς
1523 1216 1688 1285 ἀφαι-

128 1288 380 1360 ρούμενος,
411 1292 516 1357 οὓς
562 1294 760 1365 μόνους
805 1293 950 1367 εῖχεν
1000 1300 1122 1354 ἀντὶ
1166 1302 1384 1357 πάντων
1419 1307 1451 1376 ή
1486 1307 1689 1378 μήτηρ.

134 1380 262 1432 Ἐπεὶ
281 1380 336 1433 δὲ
359 1383 445 1447 είς
470 1383 796 1456 ἀμηχανίαν
814 1389 950 1461 αὐτῇ
971 1395 1343 1465 περιειστήκει
1359 1394 1419 1449 τὺ
1437 1398 1689 1469 πρᾶγμα,

125 1473 202 1524 καὶ
236 1472 407 1538 οὐδεὶς
448 1475 609 1544 ἠλέει
655 1478 766 1532 τῶν
815 1480 1047 1550 ἐχόντων
1086 1486 1329 1559 χρυσίον,
1361 1482 1524 1559 ἦλθεν
1557 1491 1693 1563 πρὸς

124 1566 197 1617 τὸν
228 1567 412 1638 ἔχοντα
460 1570 883 1643 φιλανθρωπίαν
914 1574 1011 1627 καὶ
1042 1576 1245 1632 πίστιν.
1300 1579 1600 1646 Ἐλισσαῖος
1634 1583 1693 1637 δὲ

124 1652 251 1723 ὦτος
292 1655 361 1731 ἦν
404 1663 436 1715 ὁ
489 1663 806 1734 προφήτης,
851 1664 991 1738 ἀνὴρ
1030 1667 1296 1741 ἀκτήμων
1341 1671 1450 1727 τῶν
1489 1674 1692 1744 γηίνων

126 1750 262 1814 ὑλῶν,
294 1753 388 1807 καὶ
414 1756 883 1828 περισσευόμενος
907 1757 1010 1829 τῆς
1030 1760 1324 1833 ἀσωμάτου
1353 1765 1687 1835 περιουσίαςο

1798 584 1995 652 pressit
2020 583 2358 652 paupertatis
2390 597 2649 637 aerumna.
2690 582 2792 640 Ubi
2855 595 3032 641 autem
3065 586 3364 655 exemplum

1797 685 1963 723 unmn
1989 683 2052 725 ex
2080 670 2356 740 Scriptura
2383 672 2449 725 ad
2473 671 2549 726 rei
2603 674 2949 728 astruendam
2987 674 3144 729 iidem
3178 684 3364 744 protu-

1797 758 1931 824 lero,
1957 759 2109 824 satis,
2149 776 2293 828 reor,
2316 769 2566 843 testatum
2597 761 2740 817 illam
2779 764 3083 819 reddidero.

1869 938 1925 993 lu
1960 939 2270 1009 Regnorum
2297 940 2519 997 historia
2572 941 2763 996 mulier
2790 943 3032 1013 qmedam
3083 944 3237 997 vidua
3271 946 3364 998 dc-
3410 960 3411 963 ‘

1795 1032 1996 1099 scripta
2053 1041 2158 1098 est,
2213 1031 2415 1088 afﬂicta
2461 1034 2614 1089 valde
2674 1050 2772 1105 pro
2801 1035 3093 1090 solitudine
3120 1034 3187 1090 ".
3215 1033 3365 1088 Hanc

1796 1138 1994 1179 avarus
2025 1140 2087 1180 ac
2121 1125 2445 1179 inhumanus
2472 1124 2692 1196 urgebat
2727 1125 3016 1191 fenerator,
3052 1126 3194 1196 ipsas
3225 1141 3377 1197 quo-

1794 1229 1899 1285 que
1935 1215 2171 1284 pignoris
2226 1217 2346 1271 loco
2398 1216 2679 1271 ablaturus
2727 1217 2923 1286 proles,
2984 1232 3118 1285 quas
3167 1228 3362 1288 praeter

1794 1307 1928 1363 nihil
1956 1308 2164 1362 misera:
2182 1307 2450 1378 reliquum
2480 1318 2620 1363 erat.
2647 1308 2833 1377 itaque
2855 1324 2977 1362 cum
3009 1310 3061 1362 in
3090 1318 3362 1363 extremas

1793 1408 1934 1454 esset
1968 1400 2181 1454 redacta
2208 1400 2505 1469 angusdas,
2536 1414 2597 1454 ac
2616 1414 2773 1454 nemo
2797 1400 3078 1469 quisquam
3104 1398 3359 1453 ditiorum

1796 1476 2140 1545 miseratione
2173 1499 2506 1560 tangeretur,
2541 1491 2608 1544 ad
2662 1491 2934 1545 hominem
2962 1488 3095 1543 adiit
3117 1488 3379 1543 humani--

1797 1590 1907 1636 tate
1954 1596 2018 1636 ac
2062 1581 2165 1635 [ide
2212 1591 2487 1636 ornatum.
2535 1581 2741 1637 Eliseus
2777 1581 2865 1636 hic
2905 1588 3023 1635 erat
3078 1581 3383 1650 propheta,.

1794 1673 2024 1728 terrenis
2046 1674 2263 1743 quidem
2290 1673 2445 1728 bonis
2482 1686 2696 1737 carens,
2725 1671 3060 1742 incorporeis
3081 1680 3258 1726 autem
3299 1686 3369 1725 ac

1793 1764 2105 1820 caelestibus
2135 1764 2352 1835 copiose
2374 1764 2716 1832 instructus;
2767 1764 3122 1835 philosophus
3149 1763 3217 1818 ab
3238 1777 3364 1818 ara-

127 1843 379 1913 φιλόσοφος
408 1845 473 1911 ἐξ
502 1826 819 1919 ἀροτήρων,
839 1826 1041 1917 ἄοικος,
1067 1826 1332 1921 ἀνέστιος,
1361 1826 1685 1930 μονοείμων·

1795 1865 1896 1921 tro,
1918 1856 2036 1910 sine
2053 1856 2211 1909 domo
2241 1869 2307 1910 ac
2338 1854 2481 1920 lare;
2514 1864 2665 1910 veste
2692 1869 2795 1907 una
2822 1867 2886 1907 ac
2905 1852 3137 1922 simplici
3165 1859 3359 1916 utens;

127 1935 291 1988 νεωστὶ
313 1935 414 2006 μὲν
442 1938 893 2013 κληρονομήσας,
913 1942 1012 2014 τὴν
1034 1943 1091 1997 δὲ
1118 1945 1481 2018 κληρονομίαν
1511 1948 1691 2005 λαϐὼν

130 2025 352 2099 μηλωτήν
376 2029 615 2095 εὔωνον,
654 2034 751 2088 καὶ
780 2034 1028 2104 εὐλογίαν
1057 2036 1310 2109 ἀόρατον,
1342 2039 1440 2094 τοῦ
1465 2041 1690 2113 πυρίνου

130 2117 343 2208 ἀρματος
389 2123 767 2180 ἐκπεσοῦσαν.
811 2128 885 2181 Οὐ
926 2128 1030 2200 μὴν
1062 2129 1342 2202 ἄπρακτον
1372 2133 1472 2206 τὴν
1505 2135 1690 2208 ἱκέτην

126 2206 443 2299 ἀπέπεμψεν,
484 2213 614 2266 οὐδὲ
652 2214 874 2285 ἀπέγνω
915 2218 1017 2288 τῆς
1061 2218 1334 2291 βοηθείας,
1385 2224 1573 2296 ἐπειδὴ

131 2298 282 2368 παρῆν
324 2302 383 2354 τὸ
435 2300 813 2375 ιζζητούι.ι.ενον⁸
854 2306 973 2361 οὐδὲ
1023 2305 1177 2363 εἶπεν
1208 2311 1411 2383 ἀγεννῆ
1447 2330 1570 2369 τινα
1598 2315 1692 2369 καὶ

128 2390 301 2443 ἄπιστα
327 2394 579 2465 ῥήματα,
616 2396 694 2461 ὡς
722 2392 801 2461 εἷς
831 2398 938 2454 τῶν
972 2399 1204 2455 πολλῶν
1234 2405 1347 2458 Καὶ
1378 2404 1542 2461 πόθεν
1570 2407 1693 2478 ἐμοὶ

132 2482 381 2553 ἀργύριον,
428 2484 580 2540 ὥστε
632 2486 881 2542 διαλῦσαι
929 2488 992 2543 τὸ
1053 2489 1310 2563 ὅφλημα;
1368 2494 1578 2569 ’Ὠσπερ
1631 2497 1690 2551 δὲ

131 2572 320 2641 ἄριστος
370 2578 583 2648 ἰατρὸς,
633 2582 730 2633 καὶ
784 2582 1093 2653 φαρμάκων
1144 2584 1218 2656 μή
1275 2586 1575 2657 παρόντων,
1630 2588 1690 2656 ἐξ

136 2664 353 2720 iraqu
391 2669 721 2741 παραδόξων
769 2665 895 2743 εὗρε
939 2676 1006 2745 τῇ
1057 2674 1196 2749 νόσῳ
1226 2675 1329 2745 τήν
1373 2675 1538 2740 ῐασιν,
1573 2679 1688 2745 καὶ,

139 2755 188 2806 Τί
209 2770 315 2821 σοι,
353 2760 547 2831 φησὶν,
597 2761 696 2814 ἐπὶ
734 2761 848 2831 τῆς
886 2764 1099 2830 οίκίας,
1138 2760 1186 2818 ὦ
1213 2766 1427 2834 Inﬁrm;
1460 2769 1689 2840 Μνημό-

135 2860 312 2911 vanam,
354 2851 406 2903 εἰ
426 2866 484 2903 τι
529 2852 629 2904 καὶ
670 2851 849 2920 ὀλίγον
882 2853 1028 2907 ἔνδον
1060 2856 1334 2926 τυγχάνει.
1366 2857 1554 2923 Οὐδεὶς
1582 2860 1690 2932 γὰρ

136 2936 279 3002 οὕτως
304 2941 491 3014 πένης,
529 2942 610 3006 ὡς
639 2942 894 3010 καθάπαξ
934 2946 1160 3018 μηδενὸς
1186 2947 1376 3019 κύριος
1406 2944 1563 3005 εἶναι.
1602 2952 1691 3015 Ὠς

137 3026 184 3080 δὲ
213 3025 369 3097 εἶπεν,
418 3033 505 3087 ὅτι
542 3034 811 3106 κεράμιόν
842 3038 1010 3101 ἐστιν,
1046 3039 1141 3091 καὶ
1170 3038 1420 3109 λείψανον
1452 3042 1510 3096 ὲν
1542 3041 1691 3112 αὐτῷ

141 3117 284 3225 ξραχξι
329 3124 511 3179 ἐλαίου
536 3145 553 3158 ·
608 3128 1038 3199 Παρασκεύασόν
1089 3146 1200 3200 μοι,
1252 3126 1427 3193 εἶπεν,
1482 3132 1687 3202 πλῆθος
1716 3172 1757 3229 c

138 3210 358 3280 ἀγγεῖων.
386 3218 495 3271 Καὶ
527 3221 563 3290 ή
596 3220 694 3290 μὲν
718 3221 1076 3292 ηὑτρέπισεν·
1106 3223 1135 3274 ὁ
1155 3221 1212 3275 δὲ
1241 3222 1307 3276 δι’
1334 3223 1503 3295 αὐτῆς
1522 3225 1689 3297 ἐπλή-

143 3318 304 3369 ρωσεν,
352 3308 444 3361 καὶ
487 3309 572 3380 τῷ
611 3309 860 3384 δανειστῇ
909 3311 1125 3385 διελύθη
1164 3313 1227 3367 τὸ
1277 3313 1533 3386 ὄφλημα·
1568 3318 1601 3387 ή
1632 3316 1688 3371 δὲ

139 3396 252 3466 γυνὴ
274 3398 535 3471 ἀπῆλθεν,
559 3402 619 3467 ἐξ
644 3403 864 3473 ἀπόρων
888 3403 1125 3476 εὑροῦσα
1157 3405 1247 3460 τὸν
1276 3406 1461 3479 πόρον.
1486 3408 1560 3462 Τὸ
1580 3408 1689 3482 γάρ

141 3485 373 3555 ὀλίγιστον
402 3493 607 3558 ἔλαιον,
659 3494 689 3548 ὃ
730 3490 870 3549 εἶναι
913 3496 1045 3568 παρ’
1075 3497 1210 3568 αὐτῇ
1251 3493 1404 3553 εἶπεν
1432 3499 1568 3572 πρὸς
1599 3499 1689 3555 τὸν

141 3581 410 3656 προφήτην,
451 3586 737 3657 ὲπήγασεν
767 3588 833 3640 ὲκ
861 3587 955 3641 τοῦ
995 3589 1322 3660 παραδόξου,
1354 3590 1449 3644 καὶ
1483 3591 1690 3656 πάντας

144 3672 245 3735 τοὺς
272 3674 724 3748 εὐτρεπισθέντας
763 3679 1141 3752 ἀμφορίσκους
1172 3681 1490 3753 ἐπλήρωσεν
1509 3699 1524 3716 ο
1558 3682 1687 3755 ἔστη

143 3758 187 3813 δὲ
207 3763 313 3817 τότε
344 3768 442 3839 τῆς
472 3768 708 3839 ῥύσεως,
740 3772 829 3825 ὅτε
860 3772 1080 3839 ἀγγεῖον
1117 3771 1220 3826 οὐκ
1250 3770 1331 3825 ἔτι
1359 3767 1427 3843 ἦν
1455 3772 1516 3827 τὸ
1538 3773 1690 3845 δεχό-

150 3868 308 3920 μενον·
336 3860 426 3912 καὶ
452 3863 525 3932 τῇ
554 3861 715 3933 χρείᾳ
739 3861 1121 3934 συνεμετρήθη
1160 3863 1195 3934 ή
1225 3866 1407 3935 χάρις.
1450 3863 1691 3937 Ἀληθῶς

145 3946 293 4004 ἔλαιον
321 3955 516 4019 ἐκεῖνο,
557 3955 586 4009 ὃ
620 3955 787 4026 φυτὸν
830 3956 932 4011 οὐκ
977 3957 1454 4028 ἐκαρποφόρησεν,
1491 3956 1608 4013 ἀλλ’
1640 3957 1691 4011 οί

148 4040 221 4094 τοῦ
260 4043 383 4099 Θεοῦ
418 4047 703 4122 οἱκτιρμοὶ
743 4046 1117 4120 ὲγεώργησαν.
1161 4047 1378 4119 Ταύτην
1407 4048 1691 4122 ὠνήσασθε

147 4130 225 4203 τὴν
247 4137 566 4211 ἐπιστήμην,
600 4141 650 4193 εἰ
677 4137 927 4204 δύνασθε,
956 4142 1005 4193 oi.
1034 4139 1146 4193 ἀπὸ
1172 4139 1324 4211 ἡλίου
1354 4141 1689 4212 ἀνίσχοντος,

155 4226 286 4300 μέχρι
322 4232 410 4285 καὶ
456 4231 745 4304 δυομένου,
796 4231 1055 4301 βασιλεῖς,
1095 4231 1374 4298 δυνάσται,
1422 4231 1689 4289 πλούσιοι.

152 4319 200 4368 υἱ
235 4323 370 4391 σοφοὶ
411 4324 518 4393 τῆς
555 4323 850 4394 ὲγκοσμίου
891 4324 1105 4394 σοφίας,
1155 4323 1429 4396 κτήσασθε
1458 4325 1552 4378 τοῦ
1585 4324 1693 4379 ἀπὸ

155 4410 391 4485 ἀροτήρων
430 4417 718 4489 προφήτου
756 4417 818 4471 τὸ
860 4416 1129 4489 χάρισμα,
1155 4416 1184 4471 ὃ
1211 4418 1577 4489 ἀναφαίρετον
1615 4417 1695 4490 τῷ

155 4498 332 4560 λαϐόντι
367 4511 554 4581 συνῆν.
590 4509 676 4563 Τὰ
705 4509 817 4582 γὰρ
847 4509 949 4581 τῆς
984 4510 1257 4583 ὑμετέρας
1299 4510 1534 4582 σπουδῆς
1560 4512 1693 4583 κτή-
1721 4528 1770 4588 D

160 4609 275 4661 ματα
326 4602 552 4673 μυρίους
597 4600 713 4671 ἔχει
776 4601 1216 4674 παρακειμένους
1267 4600 1368 4673 τῆς
1418 4602 1692 4667 ἀπωλείας

157 4686 414 4756 κινδύνουςο
446 4693 656 4767 λῃστὰς
699 4693 1187 4765 τοιχωρυχοῦντας,
1255 4695 1558 4766 τυράννους
1593 4696 1694 4766 ἀρ·

158 4775 399 4847 πάζοντας,
439 4785 540 4839 καὶ
588 4784 933 4854 συκοφάντας
978 4782 1458 4848 ἐπιϐουλεύοντας·
1488 4783 1692 4839 θάλασ-

161 4883 235 4923 σαν
257 4875 760 4943 καταποντίξουσαν,
792 4877 886 4930 καὶ
920 4877 1022 4948 γῆν
1059 4876 1552 4949 ύπεῤῥηγνυμένην
1580 4878 1694 4941 τοῖς

160 4959 403 5034 χάσμασιν.
442 4970 630 5024 Ἔστω
667 4969 847 5023 τοίνυν
894 4969 1051 5032 ἐλπὶς
1082 4969 1177 5021 καὶ
1203 4969 1449 5038 ταμιεῖον
1482 4967 1698 5040 ἀνθρώ-

1791 1961 1962 2015 nuper
1994 1946 2211 2015 quidem
2274 1957 2465 2001 auctus
2516 1944 2867 2010 haereditate,
2915 1958 2978 1999 ea
3031 1954 3209 1999 tamen
3242 1942 3363 1998 vilis

1789 2037 2231 2106 duntaxatpretii
2260 2037 2490 2100 melotae,
2538 2037 2932 2107 iuvisihilisque
2970 2035 3363 2092 benedictionis

1789 2128 1945 2198 igneo
1973 2143 2133 2183 curru
2156 2128 2386 2196 delapsa:
2419 2128 2485 2181 “.
2542 2127 2692 2182 Haud
2741 2129 3018 2183 enimvero
3043 2125 3358 2197 supplicem,

1802 2235 1860 2275 re
1902 2220 2123 2284 infecta,
2150 2220 2380 2283 remisit,
2406 2234 2504 2275 nec
2527 2221 2592 2274 de
2613 2219 2812 2274 auxilio
2827 2219 3082 2274 continuo
3108 2218 3364 2286 despera-

1798 2312 1894 2373 vit,
1934 2313 2073 2383 quod
2107 2326 2211 2366 non
2237 2319 2382 2367 esset
2427 2312 2482 2366 in
2534 2320 2781 2380 promptu
2810 2310 2950 2381 quod
2980 2311 3358 2380 qmerebatur;

1790 2414 1889 2455 nec
1919 2400 2077 2455 verba
2111 2400 2353 2469 quaedam
2390 2398 2672 2469 degeneris
2726 2415 2790 2455 ac
2845 2399 3133 2454 diﬁidentis
3197 2401 3358 2453 animi

1788 2490 2029 2560 protulit,
2083 2505 2145 2546 ac
2194 2490 2371 2561 qualia
2421 2506 2557 2545 unus
2609 2491 2872 2561 quispiam
2913 2506 2944 2545 e
2976 2489 3167 2559 vulgo:
3204 2487 3360 2543 Unde

1789 2597 1918 2637 vero
1946 2582 2073 2636 milii
2104 2578 2327 2653 pecunia
2357 2590 2415 2637 ut
2467 2581 2724 2649 solvendo
2767 2581 2913 2636 sim?
2939 2580 3007 2636 Ut
3036 2590 3217 2635 autem
3257 2595 3355 2649 pe-

1789 2675 2081 2731 ritissimus
2110 2674 2370 2739 medicus,
2393 2674 2604 2730 tametsi
2640 2674 3030 2729 medicamenta
3053 2672 3119 2727 ad
3140 2687 3369 2728 manum,

1791 2782 1894 2823 non
1925 2775 2103 2832 erant,
2145 2766 2326 2821 subtili
2398 2766 2639 2832 invento,
2699 2767 2871 2819 nmrbi
2934 2765 3229 2820 remedium
3265 2779 3360 2817 uo-

1790 2874 1914 2912 vutn
1942 2857 2300 2927 excogitavit;
2340 2866 2439 2913 et:
2495 2856 2639 2924 Quid
2680 2858 2861 2921 habes,
2895 2856 3092 2927 inquit,
3151 2856 3365 2921 mulier,

1789 2951 1845 3005 in
1874 2950 2028 3004 domo
2051 2949 2260 3004 tua“‘?
2286 2949 2398 3014 Dic,
2433 2949 2614 3013 sodes,
2649 2950 2692 3004 si
2722 2948 2848 3019 quid
2898 2949 2995 3004 tibi
3029 2948 3083 3003 in
3116 2962 3180 3003 ea
3232 2946 3358 3001 reli-

1791 3056 1955 3108 quum
1989 3050 2093 3096 est.
2117 3039 2389 3095 Necenim
2428 3040 2715 3110 quisquam
2746 3042 2881 3096 adeo
2902 3054 3129 3110 pauper,
3163 3048 3221 3093 ut
3246 3038 3367 3094 nul-

1791 3133 1897 3187 lius
1925 3132 2081 3201 plunc
2121 3134 2195 3187 rei
2225 3133 2481 3187 dominus
2501 3133 2594 3188 sit.
2642 3132 2736 3187 Ubi
2773 3147 2902 3187 vero
2944 3131 3243 3202 respondit,
3269 3146 3366 3185 vas

1789 3239 1910 3279 esse
1946 3224 2105 3279 fictile
2131 3238 2253 3278 cum
2282 3225 2400 3279 oleo
2439 3223 2718 3293 pauxillo:
2752 3222 2881 3288 Fac,
2917 3221 3006 3284 ait.
3043 3223 3209 3277 multa
3233 3222 3363 3277 mihi

1791 3332 1918 3373 vasa
1956 3332 2134 3388 pares.
2170 3317 2234 3371 Et
2260 3318 2375 3385 ipsa
2410 3317 2625 3385 quidem
2654 3314 3011 3384 paravit;i|le
3042 3323 3220 3368 autem
3245 3313 3362 3382 ejus

1790 3404 2096 3457 ministerio
2121 3404 2404 3471 implevit:
2444 3418 2509 3456 ac
2561 3402 2798 3457 debitum
2821 3403 3034 3471 quidem
3076 3403 3363 3456 feneratori

1793 3494 2120 3564 persolutqu
2145 3503 2267 3561 est;
2303 3492 2501 3549 mulier
2558 3507 2685 3547 vero
2749 3507 2813 3547 ex
2879 3492 3173 3562 deploratis
3206 3494 3365 3549 rebus

1793 3586 1895 3641 iter
1918 3586 2171 3641 secundis
2227 3585 2531 3650 inveniens,
2574 3584 2857 3640 discessit:
2907 3599 3029 3639 nam
3071 3585 3362 3654 pauxillum

1793 3674 1919 3729 illud
1952 3673 2077 3736 olei,
2121 3675 2262 3742 quod
2292 3687 2354 3728 se
2379 3687 2541 3743 penes
2566 3686 2686 3728 esse
2727 3672 3006 3742 propltetee
3047 3674 3275 3740 dixerat,
3312 3676 3367 3730 in

1792 3766 2007 3821 modum
2040 3764 2201 3820 fontis
2232 3765 2504 3833 inopinato
2530 3764 2830 3829 scaturivit,
2888 3777 3186 3833 omnesque
3209 3774 3365 3834 quot-

1793 3865 1927 3928 quot
1955 3855 2041 3910 illa
2072 3864 2355 3926 paraverat
2380 3855 2690 3926 amphoras,
2731 3854 2998 3924 replevit;
3044 3865 3243 3910 aetum
3268 3854 3366 3911 de-

1794 3965 1941 4005 mum
1976 3948 2105 4005 ﬂere
2127 3932 2311 4014 desiit,
2343 3963 2468 4004 cum
2496 3962 2625 4004 vasa
2661 3947 2956 4003 defuissent
3002 3947 3068 4003 ad
3097 3946 3365 4017 recipien-

1791 4041 1918 4098 dum
1939 4059 1954 4110 ;
1976 4042 2174 4112 Deique
2195 4040 2322 4095 illud
2349 4040 2666 4096 benelicium
2734 4039 3041 4109 indigentia:
3061 4050 3364 4115 .aaquatutn

1794 4143 1897 4190 est.
1923 4134 2064 4188 Vere
2088 4132 2263 4187 oleum
2298 4132 2426 4186 illud
2463 4130 2598 4202 (26),
2621 4131 2764 4200 quod
2813 4146 2916 4184 non
2971 4130 3133 4183 arbor
3162 4145 3223 4185 ac
3248 4130 3367 4184 olea

1796 4228 2070 4297 produxit,
2100 4225 2192 4279 sed
2230 4222 2324 4278 Dei
2352 4222 2717 4279 misericordia
2773 4221 2969 4276 edidit!
3011 4220 3162 4276 Hunc
3192 4222 3365 4286 vobis,

1794 4296 1837 4373 si
1862 4317 2009 4380 lucet,
2039 4326 2348 4386 comparate
2373 4316 2676 4381 scientiam,
2708 4296 3230 4384 quicunque,kquam
3260 4314 3370 4368 lato

1793 4420 1943 4480 patet
1987 4409 2180 4465 Oriens
2204 4418 2261 4463 et
2286 4407 2569 4470 Occidens,
2601 4404 2810 4475 uspiam
2845 4405 3009 4471 estis;
3062 4420 3239 4477 reges,
3271 4405 3370 4475 dy-

1795 4509 1984 4565 nastaa,
2021 4498 2233 4554 divites.
2283 4497 2390 4553 Vos
2444 4498 2726 4553 mundana:
2781 4498 3057 4564 sapientia:
3114 4497 3366 4557 consulti,

1798 4591 2074 4663 prophetae
2108 4589 2235 4644 illud
2287 4590 2355 4665 ab
2408 4598 2591 4642 aratro
2648 4588 2843 4642 donum
2897 4587 3181 4656 acquirite,
3228 4585 3381 4655 quod

1798 4689 1867 4740 ab
1905 4700 1970 4739 eo
2031 4683 2122 4753 qui
2176 4682 2473 4751 accepisset
2535 4696 2639 4736 non
2697 4690 2909 4749 poterat
2960 4680 3372 4748 aulerri,eique

1801 4793 2017 4848 semper
2044 4790 2228 4831 comes
2250 4785 2389 4830 erat.
2417 4774 2549 4842 Quae
2574 4774 2717 4828 enim
2745 4773 2886 4828 bona
2912 4786 3227 4842 comparare
3248 4780 3370 4826 stua-

1802 4868 1962 4934 detis,
1988 4864 2472 4922 innumerabilibus
2517 4862 2771 4933 periculis
2820 4863 3063 4928 exposita
3101 4870 3260 4927 sunt;
3294 4861 3373 4914 la-

1798 4961 2041 5016 tronibus
2095 4960 2357 5031 parietum
2412 4956 2837 5027 perfossoribus;
2902 4954 3146 5026 tyrannis
3182 4961 3370 5022 rapto-

162 5065 255 5117 ποις
280 5059 309 5128 ἡ
347 5061 433 5115 τοῦ
475 5061 613 5115 Θεοῦ
647 5060 819 5127 δεξιὰ,
849 5062 884 5132 ή
913 5060 1006 5113 τὸν
1030 5059 1159 5114 λαὸν
1188 5060 1467 5127 Αἰγύπτου
1507 5059 1690 5128 ἐξαγα-

1795 5055 1980 5118 ribus;
2016 5051 2366 5121 sycophantis
2421 5048 2867 5114 insidiatoribus;
2920 5046 3054 5102 mari
3098 5044 3368 5100 ltaurienti

162 5143 313 5213 γοῦσα,
336 5152 422 5205 καὶ
448 5155 507 5206 ὲν
537 5153 733 5224 ἐρήμῳ
754 5150 909 5223 χώρᾳ
939 5150 1039 5222 τήν
1064 5148 1318 5220 εὐθηνίαν
1344 5150 1453 5203 τῶν
1477 5149 1699 5219 ἀγαθῶν

165 5242 463 5313 Χορηγήσασα
482 5261 495 5273 ·
534 5245 572 5316 ή
622 5243 703 5316 τῷ
753 5243 955 5316 Δανιὴλ
1011 5241 1300 5311 ἀγαγοῦσα
1338 5242 1430 5297 τὸν
1489 5243 1698 5315 Ἀμσα-

1799 5143 2078 5212 ﬂuetibus;
2123 5152 2280 5198 terra:
2312 5142 2551 5198 hiatibus
2579 5140 2904 5197 dehiscenti.
2944 5138 3080 5208 Spes
3111 5152 3240 5206 ergo
3274 5153 3373 5193 no-

1796 5248 1911 5293 stra
1942 5253 2006 5291 ac
2039 5251 2177 5307 penu
2198 5275 2212 5300 ,
2245 5234 2338 5291 Dei
2395 5234 2466 5290 sit
2520 5234 2769 5290 dextera:
2816 5247 2936 5301 quae
2967 5231 3249 5288 Iudaicum
3279 5245 3376 5299 po-
3436 5288 3445 5291 _

219 5369 256 5402 ⁸⁸
279 5373 332 5426 ιν
385 5377 511 5448 Reg.
550 5393 623 5444 tv,
651 5377 677 5431 1
714 5393 834 5449 sqq.
908 5378 953 5412 "
983 5377 1049 5433 IV
1077 5378 1209 5449 Reg.
1234 5395 1295 5441 ll,
1328 5378 1412 5433 M.
1491 5378 1559 5411 ”'
1590 5378 1654 5434 IV

1795 5394 1822 5447 ς.
1858 5393 1930 5437 tv,
1962 5378 2018 5433 2.

221 5482 309 5556 (ἐῢ)
356 5488 475 5547 Vere
530 5492 703 5545 oleum
762 5492 916 5545 illud.
971 5492 1173 5547 Allusio
1247 5501 1331 5547 est
1383 5493 1449 5545 ad
1503 5506 1687 5545 vocem

170 5551 302 5636 550;;
337 5569 474 5636 quod
516 5572 603 5617 est
662 5564 1074 5636 misericordia,“
1113 5578 1141 5615 a
1195 5577 1327 5636 qua
1359 5561 1421 5614 τὺ
1483 5561 1687 5636 ἔλαιον,

1802 5494 2044 5549 Asterius
2069 5492 2307 5546 divinum
2340 5489 2468 5560 quid
2509 5503 2571 5542 ac
2602 5486 3046 5560 smnmecultum
3074 5481 3292 5560 praefert
3319 5482 3383 5534 in.

1796 5563 2249 5632 descriptionibus
2295 5553 2795 5632 snis.r_l_nterpres_
2823 5558 2896 5632 ita
2957 5553 3151 5616 reddit,
3198 5561 3251 5605 ιιι
3305 5568 3373 5605 ne

175 5627 365 5687 'luadnu
403 5630 543 5705 velut
591 5636 973 5705 paranom’asia
1024 5627 1229 5705 dictum
1287 5634 1403 5687 sit:
1438 5642 1496 5705 ut
1545 5631 1686 5705 istud
1794 5627 2080 5705 vestigium
2126 5630 2588 5705 exprimat_illius
2621 5627 2886 5705 acuminis
2916 5643 2929 5681 :
2957 5639 3021 5683 ac
3064 5638 3131 5679 ne
3179 5636 3377 5679 sensus

172 5705 276 5774 esset
302 5705 479 5759 exinde
509 5697 722 5757 ἔλαιον·
772 5704 902 5772 quia
943 5716 972 5774 a
1022 5702 1113 5756 Dei
1154 5703 1267 5771 ipsa
1316 5702 1689 5774 misericordia
1794 5697 2009 5774 quide'm
2037 5704 2090 5759 in
2125 5697 2427 5760 eo'auctori
2461 5706 2677 5758 constat
2712 5697 2869 5752 ullus.

177 5764 284 5823 velut
323 5785 602 5841 manasset,
647 5789 752 5830 non
792 5764 864 5830 ab
909 5773 1028 5830 olea
1070 5764 1214 5830 esset
1242 5782 1440 5829 ortum.
1481 5770 1690 5842 Ubique
