3820 6304
109 306 193 364 ίΠ
948 312 1233 371 llOMlLlA
1266 314 1359 373 IV."
1401 315 1690 375 ΑῡνΕιιδι

1803 318 2287 397 manumanu
2327 328 2627 386 FESTUM.

3273 337 3381 396 2l-8

165 430 408 502 Ἑορτῆς
443 432 625 487 τοίνυν
655 433 938 507 πανδήμου
967 429 1123 503 οὗτος
1204 440 1406 512 θεσμὸς
1435 442 1531 499 καὶ
1557 445 1585 496 ὁ
1605 443 1689 496 νό-

1863 443 1987 517 llaec
2021 448 2204 519 itaque
2228 449 2427 525 publici
2475 450 2595 513 festi
2626 450 2708 507 les
2740 461 2857 508 est:
2889 454 3148 524 primum,
3179 466 3238 513 ut
3258 474 3380 515 cer-

99 543 187 596 μος
205 541 221 554 ·
244 523 485 595 πρῶτον
510 525 611 597 μὲν
638 528 876 598 φανερὸν
908 528 1111 584 σκοπὸν
1134 523 1275 584 εἶναι
1296 530 1657 604 πανηγύρεως
1676 551 1690 565 ·

98 617 276 670 ἔπειτα
311 617 517 689 κοινὴν
546 612 686 671 εἶναι
722 619 941 681 πάντων
968 620 1333 693 εὐφροσύνην,
1367 623 1459 675 καὶ
1490 621 1566 694 μὴ
1593 622 1695 695 μὲ-

100 726 180 779 ρος
204 708 304 779 μὲν
329 708 595 779 ἥδεσθαι,
620 710 684 763 τὸ
704 710 761 764 δὲ
787 710 1111 784 λειπόμενον
1139 716 1197 767 ὲν
1222 713 1376 788 λύπῃ
1410 715 1508 770 καὶ
1568 733 1693 771 κατ-

99 805 250 875 ηφείᾳ
290 801 539 873 διάγειν.
565 805 738 859 Τοῦτο
776 805 887 878 γάρ
917 806 1154 878 πολέμου
1198 809 1399 879 μᾶλλον
1429 809 1462 881 ἢ
1499 810 1693 881 ἑορτῆς
1740 842 1746 847 ~

99 899 369 971 ιξιίρετον
389 917 405 931 ο
439 899 745 971 ἐπειδήπερ
765 901 1078 969 ἐπάναγκες
1103 902 1230 965 τοὺς
1258 902 1356 972 μὲν
1386 904 1694 976 κρατήσαν-

98 1010 183 1055 τας
196 991 603 1062 ἐμπομπεύειν
622 996 689 1065 τῇ
711 993 857 1065 νίκῃ,
876 993 1002 1056 τοὺς
1020 992 1064 1045 δ’
1086 993 1417 1065 ἡττηθέντας
1434 994 1693 1067 δακρύειν

98 1086 185 1157 τὴν
215 1085 543 1157 συμφοράν.
605 1086 829 1158 Ἐπειδή
864 1087 910 1118 ⁸⁸
948 1103 1013 1156 γε
1046 1085 1253 1141 τούτων
1284 1087 1396 1143 τῶν
1429 1088 1653 1162 ἡμερῶν
1674 1128 1690 1155 ,

100 1182 304 1251 πρῶτον
340 1179 455 1250 μὲν
486 1178 552 1232 τδ
594 1180 690 1257 επὶ
718 1179 833 1234 τίσι
862 1178 1102 1234 τελεῖται
1145 1181 1179 1251 ἡ
1208 1182 1539 1253 πανήγυρις,
1565 1181 1694 1253 ἄδηκ-

98 1271 199 1325 λον.
225 1270 410 1327 Μῦθοι
441 1272 552 1346 γὰρ
575 1271 830 1341 λέγονται
857 1272 1065 1339 πολλοὶ,
1093 1273 1340 1345 ἀλλήλων
1363 1274 1693 1346 ἀνατρεπεη⁴

102 1366 177 1419 κοί
193 1383 206 1394 ·
235 1364 452 1435 ἀληθὲς
470 1364 530 1417 δὲ
583 1364 759 1419 οὐδὲν.
787 1360 944 1430 Εἶτα,
972 1365 1187 1435 ὀλίγους
1214 1366 1312 1438 μὲν
1333 1367 1695 1438 εὐφραινομέ-

101 1475 209 1521 νους
241 1457 478 1534 βλέπω·
512 1457 855 1531 ἀνιωμένους
889 1459 949 1512 δὲ
987 1460 1113 1523 τοὺς
1146 1458 1400 1524 πολλοὺς,
1449 1460 1556 1516 κᾶν
1600 1460 1694 1513 εὐ-

103 1554 291 1619 πρεπεῖ
337 1551 638 1625 ἑτερότητι
667 1551 768 1623 τὴν
807 1550 987 1623 λύπην
1028 1551 1460 1617 ὲπισκιάζωσιν*
1518 1552 1695 1607 πάντα

101 1646 148 1697 δὲ
170 1645 410 1719 θορύϐου
441 1646 689 1718 γέμοντα
710 1647 806 1700 καὶ
831 1647 1099 1719 ταραχῆς,
1125 1647 1220 1702 καὶ
1248 1647 1311 1701 τὸ
1332 1646 1535 1720 πλῆθος
1555 1648 1695 1721 πρὸς

102 1743 266 1801 ἑαυτῶ
296 1743 436 1813 είκῆ
466 1742 828 1813 ὠθιζόμενον.
1118 1738 1121 1745 ’

173 1923 518 1995 ’Δνάμνησίς
552 1902 706 1978 ἐστιν
746 1923 842 1978 καὶ
880 1924 1191 1997 εὐφροσύνη
1232 1926 1504 1985 ἐνιαυτοῦ.
1554 1928 1691 1983 Ποία

102 2017 429 2089 εὖφροσύνη,
472 2016 769 2089 avemus;
813 2018 1059 2090 Πρῶτον,
1091 2020 1220 2074 ὅταν
1246 2021 1484 2093 ἑννοήσω
1517 2021 1562 2054 ⁸⁵
1593 2022 1692 2093 τῆς

107 2112 393 2182 συντυχίας
426 2111 493 2164 τὸ
533 2111 750 2182 σχῆμα,
781 2105 894 2165 οἷόν
924 2113 1094 2180 ἐστιν,
1125 2114 1222 2169 καὶ
1249 2114 1398 2177 ὅπως
1427 2114 1690 2182 ὕποπτον,

101 2204 185 2255 καὶ
210 2205 273 2255 οὐ
304 2202 564 2272 φιλικόνί
585 2205 838 2277 Ἀδρανεί
852 2207 916 2277 τῇ
948 2208 1101 2278 φωνῇ
1131 2205 1228 2260 καὶ
1256 2205 1428 2279 λεπτῇ
1457 2208 1492 2279 ἡ
1523 2224 1695 2277 προσ-

104 2296 285 2366 ηγορία
309 2297 541 2368 πρόεισι
561 2297 674 2353 τῶν
702 2297 934 2375 χειλέων
956 2317 967 2329 ’
1009 2295 1127 2354 εῐτα
1152 2298 1438 2355 ἀκολουθεῖ
1459 2300 1691 2373 φίλημα,

102 2388 185 2441 τοῦ
211 2388 515 2460 λήμματος
542 2389 868 2462 προοίμιον·
899 2391 994 2446 καὶ
1018 2391 1254 2462 φιλεῖται
1284 2391 1384 2463 μὲν
1406 2391 1468 2446 τὺ
1494 2392 1691 2463 στόμα,

107 2482 383 2548 ἀγαπᾶται
412 2482 476 2535 δὲ
508 2482 572 2535 τὸ
604 2481 852 2556 νόμισμα
871 2499 884 2513 ·
919 2482 982 2536 τὸ
1017 2485 1206 2556 σχῆμα
1247 2485 1566 2552 διαθέσεως,
1597 2488 1693 2542 καὶ

106 2572 158 2624 τὸ
179 2573 341 2645 ἔργον
372 2571 722 2641 πλεονεξίας.
750 2574 923 2631 Ἔνθα
948 2576 1007 2631 δὲ
1034 2578 1253 2650 καθαρὰ
1280 2579 1438 2649 φιλία
1466 2581 1561 2635 καὶ
1581 2581 1696 2636 ἄδο-

107 2663 206 2730 λος,
242 2666 478 2737 άμισθοι
526 2668 624 2722 καὶ
664 2668 922 2740 ἀκερδεῖς
963 2670 1103 2724 είσιν
1148 2671 1207 2724 αί
1248 2670 1690 2745 φιλοφρονήσεις.

109 2760 471 2831 Περιφέρεται
518 2759 656 2831 γοῦν
709 2761 849 2835 πολὺ
902 2763 1206 2833 πανταχοῦ,
1254 2765 1348 2819 καὶ
1395 2765 1597 2820 δίδοται
1632 2768 1695 2822 τὸ

109 2852 351 2920 χρυσίον.
382 2853 669 2925 πρόφασις
693 2853 754 2908 δὲ
782 2854 969 2908 δικαία
993 2857 1088 2909 κα)⁵
1119 2856 1403 2930 εὐπρεπὴς
1432 2857 1526 2912 τοῦ
1555 2857 1697 2930 λήμ-

113 2956 285 3006 ματος,
325 2940 461 2995 οὔτε
497 2942 670 3007 ἐστιν,
704 2942 831 2996 οὔτε
864 2943 1106 3013 λέγεται.
1158 2946 1343 3017 Γάμος
1382 2948 1483 3002 οὐκ
1521 2948 1692 3014 ἐστιν,

109 3028 189 3081 ἵνα
215 3033 460 3102 νυμφίου
492 3049 581 3095 τις
625 3031 836 3107 ταύρου
881 3034 1086 3108 καλέσῃ
1123 3035 1456 3108 φιλοτιμίαν.
1505 3039 1694 3112 Ἐλεη-

116 3122 339 3194 μοσύνην
365 3125 477 3179 οὐκ
508 3124 620 3196 ἔχω
661 3125 851 3179 καλεῖν
876 3124 975 3198 τὴν
1024 3126 1305 3200 δαπάνηνο
1357 3129 1535 3196 οὐδεὶς
1576 3133 1688 3206 γὰρ

1722 1800 1769 1859 Β

1801 552 1886 601 tus
1916 545 1989 598 sit
2014 561 2082 600 ac
2107 547 2432 607 manifestus
2452 546 2569 615 ejus
2602 563 2830 618 scapus;
2864 559 2999 615 tum,
3056 562 3115 607 ut
3156 555 3229 607 sit
3260 569 3383 609 om.

1797 633 1948 689 nium
1993 639 2300 705 communis
2344 640 2531 696 laztitia
2557 682 2574 707 ,
2621 657 2725 696 non
2779 644 3062 714 ut,aliqui
3095 645 3148 700 in
3178 640 3400 713 gaudio‘

1795 726 1937 794 sint,
1971 729 2154 785 caeteri
2178 730 2233 786 in
2265 746 2499 787 maerore
2531 748 2596 790 ac
2623 733 2791 789 luctu.
2840 734 2898 790 ld
2920 738 3063 793 enim
3089 738 3235 794 bello
3266 756 3382 795 nta-

1796 818 1900 890 gis,
1931 822 2267 890 quaml’esto
2288 825 2574 894 congruit;
2606 825 2660 879 in
2702 840 2810 895 quo
2847 842 3073 883 necesse
3096 840 3182 884 est
3217 831 3383 885 victo.

1797 911 2204 989 res'cxsultare,
2243 928 2409 984 seque
2429 930 2494 969 ex
2527 915 2754 972 victoria
2802 919 3092 988 magnilice
3148 920 3377 989 efferre;

1796 1003 1971 1060 victos
2009 1019 2139 1061 vero
2163 1006 2372 1065 cladem
2403 1023 2558 1064 suam
2594 1024 2659 1064 ac
2683 1009 3049 1067 calamitatem
3076 1014 3375 1085 deplorare.

1794 1096 2110 1164 Enimvero,
2147 1100 2290 1170 quod
2318 1100 2387 1156 ad
2418 1101 2554 1157 istos
2579 1102 2696 1160 dies
2713 1112 2944 1173 spectat,
2969 1107 3263 1162 obscurum
3291 1108 3406 1165 est’

1795 1203 1862 1243 ac
1889 1188 2178 1252 incertum,
2206 1205 2313 1261 qua
2354 1196 2424 1248 'ex
2462 1207 2626 1249 causa
2681 1196 2969 1253 celebritas
3004 1198 3250 1257 instituta
3281 1199 3373 1255 sit.

1792 1278 1928 1351 Nam
1958 1281 2175 1363 fabulae,
2225 1297 2346 1355 qua
2389 1285 2573 1342 multa
2620 1298 2932 1355 narrantur,
2988 1305 3110 1347 sese
3144 1292 3375 1348 invicem

1794 1377 1953 1434 facile
1969 1380 2315 1446 subvertant,
2340 1398 2440 1438 nec
2460 1382 2757 1454 quidquam
2779 1387 2890 1441 veri
2914 1386 3134 1443 habent.
3154 1387 3376 1454 Deinde,

1793 1485 1916 1527 cum
1945 1486 2147 1539 paucos
2177 1474 2467 1529 admodum
2496 1477 2680 1548 gaudii
2713 1485 3017 1548 compotes,
3052 1487 3164 1533 tum
3195 1477 3378 1547 plures

1793 1563 1953 1636 longe
1988 1565 2171 1629 tristes
2196 1567 2475 1639 animique
2502 1585 2676 1640 aegros
2714 1571 2894 1637 video,
2928 1586 3233 1641 quanquam
3259 1571 3377 1626 laeta

1796 1671 2106 1727 serenaque
2137 1657 2318 1714 fronte
2338 1660 2585 1716 dolorem
2620 1671 2809 1732 tegunt
2839 1671 3003 1731 atque
3032 1662 3375 1718 obumbrant:

1795 1748 1981 1803 omnia
2010 1748 2245 1820 denique
2267 1751 2497 1820 strepitu
2524 1751 2683 1821 plena
2736 1768 2800 1808 ac
2853 1754 3108 1818 tumultu,
3141 1752 3382 1808 turbam-

1794 1853 1901 1909 que
1925 1853 2112 1895 mutuo
2142 1856 2217 1899 se,
2245 1852 2449 1899 temere
2474 1843 2862 1917 impellentem.

1862 1932 1933 1987 At
1954 1943 2037 1988 est
2057 1934 2184 1988 anui
2200 1935 2433 1991 ineuntis
2456 1935 2571 1990 laeta
2596 1937 2841 2007 quaedam
2867 1936 3189 1992 recordatio.
3208 1936 3378 2004 Quam

1792 2025 1936 2088 laeta,
1971 2041 2175 2097 quaeso,
2200 2028 2339 2084 bone
2369 2029 2489 2083 vir?
2515 2027 2756 2083 Primum
2790 2038 2847 2083 ut
2893 2045 3218 2100 congressus
3244 2029 3382 2083 ima-

1793 2117 1973 2189 ginem
2003 2119 2440 2187 cogitaverimus,
2464 2121 2640 2188 qualis
2691 2120 2782 2174 illa
2818 2136 2977 2192 rogo;
3027 2133 3192 2191 utque
3223 2121 3378 2191 plena

1795 2210 2141 2281 suspicionis,
2168 2228 2233 2269 ac
2262 2213 2484 2270 minime
2527 2215 2740 2270 amica!
2799 2196 3070 2269 Salutatio
3112 2215 3255 2269 tenui
3299 2214 3382 2269 in-

1795 2303 2112 2375 clinataque
2141 2320 2273 2362 voce
2307 2305 2465 2361 labiis
2493 2307 2766 2377 profertur
2791 2324 2806 2374 ;
2848 2308 3196 2379 succeditque
3219 2323 3381 2363 oscu-

1794 2397 1904 2452 lum
1930 2399 2172 2454 muneris
2201 2396 2443 2465 initium;
2469 2414 2531 2453 ac
2564 2399 2810 2453 suavium
2842 2399 3059 2468 quidem
3099 2400 3377 2470 pangitur;

1795 2490 2026 2560 pecunia
2080 2499 2262 2544 autem
2315 2491 2631 2559 espetitur:
2680 2490 3016 2557 obtentuque
3074 2489 3378 2557 charitatis,

1795 2584 2040 2639 avaritiae
2064 2583 2274 2638 litatur.
2314 2581 2449 2637 Nam
2480 2596 2613 2653 pura
2648 2596 2711 2636 ac
2741 2582 2957 2636 sincera
2994 2581 3256 2646 amicitia,
3280 2581 3383 2636 hu-

1797 2675 2078 2732 manitatis
2108 2673 2284 2731 oﬂicia
2320 2689 2425 2730 non
2458 2672 2639 2728 vendit
2665 2690 2680 2740 ;
2733 2672 2901 2742 gratis
2925 2676 3141 2742 praestat
3161 2687 3223 2737 ac
3246 2671 3381 2726 citra

1797 2768 2128 2826 mercedem.
2156 2766 2557 2823 Circumfertur
2597 2765 2778 2833 itaque
2822 2765 3022 2835 passim
3057 2778 3120 2819 ac
3152 2764 3384 2819 donatur

1796 2861 1914 2916 auri
1943 2874 2149 2931 magna
2183 2858 2371 2929 capia;
2434 2856 2579 2911 nullo
2635 2865 2815 2910 tamen
2866 2855 3018 2925 justo
3069 2854 3248 2922 aliquo
3297 2854 3381 2908 vel

1796 2954 2045 3025 specioso
2077 2950 2386 3008 donationis
2417 2949 2575 3004 titulo
2604 2964 2668 3004 ac
2716 2958 3003 3018 praetextu.
3039 2947 3248 3017 Nuptim
3274 2963 3381 3001 non

1796 3057 1949 3112 sunt,
1982 3061 2086 3102 nec
2144 3044 2508 3116 superbientis
2557 3026 2910 3098 ambitionem
2960 3043 3145 3110 sponsi
3186 3054 3384 3095 vocare

1797 3150 1974 3212 potes.
2012 3138 2124 3194 Nec
2149 3147 2231 3194 est
2278 3138 2420 3193 idem
2456 3136 2600 3206 quod
2655 3134 3057 3206 eleemosynam
3108 3142 3381 3204 sumptum

112 3214 263 3307 πένης
316 3218 551 3287 ἀφίεται
598 3220 909 3291 συμφορᾶς.
953 3214 1320 3294 Συνάλλαγμα
1360 3223 1459 3278 οὐκ
1499 3224 1690 3292 άντις

1805 3233 1953 3289 illum
1989 3229 2344 3302 appellemus,
2374 3230 2517 3284 unde
2548 3226 2753 3282 nullum
2787 3227 3113 3298 pauperibus
3141 3239 3383 3280 commo-

114 3306 378 3362 καλέσειεν
408 3308 476 3361 τὸ
503 3309 826 3380 γινόμενον·
859 3309 1014 3364 οὐδὲν
1045 3310 1156 3383 γὰρ
1183 3310 1524 3383 διαμείσουσι
1551 3314 1689 3387 πρὸς

110 3397 355 3468 ἀλλήλους
384 3398 455 3454 τὸ
485 3399 712 3470 πλῆθος.
754 3400 976 3473 Δωρεὰν
1013 3401 1070 3455 δὲ
1116 3403 1310 3469 εἰπεῖν,
1355 3405 1478 3459 οὐδὲ
1526 3406 1690 3479 μέχρι

112 3489 219 3543 ὅτου
244 3491 481 3557 δίκαιον,
513 3491 649 3546 ἔνθα
680 3493 1036 3559 συνέζευκται
1067 3495 1284 3568 ἀνάγκη
1323 3499 1391 3568 τῇ
1419 3496 1584 3553 δόσει.
1625 3496 1693 3553 Τί

115 3583 301 3649 τοίνυν,
335 3587 372 3659 ἢ
398 3587 505 3659 τὴν
540 3587 742 3659 ἑορτὴν
772 3586 1118 3660 καλέσωμεν,
1145 3589 1180 3661 ἢ
1213 3590 1285 3646 τὰ
1313 3591 1372 3645 ὲν
1397 3591 1574 3667 ταύτῃ
1598 3592 1684 3647 δα-

121 3678 439 3750 πανώμενας
488 3679 637 3750 Ἐγὼ
681 3680 782 3753 μὲν
820 3681 920 3752 οὐχ
954 3682 1219 3755 εὑρίσκω.
1253 3682 1460 3740 Εἴπατε
1501 3672 1593 3752 δὲ,
1642 3687 1694 3741 οί

116 3770 229 3841 περὶ
252 3772 430 3846 αὐτὴν
451 3772 851 3837 ἐσπουδακότες
868 3789 883 3803 ·
911 3772 1032 3828 δότε
1058 3773 1338 3845 λόγον,,ὼς
1367 3778 1552 3848 ἡμεῖς,
1581 3776 1693 3832 τῶν

116 3855 365 3928 ἀληθινῶν
425 3860 527 3915 καὶ
587 3861 736 3916 κατὰ
785 3860 922 3916 Θεὸν
982 3864 1369 3937 πανηγύρεων.
1409 3867 1692 3924 Γενέθλιον

115 3947 452 4024 ἑορτάζομεν,
470 3953 667 4027 ἐπειδὴ
692 3954 760 4009 τά
779 3955 840 4009 ἐν
856 3959 1024 4028 σαρκὶ
1044 3956 1319 4029 Θεοφάνια
1342 3960 1484 4015 κατὰ
1498 3960 1692 4017 τοῦτον

118 4043 192 4094 τὸν
225 4046 415 4118 χρόνον
467 4046 674 4116 ἔδειξεν
724 4049 860 4120 ἡμῖν
896 4050 927 4103 ό
968 4048 1123 4116 Θεός.
1172 4052 1333 4107 Φῶτα
1381 4056 1692 4129 πανήγυριν

116 4134 316 4208 ἄγομεν,
345 4141 543 4213 ἐπειδὴ
568 4144 637 4214 τῇ
661 4141 773 4196 τῶν
797 4143 1216 4215 ἁμαρτημάτων
1238 4145 1455 4216 ἀφέσει,
1482 4143 1596 4203 οἷον
1628 4134 1694 4204 ὲκ

119 4234 375 4288 σκοτεινοῦ
404 4252 557 4299 τινος
577 4233 961 4309 δεσμωτηρίου
986 4236 1081 4291 τοῦ
1108 4239 1376 4312 προτέρου
1394 4238 1531 4311 βίου,
1556 4242 1695 4315 πρὸς

60 4364 69 4373 .
117 4323 195 4377 τὸν
216 4330 478 4398 φωτεινόν
512 4330 611 4384 καὶ
638 4330 939 4387 ἀνεύθυνον
964 4332 1302 4405 ἁναγόμεθα.
1337 4336 1696 4403 Καλλωπιζό-

124 4419 239 4487 tuba
267 4424 454 4490 πάλιν,
483 4424 583 4479 καὶ
624 4424 911 4497 χαίροντες
952 4427 1385 4501 ἐμπομπεύομεν
1410 4431 1478 4502 τῇ
1507 4431 1696 4503 ἡμέρᾳ

120 4509 200 4580 τῆς
223 4513 602 4580 ’ἀναστάσεως
622 4533 636 4547 ·
668 4516 770 4590 τὴν
801 4517 911 4591 γὰρ
939 4517 1252 4591 ἀφθαρσίαν
1273 4522 1429 4593 ἡμῖν,
1465 4522 1563 4577 καὶ
1592 4523 1693 4596 τὴν

122 4604 236 4675 τῇς
260 4606 319 4662 τὸ
346 4611 607 4680 κρεῖττον
630 4609 785 4682 δηλοῖ
805 4611 1241 4684 μετακόσμησιν.
1273 4613 1463 4681 Οὕτως
1486 4616 1692 4683 ταύτας

123 4695 447 4779 ἑορτάζομεν,
486 4702 668 4768 οὕτως
710 4702 813 4767 τὰς
843 4702 1046 4776 ἑφεξῆς
1066 4722 1080 4736 ·
1114 4705 1211 4759 καὶ
1240 4707 1444 4773 παντὸς
1472 4708 1690 4782 ἀνθρω-

121 4790 259 4845 πικοῦ
295 4793 636 4867 πράγματος
683 4794 843 4863 λόγος
888 4796 1141 4868 ἡγεῖταιο
1196 4790 1257 4852 οὗ
1297 4798 1355 4854 δὲ
1393 4801 1544 4856 αίτία
1595 4803 1691 4858 καὶ

127 4884 294 4949 σκοπὸς
320 4889 577 4953 ἄπεστιν,
609 4885 779 4959 λῆρος
806 4885 969 4943 τοῦτο
1000 4891 1095 4945 καὶ
1119 4889 1417 4964 φλήναφος.

126 4983 646 5047 ιιιιιιιιιιιηι,1ιιιιιιιιηο
684 4980 834 5035 omni
875 4982 1089 5053 negotio
1114 4984 1267 5052 praeit
1336 4987 1507 5057 ratio;
1557 5004 1619 5046 ac
1646 4990 1690 5048 si
1733 4993 1862 5064 quid
1897 4993 2037 5049 forte
2070 4987 2335 5065 ejusmodi
2398 4993 2505 5051 est,
2575 4991 2631 5037 ιιι
2682 4980 2892 5036 ratione
2937 4985 3119 5033 careat
3149 4973 3378 5047 ac‘ﬁne,
3486 5016 3491 5021 .

128 5069 170 5125 iJ
192 5088 302 5129 vero
336 5090 505 5131 merae
533 5088 692 5142 nugae
725 5083 809 5128 est
840 5089 904 5130 ac
933 5076 1170 5144 ineptiae.

185 5165 359 5241 Ὢτῆς
400 5166 672 5231 άτοπίαςί
710 5166 921 5234 Πάντες
954 5170 1249 5241 κεχηνότες
1287 5174 1691 5246 περινοστοῦσι,

128 5258 184 5312 τὰ
217 5263 335 5334 παρ’
366 5262 621 5335 ἀλλήλων
666 5261 1000 5329 ἐλπίζοντες.
1039 5265 1105 5317 Οί
1137 5264 1320 5325 δόντες
1356 5265 1687 5323 λυποῦνται·

128 5349 170 5402 οι
188 5351 427 5422 λαϐόντες
487 5355 551 5409 οὐ
577 5355 892 5427 κατέχουσι.
922 5357 1257 5413 Μεταὸαίνει
1281 5357 1391 5432 γὰρ
1421 5363 1503 5424 εἰς
1524 5359 1691 5435 ἀλλή-

132 5438 228 5511 λους
251 5449 307 5504 τὸ
330 5450 531 5523 λῆμμα
552 5469 567 5484 ’
604 5450 705 5506 καὶ
735 5451 765 5504 ὁ
790 5450 943 5525 παρὰ
978 5450 1075 5505 τοῦ
1117 5450 1422 5506 ύπευθύνου
1456 5451 1688 5524 δεξάμε-

133 5550 217 5603 νος,
233 5541 406 5599 δίδωσι
423 5544 506 5617 τῷ
534 5544 771 5617 μείζονι.
802 5546 1071 5600 Ἀστατον
1095 5544 1151 5598 δέ
1175 5546 1322 5601 ἐστιν
1345 5546 1406 5599 τὸ
1426 5549 1526 5618 τῆς
1555 5546 1692 5618 ἡμέ-

137 5642 216 5699 ρας
235 5638 428 5712 ταύτης
448 5639 700 5713 χρυσίον,
725 5636 970 5712 ὥσπερὴ
994 5639 1103 5694 τῶν
1126 5639 1429 5705 παιζόντων
1455 5641 1686 5713 σφαῖρα,

190 5840 226 5874 ⁸⁸
249 5844 367 5920 Leg.
396 5847 491 5903 ἐπὶ
516 5845 597 5904 δέ.
686 5844 733 5879 ³⁸
765 5843 837 5899 ίσ.
869 5804 1235 5919 δννοήσωμεν.

1796 3326 1924 3380 dum
1956 3334 2053 3379 aut
2085 3327 2449 3378 levamentum
2481 3338 2499 3388 ;
2541 3335 2645 3376 non
2682 3312 2848 3375 etiam
2902 3327 3264 3382 contractum,
3290 3317 3381 3373 ubi

1795 3424 2043 3470 mutuum
2076 3427 2182 3467 non
2210 3411 2302 3475 sit,
2330 3419 2422 3465 aut
2452 3409 2559 3464 ulla
2605 3408 2979 3480 permutatio:
3030 3409 3378 3462 donationem

1794 3506 1965 3563 multo
2006 3509 2207 3571 minus,
2259 3503 2345 3559 cui
2375 3504 2672 3559 necessitas
2715 3500 2980 3556 adhaeret.
3023 3499 3384 3566 Quemadmo-

1795 3599 1925 3656 dum
1965 3598 2150 3670 igitur,
2173 3613 2311 3675 cum.
2338 3595 2561 3661 festum,
2620 3603 2735 3650 tum
2771 3591 2864 3665 qui
2894 3592 3029 3647 ﬁunt
3051 3590 3104 3645 in
3132 3605 3199 3646 eo
3232 3605 3381 3646 sum-

1793 3706 1942 3765 ptus,
1968 3692 2357 3762 indigitemus,
2381 3680 2631 3760 equidem
2666 3702 2771 3743 non
2815 3685 3048 3755 reperio.
3082 3684 3190 3740 Vos
3213 3699 3378 3755 agen-

1795 3790 1923 3846 dum
1946 3780 2203 3849 indicate,
2232 3770 2327 3856 qui
2351 3783 2533 3840 colitis
2557 3791 2608 3837 et
2632 3780 2952 3847 celebratis;
2985 3778 3193 3835 reddite
3217 3776 3384 3833 ratio-

1796 3895 1944 3946 nem,
1981 3878 2061 3935 uti
2118 3892 2217 3934 nos
2244 3890 2431 3931 earum
2460 3873 2736 3930 reddimus
2781 3869 3067 3936 feriarum,
3090 3884 3209 3940 quae
3241 3881 3384 3924 verat

1798 3982 1951 4036 sunt,
1987 3968 2206 4039 Deoque
2234 3981 2474 4039 congrua
2534 3962 2797 4020 institutae
2822 3961 3106 4031 religione.
3137 3959 3381 4015 Natalem

1795 4064 1941 4123 enim
1972 4062 2331 4124 celebramus,
2359 4058 2501 4130 quod
2532 4071 2630 4127 per
2660 4057 2761 4111 hoc
2788 4064 3000 4125 tempus
3022 4067 3143 4109 sese
3166 4052 3308 4108 Deus
3327 4052 3381 4107 in

1803 4148 1970 4213 carne
1998 4153 2324 4210 mortalibus
2351 4147 2672 4207 ostenderit.
2712 4146 3004 4203 Luminum
3038 4145 3240 4201 festum
3268 4144 3383 4216 agi-

1799 4256 2003 4313 tamus,
2035 4222 2179 4317 quod
2232 4250 2580 4314 peccatorum
2633 4237 2956 4295 remissione
3009 4236 3217 4302 donati,
3263 4243 3383 4290 tan-

1796 4356 1961 4413 quam
1992 4354 2060 4395 ex
2087 4339 2321 4395 obscuro
2354 4337 2553 4407 prioris
2570 4337 2695 4391 vitae
2719 4331 3019 4406 ergastulo,
3050 4330 3115 4386 ad
3146 4328 3382 4385 lucidam

1798 4450 1864 4492 ac
1891 4448 1922 4489 a
1953 4432 2185 4490 crimine
2212 4430 2442 4487 liberam
2476 4429 2645 4484 vitam
2667 4428 3054 4485 subveltamur.
3093 4421 3213 4497 Jam
3253 4436 3383 4477 vero

1800 4524 1889 4581 die
1908 4521 2352 4581 Resurrectionis
2374 4520 2713 4591 ornatiorem
2771 4512 2976 4572 cultum
3012 4512 3380 4575 assumimus,

1802 4630 2169 4693 magnamque
2215 4612 2461 4669 laetitiam
2524 4609 2865 4683 praeferimus
2913 4626 2929 4664 :
2986 4605 3131 4677 quod
3157 4618 3219 4658 ea
3244 4603 3379 4668 dies,

1798 4709 2213 4773 immortalitate
2240 4702 2543 4779 donandus,
2577 4707 2741 4774 inque
2787 4701 2978 4763 melius
3014 4705 3381 4754 transmutan-

1797 4806 1919 4870 dos.
1954 4802 2241 4875 perspicue
2293 4798 2497 4855 indicio
2544 4796 2637 4852 sit.
2667 4795 2825 4853 Hunc
2867 4794 2919 4848 in
2994 4791 3210 4845 modum
3244 4787 3379 4842 festa

1797 4902 1914 4958 haec
1937 4898 2202 4964 colimus;
2237 4894 2399 4963 inque
2434 4891 2682 4947 eumdem
2744 4887 2995 4955 deinceps
3028 4893 3242 4939 caetera.
3299 4880 3381 4935 Ad

1874 5171 1919 5230 Ο
1951 5186 2062 5227 rem
2090 5168 2327 5239 ineptam
2358 5171 2414 5221 et
2436 5160 2761 5218 absurdam!
2807 5158 3009 5215 Omnes
3043 5155 3220 5211 aliena
3255 5169 3379 5224 spe-

1801 5276 1984 5324 rantes
2011 5280 2075 5319 ac
2105 5264 2170 5318 iis
2194 5261 2491 5324 inhiantes,
2520 5256 2831 5312 discurrunt
2873 5259 3035 5323 atque
3080 5257 3379 5320 vagantur;

1797 5361 1895 5432 qui
1930 5371 2126 5414 munus
2151 5354 2438 5416 dederunt,
2463 5349 2679 5417 dolent;
2729 5347 2819 5418 qui
2874 5351 3227 5416 acceperunt,
3277 5338 3378 5395 sibi

1800 5471 1906 5511 non
1943 5453 2202 5519 retinent,
2233 5457 2329 5505 attt
2388 5456 2628 5502 servant.
2672 5442 3087 5500 Transmittiiur
3123 5438 3267 5495 enim
3310 5433 3378 5490 ad

1799 5545 1967 5614 alios;
2025 5555 2081 5601 et
2129 5543 2274 5616 quod
2306 5541 2427 5614 quis
2485 5556 2515 5595 a
2551 5539 2750 5597 cliente
2780 5539 2979 5597 donum
3034 5533 3283 5603 accepit,
3313 5543 3379 5584 eo

1799 5655 1958 5697 suum
1985 5638 2101 5711 ipse
2129 5633 2679 5710 patronumaliquem
2707 5636 3044 5688 muneratur.
3072 5624 3299 5682 Fluxum
3324 5627 3377 5680 et
