3820 6336
327 356 392 416 2ί
401 358 436 416 9
1625 355 1685 411 S.
1727 352 2006 411 ASTERII
2045 351 2347 411 AMASENI
3482 349 3622 410 290

335 477 651 531 inconstans
681 473 842 546 hujus
870 473 1009 531 lucis
1031 487 1222 528 aurum
1273 479 1377 539 est,
1426 480 1483 528 et
1505 472 1658 542 quasi
1693 472 1904 540 sphaera

2045 472 2179 537 ξέως
2221 471 2351 542 παρ’
2378 468 2513 541 ἐμοῦ
2541 467 2893 541 πεμπόμενον
2923 465 3060 540 πρὸς
3099 465 3191 521 τὸν
3229 465 3435 538 ἕτερον.
3481 467 3621 522 Καὶ

336 565 535 621 lusoria
566 566 635 622 ab
658 566 764 622 alio
796 566 978 621 statim
1006 566 1072 620 ad
1103 564 1270 619 alium
1324 563 1536 618 transit.
1590 561 1771 617 Novus
1825 563 1914 618 hic

2045 563 2205 627 εαινὺς
2239 561 2575 635 δωροφορίας
2605 562 2699 615 καὶ
2734 559 3079 632 λειτουργίας
3103 558 3323 631 τρόπος,
3353 559 3620 629 ἀπαραί-

337 658 656 712 tuunerandi
693 659 914 724 modus;
962 671 1164 711 novum
1221 653 1398 709 cultus
1432 653 1788 723 nbseqniique
1820 668 1914 724 ge-

2045 673 2180 726 ἠτον
2207 655 2346 726 ἔχων
2367 656 2465 726 τῆς
2482 654 2728 724 ἀνάγκης
2747 652 2844 724 τὴν
2871 653 3148 725 είσφοράν.
3181 651 3238 721 ίο
3259 650 3368 722 γὰρ
3390 648 3618 723 μείζων

337 763 458 811 nus,
497 764 618 802 cum
668 747 1048 819 indeprecabili
1112 746 1492 816 pensitationis
1553 746 1670 800 sive
1727 746 1913 800 tributi

2045 747 2120 801 ιαὶ
2155 746 2366 810 ἔνδοξος
2395 747 2661 800 δυσωπεῖ·
2722 746 2750 797 6
2800 744 3038 799 ἐλάττων
3071 744 3240 798 αἰτεῖ’
3271 742 3364 796 καὶ
3395 742 3621 804 πάντες

338 843 662 895 necessitate
716 841 1083 908 conjunctum.
1149 838 1282 892 Nam
1347 837 1528 908 major
1557 847 1612 892 et
1656 838 1917 908 dignitate

2045 838 2252 909 ιαθμοῖς
2297 839 2391 890 ὲπὶ
2419 839 2545 901 τοὺς
2573 836 2807 901 κόλπους
2842 836 2948 890 τῶν
2984 835 3357 907 ὑπερεχόντων
3387 833 3620 888 κινοῦν-

343 942 608 1001 praestans
635 933 746 1003 ipsa
799 932 977 986 vultus
1036 931 1118 984 sui
1157 930 1456 984 reverentia
1494 939 1707 997 movet;
1740 930 1920 986 minor

2045 951 2128 986 rat.
2166 931 2277 986 Καὶ
2304 933 2444 1003 ὅπερ
2475 931 2564 984 ἐπὶ
2590 930 2687 1000 τῆς
2718 927 2974 1001 συρῤοίας
2999 926 3106 980 τῶν
3131 926 3338 980 ὑδάτων
3361 926 3612 995 γίνεται,

338 1026 503 1094 petit;
531 1035 693 1094 atque
738 1039 929 1079 omnes
979 1023 1115 1078 velut
1157 1023 1414 1093 gradibus
1455 1022 1511 1077 in
1553 1022 1917 1092 potentiorum

2045 1024 2178 1080 ποῦτο
2228 1025 2324 1079 νῦν
2372 1025 2520 1078 ἐστιν
2571 1023 2716 1077 ἰδεῖν.
2763 1022 2876 1076 Καὶ
2920 1021 3029 1093 γὰρ
3057 1021 3175 1073 ὲκεῖ
3222 1019 3419 1083 λεπτὸς
3461 1018 3616 1090 ρύαξ

335 1117 488 1171 sinus
519 1115 930 1170 exhauriuntur.
963 1115 1224 1185 Quodque
1255 1115 1309 1168 in
1347 1129 1606 1184 aquarum
1634 1113 1919 1168 conﬂuen-

339 1207 482 1262 tibus
502 1207 720 1274 accidit,
740 1208 911 1276 ipsum
935 1208 1035 1262 hoc
1074 1203 1542 1276 inpraesentiarum
1565 1204 1774 1260 videas.
1807 1204 1920 1260 Illic

335 1297 483 1350 enim
503 1298 680 1352 tenuis
696 1297 978 1368 minorque
1010 1298 1156 1351 rivus
1177 1297 1230 1351 in
1245 1297 1407 1350 alium
1436 1295 1693 1366 majorem
1720 1295 1918 1363 inﬂuit,

339 1387 535 1456 hicque
567 1387 674 1443 alio
723 1404 910 1443 rursus
971 1387 1244 1459 grandiori
1299 1403 1363 1442 ac
1414 1387 1586 1458 magis
1630 1387 1922 1443 exundanti

2023 1116 2372 1188 ἀπορῤεύσας
2419 1119 2544 1180 τούς
2581 1116 2726 1189 ῥοῦς,
2775 1115 2853 1186 τῷ
2895 1113 3014 1186 μετ’
3057 1112 3220 1166 αὐτὸν
3259 1111 3353 1165 καὶ
3393 1109 3614 1182 μείζονι

2027 1207 2282 1276 μίγνυται
2303 1225 2316 1238 ·
2349 1207 2598 1271 κάκεῖνος
2622 1206 2958 1260 καλύπτεται
2981 1203 3142 1258 πάλιν
3168 1201 3315 1275 παρά
3341 1201 3436 1255 τοῦ
3467 1200 3624 1272 μᾶλ-Δ

2024 1296 2114 1349 λον
2159 1297 2649 1368 πλημμυροῦντοςο
2691 1297 2785 1350 καὶ
2821 1295 2992 1350 πολλὰ
3031 1295 3328 1365 λεπτότερα
3355 1293 3614 1366 ῥεύματα

2025 1386 2399 1459 ἀθροισθέντα,
2436 1387 2681 1459 ποταμοῦ
2721 1386 2961 1457 γείτονος
3003 1385 3288 1458 προσθήκη
3330 1386 3608 1455 γίνονται·

343 1478 734 1534 absconditur:
765 1489 928 1550 atque
984 1485 1118 1535 adeo
1173 1481 1410 1534 minores
1443 1479 1598 1534 multi
1653 1479 1754 1534 rivi
1791 1493 1925 1534 con-

2045 1473 2180 1542 ὦτος
2210 1479 2370 1534 πάλιν
2419 1479 2609 1551 ἑτέρου
2638 1477 2734 1542 τοῦ
2770 1477 3039 1550 μείζονος,
3085 1479 3180 1531 καὶ
3226 1477 3384 1541 ἄλλος
3417 1477 3609 1543 ἄλλου,

338 1565 511 1636 juncti
549 1570 713 1626 vicini
778 1570 1013 1627 ﬂuminis
1075 1574 1324 1629 accessio
1354 1572 1492 1626 ﬁunt
1533 1571 1718 1641 :quod
1752 1580 1806 1626 et
1840 1573 1925 1642 ip-

2045 1571 2224 1642 ιέχρις
2254 1570 2320 1623 ἂν
2363 1571 2392 1623 6
2421 1570 2732 1633 τελευταῖος
2762 1568 2841 1640 τῷ
2872 1567 3022 1639 βάθει
3065 1569 3158 1621 καὶ
3183 1566 3259 1638 τῷ
3290 1566 3479 1621 πλάτει
3508 1569 3614 1640 τῆς

343 1675 462 1715 sum
515 1660 639 1716 dein
707 1662 938 1717 alterius
987 1677 1142 1731 mage
1188 1663 1434 1734 majoris,
1475 1672 1638 1732 atque
1668 1663 1744 1718 ita
1773 1663 1928 1718 dein-

2045 1661 2305 1732 )αλάσσης
2328 1661 2704 1733 ὲγκαθορμίσῃ
2727 1661 2789 1715 τὸ
2813 1659 2978 1732 ὕδωρ.
3017 1659 3212 1731 Ἐορτὴ
3234 1658 3374 1730 αῦτη
3399 1657 3614 1728 ψευδώ-

344 1767 511 1820 ceps,
580 1753 704 1808 dum
786 1764 1090 1809 extremum
1167 1755 1274 1810 lato
1331 1753 1705 1825 profundoque
1785 1753 1921 1809 mari

2045 1769 2216 1823 νυμος.
2249 1752 2544 1823 ὲπαχθείας
2581 1753 2825 1824 γέμουσα
2845 1769 2860 1783 ο
2889 1752 2984 1806 καὶ
3011 1751 3122 1824 γὰρ
3148 1753 3182 1822 ἡ
3217 1749 3441 1823 πρόοδος
3494 1751 3614 1803 ὲπ-

344 1843 652 1900 misceatur.
719 1843 937 1900 Festum
1007 1847 1109 1901 hoc
1189 1862 1296 1901 non
1357 1846 1575 1913 festum,
1618 1823 1709 1901 ﬁet
1773 1861 1926 1902 men-

2045 1843 2226 1914 ιχθὴς,
2265 1844 2361 1897 καὶ
2404 1845 2438 1915 ἡ
2481 1843 2628 1897 ἔνδον
2654 1823 2799 1915 μονὴ
2820 1843 2920 1896 οὐκ
2956 1823 3326 1913 ἀνενόχλητος.
3368 1842 3615 1912 Δημόται

262 1962 266 1966 »
346 1935 465 1990 daci
499 1951 720 2005 prorsus
756 1938 994 2002 nomine,
1038 1938 1251 2008 plenum
1309 1937 1625 1993 acerbitatis
1665 1951 1728 1992 ac
1757 1937 1926 1993 mole-

2045 1935 2140 2006 γάρ
2165 1934 2422 2007 ἀγύρται,
2447 1936 2541 1990 καὶ
2571 1938 2620 1989 oi
2641 1935 2740 2005 τῆς
2760 1935 3069 2007 ὀρχήστρας
3095 1933 3508 2004 θαυματοποιοὶ,
3531 1935 3615 1998 είς

346 2027 493 2094 stite;
524 2043 688 2097 grave
722 2029 1109 2099 prodeuntibus
1160 2030 1212 2084 in
1275 2029 1583 2099 publicum,
1648 2044 1814 2098 grave
1867 2042 1926 2084 se

2045 2027 2217 2094 τάξεις
2272 2026 2370 2081 καὶ
2433 2029 2752 2099 συστήματα
2807 2028 3036 2091 ἑαυτοὺς
3104 2026 3610 2098 καταμερίσαντες,

347 2117 489 2172 domi
519 2119 943 2174 continentibus.
973 2119 1117 2176 Viles
1171 2121 1315 2176 enim
1365 2121 1432 2175 de
1462 2121 1614 2191 plebe
1654 2119 1922 2185 homines,

2045 2120 2275 2192 ἑκάστην
2305 2121 2484 2174 οίκίαν
2507 2119 2808 2191 διοχλοῦσιν
2828 2136 2843 2152 ο
2869 2122 2963 2174 καὶ
2989 2119 3148 2191 δῆθεν
3181 2119 3278 2189 μὲν
3304 2117 3616 2189 εὐφημοῦσι

347 2209 700 2266 circulatores
754 2227 819 2267 ac
868 2213 1069 2267 scenici
1115 2214 1540 2283 praestigiatores
1603 2213 1654 2268 in
1715 2221 1923 2267 turmas

2045 2212 2123 2266 cal.
2164 2211 2572 2284 ὲπικροτοῦσιν,
2611 2212 2829 2284 μένουσι
2868 2213 2925 2266 δὲ
2960 2212 3096 2284 πρὸς
3128 2215 3249 2275 ταῖς
3277 2210 3472 2275 πύλαις
3500 2210 3614 2264 τῶν

350 2300 600 2368 discreti,
635 2303 830 2372 cuique
889 2304 1068 2365 domui
1144 2305 1475 2360 clamoribus
1521 2319 1585 2359 ac
1625 2303 1928 2374 plausibus,

348 2390 495 2445 velut
525 2390 700 2448 fausta
728 2405 1037 2463 precantes,
1067 2395 1370 2451 molestiam
1389 2395 1666 2450 exhibent.
1690 2395 1767 2448 Ac
1781 2394 1929 2449 circa

347 2491 675 2550 quaestorum
702 2486 916 2554 quidem
964 2487 1160 2554 januas
1219 2486 1548 2555 pertinacius
1571 2485 1800 2550 haerent,
1828 2484 1927 2539 do-

348 2589 448 2630 nec
475 2578 688 2631 tandem
739 2580 830 2647 qui
863 2579 1008 2632 intus
1037 2579 1341 2643 obsidetur,
1405 2578 1564 2632 taedio
1591 2592 1654 2632 ac
1681 2577 1931 2632 molestia

347 2677 703 2738 expugnatus,
723 2670 1005 2738 pecuniam
1027 2671 1467 2740 projiciat,quam
1493 2671 1675 2732 habet,
1695 2679 1748 2724 et
1765 2685 1931 2739 quam

350 2775 457 2813 non
512 2761 1059 2829 habet.Vicissimque
1116 2761 1204 2817 alii
1257 2763 1391 2817 alias
1439 2763 1681 2833 aliasque
1733 2763 1932 2817 adeunt

353 2847 520 2914 fores,
581 2865 679 2906 nec
715 2852 819 2906 ulla
853 2861 976 2906 ante
1014 2867 1194 2906 seram
1258 2867 1540 2921 vesperam
1583 2851 1709 2906 mali
1747 2851 1936 2926 τετοξε-

2030 2306 2363 2376 πρακτήρων
2410 2303 2806 2376 εὐτονώτερον,
2844 2303 3036 2375 μέχρις
3068 2301 3134 2357 ἂν
3165 2301 3552 2365 ἀποκναισθεὶς
3583 2301 3615 2354 6

2025 2399 2172 2453 ἔνδον
2220 2399 2715 2472 πολιορκούμενος,
2769 2398 3005 2471 προῆται
3057 2397 3119 2450 τὸ
3162 2395 3425 2468 ἀργύριον
3472 2395 3615 2466 ὅπερ

2036 2491 2172 2562 ἔχει,
2209 2493 2300 2546 καὶ
2341 2492 2370 2544 ὃ
2403 2492 2465 2544 οὐ
2517 2491 2800 2561 κέκτηται.
2844 2489 3166 2560 Ἀμοιὸαδὸν
3207 2489 3264 2542 δὲ
3301 2488 3615 2560 προσιόντες

2037 2585 2156 2647 ταῖς
2178 2582 2396 2654 θύραις,
2419 2582 2681 2652 ἀλλήλους
2709 2582 3066 2652 διαδέχονται,
3089 2581 3185 2636 καὶ
3215 2581 3405 2652 μέχρις
3431 2580 3614 2651 δείλης

2036 2673 2197 2743 ὀψίας
2227 2674 2412 2736 ἄνεσις
2444 2674 2544 2727 οὐκ
2573 2673 2720 2727 ἐστιν
2744 2672 2838 2727 τοῦ
2869 2673 3071 2727 κακοῦ·
3112 2672 3249 2726 ἀλλὰ
3283 2672 3482 2742 φατρία
3512 2688 3615 2739 φα-

2037 2764 2196 2835 τρίαν
2237 2763 2672 2836 καταλαμϐάνει.
2721 2765 2818 2818 καὶ
2855 2763 2952 2835 βοὴ
2987 2762 3138 2836 βοὴν,
3173 2763 3267 2817 καὶ
3307 2761 3481 2833 ζημία
3515 2761 3615 2833 ξηο·

2044 2869 2195 2923 μιαν.

351 2941 433 2996 sio
481 2941 571 2997 ﬁt:
608 2944 736 3011 quin
778 2953 948 2998 turma
987 2950 1218 2998 turmam
1249 2944 1486 3015 excipit,
1539 2944 1743 3007 clamor
1779 2943 2095 3010 clamorem,
2131 2946 2338 3014 jactura
2372 2946 2662 3017 iacturam.

425 3120 710 3192 Egregium
737 3121 841 3175 hoc
863 3120 1083 3187 festum,
1131 3122 1256 3176 reris
1307 3121 1469 3176 alieni
1498 3135 1662 3177 causa
1691 3136 1753 3176 ac
1784 3119 1930 3175 feno-

2108 3121 2262 3194 Αὕτη
2305 3123 2339 3194 ὴ
2373 3121 2623 3193 βελτίστη
2671 3119 2870 3192 ἑορτὴ,
2918 3120 3014 3172 καὶ
3052 3117 3425 3188 δανεισμάτων
3469 3118 3616 3170 αἰτία

354 3214 834 3282 riszpaupertalis
889 3215 1125 3279 occasio,
1163 3214 1504 3268 miseriarum
1569 3214 1808 3268 initium.
1873 3211 1931 3266 Si

352 3304 477 3376 qcis
505 3305 574 3360 ob
605 3305 940 3359 fortunarum
1000 3307 1319 3360 tenuitatem
1385 3305 1544 3360 iidem
1583 3322 1687 3360 non
1716 3306 1933 3369 habeat,

354 3397 556 3468 quique
595 3406 840 3451 mutuum
879 3398 988 3462 det,
1019 3398 1256 3451 inveniat
1289 3399 1583 3464 neminem,
1619 3398 1851 3452 trahitur
1875 3412 1936 3452 ac

357 3499 606 3557 vexatur,
635 3499 694 3542 ut
727 3489 814 3544 ille
843 3490 934 3558 qui
971 3490 1089 3544 foro
1116 3493 1339 3556 cedens,
1383 3491 1573 3556 ﬁscum
1607 3506 1669 3545 ac
1694 3491 1929 3558 vectiga-

356 3579 427 3636 lia
453 3582 599 3650 regia
625 3582 898 3636 deseruit:
934 3582 1135 3647 plorat,
1197 3579 1350 3648 quasi
1393 3581 1657 3635 bonorum
1709 3579 1940 3649 proscri-

357 3671 540 3742 ptione
568 3672 826 3727 multetur
879 3690 892 3726 :
926 3673 1272 3736 lamentatur,
1305 3687 1369 3726 ac
1400 3671 1446 3725 si
1478 3671 1529 3725 in
1551 3672 1942 3726 latronumma-

357 3779 460 3818 nus
490 3765 746 3819 inciderit
782 3781 797 3830 ;
829 3764 1146 3828 custoditur,
1175 3767 1516 3819 verberatur.
1554 3763 1609 3816 Si
1642 3763 1937 3833 pauxillum

360 3856 563 3924 aliquid
636 3857 688 3910 iu
723 3858 978 3911 alimenta
1010 3857 1256 3927 conjugis
1287 3871 1350 3911 ac
1390 3859 1712 3910 miserorum
1741 3855 1939 3910 libero-

360 3965 478 4002 rum
519 3950 665 4002 domi
688 3950 962 4003 conditum
1021 3950 1111 4012 sit,
1168 3950 1433 4017 promitur
1465 3949 1518 4002 id
1544 3959 1595 4002 et
1628 3947 1937 4019 projicitur;

360 4053 424 4092 ac
461 4040 612 4092 sedet
651 4037 738 4091 ille
766 4053 888 4092 cum
919 4039 1078 4092 domo
1122 4045 1253 4099 tota,
1303 4050 1397 4103 per
1427 4034 1626 4089 festum
1671 4035 1773 4089 hoc
1805 4050 1942 4104 pra:-

359 4129 565 4182 clarum
598 4129 843 4183 esuriens
896 4143 960 4182 ac
1017 4127 1258 4181 omnium
1321 4126 1553 4196 indigus.
1588 4125 1735 4181 Nova
1763 4139 1942 4193 pravae

361 4221 770 4274 consuetudinis
811 4221 915 4284 lex,
953 4220 1229 4275 molestias
1281 4227 1335 4273 et
1363 4216 1591 4273 atl‘auias
1623 4218 1938 4283 celebrare,

359 4311 783 4381 pauperiemquc
809 4325 874 4364 ac
902 4309 1247 4379 indigentiam
1281 4308 1478 4363 festum
1503 4309 1794 4378 appellare.

432 4464 558 4519 Dies
590 4464 706 4518 haec
755 4461 958 4517 teneris
1013 4475 1078 4516 ac
1133 4459 1562 4532 simplicioribus
1603 4460 1785 4532 pueris
1845 4475 1938 4515 ar-

2039 3213 2247 3284 γίνεται
2267 3217 2381 3278 τοῖς
2403 3213 2732 3287 ἀνθρώποις,
2759 3212 3080 3268 καὶτούτων
3103 3212 3337 3265 ἐντόκων
3352 3229 3364 3241 ο
3387 3212 3614 3282 ἀφορμὴ

2039 3304 2250 3368 πενίας,
2291 3303 2720 3374 δυστυχημάτων
2759 3303 2924 3373 ἀρχή.
2967 3303 3064 3354 “Av
3096 3301 3153 3353 δέ
3187 3317 3271 3363 τις
3313 3299 3400 3352 διά
3425 3299 3488 3351 τὸ
3518 3299 3616 3368 τῆς

2039 3396 2196 3463 ἀξίας
2224 3394 2606 3462 ἀναξιόπιστον
2636 3394 2770 3466 μηδὲ
2810 3393 2904 3447 τοῦ
2938 3393 3278 3456 δανείζοντος
3312 3392 3615 3461 εὐπορήσῃ,

2040 3488 2282 3551 ἕλκεται,
2323 3486 2399 3549 ὠς
2427 3487 2553 3550 τοὺς
2594 3486 2793 3557 φόρους
2834 3485 2960 3550 τούς
3007 3483 3319 3555 βασιλικοὺς
3367 3481 3617 3544 ἐλλιπὼν,

2043 3579 2268 3648 δακρύει
2294 3579 2370 3642 ὡς
2395 3580 2423 3632 6
2452 3579 2514 3648 δη
2525 3579 2845 3648 μευόμενος,
2885 3575 3206 3647 ὀλοφύρεται
3231 3574 3307 3638 ὡς
3337 3577 3366 3628 6
3397 3574 3617 3645 λῃσταῖς

2042 3669 2383 3743 περιπεσὼν,
2415 3673 2754 3742 φρουρεῖται,
2780 3667 3122 3741 μαστίζεται.
3151 3669 3248 3722 “Av
3268 3667 3326 3722 δέ
3347 3684 3400 3720 τι
3426 3667 3618 3738 μικρὸν

2043 3765 2266 3836 ὑπάρχῃ
2308 3762 2452 3817 κατὰ
2483 3762 2581 3834 τὴν
2614 3761 2791 3816 οίκίαν
2817 3765 2897 3825 είς
2922 3747 3217 3834 διατροφὴν
3246 3761 3493 3830 γαμετῆς
3522 3759 3617 3813 καὶ

2044 3854 2251 3909 παίδων
2269 3854 2489 3920 ἀθλίων,
2505 3853 2663 3908 τοῦτο
2687 3855 2936 3926 προΐεται
2958 3870 2972 3884 ·
2997 3852 3234 3923 κάθηται
3257 3851 3314 3904 δὲ
3336 3851 3614 3922 λιμώττων

2046 3947 2312 4016 παγγενεὶ
2334 3947 2425 4000 ἐπί
2443 3947 2541 4018 τῆς
2563 3945 2794 4016 φαιδρᾶς
2821 3947 3032 4017 ἑορτῆς.
3061 3944 3263 4008 Καινὸς
3290 3943 3466 4014 κακῆς
3492 3959 3614 3996 συν-

2045 4039 2234 4112 ηθείας
2287 4040 2482 4112 νόμος,
2561 4039 2753 4111 ἀηδίαν
2805 4038 3188 4109 ὲορτάςεσθαι,
3244 4038 3340 4091 καὶ
3382 4033 3612 4106 ἀπορίαν

2045 4130 2352 4204 ἀνθρώπων
2385 4133 2694 4204 πανήγυριν
2726 4129 3004 4200 λέγεσθαι.

2113 4467 2263 4540 Ᾱῦτη
2295 4469 2329 4539 ἡ
2375 4466 2556 4539 ἡμέρα
2597 4466 2691 4520 καὶ
2727 4466 2856 4529 τοὺς
2883 4465 3112 4537 μικροὺς
3143 4464 3340 4529 παῖδας
3369 4465 3461 4518 καὶ
3491 4466 3619 4535 ἀφε-

364 4558 510 4628 genti
560 4555 909 4624 cupiditatem
969 4569 1034 4608 ac
1093 4553 1334 4607 avaritiae
1385 4552 1622 4607 studium
1660 4552 1930 4620 instillat;

2045 4563 2155 4625 λεῖς
2185 4562 2279 4614 καὶ
2303 4559 2595 4621 ἀπλοῖκοὺς
2655 4557 3027 4628 φιλαργύρους
3061 4553 3201 4610 εἶναι
3229 4555 3490 4620 διδάσκει,
3522 4556 3616 4609 καὶ

362 4651 627 4717 docetque
650 4649 716 4701 ab
749 4662 852 4699 una
881 4645 948 4700 ad
975 4645 1136 4699 aliam
1167 4645 1398 4699 transire
1446 4645 1684 4709 domum,
1716 4659 1778 4698 ac.
1801 4660 1938 4700 novo

361 4756 587 4798 munere
616 4755 772 4809 poma
802 4738 1076 4808 argenteis
1119 4748 1404 4807 compacta
1432 4735 1649 4792 offerre.
1681 4735 1785 4791 Pro
1818 4737 1939 4807 qui—

360 4834 462 4887 bus
491 4831 708 4900 duplum
741 4833 915 4899 ipsum
970 4829 1234 4893 redditur,
1299 4828 1530 4896 indeque
1561 4835 1759 4883 tenera:
1784 4843 1936 4884 men-

361 4931 444 4977 tes
473 4926 538 4975 ad
571 4922 990 4976 nundinatioues
1021 4932 1076 4974 et
1125 4929 1393 4988 quaestum
1423 4917 1736 4973 illiberalem
1771 4919 1938 4974 infor—

364 5016 498 5069 mari
528 5013 810 5082 incipiunt.
845 5011 1043 5068 Sacros
1072 5021 1250 5065 autem
1283 5010 1624 5079 optimosque
1673 5011 1942 5080 agricolas

361 5108 577 5177 quantis
607 5107 721 5160 dies
749 5106 906 5160 malis
937 5104 1130 5159 allicit!
1182 5104 1469 5158 Abstinere
1497 5101 1731 5171 publico,
1763 5103 1943 5157 vicos-

362 5215 468 5272 que
496 5208 550 5252 et
599 5200 803 5268 plateas
863 5199 1014 5252 urbis
1047 5197 1234 5266 fugere
1263 5207 1552 5265 coguntur,
1590 5195 1759 5264 magis
1781 5209 1939 5262 quam

361 5297 496 5352 retia
521 5296 731 5364 lepores
785 5312 798 5348 :
853 5311 976 5349 nam
1011 5295 1054 5347 si
1115 5295 1204 5364 qui
1247 5293 1618 5360 inveniuntur,
1650 5295 1942 5347 verberan-

365 5397 471 5453 tur,
500 5385 890 5442 contumeliose
913 5385 1181 5439 babentur
1204 5401 1220 5450 ;
1247 5387 1288 5440 si
1309 5401 1411 5455 qua
1439 5385 1490 5439 in
1525 5385 1772 5439 manibus
1792 5395 1938 5450 sunt,

367 5478 642 5543 amittunt;
677 5478 729 5531 iu
761 5492 916 5546 pace,
952 5477 1184 5532 hostium
1219 5494 1367 5533 more
1413 5477 1941 5542 incessuntur,‘sub-

362 5578 662 5626 sanuantur
703 5584 824 5622 cum
859 5569 1057 5633 verbis,
1092 5577 1202 5622 ιυιιι
1233 5568 1392 5623 factis
1428 5569 1764 5630 illuduntur;
1801 5569 1940 5636 inju-

365 5662 447 5720 ria
481 5661 628 5718 omni
660 5659 962 5715 adiciuntur
986 5660 1175 5730 optimi
1213 5660 1384 5715 nostri
1422 5660 1728 5729 prophetae,
1785 5660 1941 5715 mali-

370 5755 459 5812 tia:
486 5753 663 5811 omnis
687 5761 937 5823 expertes
993 5752 1330 5820 animantes,
1366 5751 1639 5824 simplices
1661 5751 1755 5809 Dei
1796 5752 1927 5810 ima-

2047 4652 2456 4725 παρασκευάζει
2504 4652 2682 4705 οίκίαν
2721 4651 2972 4722 ἀμείϐειν
3015 4648 3075 4715 ἐξ
3117 4650 3316 4713 οἰκίας,
3349 4651 3443 4704 καὶ
3473 4649 3618 4720 δῶρα

2046 4745 2375 4817 προσφέρειν
2415 4743 2596 4805 καινὰ,
2643 4741 2866 4814 ὀπώρας
2909 4743 3157 4815 ἀργυρίῳ
3203 4743 3616 4815 καθηλωμένας.

2048 4839 2235 4891 Ἔστιν
2271 4836 2327 4890 δὲ
2359 4837 2391 4907 ἡ
2430 4835 2576 4898 δόσις
2611 4833 2708 4888 τοῦ
2751 4833 2938 4887 διπλοῦ
2974 4833 3264 4898 ἀντίδοσις,
3297 4835 3391 4887 καὶ
3427 4834 3487 4886 τὸ
3523 4852 3620 4887 κα-

2047 4931 2276 5002 πηλικὸν
2312 4929 2406 4981 καὶ
2443 4927 2796 5000 ἀνελεύθερον
2839 4926 3086 4981 ἐντεῦθεν
3127 4926 3351 4997 ἄρχεται
3396 4927 3617 4993 ἁπαλοῖς

2044 5024 2158 5084 τοῖς
2197 5023 2540 5091 φρονήμασιν
2579 5019 2944 5074 ὲντυποῦσθαι
2969 5018 3078 5073 τῶν
3105 5017 3260 5073 νέων.
3289 5018 3426 5081 Τοὺς
3449 5018 3504 5071 δὲ
3547 5019 3620 5071 ἱε-

2047 5113 2173 5183 ροὺς
2213 5111 2308 5164 καὶ
2343 5110 2652 5180 βελτίστους
2684 5113 2982 5183 γεωργοὺς,
3027 5106 3114 5164 οἷα
3143 5110 3440 5180 διατίθησιν
3481 5109 3616 5183 αῦτη

2045 5206 2078 5275 ή
2105 5203 2212 5274 ημέ
2225 5203 2318 5275 9a!
2345 5204 2588 5274 Φευκτὴν
2607 5205 2789 5267 αὐτοῖς
2815 5204 2907 5256 καὶ
2929 5203 3129 5255 ἄϐατον
3152 5201 3248 5272 τὴν
3278 5202 3429 5254 πόλιν
3458 5205 3618 5274 ἐργά-

2045 5296 2230 5360 ζεται·
2263 5296 2356 5348 καὶ
2388 5296 2587 5367 μᾶλλον
2630 5296 2801 5365 αὐτὴν
2842 5293 3348 5365 ἀποδιδράσκουσιν,
3383 5293 3415 5364 ἦ
3447 5295 3494 5347 οἱ
3521 5295 3617 5347 λα-

2045 5390 2178 5459 γωοὶ
2205 5389 2273 5442 τὰ
2306 5389 2514 5442 δίκτυα.
2546 5391 2606 5441 Οί
2646 5387 2754 5459 γὰρ
2786 5385 3164 5458 εὑρισκόμενοι
3247 5385 3614 5454 μαστίζονται,

2050 5481 2454 5554 παροινοῦνται,
2492 5480 2852 5534 ἀπολλύουσιν
2896 5477 2962 5530 τὰ
2997 5480 3053 5530 ὲν
3097 5475 3307 5548 χερσὶν,
3343 5478 3399 5529 ὲν
3431 5480 3617 5552 εἰρήνῃ

2050 5573 2449 5644 πολεμοῦνται,
2492 5569 2968 5641 ἐπιχλευάζονται,
3017 5567 3406 5639 κωμῳδοῦνται
3448 5568 3618 5638 λόγοις

2049 5666 2144 5720 καὶ
2201 5665 2414 5736 ἔργοιςο
2467 5662 2800 5733 πληροῦνται
2849 5663 2947 5733 τῆς
2996 5661 3205 5734 ὕϐρεως
3254 5661 3304 5711 οἱ
3361 5660 3615 5728 βέλτιστοι

2046 5759 2202 5832 ἡμῶν
2241 5757 2538 5831 προφῆται,
2584 5755 2651 5811 τὰ
2689 5756 2938 5828 ἁπόνηρα
2979 5755 3115 5820 ζῶα,
3152 5753 3207 5806 αἱ
3237 5750 3493 5807 ἁπλοῖκαὶ
3525 5755 3613 5806 τοῦ
