3820 6302
145 324 234 385 221
986 330 1266 389 HOMILIA
1296 331 1387 390 IV.
1422 330 1800 391 ADVERSUS
1839 335 2318 396 KALENDARUM
2351 336 2656 397 FESTUM.

145 442 182 494 Θ
208 440 264 494 ού
284 439 524 508 εἰκόνες,
554 444 601 498 οί
630 444 689 496 ἐν
723 441 1010 518 ἐλευθερίᾳ
1041 448 1226 501 πιστοὶ
1253 447 1431 503 δοῦλοι
1462 452 1563 522 τῆς
1584 451 1714 520 ήμε-

1824 453 2004 523 gines,
2035 454 2123 511 lidi
2160 457 2212 511 in
2246 455 2496 511 libertate
2523 456 2651 511 vitae
2698 462 2896 511 nostra
2930 454 3075 511 servi
3101 469 3166 511 ac
3194 454 3401 514 famuli.

144 535 288 607 τέρας
311 530 488 603 ζωῆς.
523 532 713 597 Οὕτως
739 534 842 605 μὲν
870 530 965 588 οὖν
991 537 1039 589 οί
1073 538 1132 589 ὲν
1160 537 1323 605 τέλει,
1349 537 1522 602 οὕτως
1548 538 1718 611 πένη-

142 644 237 691 τες,
262 625 438 689 οὕτως
476 626 690 691 παιδία,
731 626 905 692 οὕτως
936 628 1208 701 ἄγροικοι.
1243 630 1307 684 οι
1347 619 1589 703 μὲνγὰρ
1624 648 1720 702 μο-

143 716 358 789 χθοῦσῑν,
390 718 444 770 οἱ
488 717 554 771 δὲ
587 717 973 788 γογγύζουσιν,
1001 722 1049 774 οί
1092 721 1150 775 δὲ
1183 720 1547 794 μανθάνουσιν
1575 721 1612 777 ἀ
1641 722 1717 795 μὴ

144 809 316 862 εἰδέναι
342 808 544 863 καλόν.

200 898 543 971 Σκεψώμεθα
588 900 646 954 δὲ
686 900 838 965 ὅπως
887 901 985 956 καὶ
1026 904 1075 957 οί
1116 900 1332 958 ἔνοπλοι
1383 902 1717 977 στρατιῶται

142 994 271 1062 παρὰ
294 992 509 1064 ταύτης
548 992 885 1062 ὠφελοῦνται
918 994 1016 1064 τῆς
1048 995 1269 1067 ἑορτῆς.
1333 997 1430 1061 Ei;
1459 997 1718 1069 χρήματα

141 1084 469 1157 ζημιοῦνται,
499 1085 598 1139 καὶ
621 1084 743 1150 ἑνὸς
767 1084 1129 1157 ὲκπτώματος
1160 1087 1351 1158 μισθὸν
1375 1088 1718 1160 προσφέρουέ-

142 1194 212 1231 σιν
246 1176 333 1229 τὸν
384 1178 747 1249 ἐπισιτισμὸν
776 1177 871 1231 τοῦ
919 1177 1178 1249 πολέμου.
1224 1180 1317 1243 Ei;
1357 1180 1593 1253 τρόπους
1622 1179 1718 1234 καὶ

141 1268 229 1340 ἢθη
255 1267 616 1340 βλάπτονται.
642 1270 994 1325 Μανθάνουσι
1026 1270 1136 1343 γὰρ
1163 1271 1569 1345 ἀνελευθερίαν,
1595 1274 1717 1327 ὲπι-

141 1362 432 1433 τηδεύματα
474 1362 795 1434 σκηνικῶν,
831 1362 1050 1417 ἔκλυσιν
1086 1362 1183 1416 καὶ
1228 1363 1502 1435 μαλακίαν
1542 1363 1711 1434 ἠθῶν,

142 1453 337 1508 παιδιάν
362 1454 519 1509 κατά
540 1454 653 1510 τῶν
676 1454 884 1527 νόμων,
912 1455 1006 1509 καὶ
1030 1455 1131 1528 τῆς
1156 1456 1352 1528 ἀρχῆς,
1375 1451 1444 1528 ἧς
1478 1454 1712 1528 ἐτάχθη-

143 1562 225 1599 σαν
251 1545 522 1614 φύλακες.
552 1546 666 1618 Τὴν
699 1544 810 1619 γὰρ
849 1546 1115 1618 μεγίστην
1153 1545 1328 1617 ἀρχὴν
1360 1545 1714 1617 κωμῳδοῦσιν

140 1635 217 1687 καὶ
241 1634 621 1706 διασύρουσιν,
656 1634 814 1707 ἅρμα
847 1635 924 1700 ὡς
951 1634 1046 1689 ἐπὶ
1074 1634 1282 1707 σκηνῆς
1308 1633 1711 1700 ἀναδαίνοντες,

142 1725 221 1779 καὶ
255 1725 598 1797 δορυφόρους
639 1725 1060 1798 πεπλασμένους
1102 1724 1570 1798 χειροτονοῦντες,
1616 1726 1715 1781 καὶ

1828 544 1924 601 Sic
1953 546 2121 618 igitur
2150 548 2402 603 homines
2420 547 2684 617 dignitate
2715 556 3061 616 praestantes,
3094 548 3175 603 sic
3205 563 3407 618 paupe-

1828 634 1937 701 res,
1970 638 2051 694 sic
2077 639 2231 707 pueri
2257 676 2272 702 ,
2300 640 2380 694 sic
2419 637 2642 693 rustici:
2696 639 2786 693 alii
2823 648 3115 707 vexantur,
3136 638 3228 694 alii
3256 656 3406 695 mun

1825 737 2066 794 murant,
2104 729 2324 784 discunt
2349 728 2439 784 alii
2472 744 2594 799 qua:
2620 729 2832 784 nescire
2860 736 3162 799 praestaret.

1898 903 2194 961 Videamus
2219 902 2333 974 jam
2371 904 2502 975 quid
2542 906 2770 965 merenti
2811 905 2864 961 in
2924 906 3091 961 armis
3113 905 3266 961 militi
3302 905 3407 962 hoc

1825 996 2021 1051 festum
2053 997 2243 1067 prosit.
2285 995 2577 1052 Pecuniam
2609 998 2887 1062 amittunt,
2941 998 3207 1068 uniusque
3248 998 3407 1053 luxa-

1826 1086 1988 1140 tionis
2052 1084 2355 1141 mercedem
2378 1124 2397 1152 ,
2440 1084 2691 1140 militaria
2724 1101 2820 1140 sua
2843 1086 3108 1154 stipendia
3134 1084 3402 1141 tribuunt.

1830 1174 2128 1231 Laeduntur
2161 1191 2340 1232 mores
2388 1191 2454 1233 ac
2508 1176 2816 1246 disciplina.
2868 1177 3201 1233 Condiscunt
3255 1178 3401 1231 enim

1821 1268 2035 1333 sordes,
2100 1268 2420 1325 inhonestas
2481 1270 2824 1325 scenicorum
2885 1278 3033 1323 artes
3074 1283 3139 1322 ac
3199 1268 3398 1333 studia,

1822 1356 2097 1413 mollitiem
2120 1372 2183 1412 ac
2208 1373 2419 1413 morum
2441 1358 2876 1427 dissolutionem,
2900 1358 3057 1414 ludos
3076 1358 3306 1427 denique
3324 1357 3404 1412 le-

1821 1446 1977 1517 gibus
2004 1448 2380 1515 adversantes,
2411 1464 2475 1504 ac
2497 1449 2745 1520 imperio,
2773 1449 2927 1520 cujus
2962 1458 3091 1506 sunt
3121 1449 3402 1505 constituti

1823 1540 2097 1596 custodes.
2132 1539 2291 1595 Velut
2318 1524 2466 1595 enim
2515 1542 2566 1595 in
2602 1554 2763 1596 scena
2796 1555 3095 1595 conscenso
3121 1555 3305 1606 curru,
3335 1554 3405 1594 ac

1820 1633 2027 1689 ﬂctitiis
2081 1634 2282 1689 creatis
2336 1631 2679 1700 satellitibus,
2741 1629 3013 1701 majestati
3046 1630 3300 1703 ‘illudunt
3337 1645 3404 1687 ac

1823 1727 2139 1794 detrahunt,
2192 1739 2367 1796 eaque
2429 1726 2608 1795 palam
2663 1740 2727 1781 ac
2783 1723 2995 1795 publice
3027 1723 3251 1792 agitant,
3284 1737 3405 1792 quae

139 1816 349 1889 δημοσίᾳ
380 1818 680 1882 ποιοῦντες
728 1819 800 1871 τὰ
829 1818 940 1873 τῶν
979 1817 1333 1892 ἐξυρημένων
1362 1818 1499 1891 πρὸς
1532 1818 1714 1872 κόνδυ-

1823 1819 2183 1913 propria/{uitii
2209 1818 2511 1874 mimorum
2540 1833 2605 1874 ac
2637 1817 2962 1913 histrionum
3012 1814 3148 1888 (29).
3184 1816 3292 1872 Sed
3312 1814 3404 1913 illa

141 1909 233 1964 λον.
255 1910 361 1964 Καὶ
380 1908 549 1964 ταῦτ’
576 1909 725 1965 ἔστιν
753 1911 854 1981 τῆς
881 1911 1161 1983 πομπείας
1182 1909 1253 1964 τά
1279 1910 1601 1983 σεμνότερα.
1634 1908 1717 1964 Τά

138 1998 329 2054 rem
360 2000 488 2065 πῶς
532 1999 602 2055 ἀν
634 2017 723 2065 τις
760 2001 934 2067 εἴποις
976 2001 1069 2071 Μὴ
1117 2000 1214 2054 καὶ
1265 2000 1718 2072 ὲκκαλυψάμενος

143 2091 495 2161 γυναικξζεται
542 2096 573 2148 ὁ
605 2093 884 2167 ἀριστεὺς,
925 2096 954 2148 ὁ
981 2093 1075 2147 τδν
1115 2093 1285 2165 θυμὸν
1330 2083 1650 2165 λεὸντώδης,
1687 2092 1718 2146 ὁ

142 2186 263 2255 μετά
312 2187 413 2259 τὴν
454 2186 683 2241 ὅπλισιν
730 2185 1013 2258 θαυματὸς
1051 2186 1285 2259 ὀφθῆναι
1320 2190 1437 2251 τοῖς
1474 2185 1716 2250 οἰκείοις,

144 2279 222 2333 καὶ
260 2279 491 2350 φοὸερδς
554 2282 674 2345 τοῖς
714 2278 1006 2343 ἐναντίοις·
1041 2280 1136 2333 καὶ
1188 2279 1283 2334 τὸν
1317 2278 1522 2352 χιτῶνα
1557 2278 1718 2352 μέχρι

141 2372 233 2426 τῶν
257 2374 478 2447 σφυρῶν
501 2372 728 2446 ἀφίησι,
750 2374 980 2438 καὶτοῖς
1004 2374 1248 2445 στέρνοις
1269 2373 1600 2446 περιελίττει
1619 2365 1718 2445 τὴν

147 2464 316 2539 ζώνην,
358 2467 457 2521 καὶ
497 2466 814 2539 ὑποδήματι
844 2467 1115 2539 κέχρηται
1142 2466 1458 2539 γυναικείῳ,
1491 2467 1588 2520 καὶ¹
1624 2465 1717 2521 τὸν

145 2559 394 2631 κρώδυλον
444 2558 762 2615 ἐπιτίθεται
807 2561 874 2631 τῇ
925 2552 1221 2630 κεφαλῇ,ᾖ
1266 2556 1482 2626 γυναιξὶ
1522 2557 1714 2628 νόμος·

146 2652 224 2704 καὶ
243 2652 389 2724 φέρει
411 2653 519 2725 τὴν
542 2651 825 2723 ἠλακάτην
853 2650 1002 2722 ἐρίου
1032 2649 1332 2721 γέμουσαν,
1361 2650 1456 2703 καὶ
1476 2652 1543 2722 τῇ
1566 2646 1720 2722 δεξιᾷ

146 2740 269 2811 νῆμα
296 2743 556 2812 κατάγει,
586 2744 653 2814 τῇ
679 2757 809 2795 ποτε
837 2738 1080 2812 φερούσῃ
1101 2739 1162 2792 τὸ
1185 2740 1447 2810 τρόπαιον
1466 2755 1481 2769 ·
1511 2738 1717 2795 καὶτὸν

145 2834 270 2888 τόνον
295 2836 392 2907 τῆς
419 2835 609 2907 ψυχῆς
640 2828 1005 2898 ἐναλλάττων,
1040 2833 1101 2886 τὸ
1127 2831 1383 2904 ὀξύτερον
1411 2832 1504 2887 καὶ
1527 2848 1719 2902 γυναι-

148 2925 290 2991 κῶδες
308 2928 615 2998 φθέγγεται
634 2944 649 2992 ;
667 2925 855 2980 Ταῦτα
878 2925 981 2996 τῆς
996 2922 1357 2995 πανηγύρεως
1373 2924 1443 2978 τά
1461 2924 1679 2998 χρηστά
1695 2939 1711 2954 ’

148 3020 291 3075 ταῦτα
312 3022 413 3093 τῆς
437 3021 732 3094 πανδήμου
759 3021 951 3094 ἑορτῆς
973 3020 1043 3074 τὰ
1072 3019 1422 3092 συμφέροντα
1446 3018 1711 3091 σήμερον.

1822 1921 1997 1967 tamen
2327 1910 2664 1982 augustiora.
2721 1907 2924 1965 Caetera
2984 1909 3107 1979 quis
3156 1905 3407 1964 enarret!

1819 2001 2010 2058 Nonne
2045 1986 2304 2070 nudatus,
2330 2002 2381 2057 iu
2442 2003 2791 2057 meretricum
2844 2016 2910 2056 ac
2938 1999 3266 2055 feminarum
3297 2012 3409 2053 mo-

1820 2108 1933 2149 rem
1959 2093 2162 2148 vnltum
2183 2092 2534 2162 habitumque
2550 2091 2847 2162 componit,
2867 2091 2958 2147 ille
2980 2101 3257 2154 strenuus.
3287 2088 3404 2145 leo-

1819 2184 1935 2240 nini
1991 2182 2082 2240 ille
2116 2183 2350 2254 pectoris
2412 2196 2476 2235 ac
2507 2181 2743 2248 roboris,
2801 2179 2890 2237 ille
2946 2181 2999 2236 in
3054 2180 3246 2246 armis,
3278 2193 3402 2234 cum

1819 2275 1933 2331 suis
1955 2284 2176 2346 aspectu
2206 2273 2490 2338 mirabilis,
2519 2283 2632 2328 tum
2653 2272 3016 2328 formidabilis
3042 2272 3286 2327 hostibus
3304 2286 3321 2336 ;
3339 2285 3404 2327 ac

1822 2367 1893 2422 ad
1935 2366 2073 2421 talos
2101 2379 2277 2437 uSque
2339 2366 2578 2420 tunicam
2632 2363 2891 2431 demittit,
2938 2378 3132 2419 zonam
3194 2361 3402 2434 pectori

1822 2454 2229 2522 circumvolvit,
2249 2454 2619 2539 calceamenta
2642 2452 2926 2509 muliebria
2949 2453 3138 2519 sumit,
3169 2462 3226 2508 et
3253 2465 3404 2507 more

1819 2549 2171 2615 feminarum,
2240 2548 2404 2618 capiti
2447 2545 2727 2618 crohylum
2758 2560 2825 2601 ac
2875 2545 3096 2618 plexura
3132 2545 3401 2611 imponit;

1819 2646 1973 2717 quin.
1994 2645 2159 2702 etiam
2199 2643 2322 2699 lana
2372 2639 2610 2725 ’plenam
2635 2640 2813 2697 colum
2841 2649 3041 2713 gestat,
3084 2654 3151 2694 ac
3180 2640 3402 2694 dextera

1820 2737 1967 2792 filum
2017 2737 2188 2802 ducit,
2234 2752 2340 2808 qua
2371 2746 2629 2807 tropaaum
2661 2742 2788 2790 ante
2818 2733 2974 2801 tulit;
3010 2732 3284 2801 animique
3320 2740 3405 2787 te-

1822 2843 2011 2885 norem
2045 2830 2367 2894 immutans,
2411 2830 2461 2883 in
2512 2829 2810 2884 acutiorem
2837 2843 2902 2883 ac
2942 2826 3256 2882 muliebrem
3315 2839 3407 2881 so-

1820 2937 1950 2978 num
1980 2937 2166 2978 vocem
2202 2921 2499 2976 extenuat?
2560 2921 2653 2976 llas
2676 2920 3011 2977 celebritatis
3045 2920 3210 2985 hujus
3247 2917 3400 2972 utili-

1825 3025 1993 3083 tates,
2024 3015 2141 3070 haec
2166 3014 2418 3071 hodierni
2450 3013 2667 3084 publico
2692 3024 2962 3069 conventu
2990 3012 3136 3079 festi,
3163 3025 3405 3068 commo—

1823 3113 1888 3167 da
1917 3126 1981 3165 ac
1998 3110 2233 3166 fructus.

203 3200 298 3253 Καὶ
332 3201 381 3255 οἱ
420 3202 528 3275 τῆς
554 3202 801 3274 κορυφῆς
829 3200 936 3254 τῶν
968 3200 1297 3271 ἀξιωμάτων
1340 3197 1714 3272 ἀνθρωπικῶν

1891 3202 2031 3270 Quin
2061 3212 2116 3258 et
2146 3201 2421 3266 consules,
2481 3201 2667 3273 inclyti
2708 3199 2808 3264 illi,
2834 3213 2900 3255 ac
2928 3200 2995 3254 ad
3040 3199 3402 3255 humanarum

149 3289 425 3359 ἐπιϐάντες,
461 3296 516 3347 οἱ
550 3293 979 3365 πολυθρύλλητοι
1029 3292 1248 3354 ὕπατοι,
1280 3295 1347 3364 τῇ
1386 3291 1710 3364 ματαίοτητι

148 3380 393 3437 δαπανῶσι
432 3385 532 3439 τὸν
566 3384 830 3447 πλοῦτον,
888 3385 1097 3454 σωροὺς
1148 3381 1451 3454 χρημάτων
1486 3379 1716 3452 σκορπί-

151 3471 325 3538 (meq,
352 3476 431 3539 είς
460 3475 751 3546 ἀκαρπίαν
771 3473 1143 3545 δικαιοσύνης,
1175 3473 1269 3527 καὶ
1305 3471 1512 3545 καρπὸν
1536 3472 1717 3544 ἁμαρ⁴

149 3561 275 3625 τίως’
295 3558 365 3631 ὧν
384 3566 647 3621 τοσοῦτον
678 3565 1042 3638 περιφανὴςή
1079 3564 1358 3637 ἀφροσύνη
1384 3605 1398 3629 ,
1428 3565 1551 3619 ὅσον
1584 3564 1719 3635 ὑψη-

152 3650 225 3716 m;
254 3657 280 3708 ὁ
308 3653 514 3727 θρόνος.
558 3654 784 3720 Πολλοῖς
820 3655 931 3729 γάρ
954 3655 1323 3727 ἀνθρωπικοῖς
1350 3654 1718 3725 ὲμϐατεύσαν-

152 3760 225 3808 τες
265 3734 488 3818 θρόνοις.
527 3748 626 3803 καὶ
668 3747 769 3810 τὰς
804 3746 1066 3819 μεγίστας
1096 3747 1195 3819 τῆς
1221 3746 1498 3818 βασιλείας
1539 3744 1717 3818 ἀρχὰς

153 3837 517 3912 διοικήσαντες,
569 3841 940 3913 λαμϐάνουσιν
974 3841 1211 3910 ἀφειδῶς
1248 3841 1358 3894 ἀπὸ
1414 3841 1598 3911 πάσης
1647 3839 1717 3895 τά

154 3932 377 3989 πλεῖστα·
411 3939 461 3990 οί
503 3935 606 4008 μὲν
634 3937 882 4007 πενήτων
914 3933 1269 4005 στρατιωτῶν
1300 3932 1364 3986 τὸ
1408 3932 1717 4004 σιτηρέσιον

157 4027 605 4099 σφετερισάμενοι,
641 4027 792 4081 ἀλλοι
830 4026 894 4083 τὸ
936 4026 1145 4080 δίκαιον
1180 4025 1276 4080 καὶ
1316 4025 1415 4097 τὴν
1457 4025 1717 4096 ἀλήθειαν

156 4115 386 4183 πολλάκις
413 4118 799 4190 πωλήσαντες,
846 4117 942 4171 καὶ
980 4116 1089 4171 τῶν
1128 4115 1423 4186 βασιλικῶν
1451 4116 1717 4188 ταμιείων

154 4204 301 4279 ἕτεροι
334 4190 544 4281 ἀφατον
584 4209 1011 4283 ὲξαντλήσαντες
1049 4208 1301 4274 πλοῦτον,
1338 4209 1434 4263 καὶ
1465 4208 1536 4262 τά
1575 4226 1716 4265 παν-

153 4300 347 4371 ταχόθεν
378 4303 691 4367 σπουδαίως
738 4301 1095 4376 ἀθροίσαντες
1115 4316 1130 4332 ο
1178 4302 1500 4372 φεισάμενοι
1533 4299 1613 4355 δὲ’
1627 4300 1720 4354 ού-

154 4389 275 4460 δενδς
322 4395 637 4469 λήμματος,
688 4396 789 4449 οὐκ
845 4390 1149 4468 ἀπρεπῶς,
1202 4394 1304 4447 οὐκ
1353 4393 1579 4448 ἀδίκου’
1624 4394 1719 4448 καὶ

156 4481 264 4538 Θεὸν
290 4469 687 4561 παροξῗόνοντες
711 4486 1090 4559 προκάθηνται
1118 4484 1235 4551 νῦν,
1264 4486 1359 4540 καὶ
1390 4486 1507 4558 μετ’
1532 4485 1715 4556 ὀλίγον

155 4576 357 4649 ἡνιόχοις
381 4582 705 4656 μερίζοντες
728 4579 819 4633 τὸν
849 4579 1082 4651 χρυσὸν,
1116 4579 1213 4633 καὶ
1245 4579 1512 4651 αὐληταῖς
1546 4596 1713 4632 κακοσ
1745 4564 1790 4620 Ῑ)

155 4666 358 4741 δαίμοσι,
386 4676 485 4729 καὶ
514 4674 727 4746 μίμοις,
753 4674 846 4727 καὶ
873 4673 1191 4745 ὀρχησταῖς,
1218 4672 1314 4726 καὶ
1340 4670 1711 4742 ἀνδρογύνοις,

154 4763 232 4819 καὶ
250 4768 449 4835 γυναιξὶ
476 4768 727 4840 πόρναις,
753 4766 911 4821 ὤνιον
940 4766 1310 4837 παρεχούσαις
1337 4764 1417 4835 τῷ
1444 4764 1627 4836 δημίῳ
1652 4763 1715 4817 τὸ

159 4856 324 4928 σῶμ’
354 4862 444 4915 καὶ
490 4856 649 4925 αὖθις
688 4858 1046 4931 θηριομάχοις
1089 4859 1308 4929 μιαροῖς
1351 4856 1447 4911 καὶ
1500 4854 1718 4909 ἀνελπί-

159 4960 294 5014 στοις,
321 4954 409 5007 καὶ
437 4953 628 5016 αὐτοῖς
652 4955 766 5016 τοῖς
788 4950 1017 5022 θηρίοις.
1050 4949 1324 5022 Πρόδηλον
1348 4947 1482 5019 γὰρ,
1518 4947 1596 5012 ὡς
1619 4946 1716 5001 καὶ

158 5038 213 5090 τὰ
247 5040 393 5115 θηρία
432 5044 634 5120 τρέφει
664 5043 866 5117 χρυσός
887 5060 901 5074 ο
929 5045 1043 5105 τοῖς
1088 5042 1184 5113 μὲν
1217 5042 1284 5095 τὰ
1314 5041 1477 5115 κρέα,
1513 5042 1627 5103 τοῖς
1656 5040 1713 5093 δὲ

161 5129 240 5201 τὴν
275 5136 444 5206 μάζαν
501 5135 835 5201 ὠνούμενος.
890 5133 1080 5189 Ταῦτα
1120 5135 1188 5205 δὲ⁸
1215 5136 1394 5190 πάντα
1430 5136 1712 5208 προΐενται

217 5314 462 5386 [29)Quat
504 5318 723 5386 propria
776 5319 879 5374 sint
936 5318 1216 5372 mimorum
1262 5334 1324 5371 ac
1369 5318 1706 5377 histrionum.

164 5379 648 5475 ,ἐξυρημένων
680 5388 832 5475 Δπρὸς
866 5387 1151 5475 κόνδυλον
1181 5388 1287 5454 Qui
1309 5391 1430 5471 fasi
1474 5398 1598 5442 sunt
1636 5390 1706 5441 ad

166 5458 294 5523 rigui
331 5458 504 5514 interii.
540 5458 767 5514 Videtur
797 5475 893 5515 eos
938 5458 1201 5523 iudicare,
1233 5461 1321 5527 qui
1374 5461 1426 5511 in
1474 5472 1705 5528 gratiam

167 5525 355 5599 alterum
397 5532 610 5585 abrasis
661 5531 787 5599 pilis
842 5546 964 5586 sese
1017 5532 1212 5584 ictibus
1262 5530 1609 5597 01»]ἱ‹“ἱρὶ›ειιιι,
1644 5530 1710 5583 de

170 5596 328 5660 quibus
352 5603 512 5655 etiam
547 5596 747 5656 auctor
788 5601 1024 5655 homilia':
1055 5599 1197 5669 Περὶ
1234 5596 1573 5662 πολιτείας,
1611 5613 1709 5652 nu-

170 5676 245 5743 li"
267 5683 293 5721 ³
317 5672 462 5727 lIObis
494 5672 722 5743 nomine
752 5671 1128 5743 Chrysostmni
1164 5673 1343 5726 editae.
1400 5671 1552 5736 Quod
1590 5678 1705 5743 sta-

171 5738 245 5812 l'tln
270 5743 532 5815 sequitur;
566 5742 645 5814 μὴ
682 5741 778 5795 καὶ
809 5738 1295 5815 ἐπικαλυψάμενος·
1330 5743 1599 5811 interpres
1628 5738 1707 5815 lc;-

171 5808 248 5872 είι,
270 5808 734 5886 ἐγκαλυψάμενος·
774 5814 871 5871 sed
904 5829 1009 5871 non
1033 5808 1217 5871 'au'sim
1248 5808 1511 5869 mutare':
1538 5809 1708 5881 possit

1819 3295 2142 3362 dignitatum
2168 3293 2444 3362 fastigium
2468 3293 2664 3357 evecti,
2696 3291 2842 3346 inani
2862 3289 3174 3359 prolusione
3195 3287 3406 3357 sparsis

1816 3402 2160 3443 nummorum
2222 3386 2496 3452 cumulis,
2554 3400 2686 3454 opes
2758 3382 3134 3448 exhauriunt,
3178 3381 3377 3438 nedum

1820 3476 1964 3532 nullo
1993 3476 2218 3545 justitia:
2278 3475 2481 3539 fructu,
2517 3490 2704 3531 verum
2741 3473 2907 3529 etiam
2976 3488 3100 3527 cum
3135 3481 3399 3541 peccato:

1817 3584 2047 3638 quorum
2078 3583 2240 3638 quam
2269 3567 2517 3623 sublimis
2549 3567 2801 3632 thronus,
2828 3574 2935 3620 tam
2955 3564 3219 3635 insignem
3251 3564 3404 3619 dicas

1818 3661 2165 3717 dementiam.
2196 3659 2391 3715 Multus
2441 3660 2585 3714 enim
2628 3657 2980 3728 magistratus
3023 3665 3401 3726 capessentes,

1818 3767 1882 3820 ac
1942 3750 2309 3823 amplissimas
2399 3750 2611 3822 imperii
2662 3748 2975 3805 obtinentes
3021 3748 3402 3819 praefecturas,

1817 3860 1978 3915 quam
2010 3844 2269 3914 plurimas
2320 3858 2450 3914 opes
2499 3857 2567 3898 ex
2612 3858 2672 3899 ne
2725 3842 2967 3914 qualibet
2991 3850 3404 3897 exstrueresw-

1820 3940 1951 3992 dent
1986 3935 2115 3991 :alii
2147 3937 2366 4007 quidem
2417 3950 2710 4006 pauperum
2758 3935 2988 3991 militum
3043 3934 3311 4006 stipendia
3347 3934 3402 3990 in

1823 4043 1978 4085 suam
2000 4043 2111 4083 rem
2138 4036 2443 4093 vertentes;
2481 4026 2572 4082 alii
2603 4027 2695 4098 jus
2726 4040 3024 4097 verumque
3076 4026 3220 4081 haud
3257 4039 3403 4090 raro,

1820 4120 1997 4191 pretio
2027 4122 2374 4186 addicentes;
2401 4119 2494 4173 alii
2522 4120 2813 4176 thesauros
2846 4110 3145 4190 gazamque
3199 4118 3403 4186 regiam

1821 4213 2090 4269 immenso
2124 4227 2233 4267 aere
2267 4211 2671 4283 depeculantes,
2702 4226 2766 4266 ac
2809 4211 2993 4265 omnia
3018 4210 3258 4280 undique
3288 4220 3406 4264 stu-

1821 4306 1912 4361 dio
1942 4315 2372 4368 coacervantes,
2397 4305 2566 4369 nullo,
2597 4304 2683 4359 vel
2715 4302 2929 4369 infami,
2969 4303 3054 4357 vel
3088 4303 3275 4373 iniquo
3306 4316 3404 4356 ne-

1820 4396 1997 4469 glecto
2054 4397 2244 4462 lucro,
2319 4397 2673 4467 divinumque
2732 4395 3124 4451 exacerbantes
3176 4407 3403 4454 numen,

1822 4510 1968 4550 nunc
1999 4493 2315 4566 praesident,
2347 4509 2411 4549 ac
2446 4493 2596 4549 brevi
2631 4502 2758 4564 post
2787 4492 2840 4547 in
2874 4491 3117 4560 aurigas,
3142 4489 3403 4543 miseros-

1819 4600 1926 4657 que
1984 4586 2273 4650 tibicines,
2331 4584 2549 4650 mimos,
2598 4584 2918 4647 saltatores,
2968 4581 3263 4651 spadones.
3295 4580 3405 4631 vim

1820 4679 1939 4734 auri
1974 4688 2296 4749 congestam
2333 4673 2706 4730 distribuunt:
2758 4689 2860 4730 nec
2890 4688 2998 4729 non
3030 4673 3083 4727 in
3113 4669 3405 4725 muliercu-

1820 4770 1997 4826 larum
2034 4769 2320 4839 propudia,
2360 4767 2450 4822 vili
2482 4767 2682 4846 cuique
2715 4781 2779 4821 ac
2807 4765 3020 4836 plebeio
3050 4762 3107 4817 in
3140 4775 3260 4816 rem
3290 4769 3404 4813 tur-

1821 4876 1945 4932 pem
1972 4858 2183 4915 venalia
2221 4876 2236 4913 :
2298 4870 2624 4927 rursumque
2671 4856 2727 4911 in
2768 4851 3187 4910 scelestissimos
3219 4846 3404 4918 proﬂi-

1822 4951 2240 5021 gatissimosque
2272 4949 2635 5018 gladiatores,
2701 4947 2958 5015 ipsasque
3003 4943 3142 4996 adeo
3174 4938 3402 4995 belluas.

1823 5039 2016 5113 Liquet
2046 5040 2191 5095 enim
2220 5040 2382 5094 etiam
2409 5039 2476 5094 iis
2510 5036 2720 5092 alendis
2744 5049 2880 5104 opus
2899 5041 3404 5101 auro,sumptuque

1818 5134 1873 5189 in
1915 5148 2107 5189 carnes
2159 5141 2252 5187 aut
2304 5146 2535 5187 mazam.
2575 5130 2649 5186 Ea
2684 5141 2848 5200 porro
2913 5125 3114 5192 omnia,
3165 5138 3229 5180 ea
3267 5124 3404 5178 dun-

1816 5318 1962 5373 enim
2001 5317 2225 5388 intelligi
2271 5315 2426 5388 miles
2460 5312 2723 5388 ejusmodi
2763 5309 3235 5388 ἐκκαλύπτεσθαι,
3275 5309 3402 5388 quia

1816 5390 2155 5460 chlamydem
2176 5379 2258 5441 ‘ac
2299 5379 2552 5460 militaria
2588 5385 3049 5460 alia_ornamenta.
3081 5387 3244 5460 exuat
3273 5379 3404 5460 :_vel

1816 5462 1979 5531 etiam
2001 5450 2142 5531 'qnia
2180 5457 2488 5531 meretricia
2523 5456 2669 5531 velut
2700 5453 2877 5531 fronte
2931 5468 2992 5531 ac
3038 5450 3401 5531 impudenter,

1817 5521 2072 5584 feminam
2103 5528 2396 5588 induendo,
2429 5540 2572 5596 agat.
2609 5526 2686 5578 Ac
2706 5538 2806 5596 nec
2839 5523 3051 5596 femina!
3086 5521 3227 5596 domi
3260 5521 3403 5573 lani-

1818 5601 1939 5654 ﬁcio
1975 5601 2195 5653 intenta:
2220 5614 2282 5653 os
2310 5592 2515 5664 velan‘t,
2551 5596 2692 5665 quod
2733 5594 3011 5648 Rubenius
3046 5592 3220 5647 reddit
3274 5604 3401 5665 eam

1815 5684 2196 5797 vocemnquas
2227 5661 2749 5738 Asterius'agentes
2796 5665 2997 5721 milites
3033 5677 3159 5721 cum
3206 5661 3403 5734 primis

1815 5756 1966 5797 exam
1993 5757 2023 5796 a
2055 5778 2072 5796 .
2151 5754 2160 5766 ε

1814 5754 2072 5815 exagitat.
2151 5754 2160 5766 ·
