3820 6378
321 381 429 438 223

1637 384 1695 439 S.
1739 379 2016 440 ASTERII
2056 378 2360 437 AMASENI

3471 375 3600 428 224

329 505 477 550 taxat
507 495 736 561 ratione,
781 505 1039 567 promunt
1084 496 1505 567 prodigiumque,
1561 506 1620 550 ut
1667 497 1902 564 ipsorum

2032 499 2151 566 map
2181 497 2307 566 μιᾶς
2339 493 2591 565 σπουδῆς,
2635 493 2718 546 ἵνα
2748 491 2814 546 τά
2842 492 3081 563 ὀνόματα
3119 489 3294 545 αὐτῶν
3314 490 3421 544 τῶν
3454 507 3599 544 συν-

325 589 543 642 nomina
580 588 953 644 contractibus
983 602 1045 642 ac
1091 587 1402 655 diplomatis
1457 587 1896 655 przescribantur.

323 679 368 734 0
400 680 719 734 stultitiam!
750 695 784 734 ο
822 681 1117 734 caecitatem
1153 681 1165 732 !
1208 677 1496 732 Pollicetur
1519 677 1660 732 Deus
1687 692 1899 740 eorum,

251 834 262 845 ο
323 772 417 840 qui
457 773 508 824 in
537 787 829 841 pauperum
885 771 1035 824 cibos
1081 783 1176 822 sua
1204 777 1449 836 erogant,
1481 768 1696 821 nomina
1753 767 1902 820 libris

325 862 487 925 vivis,
525 861 931 916 immortalibus
965 861 1090 924 illis,
1119 875 1182 912 ac
1235 859 1360 913 nulli
1417 859 1664 913 obnoxiis
1717 873 1904 912 corru-

327 955 520 1024 ptioni,
574 953 894 1020 inscriptum
954 953 1037 1017 iri,
1083 966 1218 1018 quos
1267 965 1441 1019 neque
1499 952 1676 1014 tineae,
1731 963 1904 1017 neque

333 1054 548 1108 tempus
577 1044 864 1096 absument
891 1041 970 1105 ‘7;
1019 1052 1072 1094 tu
1110 1051 1311 1104 autem,
1345 1057 1412 1094 ne
1457 1040 1555 1095 hes
1579 1038 1746 1092 libros
1773 1037 1904 1092 aﬂ‘e-

326 1135 480 1190 ctas?
513 1134 712 1188 nullam
739 1143 1019 1189 tantorum
1069 1134 1458 1201 promissorum
1512 1131 1775 1187 rationem
1810 1131 1905 1185 ha-

326 1225 464 1280 bes?
496 1240 600 1280 non
655 1226 942 1280 memoria}
980 1225 1214 1288 divinae,
1294 1225 1338 1278 is
1390 1223 1587 1294 quippe
1640 1223 1773 1278 liber
1817 1223 1906 1279 ille

325 1317 478 1371 vivus
503 1324 616 1380 est,
675 1316 898 1370 inscribi
951 1315 1209 1386 iniigique
1265 1315 1507 1370 studes?
1565 1313 1671 1370 Sed
1719 1327 1904 1371 contra

329 1409 508 1477 magni
564 1408 697 1463 facis
751 1423 782 1461 a
825 1407 1106 1462 tabulariis
1163 1407 1404 1472 exarari;
1469 1422 1498 1461 a
1552 1410 1906 1478 mangonibus

330 1500 652 1570 praedicari;
687 1514 715 1553 a
772 1500 969 1554 vilibus
1022 1500 1397 1553 adulatoribus
1462 1499 1652 1568 plausu
1686 1501 1900 1569 excipi;

329 1591 504 1645 malus
534 1591 783 1645 utilitatis
811 1592 1029 1652 arbiter,
1075 1592 1289 1658 ineptus
1317 1599 1371 1644 et
1412 1591 1696 1660 imperitus
1727 1606 1904 1646 rerum

329 1684 649 1737 aestimator.
682 1682 952 1736 Oblaesum
989 1699 1278 1753 pauperem
1311 1700 1618 1749 munerare,
1655 1701 1761 1739 non
1794 1685 1906 1740 dis-

329 1774 562 1829 solutum
596 1775 860 1829 musicum
888 1793 904 1842 ;
941 1777 1112 1829 vidua:
1139 1778 1415 1845 impertire
1438 1793 1557 1846 qua!
1585 1788 1794 1844 scorto;
1823 1793 1908 1833 se-

2003 586 2364 657 αλλαγμάτων
2436 583 2840 656 προγράφηται.
2885 583 2950 636 Ὢ
2990 581 3090 652 τῆς
3131 579 3342 642 ἀνοίαςί
3394 579 3440 631 ὣ
3482 579 3599 650 τῆς

2003 679 2362 750 τυφλότητοςε
2399 675 2530 738 Θεὸς
2573 673 2994 742 ἀπαγγέλλεται,
3036 671 3144 724 τῶν
3178 670 3597 742 πωχοτρόφων

2001 771 2072 824 τὰ
2117 771 2352 841 ὀνόματα
2399 768 2598 838 βίϐλοις
2628 767 2827 831 ζώσαις
2861 765 3181 836 ἐγγράφειν,
3216 765 3332 826 ταῖς
3378 761 3602 816 ἀθανά-

2001 882 2136 926 τοις,
2195 865 2314 925 ταῖς
2366 860 2735 931 ἀδιαφθόροις,
2795 857 2861 921 ἃς
2897 856 2993 927 σὴς
3024 856 3125 908 οὐκ
3172 854 3440 924 ἀφανίζει,
3490 855 3598 907 καὶ

2004 957 2194 1028 χρόνος
2225 957 2324 1008 οὐκ
2351 953 2621 1022 ἐξαλείφει
2641 969 2654 985 ·
2686 950 2953 1004 κάκείνων
2981 949 3086 1002 τῶν
3113 947 3456 1020 γραμμάτιον
3483 947 3598 999 οὐκ.

2003 1050 2154 1120 ἐρᾷς.
2202 1048 2321 1102 οὐδὲ
2365 1047 2522 1114 λόγον
2574 1045 2693 1099 τινὰ
2724 1046 2849 1114 ποιῇ
2883 1042 2985 1113 τῆς
3031 1043 3301 1113 μακαρίας
3344 1041 3600 1108 ἐπαγγε-

2003 1140 2153 1205 λίας,
2188 1139 2309 1193 οὐδὲ
2343 1141 2409 1210 τῇ
2447 1139 2632 1210 μνήμῃ
2673 1135 2768 1189 τοῦ
2813 1133 3334 1206 Θεοῦἐγγραφῆναι
3362 1135 3594 1204 ζητεῖςς

2004 1232 2174 1284 Τοῦτο
2207 1231 2316 1302 γάρ
2349 1231 2494 1284 ἐστιν
2528 1231 2561 1300 ή
2595 1229 2773 1300 βίϐλος
2820 1231 2852 1298 ή
2898 1227 3068 1293 ζῶσα.
3107 1225 3242 1299 Περὶ
3279 1227 3473 1280 πολλοῦ
3532 1225 3594 1277 δὲ

2004 1325 2131 1393 ποιῇ
2183 1321 2334 1393 παρὰ
2375 1322 2482 1374 τῶν
2534 1319 3060 1391 συμϐολαιογράφων
3104 1318 3432 1391 γράφεσθαι,
3488 1317 3596 1370 καὶ

2005 1416 2156 1488 παρά
2191 1415 2300 1468 τῶν
2341 1414 2661 1486 ὠνουμένων
2698 1414 2768 1467 τὰ
2802 1412 3111 1482 ἀνδράποδα
3153 1412 3454 1477 λαλεῖσθαι,
3488 1414 3594 1465 καὶ

2005 1507 2311 1580 κροτεῖσθαι
2339 1506 2489 1578 παρά
2518 1505 2768 1577 δημοτῶν
2797 1505 3062 1570 κολάκων,
3083 1508 3249 1569 κακὸς
3268 1506 3366 1576 τῆς
3393 1505 3595 1576 χρείας

2005 1597 2114 1650 τῶν
2165 1597 2505 1668 πραγμάτων
2555 1596 2770 1667 κρίτης,
2828 1596 3054 1666 ἀνόητος
3106 1595 3439 1666 δοκιμαστὴς
3486 1596 3593 1649 τοῦ

2009 1690 2394 1760 συμφέροντος.
2423 1689 2522 1752 Δὸς
2550 1687 2626 1758 τῷ
2647 1686 3008 1758 λελωϐημένῳ
3032 1686 3249 1758 πτωχῷ,
3284 1688 3376 1740 καὶ
3408 1688 3482 1758 μή
3507 1685 3595 1757 τῷ

2007 1781 2285 1853 λελυμένῳ
2340 1781 2622 1852 μουσικῷ·
2669 1783 2888 1853 χάρισαι
2950 1780 3056 1852 πρὸ
3101 1781 3198 1850 τῆς
3249 1779 3456 1850 πόρνης
3514 1782 3590 1850 τῇ

330 1876 479 1920 creta
508 1867 729 1920 claustri
762 1866 975 1920 silentia
1025 1866 1248 1921 honeste
1303 1868 1568 1922 colentem
1597 1867 1759 1932 dona,
1796 1883 1907 1938 pra:

2032 1875 2187 1945 γήρᾳ·
2224 1873 2329 1944 πρὸ
2359 1874 2458 1944 τῆς
2507 1874 2770 1944 δημοσίας
2795 1915 2808 1936 ,
2857 1876 2923 1944 τῇ
2979 1871 3191 1942 σεμνῶς
3229 1871 3595 1924 κατακεκλει-

331 1957 671 2028 prostibulo;
705 1958 918 2026 inquire
948 1960 1014 2012 de
1039 1974 1191 2012 sacra
1228 1960 1435 2029 virgine
1473 1975 1593 2028 qua:
1629 1961 1736 2014 Deo
1765 1961 1908 2028 psal-

330 2047 424 2111 lat,
462 2049 640 2118 sitque
670 2049 723 2103 in
757 2048 873 2113 ejus
909 2049 1076 2103 ell‘usa
1114 2049 1326 2114 laudes,
1355 2052 1584 2120 odioque
1607 2050 1905 2120 habepsal-

333 2138 496 2194 triatn
532 2141 975 2204 inverecundam,
1027 2156 1147 2210 quae
1192 2144 1419 2196 necdum
1455 2151 1742 2210 conspecta
1778 2158 1906 2198 ocu-

331 2231 424 2295 lis,
457 2233 727 2286 modulata
761 2248 891 2288 voce
913 2233 1223 2287 luxuriosos
1257 2233 1400 2288 velut
1421 2237 1651 2304 aucupio
1686 2245 1904 2301 captet;

331 2325 646 2379 necessaria
675 2325 834 2378 victui
873 2325 1136 2394 orphano
1184 2323 1384 2394 praebe,
1420 2340 1707 2394 pauperem
1737 2328 1908 2381 libera

329 2414 508 2469 alieno
536 2429 664 2481 aere,
722 2417 1041 2484 visurusque
1100 2429 1160 2468 es
1227 2416 1610 2484 sempiternam
1656 2417 1904 2486 gloriam.

329 2503 404 2559 'At
437 2513 492 2558 tu
531 2504 718 2559 oculos
742 2520 978 2559 evacuas
1015 2506 1064 2558 in
1097 2514 1308 2574 turpem
1372 2507 1576 2569 ludum,
1633 2509 1912 2578 risumque

335 2595 650 2650 indecorum
677 2612 740 2648 ac
781 2593 1152 2660 inconditum;
1203 2610 1378 2663 neque
1407 2597 1722 2652 consideras
1745 2613 1908 2667 quam

335 2687 532 2742 multas
553 2702 844 2756 pauperum
879 2687 1128 2755 Iargiaris
1157 2687 1451 2757 lacrymas,
1479 2703 1574 2757 per
1625 2706 1760 2759 quas
1782 2707 1912 2760 opes

335 2779 438 2834 illa:
465 2791 569 2832 tua:
594 2778 837 2832 conllatre
861 2789 1020 2844 sunt;
1050 2793 1212 2846 quant
1251 2778 1401 2831 tnnlti
1443 2779 1494 2833 in
1547 2781 1758 2835 vincula
1787 2798 1913 2836 con-

333 2871 456 2940 iecti
492 2870 745 2934 fuerunt;
787 2885 950 2938 quam
987 2869 1138 2923 multi
1195 2872 1497 2936 verberati;
1545 2874 1730 2940 quanti
1757 2874 1912 2927 deni-

335 2979 441 3032 que
473 2962 644 3033 digito
690 2962 758 3015 ad
815 2963 1002 3015 restim
1062 2973 1427 3027 accesserunt,
1481 2973 1538 3017 ut
1576 2975 1913 3035 suppeteret,

341 3056 482 3121 quod
510 3055 561 3108 in
591 3055 837 3108 scenicos
875 3053 1034 3107 hodie
1057 3053 1403 3110 etlunderes?
1433 3055 1498 3109 Et
1532 3057 1677 3125 quis,
1705 3073 1912 3127 quzeso,

341 3146 502 3200 linis?
540 3145 738 3215 Utique
764 3148 1000 3201 vanitas.
1061 3148 1186 3203 Post
1220 3149 1426 3214 omnia,
1482 3151 1708 3218 exiguus
1739 3158 1914 3206 tumu-

2013 1964 2205 2036 σμένῃ.
2222 1964 2586 2036 Περιέργασαι
2603 1965 2702 2017 ποῦ
2722 1964 2988 2036 παρθένος
3005 1964 3134 2031 ἀγία
3149 1961 3264 2031 Θεῷ
3285 1961 3485 2031 ψάλλου
3494 1977 3594 2027 σα,

2010 2057 2104 2109 καὶ
2151 2057 2380 2128 μίσησον
2422 2056 2688 2128 ψάλτριαν
2731 2055 2949 2127 άναιδῆ,
2991 2055 3097 2126 πρὸ
3139 2054 3235 2124 τῆς
3259 2053 3428 2123 ὂψεως
3515 2053 3597 2124 τῷ

2013 2148 2163 2219 μέλει
2217 2150 2342 2212 τοὺς
2399 2150 2731 2212 ἀκολάστους
2802 2147 3136 2219 θηρεύουσαν
3177 2163 3193 2178 ο
3281 2145 3598 2216 ἐπάρκεσον

2012 2242 2254 2315 ὀρφανῷ,
2302 2243 2462 2296 λῦσον
2513 2244 2778 2314 δάνεισμα
2824 2243 3091 2312 πένητος,
3136 2242 3231 2293 καὶ
3273 2240 3390 2309 ὄψει
3431 2239 3599 2306 δόξαν

2012 2335 2445 2400 διαιωνίξουσαν.
2486 2337 2680 2398 Κενοῖς
2711 2333 2912 2404 πλῆθος
2949 2332 3249 2403 βαλαντίων
3290 2331 3430 2401 ὑπὲρ
3466 2348 3597 2383 παι-

2012 2427 2128 2490 διᾶς
2169 2429 2507 2498 ἀσχήμονος,
2554 2427 2648 2480 καὶ
2696 2427 2933 2480 ἀτάκτου
2979 2423 3254 2492 γέλωτος,
3299 2423 3398 2476 οὑκ
3435 2420 3600 2484 εἰδὼς

2011 2519 2113 2571 ὅσα
2142 2520 2388 2588 πενήτων
2417 2517 2619 2590 χαοίζῃ
2650 2516 2881 2587 δάκρυα,
2913 2514 2970 2580 ἐξ
3002 2506 3076 2566 ὧν
3110 2512 3348 2583 συνήχθη
3374 2513 3406 2583 ή
3429 2511 3601 2564 εύπο-

2017 2609 2103 2681 ρία
2127 2625 2140 2638 ο
2185 2610 2340 2662 πόσοι
2381 2609 2663 2681 ἐδέθησαν,
2710 2609 2871 2661 πόσοι
2911 2605 3394 2678 ὲμαστιγώθησαν·
3433 2603 3597 2656 πόσοι

2013 2701 2180 2768 ἐγγὺς
2202 2696 2362 2771 ἦλθον
2391 2701 2627 2771 ἀγχόνης
2658 2701 2751 2754 καὶ
2782 2699 2996 2770 βρόχου,
3032 2697 3117 2749 ἵνα
3145 2697 3383 2766 σήμερον
3399 2693 3598 2766 ὀρχού-

2018 2809 2168 2861 μενοι
2207 2792 2461 2846 λάϐωσιν.
2513 2793 2621 2843 Καὶ
2659 2791 2710 2843 τί
2750 2790 2808 2844 τὸ
2841 2790 3027 2854 τέλος;
3065 2786 3398 2855 Ματαιότης.
3441 2783 3600 2836 Μετὰ

2017 2884 2193 2936 πάντα
2219 2886 2386 2954 τάφος
2413 2885 2634 2956 μικρός⁶
2670 2882 2832 2954 ἐσθὴς
2853 2883 3044 2951 ὀλίγων
3074 2879 3297 2940 ὀϐολῶν,
3321 2877 3382 2929 τὸ
3410 2876 3601 2945 σωμά-

2014 2991 2127 3026 τιον
2164 2975 2617 3046 περιστέλλουσαο
2653 2972 2788 3045 λήθη
2822 2975 2937 3044 μετ’
2967 2971 3166 3039 ὀλίγον,
3204 2969 3262 3020 τὸ
3298 2967 3599 3034 ἀναγκαῖον

2017 3066 2188 3128 πάθος
2226 3067 2317 3120 τοῦ
2349 3067 2576 3139 χρόνου,
2635 3066 2811 3119 πάντα
2859 3064 2928 3118 τὰ
2980 3061 3380 3116 σπουδασθέντα
3426 3057 3599 3112 καλύ-

2021 3174 2264 3210 πτουσα·
2312 3157 2494 3228 κρίσις
2535 3157 2628 3210 ἐπὶ
2670 3155 2879 3218 τούτοις
2925 3152 3082 3218 Θεοῦ,
3136 3151 3230 3205 καὶ
3269 3149 3370 3220 τῆς
3418 3147 3602 3216 κακῆς

338 3237 458 3304 lus;
495 3239 681 3307 paucis
728 3239 902 3293 obolis
947 3251 1262 3308 comparata
1317 3245 1481 3296 vestis
1535 3243 1914 3310 corpusculum

2032 3248 2392 3320 προαιρέσεως
2420 3248 2636 3311 κόλασις
2663 3247 3055 3318 ἀπαραίτητος.

338 3331 646 3400 obtegens:
681 3345 747 3385 ac
802 3329 962 3400 paulo
1007 3341 1156 3401 post,
1224 3334 1591 3388 necessarium
1651 3337 1914 3406 temporis
1980 3343 2202 3406 malum,
2258 3343 2478 3410 oblivio,
2543 3359 2662 3413 quae
2702 3351 2919 3404 cuncta,
2973 3340 3118 3393 circa
3145 3350 3261 3406 quae
3297 3333 3599 3397 sudaveris,

341 3426 581 3481 tenebris
635 3425 895 3480 involvat.
956 3427 1036 3481 Ad
1096 3428 1212 3482 hate
1248 3429 1480 3498 denique
1509 3429 1754 3484 divinum
1779 3432 2066 3502 judicium,
2096 3453 2159 3491 ac
2185 3439 2340 3492 mahe
2371 3439 2658 3493 voluntatis
2682 3433 3093 3506 indeprecabilis
3118 3446 3298 3501 poma.

422 3523 651 3579 Ubinam
686 3525 935 3579 consules
959 3534 1014 3578 et
1047 3521 1259 3576 fasces?
1307 3522 1413 3578 Eos
1441 3538 1701 3579 enumera
1735 3541 1801 3579 ac
1831 3541 1922 3581 re-

341 3619 542 3690 cogita,
569 3620 664 3689 qui
702 3620 818 3674 heri
849 3634 913 3673 ac
973 3616 1370 3673 nudiustertius
1400 3617 1689 3672 exstitere.
1731 3617 1923 3673 Nonne

342 3714 427 3768 hic
457 3713 674 3782 quidem
703 3712 840 3782 (30),
869 3719 926 3765 ut
976 3710 1320 3765 facinorosus
1355 3708 1569 3779 aliquis,
1598 3724 1696 3780 per
1729 3725 1924 3780 repen-

245 3809 257 3820 ‘
345 3807 512 3860 tinam
544 3814 768 3858 armatu:
794 3802 1163 3857 multitudinis
1193 3801 1540 3866 seditionem,
1575 3800 1753 3870 capite
1774 3809 1927 3854 trun-

341 3910 500 3953 catus
519 3905 623 3961 est,
652 3905 1068 3965 ostentatusque
1096 3891 1302 3962 majore
1334 3902 1459 3962 post
1489 3907 1674 3948 necem
1706 3908 1924 3963 pompa,

343 4005 506 4060 quam
534 4005 660 4045 cum
702 3989 754 4043 in
785 4003 948 4044 curru
971 3986 1224 4042 sublimis
1255 3999 1353 4056 pro
1398 3985 1717 4055 magistratu
1749 4001 1812 4040 ac
1837 3987 1931 4040 bo-

345 4098 477 4138 nore
505 4082 772 4154 gestiret?
818 4080 954 4135 alter
1013 4093 1141 4134 vero
1197 4093 1321 4132 cum
1370 4078 1618 4147 praetoris
1677 4091 1923 4144 munere,

344 4176 594 4231 eumdem
621 4176 736 4245 ipse
769 4175 996 4243 adeptus
1053 4172 1338 4234 honorem,
1391 4169 1445 4224 in
1489 4169 1708 4240 IEgypji
1766 4177 1927 4238 atque

347 4267 532 4338 Libyae
559 4265 820 4320 extremis
873 4265 1096 4327 tinihus,
1145 4263 1199 4317 in
1258 4262 1392 4316 locis
1430 4260 1702 4324 arenosis,
1743 4269 1796 4314 et
1825 4259 1930 4314 hu-

350 4360 521 4415 moris
548 4359 726 4414 omnis
761 4357 1094 4424 humanique
1117 4354 1295 4409 cultus
1330 4351 1668 4424 expertibus,
1710 4351 1931 4405 damna-

349 4450 514 4506 tionis
573 4447 896 4518 supplicium
949 4446 1196 4516 fugiens,
1249 4433 1572 4500 'miserrime
1624 4428 1930 4497 exstinctus

347 4544 468 4600 est?
499 4542 636 4611 Quid
669 4542 733 4595 de
768 4555 834 4595 eo
861 4540 1128 4605 dicemus,
1171 4538 1265 4609 qui
1322 4545 1378 4594 et
1434 4537 1550 4606 ipse
1579 4535 1836 4591 exconsul
1867 4551 1930 4590 ac

347 4644 634 4705 exprmtor,
660 4634 712 4687 in
749 4642 891 4686 terra
927 4647 1068 4686 nunc
1105 4630 1363 4686 Colchide
1403 4645 1591 4700 agens,
1626 4628 1815 4697 eiusce
1846 4645 1931 4684 re—

350 4728 526 4798 gionis
575 4727 930 4780 barbarorum
985 4720 1314 4778 humanitati
1375 4721 1539 4774 vitam
1588 4736 1649 4774 ac
1679 4719 1928 4789 Spiritum

2097 3531 2206 3586 Ποῦ
2241 3533 2290 3584 οἱ
2325 3531 2551 3598 ὖπατοι;
2579 3532 2716 3595 Τοὺς
2742 3532 2867 3602 χθὲς
2901 3530 2994 3584 καὶ
3038 3527 3228 3601 πρώην
3275 3525 3600 3597 ἀρίθμησον.

2025 3623 2138 3694 Οὐχ
2161 3629 2189 3675 ὁ
2208 3621 2329 3693 μὲν,
2359 3623 2434 3687 ώς
2466 3624 2516 3676 οί
2544 3623 2865 3694 κακοῦργοι,
2897 3623 2996 3692 τῆς
3023 3620 3267 3690 κεφαλῆς
3285 3617 3603 3689 ἀπετμήθη,

2026 3713 2266 3786 πλήθους
2321 3715 2697 3779 ὁπλιτεύοντος
2754 3714 2928 3786 ἀθρόᾳ
2972 3716 3188 3785 κινήσει
3245 3707 3556 3782 περιπεσών
3586 3725 3600 3739 ·

2026 3808 2350 3881 ἐπομπεύθη
2377 3809 2433 3862 δὲ
2466 3808 2610 3881 μετά
2634 3807 2861 3862 θάνατον
2889 3805 3109 3878 μᾶλλον,
3138 3805 3171 3876 ἢ
3197 3805 3284 3857 ὅτε
3306 3803 3605 3874 φερόμενος

2027 3900 2122 3955 ἐπὶ
2161 3900 2253 3954 τοῦ
2293 3900 2486 3973 δίφρου
2531 3899 2766 3971 ἐγαυρία
2807 3898 2900 3952 τοῦ
2935 3896 3282 3968 ἀξιώματος;
3341 3895 3502 3956 ἄλλος
3545 3893 3606 3946 δὲ

2029 3993 2168 4064 μετά
2196 3992 2548 4064 στρατηγίας,
2571 3993 2666 4063 τῆς
2695 3991 2867 4063 αὐτῆς
2889 3990 3093 4061 ταύτης
3115 3985 3388 4058 ἐπιτυχὼν
3419 3985 3604 4055 τιμῆς,

2028 4081 2213 4146 κακῶς
2252 4085 2309 4136 ἐν
2333 4085 2452 4147 ταῖς
2495 4084 2774 4154 ἐσχατιαῖς
2817 4081 3093 4151 Αἰγύπτου
3147 4079 3372 4149 καὶτῆς
3401 4076 3606 4148 Λιϐύης

2029 4174 2296 4240 ἀπώλετο,
2326 4174 2544 4246 φεύγων
2571 4175 2670 4246 τῆς
2697 4174 2996 4245 καταδίκης
3024 4173 3122 4245 τὴν
3167 4170 3455 4243 τιμωρίαν,
3485 4165 3601 4222 εἶτα

2028 4267 2149 4329 ταῖς
2171 4265 2417 4338 ψάμμοις
2443 4265 2853 4337 ἐντελευτήσας,
2879 4263 3068 4336 ἐπειδὴ
3098 4265 3246 4317 πᾶσα
3274 4257 3341 4334 ἦν
3366 4263 3398 4332 ή
3434 4259 3605 4332 χώρα,

2029 4355 2097 4409 δι’
2126 4350 2194 4427 ἧς
2220 4355 2617 4429 ἀπεδίδρασκεν
2657 4355 2886 4427 ἄνυδρος
2928 4356 3022 4409 καὶ
3046 4355 3330 4426 ἀοίκητος;
3371 4353 3436 4406 Τί
3462 4351 3506 4404 δ’
3542 4351 3607 4406 ἂν

2031 4446 2258 4518 εἴπομεν
2288 4448 2425 4521 πρὸς
2452 4449 2544 4502 τὸν
2577 4452 2641 4503 ἐκ
2674 4451 2994 4522 στρατηγῶν
3024 4452 3119 4506 καὶ
3144 4451 3384 4514 ὑπάτων,
3411 4448 3608 4519 ὁμοίως

2033 4541 2126 4593 ἐπὶ
2165 4543 2264 4612 τῆς
2306 4542 2567 4614 Κολχίδος
2600 4541 2694 4596 νῦν
2725 4542 2908 4617 χώρας
2949 4543 3224 4612 διάγοντα,
3272 4541 3365 4596 καὶ
3400 4545 3466 4612 τῇ
3502 4541 3608 4593 τῶν

2035 4631 2212 4687 ἐκεῖσε
2238 4635 2526 4708 βαρϐάρων
2549 4635 2931 4709 φιλανθρωπίᾳ
2959 4636 3354 4706 διασωζόμενον
3381 4651 3395 4700 ;
3430 4634 3531 4686 Τὸν
3554 4633 3608 4686 δὲ

2038 4725 2400 4798 ἐξ.ὑπάρχων
2457 4729 2684 4790 ἐκεῖνον,
2739 4729 2852 4793 τὸν,
2901 4729 2977 4794 ὡς
3031 4729 3204 4799 ᾢετο,
3257 4727 3466 4798 ἄμαχον
3518 4725 3610 4779 καὶ

349 4818 549 4875 debet?
581 4819 736 4872 Illum
770 4825 951 4870 autem
1001 4813 1412 4885 exprmfectum,
1465 4813 1726 4868 invictum
1759 4811 1917 4865 illum.

2039 4816 2306 4888 λεοντώδη
2349 4817 2447 4889 τὴν
2517 4820 2762 4892 γνώμην,
2812 4820 2898 4872 οἵα
2945 4817 3039 4873 τοῦ
3095 4817 3209 4888 βίου
3266 4816 3611 4886 καταστροφὴ

350 4919 408 4966 ut
439 4910 749 4977 putabatur,
783 4923 846 4963 ac
880 4907 1080 4961 leonini
1113 4905 1366 4974 pectoris,
1405 4902 1578 4973 qualis
1605 4904 1730 4956 vitae
1781 4912 1928 4956 cata-

350 5004 574 5072 strophe
606 5002 846 5070 excepit!
872 4999 1111 5055 Prinmm
1159 4997 1374 5067 quidem
1412 4995 1577 5046 ﬁlium
1619 5008 1772 5048 suum
1798 4993 1933 5047 vidit

350 5095 532 5164 capite
563 5102 909 5157 truncatum;
963 5097 1075 5144 tum
1111 5097 1166 5142 et
1231 5101 1344 5154 .pse
1389 5083 1604 5154 capitali
1664 5085 1929 5138 sententia

407 5197 464 5240 ’⁸⁷
482 5206 758 5272 Mattlmn,
789 5204 879 5258 20.

429 5327 540 5397 (50)
573 5324 760 5380 Nonne
804 5326 888 5378 hic
936 5316 1784 5397 quident._Qttadrare_videntur
1851 5317 1936 5372 hic

357 5388 592 5454 indicata
624 5397 692 5450 ab
725 5388 958 5450 Asterie-
980 5397 1032 5448 in
1081 5391 1376 5454 liuﬂiuuni,
1421 5389 1512 5458 qui
1536 5456 1549 5458 Α
1577 5388 1933 5458 principaltntt

357 5468 626 5529 Itiihiens,
665 5469 733 5518 ah
785 5466 1016 5520 Areadio
1053 5477 1344 5531 Oppressus
1386 5456 1490 5531 est,
1520 5456 1743 5528 Olybrio
1771 5467 1934 5531 atque

358 5537 595 5595 Prubino
615 5528 952 5598 causulibus,
981 5543 1038 5587 ut
1069 5528 1215 5602 ponit
1249 5530 1754 5602 Baronius,_n_empe
1784 5528 1936 5582 Chri-

361 5610 432 5664 sti
469 5623 611 5661 anno
665 5606 790 5668 595,
829 5605 984 5672 cujus
1009 5598 1172 5673 caput
1213 5602 1264 5673 in
1295 5603 1449 5673 hasta
1481 5598 1708 5673 sublime
1741 5613 1935 5673 pompa

362 5680 563 5734 elatum
595 5688 704 5732 est.
744 5667 1341 5744 Vide'apud'eumdctu
1363 5671 1547 5744 plura.
1585 5667 1938 5744 Ultimumab

365 5748 580 5806 Asterio
619 5748 932 5811 imlicattun,
960 5737 1062 5813 qui
1107 5737 1388 5813 superiori
1427 5756 1574 5813 anno
1609 5738 1676 5813 ab
1719 5737 1935 5813 humilia

370 5820 475 5878 ista
503 5821 684 5878 habita
707 5833 772 5874 ex
802 5809 1022 5874 conSule
1056 5809 1434 5871 miserabiliter
1467 5811 1703 5880 perierit,
1741 5810 1794 5863 ιι.
1825 5809 1938 5863 Sir-

2039 4905 2342 4972 διεδέξατοε
2378 4908 2600 4978 Πρῶτον
2627 4910 2729 4980 μὲν
2755 4910 2863 4982 γάρ
2890 4909 3065 4963 ἐπεῖδε
3093 4908 3184 4960 τὸν
3236 4905 3428 4962 ἑαυτοῦ
3454 4905 3611 4958 παῖδα

2038 4997 2428 5070 ἀποτμηθέντα
2473 5003 2571 5071 τῆς
2617 5003 2860 5072 κεφαλῆς
2883 5019 2896 5032 ο
2923 4998 3041 5056 εἶτα
3072 5002 3165 5055 καὶ
3198 4999 3360 5062 αὐτὸς
3400 4999 3497 5068 τὴν
3526 5000 3613 5050 ἐπὶ

2040 5087 2255 5161 θανάτῳ
2292 5090 2468 5164 ψῆφον
2503 5094 2742 5162 ἐδέξατο,
2777 5097 2871 5150 καὶ
2903 5095 3000 5166 τῆς
3058 5094 3268 5165 σχοίνου
3301 5090 3613 5163 προσαχθεί·

2043 5319 2274 5374 mundus
2305 5318 2574 5373 intellexit
2625 5319 2944 5388 Eutropium
2974 5334 2988 5370 :
3023 5331 3089 5371 ac
3117 5332 3246 5372 vere
3277 5319 3452 5372 mullus
3485 5316 3612 5370 alius

2040 5389 2286 5443 videatur
2313 5390 2537 5457 intelligi
2571 5406 2729 5457 posse
2769 5389 3135 5450 commodius;
3165 5402 3292 5442 cum
3333 5391 3398 5454 is,
3445 5396 3494 5440 et
3522 5403 3612 5440 cu-

2041 5459 2300 5524 nuchum,
2325 5470 2378 5514 et
2413 5462 2649 5529 potentia
2679 5475 2744 5514 ac
2776 5459 2978 5512 divitiis
3009 5458 3609 5529 maximuntsignilicet,

2041 5531 2256 5598 qualern
2306 5527 2459 5584 nobis
2543 5531 2782 5584 historiae
2829 5537 3218 5598 repraesentant
3279 5527 3607 5594 Eutropium.

2043 5597 2274 5656 Proinde
2314 5601 2507 5654 vixerit
2558 5601 2656 5654 istc
2701 5600 2947 5671 Asterius
2977 5597 3184 5653 Joanne
3231 5598 3613 5671 Chrysostomo

2044 5673 2318 5739 episcopo,
2349 5671 2480 5724 nihil
2504 5686 2790 5724 commune
2823 5670 3026 5726 habens
3045 5687 3165 5726 cum
3196 5668 3486 5725 nominatis
3506 5668 3612 5721 aliis

2046 5742 2274 5798 Asteriis
2299 5741 2597 5798 Constantii
2625 5751 2884 5811 tempore.
