3820 6340
129 290 223 346 225

1198 294 1481 354 llOMlLlA
1518 298 1583 355 ν.
1618 297 1683 354 ΙΝ
1719 299 1980 359 MATTII.
2026 300 2171 372 xm,
2206 306 2261 363 3.

3222 314 3344 381 2‘26

132 426 218 481 σης
238 407 336 480 ήδη
364 407 441 480 τῷ
464 411 718 479 στόματι,
744 409 1123 481 φιλανθρωπία
1149 412 1398 486 βασιλικὴ
1419 414 1680 470 ἐκώλυσεν

1793 418 2078 477 damnatus
2111 431 2216 487 est,
2245 421 2548 494 laqueoque
2575 422 2687 492 jam
2711 423 2850 495 gulae
2867 424 3107 492 admOto,
3129 427 3359 481 clemen-

130 504 400 575 ἐνεργῆσαι
425 503 517 557 τὸν
545 503 764 575 δήμιον.
807 505 986 575 Ζήσας
1025 504 1082 558 δὲ
1123 506 1302 575 ὀλίγον
1344 509 1557 574 ὀδύναις
1590 511 1684 564 καὶ

132 596 416 665 συμφοραῖς
434 595 464 648 ό
483 594 820 666 πρεσϐύτης,
864 596 959 649 καὶ
982 598 1046 668 τῇ
1079 597 1328 669 αἰσθήσει
1360 599 1471 655 τῶν
1500 602 1685 656 κακῶν

131 688 475 759 ἐπιχρονίσας,
500 690 566 740 ἐν
597 688 792 761 ἀτιμίᾳ
814 689 1056 759 ἀπῆλθεν
1094 690 1188 743 τοῦ
1219 691 1357 762 βίου,
1398 692 1556 749 τοῦτο
1587 695 1687 766 τῆς

133 779 352 850 μεγάλης
399 779 666 845 ὑπατείας
717 781 778 835 τὸ
822 782 973 846 τέλος
1009 784 1331 855 εὑράμενος.
1378 784 1437 839 Ὀ
1475 785 1554 851 δὲ,
1589 787 1684 840 τοῦ

130 871 471 943 παρελθόντος
510 872 761 926 ἐνιαυτοῦ
804 872 923 936 πῶς
967 874 1286 944 ἐφρόντισεν
1318 875 1541 947 μείζονα
1572 876 1681 932 τῶν

129 964 397 1032 γιγάντων,
439 964 693 1032 γυναιξὶν
719 965 796 1019 ὣν
835 967 930 1020 καὶ
967 966 1224 1038 ἀνδράσιν
1265 969 1684 1041 ἀμφισϐητήσι-

131 1072 243 1125 pec;
279 1056 535 1121 Ῥάϐδους
576 1059 783 1130 κυρίων
829 1058 1065 1130 φεύγων,
1133 1060 1346 1132 ῥάϐδων
1401 1062 1685 1116 ὑπατικῶν

130 1147 483 1218 ἐπεθύμησεν·
520 1152 795 1221 ἐκτήσατο
832 1151 959 1222 γῆν,
998 1152 1131 1223 ὅσην
1170 1153 1294 1207 οὐδὲ
1323 1154 1496 1209 εἰπεῖν
1523 1153 1681 1208 εὔκο-

129 1238 231 1290 λονσ
256 1240 428 1309 ἐτάφη
463 1239 521 1294 δὲ
554 1243 613 1294 ἐν
640 1241 901 1314 τοσαύτῃ.
941 1243 1075 1312 ὅσης
1104 1246 1133 1298 ὁ
1167 1244 1398 1316 ἐλεήσας
1442 1247 1682 1318 μετέδωο

129 1348 224 1383 κεν.
260 1327 404 1404 ’Δρα
450 1329 547 1387 οὖν
588 1333 732 1387 κατά
774 1335 864 1388 τὸν
901 1335 1066 1406 σοφὸν
1109 1337 1566 1411 Ἐκκλησιαστὴν,
1618 1342 1679 1395 οὐ

1791 508 1863 563 tia
1896 510 2157 583 principis
2189 510 2442 567 manibus
2512 512 2789 569 carnificis
2840 523 3123 584 exemptus
3168 525 3271 583 est,
3305 525 3361 571 ttt

1787 601 2105 669 quantulum
2140 603 2286 658 aetati
2320 613 2623 675 supererat,
2647 620 2811 661 senex
2845 606 2898 661 in
2926 606 3111 663 dolore
3136 614 3190 663 et
3217 607 3363 661 calao

1789 692 1978 748 mitate
2013 708 2281 766 sensuque
2316 696 2579 751 malorum
2611 698 2855 769 exigens,
2884 714 2949 754 ae
2975 699 3165 771 plenus
3198 699 3361 755 dede-

1786 784 1931 839 coris
1980 797 2044 839 ac
2099 785 2429 855 ignominia),
2473 788 2564 842 tali
2621 790 2798 858 magni
2860 790 3173 845 consulatus
3211 790 3359 845 exitu

1785 876 1895 930 vita
1923 875 2223 932 decederet.
2283 877 2372 933 Ille
2403 893 2582 933 autem
2631 882 2892 952 superiori
2923 898 3085 949 anno,
3111 885 3360 954 gigantea

1786 982 2011 1036 prorsus
2043 967 2308 1038 facinora,
2339 981 2502 1042 atque
2525 974 2689 1027 etiam
2713 975 2913 1044 majora
2948 975 3181 1040 molitus,
3205 975 3360 1045 cujus

1786 1074 1947 1116 sexus
1972 1062 2024 1115 in
2057 1063 2273 1116 dubium
2310 1064 2622 1131 vocabatur,
2654 1066 2850 1137 quique.
2882 1068 3077 1123 heriles
3099 1066 3361 1138 effugiens

1784 1146 1982 1215 virgas,
2010 1149 2318 1208 consulares
2343 1151 2634 1220 allectavit,
2660 1169 2723 1208 ac
2750 1165 2954 1210 tantum
2996 1156 3204 1212 telluris
3231 1171 3358 1227 pos-

1784 1238 1945 1305 sedit,
1983 1248 2245 1308 qttantum
2271 1256 2368 1296 nec
2402 1242 2562 1298 facile
2609 1246 2917 1313 nominare;
2957 1248 3047 1316 qui
3077 1262 3219 1302 nunc
3240 1247 3358 1302 exi-

1784 1341 1886 1397 gua
1915 1330 2167 1384 conditur
2189 1331 2376 1397 humo,
2413 1341 2468 1388 et
2503 1335 2818 1404 qttantulatn
2843 1338 2890 1390 ei
2932 1351 3034 1390 nou
3067 1350 3225 1391 nemo
3250 1336 3355 1390 mi-

129 1426 301 1489 πάντα,
329 1426 432 1478 ὅσα
481 1425 733 1489 τοιαῦτα,
758 1429 1093 1499 Ματαιόζης
1108 1432 1539 1500 ματαιοτήτων,
1584 1434 1680 1488 καὶ

1790 1418 2056 1475 seratione
2090 1431 2268 1477 motus
2295 1424 2585 1493 impertiit?
2609 1424 2797 1480 Nonne
2826 1426 2988 1498 igitur
3013 1441 3160 1492 vere,
3191 1426 3348 1497 juxta

130 1518 362 1587 φάσματά
390 1521 541 1572 ἐστιν
575 1519 646 1573 τὰ
673 1518 957 1592 ἀξιώματα
993 1521 1382 1578 ἀνυποστάτων
1414 1525 1637 1596 ὀνείρων
1665 1564 1682 1592 ,

128 1609 376 1680 τέρψαντα
420 1611 558 1684 πρὸς
608 1610 809 1681 ὀλίγον,
861 1608 980 1665 εἶτα
1023 1613 1468 1687 παραδραμόντα,
1516 1615 1685 1688 ἀνθή-

1784 1509 2081 1578 sapientem
2110 1511 2259 1567 illuttt
2285 1512 2690 1583 Ecclesiastem,
2720 1516 2762 1571 si
2798 1523 2902 1588 qua
2931 1517 3085 1583 talia,
3114 1514 3355 1572 ‘Vanitas

1782 1602 2072 1658 sanitatum
2102 1603 2186 1659 “‘l
2217 1619 2281 1660 ac
2313 1606 2398 1661 vel
2428 1607 2776 1677 amplissimae
2825 1608 3138 1679 dignitates,
3173 1607 3355 1663 inania

129 1718 272 1757 σαντα
315 1704 412 1757 καὶ
459 1702 843 1777 μαρανθέντα;
880 1705 1073 1776 Ἡμεῖς
1110 1706 1287 1760 τοίνυν
1334 1707 1440 1771 ἕως
1487 1709 1677 1762 τούτου

1790 1690 2028 1758 quasdam
2066 1692 2182 1748 visa
2216 1702 2271 1748 et
2304 1700 2515 1750 ostenta
2563 1698 2937 1753 somniorum?
2965 1713 3085 1768 qua:
3129 1713 3251 1753 eum
3288 1696 3356 1753 ad

129 1795 401 1865 στήσαντες
450 1774 553 1850 τὸν*
599 1796 779 1865 λόγον,
817 1774 974 1862 δόξαν
1005 1797 1416 1871 ἀναπέμψωμεν
1455 1800 1535 1872 τῷ
1569 1801 1680 1854 Σω-

1790 1781 1947 1863 breve
1979 1782 2307 1840 oblectarint
2366 1794 2605 1857 tempus,
2661 1790 3001 1858 postmodum
3038 1787 3354 1860 diﬂ‘ugtant;

127 1884 251 1957 τῆρι.

843 2154 920 2209 Ε’.

135 2242 357 2317 ’ἔκ-τσῦ
389 2244 544 2317 κατὰ
583 2244 885 2317 Ματθαῖον
911 2248 1285 2317 Εὐαγγελὶου
1306 2251 1395 2315 εἰς
1431 2248 1520 2313 τὸ,
1553 2269 1571 2299 t
1612 2252 1680 2304 El

179 2314 720 2388 ἔξεστιν-ἀνθρώπῳ
735 2314 1060 2371 ἀπολῦσαί
1074 2318 1189 2386 τὴν
1209 2314 1463 2388 γυναῖκα
1489 2320 1679 2375 αὐτοῦ

180 2388 321 2439 κατὰ
350 2384 567 2440 πᾶσαν
596 2386 813 2440 αἰτίαν.
848 2406 868 2438 ι

182 2475 326 2547 Καλὴ
358 2476 597 2546 συνωρὶς
628 2475 738 2528 τῶν
765 2475 858 2529 δύο
890 2476 1094 2531 τούτων
1124 2480 1155 2548 ή
1165 2478 1348 2552 μερῶν
1388 2482 1500 2543 τοῖς
1544 2482 1679 2553 Χρι-

127 2567 336 2628 πιανοίς
355 2566 454 2618 καὶ
476 2564 787 2634 φιλοπόνοις
817 2566 1095 2637 τυγχάνει,
1148 2568 1243 2621 τοῦ
1277 2568 1553 2623 Σαϐϐάτου
1580 2570 1677 2623 καὶ

128 2656 207 2726 τῆς
233 2658 516 2728 Κυριακῆς
549 2657 714 2725 λέγω,
766 2657 835 2728 ἢν
883 2659 1004 2712 καθ’
1054 2661 1292 2732 ἑκάστην
1338 2662 1607 2733 ἑϐδομάδα
1649 2664 1678 2716 ό

126 2749 288 2819 χρόνος
320 2749 648 2804 ἀνακυκλῶν
693 2751 1002 2823 περιφέρει.
1057 2752 1144 2816 Ὠς
1188 2752 1296 2825 γάρ
1347 2754 1584 2825 μητέρες
1645 2756 1679 2826 ἢ

126 2842 290 2911 epops!
324 2843 425 2913 τῆς
466 2841 817 2912 Ἐκκλησίας,
851 2846 942 2897 καὶ
967 2844 1057 2898 τὸν
1079 2843 1208 2899 λαὸν
1232 2844 1564 2917 ἀθροίζουσι,
1589 2847 1682 2902 καὶ

125 2934 231 2998 τοὺς
262 2936 439 3008 ίερέας
468 2936 766 3000 παιδευτὰς
794 2936 1246 3007 προκαθίζουσιν’
1289 2937 1680 3007 δημαγωγοῦσι

127 3026 174 3080 δὲ
202 3030 433 3093 καὶτοὺς
467 3028 723 3100 μαθητὰς
755 3029 848 3082 καὶ⁴
898 3030 1027 3093 τοὺς
1074 3028 1427 3093 διδασκάλους
1461 3033 1540 3095 είς
1581 3032 1680 3103 τὴν

1784 1889 2017 1944 cumque
2043 1876 2381 1947 aliquantum
2416 1879 2743 1946 ﬂoruerint,
2770 1881 2951 1936 subito
2977 1878 3358 1936 marcescant?
3460 1902 3463 1905 π

1784 1965 1892 2022 Nos
1925 1968 2112 2037 itaque
2142 1970 2355 2025 dicendi
2388 1970 2478 2027 hic
2506 1971 2669 2028 ﬁnem
2724 1971 3009 2044 facientes,
3056 1974 3358 2029 tribuamus

1784 2057 2048 2114 Salvatori
2080 2059 2328 2129 gloriam.

2532 2148 2599 2209 Ὗ.

1783 2235 2104 2311 Ilontiliain
2143 2240 2313 2295 locum
2369 2240 2641 2311 Evangelii
2694 2246 2975 2298 secundum
3020 2242 3354 2310 Matt/imum,

1857 2328 1876 2359 t
1907 2311 1990 2363 An
2013 2310 2163 2363 liceat
2183 2311 2394 2386 homini
2407 2312 2666 2367 dimittere
2686 2330 2901 2368 uxorem
2921 2331 3069 2368 suam
3095 2316 3206 2386 (51)
3229 2332 3367 2385 quac.

1855 2396 2056 2449 cunque
2078 2396 2143 2434 ex
2171 2398 2332 2435 causa
2357 2382 2422 2435 ".
2452 2401 2471 2434 ι

1853 2470 2122 2527 Praeclara
2159 2472 2488 2529 Christianis
2536 2488 2597 2530 ac
2648 2474 2907 2530 studiosis
2960 2474 3189 2529 duarum
3251 2474 3352 2529 ha-

1782 2579 1971 2619 rumce
1999 2563 2209 2618 dierum
2242 2564 2431 2633 copula
2483 2580 2548 2621 ac
2600 2580 2937 2631 concursus,
2984 2564 3228 2633 Sabbati,
3267 2566 3354 2620 in-
3399 2561 3408 2570 ’

1783 2671 1965 2729 quam,
1998 2672 2061 2712 ac
2094 2656 2409 2723 Dominicze,
2444 2672 2579 2727 quas
2607 2668 2819 2727 tempus
2849 2659 2903 2712 in
2930 2659 3117 2713 orbem
3170 2673 3358 2713 recurv-

1783 2764 1932 2814 rens,
1966 2749 2314 2805 hebdomadis
2348 2751 2576 2816 singulis
2610 2751 2839 2806 reducit.
2884 2745 3018 2804 Nam
3051 2751 3204 2820 quasi
3242 2766 3356 2805 ma-

1785 2848 1897 2896 tres
1933 2850 2025 2893 aut
2052 2841 2296 2894 nutrices
2323 2838 2606 2909 Ecclesia},
2660 2856 2779 2896 cum
2828 2841 3083 2911 populum
3130 2856 3358 2912 congre-

1784 2940 1932 2999 gant,
1962 2942 2071 2985 tum
2123 2933 2438 2986 sacerdotes
2491 2936 2557 2987 ad
2604 2934 2904 2988 docendum
2957 2935 3253 2989 consedere
3284 2932 3360 2988 fa-

1785 3025 1969 3090 ciunt;
2005 3035 2168 3093 atque
2190 3025 2348 3091 adeo,
2372 3023 2668 3094 discipulos
2696 3027 2901 3096 pariter
2925 3041 2988 3083 ac
3019 3028 3267 3083 doctores
3288 3029 3358 3084 ad

126 3120 217 3173 τῶν
238 3122 422 3193 ψυχῶν
449 3122 795 3193 ἐπιμέλειαν.
837 3121 990 3192 Ἐμοὶ
1023 3121 1204 3175 τοίνυν
1236 3122 1318 3176 ἔτι
1360 3123 1459 3194 τῆς
1488 3123 1679 3194 χθιζῆς

1790 3116 2091 3169 animorum
2125 3117 2403 3186 pellieiunt
2443 3131 2656 3183 curam,
2700 3133 2764 3172 ac
2807 3118 3001 3174 blande
3053 3120 3373 3190 impellunt.

126 3215 311 3284 ἡμέρας
337 3219 367 3270 ό
391 3216 553 3285 λόγος
586 3218 793 3289 ἐνηχεῖ,
831 3219 925 3270 καὶ
955 3216 1257 3289 ἐγκάθηται
1300 3221 1367 3290 τῇ
1398 3220 1589 3291 μνήμῃ
1614 3219 1684 3273 τά

128 3306 422 3377 πονηθέντα.
460 3307 657 3361 Βλέπω
687 3307 778 3361 τὸν
810 3308 1045 3379 σταυρὸν
1076 3308 1165 3363 διὰ
1202 3310 1299 3380 τῆς
1341 3312 1684 3383 προφητείας

129 3397 259 3468 πρά
291 3398 514 3452 Ἡσαΐου
554 3397 924 3468 πηγνύμενον,
962 3401 1055 3452 καὶ
1096 3399 1167 3454 τὰ
1219 3401 1409 3470 ἱμάτια
1441 3402 1535 3454 τοῦ
1568 3404 1681 3454 Κυ-

128 3485 246 3552 ρίου,
275 3488 349 3551 ὠς
380 3488 452 3541 τά
480 3486 576 3541 τοῦ
609 3487 930 3558 ληνοϐάτου,
955 3491 1317 3560 κεχρωσμένα
1349 3491 1426 3562 τῷ
1450 3493 1645 3562 αἵματι
1666 3507 1680 3521 ·

129 3578 207 3628 καὶ
224 3577 311 3631 τὸν
340 3579 574 3651 Σωτῆρα
596 3580 690 3633 τὸν
722 3580 914 3650 μισθὸν
949 3582 1235 3653 πρόχειρον
1257 3584 1348 3637 ἐπὶ
1380 3583 1478 3654 τῆς
1505 3584 1685 3650 δεξιᾶς

130 3666 359 3737 ςέροντα.
398 3671 512 3723 Καὶ
553 3670 646 3723 τὸν
689 3671 1009 3740 Σολομῶντα
1042 3670 1230 3741 θεωρῶ
1267 3673 1335 3726 τὰ
1372 3671 1513 3740 ζυγά
1554 3675 1684 3744 ἡμῖν

129 3758 205 3810 καὶ
230 3761 348 3822 τοὺς
376 3759 655 3829 σταθμοὺς
682 3761 1015 3831 ἀκριϐοῦντα
1045 3764 1125 3826 είς
1157 3762 1406 3832 δύναμιν.
1454 3763 1557 3819 Καὶ
1585 3763 1681 3817 τοῦ

128 3847 432 3921 Εὑαγγελίου
464 3852 559 3904 τὸν
599 3854 1002 3925 χρεωφειλέτην
1058 3855 1333 3927 οἰκτείρω,
1389 3856 1464 3927 μὴ
1514 3844 1684 3927 μεταέ

128 3938 295 3997 ὼῦντα
316 3943 390 4016 τῷ
418 3945 699 4017 ὁμοδούλῳ
720 3947 817 4016 τῆς
851 3947 1042 4015 φιλανθ
1052 3948 1284 4017 ρωπίας,
1309 3943 1377 4020 ἧς
1398 3950 1551 4020 παρά
1585 3949 1682 4003 τοῦ

129 4032 371 4089 Δεστεότου
395 4037 743 4109 ’μετέλαϐενο
788 4038 904 4092 ἀλλ’
942 4041 1006 4092 ἐκ
1030 4041 1129 4112 τῆς
1163 4040 1418 4105 ἀϐουλίας
1448 4043 1540 4095 καὶ
1583 4043 1682 4114 τῆς

129 4123 494 4195 σκληρότητος,
542 4126 641 4199 τὴν
697 4127 831 4181 ίδίαν
879 4131 1165 4201 συμφοράν
1209 4132 1679 4202 ἁνανεωσάμενον.

130 4211 328 4279 Τούτοις
354 4218 466 4289 γὰρ
490 4222 605 4282 τοῖς
658 4220 976 4289 κεφαλαίοις
1007 4223 1150 4276 κατά
1181 4225 1278 4295 τὴν
1305 4225 1684 4295 παρελθοῦσαν

130 4303 403 4379 ἐκάμομεν,
432 4311 511 4372 ὡς
558 4311 675 4364 ἴστε
713 4313 933 4378 πάντες,
973 4316 1024 4367 οἱ
1063 4315 1163 4368 οὐκ
1188 4318 1246 4369 ἐν
1272 4319 1537 4388 παοέργῳ
1586 4317 1685 4389 τήν

128 4393 363 4454 ἀκρόασιν
390 4402 633 4473 θέμενοι.

189 4576 418 4650 Σήμερον
436 4580 493 4641 δὲ
525 4580 688 4634 πάλιν
713 4582 844 4653 ἡμῖν
868 4582 1037 4636 πολλὰ
1067 4585 1184 4653 μὲν,
1205 4586 1299 4639 καὶ
1321 4586 1462 4640 καλὰ
1478 4588 1675 4653 πάντα,

130 4665 213 4720 ὅσα
238 4672 323 4723 ἐπὶ
346 4672 444 4741 τῆς
463 4672 744 4744 τραπέζης
774 4674 837 4744 τῆ
855 4693 869 4734 ;
889 4675 1192 4746 όρωμένης,
1217 4677 1278 4730 τὸ
1304 4678 1525 4750 Πνεῦμα
1546 4697 1680 4733 κατ-

132 4758 277 4814 έθετο.
313 4764 621 4835 Ἐπέστησα
685 4765 741 4818 δὲ
774 4765 865 4821 τὸν
886 4765 1010 4821 νοῦν
1042 4770 1154 4832 τοῖς
1192 4767 1507 4841 ἀδολέσχαις
1532 4771 1671 4843 ὁμοῦ

133 4853 210 4904 καὶ
247 4860 561 4926 τεειρασταίς
596 4856 935 4927 Φαρισαίοις·
986 4860 1083 4913 καὶ
1126 4858 1333 4930 σφόδρα
1361 4877 1424 4929 γε
1477 4861 1677 4926 αὐτοὺς

131 4943 211 5014 τῆς
234 4948 528 5020 μοχθηρίας
549 4948 660 5005 τῶν
687 4951 901 5021 τρόπων
929 4950 1165 5023 ἠλέησα,
1206 4953 1294 5021 ἐφ’
1319 4945 1398 5014 οἷς
1446 4952 1539 5005 καὶ
1572 4951 1670 5023 τὴν

132 5040 290 5105 πηγὴν
314 5042 408 5113 τῆς
440 5042 633 5112 σοφίας
680 5045 798 5105 ταῖς
828 5042 1037 5097 ἑαυτῶν
1072 5044 1405 5115 ἐρωτήσεσιν
1450 5043 1673 5114 ἐπεχεί-

134 5141 241 5193 ρουν
282 5131 761 5203 κατασοφίζεσθαι,
794 5133 1012 5204 καὶτῆς
1049 5134 1418 5206 ἐγχειρήσεως
1438 5133 1679 5203 ἀπετύγ-

1785 3208 1912 3264 Mihi
1942 3210 2161 3277 quidem
2197 3210 2375 3265 adhuc
2405 3211 2628 3265 auribus
2675 3213 2895 3266 insonat
2936 3213 3039 3268 diei
3086 3214 3360 3270 hostem

1785 3311 1964 3354 sermo
1994 3340 2008 3361 ,
2072 3301 2414 3370 insidentque
2485 3304 2758 3357 memoria:
2810 3304 3060 3374 praelecta
3115 3315 3244 3363 tunc
3294 3322 3361 3362 ae

1784 3391 2218 3449 consideratione
2273 3391 2539 3446 discussa.
2591 3391 2758 3447 Video
2825 3409 3040 3449 crucem
3093 3396 3164 3451 ab
3216 3395 3356 3452 Isaia

1785 3481 2064 3548 prophetia
2094 3480 2278 3548 lixam,
2322 3495 2388 3533 ac
2430 3479 2642 3535 Domini
2697 3482 3051 3547 vestimenta,
3100 3494 3359 3554 tamquam

1784 3572 2044 3627 calcantis
2095 3572 2147 3626 itt
2204 3571 2481 3639 torculari,
2516 3585 2711 3628 cruore
2767 3572 2935 3627 tincta
2990 3574 3075 3641 '°;
3124 3577 3359 3647 denique

1786 3664 2147 3728 Salvatorem,
2179 3673 2488 3735 promptum
2521 3664 2742 3720 dextera
2766 3665 3359 3738 “peditumque-prta-

1787 3757 1954 3814 mium
1988 3758 2388 3826 praeferentem.
2422 3756 2602 3811 A'nimi
2634 3756 2808 3814 oculis
2840 3756 3183 3814 Salomoaent
3207 3775 3363 3829 aspeo

1785 3858 1894 3913 clo,
1926 3835 2346 3918 atquamjudicii
2395 3850 2685 3904 librantem
2730 3851 2988 3905 tutrinam
3022 3852 3089 3905 '“.
3143 3851 3362 3909 Miseret

1790 3954 1875 3994 me
1908 3940 2170 3995 debitoris
2197 3941 2520 4010 evangelici,
2557 3942 2648 4010 qui
2675 3942 2884 3996 Domini
2927 3942 2980 3997 in
3016 3943 3192 4014 ipsum
3226 3944 3363 3998 leni-

1788 4038 1952 4085 tatem
2010 4045 2073 4086 ac
2125 4031 2471 4086 clementiam
2530 4046 2797 4086 conservo
2852 4048 2956 4088 non
3002 4034 3266 4089 adhibens
3290 4035 3360 4100 ⁷⁸,

1786 4137 1883 4192 pro
1911 4122 2141 4178 stultitia
2173 4138 2237 4178 ac
2263 4123 2464 4177 duritie
2493 4138 2613 4189 sua,
2650 4123 2750 4178 sibi
2787 4126 2902 4193 ipse
2933 4116 3248 4182 instaurata;
3271 4142 3363 4181 ca-

1788 4211 2051 4268 lamitatis
2083 4227 2147 4268 ac
2175 4214 2410 4267 miseriae
2458 4223 2651 4269 auctor
2681 4212 2801 4268 fuit.
2835 4216 2894 4287 lu
2934 4216 3018 4270 his
3044 4217 3193 4271 enim
3217 4218 3365 4287 capi-

1789 4305 1931 4359 tibus
1962 4305 2048 4359 die
2074 4305 2353 4373 superiore
2380 4307 2627 4377 proximo
2683 4307 3056 4374 versabantur,
3108 4317 3166 4362 ut
3190 4311 3363 4366 nostis

1786 4411 1996 4459 omnes,
2029 4397 2074 4450 si
2103 4398 2193 4466 qui
2240 4412 2346 4451 non
2397 4396 2700 4467 indiligeuti
2749 4398 2936 4452 auditu
2982 4400 3225 4454 animum
3265 4402 3362 4456 ad-

1713 4495 1762 4554 ι)
1790 4487 2043 4542 vertistis.

1859 4577 2029 4633 Hodie
2055 4578 2216 4632 etiam
2244 4577 2404 4632 multa
2425 4579 2602 4642 nobis,
2619 4594 2790 4649 eaque
2814 4581 3157 4647 prteclara,in
3178 4594 3362 4636 mensa

1788 4684 1947 4740 quam
1979 4670 2193 4734 videtis,
2227 4673 2507 4739 proposuit
2534 4671 2792 4741 Spiritus.
2830 4672 3013 4743 Adjeci
3043 4682 3221 4727 autem
3253 4674 3364 4727 ani-

1798 4777 1940 4815 mum
1973 4764 2039 4830 ad
2070 4762 2317 4833 garrulus
2346 4762 2477 4818 istos
2527 4762 2851 4831 P-barisaaoa,
2898 4779 2962 4819 ac
3030 4773 3360 4829 tentatores;

1790 4853 2188 4924 plurimumque
2240 4869 2426 4909 eorum
2484 4856 2750 4913 misereor
2802 4857 3186 4926 improbitatis,
3218 4858 3367 4922 quod

1792 4952 1964 5020 ipsum
1993 4950 2277 5020 sapientia:
2302 4949 2509 5004 fontem
2544 4950 2658 5005 suis
2694 4948 3227 5019 interrogatiunculis
3254 4949 3369 5005 cir-

1788 5042 2107 5099 cumvenire
2143 5045 2382 5113 aggressi
2416 5052 2575 5109 sunt;
2612 5057 2919 5112 quanquam
2944 5039 3217 5112 Unigeniti
3254 5041 3364 5097 dei-

1792 5141 1901 5188 tate
1932 5147 2120 5187 eorum
2170 5133 2224 5187 in
2261 5134 2597 5191 contrarium
2644 5147 2860 5202 semper
2880 5134 3208 5203 quaestiones
3241 5146 3366 5191 ver.

190 5268 229 5300 "
257 5270 420 5328 Eccle.
453 5288 494 5335 ι,
542 5273 598 5326 2.
672 5271 719 5319 9⁸
740 5271 927 5327 Matth.
974 5288 1085 5340 xtx,
1117 5271 1153 5327 5
1188 5287 1309 5342 sqq.
1382 5271 1429 5303 τ⁰
1458 5270 1557 5325 lsa.
1596 5287 1680 5326 ut

1790 5272 1835 5327 5.
1911 5271 1955 5304 "
1995 5269 2059 5327 111
2099 5269 2233 5342 Reg.
2276 5286 2360 5336 ιιι,
2413 5271 2505 5325 24.
2582 5269 2628 5301 ⁷¹
2651 5268 2841 5323 Matth.
2863 5284 3015 5335 xvnt,
3046 5269 3144 5357 28ἶ

189 5382 288 5463 (51)
307 5383 435 5463 Tota
464 5385 686 5441 moralis
712 5394 815 5451 est,
845 5400 950 5455 qua
969 5386 1231 5463 Asterius,
1263 5396 1487 5463 excepto
1515 5386 1670 5439 adttl-
1776 5382 1848 5463 sit
1880 5384 2123 5463 adultera
2149 5385 2343 5463 mulier
2369 5385 2415 5441 si
2448 5385 2619 5463 fuerit
2644 5385 3082 5463 ettm__alio_viro;
3107 5383 3359 5463 cuisatm

134 5457 263 5518 tario,
294 5457 448 5510 alium
489 5471 708 5510 omnem
748 5467 1064 5525 praetextum
1096 5457 1396 5510 dimittendi
1449 5471 1665 5521 uxores,

134 5535 187 5576 ac
207 5526 349 5580 dandi
380 5526 621 5583 libellum
645 5527 873 5596 repudii,
902 5528 1141 5582 excludit
1165 5545 1180 5581 :
1211 5526 1345 5580 nihil
1368 5527 1663 5595 explicans.

1776 5457 2042 5513 doctrina:
2097 5458 2260 5511 etiam
2309 5455 2524 5510 concilii
2562 5455 2835 5526 generalis
2883 5456 3103 5509 decreto
3136 5456 3351 5526 tandem

1773 5527 2014 5593 sancitte,
2046 5528 2206 5581 audio
2247 5526 2468 5582 Graecia:
2516 5525 2678 5582 faeces
2730 5540 3105 5582 consuescere.
3149 5525 3353 5579 Iudicat

134 5605 188 5666 at!
233 5598 300 5651 sic
343 5598 561 5653 dimissa
617 5595 720 5651 aut
760 5599 1057 5661 dimittens,
1092 5614 1121 5651 a
1175 5596 1371 5666 prioris
1428 5596 1660 5666 conjugii
1769 5597 2014 5655 Asterius
2041 5596 2210 5652 fuisse
2243 5598 2390 5652 viros
2422 5612 2518 5652 sua
2541 5606 2702 5654 aetate
2734 5598 3023 5652 admodum
3051 5595 3240 5650 faciles
3266 5612 3355 5649 re-

135 5662 332 5738 tinente,
360 5668 512 5723 hberi
545 5668 815 5723 exsistant
845 5686 859 5722 :
889 5670 1030 5736 quoi
1060 5662 1292 5738 amplius
1325 5662 1657 5723 declaratu'm
1768 5669 2051 5736 pudiaudis
2123 5668 2410 5732 uxoribus,
2442 5683 2506 5722 ac
2548 5686 2576 5721 a
2629 5683 2689 5722 se
2733 5667 3086 5734 abdicandis;
3123 5679 3358 5738 eumque

134 5743 202 5786 est
231 5736 289 5793 ab
321 5740 598 5810 Apostolo,
628 5738 935 5810 excipiente
973 5736 1427 5805 solum‘mortem,
1459 5747 1516 5794 ut
1546 5751 1655 5793 non
1769 5738 1962 5797 merito
1986 5740 2213 5795 abusum
2242 5741 2361 5810 pius
2397 5739 2743 5796 ecelesiastes
2771 5738 3030 5804 exagitat.
