3820 6304
416 324 524 382 227

1692 314 1752 369 S.
1794 309 2071 370 ASTERII
2108 309 2410 368 AMASENI

3568 310 3694 367 2ἰ8

420 457 589 511 tente,
617 440 983 500 conatihus'et
1002 438 1151 495 ausis
1182 437 1297 494 suis
1325 434 1663 492 exciderunt.
1693 433 1768 490 De
1800 433 1995 504 quibus

2141 448 2280 498 ινον,
2316 432 2416 504 τῆς
2450 428 2547 485 τοῦ
2586 426 2928 497 Μονογενοῦς
2968 429 3223 502 θεοτητος
3252 432 3333 495 είς
3363 431 3695 487 τούναντίον

418 550 473 594 et
511 538 677 594 isaias
714 538 767 590 in
799 535 911 590 haec
968 532 1131 587 verba
1174 529 1488 601 prophetari
1538 527 1751 583 videtur
1786 543 1802 581 :
1836 528 1997 581 Aver-

420 642 530 685 tens
556 629 835 699 prudentes
860 634 1167 685 retrorsum,
1224 631 1271 676 et
1320 620 1600 675 consilium
1651 634 1831 673 eorum
1862 618 1996 673 stuic

422 729 532 772 tum
563 720 786 781 faciens,
805 725 854 771 et
899 724 1134 783 statuens
1186 715 1336 767 verba
1377 715 1528 781 pueri
1554 711 1638 765 sui
1667 710 1715 742 ⁷³
1740 728 1756 777 ;
1785 725 1849 764 ac
1878 724 1999 764 rur-

421 827 512 867 sus
543 811 708 865 David
734 827 748 863 :
774 807 990 878 Linguis
1013 806 1126 860 suis
1155 803 1334 858 dolose
1355 804 1574 874 agebant
1596 821 1614 869 ;
1631 802 1817 871 judico
1845 800 1988 865 illos,

422 901 598 968 Deus;
650 901 890 955 decidant
948 916 982 952 a
1047 896 1454 967 cogitationibus
1483 895 1594 949 suis
1619 894 1686 949 ⁷⁸.
1716 895 1998 948 Verumta-

422 1010 545 1047 men
576 993 778 1064 gratias
832 991 958 1057 illis,
1011 989 1137 1044 licet
1184 988 1534 1052 adversariis,
1586 988 1729 1059 quod
1773 989 2000 1057 Sapien—

424 1085 552 1137 tiam
589 1083 656 1138 ad
693 1081 1125 1150 respondendum
1159 1080 1593 1150 provocaverint,
1618 1096 1726 1150 quo
1754 1088 1997 1134 nostrum

423 1178 475 1232 in
505 1191 682 1241 usum,
716 1176 808 1245 qui
837 1174 955 1245 ejus
989 1172 1129 1228 servi
1156 1187 1377 1237 sumus,
1414 1175 1527 1228 inec
1565 1173 1762 1228 litteris
1798 1188 1861 1227 ac
1887 1186 2001 1226 me-

422 1264 613 1320 moria:
674 1265 1052 1333 proderentur.
1111 1261 1253 1317 Ecce
1283 1263 1427 1317 enim
1482 1262 1914 1333 matrimonium,
1946 1264 1998 1318 id

419 1366 524 1424 est,
547 1372 635 1412 res
659 1357 909 1411 humana:
938 1355 1066 1410 vitae
1092 1356 1351 1418 maxima,
1384 1354 1530 1409 velut
1553 1356 1619 1410 ad
1644 1372 1886 1412 normam
1913 1359 2002 1413 hic

422 1447 693 1517 dirigitur,
742 1446 969 1517 ejusque
1027 1444 1113 1500 vel
1162 1445 1519 1501 contrahendi
1554 1447 1639 1501 vel
1670 1448 2000 1506 dissolvendi

423 1549 590 1594 certae
639 1539 783 1605 leges
827 1538 1135 1593 traduntur.
1197 1537 1404 1605 Quibus
1460 1539 1746 1608 diligenter
1776 1552 2002 1611 uterque

424 1642 599 1699 cetus
635 1646 698 1686 ac
743 1645 906 1685 sexus
962 1630 1227 1693 attendat,
1301 1647 1407 1700 quo
1462 1641 1571 1686 tum
1614 1632 1847 1701 feminae,
1890 1644 1999 1691 tum

425 1721 553 1787 viri,
578 1737 697 1791 qua:
727 1720 945 1791 propria
968 1720 1229 1791 cujusque
1258 1722 1387 1787 sint,
1426 1724 1760 1779 condiscant.

499 1999 581 2053 An
610 2000 766 2055 liceat
793 1988 1001 2055 homini,
1047 2003 1310 2060 dimittere
1346 2020 1558 2059 uxorem
1592 2023 1743 2061 suam
1771 2023 2005 2076 quacun-

425 2107 526 2159 que
553 2106 618 2145 ea:
640 2108 822 2145 causa.
854 2091 926 2145 ita
945 2094 1162 2164 quidem
1188 2094 1350 2150 habet
1373 2093 1681 2151 Judmorum
1708 2098 2004 2167 prohiema.

428 2182 542 2253 Ego
574 2192 753 2238 autem
785 2183 1000 2238 aliunde
1035 2185 1239 2240 moveri
1300 2187 1364 2244 ad
1406 2187 1884 2255 interrogationem
1926 2191 2008 2243 vi-

431 2270 555 2326 deo.
584 2271 719 2337 Quia
752 2273 897 2327 enim
929 2271 1256 2329 feminarum
1305 2290 1468 2332 sexus
1521 2278 1586 2331 ad
1613 2277 1770 2332 iidem
1800 2278 2007 2334 facilior

428 2367 536 2423 est,
566 2373 630 2413 ac
656 2361 981 2430 propensior
1017 2362 1302 2418 videbatur
1348 2365 1401 2419 in
1462 2367 1746 2435 magniﬁca
1802 2367 2004 2425 Christi

430 2450 714 2516 miracula,
744 2462 910 2522 utque
937 2453 1056 2525 ejus
1104 2456 1346 2512 crederet
1375 2472 1439 2512 ac
1494 2460 1803 2514 admitteret
1831 2462 2005 2516 deita-

433 2551 542 2597 tem
574 2542 679 2615 (sic
711 2558 946 2613 namque
991 2545 1157 2601 etiam
1211 2558 1486 2617 postremo
1533 2565 1656 2605 cum
1721 2552 2007 2609 homicida:

412 2622 708 2715 proposito
733 2636 803 2691 ad
851 2636 1098 2706 supplicii
1144 2638 1319 2694 locum
1372 2641 1656 2697 Doininmn
1708 2646 2004 2711 traherent,

431 2727 692 2783 mulieres
720 2728 904 2783 multa:
939 2730 1246 2798 passionem
1282 2732 1742 2803 lamentabantur,
1770 2738 2008 2811 ﬂetuque

432 2816 730 2872 miserabili
785 2817 1122 2875 Salvatorem
1180 2825 1547 2893 Sequebantur
1594 2829 1663 2895 ")
1699 2847 1711 2882 :
1749 2842 1805 2884 ut
1830 2832 2005 2887 eidem

432 2909 576 2981 apud
605 2911 781 2981 ipsum
813 2909 1077 2965 oﬂ'ensam
1114 2928 1180 2968 ac
1239 2916 1420 2970 odium
1462 2917 1836 2988 importarent,
1862 2923 2009 2977 dolo-

302 3023 316 3039 σ
432 3016 554 3059 sam
588 3002 752 3058 istam
806 3003 1314 3075 interrogationem,
1372 3018 1533 3078 atque
1578 3010 1691 3065 haec
1721 3014 2007 3067 verborum

433 3091 585 3148 velut
641 3091 777 3148 retia
812 3093 1060 3150 fabricati
1121 3104 1263 3151 sunt.
1320 3095 1519 3152 Verum
1578 3099 1669 3154 ille
1696 3100 1873 3155 tioium
1906 3102 2006 3158 sibi

434 3182 764 3239 instructum
823 3183 1125 3239 divinitatis
1153 3185 1354 3241 virtute
1399 3189 1859 3255 animatlvertens,
1896 3199 2007 3245 tum

433 3272 642 3330 leniora
697 3275 1121 3348 henignioraque
1159 3279 1358 3333 mundo
1386 3266 1657 3345 sanciens,
1690 3294 1798 3336 tttnt
1823 3278 2009 3339 eorum

434 3366 660 3423 eludens
717 3368 969 3435 insidias,
1029 3370 1323 3425 secundum
1354 3370 1669 3428 mulieribus
1693 3388 2013 3444 responsum

436 3458 605 3529 dedit,
650 3469 904 3531 tanquam
940 3462 1128 3517 inanes
1157 3461 1312 3533 lupos
1330 3478 1395 3518 ac
1421 3476 1673 3533 expertes
1700 3469 1914 3536 praedae,
1932 3468 2014 3522 iu-

436 3565 652 3607 cassum
684 3551 967 3621 quaestioni
990 3552 1230 3608 intentos
1272 3551 1670 3623 inhiantesque,
1711 3554 2014 3615 Pharisaeos

438 3644 715 3716 ahlegans.
788 3641 929 3714 ipsa,
980 3643 1173 3714 inquit,
1226 3646 1432 3701 creatio
1459 3647 1875 3717 conjunctiouis,
1908 3665 2014 3705 non

438 3737 657 3792 divortii
725 3751 947 3806 scopum
1028 3739 1303 3793 ostendit:
1336 3739 1650 3810 primusque
1679 3730 2014 3811 nuptiarum

439 3842 661 3896 auspex.
695 3842 761 3882 ac
810 3827 1123 3883 conciliator
1157 3828 1274 3900 ipse
1323 3840 1408 3886 est
1468 3846 1646 3887 rerum
1697 3833 1896 3904 opifex,
1924 3834 2016 3905 qui

437 3919 667 3990 primos,
704 3933 843 3989 quos
864 3918 1115 3987 (luxerat,
1167 3920 1416 3978 homines
1463 3922 1731 3995 conjugaii
1791 3925 2018 3980 interse

441 4009 660 4067 vinculo
682 4012 973 4081 copulatis,
1012 4013 1381 4067 necessarium
1427 4016 1663 4085 posteris
1700 4016 2016 4073 convivendi

444 4116 509 4157 ac
535 4102 885 4158 cobabitandi
941 4103 1162 4158 tradidit
1210 4104 1479 4172 ordinem,
1542 4121 1702 4175 quem
1735 4117 1793 4162 ιιι.
1819 4108 1909 4165 Dei
1941 4108 2020 4165 le-

446 4207 591 4264 gem,
621 4204 869 4249 sanctum
912 4210 976 4249 ac
1028 4194 1389 4251 inviolabilem
1427 4196 1659 4253 habituri
1688 4210 1891 4255 essent.
1916 4198 2019 4268 Qui

444 4294 626 4340 autem
676 4301 817 4340 nesu
868 4294 976 4339 tam
1023 4294 1175 4341 arcto
1215 4286 1388 4356 juncti
1427 4298 1573 4351 sunt,
1610 4289 1725 4358 jam
1769 4307 1869 4345 non
1899 4302 2019 4345 sunt

442 4382 571 4444 duo,
587 4376 678 4432 sed
709 4394 817 4431 una
844 4394 968 4433 caro
995 4380 1169 4449 :quod
1190 4394 1313 4451 ergo
1348 4379 1486 4434 Deus
1524 4381 1813 4451 conjunxit.
1868 4385 2021 4439 homo

444 4486 547 4525 non
568 4480 788 4536 separet.

2097 525 2282 588 αὐτοῖς
2316 525 2403 578 ἀεὶ
2433 521 2872 595 περιτρεπούσης
2909 522 2978 576 τά
3014 524 3363 595 ἐρωτήματα.
3414 524 3550 596 Περὶ
3578 516 3693 586 ὧν,

2101 614 2197 686 μοὶ
2228 614 2393 679 δοκεῖ,
2435 616 2530 669 καὶ
2567 613 2792 676 Ἡσαΐας
2831 613 3187 685 προφητεύων
3236 613 3447 684 ἔλεγεν·
3515 617 3700 669 Ἀπο-

2097 704 2375 776 στρέφων
2402 705 2733 775 φρονίμους
2749 704 2836 769 είς
2851 707 2924 757 τὰ
2944 700 3157 769 ὀπίσω,
3181 704 3279 758 καί
3305 703 3418 772 τὴν
3431 703 3699 773 βουλὴν

2098 796 2299 851 αὐτῶν
2325 798 2661 867 μωραίνων,
2694 794 2792 848 καὶ
2835 792 3022 848 ἱστῶν
3052 794 3294 866 ῥήματα
3330 795 3546 863 παιδὸς
3569 796 3698 849 αὺ-

2099 888 2207 944 τοῦ
2227 907 2241 920 ·
2277 889 2371 943 καὶ
2398 889 2560 944 πάλιν
2584 886 2749 941 Δαϐίδ
2769 903 2783 916 ·
2816 886 2950 953 Ταῖς
2986 889 3295 955 γλώσσαις
3318 888 3519 943 αὐτῶν
3545 888 3698 943 ἐδο-

2100 980 2391 1035 λιοῦσανο
2416 980 2624 1049 κρῖνον
2642 977 2885 1044 αὐτοὺς,
2918 980 2950 1033 d
2980 980 3124 1046 Θεός
3146 996 3163 1013 ⁸
3197 980 3699 1036 ἀποπεσάτωσαν

2099 1070 2216 1125 ἀπὸ
2255 1069 2375 1124 τῶν
2428 1067 2787 1124 διαϐουλιῶν
2827 1067 3046 1123 αὐτῶν.
3077 1071 3224 1144 Πλὴν
3262 1072 3420 1144 χάρις
3458 1073 3697 1138 αὐτοῖς,

2100 1163 2194 1215 καὶ
2215 1162 2494 1233 πολεμίοις
2532 1161 2923 1232 τυγχάνουσιν,
2953 1161 3036 1215 ὅτι
3066 1161 3163 1235 τὴν
3197 1164 3388 1235 σοφίαν
3423 1163 3702 1237 ἐκίνησαν

2102 1254 2239 1327 πρὸς
2266 1255 2581 1328 ἀπόκρισιν,
2619 1256 2708 1309 ἵνα
2737 1255 2872 1326 ἡμῖν
2916 1258 3029 1321 τοῖς
3073 1256 3279 1319 δούλοις
3327 1258 3699 1330 ἀνάγραπτον

2102 1348 2378 1422 καταλίπῃ
2409 1348 2518 1401 τῶν
2548 1352 2934 1424 συμφερόντων
2976 1349 3072 1421 τὴν
3105 1349 3360 1421 μάθησιν.
3400 1350 3535 1405 Ἰδοὺ
3574 1350 3701 1424 γὰρ

2101 1439 2130 1491 ό
2158 1440 2336 1511 γάμος
2376 1440 2740 1509 κανονίζεται,
2776 1444 3011 1514 πρᾶγμα
3051 1441 3145 1494 τοῦ
3176 1441 3529 1510 ἀνθρωπικοῦ
3565 1442 3698 1513 βίου

2103 1533 2422 1604 κεφάλαιον,
2459 1534 2554 1587 καὶ
2578 1534 2676 1606 τῆς
2700 1537 3009 1599 συστάσεως
3033 1533 3222 1598 αὑτοῦ,
3254 1536 3348 1588 καὶ
3373 1536 3473 1607 τῆς
3498 1535 3664 1590 διαλύ
3680 1566 3701 1577 ο

2104 1641 2243 1688 σεως
2272 1623 2522 1696 ἀκριϐεῖς
2545 1625 2959 1696 νομοθετοῦνται
2979 1627 3026 1679 οἱ
3052 1626 3186 1698 ὅροι.
3213 1619 3313 1678 Ὧν
3335 1625 3455 1679 λίαν
3482 1628 3703 1682 ἐσπου-

2105 1713 2388 1786 δασμένως
2439 1715 2727 1770 ἀκουσάτω
2768 1716 2838 1770 τὰ
2882 1716 2976 1770 δύο
3010 1717 3301 1787 τάγματαο
3362 1717 3449 1772 ίνα
3506 1718 3607 1772 καὶ
3661 1719 3704 1792 ή

2033 1799 2075 1853 Β
2104 1810 2485 1877 γυναικωνῖτις
2543 1808 2805 1879 παιδευθῇ
2851 1808 2919 1862 τά
2970 1808 3097 1874 ίδια,
3158 1809 3254 1862 καὶ
3302 1810 3335 1880 ή
3380 1809 3705 1881 ἁνδρονῖτις

2103 1899 2356 1971 ὠφεληθῇ
2389 1900 2456 1954 τά
2486 1899 2757 1971 ἐξαίρετα.

2173 1993 2242 2044 El
2290 1990 2535 2055 ἔξεστιν
2584 1990 2870 2061 ἀνθρώπῳ
2918 1989 3227 2046 ἀπολῦσαι
3284 1991 3400 2061 τὴν
3431 1992 3704 2063 γυναῖκα

2106 2082 2295 2137 αὐτοῦ
2349 2082 2499 2137 κατὰ
2551 2082 2760 2137 πᾶσαν
2813 2084 3030 2138 αἰτίαν.
3089 2083 3262 2138 Τοῦτο
3301 2085 3401 2155 μὲν
3447 2080 3541 2139 οῦν
3576 2086 3704 2139 τῶν

2118 2175 2387 2246 Ἐϐραίων
2429 2175 2491 2228 τὸ
2524 2174 2837 2248 πρόϐλημα,
2884 2176 3024 2245 Ἐγὼ
3070 2176 3208 2249 πρὸς
3247 2177 3355 2230 τῶν
3383 2177 3559 2232 ἄλλων
3596 2178 3703 2231 τὸν

2111 2267 2312 2321 σκοπὸν
2336 2267 2517 2337 βλέπω
2548 2268 2651 2338 τῆς
2687 2269 3028 2340 ἐρωτήσεως.
3076 2270 3295 2341 Ἐπειδὴ
3332 2270 3440 2341 γὰρ
3482 2269 3547 2323 τὸ
3580 2271 3705 2324 τῶν

2106 2358 2383 2429 γυναικῶν
2416 2358 2573 2427 γένος
2600 2356 2961 2430 εὐκολώτερον
2987 2359 3103 2412 ἐστι
3133 2360 3270 2431 πρὸς
3293 2359 3355 2413 τὸ
3380 2359 3699 2423 πείθεσθαι,

2109 2452 2205 2504 καὶ
2255 2450 2454 2522 μᾶλλον
2509 2450 2826 2504 ἐπεκλίνετο
2857 2451 2993 2523 πρός
3037 2468 3098 2504 τε
3148 2452 3248 2523 τὴν
3298 2451 3405 2506 τῶν
3442 2452 3706 2524 τεράτων

2113 2541 2538 2614 μεγαλουργίαν,
2575 2542 2671 2593 καὶ
2693 2541 2828 2611 πρὸς
2859 2540 2956 2613 τήν
2979 2542 3373 2611 συγκατάθεσιν
3391 2545 3486 2597 καὶ
3507 2543 3707 2598 πίστιν

2108 2634 2208 2705 τῆς
2249 2633 2502 2704 θεότητος
2535 2631 2630 2686 τοῦ
2668 2632 2905 2704 Χριστοῦ
2945 2633 3107 2704 (οὕτω
3134 2652 3218 2689 τοι
3253 2635 3347 2690 καί
3378 2635 3704 2693 τελευταῖον

2108 2725 2217 2778 τῶν
2261 2726 2600 2799 ἀνδροφόνων
2634 2725 2744 2779 τῶν
2795 2729 2855 2797 τῇ
2906 2726 3102 2801 γνώμῃ
3147 2727 3282 2800 πρὸς
3323 2728 3414 2781 τὸν
3454 2731 3704 2802 σταυρὸν

2110 2817 2378 2872 ἑλκόντων
2410 2816 2502 2870 τὸν
2540 2817 2769 2888 Κύριον,
2802 2818 2866 2871 τὸ
2899 2817 3105 2889 πλῆθος
3134 2819 3245 2872 τῶν
3270 2819 3568 2889 γυναικῶν,
3600 2824 3707 2876 καὶ

2084 2909 2173 2962 ’τὸ
2224 2909 2398 2973 πάθος
2459 2907 2796 2981 ἀπεθρήνει,
2844 2910 2940 2963 καὶ
2989 2910 3316 2964 ἀκολουθοῦν
3351 2911 3429 2983 τῷ
3473 2912 3707 2985 Σωτῆρι

2112 2998 2363 3065 ἐλεεινῶς
2413 3000 2812 3074 ἀπεδάκρυεν)’
2851 3002 2939 3056 ίνα
2966 3002 3089 3055 τινὰ
3135 3004 3553 3077 προσκρουσμδν
3598 3006 3709 3059 καὶ

2110 3091 2433 3163 δυσμένειαν
2475 3091 2647 3163 αὐτῷ,
2695 3092 2835 3165 πρὸς
2871 3092 2933 3145 τὸ
2964 3091 3215 3164 σύστημα
3258 3093 3367 3147 τῶν
3415 3095 3709 3164 γυναικῶν

2115 3184 2537 3255 μηχανήσωνται
2568 3183 2657 3238 διὰ
2684 3184 2784 3255 τῆς
2804 3183 3027 3256 δολερᾶς
3049 3185 3391 3257 ἐρωτήσεως,
3417 3186 3574 3240 αὐτοὶ
3599 3188 3711 3259 μὲν

2110 3276 2181 3331 τὰ
2201 3276 2467 3348 θήρατρα,
2499 3275 2576 3340 ὡς
2614 3275 2885 3347 ἐνόμιζον,
2912 3277 3008 3330 καὶ
3034 3278 3162 3341 τοὺς
3191 3277 3421 3349 βρόχους
3451 3279 3581 3343 τοὺς
3610 3277 3710 3332 διὰ

2112 3368 2220 3421 τῶν
2271 3368 2446 3437 λόγων
2478 3367 2777 3440 ἐπήξαντο·
2820 3369 2850 3420 ό
2895 3368 2953 3421 δὲ
2982 3369 3188 3441 Κύριος
3230 3371 3298 3442 τῇ
3344 3369 3575 3440 δυνάμει
3598 3370 3709 3443 τῆς

2115 3459 2365 3533 θεότητος
2389 3460 2602 3531 βλέπων
2627 3461 2722 3515 τοῦ
2750 3461 3302 3533 κατασκευαζομένου
3331 3462 3430 3533 τὴν
3460 3479 3712 3535 κακουρς

2114 3552 2263 3621 γίαν,
2290 3551 2424 3622 ὁμοῦ
2447 3553 2504 3605 δὲ
2533 3553 2628 3607 καὶ
2647 3552 2715 3606 τὰ
2737 3550 3095 3624 φιλάνθρωπα
3113 3552 3456 3625 δογματίζων
3474 3553 3556 3626 τῷ
3577 3553 3709 3625 βίῳ,

2116 3640 2389 3705 κάκείνοις
2416 3640 2515 3712 τὴν
2538 3640 2757 3712 ἐνεδραν
2794 3642 3030 3712 ματαίαν
3067 3642 3538 3717 ἀπεργαζόμενος,
3573 3662 3712 3699 συν-

2116 3731 2422 3807 ηγοροῦσαν
2446 3734 2568 3796 ταῖς
2615 3734 2834 3802 γυναιξὶ
2860 3735 3229 3807 προδάλλεται
3256 3735 3356 3808 τὴν
3382 3735 3708 3809 ἀπόκρισιν*

2116 3826 2312 3890 λύκους
2330 3825 2521 3890 κενοὺς
2546 3825 2879 3897 ἀποπέμψας
2908 3829 3035 3891 τοὺς
3058 3827 3409 3900 Φαρισαίους,
3447 3826 3711 3899 διακενῆς

2116 3919 2195 3992 τῷ
2212 3920 2526 3993 ἐρωτήματι
2558 3921 2985 3993 περιχήναντας.
3042 3922 3213 3995 Αὐτὴ,
3248 3923 3465 3995 φησὶ,ή
3498 3923 3707 3991 κτίσις,

2121 4013 2439 4083 συναφείας,
2464 4013 2562 4068 καὶ
2590 4014 2651 4067 ού
2683 4012 2998 4078 διαλύσεως,
3046 4014 3415 4070 ἐπιδείκνυται
3443 4015 3537 4070 τὸν
3575 4033 3710 4070 σκο-

2120 4108 2255 4163 πόν·
2305 4109 2403 4162 καὶ
2457 4106 2551 4161 τοῦ
2608 4107 2787 4176 γάμου
2816 4105 3031 4179 πρῶτος
3074 4108 3445 4179 νυμφοστόλος
3490 4107 3647 4161 ἐστὶν
3680 4110 3712 4161 δ

2120 4199 2485 4272 Δημιουργὺς,
2545 4198 2675 4263 τοὺς
2733 4198 3196 4269 πρωτοπλάστους
3248 4198 3575 4272 ἀνθρώπους
3628 4198 3712 4271 τῷ

2121 4287 2345 4360 γαμικῷ
2369 4280 2635 4355 συζεύξας
2661 4286 2845 4359 δεσμῷ
2865 4303 2880 4318 ’
2919 4287 3046 4352 δοὺς
3071 4289 3187 4353 τοῖς
3214 4288 3601 4361 γενησομένοις
3625 4291 3712 4356 εἰς

2124 4380 2315 4434 ἔπειτα
2343 4381 2440 4452 τὴν
2463 4378 2786 4435 ἀκολουθίαν
2800 4380 2899 4451 τῆς
2921 4380 3284 4453 συνοικήσεως
3306 4370 3710 4453 ἀπαραίτητον,

2125 4474 2195 4545 ήν
2227 4474 2393 4545 τιμᾷν
2422 4472 2697 4545 προσῆκον
2739 4471 2815 4536 ὡς
2861 4471 3026 4543 νόμον
3070 4470 3230 4526 Θεοῦ.
3269 4472 3332 4526 Ol
3359 4472 3418 4527 δέ
3455 4471 3711 4545 ἀλλήλοις

446 4560 829 4631 συναφθέντες,
853 4561 965 4616 οὐκ
1003 4562 1094 4617 ἐτι
1133 4560 1253 4616 eici
1299 4560 1433 4630 δύο,
1474 4563 1637 4619 ἀλλὰ
1681 4563 1839 4633 σὰρξ
1878 4564 2016 4636 μία·
2056 4564 2240 4631 ὥστε,
2283 4563 2315 4620 ὃ
2350 4560 2716 4628 συνέζευξεν
2776 4564 2809 4618 d
2841 4560 3007 4629 Θεὸς,
3065 4560 3379 4631 ἄνθρωπος
3408 4561 3497 4633 μὴ
3535 4581 3713 4634 χωρι-

443 4654 602 4717 (seu.

517 4750 663 4807 Sane
696 4749 912 4821 quidem
955 4751 1068 4807 haec
1105 4750 1396 4809 Phariszeis
1469 4762 1597 4807 tunc
1641 4754 1783 4809 dicta
1827 4753 2011 4810 fuere:

2209 4748 2434 4821 Ἑλέχθη
2469 4748 2567 4820 μὲν
2598 4747 2768 4803 ταῦτα
2791 4749 2904 4812 τοῖς
2928 4746 3243 4819 Φαρισαίοις
3268 4745 3412 4801 τότε·
3435 4745 3713 4803 ἀκούσατε

448 4854 639 4896 verum
672 4856 818 4897 nunc
844 4855 1080 4911 quoque,
1113 4856 1209 4896 vos
1248 4843 1443 4897 horum
1474 4843 1772 4906 institores,
1818 4845 2019 4913 audite,

444 4935 539 5007 qui
561 4948 658 4989 ceu
683 4942 885 4998 vestes,
912 4932 1140 4988 subinde
1165 4948 1362 4988 uxores
1386 4934 1627 5000 nuitatis;
1642 4937 1731 5005 qui
1758 4935 2024 4994 thalamos

449 5034 561 5079 tam
601 5038 743 5095 saepe
769 5039 835 5079 ac
888 5022 1051 5077 facile
1099 5029 1263 5089 atque
1304 5021 1667 5079 nundinarum
1714 5020 2023 5079 tabernulas

447 5117 689 5185 struitis;
737 5116 828 5186 qui
879 5116 1058 5171 dotem
1104 5128 1169 5169 ac
1200 5115 1336 5168 bona
1383 5112 1605 5179 ducitis,
1661 5115 2025 5186 conjugesque

450 5208 517 5263 ad
563 5217 831 5278 quaestum
878 5220 944 5262 ac
992 5205 1415 5276 negotiationem
1467 5205 1715 5272 habetis;
1788 5208 1876 5276 qui
1920 5207 2024 5264 levi

449 5301 633 5358 statim
664 5299 982 5365 oiiensioue,
1016 5297 1221 5367 repudii
1258 5282 1493 5354 libellum
1522 5299 1902 5367 conscribitis;
1933 5300 2025 5369 qui

452 5392 507 5447 in
534 5390 671 5444 vivis
705 5391 969 5444 hactenus
997 5394 1238 5458 agentes,
1267 5388 1455 5443 viduas
1482 5387 1664 5457 plures
1699 5387 2025 5457 relinquitis.

454 5481 570 5537 Hoc
598 5496 727 5537 vero
763 5491 936 5535 ratum
969 5495 1034 5535 ac
1063 5480 1287 5537 omnino
1324 5494 1640 5549 persuasqu
1683 5479 1877 5535 habete
1903 5497 1916 5535 :
1942 5493 2032 5534 ex-

2121 4843 2180 4897 δέ
2201 4841 2319 4904 νῦν,
2346 4844 2395 4895 oi
2418 4840 2624 4896 τούτων
2653 4840 2913 4912 κάπηλοι,
2932 4840 3028 4893 καὶ
3050 4838 3150 4904 τάς
3176 4840 3460 4909 γυναῖκας,
3485 4839 3563 4905 ὼς
3581 4841 3598 4893 ί
3606 4842 3714 4912 μά-

2123 4951 2235 4998 τια,
2267 4932 2502 4995 εὐκόλως
2529 4931 2972 5004 μετενδυόμενοι·
3005 4933 3055 4985 οί
3080 4930 3182 4996 τὰς
3207 4931 3484 4994 παστάδας
3505 4931 3713 4987 πολλά-

2125 5041 2213 5088 κις
2239 5024 2333 5077 καὶ
2356 5023 2553 5095 ῥᾳδίως
2583 5024 2908 5095 πηγνύντες,
2936 5023 3013 5087 ὡς
3045 5023 3263 5095 πανηγύ
3274 5041 3409 5096 ρεως
3436 5025 3714 5095 ἐργαστή-

2132 5131 2257 5188 ριαο
2295 5115 2344 5168 oi
2388 5115 2486 5178 τάς
2516 5116 2777 5188 εὐπορίας
2817 5116 3155 5188 γαμοῦντες,
3188 5118 3283 5171 καὶ
3311 5117 3411 5181 τὰς
3442 5119 3714 5185 γυναῖκας

2129 5206 2597 5279 ἐμπορευόμενοι·
2627 5209 2675 5263 oi
2707 5208 2901 5279 μικρὸν
2937 5207 3384 5281 παροξυνόμενοι,
3426 5208 3519 5263 καὶ
3546 5207 3711 5272 εὐθὺς

2123 5298 2185 5352 τὸ
2220 5298 2421 5369 βιϐλίον
2454 5299 2555 5370 τῆς
2587 5300 2905 5372 διαιρέσεως
2932 5302 3265 5372 γράφοντεςο
3301 5302 3351 5356 oi
3375 5300 3577 5364 πολλὰς
3606 5304 3713 5373 χή-

2131 5408 2229 5462 ρας
2257 5393 2315 5446 ἐν
2346 5391 2425 5463 τῷ
2470 5390 2571 5463 ζῇν
2608 5392 2688 5446 ἔτι
2724 5392 3252 5464 καταλιμπάνοντες.
3305 5393 3595 5465 Πείσθητε,
3627 5397 3715 5450 ὅτι

2127 5485 2307 5555 γάμος
2359 5484 2576 5556 θανάτῳ
2631 5486 2777 5556 μόνῳ
2815 5485 2910 5539 καὶ
2963 5485 3181 5557 μοιχείᾳ
3220 5485 3590 5539 διακόπτεται.
3633 5488 3712 5541 Οὐ

453 5571 627 5642 ceptis
661 5578 836 5625 morte
860 5585 924 5625 ac
949 5568 1237 5636 adulterio,
1275 5568 1419 5624 nulla
1451 5583 1516 5624 ex
1549 5583 1715 5626 causa
1748 5567 2011 5624 matrimo

2141 5575 2262 5649 γὰρ,
2293 5575 2483 5648 ὥσπερ
2510 5577 2602 5630 ἐπὶ
2627 5577 2737 5631 τῶν
2770 5577 3074 5651 ἑταιρίδων,
3119 5579 3296 5651 ὀλίγος
3325 5580 3548 5653 ἡμερῶν
3585 5584 3712 5657 ἀρι-

526 5748 574 5783 ¹⁸
609 5749 712 5807 isa.
745 5766 890 5819 xuv,
917 5750 1008 5807 25.
1084 5753 1130 5785 "
1165 5748 1313 5809 Psal.
1340 5767 1395 5818 v,
1427 5749 1516 5807 ii.
1589 5751 1634 5784 ⁷⁸
1658 5748 1788 5809 Luc.
1817 5765 1975 5820 χχιιι,
2006 5752 2101 5811 27.
