3820 6304
135 276 245 334 229

1248 283 1527 344 HOMILIA
1564 287 1630 344 V.
1669 288 1735 346 IN
1767 289 2030 348 MATTII.
2062 289 2205 355 XIX,
2240 293 2296 347 5.

3316 299 3427 357 250

135 398 282 467 Dab;
315 396 571 470 πειράζει
629 397 729 468 τὴν
776 396 1111 468 συμϐίωσιν,
1158 400 1253 454 κα)⁸
1301 401 1470 474 μόνην
1527 403 1707 476 θηρεύι

1853 404 1999 459 nium
2043 405 2244 460 dirimi.
2291 403 2407 461 Non
2446 407 2593 462 enim
2622 409 2698 464 uti
2732 426 2785 465 in
2825 414 3183 471 meretriculis
3222 431 3424 488 pauco-

135 489 372 560 ἠδονὴν,
401 486 576 548 οὕτως
607 486 724 540 ἐστὶ
747 489 844 543 καὶ
878 489 1097 542 ἐπὶτῶν
1130 490 1280 562 νόμῳ
1305 493 1398 546 καὶ
1437 492 1621 564 θεσμῴ
1647 512 1738 548 τε-

133 579 228 633 λου
238 580 426 651 μένων
448 597 462 610 ⁸
491 579 628 633 ἀλλά
663 582 771 633 πᾶν
796 581 1128 646 τούναντίον,
1156 576 1200 635 ὦ
1228 583 1499 656 ἄνθρωπε,
1532 587 1631 656 μία
1656 605 1739 651 τις

134 673 346 736 ἒνωσις
389 672 600 740 γίνεται
641 674 735 725 καὶ
781 673 1032 744 σώματος
1073 675 1168 727 καὶ
1197 675 1396 746 ψυχῆς,
1441 677 1515 741 ὼς
1551 678 1738 731 καὶτὸ

133 761 269 835 ἦθος
323 763 399 834 τῷ
447 763 566 834 ἤθει
604 765 1135 834 συνανακιρνᾶσθαι,
1172 767 1267 820 καὶ
1308 768 1406 839 τὴν
1447 769 1627 840 σάρκα
1668 774 1733 842 τῇ

138 857 309 926 σαρκὶ
362 856 565 929 τρόπον
613 855 734 908 τινά
787 856 1150 912 συνδεδέσθαι.
1197 859 1321 923 Πῶς
1367 855 1460 913 οῦν
1509 861 1736 925 ἀπαθῶς

134 950 438 1020 διατέμνης
485 948 613 1010 Πῶς
652 949 892 1013 εὐκόλως
924 952 1016 1004 καὶ
1057 953 1228 1024 χωρὶς
1272 952 1566 1023 ἀλγηδόνος
1604 956 1736 1007 ἀνα·-

135 1042 376 1109 χωρεῖς,
415 1037 532 1107 βίου
577 1038 836 1091 κοινωνὸν
881 1037 1094 1104 λαϐὼν,
1142 1040 1242 1093 οὐκ
1269 1039 1466 1109 ὀλίγων
1509 1040 1734 1113 ἡμερῶν

132 1131 438 1202 ὑπηρέτιν,
468 1131 570 1200 τὴν
597 1131 837 1202 ἀδελφὴν
875 1133 968 1184 καὶ
1009 1135 1276 1197 γυναῖκα,
1329 1133 1590 1205 Ἀδελφὴν
1631 1135 1732 1204 μὲν

132 1225 274 1276 κατά
323 1223 415 1278 τὸν
450 1223 608 1292 λόγον
650 1223 751 1292 τῆς
789 1224 1039 1288 πλάσεως
1074 1225 1171 1278 καὶ
1204 1225 1301 1296 τῆς
1370 1226 1732 1298 δημιουργίας

134 1317 152 1383 (
178 1317 272 1382 ἀ·,;’
306 1315 432 1379 ἐνὸς
460 1315 572 1388 γὰρ
603 1316 778 1369 αίτίου
801 1317 847 1347 ⁷⁸
878 1317 977 1386 τῆς
1011 1317 1114 1387 γῆς
1141 1318 1235 1370 καὶ
1265 1317 1366 1388 τῆς
1398 1319 1567 1389 αὐτῆς
1599 1318 1730 1390 ὕλης

131 1407 411 1476 ὑπέστητε
437 1407 481 1477 )·
517 1409 758 1476 γυναῖκα
802 1407 888 1472 δὲ,
929 1407 1015 1461 διὰ
1049 1407 1145 1479 τὴν
1191 1409 1383 1462 ἕνωσιν
1428 1411 1528 1482 τῆς
1569 1409 1732 1476 συζυ-

132 1500 276 1567 γίας,
305 1500 400 1554 διὰ
426 1501 522 1554 τὸν
561 1500 727 1571 νόμον
763 1500 858 1553 τοῦ
885 1501 1082 1571 γάμου.
1113 1502 1271 1554 Ποῖον
1299 1497 1391 1556 οὖν
1415 1502 1731 1575 διαρῥήξεις

130 1591 355 1661 δεσμὸν,
390 1591 488 1646 καὶ
516 1591 670 1662 νόμῳ
706 1591 988 1662 δεδεμένος
1021 1592 1114 1646 καὶ
1148 1592 1340 1662 (posst;
1376 1594 1498 1658 Πῶς
1520 1595 1576 1648 δὲ
1599 1594 1728 1648 ἀθε-

131 1683 319 1752 τήσεις
348 1679 448 1742 τὰς
470 1680 790 1751 ὁμολογίας,
815 1680 882 1744 ἀς
907 1681 999 1734 ἐπὶ
1029 1681 1108 1751 τῷ
1136 1681 1301 1753 γάμῳ
1323 1683 1554 1736 κατέθου
1576 1700 1590 1749 ;
1617 1684 1729 1738 Καὶ

1847 510 1966 550 rum
1991 495 2197 550 dierum
2225 509 2482 552 numerus
2524 501 2937 556 contubernium
2980 507 3190 574 prohat,
3234 523 3298 564 ac
3334 525 3426 564 so-

1846 586 1950 640 lam
1999 599 2226 641 venatur
2276 589 2638 658 voluptatem,
2683 594 2867 648 itidem
2925 595 2978 650 in
3037 597 3104 652 iis
3159 615 3279 656 sese
3337 618 3425 660 res

1860 671 2047 735 habet,
2079 688 2197 742 qua:
2225 676 2324 729 rite
2353 687 2407 731 et
2435 693 2498 732 ex
2529 679 2642 744 lege
2680 681 2818 736 liunt
2844 700 2858 735 :
2892 684 2984 738 sed
3019 689 3175 756 plane
3206 704 3421 758 contra,

1843 778 1877 817 ο
1911 764 2080 820 bone!
2137 762 2249 818 Una
2303 769 2642 823 contrahitur
2671 775 2918 842 corporis
2948 786 2999 830 et
3032 779 3225 835 anima:
3256 784 3425 839 socie-

1846 865 1949 921 tas,
2007 869 2065 911 ut
2117 867 2174 914 et
2221 859 2450 915 aﬂ‘ectns
2501 861 2786 919 all'cctibus
2839 874 3312 938 connnisceantur,
3369 887 3425 933 et

1841 961 1970 1002 caro
2000 948 2149 1003 carni
2190 951 2588 1019 quodaminodo
2628 955 2930 1026 colligetur.
2981 959 3082 1026 Qui
3122 977 3252 1034 ergo
3290 967 3421 1021 nihil

1841 1037 2070 1094 alTectus
2122 1056 2186 1094 ac
2238 1041 2423 1096 dolens
2477 1045 2792 1101 divelleris?
2843 1049 3122 1116 Quomodo
3163 1054 3317 1110 facile
3358 1073 3423 1112 ac

1839 1132 1958 1187 sine
2003 1131 2244 1186 molestia
2285 1137 2710 1206 mgrimouiaqne
2752 1142 2987 1210 recedis,
3045 1146 3134 1213 qui
3182 1149 3302 1202 vine
3333 1165 3422 1204 so-

1839 1224 1978 1278 ciam
2007 1225 2130 1294 (non
2155 1225 2404 1279 ancillam
2432 1228 2498 1280 ad
2529 1221 2689 1281 b'reve
2714 1235 2967 1298 tempus),
2997 1251 3237 1290 sororem
3257 1251 3420 1309 atquc

1839 1331 2062 1370 uxorem
2092 1317 2413 1386 acceperis?
2439 1320 2693 1374 Sororem
2726 1325 2964 1390 quidem,
2999 1336 3058 1379 ut
3088 1330 3414 1384 creationem

1838 1421 1905 1461 ac
1946 1407 2209 1476 originem
2245 1419 2493 1477 spectes;
2528 1425 2593 1464 ex
2631 1428 2737 1465 uno
2773 1413 2917 1467 enim
2943 1415 3211 1474 elemento
3238 1432 3414 1486 terrae,

1837 1498 2140 1568 eademque
2215 1499 2437 1554 materia
2495 1503 2696 1556 conditi
2763 1505 2936 1560 estis:
2974 1523 3196 1562 uxorem
3265 1529 3415 1576 vero,

1839 1599 2058 1660 propter
2080 1591 2312 1662 conjugii
2345 1593 2612 1660 c0pulam,
2640 1609 2859 1665 pr0pter
2884 1601 3194 1668 nuptiarum
3221 1603 3414 1673 legem.

1836 1677 2007 1745 Quale
2060 1680 2188 1734 illud
2224 1691 2600 1751 quantumque
2639 1684 2968 1755 abrupturus
3015 1705 3075 1745 es
3125 1692 3416 1758 vinculum,

132 1772 291 1836 ποίας
326 1772 432 1825 οῖει
470 1789 539 1843 με
569 1772 786 1841 λέγειν;
811 1768 958 1843 Ἀρα
979 1773 1078 1844 τῆς
1108 1775 1331 1845 προικὸς
1363 1775 1465 1846 τῆς
1493 1792 1706 1849 συγγρα

1837 1784 1958 1822 cum
2002 1770 2135 1841 legis
2187 1772 2398 1827 ratione
2452 1774 2740 1844 astrictus},
2796 1786 2905 1830 tum
2949 1782 3190 1835 naturae?
3252 1783 3417 1838 Pacta

131 1864 329 1933 ᾳείσης
361 1863 626 1926 ἐνταῦθα,
665 1863 756 1916 ὅτε
790 1866 856 1934 τῇ
891 1864 1086 1917 σαυτοῦ
1115 1867 1262 1938 χειρὶ
1294 1868 1628 1941 ὲπεσημήνω
1654 1871 1707 1942 tu;

1835 1860 2094 1929 nuptialia
2145 1877 2208 1916 ac
2256 1863 2574 1932 sponsiones
2631 1869 2898 1935 quomodo
2940 1871 3252 1926 rescindes?
3288 1873 3417 1940 Qua:

129 1955 343 2025 βιελίῳ,
365 1954 904 2027 ὲπισφραγιζόμενος
929 1955 997 2008 τά
1012 1955 1346 2026 τελούμενα;
1383 1959 1600 2031 ’ἰσχυρὰ
1632 1962 1707 2033 μὲι

1833 1965 1962 2005 vero
1998 1961 2155 2021 putas
2179 1967 2246 2007 ex
2278 1970 2364 2010 me
2390 1967 2545 2024 pacta
2589 1957 2821 2012 audire?
2852 1961 2932 2014 An
2978 1964 3173 2030 quibus
3213 1968 3412 2036 scripta

128 2050 234 2122 γὰρ
292 2052 568 2115 κάκεῖνα,
617 2051 714 2104 καὶ
771 2051 961 2122 ἱκανὴν
1011 2053 1113 2123 τὴν
1163 2054 1461 2122 ἀσφάλειαν
1497 2054 1727 2126 ἔχοντα·

134 2142 268 2213 πλὴν
296 2143 413 2212 ὲγὼ
445 2143 589 2214 πρὸς
623 2143 723 2214 τὴν
761 2141 944 2214 φωνὴν
976 2143 1070 2196 τοῦ
1115 2143 1286 2215 Ἀδὰμ.
1321 2145 1558 2216 ἐμαυτὸν
1595 2149 1728 2202 άνα-

127 2238 276 2308 φέρω
298 2254 313 2268 ⁸
360 2237 554 2292 Τοῦτο
615 2236 776 2304 σὰρξ
817 2237 886 2292 ἐκ
939 2234 1057 2290 τῶν
1101 2237 1347 2306 σαρκῶν
1402 2257 1556 2309 μου,
1626 2241 1726 2295 καὶ

128 2331 356 2384 ὀστοῦν
381 2330 454 2384 ἐκ
490 2328 614 2384 τῶν
637 2328 834 2384 ὀστῶν
857 2347 976 2400 μου
1001 2348 1015 2361 ·
1043 2330 1194 2399 αὕτη
1213 2330 1585 2401 κληθήσεται
1602 2351 1724 2404 μου

127 2421 306 2490 γυνή.
338 2421 498 2492 Δῦτη
520 2423 556 2490 ὴ
587 2421 740 2493 φωνὴ
790 2422 852 2475 οὐ
889 2422 1064 2493 μάτην
1096 2421 1446 2492 ἀνάγραπτος
1469 2423 1723 2489 σώζεται·

295 2514 457 2583 κοινή
502 2513 650 2565 ἐστιν
682 2511 792 2564 τῶν
831 2511 1134 2585 ἀνθρώπων
1174 2514 1435 2585 ὁμολογία
1455 2556 1470 2580 ,
1501 2515 1569 2570 δι’
1605 2517 1725 2582 ἑνὸς

128 2603 424 2674 προσώπου
480 2604 575 2658 τοῦ
622 2603 844 2675 πρώτου
881 2603 1056 2676 τούτῳ
1084 2605 1129 2637 ⁷⁷
1171 2606 1336 2678 κοινῷ
1372 2607 1565 2680 πλήθει
1614 2609 1724 2663 τῶν

128 2697 406 2764 γυναικῶν
462 2695 784 2760 ἐκτεθεῖσα,
829 2696 939 2750 τῶν
963 2697 1112 2768 νόμῳ
1152 2701 1266 2762 τοῖς
1307 2699 1562 2770 ἀνδράσιν
1599 2717 1725 2755 συν-

127 2789 478 2859 απτομένων.
504 2789 616 2842 Καὶ
644 2787 720 2860 μὴ
745 2787 1051 2860 θαυμάσῃς,
1083 2789 1131 2842 εἰ
1157 2789 1215 2856 ἐξ
1240 2783 1314 2843 ὧν
1337 2789 1495 2854 ἄλλος
1547 2785 1719 2859 εἶπεν,

129 2879 281 2943 ἄλλος
329 2879 646 2935 εὐθύνεται.
682 2878 870 2933 Πάντα
908 2879 1018 2951 γάρ
1059 2880 1162 2934 ὅσα
1201 2881 1328 2952 περὶ
1365 2879 1475 2934 τῶν
1509 2898 1724 2953 πρωτο-

63 2953 74 2962 .
128 2971 382 3026 πὶὰστων
413 2973 474 3026 ὲν
503 2972 702 3042 ἀρχαῖς
735 2969 959 3042 συνέϐη,
983 2969 1156 3026 ταῦτα
1183 2971 1279 3025 τοῦ
1307 2971 1603 3026 ἀκολούθου
1638 2972 1724 3042 γέ-

128 3084 242 3132 νους
275 3068 448 3137 φύσις
477 3067 712 3136 ἐγένετο.

325 3114 444 3213 ξέν’
455 3114 786 3212 λξέιέῑξεξτδ
806 3157 904 3228 τῆς
929 3157 1301 3230 Κοσμοποιίας
1322 3157 1523 3229 βιϐλίον
1551 3158 1584 3230 ἡ
1618 3157 1722 3230 μά·
1748 3114 1792 3172 C

126 3264 236 3319 την
253 3247 533 3322 ἀφιεμένη
559 3249 721 3319 γυνὴ,
752 3246 955 3322 ἐλκύσῃ
983 3266 1042 3301 σε
1067 3247 1202 3320 πρὸς
1223 3249 1314 3302 τὸν
1335 3247 1595 3320 δικαστὴν
1623 3249 1723 3318 (δι-

130 3344 334 3414 καστὴν
359 3342 455 3395 τὸν
478 3342 644 3396 αὑτὸν
673 3341 768 3395 καὶ
796 3342 1095 3413 μάρτυρα),
1123 3340 1379 3407 τίλέξεις,
1405 3340 1564 3406 είπέ;
1596 3340 1723 3406 Πῶς

130 3432 434 3502 ἐξαλείφεις
461 3433 561 3505 τὴν
588 3431 785 3486 σαυτοῦ
818 3433 1022 3504 φωνὴν,
1055 3435 1122 3504 ῆν
1145 3433 1240 3486 ἐπὶ
1276 3432 1412 3486 Θεοῦ
1453 3433 1718 3504 ἐποιήσω,

126 3517 188 3592 ἧς
210 3521 592 3591 συγγραφεὺς,
616 3521 741 3574 ἀντὶ
769 3521 972 3575 εὐώνου
999 3522 1529 3596 συμϐολαιογράφου,
1561 3525 1719 3579 Moab-

128 3616 220 3684 σῆς
265 3615 296 3666 ὀ
351 3613 448 3666 τοῦ
495 3612 636 3667 Θεοῦ
691 3613 945 3688 Θεράπων
992 3616 1238 3685 ὲγένετο;
1296 3616 1570 3689 Ἀπάτορα
1623 3618 1718 3672 καὶ

127 3706 376 3777 ἀμήτορα
418 3706 520 3776 τὴν
552 3708 787 3774 γυναῖκα
819 3708 847 3759 ὀ
879 3705 1011 3770 Θεὸς
1031 3706 1110 3779 τῷ
1144 3705 1317 3778 Ἀδὰμ
1349 3705 1561 3771 ἐξέδοτο
1583 3725 1595 3738 ’
1625 3709 1720 3762 καὶ

124 3795 202 3850 διὰ
225 3799 389 3852 τοῦτο
412 3797 488 3860 ὡς
520 3797 778 3870 κηδεμὼν
803 3798 902 3869 τὴν
929 3800 1172 3870 ὀρφανὴν
1202 3798 1573 3869 ἠσφαλίσατοο
1605 3801 1720 3864 τοῖς

127 3888 215 3958 τῆς
243 3888 461 3960 μητρὸς
483 3889 543 3942 δὲ
564 3887 660 3941 νῦν
687 3887 1050 3960 δικαιώμασιν
1082 3889 1317 3961 ίσχυρῶς
1343 3891 1397 3944 αἱ
1419 3890 1718 3962 θυγατέρες

127 3982 423 4054 κέχρηνται
472 3981 616 4036 κατά
661 3980 772 4035 τῶν
818 3982 1151 4054 ἀγνωμόνων
1185 3983 1283 4036 καὶ
1329 3981 1574 4036 ἀπίστων
1625 3983 1719 4036 ἀν-

126 4071 290 4142 δρῶν’
342 4071 490 4126 ὥστε
545 4088 628 4126 σοι
683 4071 1020 4144 πανταχόθεν
1065 4075 1098 4144 ἡ
1150 4073 1557 4143 καταφρόνησις
1615 4073 1717 4144 τῆς

127 4166 363 4238 γαμετῆς
400 4166 688 4230 ἀδύνατος,
729 4167 824 4220 καὶ
864 4166 1115 4238 ἀρχαίοις
1157 4167 1342 4237 νόμοις
1373 4169 1487 4230 τοῖς
1529 4165 1712 4230 θείοις,

129 4261 214 4310 καὶ
260 4260 409 4322 νέοις
454 4257 826 4329 ἀνθρωπικοῖς
867 4257 1154 4328 δεδεμένῳ.
1191 4257 1518 4311 Δυσωπείτω
1565 4258 1622 4311 δέ
1655 4275 1714 4311 σε

127 4352 211 4403 καὶ
235 4351 296 4404 τὸ
322 4352 600 4422 χρήσιμον
626 4350 726 4420 τῆς
770 4349 1029 4418 γυναικὸς
1060 4349 1195 4420 πρὸς
1235 4349 1326 4402 τὸν
1361 4348 1492 4419 βίον.
1538 4350 1713 4414 Μέλος

128 4439 354 4513 ὑπάρχει
376 4481 394 4506 ,
445 4440 641 4512 βοηθός
678 4443 856 4494 ἐστιν’
892 4440 1153 4510 συνεργὸς
1182 4441 1262 4503 εἰς
1303 4440 1580 4510 διαγωγὴν
1611 4441 1708 4495 τοῦ
1743 4483 1787 4537 D

1826 2038 1936 2109 jam
1985 2043 2128 2106 dote,
2182 2053 2235 2096 et
2281 2045 2398 2112 ipse
2448 2060 2609 2098 tnann
2655 2049 2872 2119 propria
2922 2051 3311 2122 subScripsisti,
3351 2071 3444 2110 ae-

1831 2133 2065 2202 sigilluin
2134 2137 2434 2204 apposuisti
2511 2141 2707 2193 tuum?
2783 2142 2918 2196 Sunt
2998 2149 3246 2214 equidem
3321 2149 3409 2203 illa

1831 2243 2044 2296 quoque
2084 2229 2258 2283 valida
2305 2245 2366 2285 ac
2412 2230 2565 2284 lirnia
2607 2233 2740 2286 satis
2771 2251 2784 2288 :
2815 2251 2915 2306 ego
2950 2239 3302 2294 nihilominus
3343 2244 3412 2296 ad

1828 2320 2020 2376 Adatni
2060 2337 2244 2377 vocem
2271 2338 2502 2392 provoco
2528 2341 2546 2378 °.
2582 2323 2712 2379 Ila'c
2742 2342 2865 2380 caro
2891 2345 2954 2382 ex
2979 2331 3225 2386 carnibus
3247 2335 3414 2401 meis;

1827 2414 1924 2467 hoc
1955 2431 2010 2468 os
2037 2430 2102 2467 ex
2130 2413 2331 2468 ossibus
2371 2416 2498 2468 meis
2524 2431 2539 2481 ;
2585 2418 2698 2483 ipsa
2739 2420 3006 2472 vocabitur
3039 2439 3173 2475 uxor
3207 2441 3322 2478 mea
3339 2426 3409 2480 "".

1826 2504 1902 2558 Ea
1948 2519 2044 2558 vox
2093 2520 2197 2557 non
2241 2504 2440 2559 frustra
2489 2507 2817 2576 scriptorum
2863 2514 3226 2570 monumentis
3277 2531 3411 2570 con-

1827 2597 2038 2668 signata
2091 2609 2292 2664 manet,
2350 2601 2441 2655 sed
2496 2609 2554 2653 ut
2603 2601 2839 2655 virorum
2891 2606 3214 2671 communis,
3247 2609 3410 2664 unius

1825 2689 1985 2759 primi
2051 2690 2212 2759 hujus
2257 2706 2373 2756 ore,
2435 2690 2760 2746 feminarum
2824 2694 2956 2748 viris
3010 2695 3409 2766 jnngendarutn

1828 2781 2088 2836 universo
2113 2783 2267 2836 sexui
2299 2783 2469 2849 edita,
2507 2793 2685 2838 exstet
2717 2784 3008 2841 confessio.
3035 2790 3112 2842 Ac
3147 2804 3214 2844 ne
3240 2790 3407 2846 mire-

1826 2873 1922 2938 ris,
1971 2873 2131 2928 unius
2160 2889 2224 2930 ex
2263 2876 2440 2930 verbis
2486 2883 2710 2930 Caeteros
2771 2876 3019 2947 obligari.
3064 2879 3409 2953 Quaecunque

1823 2961 1969 3015 enim
2012 2963 2156 3017 circa
2204 2964 2564 3033 protoplastos
2611 2966 2730 3020 illos
2776 2965 2935 3021 initio
2969 2971 3306 3040 acciderunt,
3351 2973 3404 3030 in

1827 3061 2078 3108 naturam
2109 3056 2342 3124 posteris
2373 3056 2643 3111 abierunt.

1897 3143 2076 3211 Quare
2113 3145 2158 3201 si
2205 3146 2402 3202 mulier
2448 3155 2650 3202 temere
2690 3150 2934 3214 dimissa,
2983 3163 3196 3223 sumpto
3230 3153 3408 3210 Gene-

1823 3249 1945 3290 seos
1982 3235 2142 3302 libro,
2182 3237 2246 3290 ad
2277 3236 2517 3304 judicem
2563 3239 2817 3310 (judicent
2873 3243 3024 3297 illum
3064 3245 3312 3300 eumdem
3343 3262 3406 3302 ac

1825 3327 2044 3398 testem)
2080 3337 2133 3382 te
2187 3333 2535 3399 pertraxerit,
2568 3334 2657 3387 dic
2689 3336 2968 3404 age,‘quid
3017 3338 3407 3406 respondebis?

1823 3417 1924 3486 Qui
1964 3430 2108 3474 tuam
2141 3419 2251 3491 ipse
2290 3437 2472 3476 vocem
2505 3423 2745 3495 defugies
2776 3443 2838 3480 ac
2865 3427 3201 3494 obliterabis,
3236 3447 3398 3499 «luant

1821 3515 1923 3569 sub
1954 3513 2063 3567 Deo
2089 3515 2204 3584 ipso
2245 3515 2466 3572 locutus
2492 3531 2586 3581 es,
2626 3534 2896 3589 quamque
2926 3536 3030 3575 non
3058 3522 3177 3576 vilis
3208 3524 3404 3592 aliquis

1824 3606 2026 3672 scriba,
2063 3607 2156 3661 sed
2210 3605 2304 3662 Dei
2348 3607 2584 3662 [annulus
2620 3607 2831 3681 Moyses
2879 3613 2931 3665 in
2981 3617 3402 3672 commentarios

1821 3696 2068 3768 redegit?
2120 3696 2298 3752 Patris
2347 3699 2644 3769 matrisque
2696 3701 2887 3757 solatio
2939 3703 3251 3759 destitutam
3283 3723 3402 3761 ml-

1815 3785 2006 3844 lierem
2039 3789 2178 3845 Dens
2208 3791 2416 3846 Adamo
2440 3793 2771 3848 contradidit
2798 3812 2813 3861 ;
2848 3811 3021 3866 eaque
3053 3780 3283 3866 ratione,
3322 3800 3398 3855 uti

1817 3881 1992 3937 bonus
2022 3890 2264 3947 curator,
2297 3882 2486 3952 puella:
2520 3883 2698 3938 tutelae
2730 3887 3044 3956 prospexit:
3085 3889 3177 3943 sed
3211 3901 3264 3944 et
3294 3907 3403 3943 ma-

1820 3975 1994 4030 ternis
2025 3990 2169 4030 nunc
2200 3975 2416 4047 juribus
2443 3991 2507 4033 ac
2535 3993 2712 4033 causa:
2748 3977 3103 4036 ﬁrmamentis
3138 3982 3400 4038 adversus

1818 4067 2013 4121 inlidos
2061 4066 2458 4138 improbosque
2495 4070 2718 4124 maritos
2760 4083 2881 4126 sese
2927 4071 3115 4140 puellae
3145 4082 3398 4140 tuentur;

1816 4158 2059 4228 adeoque
2128 4160 2484 4230 undequaque
2542 4175 2768 4215 uxorem
2833 4161 3131 4232 despicatui
3197 4165 3400 4220 habere

1813 4252 2143 4322 prohiberis,
2178 4252 2270 4322 qui
2317 4260 2371 4306 et
2419 4253 2659 4322 antiquis
2706 4253 2908 4324 Deique
2941 4256 3173 4325 legibus,
3217 4259 3399 4314 novis-

1812 4361 1921 4417 que
1943 4362 2008 4402 ac
2030 4346 2282 4400 humanis
2321 4345 2582 4400 astrictus
2617 4349 2874 4403 tenearis.
2920 4349 3188 4405 lncutiant
3225 4354 3397 4422 pudo-

1817 4451 1929 4491 rem
1967 4437 2053 4489 vel
2087 4435 2210 4490 vitae
2234 4437 2674 4503 commoditates,
2707 4453 2843 4508 quas
2868 4455 3004 4495 uxor
3031 4440 3206 4496 aﬂert.
3235 4443 3395 4498 Mem-

129 4532 254 4602 βίου,
290 4538 376 4598 είς
407 4533 618 4588 παίδων
646 4533 895 4602 γένεσιν·
934 4532 1090 4586 νόσου
1134 4531 1442 4604 ἐπίκουρος,
1479 4531 1707 4603 θλίψεων

1829 4534 1972 4583 brum
2003 4538 2106 4591 est,
2138 4528 2371 4617 adiutrix
2410 4537 2516 4593 est,
2571 4530 2696 4584 vitae
2721 4531 2890 4598 socia,
2935 4548 2995 4587 ac
3024 4537 3390 4590 communium

128 4625 474 4698 παραμυθία,
510 4625 685 4695 φύλαξ
723 4625 823 4694 τῆς
857 4625 1042 4688 ἑστίας
1063 4664 1078 4688 ,
1113 4623 1388 4696 θησαυρὸς
1419 4623 1527 4676 τῶν
1575 4641 1711 4695 κτη-

131 4717 339 4786 μάτων·
388 4717 460 4770 τὰ
512 4717 655 4770 αὐτὰ
710 4715 1064 4786 λυπουμένη,
1114 4716 1181 4768 τὰ
1224 4714 1364 4768 αὐτὰ
1408 4714 1708 4786 χαίρουσα·

127 4812 291 4864 κοινὸν
316 4809 644 4881 κεκτημένη
670 4808 762 4862 τὸν
785 4807 1033 4873 πλοῦτον,
1055 4809 1103 4860 εξ
1127 4801 1330 4879 παρείη
1352 4823 1364 4837 ο
1388 4807 1487 4878 τὴν
1508 4805 1713 4878 μοχθη-

132 4901 220 4970 ρὰν
239 4899 612 4972 οἰκονομοῦσα
651 4899 865 4963 πενίαν,
913 4898 1239 4970 εὐμηχάνως
1270 4897 1366 4952 καὶ
1424 4898 1710 4970 καρτερῶς

129 4994 421 5067 ἀντέχουσα
457 4993 596 5064 πρὸς
623 4992 694 5046 τὰ
719 4992 850 5064 παρ’
880 4991 1097 5062 ἐκείνης
1123 4989 1381 5062 ὀδυνηρά,
1409 4989 1709 5060 ἐπιμόχθου

130 5087 510 5159 παιδοτροφίας
533 5083 840 5156 ἀνεχομένη
863 5083 952 5137 διὰ
983 5085 1084 5154 τὴν
1112 5082 1250 5155 πρὸς
1283 5083 1342 5135 σὲ
1375 5081 1706 5152 συνοίκησιν.

132 5178 215 5232 Ἂν
237 5180 293 5234 δέ
319 5196 425 5232 ¹που
463 5177 790 5247 περίστασις
818 5173 1102 5246 καταλάϐῃ
1129 5173 1492 5245 πραγμάτων.
1524 5171 1710 5242 βαπτι-

131 5270 258 5336 6021.;
292 5269 656 5340 ἀφανίζεται’
683 5270 733 5322 οἱ
754 5267 810 5322 δὲ
839 5268 1186 5339 νομιζόμενοι
1215 5265 1378 5334 φίλοι,
1414 5264 1492 5336 τῷ
1528 5263 1705 5336 καιρῷ

128 5363 210 5434 τῆς
236 5363 546 5438 εὐπραγίας
572 5363 675 5434 τὴν
709 5359 892 5430 φιλίαν
933 5359 1290 5432 μετροῦντες,
1326 5356 1703 5428 ὑποχωροῦσιν

130 5456 178 5506 ὲν
194 5458 298 5519 τοῖς
321 5455 524 5518 δεινοῖς
543 5470 558 5486 ο
599 5455 652 5506 oi
683 5451 860 5507 δοῦλοι
912 5453 1008 5507 καὶ
1037 5452 1128 5505 τὸν
1150 5449 1420 5518 δεσπότην
1449 5445 1585 5518 ὁμοῦ
1611 5447 1705 5500 κα)⁸

129 5545 214 5607 τὰς
226 5545 514 5618 συμφοράς
530 5541 983 5615 δραπετεύουσιν.
1004 5543 1268 5597 Λείπεται
1289 5537 1523 5608 λοιπὸνὴ
1543 5537 1700 5609 γυνὴ,
1723 5573 1730 5586 .

189 5729 232 5762 ¹⁶
263 5731 336 5785 ίσ.
386 5728 680 5801 στοιχείου.
763 5727 807 5760 "
845 5725 970 5795 Leg.
1013 5723 1224 5780 τούτου.

1324 5724 1368 5755 "'
1405 5722 1541 5780 Gen.
1587 5739 1647 5792 ιι,
1686 5722 1778 5778 23.

1809 4621 2042 4692 genitrix
2077 4621 2391 4686 liberorum,
2436 4623 2489 4676 in
2527 4623 2730 4679 morbis
2769 4625 3108 4694 Opitnlatrix,
3149 4627 3200 4680 in
3247 4628 3394 4681 cala-

1811 4713 1995 4767 mitate
2039 4712 2302 4777 solamen,
2355 4714 2547 4769 domus
2591 4723 2799 4780 custos,
2851 4730 2915 4770 ac
2959 4717 3220 4772 honorum
3277 4721 3390 4775 the-

1808 4817 2023 4858 saurus.
2055 4803 2379 4859 Communes
2405 4805 2478 4859 illi
2519 4805 2772 4871 tristitiae,
2811 4807 3117 4861 connnunia
3152 4809 3383 4878 gaudia;

1811 4911 2147 4961 communes,
2183 4897 2226 4952 si
2273 4911 2395 4966 qua:
2439 4907 2587 4963 sunt,
2634 4897 2875 4968 possidet
2921 4913 3086 4968 opes;
3141 4915 3253 4954 rem
3315 4911 3393 4956 te.

1809 5000 1971 5040 nuem
2000 4995 2054 5040 et
2083 4999 2365 5056 angustam
2411 4988 2601 5043 sedulo
2639 4998 2932 5054 sustentat,
2979 4990 3228 5060 maloque
3260 5008 3392 5062 pau-

1807 5077 2055 5146 pertatis,
2105 5088 2364 5148 quantum
2397 5089 2595 5150 potest,
2658 5082 2895 5136 occurrit
2922 5097 2983 5136 ac
3024 5083 3271 5151 resistit;
3310 5085 3393 5138 la-

1807 5168 1993 5224 borem
2047 5170 2279 5241 denique
2319 5180 2373 5224 et
2403 5170 2704 5226 molestiam
2744 5173 3046 5228 educandis
3079 5175 3263 5231 liberis
3313 5177 3392 5231 iii-

1807 5271 2023 5331 gentem
2055 5262 2133 5317 tui
2166 5277 2330 5317 causa
2377 5262 2719 5319 contubernii
2767 5265 2932 5320 subit.
2975 5265 3130 5332 Quod
3164 5269 3210 5324 si
3247 5267 3402 5326 forte

1813 5356 2098 5410 calamitas
2118 5355 2357 5426 {incidit,
2409 5355 2498 5410 ille
2541 5357 2697 5413 malis
2741 5358 2966 5415 obrutus
3012 5361 3186 5429 latet;
3228 5361 3389 5418 amici

1811 5451 1902 5520 qui
1964 5449 2709 5516 censebantur,amicitiam
2762 5452 3026 5509 felicitate
3081 5455 3388 5519 metientes,

1815 5543 1975 5599 rebus
2012 5544 2258 5599 adversis
2285 5557 2406 5599 sese
2433 5545 2739 5600 subducunt
2765 5563 2779 5612 ;
2810 5545 2952 5603 servi
2975 5546 3254 5602 dominum
3292 5562 3388 5616 pa-
