3820 6300
385 309 487 383 23!

1668 309 1728 365 S.
1768 307 2046 366 ASTERII
2085 309 2398 369 AMASENI

3560 312 3691 371 232

384 441 521 496 riter
542 455 610 494 ac
637 434 889 493 miserias
928 430 1162 507 fugiunt.
1188 418 1587 483 Solaadhaaret
1622 437 1778 488 uxor,
1822 438 1971 493 aegra

2115 426 2177 479 οὖ
2203 425 2488 489 νοσοῦντος
2512 425 2713 498 μέρους
2740 424 2800 479 τὸ
2826 423 3008 496 μέλοςζ
3023 435 3127 481 και
3156 436 3253 480 των
3275 389 3462 482 κακῶν
3480 428 3685 501 δούλην

385 530 555 602 partis
602 527 928 592 membrum,
980 533 1036 580 et
1063 523 1118 578 iu
1151 518 1311 577 malis
1367 526 1529 571 serva
1583 528 1649 571 ac
1694 513 1972 579 ministra,

386 624 681 696 maritique
712 623 926 679 addicta
951 616 1236 688 obsequio,
1256 612 1526 683 lacrymas
1549 606 1843 677 abstergit;
1868 606 1977 696 plaf

384 731 480 789 gas
511 729 575 771 ac
592 695 686 772 vel
702 715 853 783 hera,
883 713 928 768 si
955 725 1077 781 qua:
1115 706 1195 762 illi
1237 698 1492 775 imposita
1523 698 1653 762 sint,
1681 704 1839 754 cur‘at
1868 714 1884 765 ;
1925 695 1974 751 si

385 810 455 865 ad
503 823 784 865 carcerem
832 805 1071 869 ducitur,
1112 801 1354 856 adhaeret
1393 811 1609 863 comes;
1657 809 1724 849 ac
1773 792 1820 849 si
1848 791 1975 863 quis

319 924 331 933 -
386 905 692 974 ingressum
741 899 972 956 liberum
1018 895 1241 963 fecerit,
1292 893 1526 948 libenter
1576 894 1684 943 una
1735 902 1859 942 cum
1909 888 1976 941 eo

376 988 890 1057 .'coucluditur:sin
941 992 994 1047 id
1051 990 1410 1060 prohibetur,
1471 984 1617 1040 sicut
1685 974 1976 1035 familiaris

390 1092 523 1146 hero
552 1083 801 1152 catellus,
825 1083 891 1138 ad
921 1081 1163 1137 carceris
1189 1078 1416 1148 januam
1449 1073 1702 1148 assidetg

455 1178 591 1236 Novi
640 1193 740 1248 ego
766 1175 1079 1239 mulierem,
1126 1185 1269 1241 qum,
1308 1178 1520 1222 attonsa
1557 1177 1738 1227 coma,
1770 1165 1977 1215 vestem

390 1273 629 1338 virilem,
668 1282 901 1340 eamque
925 1266 1198 1332 floridam,
1238 1260 1433 1326 induit,
1475 1268 1534 1313 ut
1574 1271 1641 1311 ne
1670 1254 1850 1310 virum
1892 1250 1976 1305 fu-

391 1367 632 1441 gieutem
678 1363 1045 1429 latentemquc
1083 1358 1335 1412 deserere
1387 1358 1692 1423 cogeretur.
1730 1346 1807 1402 lta
1850 1360 1973 1441 cum

390 1437 719 1516 servitutem
771 1453 980 1511 servire
1024 1450 1291 1514 videatur,
1345 1442 1557 1500 aﬂ‘ectui
1606 1453 1735 1496 vere
1766 1437 1971 1494 servit:

390 1554 555 1623 inque
584 1564 649 1606 eo
688 1545 812 1603 vita:
854 1559 1054 1615 genere
1084 1543 1282 1596 multos
1326 1536 1504 1608 exegit
1554 1542 1775 1599 annos,’
1799 1530 1976 1587 locum

388 1621 605 1701 exvloco
628 1648 866 1705 mutans,
892 1651 958 1692 ac
982 1634 1328 1711 solitudinem
1357 1645 1425 1685 ex
1446 1626 1759 1685 solitudine.
1785 1621 1977 1679 Talem

2076 519 2170 572 καὶ
2199 519 2297 588 τῆς
2328 517 2424 571 τοῦ
2457 518 2650 590 ἀνδρὸς
2676 518 2976 592 θεραπείας
2996 537 3008 553 ο
3029 519 3092 585 τρ
3116 517 3352 592 δάκρυον
3378 521 3683 593 ἀποψῶσα·

2076 609 2175 682 τὴν
2222 609 2474 682 πληγὴν,
2520 610 2586 665 ἂν
2629 611 2934 682 μαστιχθῇ,
2977 609 3391 683 θεραπεύουσα·
3442 614 3690 668 ἀκολου-

2078 702 2248 757 θοῦσα
2285 702 2430 775 πρὸς
2453 702 2826 775 δεσμωτήριον
2872 704 3158 775 ἀγομένων
3184 703 3286 759 κᾶν
3313 705 3413 777 μέν
3440 724 3527 771 τις
3553 708 3685 779 ἀφῇ

2077 795 2464 862 συνεισελθεῖν,
2503 795 2671 867 ἡδέως
2702 795 2802 866 τῆς
2835 793 3170 868 καθείρξεως
3203 801 3475 852 κοινωνεῖ’
3511 800 3580 853 ἂν
3620 799 3687 853 δὲ

2077 888 2294 962 κωλυθῇ
2322 889 2417 943 καὶ
2436 889 2616 950 τοῦτο,
2646 891 2771 952 ταῖς
2805 887 3000 961 θύραις
3036 889 3130 944 τοῦ
3159 890 3558 966 δεσμωτηρίου,
3596 893 3689 958 ὡς

2078 982 2315 1048 κυνίδιον
2345 982 2425 1055 τῷ
2455 981 2693 1057 δεσπότῃ
2724 982 2975 1054 σύνηθες,
3012 984 3343 1057 παραμένει.

2153 1155 2364 1226 Ἔγνων
2393 1156 2504 1228 ἐγὼ
2531 1160 2790 1227 γυναῖκα,
2822 1161 2916 1215 καὶ
2938 1162 3036 1234 τὴν
3060 1163 3240 1235 κόμην
3265 1164 3551 1237 κείρασαν,
3572 1166 3684 1220 καὶ

2077 1248 2338 1323 ἀνδρικὴν
2370 1251 2736 1326 περιθεμένην
2765 1253 2971 1326 ἐσθῆτα
2991 1295 3006 1319 ,
3033 1258 3129 1310 καὶ
3154 1259 3363 1331 ταύτην
3389 1252 3679 1333 ἀνθεινῆν,

2077 1342 2166 1397 ἵνα
2187 1344 2382 1417 ἀνδρὸς
2410 1345 2704 1416 φεύγοντος
2733 1349 2829 1401 καὶ
2862 1352 3251 1421 κρυπτομένου
3285 1351 3361 1425 μὴ
3396 1355 3678 1428 χωρισθῇ.

2077 1434 2275 1502 Δοῦλος
2306 1433 2531 1492 δὲέἶναι
2553 1438 2805 1504 δοκοῦσα,
2841 1439 3059 1513 ἀληθῶς
3092 1442 3334 1498 δουλεύει
3371 1444 3448 1518 τῷ
3478 1447 3639 1519 πόθῳ
3661 1464 3680 1479 ·

2076 1529 2173 1584 καὶ
2203 1528 2390 1583 τοῦτον
2413 1530 2502 1584 τὸν
2536 1531 2650 1603 βίον
2684 1535 2741 1587 ὲν
2773 1533 2989 1598 πολλοῖς
3018 1533 3195 1589 ἔτεσιν
3224 1537 3545 1605 διετέλεσεν,
3577 1542 3681 1595 τό-

2078 1638 2180 1676 πον
2210 1622 2275 1675 ὲκ
2304 1621 2470 1676 τόπου
2492 1662 2506 1687 ,
2554 1623 2649 1677 καὶ
2683 1623 2920 1697 ὲρημίαν
2966 1623 3026 1691 ἐξ
3070 1627 3306 1699 ἐρημίας
3337 1622 3677 1700 ἀμείϐουσα.

389 1740 558 1798 etiam
599 1733 982 1808 patientissimi
1009 1730 1131 1788 Jobi
1160 1728 1466 1801 reperimus
1490 1721 1800 1795 coniugem.
1836 1717 1971 1774 Nam

2115 1711 2354 1787 ὀιαύτην
2378 1714 2442 1768 δὲ
2475 1715 2571 1769 καὶ
2596 1715 2690 1771 τοῦ
2722 1719 3142 1791 καρτερωτάτου
3191 1712 3679 1795 Ἰὼϐεὑρίσκομεν

393 1840 451 1889 et
493 1804 646 1887 illum
691 1826 934 1883 universi
969 1826 1352 1890 deseruerunt,
1383 1832 1601 1889 unaque
1633 1831 1756 1872 cum
1785 1813 1971 1885 opibus

2115 1804 2179 1879 ὴν
2202 1808 2463 1876 γυναῖκα.
2490 1804 2939 1882 Κατέλιπονγάρ
2968 1813 3218 1866 κάκεῖνον
3241 1815 3289 1867 οί
3324 1815 3546 1879 πάντες,
3574 1817 3680 1870 καὶ

389 1919 1115 1981 adulatoresdelluxerunt,
1164 1928 1228 1969 ac
1299 1911 1459 1967 amici
1515 1909 1675 1964 rebus
1725 1902 1980 1963 secundis

392 2018 694 2076 amicitiam
723 2016 1083 2073 aestimarunt.
1114 2010 1267 2078 Quod
1301 2008 1349 2064 si
1387 2007 1604 2079 quando
1637 2003 1801 2059 etiam
1830 2000 1982 2056 adie-

394 2122 556 2180 runt,
617 2125 807 2167 eorum
866 2106 1155 2178 praesentia
1213 2098 1551 2158 contumeliae
1598 2110 1760 2167 quam
1803 2090 2013 2149 ofﬁcio-

397 2204 657 2275 propior,
722 2198 982 2270 augeuda:
1037 2196 1209 2267 magis
1266 2205 1521 2248 a-rumnte
1568 2202 1731 2259 quam
1785 2184 1980 2242 solatio

394 2295 587 2350 fuit".
624 2292 781 2350 Unde
817 2293 982 2348 etiam
1032 2289 1122 2359 qui
1173 2285 1433 2341 malorum
1484 2280 1851 2337 consolatores
1887 2292 1980 2333 ac-

252 2404 253 2407 ‘
354 2399 691 2457 cesserant,
741 2385 839 2443 toti
885 2386 937 2439 in
985 2398 1107 2437 eum
1137 2379 1396 2450 indignati
1415 2384 1546 2430 sunt"
1567 2374 1703 2445 (52),
1742 2387 1806 2428 ac
1849 2384 1979 2443 que-

392 2483 495 2538 ruli
547 2481 977 2551 conclamarunt.
999 2475 1122 2530 Sola
1161 2480 1338 2526 antem
1378 2470 1491 2524 haec
1522 2468 1678 2540 paulo
1703 2474 1830 2521 ante
1858 2464 1980 2518 illu-

395 2576 527 2629 stris
552 2588 613 2627 ac
644 2573 812 2629 clara,
844 2572 895 2623 in
929 2565 1273 2636 sterquilinio
1306 2564 1501 2617 marito
1540 2560 1835 2624 assidebat,
1884 2572 1976 2614 sa-

394 2667 649 2731 uictuque
688 2677 752 2716 ac
781 2663 959 2714 lubt-tn
1007 2660 1347 2727 abstergens,
1386 2669 1416 2709 e
1451 2648 1626 2723 plagis
1655 2664 1867 2705 vermes
1890 2662 1981 2703 ex-

397 2756 684 2822 trahebat;
724 2768 852 2808 vere
894 2751 984 2804 illa
1011 2749 1229 2819 quidem
1260 2747 1385 2801 vitae
1411 2746 1581 2813 socia,
1612 2758 1717 2798 non
1750 2740 1977 2797 felicita-

398 2845 941 2909 tis'contuhcrnalis;
992 2841 1281 2896 individua:
1316 2838 1515 2894 cultrix
1555 2835 1827 2901 amicitia},
1867 2848 1974 2887 non

392 2938 719 2996 assentatrix
760 2935 1173 3004 al‘fectatrixque
1201 2933 1572 3001 voluptatum;
1626 2942 1791 2982 unum
1829 2925 1979 2982 deni-

394 3045 504 3103 que
543 3030 610 3084 de
662 3038 810 3082 tanta
864 3024 1114 3090 fortuna,
1157 3038 1221 3077 ac
1274 3032 1383 3075 tota
1431 3018 1867 3075 charissimorum
1912 3027 1978 3069 ac

393 3128 749 3193 cog-natorum
802 3118 1030 3173 cohorte
1063 3114 1331 3184 reliquum
1360 3113 1553 3166 marito
1585 3111 1807 3164 bonum.
1837 3107 1975 3204 Quo-
2001 3147 2045 3204 ο

390 3216 539 3271 circa
568 3227 633 3268 ex
667 3210 835 3265 nimio
860 3207 1105 3277 coniugis
1129 3219 1314 3260 amore
1343 3204 1396 3257 in
1423 3200 1770 3270 blasphemiae
1796 3194 1974 3254 scelus

394 3305 645 3376 prolapsa
685 3312 792 3369 est,
815 3309 874 3356 ut
913 3301 1196 3363 nimirum,
1231 3312 1298 3351 ne
1334 3296 1536 3350 diutius
1582 3293 1671 3348 ille
1700 3289 1980 3348 conﬂicta-

392 3407 568 3463 retur,
603 3397 829 3468 ipsaque
862 3394 915 3449 in
947 3391 1221 3448 continuis
1261 3404 1382 3444 eum
1424 3387 1704 3442 doloribus
1746 3383 1977 3450 videret,

385 3491 745 3562 blasphemia:
791 3488 1019 3542 verbum
1076 3483 1292 3555 aliquod
1347 3482 1399 3536 in
1456 3479 1625 3533 Deum
1681 3477 1857 3549 loqui,
1912 3490 1978 3531 ac

391 3592 618 3639 mortem
662 3579 991 3643 accelerare,
1046 3573 1391 3632 suaderet“.
1430 3570 1554 3626 Suae
1592 3582 1828 3639 namque
1877 3582 1969 3623 se-

390 3661 519 3730 cura
575 3671 852 3728 viduitatis
895 3685 958 3724 ac
1012 3667 1341 3731 solitudinis,
1377 3679 1539 3718 unum
1583 3662 1634 3717 id
1681 3662 1973 3733 cogitabat,

390 3768 842 3838 quemadmodum
873 3776 903 3819 e
928 3750 1035 3818 vita
1061 3778 1165 3816 non
1195 3762 1340 3816 vitali
1375 3760 1603 3815 maritus
1627 3758 1823 3814 exiret.
1850 3755 1977 3814 Haec

393 3860 520 3913 talia
563 3874 685 3913 cum
734 3864 954 3911 recente
999 3854 1359 3928 experientia,
1402 3854 1662 3907 memoria
1695 3859 1847 3907 vetus
1880 3852 1977 3907 ad-

400 3963 590 4005 versus
613 3962 709 4002 eos
737 3946 917 4014 affert,
944 3946 1037 4017 qui
1069 3959 1194 4016 erga
1226 3945 1482 4017 conjuges
1519 3942 1707 4013 injurii
1748 3952 1875 3999 sunt
1909 3956 1977 3998 ac

390 4039 585 4110 iniqui.

463 4129 604 4197 Quid
652 4144 815 4201 porro
866 4130 1025 4200 hujus
1068 4130 1316 4187 criminis
1370 4146 1495 4186 reus
1536 4131 1588 4185 in
1639 4129 1973 4187 contrarium

391 4222 759 4299 respondeat?
804 4221 978 4289 Quam
1018 4222 1213 4278 saltem
1268 4224 1572 4293 speciosam
1603 4223 1837 4278 levitatis
1863 4239 1975 4279 sua:

389 4315 763 4373 defensionem
786 4316 1068 4386 proferet?
1099 4315 1319 4380 Malum,
1348 4317 1446 4383 ait,
1478 4316 1834 4386 odiosumque
1856 4332 1974 4370 mu-

391 4407 542 4463 lieris
591 4400 890 4478 ingenium,
928 4405 1109 4475 lingua
1141 4407 1428 4463 temeraria
1461 4423 1525 4464 ac
1552 4421 1825 4477 praeceps;
1858 4422 1975 4461 mo-

2082 1901 2131 1953 οἱ
2163 1899 2394 1966 κόλακες
2420 1901 2499 1974 τῷ
2539 1903 2755 1976 πλούτῳ
2802 1907 3287 1979 συναπερῤύησανο
3320 1908 3415 1962 καὶ
3444 1910 3492 1962 οἱ
3524 1892 3679 1979 φίλοι

2080 1988 2159 2061 τῷ
2197 1990 2374 2064 καιρῷ
2397 1993 2498 2065 τῆς
2533 1986 2839 2067 εὐπραγίας
2878 1997 2977 2069 τὴν
3017 1989 3197 2067 φιλίαν
3227 1999 3561 2072 ἐμέτρησαν.
3606 2000 3677 2056 El

2081 2082 2139 2171 δέ
2169 2100 2271 2136 που
2306 2083 2402 2138 καὶ
2436 2084 2822 2157 παρεγένοντο,
2852 2088 3052 2154 ὄνειδος
3080 2085 3148 2162 ἦν
3177 2092 3210 2163 ἡ
3244 2078 3540 2165 παρουσία,
3572 2094 3677 2148 καὶ

2081 2170 2183 2229 οὐκ
2222 2175 2542 2247 ἐπίσκεψις*
2574 2176 2814 2251 ἐπιθήκη
2845 2181 2943 2251 τῆς
2975 2186 3281 2256 συμφορᾶς,
3311 2185 3372 2237 οὐ
3409 2184 3678 2258 παραμυ-

2082 2266 2194 2322 θία.
2246 2267 2339 2322 Διὸ
2395 2269 2459 2342 δὴ
2508 2270 2602 2323 καὶ
2651 2273 2700 2324 οἱ
2742 2274 3161 2346 παρακλήτορες
3211 2278 3395 2331 κακῶν
3464 2278 3677 2343 πάντες

2081 2358 2218 2431 πρὸς
2254 2360 2474 2433 ἐκείνου
2502 2362 2968 2433 ἀπεσχετλίασαν*
3010 2368 3143 2440 μόνη
3176 2369 3232 2422 δὲ
3272 2371 3301 2439 ἡ
3334 2369 3463 2422 ποτὲ
3503 2387 3674 2443 περι-

2081 2452 2256 2523 φανὴς
2311 2453 2406 2505 ἐπὶ
2438 2452 2539 2524 τῆς
2562 2456 2809 2529 ¹κοττρίας
2848 2458 3107 2531 τῷάνδρὶ
3134 2450 3488 2533 συνεκάθητο,
3531 2462 3678 2515 ἀπο-

2081 2542 2278 2610 ξέουσα
2314 2545 2419 2600 τὸν⁸
2442 2545 2635 2619 ἰχῶρα,
2673 2549 2913 2614 καὶτοὺς
2954 2550 3244 2615 σκώληκας
3272 2552 3379 2604 τῶν
3409 2553 3671 2625 τραυμάη

2079 2653 2187 2691 των
2217 2636 2531 2703 ἐξέλκουσα.
2557 2637 2744 2703 Οὕτως
2774 2641 2868 2694 τοῦ
2904 2641 3018 2712 βίου
3050 2645 3325 2708 κοινωνὸς,
3358 2647 3417 2698 ού
3445 2647 3546 2717 τῆς
3572 2647 3673 2699 εύ·

2079 2728 2322 2800 πραγίας
2372 2728 2618 2795 σύνοικος
2639 2750 2653 2764 ·
2689 2732 2991 2805 ἀχώριστος
3024 2734 3210 2805 φίλος,
3245 2738 3306 2790 ού
3348 2738 3513 2803 κόλαξ
3553 2739 3671 2792 τῶν

2078 2820 2314 2890 ήδονῶψ
2345 2822 2527 2893 πάσης
2565 2824 2863 2898 εὐκληρίας
2893 2828 2987 2881 καὶ
3014 2830 3232 2883 πάντων
3264 2830 3535 2900 φιλτάτων
3569 2832 3672 2885 καὶ

2081 2912 2362 2982 συγγενῶν
2413 2916 2573 2985 μόνον
2624 2918 2826 2986 ἀγαθὸν
2881 2904 3151 2990 λείψανον.
3197 2922 3397 2995 Διόπερ
3444 2926 3507 2978 ὲκ
3563 2924 3672 2996 τῆς

2078 3005 2255 3078 ἄκρας
2283 3005 2377 3060 καὶ
2406 3004 2530 3060 καθ’
2559 3008 2866 3083 ὑπερϐολὴν
2894 3000 3244 3087 φιλανδρίας.
3278 3017 3372 3070 καὶ
3402 3017 3539 3089 πρὸς
3565 3018 3671 3089 τὴν

2077 3096 2356 3167 ἁμαρτίαν
2388 3096 2488 3168 τῆς
2531 3098 2880 3173 βλασφημίας
2911 3105 3188 3172 ἐξέπεσεν,
3240 3108 3324 3162 ἵνα
3354 3110 3429 3180 μὴ
3472 3111 3671 3181 μακρά

2081 3186 2376 3260 κολάζηται
2399 3193 2427 3245 ό
2451 3191 2610 3266 ἀνὴρ,
2643 3197 2778 3268 μηδὲ
2801 3196 2974 3272 βλέπῃ
2998 3199 3157 3253 αὑτὸν
3179 3201 3237 3254 ὲν
3259 3203 3378 3264 ταῖς
3406 3201 3668 3272 ἀλήκτοις

2079 3279 2316 3348 ὀδύναις,
2341 3284 2517 3338 εἰπεῖν
2538 3303 2594 3338 τι
2624 3288 2777 3359 ῥῆμα
2802 3289 3121 3362 βλάσφημον
3152 3294 3231 3358 είς
3260 3292 3392 3346 Θεὸν
3423 3294 3669 3365 συμϐου-

2079 3372 2334 3441 λεύουσα,
2360 3379 2453 3432 καὶ
2481 3383 2704 3451 ταχεῖαν
2724 3381 2821 3453 τὴν
2840 3382 3097 3452 τελευτὴν
3121 3385 3391 3440 ὑπελθεῖν.
3418 3388 3528 3460 Τὴν
3552 3390 3669 3459 γάρ

2083 3463 2220 3520 ίδίαν
2256 3466 2439 3523 λοιπὸν
2474 3470 2763 3543 συμφορὰν
2805 3472 2905 3544 τὴν
2951 3474 3047 3545 τῆς
3086 3476 3314 3548 χηρείας
3350 3476 3449 3531 ούκ
3486 3476 3669 3547 ὲλόγι-

2081 3555 2233 3620 ζετο·
2266 3557 2324 3612 ἒν
2347 3557 2404 3643 δὲ
2436 3560 2595 3631 μόνον
2622 3562 2915 3634 ὲμερίμνα,
2946 3564 3093 3630 ὅπως
3122 3566 3220 3638 τὴν
3248 3567 3479 3621 ἀϐίωτον
3513 3567 3665 3640 ζωὴν

2076 3650 2105 3701 ό
2132 3649 2273 3722 ἀνὴρ
2300 3649 2575 3721 διαφύγοι.
2610 3654 2799 3710 Ταῦτα
2829 3655 2969 3727 μετά
2996 3657 3096 3728 τῆς
3127 3659 3253 3721 νέας
3282 3660 3473 3735 πιίρας
3503 3661 3599 3713 καὶ
3626 3662 3664 3732 η

2080 3740 2267 3813 μνήμη
2291 3740 2401 3797 τῶν
2440 3742 2690 3799 παλαιῶν
2722 3746 2967 3801 παιδεύει
3001 3749 3092 3802 τὸν
3128 3747 3236 3802 τῶν
3280 3748 3473 3821 γάμων
3506 3748 3637 3820 ύϐρι

2079 3836 2232 3909 στήν.

2149 4122 2215 4175 Τί
2270 4122 2317 4177 δ’
2370 4124 2437 4180 ἂν
2482 4128 2627 4181 εἴποι
2684 4128 2821 4200 πρὸς
2871 4128 3046 4184 ταῦτα
3102 4131 3130 4184 ὁ
3181 4129 3280 4202 τῆς
3326 4130 3665 4201 κατηγορίας

2076 4214 2412 4283 ύπεύθυνος;
2438 4220 2607 4274 Ποίαν
2629 4220 2685 4274 δὲ
2712 4222 3068 4295 εὐπρόσωπον
3095 4223 3396 4294 ἀπολογίαν
3419 4224 3515 4293 τῆς
3543 4224 3667 4277 ἑαυ-

2074 4307 2168 4362 τοῦ
2213 4310 2466 4377 εὐκολίας
2514 4313 2903 4385 προϐάλλοιτος
2936 4300 3159 4379 Φαῦλον,
3202 4315 3400 4386 φησὶν,
3436 4314 3529 4368 καὶ
3575 4316 3669 4387 μί-

2079 4416 2204 4464 σους
2226 4400 2373 4468 ἄξιον
2406 4402 2467 4456 τὸ
2494 4399 2626 4475 ἦθος
2650 4406 2748 4477 τῆς
2773 4406 3031 4475 γυναικὸς
3050 4446 3064 4470 ,
3096 4406 3193 4460 καὶ
3216 4408 3250 4477 ἡ
3278 4407 3498 4477 γλῶσσα
3528 4424 3666 4479 προσ

388 4513 479 4555 res
510 4513 539 4553 a
584 4498 744 4554 domo
792 4498 1066 4567 rebusque
1110 4496 1425 4552 domesticis
1468 4497 1655 4558 alieni,
1702 4510 1803 4550 nec
1851 4496 1969 4565 ipsa

2115 4494 2266 4566 λετὴς,
2294 4496 2387 4549 καὶ
2414 4498 2443 4551 ὁ
2465 4497 2666 4568 τρόπος
2691 4500 2791 4553 οὐκ
2823 4501 3090 4573 οίκουρδς,
3120 4501 3215 4555 καὶ
3238 4501 3667 4573 ἀνοικονόμητος

390 4591 530 4647 bona
569 4599 661 4644 aut
697 4588 842 4655 frugi
892 4589 968 4643 rei
1014 4587 1301 4644 familiaris
1350 4588 1802 4643 admibistratrix.
1853 4588 1971 4643 Sint

2136 4585 2429 4658 διοίκησις.
2487 4591 2704 4645 Ἔστω*
2739 4592 2986 4648 διδόσθω.
3032 4594 3298 4665 Πείθομαι
3338 4594 3511 4659 τέως,
3566 4596 3667 4649 καὶ

390 4682 506 4737 Ιιιοο
555 4681 629 4733 ita
661 4694 818 4745 sane,
857 4678 1173 4749 persuaderi
1209 4681 1383 4734 adhuc
1414 4679 1543 4733 mibi
1581 4679 1778 4749 patior,
1810 4678 1971 4733 dicta-

2115 4678 2318 4750 Ξχομαι,
2353 4681 2430 4745 ὡς
2466 4684 2516 4736 οἱ
2564 4684 2639 4756 μὴ
2694 4685 2899 4757 σφόδρα
2950 4686 3046 4759 τὴν
3081 4686 3253 4761 ἀκοὴν
3301 4687 3553 4759 ἀκριὸεῖς
3584 4687 3668 4741 δι-

386 4790 493 4847 que
531 4773 763 4845 accipio,
794 4773 937 4828 sicut
979 4787 1117 4827 unus
1159 4787 1346 4827 eorum
1382 4771 1628 4840 judicum
1660 4772 1750 4840 qui
1782 4785 1970 4839 parum

2115 4772 2269 4824 ασταὶ
2288 4811 2303 4833 ,
2338 4772 2577 4838 εὐκόλως
2624 4775 2681 4828 δὲ
2718 4780 2837 4840 ταῖς
2867 4778 3241 4849 καταδρομαῖς
3286 4777 3395 4832 τῶν
3427 4778 3668 4848 κατηγό-

386 4867 723 4937 exploratmn
782 4880 968 4919 aurem
1020 4864 1242 4931 habent,
1291 4879 1356 4919 ac
1406 4863 1562 4919 facile
1590 4872 1969 4918 accusatorum

389 4956 849 5013 insectationibus
896 4955 1192 5013 transversi
1231 4954 1539 5025 rapiuntur.
1574 4953 1656 5009 Tu
1689 4969 1828 5028 vero
1852 4954 1961 5018 dic,

384 5048 613 5105 obsecro
641 5065 655 5104 :
680 5046 817 5104 Cum
839 5063 959 5103 eam
991 5048 1145 5103 initio
1166 5048 1415 5112 duceres,
1445 5062 1515 5103 an
1556 5045 1840 5102 nesciebas
1864 5046 1965 5103 bo-

387 5142 520 5198 mini
550 5152 607 5197 te
642 5140 939 5212 conjungi?
976 5138 1259 5196 Hominem
1305 5150 1485 5193 autem
1529 5154 1651 5196 cum
1704 5141 1830 5207 quis
1870 5154 1969 5192 au-

384 5235 488 5302 dit,
540 5249 646 5288 non
692 5232 880 5288 statim
930 5241 1217 5303 peccatum
1270 5232 1551 5287 adhaerere
1598 5245 1662 5286 ac
1707 5232 1970 5302 consequi

454 5387 502 5421 ν’
530 5385 631 5443 Joh
660 5392 770 5446 'xvr,
795 5383 852 5439 2.
927 5384 973 5417 ⁸ο
1013 5382 1113 5440 Joh
1133 5400 1195 5449 tt.
1218 5383 1273 5441 9.

460 5520 572 5597 ('52)
602 5524 718 5580 Ton
745 5520 802 5580 in
838 5540 958 5597 eum
988 5522 1251 5597 indignati
1271 5534 1414 5592 sunt,
1439 5534 1570 5587 etc.,
1598 5523 1802 5589 πάντες
1825 5525 1963 5597 πρὸς

386 5594 596 5653 εκείνου
633 5594 1323 5667 ἀπεσχετλίασανείλσμιοι
1366 5612 1434 5651 ex
1486 5604 1597 5667 toto
1641 5597 1780 5650 libro
1822 5594 1959 5664 Job;

389 5684 497 5748 quo
529 5668 686 5721 amici
746 5665 1006 5748 tanquam
1049 5668 1314 5748 scelerum
1362 5665 1732 5748 “solventem
1772 5681 1963 5748 poenas

393 5736 628 5792 amicum
685 5738 966 5806 exagitant
1022 5737 1204 5805 specie
1274 5736 1608 5791 consolandi.
1670 5736 1965 5806 Scripserit

394 5808 807 5879 forteAstcrius
825 5806 964 5880 πρὸς
995 5808 1232 5861 ἐκεῖνον’
1268 5816 1327 5862 ut
1361 5808 1550 5863 vicina:
1580 5809 1775 5865 littera:
1803 5808 1964 5865 facile

2078 4879 2186 4934 ρων
2214 4867 2681 4938 παρασυρόμενοι.
2713 4869 2783 4923 Σὺ
2818 4869 2874 4924 δὲ
2907 4870 3029 4923 εἰπέ
3050 4887 3062 4900 ·
3098 4871 3210 4943 Τὴν
3253 4870 3427 4943 ἀρχὴν
3456 4870 3667 4941 ἀγόμεο

2071 4973 2161 5020 νος
2226 4958 2326 5012 ούκ
2356 4960 2653 5028 ἐγίνωσκες
2689 4962 2765 5027 ὡς
2789 4963 3065 5037 ἀνθρώπῳ
3093 4964 3377 5037 συνάπτῃς
3424 4944 3668 5036 ’Ᾰνθρὼ-

2074 5064 2177 5101 που
2198 5049 2255 5104 δέ
2278 5068 2363 5115 τις
2379 5052 2642 5119 ἀκούσας,
2668 5056 2768 5112 οὐκ
2798 5057 2959 5121 εὐθὺς
2980 5059 3082 5131 ὁρᾷ
3111 5058 3211 5129 τὴν
3233 5058 3361 5128 γοῦν
3385 5056 3667 5129 ἁμαρτίαν

2076 5141 2511 5213 ἀκολουθούσαν;
2537 5148 2673 5202 Θεοῦ
2704 5148 2816 5222 γὰρ
2848 5150 3012 5222 μόνου
3038 5150 3099 5205 τὸ
3131 5150 3518 5222 ἀνεπίληπτον.
3554 5150 3667 5205 Δύο

2076 5234 2168 5299 τὸς
2196 5236 2252 5291 δὲ
2282 5234 2392 5311 ἆρα
2424 5242 2523 5313 οὐχ
2553 5244 2930 5316 ἀμαρτάνεις;
2978 5246 3052 5298 Οὐ
3089 5245 3352 5319 παρέχεις
3385 5245 3442 5300 δὲ
3484 5244 3666 5308 λύπας

2072 5540 2475 5615 permutantur.
2512 5533 2687 5615 alinus
2719 5537 2875 5615 _dicit
2928 5537 3221 5615 interpres,
3257 5555 3465 5615 comm.
3490 5557 3551 5596 co
3578 5542 3662 5597 fa-

2071 5605 2292 5657 mentati
2325 5615 2471 5679 sunt.
2513 5604 2609 5679 Sic
2644 5609 2814 5679 enim,
2844 5624 2909 5664 ac
2936 5604 3347 5679 ejus'tlellcndo
3375 5612 3661 5668 ﬁlatuita-

2075 5681 2183 5751 tem
2222 5677 2390 5744 probe
2407 5677 2922 5751 ‘consolatigsent,
2949 5677 3104 5748 juxta
3133 5684 3276 5751 quod
3309 5680 3509 5740 Paulus
3541 5686 3618 5740 ait
3640 5701 3661 5741 ε

2071 5735 2239 5800 Flere'
2257 5756 2375 5799 cum
2388 5744 2631 5815 ﬂentibus
2687 5735 2868 5820 (liam.
2900 5735 2999 5815 iii,
3028 5752 3142 5824 15).
