  <div class='ocr_page' id='page_1' title='image "/cluster/home/n/w/nwhite01/storage/ocr_20150623/40/hvd.32044019207786/124.png"; bbox 0 0 3820 6304; ppageno 0'>
   <div class='ocr_carea' id='block_1_1' title="bbox 89 211 214 266">
    <p class='ocr_par' dir='ltr' id='par_1_1' title="bbox 89 211 214 266">
     <span class='ocr_line' id='line_1_1' title="bbox 89 211 214 266; baseline 0 0"><span class='ocrx_word' id='word_1_1' title='bbox 89 211 214 266; x_wconf 64' lang='grc'><strong>233</strong></span> 
     </span>
    </p>
   </div>
   <div class='ocr_carea' id='block_1_2' title="bbox 1213 206 2288 278">
    <p class='ocr_par' dir='ltr' id='par_1_2' title="bbox 1213 206 2288 278">
     <span class='ocr_line' id='line_1_2' title="bbox 1213 206 2288 278; baseline 0.006 -18"><span class='ocrx_word' id='word_1_2' title='bbox 1213 206 1491 263; x_wconf 71' lang='lat' dir='ltr'><strong>llOMllJA</strong></span> <span class='ocrx_word' id='word_1_3' title='bbox 1534 209 1597 265; x_wconf 74' lang='grc' dir='ltr'>ν.</span> <span class='ocrx_word' id='word_1_4' title='bbox 1631 211 1702 270; x_wconf 76' lang='grc' dir='ltr'><strong>ΙΝ</strong></span> <span class='ocrx_word' id='word_1_5' title='bbox 1749 212 2006 270; x_wconf 75' lang='grc' dir='ltr'><strong>ΜΑΤΤΠ.</strong></span> <span class='ocrx_word' id='word_1_6' title='bbox 2057 213 2196 278; x_wconf 65' lang='grc' dir='ltr'>Χίξξ,</span> <span class='ocrx_word' id='word_1_7' title='bbox 2239 215 2288 267; x_wconf 82' lang='lat'><strong>3.</strong></span> 
     </span>
    </p>
   </div>
   <div class='ocr_carea' id='block_1_3' title="bbox 3245 229 3353 287">
    <p class='ocr_par' dir='ltr' id='par_1_3' title="bbox 3245 229 3353 287">
     <span class='ocr_line' id='line_1_3' title="bbox 3245 229 3353 287; baseline 0.037 -3"><span class='ocrx_word' id='word_1_8' title='bbox 3245 229 3353 287; x_wconf 66' lang='lat'><strong>’23.!</strong></span> 
     </span>
    </p>
   </div>
   <div class='ocr_carea' id='block_1_4' title="bbox 91 301 1690 416">
    <p class='ocr_par' dir='ltr' id='par_1_4' title="bbox 91 301 1683 401">
     <span class='ocr_line' id='line_1_4' title="bbox 91 301 1683 401; baseline -0.008 -17"><span class='ocrx_word' id='word_1_9' title='bbox 91 335 162 387; x_wconf 72' lang='grc' dir='ltr'><strong>ἐκ</strong></span> <span class='ocrx_word' id='word_1_10' title='bbox 194 328 285 383; x_wconf 72' lang='grc' dir='ltr'>τοῦ</span> <span class='ocrx_word' id='word_1_11' title='bbox 308 327 509 400; x_wconf 74' lang='grc' dir='ltr'>τρόπον</span> <span class='ocrx_word' id='word_1_12' title='bbox 534 328 598 395; x_wconf 82' lang='grc' dir='ltr'>τῇ</span> <span class='ocrx_word' id='word_1_13' title='bbox 626 323 876 394; x_wconf 81' lang='grc' dir='ltr'>γυναικί;</span> <span class='ocrx_word' id='word_1_14' title='bbox 921 325 1119 389; x_wconf 79' lang='grc' dir='ltr'>Ἀθῶος</span> <span class='ocrx_word' id='word_1_15' title='bbox 1146 325 1202 378; x_wconf 79' lang='grc' dir='ltr'>δὲ</span> <span class='ocrx_word' id='word_1_16' title='bbox 1299 327 1476 397; x_wconf 77' lang='grc' dir='ltr'>πάσης</span> <span class='ocrx_word' id='word_1_17' title='bbox 1509 329 1683 401; x_wconf 77' lang='grc' dir='ltr'>πλημ-</span> 
     </span>
    </p>
   </div>
   <div class='ocr_carea' id='block_1_5' title="bbox 1792 301 3356 416">
    <p class='ocr_par' dir='ltr' id='par_1_5' title="bbox 1792 332 3356 416">
     <span class='ocr_line' id='line_1_5' title="bbox 1792 332 3356 416; baseline 0.012 -32"><span class='ocrx_word' id='word_1_18' title='bbox 1792 334 2020 404; x_wconf 80' lang='lat' dir='ltr'><strong>cogitat?</strong></span> <span class='ocrx_word' id='word_1_19' title='bbox 2064 334 2272 404; x_wconf 80' lang='lat' dir='ltr'><strong>Quippe</strong></span> <span class='ocrx_word' id='word_1_20' title='bbox 2318 332 2407 388; x_wconf 88' lang='lat' dir='ltr'><strong>Dei</strong></span> <span class='ocrx_word' id='word_1_21' title='bbox 2459 334 2624 388; x_wconf 86' lang='lat' dir='ltr'><strong>solius</strong></span> <span class='ocrx_word' id='word_1_22' title='bbox 2661 345 2762 401; x_wconf 88' lang='lat' dir='ltr'><strong>est,</strong></span> <span class='ocrx_word' id='word_1_23' title='bbox 2812 348 2868 392; x_wconf 91' lang='lat' dir='ltr'><strong>ut</strong></span> <span class='ocrx_word' id='word_1_24' title='bbox 2917 343 3044 396; x_wconf 90' lang='lat' dir='ltr'><strong>nulli</strong></span> <span class='ocrx_word' id='word_1_25' title='bbox 3093 345 3260 416; x_wconf 73' lang='lat' dir='ltr'><strong>culpa:</strong></span> <span class='ocrx_word' id='word_1_26' title='bbox 3292 367 3356 405; x_wconf 85' lang='lat' dir='ltr'><strong>ac</strong></span> 
     </span>
    </p>
   </div>
   <div class='ocr_carea' id='block_1_6' title="bbox 97 417 1679 496">
    <p class='ocr_par' dir='ltr' id='par_1_6' title="bbox 97 417 1679 496">
     <span class='ocr_line' id='line_1_6' title="bbox 97 417 1679 496; baseline 0.002 -24"><span class='ocrx_word' id='word_1_27' title='bbox 97 426 352 496; x_wconf 67' lang='grc' dir='ltr'>μελεξας,</span> <span class='ocrx_word' id='word_1_28' title='bbox 385 423 480 475; x_wconf 76' lang='grc' dir='ltr'><strong>καὶ</strong></span> <span class='ocrx_word' id='word_1_29' title='bbox 511 423 581 490; x_wconf 84' lang='grc' dir='ltr'>τῇ</span> <span class='ocrx_word' id='word_1_30' title='bbox 632 420 943 489; x_wconf 80' lang='grc' dir='ltr'><strong>συνοικήσει</strong></span> <span class='ocrx_word' id='word_1_31' title='bbox 993 417 1078 472; x_wconf 74' lang='grc' dir='ltr'><strong>τὸν</strong></span> <span class='ocrx_word' id='word_1_32' title='bbox 1114 418 1313 490; x_wconf 79' lang='grc' dir='ltr'>θεσμὸν</span> <span class='ocrx_word' id='word_1_33' title='bbox 1345 425 1530 491; x_wconf 84' lang='grc' dir='ltr'>τηρεῖς</span> <span class='ocrx_word' id='word_1_34' title='bbox 1564 423 1679 477; x_wconf 78' lang='grc' dir='ltr'>ἀδιο</span> 
     </span>
    </p>
   </div>
   <div class='ocr_carea' id='block_1_7' title="bbox 93 510 1680 587">
    <p class='ocr_par' dir='ltr' id='par_1_7' title="bbox 93 510 1680 587">
     <span class='ocr_line' id='line_1_7' title="bbox 93 510 1680 587; baseline -0.001 -17"><span class='ocrx_word' id='word_1_35' title='bbox 93 519 365 587; x_wconf 64' lang='grc' dir='ltr'>ἀφθορον;</span> <span class='ocrx_word' id='word_1_36' title='bbox 405 510 476 566; x_wconf 84' lang='grc' dir='ltr'><strong><em>Ὦ</em></strong></span> <span class='ocrx_word' id='word_1_37' title='bbox 516 513 689 574; x_wconf 81' lang='grc' dir='ltr'><strong>πόσας</strong></span> <span class='ocrx_word' id='word_1_38' title='bbox 723 528 817 564; x_wconf 88' lang='grc' dir='ltr'><strong>σου</strong></span> <span class='ocrx_word' id='word_1_39' title='bbox 853 511 1016 581; x_wconf 74' lang='grc' dir='ltr'>τυχὸν</span> <span class='ocrx_word' id='word_1_40' title='bbox 1055 511 1338 583; x_wconf 83' lang='grc' dir='ltr'>παροινίας</span> <span class='ocrx_word' id='word_1_41' title='bbox 1378 513 1604 582; x_wconf 76' lang='grc' dir='ltr'>ἤνεγκεν</span> <span class='ocrx_word' id='word_1_42' title='bbox 1648 517 1680 586; x_wconf 79' lang='grc' dir='ltr'>ἡ</span> 
     </span>
    </p>
   </div>
   <div class='ocr_carea' id='block_1_8' title="bbox 93 601 1682 678">
    <p class='ocr_par' dir='ltr' id='par_1_8' title="bbox 93 601 1682 678">
     <span class='ocr_line' id='line_1_8' title="bbox 93 601 1682 678; baseline 0 -20"><span class='ocrx_word' id='word_1_43' title='bbox 93 609 271 678; x_wconf 71' lang='grc' dir='ltr'>γυνήὲ</span> <span class='ocrx_word' id='word_1_44' title='bbox 303 606 490 662; x_wconf 73' lang='grc' dir='ltr'>Ηύσων</span> <span class='ocrx_word' id='word_1_45' title='bbox 520 603 578 658; x_wconf 83' lang='grc' dir='ltr'><strong>δέ</strong></span> <span class='ocrx_word' id='word_1_46' title='bbox 612 602 920 673; x_wconf 79' lang='grc' dir='ltr'><strong>προχείρων</strong></span> <span class='ocrx_word' id='word_1_47' title='bbox 961 601 1172 672; x_wconf 73' lang='grc' dir='ltr'>ὕϐρεων</span> <span class='ocrx_word' id='word_1_48' title='bbox 1221 603 1314 660; x_wconf 80' lang='grc' dir='ltr'><strong>καὶ</strong></span> <span class='ocrx_word' id='word_1_49' title='bbox 1352 603 1524 674; x_wconf 82' lang='grc' dir='ltr'>λόγων</span> <span class='ocrx_word' id='word_1_50' title='bbox 1554 606 1682 660; x_wconf 74' lang='grc' dir='ltr'><strong>ἁσέ</strong></span> 
     </span>
    </p>
   </div>
   <div class='ocr_carea' id='block_1_9' title="bbox 98 692 1680 768">
    <p class='ocr_par' dir='ltr' id='par_1_9' title="bbox 98 692 1680 768">
     <span class='ocr_line' id='line_1_9' title="bbox 98 692 1680 768; baseline -0.001 -19"><span class='ocrx_word' id='word_1_51' title='bbox 98 716 248 768; x_wconf 68' lang='grc' dir='ltr'>μνων</span> <span class='ocrx_word' id='word_1_52' title='bbox 285 695 576 766; x_wconf 67' lang='grc' dir='ltr'>ἠνέσχετοί</span> <span class='ocrx_word' id='word_1_53' title='bbox 618 695 760 746; x_wconf 85' lang='grc' dir='ltr'>Ὅσα</span> <span class='ocrx_word' id='word_1_54' title='bbox 804 692 861 745; x_wconf 84' lang='grc' dir='ltr'><strong>δέ</strong></span> <span class='ocrx_word' id='word_1_55' title='bbox 905 709 997 746; x_wconf 89' lang='grc' dir='ltr'><strong>σου</strong></span> <span class='ocrx_word' id='word_1_56' title='bbox 1047 692 1401 765; x_wconf 78' lang='grc' dir='ltr'>ἐλαττώματα</span> <span class='ocrx_word' id='word_1_57' title='bbox 1442 698 1680 764; x_wconf 75' lang='grc' dir='ltr'><strong>σιγᾶται,</strong></span> 
     </span>
    </p>
   </div>
   <div class='ocr_carea' id='block_1_10' title="bbox 94 784 1684 859">
    <p class='ocr_par' dir='ltr' id='par_1_10' title="bbox 94 784 1684 859">
     <span class='ocr_line' id='line_1_10' title="bbox 94 784 1684 859; baseline -0.001 -19"><span class='ocrx_word' id='word_1_58' title='bbox 94 789 281 859; x_wconf 59' lang='lat' dir='ltr'><strong>amat;</strong></span> <span class='ocrx_word' id='word_1_59' title='bbox 301 789 401 840; x_wconf 73' lang='grc' dir='ltr'>οὐκ</span> <span class='ocrx_word' id='word_1_60' title='bbox 430 785 825 856; x_wconf 80' lang='grc' dir='ltr'>ἐδημοσίευσεν</span> <span class='ocrx_word' id='word_1_61' title='bbox 857 785 891 854; x_wconf 80' lang='grc' dir='ltr'><strong>ὴ</strong></span> <span class='ocrx_word' id='word_1_62' title='bbox 921 784 1090 854; x_wconf 76' lang='grc' dir='ltr'>γυνήί</span> <span class='ocrx_word' id='word_1_63' title='bbox 1142 785 1428 856; x_wconf 81' lang='grc' dir='ltr'>Ἡνέσχετό</span> <span class='ocrx_word' id='word_1_64' title='bbox 1462 804 1554 840; x_wconf 87' lang='grc' dir='ltr'><strong>σου</strong></span> <span class='ocrx_word' id='word_1_65' title='bbox 1591 787 1684 840; x_wconf 57' lang='grc' dir='ltr'><strong>καὶ¹</strong></span> 
     </span>
    </p>
   </div>
   <div class='ocr_carea' id='block_1_11' title="bbox 99 875 1683 950">
    <p class='ocr_par' dir='ltr' id='par_1_11' title="bbox 99 875 1683 950">
     <span class='ocr_line' id='line_1_11' title="bbox 99 875 1683 950; baseline -0.03 2"><span class='ocrx_word' id='word_1_66' title='bbox 99 882 276 950; x_wconf 66' lang='grc' dir='ltr'>μάτην</span> <span class='ocrx_word' id='word_1_67' title='bbox 311 877 698 950; x_wconf 62' lang='grc' dir='ltr'>ὀργιζομένου,</span> <span class='ocrx_word' id='word_1_68' title='bbox 740 875 836 929; x_wconf 68' lang='grc' dir='ltr'><strong>καὶ</strong></span> <span class='ocrx_word' id='word_1_69' title='bbox 869 875 946 946; x_wconf 77' lang='grc' dir='ltr'>τῷ</span> <span class='ocrx_word' id='word_1_70' title='bbox 988 875 1143 946; x_wconf 79' lang='grc' dir='ltr'>θυμῷ</span> <span class='ocrx_word' id='word_1_71' title='bbox 1168 877 1551 947; x_wconf 68' lang='grc' dir='ltr'>ὑπερζέοντος.</span> <span class='ocrx_word' id='word_1_72' title='bbox 1589 880 1683 931; x_wconf 49' lang='grc' dir='ltr'><strong>καὶ</strong></span> 
     </span>
    </p>
   </div>
   <div class='ocr_carea' id='block_1_12' title="bbox 95 967 1684 1043">
    <p class='ocr_par' dir='ltr' id='par_1_12' title="bbox 95 967 1684 1043">
     <span class='ocr_line' id='line_1_12' title="bbox 95 967 1684 1043; baseline -0.002 -18"><span class='ocrx_word' id='word_1_73' title='bbox 95 977 130 1043; x_wconf 77' lang='grc' dir='ltr'><strong>ἠ</strong></span> <span class='ocrx_word' id='word_1_74' title='bbox 166 972 424 1041; x_wconf 79' lang='grc' dir='ltr'>ἐλευθέρα</span> <span class='ocrx_word' id='word_1_75' title='bbox 468 971 566 1024; x_wconf 72' lang='grc' dir='ltr'><strong>καὶ</strong></span> <span class='ocrx_word' id='word_1_76' title='bbox 603 969 868 1040; x_wconf 77' lang='grc' dir='ltr'><strong>ὁμότιμος</strong></span> <span class='ocrx_word' id='word_1_77' title='bbox 906 967 1213 1038; x_wconf 77' lang='grc' dir='ltr'>ἐσιώπησεν</span> <span class='ocrx_word' id='word_1_78' title='bbox 1246 969 1321 1032; x_wconf 82' lang='grc' dir='ltr'><strong>ὡς</strong></span> <span class='ocrx_word' id='word_1_79' title='bbox 1357 969 1520 1041; x_wconf 86' lang='grc' dir='ltr'>δούλη</span> <span class='ocrx_word' id='word_1_80' title='bbox 1573 970 1684 1023; x_wconf 82' lang='grc' dir='ltr'>τῶν</span> 
     </span>
    </p>
   </div>
   <div class='ocr_carea' id='block_1_13' title="bbox 97 1060 1683 1133">
    <p class='ocr_par' dir='ltr' id='par_1_13' title="bbox 97 1060 1683 1133">
     <span class='ocr_line' id='line_1_13' title="bbox 97 1060 1683 1133; baseline -0.002 -17"><span class='ocrx_word' id='word_1_81' title='bbox 97 1068 162 1117; x_wconf 81' lang='grc' dir='ltr'><strong>ἐκ</strong></span> <span class='ocrx_word' id='word_1_82' title='bbox 207 1061 580 1133; x_wconf 69' lang='grc' dir='ltr'>πωλητηρίον.</span> <span class='ocrx_word' id='word_1_83' title='bbox 631 1061 744 1114; x_wconf 72' lang='grc' dir='ltr'>Καὶ</span> <span class='ocrx_word' id='word_1_84' title='bbox 797 1060 866 1113; x_wconf 72' lang='grc' dir='ltr'>τὰ</span> <span class='ocrx_word' id='word_1_85' title='bbox 922 1061 1195 1128; x_wconf 84' lang='grc' dir='ltr'>ἀναγκαῖα</span> <span class='ocrx_word' id='word_1_86' title='bbox 1250 1061 1323 1130; x_wconf 84' lang='grc' dir='ltr'>μὴ</span> <span class='ocrx_word' id='word_1_87' title='bbox 1359 1062 1683 1132; x_wconf 76' lang='grc' dir='ltr'>χορηγοῦντι</span> 
     </span>
    </p>
   </div>
   <div class='ocr_carea' id='block_1_14' title="bbox 97 1151 1681 1226">
    <p class='ocr_par' dir='ltr' id='par_1_14' title="bbox 97 1151 1681 1226">
     <span class='ocr_line' id='line_1_14' title="bbox 97 1151 1681 1226; baseline -0.001 -18"><span class='ocrx_word' id='word_1_88' title='bbox 97 1157 235 1226; x_wconf 71' lang='grc' dir='ltr'>πρὸς</span> <span class='ocrx_word' id='word_1_89' title='bbox 267 1157 360 1222; x_wconf 63' lang='grc' dir='ltr'>τὴν</span> <span class='ocrx_word' id='word_1_90' title='bbox 391 1152 486 1206; x_wconf 72' lang='grc' dir='ltr'>τοῦ</span> <span class='ocrx_word' id='word_1_91' title='bbox 523 1152 641 1222; x_wconf 74' lang='grc' dir='ltr'>βίου</span> <span class='ocrx_word' id='word_1_92' title='bbox 674 1151 1004 1223; x_wconf 81' lang='grc' dir='ltr'>μεταγωγὴν</span> <span class='ocrx_word' id='word_1_93' title='bbox 1039 1151 1128 1206; x_wconf 81' lang='grc' dir='ltr'>διὰ</span> <span class='ocrx_word' id='word_1_94' title='bbox 1170 1153 1393 1216; x_wconf 90' lang='grc' dir='ltr'>πενίαν,</span> <span class='ocrx_word' id='word_1_95' title='bbox 1421 1153 1453 1223; x_wconf 82' lang='grc' dir='ltr'>ἢ</span> <span class='ocrx_word' id='word_1_96' title='bbox 1491 1153 1681 1220; x_wconf 74' lang='grc' dir='ltr'>φειδω-</span> 
     </span>
    </p>
   </div>
   <div class='ocr_carea' id='block_1_15' title="bbox 97 1243 1684 1315">
    <p class='ocr_par' dir='ltr' id='par_1_15' title="bbox 97 1243 1684 1315">
     <span class='ocr_line' id='line_1_15' title="bbox 97 1243 1684 1315; baseline -0.003 -16"><span class='ocrx_word' id='word_1_97' title='bbox 97 1249 252 1306; x_wconf 72' lang='grc' dir='ltr'>λίαν,</span> <span class='ocrx_word' id='word_1_98' title='bbox 304 1246 404 1297; x_wconf 69' lang='grc' dir='ltr'><strong>οὐκ</strong></span> <span class='ocrx_word' id='word_1_99' title='bbox 464 1243 746 1297; x_wconf 81' lang='grc' dir='ltr'>ὠνείδισεν</span> <span class='ocrx_word' id='word_1_100' title='bbox 800 1244 1145 1315; x_wconf 77' lang='grc' dir='ltr'><strong>λυπουμένη·</strong></span> <span class='ocrx_word' id='word_1_101' title='bbox 1188 1245 1249 1296; x_wconf 83' lang='grc' dir='ltr'><strong>ού</strong></span> <span class='ocrx_word' id='word_1_102' title='bbox 1302 1244 1408 1315; x_wconf 83' lang='grc' dir='ltr'><strong>μὴν</strong></span> <span class='ocrx_word' id='word_1_103' title='bbox 1463 1244 1584 1297; x_wconf 72' lang='grc' dir='ltr'>οὐδὲ</span> <span class='ocrx_word' id='word_1_104' title='bbox 1621 1245 1684 1296; x_wconf 86' lang='grc' dir='ltr'><strong>ἐκ</strong></span> 
     </span>
    </p>
   </div>
   <div class='ocr_carea' id='block_1_16' title="bbox 99 1334 1685 1409">
    <p class='ocr_par' dir='ltr' id='par_1_16' title="bbox 99 1334 1685 1409">
     <span class='ocr_line' id='line_1_16' title="bbox 99 1334 1685 1409; baseline -0.002 -17"><span class='ocrx_word' id='word_1_105' title='bbox 99 1339 399 1409; x_wconf 72' lang='grc' dir='ltr'>συμποσίου</span> <span class='ocrx_word' id='word_1_106' title='bbox 445 1335 677 1388; x_wconf 76' lang='grc' dir='ltr'>ἐλθόντα</span> <span class='ocrx_word' id='word_1_107' title='bbox 708 1334 840 1388; x_wconf 85' lang='grc' dir='ltr'>ποτὲ</span> <span class='ocrx_word' id='word_1_108' title='bbox 876 1335 969 1389; x_wconf 74' lang='grc' dir='ltr'><strong>καὶ</strong></span> <span class='ocrx_word' id='word_1_109' title='bbox 1005 1334 1297 1404; x_wconf 82' lang='grc' dir='ltr'>οἰνωμένον</span> <span class='ocrx_word' id='word_1_110' title='bbox 1325 1337 1418 1388; x_wconf 71' lang='grc' dir='ltr'><strong>καὶ</strong></span> <span class='ocrx_word' id='word_1_111' title='bbox 1447 1335 1685 1405; x_wconf 67' lang='grc' dir='ltr'>ἔκφρονα</span> 
     </span>
    </p>
   </div>
   <div class='ocr_carea' id='block_1_17' title="bbox 98 1425 1686 1499">
    <p class='ocr_par' dir='ltr' id='par_1_17' title="bbox 98 1425 1686 1499">
     <span class='ocr_line' id='line_1_17' title="bbox 98 1425 1686 1499; baseline 0 -17"><span class='ocrx_word' id='word_1_112' title='bbox 98 1429 401 1499; x_wconf 60' lang='grc' dir='ltr'>ἀπέρριψε,</span> <span class='ocrx_word' id='word_1_113' title='bbox 448 1428 552 1498; x_wconf 79' lang='grc' dir='ltr'>τῆς</span> <span class='ocrx_word' id='word_1_114' title='bbox 603 1425 779 1497; x_wconf 81' lang='grc' dir='ltr'><strong>μέθης</strong></span> <span class='ocrx_word' id='word_1_115' title='bbox 839 1427 1151 1497; x_wconf 85' lang='grc' dir='ltr'>μισήσασα·</span> <span class='ocrx_word' id='word_1_116' title='bbox 1212 1427 1347 1480; x_wconf 82' lang='grc' dir='ltr'>ἀλλὰ</span> <span class='ocrx_word' id='word_1_117' title='bbox 1390 1427 1686 1492; x_wconf 79' lang='grc' dir='ltr'>ὑπεδέξατο</span> 
     </span>
    </p>
   </div>
   <div class='ocr_carea' id='block_1_18' title="bbox 99 1518 1684 1593">
    <p class='ocr_par' dir='ltr' id='par_1_18' title="bbox 99 1518 1684 1593">
     <span class='ocr_line' id='line_1_18' title="bbox 99 1518 1684 1593; baseline 0.001 -20"><span class='ocrx_word' id='word_1_118' title='bbox 99 1523 236 1588; x_wconf 79' lang='grc' dir='ltr'><strong>μετὰ</strong></span> <span class='ocrx_word' id='word_1_119' title='bbox 271 1518 610 1590; x_wconf 76' lang='grc' dir='ltr'>συγγνώμης</span> <span class='ocrx_word' id='word_1_120' title='bbox 648 1519 1028 1590; x_wconf 84' lang='grc' dir='ltr'>ἀνθρωπικῆς,</span> <span class='ocrx_word' id='word_1_121' title='bbox 1054 1519 1146 1571; x_wconf 70' lang='grc' dir='ltr'><strong>καὶ</strong></span> <span class='ocrx_word' id='word_1_122' title='bbox 1181 1519 1592 1593; x_wconf 78' lang='grc' dir='ltr'>ἐχειραγώγησέ</span> <span class='ocrx_word' id='word_1_123' title='bbox 1624 1538 1684 1574; x_wconf 88' lang='grc' dir='ltr'><strong>σε</strong></span> 
     </span>
    </p>
   </div>
   <div class='ocr_carea' id='block_1_19' title="bbox 94 1603 1686 1690">
    <p class='ocr_par' dir='ltr' id='par_1_19' title="bbox 94 1603 1686 1690">
     <span class='ocr_line' id='line_1_19' title="bbox 94 1603 1686 1690; baseline 0.001 -23"><span class='ocrx_word' id='word_1_124' title='bbox 94 1618 184 1668; x_wconf 73' lang='grc' dir='ltr'><strong>τον</strong></span> <span class='ocrx_word' id='word_1_125' title='bbox 215 1614 554 1676; x_wconf 71' lang='grc' dir='ltr'>κολάζοντα,</span> <span class='ocrx_word' id='word_1_126' title='bbox 593 1615 685 1665; x_wconf 67' lang='grc' dir='ltr'><strong>καὶ</strong></span> <span class='ocrx_word' id='word_1_127' title='bbox 717 1611 816 1682; x_wconf 78' lang='grc' dir='ltr'><strong>τὴν</strong></span> <span class='ocrx_word' id='word_1_128' title='bbox 858 1603 1098 1682; x_wconf 79' lang='grc' dir='ltr'>κεφαλὴν</span> <span class='ocrx_word' id='word_1_129' title='bbox 1137 1611 1536 1682; x_wconf 76' lang='grc' dir='ltr'>ἐθεράπευσεν,</span> <span class='ocrx_word' id='word_1_130' title='bbox 1572 1618 1686 1690; x_wconf 76' lang='grc' dir='ltr'>τοῖς</span> 
     </span>
    </p>
   </div>
   <div class='ocr_carea' id='block_1_20' title="bbox 1789 427 3352 508">
    <p class='ocr_par' dir='ltr' id='par_1_20' title="bbox 1789 427 3352 508">
     <span class='ocr_line' id='line_1_20' title="bbox 1789 427 3352 508; baseline 0.011 -30"><span class='ocrx_word' id='word_1_131' title='bbox 1789 427 2192 494; x_wconf 81' lang='lat' dir='ltr'><strong>reprehensioni</strong></span> <span class='ocrx_word' id='word_1_132' title='bbox 2245 427 2512 483; x_wconf 78' lang='lat' dir='ltr'><strong>obnoxius</strong></span> <span class='ocrx_word' id='word_1_133' title='bbox 2549 428 2640 484; x_wconf 87' lang='lat' dir='ltr'><strong>sit.</strong></span> <span class='ocrx_word' id='word_1_134' title='bbox 2677 431 2756 484; x_wconf 85' lang='lat' dir='ltr'><strong>Tu</strong></span> <span class='ocrx_word' id='word_1_135' title='bbox 2794 432 2906 499; x_wconf 88' lang='lat' dir='ltr'><strong>ipse</strong></span> <span class='ocrx_word' id='word_1_136' title='bbox 2951 450 3016 488; x_wconf 92' lang='lat' dir='ltr'><strong>ne</strong></span> <span class='ocrx_word' id='word_1_137' title='bbox 3061 439 3352 508; x_wconf 88' lang='lat' dir='ltr'><strong>quidquam</strong></span> 
     </span>
    </p>
   </div>
   <div class='ocr_carea' id='block_1_21' title="bbox 1787 519 3352 594">
    <p class='ocr_par' dir='ltr' id='par_1_21' title="bbox 1787 519 3352 594">
     <span class='ocr_line' id='line_1_21' title="bbox 1787 519 3352 594; baseline 0.01 -24"><span class='ocrx_word' id='word_1_138' title='bbox 1787 520 2014 587; x_wconf 79' lang='lat' dir='ltr'><strong>peccas?</strong></span> <span class='ocrx_word' id='word_1_139' title='bbox 2069 519 2183 573; x_wconf 89' lang='lat' dir='ltr'><strong>Non</strong></span> <span class='ocrx_word' id='word_1_140' title='bbox 2245 522 2482 579; x_wconf 86' lang='lat' dir='ltr'><strong>moribus</strong></span> <span class='ocrx_word' id='word_1_141' title='bbox 2528 541 2593 580; x_wconf 89' lang='lat' dir='ltr'><strong>ac</strong></span> <span class='ocrx_word' id='word_1_142' title='bbox 2635 527 2854 594; x_wconf 79' lang='lat' dir='ltr'><strong>ingenio</strong></span> <span class='ocrx_word' id='word_1_143' title='bbox 2913 536 3002 582; x_wconf 89' lang='lat' dir='ltr'><strong>tuo</strong></span> <span class='ocrx_word' id='word_1_144' title='bbox 3053 529 3352 587; x_wconf 76' lang='lat' dir='ltr'><strong>molestiam</strong></span> 
     </span>
    </p>
   </div>
   <div class='ocr_carea' id='block_1_22' title="bbox 1788 611 3352 692">
    <p class='ocr_par' dir='ltr' id='par_1_22' title="bbox 1788 611 3352 692">
     <span class='ocr_line' id='line_1_22' title="bbox 1788 611 3352 692; baseline 0.01 -30"><span class='ocrx_word' id='word_1_145' title='bbox 1788 611 1940 665; x_wconf 81' lang='lat' dir='ltr'><strong>uxori</strong></span> <span class='ocrx_word' id='word_1_146' title='bbox 1991 611 2232 681; x_wconf 56' lang='lat' dir='ltr'><strong>praebes?</strong></span> <span class='ocrx_word' id='word_1_147' title='bbox 2281 616 2362 668; x_wconf 79' lang='lat' dir='ltr'><strong>Au</strong></span> <span class='ocrx_word' id='word_1_148' title='bbox 2405 618 2587 672; x_wconf 86' lang='lat' dir='ltr'><strong>omnis</strong></span> <span class='ocrx_word' id='word_1_149' title='bbox 2627 618 2845 673; x_wconf 86' lang='lat' dir='ltr'><strong>omnino</strong></span> <span class='ocrx_word' id='word_1_150' title='bbox 2885 635 3048 687; x_wconf 90' lang='lat' dir='ltr'><strong>purus</strong></span> <span class='ocrx_word' id='word_1_151' title='bbox 3077 630 3131 674; x_wconf 89' lang='lat' dir='ltr'><strong>et</strong></span> <span class='ocrx_word' id='word_1_152' title='bbox 3159 636 3352 692; x_wconf 76' lang='lat' dir='ltr'><strong>expers</strong></span> 
     </span>
    </p>
   </div>
   <div class='ocr_carea' id='block_1_23' title="bbox 1785 701 3358 780">
    <p class='ocr_par' dir='ltr' id='par_1_23' title="bbox 1785 701 3358 780">
     <span class='ocr_line' id='line_1_23' title="bbox 1785 701 3358 780; baseline 0.007 -24"><span class='ocrx_word' id='word_1_153' title='bbox 1785 701 1974 769; x_wconf 64' lang='lat' dir='ltr'><strong>culpae,</strong></span> <span class='ocrx_word' id='word_1_154' title='bbox 2014 706 2339 758; x_wconf 90' lang='lat' dir='ltr'><strong>matrimonii</strong></span> <span class='ocrx_word' id='word_1_155' title='bbox 2367 706 2536 777; x_wconf 81' lang='lat' dir='ltr'><strong>legem</strong></span> <span class='ocrx_word' id='word_1_156' title='bbox 2565 709 2946 764; x_wconf 80' lang='lat' dir='ltr'><strong>inviolabiliter</strong></span> <span class='ocrx_word' id='word_1_157' title='bbox 2974 713 3200 766; x_wconf 82' lang='lat' dir='ltr'><strong>servas?</strong></span> <span class='ocrx_word' id='word_1_158' title='bbox 3223 715 3358 780; x_wconf 90' lang='lat' dir='ltr'><strong>Quo-</strong></span> 
     </span>
    </p>
   </div>
   <div class='ocr_carea' id='block_1_24' title="bbox 1790 796 3352 866">
    <p class='ocr_par' dir='ltr' id='par_1_24' title="bbox 1790 796 3352 866">
     <span class='ocr_line' id='line_1_24' title="bbox 1790 796 3352 866; baseline 0.01 -18"><span class='ocrx_word' id='word_1_159' title='bbox 1790 802 1891 850; x_wconf 74' lang='lat' dir='ltr'><strong>ties</strong></span> <span class='ocrx_word' id='word_1_160' title='bbox 1923 796 2038 865; x_wconf 87' lang='lat' dir='ltr'><strong>ipsa</strong></span> <span class='ocrx_word' id='word_1_161' title='bbox 2076 797 2210 852; x_wconf 81' lang='lat' dir='ltr'><strong>forte</strong></span> <span class='ocrx_word' id='word_1_162' title='bbox 2251 814 2278 852; x_wconf 87' lang='lat' dir='ltr'><strong>a</strong></span> <span class='ocrx_word' id='word_1_163' title='bbox 2316 803 2607 858; x_wconf 87' lang='lat' dir='ltr'><strong>temulento</strong></span> <span class='ocrx_word' id='word_1_164' title='bbox 2641 805 2964 859; x_wconf 84' lang='lat' dir='ltr'><strong>contumelia</strong></span> <span class='ocrx_word' id='word_1_165' title='bbox 3009 805 3197 862; x_wconf 79' lang='lat' dir='ltr'><strong>ali&#39;ecta</strong></span> <span class='ocrx_word' id='word_1_166' title='bbox 3236 811 3352 866; x_wconf 82' lang='lat' dir='ltr'><strong>est!</strong></span> 
     </span>
    </p>
   </div>
   <div class='ocr_carea' id='block_1_25' title="bbox 1787 879 3354 968">
    <p class='ocr_par' dir='ltr' id='par_1_25' title="bbox 1787 879 3354 968">
     <span class='ocr_line' id='line_1_25' title="bbox 1787 879 3354 968; baseline 0.013 -39"><span class='ocrx_word' id='word_1_167' title='bbox 1787 879 1958 946; x_wconf 86' lang='lat' dir='ltr'><strong>Quam</strong></span> <span class='ocrx_word' id='word_1_168' title='bbox 2011 883 2208 938; x_wconf 88' lang='lat' dir='ltr'><strong>multas</strong></span> <span class='ocrx_word' id='word_1_169' title='bbox 2259 901 2324 941; x_wconf 88' lang='lat' dir='ltr'><strong>ac</strong></span> <span class='ocrx_word' id='word_1_170' title='bbox 2372 905 2595 958; x_wconf 80' lang='lat' dir='ltr'><strong>magnas</strong></span> <span class='ocrx_word' id='word_1_171' title='bbox 2640 891 2896 959; x_wconf 87' lang='lat' dir='ltr'><strong>injurias;</strong></span> <span class='ocrx_word' id='word_1_172' title='bbox 2945 911 3107 962; x_wconf 81' lang='lat' dir='ltr'><strong>quam</strong></span> <span class='ocrx_word' id='word_1_173' title='bbox 3142 897 3354 968; x_wconf 76' lang='lat' dir='ltr'><strong>iudig::a</strong></span> 
     </span>
    </p>
   </div>
   <div class='ocr_carea' id='block_1_26' title="bbox 1789 974 3358 1051">
    <p class='ocr_par' dir='ltr' id='par_1_26' title="bbox 1789 974 3358 1051">
     <span class='ocr_line' id='line_1_26' title="bbox 1789 974 3358 1051; baseline 0.015 -29"><span class='ocrx_word' id='word_1_174' title='bbox 1789 974 1949 1025; x_wconf 85' lang='lat' dir='ltr'><strong>verba</strong></span> <span class='ocrx_word' id='word_1_175' title='bbox 1983 976 2269 1030; x_wconf 81' lang='lat' dir='ltr'><strong>sustinuit!</strong></span> <span class='ocrx_word' id='word_1_176' title='bbox 2301 979 2443 1043; x_wconf 80' lang='lat' dir='ltr'><strong>Quot</strong></span> <span class='ocrx_word' id='word_1_177' title='bbox 2469 991 2520 1035; x_wconf 88' lang='lat' dir='ltr'><strong>et</strong></span> <span class='ocrx_word' id='word_1_178' title='bbox 2546 995 2743 1051; x_wconf 86' lang='lat' dir='ltr'><strong>quanta</strong></span> <span class='ocrx_word' id='word_1_179' title='bbox 2776 995 2862 1038; x_wconf 87' lang='lat' dir='ltr'><strong>tua</strong></span> <span class='ocrx_word' id='word_1_180' title='bbox 2893 989 3017 1041; x_wconf 83' lang='lat' dir='ltr'><strong>vitia</strong></span> <span class='ocrx_word' id='word_1_181' title='bbox 3049 989 3098 1041; x_wconf 92' lang='lat' dir='ltr'><strong>iu</strong></span> <span class='ocrx_word' id='word_1_182' title='bbox 3125 991 3358 1045; x_wconf 73' lang='lat' dir='ltr'><strong>obscuro</strong></span> 
     </span>
    </p>
   </div>
   <div class='ocr_carea' id='block_1_27' title="bbox 1789 1066 3359 1148">
    <p class='ocr_par' dir='ltr' id='par_1_27' title="bbox 1789 1066 3359 1148">
     <span class='ocr_line' id='line_1_27' title="bbox 1789 1066 3359 1148; baseline 0.017 -37"><span class='ocrx_word' id='word_1_183' title='bbox 1789 1071 1931 1125; x_wconf 85' lang='lat' dir='ltr'><strong>sunt,</strong></span> <span class='ocrx_word' id='word_1_184' title='bbox 1989 1066 2244 1132; x_wconf 87' lang='lat' dir='ltr'><strong>quoniam</strong></span> <span class='ocrx_word' id='word_1_185' title='bbox 2292 1085 2428 1126; x_wconf 86' lang='lat' dir='ltr'><strong>uxor</strong></span> <span class='ocrx_word' id='word_1_186' title='bbox 2470 1089 2574 1130; x_wconf 82' lang='lat' dir='ltr'><strong>non</strong></span> <span class='ocrx_word' id='word_1_187' title='bbox 2618 1075 2669 1125; x_wconf 92' lang='lat' dir='ltr'><strong>in</strong></span> <span class='ocrx_word' id='word_1_188' title='bbox 2714 1076 2899 1145; x_wconf 80' lang='lat' dir='ltr'><strong>vulgus</strong></span> <span class='ocrx_word' id='word_1_189' title='bbox 2945 1083 3170 1148; x_wconf 80' lang='lat' dir='ltr'><strong>sparsit!</strong></span> <span class='ocrx_word' id='word_1_190' title='bbox 3210 1082 3359 1137; x_wconf 83' lang='lat' dir='ltr'><strong>Tole-</strong></span> 
     </span>
    </p>
   </div>
   <div class='ocr_carea' id='block_1_28' title="bbox 1791 1151 3372 1239">
    <p class='ocr_par' dir='ltr' id='par_1_28' title="bbox 1791 1151 3372 1239">
     <span class='ocr_line' id='line_1_28' title="bbox 1791 1151 3372 1239; baseline 0.015 -39"><span class='ocrx_word' id='word_1_191' title='bbox 1791 1153 1928 1204; x_wconf 89' lang='lat' dir='ltr'><strong>ravit</strong></span> <span class='ocrx_word' id='word_1_192' title='bbox 1975 1151 2061 1204; x_wconf 89' lang='lat' dir='ltr'><strong>illa</strong></span> <span class='ocrx_word' id='word_1_193' title='bbox 2111 1164 2312 1210; x_wconf 73' lang='lat' dir='ltr'><strong>temere</strong></span> <span class='ocrx_word' id='word_1_194' title='bbox 2352 1169 2407 1212; x_wconf 91' lang='lat' dir='ltr'><strong>et</strong></span> <span class='ocrx_word' id='word_1_195' title='bbox 2453 1162 2570 1214; x_wconf 85' lang='lat' dir='ltr'><strong>sine</strong></span> <span class='ocrx_word' id='word_1_196' title='bbox 2616 1179 2776 1218; x_wconf 89' lang='lat' dir='ltr'><strong>causa</strong></span> <span class='ocrx_word' id='word_1_197' title='bbox 2830 1165 3152 1222; x_wconf 82' lang='lat' dir='ltr'><strong>irascentem</strong></span> <span class='ocrx_word' id='word_1_198' title='bbox 3197 1182 3372 1239; x_wconf 77' lang='lat' dir='ltr'><strong>atque.</strong></span> 
     </span>
    </p>
   </div>
   <div class='ocr_carea' id='block_1_29' title="bbox 1788 1247 3356 1331">
    <p class='ocr_par' dir='ltr' id='par_1_29' title="bbox 1788 1247 3356 1331">
     <span class='ocr_line' id='line_1_29' title="bbox 1788 1247 3356 1331; baseline 0.013 -31"><span class='ocrx_word' id='word_1_199' title='bbox 1788 1247 2248 1318; x_wconf 80' lang='lat' dir='ltr'><strong>debacchantem;</strong></span> <span class='ocrx_word' id='word_1_200' title='bbox 2298 1263 2352 1306; x_wconf 87' lang='lat' dir='ltr'><strong>et</strong></span> <span class='ocrx_word' id='word_1_201' title='bbox 2404 1259 2654 1324; x_wconf 82' lang='lat' dir='ltr'><strong>quamvis</strong></span> <span class='ocrx_word' id='word_1_202' title='bbox 2708 1258 2876 1314; x_wconf 86' lang='lat' dir='ltr'><strong>libera</strong></span> <span class='ocrx_word' id='word_1_203' title='bbox 2931 1279 2995 1316; x_wconf 90' lang='lat' dir='ltr'><strong>ac</strong></span> <span class='ocrx_word' id='word_1_204' title='bbox 3045 1265 3356 1331; x_wconf 75' lang='lat' dir='ltr'><strong>dignatione</strong></span> 
     </span>
    </p>
   </div>
   <div class='ocr_carea' id='block_1_30' title="bbox 1790 1339 3358 1422">
    <p class='ocr_par' dir='ltr' id='par_1_30' title="bbox 1790 1339 3358 1422">
     <span class='ocr_line' id='line_1_30' title="bbox 1790 1339 3358 1422; baseline 0.017 -33"><span class='ocrx_word' id='word_1_205' title='bbox 1790 1353 1910 1406; x_wconf 87' lang='lat' dir='ltr'><strong>par,</strong></span> <span class='ocrx_word' id='word_1_206' title='bbox 1943 1340 2201 1394; x_wconf 79' lang='lat' dir='ltr'><strong>conticuit</strong></span> <span class='ocrx_word' id='word_1_207' title='bbox 2234 1344 2370 1397; x_wconf 85' lang='lat' dir='ltr'><strong>sicut</strong></span> <span class='ocrx_word' id='word_1_208' title='bbox 2399 1348 2592 1402; x_wconf 85' lang='lat' dir='ltr'><strong>ancilla</strong></span> <span class='ocrx_word' id='word_1_209' title='bbox 2625 1350 2694 1402; x_wconf 85' lang='lat' dir='ltr'><strong>de</strong></span> <span class='ocrx_word' id='word_1_210' title='bbox 2721 1350 2837 1405; x_wconf 77' lang='lat' dir='ltr'><strong>foro</strong></span> <span class='ocrx_word' id='word_1_211' title='bbox 2864 1339 3064 1422; x_wconf 78' lang='lat' dir='ltr'><strong>empta.</strong></span> <span class='ocrx_word' id='word_1_212' title='bbox 3100 1355 3358 1414; x_wconf 84' lang='lat' dir='ltr'><strong>Necessa-</strong></span> 
     </span>
    </p>
   </div>
   <div class='ocr_carea' id='block_1_31' title="bbox 1790 1422 3355 1508">
    <p class='ocr_par' dir='ltr' id='par_1_31' title="bbox 1790 1422 3355 1508">
     <span class='ocr_line' id='line_1_31' title="bbox 1790 1422 3355 1508; baseline 0.015 -27"><span class='ocrx_word' id='word_1_213' title='bbox 1790 1429 1865 1481; x_wconf 84' lang='lat' dir='ltr'><strong>ria</strong></span> <span class='ocrx_word' id='word_1_214' title='bbox 1899 1431 1964 1483; x_wconf 89' lang='lat' dir='ltr'><strong>ad</strong></span> <span class='ocrx_word' id='word_1_215' title='bbox 2003 1422 2162 1485; x_wconf 77' lang='lat' dir='ltr'><strong>vitam</strong></span> <span class='ocrx_word' id='word_1_216' title='bbox 2188 1442 2243 1486; x_wconf 88' lang='lat' dir='ltr'><strong>ct</strong></span> <span class='ocrx_word' id='word_1_217' title='bbox 2277 1436 2471 1490; x_wconf 88' lang='lat' dir='ltr'><strong>victum</strong></span> <span class='ocrx_word' id='word_1_218' title='bbox 2507 1439 2588 1493; x_wconf 85' lang='lat' dir='ltr'><strong>vel</strong></span> <span class='ocrx_word' id='word_1_219' title='bbox 2623 1439 2821 1508; x_wconf 77' lang='lat' dir='ltr'><strong>impia,</strong></span> <span class='ocrx_word' id='word_1_220' title='bbox 2855 1443 2935 1497; x_wconf 87' lang='lat' dir='ltr'><strong>vel</strong></span> <span class='ocrx_word' id='word_1_221' title='bbox 2981 1448 3205 1502; x_wconf 81' lang='lat' dir='ltr'><strong>aVaritia</strong></span> <span class='ocrx_word' id='word_1_222' title='bbox 3251 1468 3355 1504; x_wconf 91' lang='lat' dir='ltr'><strong>nou</strong></span> 
     </span>
    </p>
   </div>
   <div class='ocr_carea' id='block_1_32' title="bbox 1788 1520 3358 1605">
    <p class='ocr_par' dir='ltr' id='par_1_32' title="bbox 1788 1520 3358 1605">
     <span class='ocr_line' id='line_1_32' title="bbox 1788 1520 3358 1605; baseline 0.017 -32"><span class='ocrx_word' id='word_1_223' title='bbox 1788 1520 2171 1588; x_wconf 86' lang='lat' dir='ltr'><strong>suppeditauti,</strong></span> <span class='ocrx_word' id='word_1_224' title='bbox 2225 1541 2532 1596; x_wconf 79' lang='lat' dir='ltr'><strong>quanquam</strong></span> <span class='ocrx_word' id='word_1_225' title='bbox 2579 1548 2718 1600; x_wconf 70' lang='lat' dir='ltr'><strong>agra</strong></span> <span class='ocrx_word' id='word_1_226' title='bbox 2767 1536 2982 1605; x_wconf 87' lang='lat' dir='ltr'><strong>animo,</strong></span> <span class='ocrx_word' id='word_1_227' title='bbox 3035 1556 3142 1594; x_wconf 90' lang='lat' dir='ltr'><strong>nou</strong></span> <span class='ocrx_word' id='word_1_228' title='bbox 3190 1547 3358 1599; x_wconf 64' lang='lat' dir='ltr'><strong>maleo</strong></span> 
     </span>
    </p>
   </div>
   <div class='ocr_carea' id='block_1_33' title="bbox 1788 1609 3355 1690">
    <p class='ocr_par' dir='ltr' id='par_1_33' title="bbox 1788 1609 3355 1690">
     <span class='ocr_line' id='line_1_33' title="bbox 1788 1609 3355 1690; baseline 0.019 -31"><span class='ocrx_word' id='word_1_229' title='bbox 1788 1609 1958 1676; x_wconf 71' lang='lat' dir='ltr'><strong>dixit:</strong></span> <span class='ocrx_word' id='word_1_230' title='bbox 2016 1625 2115 1666; x_wconf 87' lang='lat' dir='ltr'><strong>nec</strong></span> <span class='ocrx_word' id='word_1_231' title='bbox 2169 1615 2480 1671; x_wconf 84' lang='lat' dir='ltr'><strong>redeuntem</strong></span> <span class='ocrx_word' id='word_1_232' title='bbox 2513 1625 2859 1690; x_wconf 86' lang='lat' dir='ltr'><strong>asymposio,</strong></span> <span class='ocrx_word' id='word_1_233' title='bbox 2909 1629 3034 1686; x_wconf 84' lang='lat' dir='ltr'><strong>vino</strong></span> <span class='ocrx_word' id='word_1_234' title='bbox 3075 1643 3355 1688; x_wconf 88' lang='lat' dir='ltr'><strong>oneratum</strong></span> 
     </span>
    </p>
   </div>
   <div class='ocr_carea' id='block_1_34' title="bbox 95 1699 1690 1783">
    <p class='ocr_par' dir='ltr' id='par_1_34' title="bbox 95 1699 1684 1774">
     <span class='ocr_line' id='line_1_34' title="bbox 95 1699 1684 1774; baseline 0.001 -18"><span class='ocrx_word' id='word_1_235' title='bbox 95 1705 282 1774; x_wconf 64' lang='grc' dir='ltr'>ἁτμῶς</span> <span class='ocrx_word' id='word_1_236' title='bbox 309 1699 780 1773; x_wconf 74' lang='grc' dir='ltr'>περιδονουμένην</span> <span class='ocrx_word' id='word_1_237' title='bbox 818 1701 912 1754; x_wconf 75' lang='grc' dir='ltr'>τοῦ</span> <span class='ocrx_word' id='word_1_238' title='bbox 950 1701 1126 1754; x_wconf 67' lang='grc' dir='ltr'>οἴνου*</span> <span class='ocrx_word' id='word_1_239' title='bbox 1162 1700 1444 1773; x_wconf 80' lang='grc' dir='ltr'>ὡδήγησεν</span> <span class='ocrx_word' id='word_1_240' title='bbox 1484 1705 1541 1757; x_wconf 83' lang='grc' dir='ltr'>δὲ</span> <span class='ocrx_word' id='word_1_241' title='bbox 1591 1705 1684 1757; x_wconf 78' lang='grc' dir='ltr'><strong>ἐπὶ</strong></span> 
     </span>
    </p>
   </div>
   <div class='ocr_carea' id='block_1_35' title="bbox 1792 1699 3358 1783">
    <p class='ocr_par' dir='ltr' id='par_1_35' title="bbox 1792 1705 3358 1783">
     <span class='ocr_line' id='line_1_35' title="bbox 1792 1705 3358 1783; baseline 0.017 -29"><span class='ocrx_word' id='word_1_242' title='bbox 1792 1717 1851 1755; x_wconf 89' lang='lat' dir='ltr'><strong>ac</strong></span> <span class='ocrx_word' id='word_1_243' title='bbox 1897 1705 2280 1774; x_wconf 78' lang='lat' dir='ltr'><strong>insanientem,</strong></span> <span class='ocrx_word' id='word_1_244' title='bbox 2342 1708 2621 1783; x_wconf 78' lang='lat' dir='ltr'><strong>ebrietatis</strong></span> <span class='ocrx_word' id='word_1_245' title='bbox 2664 1716 2790 1771; x_wconf 89' lang='lat' dir='ltr'><strong>odio</strong></span> <span class='ocrx_word' id='word_1_246' title='bbox 2844 1735 2947 1774; x_wconf 88' lang='lat' dir='ltr'><strong>non</strong></span> <span class='ocrx_word' id='word_1_247' title='bbox 3000 1724 3216 1780; x_wconf 79' lang='lat' dir='ltr'><strong>admisit</strong></span> <span class='ocrx_word' id='word_1_248' title='bbox 3265 1737 3358 1780; x_wconf 87' lang='lat' dir='ltr'><strong>aut</strong></span> 
     </span>
    </p>
   </div>
   <div class='ocr_carea' id='block_1_36' title="bbox 94 1793 1681 1868">
    <p class='ocr_par' dir='ltr' id='par_1_36' title="bbox 94 1793 1681 1868">
     <span class='ocr_line' id='line_1_36' title="bbox 94 1793 1681 1868; baseline 0.003 -22"><span class='ocrx_word' id='word_1_249' title='bbox 94 1797 189 1868; x_wconf 72' lang='grc' dir='ltr'>τὴν</span> <span class='ocrx_word' id='word_1_250' title='bbox 221 1797 410 1866; x_wconf 76' lang='grc' dir='ltr'>κοίτην</span> <span class='ocrx_word' id='word_1_251' title='bbox 436 1793 541 1864; x_wconf 77' lang='grc' dir='ltr'>τὴν</span> <span class='ocrx_word' id='word_1_252' title='bbox 574 1793 848 1863; x_wconf 81' lang='grc' dir='ltr'>γαμικὴν,</span> <span class='ocrx_word' id='word_1_253' title='bbox 888 1793 1022 1864; x_wconf 85' lang='grc' dir='ltr'>μόνη</span> <span class='ocrx_word' id='word_1_254' title='bbox 1055 1794 1438 1866; x_wconf 79' lang='grc' dir='ltr'>συμπαθοῦσα,</span> <span class='ocrx_word' id='word_1_255' title='bbox 1475 1795 1581 1849; x_wconf 83' lang='grc' dir='ltr'><strong>τῶν</strong></span> <span class='ocrx_word' id='word_1_256' title='bbox 1612 1799 1681 1850; x_wconf 80' lang='grc' dir='ltr'><strong>οἰ-</strong></span> 
     </span>
    </p>
   </div>
   <div class='ocr_carea' id='block_1_37' title="bbox 97 1873 1680 1959">
    <p class='ocr_par' dir='ltr' id='par_1_37' title="bbox 97 1873 1680 1959">
     <span class='ocr_line' id='line_1_37' title="bbox 97 1873 1680 1959; baseline 0.002 -19"><span class='ocrx_word' id='word_1_257' title='bbox 97 1889 259 1941; x_wconf 72' lang='grc' dir='ltr'>κετῶν</span> <span class='ocrx_word' id='word_1_258' title='bbox 283 1884 580 1955; x_wconf 82' lang='grc' dir='ltr'>γελώντων</span> <span class='ocrx_word' id='word_1_259' title='bbox 613 1886 707 1938; x_wconf 82' lang='grc' dir='ltr'><strong>καὶ</strong></span> <span class='ocrx_word' id='word_1_260' title='bbox 733 1873 1199 1955; x_wconf 71' lang='grc' dir='ltr'>ε’πιχλευαζόντων</span> <span class='ocrx_word' id='word_1_261' title='bbox 1236 1886 1334 1957; x_wconf 81' lang='grc' dir='ltr'>τὴν</span> <span class='ocrx_word' id='word_1_262' title='bbox 1360 1888 1424 1939; x_wconf 78' lang='grc' dir='ltr'><strong>ἐκ</strong></span> <span class='ocrx_word' id='word_1_263' title='bbox 1453 1888 1553 1957; x_wconf 82' lang='grc' dir='ltr'><strong>τῆς</strong></span> <span class='ocrx_word' id='word_1_264' title='bbox 1582 1889 1680 1959; x_wconf 86' lang='grc' dir='ltr'>μέ·</span> 
     </span>
    </p>
   </div>
   <div class='ocr_carea' id='block_1_38' title="bbox 97 1975 1683 2048">
    <p class='ocr_par' dir='ltr' id='par_1_38' title="bbox 97 1975 1683 2048">
     <span class='ocr_line' id='line_1_38' title="bbox 97 1975 1683 2048; baseline 0.001 -17"><span class='ocrx_word' id='word_1_265' title='bbox 97 1979 190 2048; x_wconf 71' lang='grc' dir='ltr'>5ης</span> <span class='ocrx_word' id='word_1_266' title='bbox 229 1976 588 2048; x_wconf 68' lang='grc' dir='ltr'>παραφορὰν.</span> <span class='ocrx_word' id='word_1_267' title='bbox 630 1976 703 2028; x_wconf 77' lang='grc' dir='ltr'><strong>Σὺ</strong></span> <span class='ocrx_word' id='word_1_268' title='bbox 735 1975 792 2028; x_wconf 82' lang='grc' dir='ltr'>δὲ</span> <span class='ocrx_word' id='word_1_269' title='bbox 842 1976 907 2029; x_wconf 73' lang='grc' dir='ltr'><strong>τὰ</strong></span> <span class='ocrx_word' id='word_1_270' title='bbox 937 1975 1152 2046; x_wconf 79' lang='grc' dir='ltr'>ἅμφοδα</span> <span class='ocrx_word' id='word_1_271' title='bbox 1190 1981 1550 2048; x_wconf 75' lang='grc' dir='ltr'>περινοστεῖς,</span> <span class='ocrx_word' id='word_1_272' title='bbox 1589 1979 1683 2033; x_wconf 69' lang='grc' dir='ltr'><strong>ἐπὶ</strong></span> 
     </span>
    </p>
   </div>
   <div class='ocr_carea' id='block_1_39' title="bbox 92 2065 1684 2141">
    <p class='ocr_par' dir='ltr' id='par_1_39' title="bbox 92 2065 1684 2141">
     <span class='ocr_line' id='line_1_39' title="bbox 92 2065 1684 2141; baseline 0.003 -20"><span class='ocrx_word' id='word_1_273' title='bbox 92 2071 317 2140; x_wconf 60' lang='grc' dir='ltr'>τζωχραῖς</span> <span class='ocrx_word' id='word_1_274' title='bbox 352 2069 564 2130; x_wconf 73' lang='grc' dir='ltr'>αἰτίαις</span> <span class='ocrx_word' id='word_1_275' title='bbox 595 2065 958 2137; x_wconf 81' lang='grc' dir='ltr'>ἐκτραγῳδῶν</span> <span class='ocrx_word' id='word_1_276' title='bbox 988 2067 1083 2137; x_wconf 77' lang='grc' dir='ltr'><strong>τὴν</strong></span> <span class='ocrx_word' id='word_1_277' title='bbox 1103 2071 1370 2136; x_wconf 64' lang='grc' dir='ltr'>γυναῖκα,</span> <span class='ocrx_word' id='word_1_278' title='bbox 1389 2070 1476 2124; x_wconf 78' lang='grc' dir='ltr'><strong>ἵνα</strong></span> <span class='ocrx_word' id='word_1_279' title='bbox 1501 2070 1684 2141; x_wconf 81' lang='grc' dir='ltr'>σαυτῴ</span> 
     </span>
    </p>
   </div>
   <div class='ocr_carea' id='block_1_40' title="bbox 94 2156 1684 2233">
    <p class='ocr_par' dir='ltr' id='par_1_40' title="bbox 94 2156 1684 2233">
     <span class='ocr_line' id='line_1_40' title="bbox 94 2156 1684 2233; baseline -0.01 -16"><span class='ocrx_word' id='word_1_280' title='bbox 94 2165 188 2233; x_wconf 77' lang='grc' dir='ltr'>τὴν</span> <span class='ocrx_word' id='word_1_281' title='bbox 209 2161 546 2230; x_wconf 69' lang='grc' dir='ltr'>ωγγνὼμην</span> <span class='ocrx_word' id='word_1_282' title='bbox 574 2156 1002 2230; x_wconf 76' lang='grc' dir='ltr'>παρασκευάσῃς</span> <span class='ocrx_word' id='word_1_283' title='bbox 1022 2158 1122 2228; x_wconf 82' lang='grc' dir='ltr'>τῆς</span> <span class='ocrx_word' id='word_1_284' title='bbox 1155 2161 1448 2232; x_wconf 73' lang='grc' dir='ltr'>προχείρου</span> <span class='ocrx_word' id='word_1_285' title='bbox 1481 2161 1684 2233; x_wconf 76' lang='grc' dir='ltr'>διαιρέ.</span> 
     </span>
    </p>
   </div>
   <div class='ocr_carea' id='block_1_41' title="bbox 94 2247 1684 2324">
    <p class='ocr_par' dir='ltr' id='par_1_41' title="bbox 94 2247 1684 2324">
     <span class='ocr_line' id='line_1_41' title="bbox 94 2247 1684 2324; baseline -0.009 -16"><span class='ocrx_word' id='word_1_286' title='bbox 94 2272 247 2317; x_wconf 79' lang='grc' dir='ltr'>σεως.</span> <span class='ocrx_word' id='word_1_287' title='bbox 296 2251 529 2322; x_wconf 78' lang='grc' dir='ltr'>Σκληρὰ</span> <span class='ocrx_word' id='word_1_288' title='bbox 573 2249 684 2302; x_wconf 82' lang='grc' dir='ltr'>τῶν</span> <span class='ocrx_word' id='word_1_289' title='bbox 732 2247 988 2301; x_wconf 80' lang='grc' dir='ltr'>τοιούτων</span> <span class='ocrx_word' id='word_1_290' title='bbox 1019 2249 1227 2320; x_wconf 82' lang='grc' dir='ltr'>ἀνδρῶν</span> <span class='ocrx_word' id='word_1_291' title='bbox 1257 2253 1289 2321; x_wconf 81' lang='grc' dir='ltr'><strong>ἡ</strong></span> <span class='ocrx_word' id='word_1_292' title='bbox 1331 2251 1523 2322; x_wconf 73' lang='grc' dir='ltr'>γνώμη</span> <span class='ocrx_word' id='word_1_293' title='bbox 1545 2291 1558 2313; x_wconf 77' lang='grc'><strong>,</strong></span> <span class='ocrx_word' id='word_1_294' title='bbox 1590 2253 1684 2324; x_wconf 76' lang='grc' dir='ltr'>θη..</span> 
     </span>
    </p>
   </div>
   <div class='ocr_carea' id='block_1_42' title="bbox 94 2339 1683 2417">
    <p class='ocr_par' dir='ltr' id='par_1_42' title="bbox 94 2339 1683 2417">
     <span class='ocr_line' id='line_1_42' title="bbox 94 2339 1683 2417; baseline -0.001 -18"><span class='ocrx_word' id='word_1_295' title='bbox 94 2347 288 2417; x_wconf 79' lang='grc' dir='ltr'>ριὼδης</span> <span class='ocrx_word' id='word_1_296' title='bbox 316 2345 416 2398; x_wconf 80' lang='grc' dir='ltr'>καὶ</span> <span class='ocrx_word' id='word_1_297' title='bbox 455 2342 799 2413; x_wconf 70' lang='grc' dir='ltr'>ἀμείλικτος,</span> <span class='ocrx_word' id='word_1_298' title='bbox 835 2340 899 2392; x_wconf 86' lang='grc' dir='ltr'><strong>ἐκ</strong></span> <span class='ocrx_word' id='word_1_299' title='bbox 931 2339 1091 2410; x_wconf 82' lang='grc' dir='ltr'>δρυὸς</span> <span class='ocrx_word' id='word_1_300' title='bbox 1127 2341 1158 2412; x_wconf 78' lang='grc' dir='ltr'>ἢ</span> <span class='ocrx_word' id='word_1_301' title='bbox 1199 2342 1421 2414; x_wconf 80' lang='grc' dir='ltr'>πέτρας,</span> <span class='ocrx_word' id='word_1_302' title='bbox 1459 2346 1600 2399; x_wconf 76' lang='grc' dir='ltr'>κατὰ</span> <span class='ocrx_word' id='word_1_303' title='bbox 1623 2347 1683 2398; x_wconf 82' lang='grc' dir='ltr'>τὸ</span> 
     </span>
    </p>
   </div>
   <div class='ocr_carea' id='block_1_43' title="bbox 94 2435 1682 2510">
    <p class='ocr_par' dir='ltr' id='par_1_43' title="bbox 94 2435 1682 2510">
     <span class='ocr_line' id='line_1_43' title="bbox 94 2435 1682 2510; baseline 0.001 -21"><span class='ocrx_word' id='word_1_304' title='bbox 94 2440 414 2510; x_wconf 75' lang='grc' dir='ltr'>λεγόμενον,</span> <span class='ocrx_word' id='word_1_305' title='bbox 459 2438 562 2510; x_wconf 73' lang='grc' dir='ltr'>τὴν</span> <span class='ocrx_word' id='word_1_306' title='bbox 593 2439 850 2510; x_wconf 77' lang='grc' dir='ltr'>γέννησιν</span> <span class='ocrx_word' id='word_1_307' title='bbox 891 2437 1106 2507; x_wconf 77' lang='grc' dir='ltr'>ἔχουσα.</span> <span class='ocrx_word' id='word_1_308' title='bbox 1142 2435 1368 2490; x_wconf 83' lang='grc' dir='ltr'>Πάντων</span> <span class='ocrx_word' id='word_1_309' title='bbox 1409 2435 1518 2507; x_wconf 78' lang='grc' dir='ltr'>γὰρ</span> <span class='ocrx_word' id='word_1_310' title='bbox 1549 2437 1682 2508; x_wconf 80' lang='grc' dir='ltr'>ὁμοῦ</span> 
     </span>
    </p>
   </div>
   <div class='ocr_carea' id='block_1_44' title="bbox 94 2527 1684 2603">
    <p class='ocr_par' dir='ltr' id='par_1_44' title="bbox 94 2527 1684 2603">
     <span class='ocr_line' id='line_1_44' title="bbox 94 2527 1684 2603; baseline -0.001 -19"><span class='ocrx_word' id='word_1_311' title='bbox 94 2533 186 2602; x_wconf 73' lang='grc' dir='ltr'>τὴν</span> <span class='ocrx_word' id='word_1_312' title='bbox 217 2533 319 2603; x_wconf 70' lang='grc' dir='ltr'>μνὴ</span> <span class='ocrx_word' id='word_1_313' title='bbox 331 2549 445 2601; x_wconf 78' lang='grc' dir='ltr'><strong>μην</strong></span> <span class='ocrx_word' id='word_1_314' title='bbox 469 2530 879 2600; x_wconf 62' lang='grc' dir='ltr'>ἐξαλείψαντες,</span> <span class='ocrx_word' id='word_1_315' title='bbox 911 2527 1136 2590; x_wconf 82' lang='grc' dir='ltr'>ἀπαθῶς</span> <span class='ocrx_word' id='word_1_316' title='bbox 1163 2527 1558 2598; x_wconf 85' lang='grc' dir='ltr'>διατέμνονται.</span> <span class='ocrx_word' id='word_1_317' title='bbox 1590 2530 1684 2595; x_wconf 80' lang='grc' dir='ltr'>Τίς</span> 
     </span>
    </p>
   </div>
   <div class='ocr_carea' id='block_1_45' title="bbox 94 2620 1684 2694">
    <p class='ocr_par' dir='ltr' id='par_1_45' title="bbox 94 2620 1684 2694">
     <span class='ocr_line' id='line_1_45' title="bbox 94 2620 1684 2694; baseline 0 -17"><span class='ocrx_word' id='word_1_318' title='bbox 94 2626 146 2677; x_wconf 76' lang='grc' dir='ltr'>δὲ</span> <span class='ocrx_word' id='word_1_319' title='bbox 175 2624 334 2692; x_wconf 55' lang='lat' dir='ltr'><strong>psic;</strong></span> <span class='ocrx_word' id='word_1_320' title='bbox 372 2623 614 2694; x_wconf 74' lang='grc' dir='ltr'>νοσῆσαν</span> <span class='ocrx_word' id='word_1_321' title='bbox 647 2623 769 2678; x_wconf 75' lang='grc' dir='ltr'>ἀντὶ</span> <span class='ocrx_word' id='word_1_322' title='bbox 804 2621 900 2675; x_wconf 76' lang='grc' dir='ltr'>τοῦ</span> <span class='ocrx_word' id='word_1_323' title='bbox 927 2620 1252 2692; x_wconf 81' lang='grc' dir='ltr'>θεραπεύειν</span> <span class='ocrx_word' id='word_1_324' title='bbox 1287 2621 1566 2686; x_wconf 75' lang='grc' dir='ltr'>ἐκκόπτει,</span> <span class='ocrx_word' id='word_1_325' title='bbox 1589 2626 1684 2677; x_wconf 79' lang='grc' dir='ltr'><strong>καὶ</strong></span> 
     </span>
    </p>
   </div>
   <div class='ocr_carea' id='block_1_46' title="bbox 94 2711 1686 2783">
    <p class='ocr_par' dir='ltr' id='par_1_46' title="bbox 94 2711 1686 2783">
     <span class='ocr_line' id='line_1_46' title="bbox 94 2711 1686 2783; baseline 0.001 -15"><span class='ocrx_word' id='word_1_326' title='bbox 94 2717 257 2770; x_wconf 74' lang='grc' dir='ltr'>ταῦτα</span> <span class='ocrx_word' id='word_1_327' title='bbox 309 2718 416 2770; x_wconf 69' lang='grc' dir='ltr'><strong>οὐκ</strong></span> <span class='ocrx_word' id='word_1_328' title='bbox 468 2715 814 2768; x_wconf 71' lang='grc' dir='ltr'>ἐπικινδύνου</span> <span class='ocrx_word' id='word_1_329' title='bbox 867 2714 1070 2776; x_wconf 83' lang='grc' dir='ltr'>πάθους</span> <span class='ocrx_word' id='word_1_330' title='bbox 1109 2711 1499 2783; x_wconf 69' lang='grc' dir='ltr'>ἐνσκήψαντος,</span> <span class='ocrx_word' id='word_1_331' title='bbox 1550 2715 1686 2770; x_wconf 82' lang='grc' dir='ltr'>ἀλλὰ</span> 
     </span>
    </p>
   </div>
   <div class='ocr_carea' id='block_1_47' title="bbox 97 2804 1682 2880">
    <p class='ocr_par' dir='ltr' id='par_1_47' title="bbox 97 2804 1682 2880">
     <span class='ocr_line' id='line_1_47' title="bbox 97 2804 1682 2880; baseline -0.001 -21"><span class='ocrx_word' id='word_1_332' title='bbox 97 2810 292 2880; x_wconf 74' lang='grc' dir='ltr'>πολλὴν</span> <span class='ocrx_word' id='word_1_333' title='bbox 321 2809 548 2879; x_wconf 75' lang='grc' dir='ltr'>ἔχοντος</span> <span class='ocrx_word' id='word_1_334' title='bbox 581 2807 679 2860; x_wconf 77' lang='grc' dir='ltr'><strong>καὶ</strong></span> <span class='ocrx_word' id='word_1_335' title='bbox 715 2805 903 2876; x_wconf 75' lang='grc' dir='ltr'>ῥᾳδίαν</span> <span class='ocrx_word' id='word_1_336' title='bbox 946 2806 1046 2876; x_wconf 78' lang='grc' dir='ltr'>τῆς</span> <span class='ocrx_word' id='word_1_337' title='bbox 1079 2807 1276 2867; x_wconf 74' lang='grc' dir='ltr'>ἰάσεως</span> <span class='ocrx_word' id='word_1_338' title='bbox 1307 2804 1405 2876; x_wconf 82' lang='grc' dir='ltr'>τὴν</span> <span class='ocrx_word' id='word_1_339' title='bbox 1458 2805 1682 2870; x_wconf 82' lang='grc' dir='ltr'>ἐλπίδα;</span> 
     </span>
    </p>
   </div>
   <div class='ocr_carea' id='block_1_48' title="bbox 109 2896 1684 2970">
    <p class='ocr_par' dir='ltr' id='par_1_48' title="bbox 109 2896 1684 2970">
     <span class='ocr_line' id='line_1_48' title="bbox 109 2896 1684 2970; baseline -0.003 -16"><span class='ocrx_word' id='word_1_340' title='bbox 109 2903 426 2970; x_wconf 84' lang='grc' dir='ltr'>Ἐπεγένετο</span> <span class='ocrx_word' id='word_1_341' title='bbox 458 2899 766 2970; x_wconf 64' lang='grc' dir='ltr'>φλύκταινα</span> <span class='ocrx_word' id='word_1_342' title='bbox 800 2901 863 2969; x_wconf 76' lang='grc' dir='ltr'>τῇ</span> <span class='ocrx_word' id='word_1_343' title='bbox 891 2897 1054 2968; x_wconf 74' lang='grc' dir='ltr'>χειρὶ,</span> <span class='ocrx_word' id='word_1_344' title='bbox 1087 2896 1364 2968; x_wconf 83' lang='grc' dir='ltr'>ἐπιμελῶς</span> <span class='ocrx_word' id='word_1_345' title='bbox 1401 2896 1572 2967; x_wconf 74' lang='grc' dir='ltr'>αὐτὴν</span> <span class='ocrx_word' id='word_1_346' title='bbox 1597 2897 1684 2950; x_wconf 80' lang='grc' dir='ltr'>θε-</span> 
     </span>
    </p>
   </div>
   <div class='ocr_carea' id='block_1_49' title="bbox 101 2985 1688 3064">
    <p class='ocr_par' dir='ltr' id='par_1_49' title="bbox 101 2985 1688 3064">
     <span class='ocr_line' id='line_1_49' title="bbox 101 2985 1688 3064; baseline -0.006 -17"><span class='ocrx_word' id='word_1_347' title='bbox 101 2994 489 3064; x_wconf 75' lang='grc' dir='ltr'>ραπεύσωμενο</span> <span class='ocrx_word' id='word_1_348' title='bbox 537 2987 820 3060; x_wconf 76' lang='grc' dir='ltr'>φλεγμονὴ</span> <span class='ocrx_word' id='word_1_349' title='bbox 856 2987 943 3040; x_wconf 78' lang='grc' dir='ltr'><strong>τὸν</strong></span> <span class='ocrx_word' id='word_1_350' title='bbox 988 2987 1122 3040; x_wconf 78' lang='grc' dir='ltr'>πόδα</span> <span class='ocrx_word' id='word_1_351' title='bbox 1151 2985 1524 3056; x_wconf 86' lang='grc' dir='ltr'>διενόχλησεν,</span> <span class='ocrx_word' id='word_1_352' title='bbox 1553 3003 1688 3057; x_wconf 82' lang='grc' dir='ltr'>φαρ-</span> 
     </span>
    </p>
   </div>
   <div class='ocr_carea' id='block_1_50' title="bbox 103 3077 1684 3156">
    <p class='ocr_par' dir='ltr' id='par_1_50' title="bbox 103 3077 1684 3156">
     <span class='ocr_line' id='line_1_50' title="bbox 103 3077 1684 3156; baseline -0.005 -18"><span class='ocrx_word' id='word_1_353' title='bbox 103 3088 252 3156; x_wconf 70' lang='grc' dir='ltr'>μάκῳ</span> <span class='ocrx_word' id='word_1_354' title='bbox 299 3085 404 3155; x_wconf 75' lang='grc' dir='ltr'><strong>τὴν</strong></span> <span class='ocrx_word' id='word_1_355' title='bbox 433 3081 708 3152; x_wconf 80' lang='grc' dir='ltr'>ἐξοίδησιν</span> <span class='ocrx_word' id='word_1_356' title='bbox 741 3079 1202 3148; x_wconf 83' lang='grc' dir='ltr'>καταστείλωμεν.</span> <span class='ocrx_word' id='word_1_357' title='bbox 1233 3079 1294 3131; x_wconf 81' lang='lat' dir='ltr'><strong>Ei</strong></span> <span class='ocrx_word' id='word_1_358' title='bbox 1327 3077 1386 3130; x_wconf 85' lang='grc' dir='ltr'><strong>δὲ.</strong></span> <span class='ocrx_word' id='word_1_359' title='bbox 1417 3078 1684 3148; x_wconf 82' lang='grc' dir='ltr'>παρέντες</span> 
     </span>
    </p>
   </div>
   <div class='ocr_carea' id='block_1_51' title="bbox 98 3167 1683 3244">
    <p class='ocr_par' dir='ltr' id='par_1_51' title="bbox 98 3167 1683 3244">
     <span class='ocr_line' id='line_1_51' title="bbox 98 3167 1683 3244; baseline -0.003 -17"><span class='ocrx_word' id='word_1_360' title='bbox 98 3176 188 3244; x_wconf 68' lang='grc' dir='ltr'><strong>τὴν</strong></span> <span class='ocrx_word' id='word_1_361' title='bbox 217 3175 326 3227; x_wconf 82' lang='grc' dir='ltr'><strong>τῶν</strong></span> <span class='ocrx_word' id='word_1_362' title='bbox 360 3174 570 3244; x_wconf 75' lang='grc' dir='ltr'>ἰατρῶν</span> <span class='ocrx_word' id='word_1_363' title='bbox 605 3169 896 3238; x_wconf 68' lang='grc' dir='ltr'>ἐπίσκεψιν</span> <span class='ocrx_word' id='word_1_364' title='bbox 918 3210 932 3233; x_wconf 95' lang='grc'><strong>,</strong></span> <span class='ocrx_word' id='word_1_365' title='bbox 969 3171 1098 3240; x_wconf 79' lang='grc' dir='ltr'>περὶ</span> <span class='ocrx_word' id='word_1_366' title='bbox 1121 3172 1220 3239; x_wconf 82' lang='grc' dir='ltr'>τὴν</span> <span class='ocrx_word' id='word_1_367' title='bbox 1250 3167 1422 3238; x_wconf 83' lang='grc' dir='ltr'>τομὴν</span> <span class='ocrx_word' id='word_1_368' title='bbox 1464 3169 1557 3220; x_wconf 75' lang='grc' dir='ltr'>καὶ</span> <span class='ocrx_word' id='word_1_369' title='bbox 1591 3167 1683 3223; x_wconf 84' lang='grc' dir='ltr'><strong>τὸν</strong></span> 
     </span>
    </p>
   </div>
   <div class='ocr_carea' id='block_1_52' title="bbox 104 3259 1681 3339">
    <p class='ocr_par' dir='ltr' id='par_1_52' title="bbox 104 3259 1681 3339">
     <span class='ocr_line' id='line_1_52' title="bbox 104 3259 1681 3339; baseline -0.006 -19"><span class='ocrx_word' id='word_1_370' title='bbox 104 3269 311 3339; x_wconf 70' lang='grc' dir='ltr'>σίδηρον</span> <span class='ocrx_word' id='word_1_371' title='bbox 332 3263 671 3336; x_wconf 74' lang='grc' dir='ltr'>ἀσχοληθείη</span> <span class='ocrx_word' id='word_1_372' title='bbox 679 3280 800 3332; x_wconf 88' lang='grc' dir='ltr'>μεν,</span> <span class='ocrx_word' id='word_1_373' title='bbox 829 3261 949 3315; x_wconf 81' lang='grc' dir='ltr'>καθ’</span> <span class='ocrx_word' id='word_1_374' title='bbox 973 3262 1201 3316; x_wconf 79' lang='grc' dir='ltr'>ἕκαστον</span> <span class='ocrx_word' id='word_1_375' title='bbox 1220 3259 1328 3312; x_wconf 82' lang='grc' dir='ltr'><strong>τῶν</strong></span> <span class='ocrx_word' id='word_1_376' title='bbox 1347 3259 1681 3323; x_wconf 86' lang='grc' dir='ltr'>λυπούντων,</span> 
     </span>
    </p>
   </div>
   <div class='ocr_carea' id='block_1_53' title="bbox 99 3351 1684 3427">
    <p class='ocr_par' dir='ltr' id='par_1_53' title="bbox 99 3351 1684 3427">
     <span class='ocr_line' id='line_1_53' title="bbox 99 3351 1684 3427; baseline -0.003 -21"><span class='ocrx_word' id='word_1_377' title='bbox 99 3355 210 3408; x_wconf 71' lang='grc' dir='ltr'><strong>ὠδὲ</strong></span> <span class='ocrx_word' id='word_1_378' title='bbox 237 3356 438 3427; x_wconf 85' lang='grc' dir='ltr'>μικρὸν</span> <span class='ocrx_word' id='word_1_379' title='bbox 465 3354 568 3423; x_wconf 79' lang='grc' dir='ltr'>τῆς</span> <span class='ocrx_word' id='word_1_380' title='bbox 598 3351 745 3422; x_wconf 80' lang='grc' dir='ltr'>ζωῆς</span> <span class='ocrx_word' id='word_1_381' title='bbox 771 3351 1136 3421; x_wconf 83' lang='grc' dir='ltr'>διαγενόμενοι</span> <span class='ocrx_word' id='word_1_382' title='bbox 1167 3351 1376 3421; x_wconf 83' lang='grc' dir='ltr'>χρόνον,</span> <span class='ocrx_word' id='word_1_383' title='bbox 1411 3351 1545 3402; x_wconf 75' lang='grc' dir='ltr'>πᾶσι</span> <span class='ocrx_word' id='word_1_384' title='bbox 1570 3352 1684 3412; x_wconf 82' lang='grc' dir='ltr'>τοῖς</span> 
     </span>
    </p>
   </div>
   <div class='ocr_carea' id='block_1_54' title="bbox 107 3441 1682 3516">
    <p class='ocr_par' dir='ltr' id='par_1_54' title="bbox 107 3441 1682 3516">
     <span class='ocr_line' id='line_1_54' title="bbox 107 3441 1682 3516; baseline -0.003 -18"><span class='ocrx_word' id='word_1_385' title='bbox 107 3448 314 3516; x_wconf 78' lang='grc' dir='ltr'>μέλεσιν</span> <span class='ocrx_word' id='word_1_386' title='bbox 346 3445 583 3507; x_wconf 71' lang='grc' dir='ltr'>ἑαυτοὺς</span> <span class='ocrx_word' id='word_1_387' title='bbox 614 3442 1124 3512; x_wconf 77' lang='grc' dir='ltr'>ἀκροτηριάσωμεν.</span> <span class='ocrx_word' id='word_1_388' title='bbox 1181 3441 1323 3496; x_wconf 85' lang='grc' dir='ltr'>Ἀλλ’</span> <span class='ocrx_word' id='word_1_389' title='bbox 1351 3443 1449 3512; x_wconf 71' lang='grc' dir='ltr'>οὐχ</span> <span class='ocrx_word' id='word_1_390' title='bbox 1488 3441 1682 3506; x_wconf 75' lang='grc' dir='ltr'>οὓτως,</span> 
     </span>
    </p>
   </div>
   <div class='ocr_carea' id='block_1_55' title="bbox 101 3529 1689 3609">
    <p class='ocr_par' dir='ltr' id='par_1_55' title="bbox 101 3529 1689 3609">
     <span class='ocr_line' id='line_1_55' title="bbox 101 3529 1689 3609; baseline -0.004 -19"><span class='ocrx_word' id='word_1_391' title='bbox 101 3532 383 3609; x_wconf 70' lang='grc' dir='ltr'>ὦᾶνδρες·</span> <span class='ocrx_word' id='word_1_392' title='bbox 433 3535 580 3588; x_wconf 79' lang='grc' dir='ltr'>ἔστω</span> <span class='ocrx_word' id='word_1_393' title='bbox 623 3549 708 3595; x_wconf 83' lang='grc' dir='ltr'><strong>τις</strong></span> <span class='ocrx_word' id='word_1_394' title='bbox 755 3533 939 3603; x_wconf 79' lang='grc' dir='ltr'>μνήμη</span> <span class='ocrx_word' id='word_1_395' title='bbox 985 3532 1078 3584; x_wconf 78' lang='grc' dir='ltr'><strong>καὶ</strong></span> <span class='ocrx_word' id='word_1_396' title='bbox 1135 3531 1240 3584; x_wconf 84' lang='grc' dir='ltr'><strong>τῶν</strong></span> <span class='ocrx_word' id='word_1_397' title='bbox 1298 3529 1514 3587; x_wconf 83' lang='grc' dir='ltr'>κώλων·</span> <span class='ocrx_word' id='word_1_398' title='bbox 1569 3531 1689 3584; x_wconf 76' lang='grc' dir='ltr'><strong>δυσ⁹</strong></span> 
     </span>
    </p>
   </div>
   <div class='ocr_carea' id='block_1_56' title="bbox 81 3623 1686 3698">
    <p class='ocr_par' dir='ltr' id='par_1_56' title="bbox 81 3623 1686 3698">
     <span class='ocr_line' id='line_1_56' title="bbox 81 3623 1686 3698; baseline -0.002 -16"><span class='ocrx_word' id='word_1_399' title='bbox 81 3630 418 3683; x_wconf 84' lang='grc' dir='ltr'>,ωπείτωσαν</span> <span class='ocrx_word' id='word_1_400' title='bbox 451 3627 599 3698; x_wconf 77' lang='grc' dir='ltr'>ὑμᾶς</span> <span class='ocrx_word' id='word_1_401' title='bbox 646 3627 699 3678; x_wconf 85' lang='grc' dir='ltr'>αἱ</span> <span class='ocrx_word' id='word_1_402' title='bbox 732 3624 1018 3695; x_wconf 83' lang='grc' dir='ltr'>θεραπεῖαι</span> <span class='ocrx_word' id='word_1_403' title='bbox 1057 3623 1164 3676; x_wconf 85' lang='grc' dir='ltr'><strong>τῶν</strong></span> <span class='ocrx_word' id='word_1_404' title='bbox 1197 3623 1491 3691; x_wconf 80' lang='grc' dir='ltr'>γυναικῶν.</span> <span class='ocrx_word' id='word_1_405' title='bbox 1523 3623 1686 3679; x_wconf 83' lang='grc' dir='ltr'>Ὅσον</span> 
     </span>
    </p>
   </div>
   <div class='ocr_carea' id='block_1_57' title="bbox 105 3713 1688 3792">
    <p class='ocr_par' dir='ltr' id='par_1_57' title="bbox 105 3713 1688 3792">
     <span class='ocr_line' id='line_1_57' title="bbox 105 3713 1688 3792; baseline -0.006 -18"><span class='ocrx_word' id='word_1_406' title='bbox 105 3721 143 3774; x_wconf 79' lang='grc' dir='ltr'>δ’</span> <span class='ocrx_word' id='word_1_407' title='bbox 169 3723 231 3774; x_wconf 78' lang='grc' dir='ltr'>ἂν</span> <span class='ocrx_word' id='word_1_408' title='bbox 264 3713 670 3792; x_wconf 80' lang='grc' dir='ltr'>παροξυνθῆτε,</span> <span class='ocrx_word' id='word_1_409' title='bbox 722 3715 840 3780; x_wconf 78' lang='grc' dir='ltr'>ἐνδς</span> <span class='ocrx_word' id='word_1_410' title='bbox 871 3716 1030 3770; x_wconf 82' lang='grc' dir='ltr'>τόκου</span> <span class='ocrx_word' id='word_1_411' title='bbox 1059 3715 1154 3785; x_wconf 83' lang='grc' dir='ltr'><strong>τὴν</strong></span> <span class='ocrx_word' id='word_1_412' title='bbox 1183 3713 1347 3768; x_wconf 85' lang='grc' dir='ltr'>ὠδῖνα</span> <span class='ocrx_word' id='word_1_413' title='bbox 1379 3713 1688 3776; x_wconf 79' lang='grc' dir='ltr'>ἀντιθέντες</span> 
     </span>
    </p>
   </div>
   <div class='ocr_carea' id='block_1_58' title="bbox 103 3805 1686 3884">
    <p class='ocr_par' dir='ltr' id='par_1_58' title="bbox 103 3805 1686 3884">
     <span class='ocr_line' id='line_1_58' title="bbox 103 3805 1686 3884; baseline -0.003 -19"><span class='ocrx_word' id='word_1_414' title='bbox 103 3817 214 3877; x_wconf 78' lang='grc' dir='ltr'>ταῖς</span> <span class='ocrx_word' id='word_1_415' title='bbox 243 3813 548 3884; x_wconf 66' lang='grc' dir='ltr'>μέμψεσιν,</span> <span class='ocrx_word' id='word_1_416' title='bbox 575 3810 843 3880; x_wconf 82' lang='grc' dir='ltr'>εὑρήσετε</span> <span class='ocrx_word' id='word_1_417' title='bbox 869 3807 1174 3879; x_wconf 85' lang='grc' dir='ltr'>νικωμένην</span> <span class='ocrx_word' id='word_1_418' title='bbox 1203 3806 1300 3877; x_wconf 80' lang='grc' dir='ltr'><strong>τὴν</strong></span> <span class='ocrx_word' id='word_1_419' title='bbox 1321 3806 1430 3861; x_wconf 81' lang='grc' dir='ltr'><strong>τῶν</strong></span> <span class='ocrx_word' id='word_1_420' title='bbox 1459 3805 1686 3860; x_wconf 83' lang='grc' dir='ltr'>λυπούν-</span> 
     </span>
    </p>
   </div>
   <div class='ocr_carea' id='block_1_59' title="bbox 107 3908 589 3978">
    <p class='ocr_par' dir='ltr' id='par_1_59' title="bbox 107 3908 589 3978">
     <span class='ocr_line' id='line_1_59' title="bbox 107 3908 589 3978; baseline 0 -20"><span class='ocrx_word' id='word_1_421' title='bbox 107 3925 202 3961; x_wconf 85' lang='grc' dir='ltr'><strong>των</strong></span> <span class='ocrx_word' id='word_1_422' title='bbox 236 3908 589 3978; x_wconf 83' lang='grc' dir='ltr'>περίστασιν.</span> 
     </span>
    </p>
   </div>
   <div class='ocr_carea' id='block_1_60' title="bbox 1789 1792 3358 1878">
    <p class='ocr_par' dir='ltr' id='par_1_60' title="bbox 1789 1792 3358 1878">
     <span class='ocr_line' id='line_1_60' title="bbox 1789 1792 3358 1878; baseline 0.018 -32"><span class='ocrx_word' id='word_1_423' title='bbox 1789 1792 2009 1863; x_wconf 84' lang='lat' dir='ltr'><strong>rejecit;</strong></span> <span class='ocrx_word' id='word_1_424' title='bbox 2061 1797 2155 1852; x_wconf 91' lang='lat' dir='ltr'><strong>sed</strong></span> <span class='ocrx_word' id='word_1_425' title='bbox 2198 1799 2349 1854; x_wconf 78' lang='lat' dir='ltr'><strong>venia</strong></span> <span class='ocrx_word' id='word_1_426' title='bbox 2387 1817 2450 1858; x_wconf 88' lang='lat' dir='ltr'><strong>ac</strong></span> <span class='ocrx_word' id='word_1_427' title='bbox 2496 1803 2736 1868; x_wconf 84' lang='lat' dir='ltr'><strong>lenitate,</strong></span> <span class='ocrx_word' id='word_1_428' title='bbox 2791 1824 2907 1878; x_wconf 71' lang='lat' dir='ltr'><strong>quae</strong></span> <span class='ocrx_word' id='word_1_429' title='bbox 2953 1813 3222 1871; x_wconf 80' lang='lat' dir='ltr'><strong>hominem</strong></span> <span class='ocrx_word' id='word_1_430' title='bbox 3265 1821 3358 1874; x_wconf 79' lang='lat' dir='ltr'><strong>de-</strong></span> 
     </span>
    </p>
   </div>
   <div class='ocr_carea' id='block_1_61' title="bbox 1787 1893 3356 1966">
    <p class='ocr_par' dir='ltr' id='par_1_61' title="bbox 1787 1893 3356 1966">
     <span class='ocr_line' id='line_1_61' title="bbox 1787 1893 3356 1966; baseline 0.017 -26"><span class='ocrx_word' id='word_1_431' title='bbox 1787 1895 1925 1954; x_wconf 89' lang='lat' dir='ltr'><strong>ceat,</strong></span> <span class='ocrx_word' id='word_1_432' title='bbox 1966 1897 2017 1942; x_wconf 90' lang='lat' dir='ltr'><strong>te</strong></span> <span class='ocrx_word' id='word_1_433' title='bbox 2056 1893 2315 1960; x_wconf 82' lang='lat' dir='ltr'><strong>suscepit,</strong></span> <span class='ocrx_word' id='word_1_434' title='bbox 2360 1903 2414 1948; x_wconf 89' lang='lat' dir='ltr'><strong>et</strong></span> <span class='ocrx_word' id='word_1_435' title='bbox 2461 1898 2846 1964; x_wconf 81' lang='lat' dir='ltr'><strong>repritueutem</strong></span> <span class='ocrx_word' id='word_1_436' title='bbox 2886 1919 2949 1958; x_wconf 87' lang='lat' dir='ltr'><strong>ac</strong></span> <span class='ocrx_word' id='word_1_437' title='bbox 2981 1908 3356 1966; x_wconf 78' lang='lat' dir='ltr'><strong>verberantem</strong></span> 
     </span>
    </p>
   </div>
   <div class='ocr_carea' id='block_1_62' title="bbox 1786 1977 3360 2072">
    <p class='ocr_par' dir='ltr' id='par_1_62' title="bbox 1786 1977 3360 2072">
     <span class='ocr_line' id='line_1_62' title="bbox 1786 1977 3360 2072; baseline 0.02 -46"><span class='ocrx_word' id='word_1_438' title='bbox 1786 1977 2073 2045; x_wconf 82' lang='lat' dir='ltr'><strong>demulsit;</strong></span> <span class='ocrx_word' id='word_1_439' title='bbox 2123 1993 2389 2052; x_wconf 77' lang='lat' dir='ltr'><strong>caputque</strong></span> <span class='ocrx_word' id='word_1_440' title='bbox 2430 2002 2629 2052; x_wconf 64' lang='lat' dir='ltr'><strong>aegrum</strong></span> <span class='ocrx_word' id='word_1_441' title='bbox 2661 2005 2725 2045; x_wconf 89' lang='lat' dir='ltr'><strong>ac</strong></span> <span class='ocrx_word' id='word_1_442' title='bbox 2763 1994 2892 2046; x_wconf 88' lang='lat' dir='ltr'><strong>meri</strong></span> <span class='ocrx_word' id='word_1_443' title='bbox 2928 1999 3212 2064; x_wconf 84' lang='lat' dir='ltr'><strong>vaporibus</strong></span> <span class='ocrx_word' id='word_1_444' title='bbox 3245 2005 3360 2072; x_wconf 77' lang='lat' dir='ltr'><strong>agi-</strong></span> 
     </span>
    </p>
   </div>
   <div class='ocr_carea' id='block_1_63' title="bbox 1791 2073 3358 2158">
    <p class='ocr_par' dir='ltr' id='par_1_63' title="bbox 1791 2073 3358 2158">
     <span class='ocr_line' id='line_1_63' title="bbox 1791 2073 3358 2158; baseline 0.016 -37"><span class='ocrx_word' id='word_1_445' title='bbox 1791 2079 1976 2133; x_wconf 88' lang='lat' dir='ltr'><strong>tatum,</strong></span> <span class='ocrx_word' id='word_1_446' title='bbox 2014 2073 2197 2127; x_wconf 90' lang='lat' dir='ltr'><strong>sedulo</strong></span> <span class='ocrx_word' id='word_1_447' title='bbox 2221 2077 2472 2142; x_wconf 83' lang='lat' dir='ltr'><strong>curavit,</strong></span> <span class='ocrx_word' id='word_1_448' title='bbox 2501 2093 2564 2132; x_wconf 87' lang='lat' dir='ltr'><strong>ac</strong></span> <span class='ocrx_word' id='word_1_449' title='bbox 2595 2081 2809 2136; x_wconf 87' lang='lat' dir='ltr'><strong>demum</strong></span> <span class='ocrx_word' id='word_1_450' title='bbox 2861 2084 2914 2138; x_wconf 89' lang='lat' dir='ltr'><strong>in</strong></span> <span class='ocrx_word' id='word_1_451' title='bbox 2962 2096 3133 2142; x_wconf 90' lang='lat' dir='ltr'><strong>torum</strong></span> <span class='ocrx_word' id='word_1_452' title='bbox 3171 2092 3358 2158; x_wconf 78' lang='lat' dir='ltr'><strong>conju-</strong></span> 
     </span>
    </p>
   </div>
   <div class='ocr_carea' id='block_1_64' title="bbox 1786 2161 3357 2242">
    <p class='ocr_par' dir='ltr' id='par_1_64' title="bbox 1786 2161 3357 2242">
     <span class='ocr_line' id='line_1_64' title="bbox 1786 2161 3357 2242; baseline 0.014 -30"><span class='ocrx_word' id='word_1_453' title='bbox 1786 2161 1956 2230; x_wconf 79' lang='lat' dir='ltr'><strong>galem</strong></span> <span class='ocrx_word' id='word_1_454' title='bbox 1993 2161 2186 2217; x_wconf 80' lang='lat' dir='ltr'><strong>duxit:</strong></span> <span class='ocrx_word' id='word_1_455' title='bbox 2220 2165 2332 2220; x_wconf 92' lang='lat' dir='ltr'><strong>sola</strong></span> <span class='ocrx_word' id='word_1_456' title='bbox 2375 2169 2628 2222; x_wconf 87' lang='lat' dir='ltr'><strong>nimirum</strong></span> <span class='ocrx_word' id='word_1_457' title='bbox 2679 2174 3049 2241; x_wconf 85' lang='lat' dir='ltr'><strong>tui&#39;miscrta,</strong></span> <span class='ocrx_word' id='word_1_458' title='bbox 3101 2195 3220 2242; x_wconf 83' lang='lat' dir='ltr'><strong>cum</strong></span> <span class='ocrx_word' id='word_1_459' title='bbox 3277 2183 3357 2236; x_wconf 78' lang='lat' dir='ltr'><strong>fa-</strong></span> 
     </span>
    </p>
   </div>
   <div class='ocr_carea' id='block_1_65' title="bbox 1789 2252 3361 2332">
    <p class='ocr_par' dir='ltr' id='par_1_65' title="bbox 1789 2252 3361 2332">
     <span class='ocr_line' id='line_1_65' title="bbox 1789 2252 3361 2332; baseline 0.012 -28"><span class='ocrx_word' id='word_1_460' title='bbox 1789 2252 1916 2306; x_wconf 91' lang='lat' dir='ltr'><strong>muli</strong></span> <span class='ocrx_word' id='word_1_461' title='bbox 1947 2254 2014 2308; x_wconf 88' lang='lat' dir='ltr'><strong>ob</strong></span> <span class='ocrx_word' id='word_1_462' title='bbox 2037 2269 2280 2310; x_wconf 86' lang='lat' dir='ltr'><strong>errorem</strong></span> <span class='ocrx_word' id='word_1_463' title='bbox 2319 2261 2515 2315; x_wconf 89' lang='lat' dir='ltr'><strong>mentis</strong></span> <span class='ocrx_word' id='word_1_464' title='bbox 2549 2277 2611 2315; x_wconf 91' lang='lat' dir='ltr'><strong>ac</strong></span> <span class='ocrx_word' id='word_1_465' title='bbox 2644 2263 3017 2332; x_wconf 81' lang='lat' dir='ltr'><strong>agitationem,</strong></span> <span class='ocrx_word' id='word_1_466' title='bbox 3053 2272 3240 2326; x_wconf 81' lang='lat' dir='ltr'><strong>horum</strong></span> <span class='ocrx_word' id='word_1_467' title='bbox 3273 2275 3361 2329; x_wconf 69' lang='lat' dir='ltr'><strong>de.</strong></span> 
     </span>
    </p>
   </div>
   <div class='ocr_carea' id='block_1_66' title="bbox 1789 2343 3361 2427">
    <p class='ocr_par' dir='ltr' id='par_1_66' title="bbox 1789 2343 3361 2427">
     <span class='ocr_line' id='line_1_66' title="bbox 1789 2343 3361 2427; baseline 0.013 -29"><span class='ocrx_word' id='word_1_468' title='bbox 1789 2343 2026 2400; x_wconf 79' lang='lat' dir='ltr'><strong>riderent</strong></span> <span class='ocrx_word' id='word_1_469' title='bbox 2073 2356 2236 2416; x_wconf 85' lang='lat' dir='ltr'><strong>atqne</strong></span> <span class='ocrx_word' id='word_1_470' title='bbox 2277 2351 2695 2408; x_wconf 73' lang='lat' dir='ltr'><strong>Subsanuarrnt.</strong></span> <span class='ocrx_word' id='word_1_471' title='bbox 2727 2356 2797 2409; x_wconf 79' lang='lat' dir='ltr'><strong>At</strong></span> <span class='ocrx_word' id='word_1_472' title='bbox 2826 2367 2878 2412; x_wconf 93' lang='lat' dir='ltr'><strong>tu</strong></span> <span class='ocrx_word' id='word_1_473' title='bbox 2908 2363 3106 2427; x_wconf 73' lang='lat' dir='ltr'><strong>passim</strong></span> <span class='ocrx_word' id='word_1_474' title='bbox 3137 2365 3186 2416; x_wconf 91' lang='lat' dir='ltr'><strong>iu</strong></span> <span class='ocrx_word' id='word_1_475' title='bbox 3211 2381 3361 2418; x_wconf 71' lang='lat' dir='ltr'><strong>com-</strong></span> 
     </span>
    </p>
   </div>
   <div class='ocr_carea' id='block_1_67' title="bbox 1788 2429 3354 2510">
    <p class='ocr_par' dir='ltr' id='par_1_67' title="bbox 1788 2429 3354 2510">
     <span class='ocr_line' id='line_1_67' title="bbox 1788 2429 3354 2510; baseline 0.017 -27"><span class='ocrx_word' id='word_1_476' title='bbox 1788 2429 1914 2498; x_wconf 87' lang='lat' dir='ltr'><strong>pitis</strong></span> <span class='ocrx_word' id='word_1_477' title='bbox 1938 2441 1992 2486; x_wconf 91' lang='lat' dir='ltr'><strong>et</strong></span> <span class='ocrx_word' id='word_1_478' title='bbox 2022 2431 2216 2502; x_wconf 87' lang='lat' dir='ltr'><strong>plateis</strong></span> <span class='ocrx_word' id='word_1_479' title='bbox 2241 2435 2525 2501; x_wconf 86' lang='lat' dir='ltr'><strong>oberrans,</strong></span> <span class='ocrx_word' id='word_1_480' title='bbox 2575 2439 2786 2510; x_wconf 75' lang='lat' dir='ltr'><strong>frigidis</strong></span> <span class='ocrx_word' id='word_1_481' title='bbox 2819 2445 2884 2498; x_wconf 87' lang='lat' dir='ltr'><strong>de</strong></span> <span class='ocrx_word' id='word_1_482' title='bbox 2915 2450 3092 2504; x_wconf 65' lang='lat' dir='ltr'><strong>mmsis</strong></span> <span class='ocrx_word' id='word_1_483' title='bbox 3129 2467 3354 2510; x_wconf 71' lang='lat' dir='ltr'><strong>tutorem</strong></span> 
     </span>
    </p>
   </div>
   <div class='ocr_carea' id='block_1_68' title="bbox 1789 2523 3355 2612">
    <p class='ocr_par' dir='ltr' id='par_1_68' title="bbox 1789 2523 3355 2612">
     <span class='ocr_line' id='line_1_68' title="bbox 1789 2523 3355 2612; baseline 0.017 -41"><span class='ocrx_word' id='word_1_484' title='bbox 1789 2523 1992 2592; x_wconf 83' lang='lat' dir='ltr'><strong>tragice</strong></span> <span class='ocrx_word' id='word_1_485' title='bbox 2023 2526 2362 2596; x_wconf 80' lang='lat' dir='ltr'><strong>turpiterque</strong></span> <span class='ocrx_word' id='word_1_486' title='bbox 2400 2531 2662 2596; x_wconf 84' lang='lat' dir='ltr'><strong>traducis,</strong></span> <span class='ocrx_word' id='word_1_487' title='bbox 2697 2544 2752 2586; x_wconf 83' lang='lat' dir='ltr'><strong>ut</strong></span> <span class='ocrx_word' id='word_1_488' title='bbox 2785 2538 2851 2588; x_wconf 85' lang='lat' dir='ltr'><strong>ad</strong></span> <span class='ocrx_word' id='word_1_489' title='bbox 2883 2537 3176 2595; x_wconf 80' lang='lat' dir='ltr'><strong>faciliorem</strong></span> <span class='ocrx_word' id='word_1_490' title='bbox 3208 2545 3355 2612; x_wconf 74' lang='lat' dir='ltr'><strong>cogi-</strong></span> 
     </span>
    </p>
   </div>
   <div class='ocr_carea' id='block_1_69' title="bbox 1790 2615 3357 2691">
    <p class='ocr_par' dir='ltr' id='par_1_69' title="bbox 1790 2615 3357 2691">
     <span class='ocr_line' id='line_1_69' title="bbox 1790 2615 3357 2691; baseline 0.015 -25"><span class='ocrx_word' id='word_1_491' title='bbox 1790 2615 1885 2668; x_wconf 80' lang='lat' dir='ltr'><strong>tati</strong></span> <span class='ocrx_word' id='word_1_492' title='bbox 1915 2617 2121 2686; x_wconf 84' lang='lat' dir='ltr'><strong>repudii</strong></span> <span class='ocrx_word' id='word_1_493' title='bbox 2164 2620 2374 2674; x_wconf 67' lang='lat' dir='ltr'><strong>veniam</strong></span> <span class='ocrx_word' id='word_1_494' title='bbox 2421 2636 2485 2676; x_wconf 86' lang='lat' dir='ltr'><strong>ac</strong></span> <span class='ocrx_word' id='word_1_495' title='bbox 2527 2626 2958 2691; x_wconf 80' lang='lat' dir='ltr'><strong>excusationem,</strong></span> <span class='ocrx_word' id='word_1_496' title='bbox 2993 2632 3129 2684; x_wconf 84' lang='lat' dir='ltr'><strong>viam</strong></span> <span class='ocrx_word' id='word_1_497' title='bbox 3162 2634 3255 2687; x_wconf 90' lang='lat' dir='ltr'><strong>tibi</strong></span> <span class='ocrx_word' id='word_1_498' title='bbox 3291 2651 3357 2689; x_wconf 82' lang='lat' dir='ltr'><strong>ac</strong></span> 
     </span>
    </p>
   </div>
   <div class='ocr_carea' id='block_1_70' title="bbox 1788 2707 3360 2792">
    <p class='ocr_par' dir='ltr' id='par_1_70' title="bbox 1788 2707 3360 2792">
     <span class='ocr_line' id='line_1_70' title="bbox 1788 2707 3360 2792; baseline 0.011 -33"><span class='ocrx_word' id='word_1_499' title='bbox 1788 2707 1990 2762; x_wconf 87' lang='lat' dir='ltr'><strong>aditum</strong></span> <span class='ocrx_word' id='word_1_500' title='bbox 2026 2708 2257 2763; x_wconf 88' lang='lat' dir='ltr'><strong>munias.</strong></span> <span class='ocrx_word' id='word_1_501' title='bbox 2306 2708 2456 2778; x_wconf 89' lang='lat' dir='ltr'><strong>Duri,</strong></span> <span class='ocrx_word' id='word_1_502' title='bbox 2489 2713 2722 2770; x_wconf 88' lang='lat' dir='ltr'><strong>immites</strong></span> <span class='ocrx_word' id='word_1_503' title='bbox 2761 2733 2824 2771; x_wconf 89' lang='lat' dir='ltr'><strong>ac</strong></span> <span class='ocrx_word' id='word_1_504' title='bbox 2871 2719 3086 2775; x_wconf 84' lang='lat' dir='ltr'><strong>belluiui</strong></span> <span class='ocrx_word' id='word_1_505' title='bbox 3115 2723 3166 2775; x_wconf 89' lang='lat' dir='ltr'><strong>id</strong></span> <span class='ocrx_word' id='word_1_506' title='bbox 3191 2738 3360 2792; x_wconf 78' lang='lat' dir='ltr'><strong>genus</strong></span> 
     </span>
    </p>
   </div>
   <div class='ocr_carea' id='block_1_71' title="bbox 1787 2797 3362 2878">
    <p class='ocr_par' dir='ltr' id='par_1_71' title="bbox 1787 2797 3362 2878">
     <span class='ocr_line' id='line_1_71' title="bbox 1787 2797 3362 2878; baseline 0.01 -27"><span class='ocrx_word' id='word_1_507' title='bbox 1787 2797 2058 2862; x_wconf 85' lang='lat' dir='ltr'><strong>homines,</strong></span> <span class='ocrx_word' id='word_1_508' title='bbox 2107 2814 2340 2870; x_wconf 81' lang='lat' dir='ltr'><strong>vereque</strong></span> <span class='ocrx_word' id='word_1_509' title='bbox 2381 2803 2569 2870; x_wconf 82' lang='lat' dir='ltr'><strong>geniti,</strong></span> <span class='ocrx_word' id='word_1_510' title='bbox 2601 2807 3052 2873; x_wconf 80' lang='lat' dir='ltr'><strong>quemadmodum</strong></span> <span class='ocrx_word' id='word_1_511' title='bbox 3106 2811 3304 2878; x_wconf 83' lang='lat' dir='ltr'><strong>l&#39;eruut,</strong></span> <span class='ocrx_word' id='word_1_512' title='bbox 3331 2829 3362 2867; x_wconf 89' lang='lat' dir='ltr'><strong>e</strong></span> 
     </span>
    </p>
   </div>
   <div class='ocr_carea' id='block_1_72' title="bbox 1791 2890 3359 2968">
    <p class='ocr_par' dir='ltr' id='par_1_72' title="bbox 1791 2890 3359 2968">
     <span class='ocr_line' id='line_1_72' title="bbox 1791 2890 3359 2968; baseline 0.011 -28"><span class='ocrx_word' id='word_1_513' title='bbox 1791 2890 1986 2944; x_wconf 79' lang='lat' dir='ltr'><strong>robore</strong></span> <span class='ocrx_word' id='word_1_514' title='bbox 2017 2891 2097 2944; x_wconf 87' lang='lat' dir='ltr'><strong>vel</strong></span> <span class='ocrx_word' id='word_1_515' title='bbox 2130 2906 2262 2946; x_wconf 81' lang='lat' dir='ltr'><strong>saxo</strong></span> <span class='ocrx_word' id='word_1_516' title='bbox 2285 2894 2422 2964; x_wconf 76' lang='grc'>(55).</span> <span class='ocrx_word' id='word_1_517' title='bbox 2453 2895 2662 2966; x_wconf 87' lang='lat' dir='ltr'><strong>Quippe</strong></span> <span class='ocrx_word' id='word_1_518' title='bbox 2693 2900 2782 2968; x_wconf 86' lang='lat' dir='ltr'><strong>qui</strong></span> <span class='ocrx_word' id='word_1_519' title='bbox 2815 2901 3068 2956; x_wconf 88' lang='lat' dir='ltr'><strong>omnibus</strong></span> <span class='ocrx_word' id='word_1_520' title='bbox 3103 2905 3359 2960; x_wconf 77' lang='lat' dir='ltr'><strong>oblivioni</strong></span> 
     </span>
    </p>
   </div>
   <div class='ocr_carea' id='block_1_73' title="bbox 1794 2981 3363 3064">
    <p class='ocr_par' dir='ltr' id='par_1_73' title="bbox 1794 2981 3363 3064">
     <span class='ocr_line' id='line_1_73' title="bbox 1794 2981 3363 3064; baseline 0.012 -32"><span class='ocrx_word' id='word_1_521' title='bbox 1794 2981 2033 3046; x_wconf 82' lang='lat' dir='ltr'><strong>traditis,</strong></span> <span class='ocrx_word' id='word_1_522' title='bbox 2061 2997 2216 3051; x_wconf 67' lang='grc' dir='ltr'><strong>ωψιο</strong></span> <span class='ocrx_word' id='word_1_523' title='bbox 2251 2985 2435 3040; x_wconf 89' lang='lat' dir='ltr'><strong>animo</strong></span> <span class='ocrx_word' id='word_1_524' title='bbox 2470 2987 2720 3057; x_wconf 88' lang='lat' dir='ltr'><strong>nulloque</strong></span> <span class='ocrx_word' id='word_1_525' title='bbox 2743 2989 2949 3044; x_wconf 89' lang='lat' dir='ltr'><strong>doloris</strong></span> <span class='ocrx_word' id='word_1_526' title='bbox 2983 3007 3146 3047; x_wconf 82' lang='lat' dir='ltr'><strong>sensu</strong></span> <span class='ocrx_word' id='word_1_527' title='bbox 3182 3010 3363 3064; x_wconf 66' lang='lat' dir='ltr'><strong>segre-</strong></span> 
     </span>
    </p>
   </div>
   <div class='ocr_carea' id='block_1_74' title="bbox 1711 3056 3363 3152">
    <p class='ocr_par' dir='ltr' id='par_1_74' title="bbox 1711 3056 3363 3152">
     <span class='ocr_line' id='line_1_74' title="bbox 1711 3056 3363 3152; baseline 0.012 -29"><span class='ocrx_word' id='word_1_528' title='bbox 1711 3056 1753 3115; x_wconf 65' lang='grc' dir='ltr'><strong>(ἶ</strong></span> <span class='ocrx_word' id='word_1_529' title='bbox 1785 3082 2004 3142; x_wconf 73' lang='lat' dir='ltr'><strong>geritur.</strong></span> <span class='ocrx_word' id='word_1_530' title='bbox 2047 3075 2178 3138; x_wconf 86' lang='lat' dir='ltr'><strong>Quis</strong></span> <span class='ocrx_word' id='word_1_531' title='bbox 2210 3085 2388 3129; x_wconf 89' lang='lat' dir='ltr'><strong>autem</strong></span> <span class='ocrx_word' id='word_1_532' title='bbox 2435 3093 2638 3148; x_wconf 69' lang='lat' dir='ltr'><strong>aegrum</strong></span> <span class='ocrx_word' id='word_1_533' title='bbox 2686 3081 2786 3135; x_wconf 87' lang='lat' dir='ltr'><strong>sibi</strong></span> <span class='ocrx_word' id='word_1_534' title='bbox 2829 3086 3155 3152; x_wconf 67' lang='lat' dir='ltr'><strong>mcn&#39;tbrum,</strong></span> <span class='ocrx_word' id='word_1_535' title='bbox 3201 3104 3363 3142; x_wconf 85' lang='lat' dir='ltr'><strong>cura-</strong></span> 
     </span>
    </p>
   </div>
   <div class='ocr_carea' id='block_1_75' title="bbox 1787 3165 3366 3248">
    <p class='ocr_par' dir='ltr' id='par_1_75' title="bbox 1787 3165 3366 3248">
     <span class='ocr_line' id='line_1_75' title="bbox 1787 3165 3366 3248; baseline 0.009 -31"><span class='ocrx_word' id='word_1_536' title='bbox 1787 3165 1953 3223; x_wconf 76' lang='lat' dir='ltr'><strong>tioais</strong></span> <span class='ocrx_word' id='word_1_537' title='bbox 2002 3165 2119 3219; x_wconf 86' lang='lat' dir='ltr'><strong>vice</strong></span> <span class='ocrx_word' id='word_1_538' title='bbox 2163 3169 2481 3237; x_wconf 86' lang='lat' dir='ltr'><strong>abscindat;</strong></span> <span class='ocrx_word' id='word_1_539' title='bbox 2532 3187 2654 3226; x_wconf 84' lang='lat' dir='ltr'><strong>cum</strong></span> <span class='ocrx_word' id='word_1_540' title='bbox 2685 3183 2736 3228; x_wconf 87' lang='lat' dir='ltr'><strong>et</strong></span> <span class='ocrx_word' id='word_1_541' title='bbox 2772 3175 2975 3229; x_wconf 88' lang='lat' dir='ltr'><strong>ttullum</strong></span> <span class='ocrx_word' id='word_1_542' title='bbox 3007 3175 3123 3232; x_wconf 76' lang='lat' dir='ltr'><strong>fere</strong></span> <span class='ocrx_word' id='word_1_543' title='bbox 3157 3182 3366 3248; x_wconf 73' lang='lat' dir='ltr'><strong>pericu-</strong></span> 
     </span>
    </p>
   </div>
   <div class='ocr_carea' id='block_1_76' title="bbox 1787 3255 3366 3337">
    <p class='ocr_par' dir='ltr' id='par_1_76' title="bbox 1787 3255 3366 3337">
     <span class='ocr_line' id='line_1_76' title="bbox 1787 3255 3366 3337; baseline 0.009 -25"><span class='ocrx_word' id='word_1_544' title='bbox 1787 3255 1926 3321; x_wconf 91' lang='lat' dir='ltr'><strong>lum,</strong></span> <span class='ocrx_word' id='word_1_545' title='bbox 1960 3266 2013 3312; x_wconf 86' lang='lat' dir='ltr'><strong>et</strong></span> <span class='ocrx_word' id='word_1_546' title='bbox 2048 3259 2266 3314; x_wconf 82' lang='lat' dir='ltr'><strong>medela:</strong></span> <span class='ocrx_word' id='word_1_547' title='bbox 2296 3276 2488 3331; x_wconf 83' lang='lat' dir='ltr'><strong>magna</strong></span> <span class='ocrx_word' id='word_1_548' title='bbox 2525 3277 2650 3328; x_wconf 85' lang='lat' dir='ltr'><strong>spes</strong></span> <span class='ocrx_word' id='word_1_549' title='bbox 2673 3280 2743 3322; x_wconf 83' lang='lat' dir='ltr'><strong>ac</strong></span> <span class='ocrx_word' id='word_1_550' title='bbox 2775 3280 2910 3334; x_wconf 86' lang='lat' dir='ltr'><strong>pene</strong></span> <span class='ocrx_word' id='word_1_551' title='bbox 2956 3269 3235 3337; x_wconf 76' lang='lat' dir='ltr'><strong>explorata</strong></span> <span class='ocrx_word' id='word_1_552' title='bbox 3269 3287 3366 3326; x_wconf 77' lang='lat' dir='ltr'><strong>ex-</strong></span> 
     </span>
    </p>
   </div>
   <div class='ocr_carea' id='block_1_77' title="bbox 1790 3348 3366 3430">
    <p class='ocr_par' dir='ltr' id='par_1_77' title="bbox 1790 3348 3366 3430">
     <span class='ocr_line' id='line_1_77' title="bbox 1790 3348 3366 3430; baseline 0.01 -27"><span class='ocrx_word' id='word_1_553' title='bbox 1790 3348 1987 3403; x_wconf 83' lang='lat' dir='ltr'><strong>sistat?</strong></span> <span class='ocrx_word' id='word_1_554' title='bbox 2017 3348 2220 3405; x_wconf 81' lang='lat' dir='ltr'><strong>Exorta</strong></span> <span class='ocrx_word' id='word_1_555' title='bbox 2253 3361 2335 3406; x_wconf 91' lang='lat' dir='ltr'><strong>est</strong></span> <span class='ocrx_word' id='word_1_556' title='bbox 2367 3353 2419 3406; x_wconf 95' lang='lat' dir='ltr'><strong>in</strong></span> <span class='ocrx_word' id='word_1_557' title='bbox 2450 3369 2614 3408; x_wconf 88' lang='lat' dir='ltr'><strong>manu</strong></span> <span class='ocrx_word' id='word_1_558' title='bbox 2645 3357 2882 3424; x_wconf 86' lang='lat' dir='ltr'><strong>pustula,</strong></span> <span class='ocrx_word' id='word_1_559' title='bbox 2921 3373 3039 3416; x_wconf 82' lang='lat' dir='ltr'><strong>eam</strong></span> <span class='ocrx_word' id='word_1_560' title='bbox 3072 3361 3366 3430; x_wconf 71' lang='lat' dir='ltr'><strong>diligenter</strong></span> 
     </span>
    </p>
   </div>
   <div class='ocr_carea' id='block_1_78' title="bbox 1793 3441 3366 3521">
    <p class='ocr_par' dir='ltr' id='par_1_78' title="bbox 1793 3441 3366 3521">
     <span class='ocr_line' id='line_1_78' title="bbox 1793 3441 3366 3521; baseline 0.01 -29"><span class='ocrx_word' id='word_1_561' title='bbox 1793 3454 2078 3507; x_wconf 89' lang='lat' dir='ltr'><strong>curemus;</strong></span> <span class='ocrx_word' id='word_1_562' title='bbox 2114 3441 2466 3498; x_wconf 85' lang='lat' dir='ltr'><strong>inﬂammatio</strong></span> <span class='ocrx_word' id='word_1_563' title='bbox 2501 3446 2619 3515; x_wconf 89' lang='lat' dir='ltr'><strong>pedi</strong></span> <span class='ocrx_word' id='word_1_564' title='bbox 2660 3446 2850 3502; x_wconf 79' lang='lat' dir='ltr'><strong>infesta</strong></span> <span class='ocrx_word' id='word_1_565' title='bbox 2880 3450 3173 3516; x_wconf 82' lang='lat' dir='ltr'><strong>incruduit,</strong></span> <span class='ocrx_word' id='word_1_566' title='bbox 3200 3456 3366 3521; x_wconf 87' lang='lat' dir='ltr'><strong>phar-</strong></span> 
     </span>
    </p>
   </div>
   <div class='ocr_carea' id='block_1_79' title="bbox 1795 3533 3439 3610">
    <p class='ocr_par' dir='ltr' id='par_1_79' title="bbox 1795 3533 3439 3610">
     <span class='ocr_line' id='line_1_79' title="bbox 1795 3533 3439 3610; baseline 0.01 -30"><span class='ocrx_word' id='word_1_567' title='bbox 1795 3544 1948 3582; x_wconf 89' lang='lat' dir='ltr'><strong>maco</strong></span> <span class='ocrx_word' id='word_1_568' title='bbox 2003 3539 2270 3587; x_wconf 88' lang='lat' dir='ltr'><strong>tumorem</strong></span> <span class='ocrx_word' id='word_1_569' title='bbox 2319 3533 2690 3592; x_wconf 86' lang='lat' dir='ltr'><strong>cohibeamus.</strong></span> <span class='ocrx_word' id='word_1_570' title='bbox 2741 3538 2895 3604; x_wconf 90' lang='lat' dir='ltr'><strong>Quod</strong></span> <span class='ocrx_word' id='word_1_571' title='bbox 2925 3541 2968 3593; x_wconf 91' lang='lat' dir='ltr'><strong>si</strong></span> <span class='ocrx_word' id='word_1_572' title='bbox 3001 3545 3362 3610; x_wconf 68' lang='lat' dir='ltr'><strong>pra-terruissa</strong></span> <span class='ocrx_word' id='word_1_573' title='bbox 3429 3536 3439 3545; x_wconf 87' lang='grc'><em>’</em></span> 
     </span>
    </p>
   </div>
   <div class='ocr_carea' id='block_1_80' title="bbox 1793 3619 3365 3704">
    <p class='ocr_par' dir='ltr' id='par_1_80' title="bbox 1793 3619 3365 3704">
     <span class='ocr_line' id='line_1_80' title="bbox 1793 3619 3365 3704; baseline 0.011 -33"><span class='ocrx_word' id='word_1_574' title='bbox 1793 3619 2124 3673; x_wconf 86' lang='lat' dir='ltr'><strong>medicorum</strong></span> <span class='ocrx_word' id='word_1_575' title='bbox 2184 3623 2518 3692; x_wconf 87' lang='lat' dir='ltr'><strong>inspectione</strong></span> <span class='ocrx_word' id='word_1_576' title='bbox 2567 3635 2622 3679; x_wconf 87' lang='lat' dir='ltr'><strong>et</strong></span> <span class='ocrx_word' id='word_1_577' title='bbox 2668 3643 2836 3695; x_wconf 78' lang='lat' dir='ltr'><strong>cura,</strong></span> <span class='ocrx_word' id='word_1_578' title='bbox 2890 3632 3102 3699; x_wconf 87' lang='lat' dir='ltr'><strong>quoties</strong></span> <span class='ocrx_word' id='word_1_579' title='bbox 3163 3632 3365 3704; x_wconf 83' lang='lat' dir='ltr'><strong>aliquid</strong></span> 
     </span>
    </p>
   </div>
   <div class='ocr_carea' id='block_1_81' title="bbox 1794 3709 3366 3795">
    <p class='ocr_par' dir='ltr' id='par_1_81' title="bbox 1794 3709 3366 3795">
     <span class='ocr_line' id='line_1_81' title="bbox 1794 3709 3366 3795; baseline 0.011 -32"><span class='ocrx_word' id='word_1_580' title='bbox 1794 3709 2048 3778; x_wconf 83' lang='lat' dir='ltr'><strong>doluerit,</strong></span> <span class='ocrx_word' id='word_1_581' title='bbox 2089 3712 2157 3766; x_wconf 87' lang='lat' dir='ltr'><strong>ad</strong></span> <span class='ocrx_word' id='word_1_582' title='bbox 2184 3713 2392 3787; x_wconf 54' lang='lat' dir='ltr'><strong>ferrum</strong></span> <span class='ocrx_word' id='word_1_583' title='bbox 2423 3730 2486 3771; x_wconf 88' lang='lat' dir='ltr'><strong>ac</strong></span> <span class='ocrx_word' id='word_1_584' title='bbox 2513 3718 2830 3788; x_wconf 73' lang='lat' dir='ltr'><strong>sectionem,</strong></span> <span class='ocrx_word' id='word_1_585' title='bbox 2853 3720 3130 3790; x_wconf 89' lang='lat' dir='ltr'><strong>iverinuts,</strong></span> <span class='ocrx_word' id='word_1_586' title='bbox 3167 3727 3366 3795; x_wconf 75' lang='lat' dir='ltr'><strong>exiguo</strong></span> 
     </span>
    </p>
   </div>
   <div class='ocr_carea' id='block_1_82' title="bbox 1791 3807 3364 3882">
    <p class='ocr_par' dir='ltr' id='par_1_82' title="bbox 1791 3807 3364 3882">
     <span class='ocr_line' id='line_1_82' title="bbox 1791 3807 3364 3882; baseline 0.01 -25"><span class='ocrx_word' id='word_1_587' title='bbox 1791 3817 1925 3857; x_wconf 85' lang='lat' dir='ltr'><strong>sane</strong></span> <span class='ocrx_word' id='word_1_588' title='bbox 1950 3814 2191 3873; x_wconf 88' lang='lat' dir='ltr'><strong>tempore</strong></span> <span class='ocrx_word' id='word_1_589' title='bbox 2221 3807 2482 3864; x_wconf 79' lang='lat' dir='ltr'><strong>membris</strong></span> <span class='ocrx_word' id='word_1_590' title='bbox 2507 3824 2605 3865; x_wconf 92' lang='lat' dir='ltr'><strong>nos</strong></span> <span class='ocrx_word' id='word_1_591' title='bbox 2627 3811 2880 3868; x_wconf 88' lang='lat' dir='ltr'><strong>onmibus</strong></span> <span class='ocrx_word' id='word_1_592' title='bbox 2910 3815 3364 3882; x_wconf 81' lang='lat' dir='ltr'><strong>mutilaverimus.</strong></span> 
     </span>
    </p>
   </div>
   <div class='ocr_carea' id='block_1_83' title="bbox 1798 3893 3366 3976">
    <p class='ocr_par' dir='ltr' id='par_1_83' title="bbox 1798 3893 3366 3976">
     <span class='ocr_line' id='line_1_83' title="bbox 1798 3893 3366 3976; baseline 0.008 -27"><span class='ocrx_word' id='word_1_593' title='bbox 1798 3893 1993 3960; x_wconf 85' lang='lat' dir='ltr'><strong>Verum</strong></span> <span class='ocrx_word' id='word_1_594' title='bbox 2034 3913 2138 3952; x_wconf 90' lang='lat' dir='ltr'><strong>non</strong></span> <span class='ocrx_word' id='word_1_595' title='bbox 2177 3897 2272 3962; x_wconf 91' lang='lat' dir='ltr'><strong>ita,</strong></span> <span class='ocrx_word' id='word_1_596' title='bbox 2315 3914 2348 3953; x_wconf 96' lang='lat' dir='ltr'><strong>o</strong></span> <span class='ocrx_word' id='word_1_597' title='bbox 2377 3899 2514 3967; x_wconf 82' lang='lat' dir='ltr'><strong>viri;</strong></span> <span class='ocrx_word' id='word_1_598' title='bbox 2551 3916 2872 3960; x_wconf 90' lang='lat' dir='ltr'><strong>concessum</strong></span> <span class='ocrx_word' id='word_1_599' title='bbox 2903 3904 3102 3976; x_wconf 88' lang='lat' dir='ltr'><strong>aliquid</strong></span> <span class='ocrx_word' id='word_1_600' title='bbox 3134 3918 3251 3964; x_wconf 85' lang='lat' dir='ltr'><strong>esto</strong></span> <span class='ocrx_word' id='word_1_601' title='bbox 3283 3909 3366 3966; x_wconf 85' lang='lat' dir='ltr'><strong>vel</strong></span> 
     </span>
    </p>
   </div>
   <div class='ocr_carea' id='block_1_84' title="bbox 110 3990 3368 4067">
    <p class='ocr_par' dir='ltr' id='par_1_84' title="bbox 110 3990 3368 4067">
     <span class='ocr_line' id='line_1_84' title="bbox 110 3990 3368 4067; baseline 0.001 -14"><span class='ocrx_word' id='word_1_602' title='bbox 110 4003 381 4059; x_wconf 66' lang='lat' dir='ltr'><strong>memoriae</strong></span> <span class='ocrx_word' id='word_1_603' title='bbox 435 3997 829 4054; x_wconf 82' lang='lat' dir='ltr'><strong>membrorum.</strong></span> <span class='ocrx_word' id='word_1_604' title='bbox 865 3994 1111 4049; x_wconf 85' lang='lat' dir='ltr'><strong>Flectant</strong></span> <span class='ocrx_word' id='word_1_605' title='bbox 1165 4007 1262 4047; x_wconf 82' lang='lat' dir='ltr'><strong>vos</strong></span> <span class='ocrx_word' id='word_1_606' title='bbox 1310 4006 1373 4046; x_wconf 92' lang='lat' dir='ltr'><strong>ac</strong></span> <span class='ocrx_word' id='word_1_607' title='bbox 1437 3990 1682 4058; x_wconf 85' lang='lat' dir='ltr'><strong>iujiciant</strong></span> <span class='ocrx_word' id='word_1_608' title='bbox 1720 3990 1982 4059; x_wconf 88' lang='lat' dir='ltr'><strong>pudorem</strong></span> <span class='ocrx_word' id='word_1_609' title='bbox 2033 3991 2292 4060; x_wconf 85' lang='lat' dir='ltr'><strong>obsequia</strong></span> <span class='ocrx_word' id='word_1_610' title='bbox 2345 4007 2410 4047; x_wconf 88' lang='lat' dir='ltr'><strong>ac</strong></span> <span class='ocrx_word' id='word_1_611' title='bbox 2465 3996 2765 4051; x_wconf 81' lang='lat' dir='ltr'><strong>ministeria</strong></span> <span class='ocrx_word' id='word_1_612' title='bbox 2825 4012 3076 4054; x_wconf 80' lang='lat' dir='ltr'><strong>uxorum.</strong></span> <span class='ocrx_word' id='word_1_613' title='bbox 3127 4000 3368 4067; x_wconf 63' lang='lat' dir='ltr'><strong>Quanta:-</strong></span> 
     </span>
    </p>
   </div>
   <div class='ocr_carea' id='block_1_85' title="bbox 109 4083 3372 4162">
    <p class='ocr_par' dir='ltr' id='par_1_85' title="bbox 109 4083 3372 4162">
     <span class='ocr_line' id='line_1_85' title="bbox 109 4083 3372 4162; baseline 0 -14"><span class='ocrx_word' id='word_1_614' title='bbox 109 4100 181 4152; x_wconf 78' lang='lat' dir='ltr'><strong>vis</strong></span> <span class='ocrx_word' id='word_1_615' title='bbox 203 4099 282 4153; x_wconf 87' lang='lat' dir='ltr'><strong>ira</strong></span> <span class='ocrx_word' id='word_1_616' title='bbox 313 4090 766 4154; x_wconf 84' lang='lat' dir='ltr'><strong>succensueritis,</strong></span> <span class='ocrx_word' id='word_1_617' title='bbox 797 4101 984 4159; x_wconf 88' lang='lat' dir='ltr'><strong>partus</strong></span> <span class='ocrx_word' id='word_1_618' title='bbox 1018 4088 1179 4142; x_wconf 90' lang='lat' dir='ltr'><strong>unius</strong></span> <span class='ocrx_word' id='word_1_619' title='bbox 1223 4085 1438 4142; x_wconf 86' lang='lat' dir='ltr'><strong>dolores</strong></span> <span class='ocrx_word' id='word_1_620' title='bbox 1475 4099 1596 4142; x_wconf 84' lang='lat' dir='ltr'><strong>cum</strong></span> <span class='ocrx_word' id='word_1_621' title='bbox 1633 4083 1698 4140; x_wconf 89' lang='lat' dir='ltr'><strong>iis</strong></span> <span class='ocrx_word' id='word_1_622' title='bbox 1736 4085 2062 4149; x_wconf 84' lang='lat' dir='ltr'><strong>contendite,</strong></span> <span class='ocrx_word' id='word_1_623' title='bbox 2093 4101 2212 4155; x_wconf 73' lang='lat' dir='ltr'><strong>quae</strong></span> <span class='ocrx_word' id='word_1_624' title='bbox 2239 4086 2654 4156; x_wconf 83' lang='lat' dir='ltr'><strong>reprehenditis,</strong></span> <span class='ocrx_word' id='word_1_625' title='bbox 2715 4090 3006 4160; x_wconf 80' lang='lat' dir='ltr'><strong>multisque</strong></span> <span class='ocrx_word' id='word_1_626' title='bbox 3051 4092 3163 4148; x_wconf 62' lang='lat' dir='ltr'><strong>haec</strong></span> <span class='ocrx_word' id='word_1_627' title='bbox 3211 4095 3372 4162; x_wconf 82' lang='lat' dir='ltr'><strong>parti-</strong></span> 
     </span>
    </p>
   </div>
   <div class='ocr_carea' id='block_1_86' title="bbox 111 4181 782 4253">
    <p class='ocr_par' dir='ltr' id='par_1_86' title="bbox 111 4181 782 4253">
     <span class='ocr_line' id='line_1_86' title="bbox 111 4181 782 4253; baseline -0.01 -12"><span class='ocrx_word' id='word_1_628' title='bbox 111 4188 199 4243; x_wconf 81' lang='lat' dir='ltr'><strong>bus</strong></span> <span class='ocrx_word' id='word_1_629' title='bbox 231 4187 376 4241; x_wconf 74' lang='lat' dir='ltr'><strong>vinci</strong></span> <span class='ocrx_word' id='word_1_630' title='bbox 407 4181 782 4253; x_wconf 87' lang='lat' dir='ltr'><strong>comperietis.</strong></span> 
     </span>
    </p>
   </div>
   <div class='ocr_carea' id='block_1_87' title="bbox 185 4265 1690 4350">
    <p class='ocr_par' dir='ltr' id='par_1_87' title="bbox 185 4269 1686 4350">
     <span class='ocr_line' id='line_1_87' title="bbox 185 4269 1686 4350; baseline -0.009 -16"><span class='ocrx_word' id='word_1_631' title='bbox 185 4277 540 4350; x_wconf 71' lang='grc' dir='ltr'>Ἀναφερέτω</span> <span class='ocrx_word' id='word_1_632' title='bbox 567 4277 597 4328; x_wconf 80' lang='grc' dir='ltr'><strong>ὁ</strong></span> <span class='ocrx_word' id='word_1_633' title='bbox 622 4272 988 4344; x_wconf 81' lang='grc' dir='ltr'>ἀναλογισμὸς</span> <span class='ocrx_word' id='word_1_634' title='bbox 1018 4273 1098 4338; x_wconf 85' lang='grc' dir='ltr'><strong>είς</strong></span> <span class='ocrx_word' id='word_1_635' title='bbox 1132 4271 1299 4342; x_wconf 88' lang='grc' dir='ltr'>μέσον</span> <span class='ocrx_word' id='word_1_636' title='bbox 1340 4271 1434 4324; x_wconf 72' lang='grc' dir='ltr'><strong>καὶ</strong></span> <span class='ocrx_word' id='word_1_637' title='bbox 1476 4269 1576 4340; x_wconf 84' lang='grc' dir='ltr'>τῆς</span> <span class='ocrx_word' id='word_1_638' title='bbox 1604 4269 1686 4322; x_wconf 67' lang='lat' dir='ltr'><strong>eo-</strong></span> 
     </span>
    </p>
   </div>
   <div class='ocr_carea' id='block_1_88' title="bbox 1792 4265 3373 4350">
    <p class='ocr_par' dir='ltr' id='par_1_88' title="bbox 1871 4265 3373 4338">
     <span class='ocr_line' id='line_1_88' title="bbox 1871 4265 3373 4338; baseline 0.004 -15"><span class='ocrx_word' id='word_1_639' title='bbox 1871 4266 2318 4333; x_wconf 86' lang='lat' dir='ltr'><strong>Considerentur,</strong></span> <span class='ocrx_word' id='word_1_640' title='bbox 2365 4265 2527 4336; x_wconf 87' lang='lat' dir='ltr'><strong>inque</strong></span> <span class='ocrx_word' id='word_1_641' title='bbox 2562 4268 2796 4322; x_wconf 89' lang='lat' dir='ltr'><strong>medium</strong></span> <span class='ocrx_word' id='word_1_642' title='bbox 2834 4280 3182 4338; x_wconf 86' lang='lat' dir='ltr'><strong>pro.erantur</strong></span> <span class='ocrx_word' id='word_1_643' title='bbox 3208 4289 3373 4330; x_wconf 84' lang='lat' dir='ltr'><strong>nene-</strong></span> 
     </span>
    </p>
   </div>
   <div class='ocr_carea' id='block_1_89' title="bbox 111 4360 1692 4438">
    <p class='ocr_par' dir='ltr' id='par_1_89' title="bbox 111 4360 1692 4438">
     <span class='ocr_line' id='line_1_89' title="bbox 111 4360 1692 4438; baseline -0.007 -14"><span class='ocrx_word' id='word_1_644' title='bbox 111 4374 250 4436; x_wconf 79' lang='grc' dir='ltr'>νοίας</span> <span class='ocrx_word' id='word_1_645' title='bbox 282 4372 354 4424; x_wconf 77' lang='grc' dir='ltr'>τὰ</span> <span class='ocrx_word' id='word_1_646' title='bbox 384 4367 600 4438; x_wconf 74' lang='grc' dir='ltr'>ἀγαθά·</span> <span class='ocrx_word' id='word_1_647' title='bbox 635 4366 808 4419; x_wconf 80' lang='grc' dir='ltr'>νόσων</span> <span class='ocrx_word' id='word_1_648' title='bbox 843 4364 1160 4436; x_wconf 85' lang='grc' dir='ltr'>θεραπείας,</span> <span class='ocrx_word' id='word_1_649' title='bbox 1189 4360 1482 4433; x_wconf 78' lang='grc' dir='ltr'>συμφορῶν</span> <span class='ocrx_word' id='word_1_650' title='bbox 1509 4377 1692 4415; x_wconf 89' lang='grc' dir='ltr'>κοινω-</span> 
     </span>
    </p>
   </div>
   <div class='ocr_carea' id='block_1_90' title="bbox 114 4451 1692 4534">
    <p class='ocr_par' dir='ltr' id='par_1_90' title="bbox 114 4451 1692 4534">
     <span class='ocr_line' id='line_1_90' title="bbox 114 4451 1692 4534; baseline -0.009 -17"><span class='ocrx_word' id='word_1_651' title='bbox 114 4466 241 4530; x_wconf 76' lang='grc' dir='ltr'>νίαν,</span> <span class='ocrx_word' id='word_1_652' title='bbox 268 4464 490 4534; x_wconf 76' lang='grc' dir='ltr'>δάκρυα</span> <span class='ocrx_word' id='word_1_653' title='bbox 521 4459 590 4514; x_wconf 74' lang='grc' dir='ltr'>τὰ</span> <span class='ocrx_word' id='word_1_654' title='bbox 619 4459 760 4530; x_wconf 81' lang='grc' dir='ltr'>ὑπὲρ</span> <span class='ocrx_word' id='word_1_655' title='bbox 803 4457 992 4528; x_wconf 78' lang='grc' dir='ltr'>ἀνδρὸς</span> <span class='ocrx_word' id='word_1_656' title='bbox 1026 4454 1402 4527; x_wconf 82' lang='grc' dir='ltr'>προσαχθέντα</span> <span class='ocrx_word' id='word_1_657' title='bbox 1432 4453 1600 4506; x_wconf 85' lang='grc' dir='ltr'>τισίν·</span> <span class='ocrx_word' id='word_1_658' title='bbox 1633 4451 1692 4505; x_wconf 80' lang='grc' dir='ltr'><strong>τὸ</strong></span> 
     </span>
    </p>
   </div>
   <div class='ocr_carea' id='block_1_91' title="bbox 115 4543 1688 4620">
    <p class='ocr_par' dir='ltr' id='par_1_91' title="bbox 115 4543 1688 4620">
     <span class='ocr_line' id='line_1_91' title="bbox 115 4543 1688 4620; baseline -0.008 -12"><span class='ocrx_word' id='word_1_659' title='bbox 115 4557 428 4610; x_wconf 74' lang='grc' dir='ltr'>καταλιπεῖν</span> <span class='ocrx_word' id='word_1_660' title='bbox 453 4553 584 4615; x_wconf 74' lang='grc' dir='ltr'>τοὺς</span> <span class='ocrx_word' id='word_1_661' title='bbox 621 4549 1078 4620; x_wconf 82' lang='grc' dir='ltr'>γεννησαμένους,</span> <span class='ocrx_word' id='word_1_662' title='bbox 1109 4548 1200 4600; x_wconf 71' lang='grc' dir='ltr'><strong>καὶ</strong></span> <span class='ocrx_word' id='word_1_663' title='bbox 1229 4545 1414 4599; x_wconf 78' lang='grc' dir='ltr'>ἑστίαν</span> <span class='ocrx_word' id='word_1_664' title='bbox 1444 4543 1688 4613; x_wconf 83' lang='grc' dir='ltr'>γονικὴν,</span> 
     </span>
    </p>
   </div>
   <div class='ocr_carea' id='block_1_92' title="bbox 119 4635 1694 4715">
    <p class='ocr_par' dir='ltr' id='par_1_92' title="bbox 119 4635 1694 4715">
     <span class='ocr_line' id='line_1_92' title="bbox 119 4635 1694 4715; baseline -0.008 -14"><span class='ocrx_word' id='word_1_665' title='bbox 119 4651 199 4701; x_wconf 72' lang='grc' dir='ltr'><strong>καὶ</strong></span> <span class='ocrx_word' id='word_1_666' title='bbox 233 4645 614 4715; x_wconf 77' lang='grc' dir='ltr'>ἀκολουθῆσαι</span> <span class='ocrx_word' id='word_1_667' title='bbox 648 4641 727 4712; x_wconf 86' lang='grc' dir='ltr'>τῷ</span> <span class='ocrx_word' id='word_1_668' title='bbox 767 4640 900 4712; x_wconf 81' lang='grc' dir='ltr'>ξένῳ</span> <span class='ocrx_word' id='word_1_669' title='bbox 925 4657 938 4670; x_wconf 81' lang='grc'><strong>”</strong></span> <span class='ocrx_word' id='word_1_670' title='bbox 983 4641 1044 4693; x_wconf 87' lang='grc' dir='ltr'>τὸ</span> <span class='ocrx_word' id='word_1_671' title='bbox 1093 4638 1342 4708; x_wconf 81' lang='grc' dir='ltr'>πωλῆσαί</span> <span class='ocrx_word' id='word_1_672' title='bbox 1379 4653 1430 4690; x_wconf 90' lang='grc' dir='ltr'><strong>τι</strong></span> <span class='ocrx_word' id='word_1_673' title='bbox 1468 4635 1576 4690; x_wconf 77' lang='grc' dir='ltr'><strong>τῶν</strong></span> <span class='ocrx_word' id='word_1_674' title='bbox 1616 4637 1694 4689; x_wconf 83' lang='lat' dir='ltr'><strong>oi-</strong></span> 
     </span>
    </p>
   </div>
   <div class='ocr_carea' id='block_1_93' title="bbox 117 4728 1693 4806">
    <p class='ocr_par' dir='ltr' id='par_1_93' title="bbox 117 4728 1693 4806">
     <span class='ocr_line' id='line_1_93' title="bbox 117 4728 1693 4806; baseline -0.008 -14"><span class='ocrx_word' id='word_1_675' title='bbox 117 4741 302 4805; x_wconf 80' lang='grc' dir='ltr'>κείων,</span> <span class='ocrx_word' id='word_1_676' title='bbox 344 4740 438 4792; x_wconf 79' lang='grc' dir='ltr'><strong>ἵνα</strong></span> <span class='ocrx_word' id='word_1_677' title='bbox 472 4734 634 4806; x_wconf 77' lang='grc' dir='ltr'>ὕϐριν</span> <span class='ocrx_word' id='word_1_678' title='bbox 668 4734 764 4787; x_wconf 73' lang='grc' dir='ltr'>καὶ</span> <span class='ocrx_word' id='word_1_679' title='bbox 801 4733 1024 4803; x_wconf 77' lang='grc' dir='ltr'>ὄχλησιν</span> <span class='ocrx_word' id='word_1_680' title='bbox 1060 4729 1154 4784; x_wconf 80' lang='grc' dir='ltr'>τοῦ</span> <span class='ocrx_word' id='word_1_681' title='bbox 1189 4729 1380 4801; x_wconf 83' lang='grc' dir='ltr'>ἀνδρὸς</span> <span class='ocrx_word' id='word_1_682' title='bbox 1420 4728 1693 4798; x_wconf 83' lang='grc' dir='ltr'>ἐξωνήση-</span> 
     </span>
    </p>
   </div>
   <div class='ocr_carea' id='block_1_94' title="bbox 114 4819 1692 4895">
    <p class='ocr_par' dir='ltr' id='par_1_94' title="bbox 114 4819 1692 4895">
     <span class='ocr_line' id='line_1_94' title="bbox 114 4819 1692 4895; baseline -0.01 -8"><span class='ocrx_word' id='word_1_683' title='bbox 114 4847 213 4889; x_wconf 75' lang='grc' dir='ltr'>ται.</span> <span class='ocrx_word' id='word_1_684' title='bbox 248 4830 441 4885; x_wconf 74' lang='grc' dir='ltr'>Ταῦτα</span> <span class='ocrx_word' id='word_1_685' title='bbox 472 4829 650 4883; x_wconf 73' lang='grc' dir='ltr'>πάντα</span> <span class='ocrx_word' id='word_1_686' title='bbox 671 4824 1086 4894; x_wconf 87' lang='grc' dir='ltr'>παιδαγωγείτω</span> <span class='ocrx_word' id='word_1_687' title='bbox 1115 4821 1252 4895; x_wconf 86' lang='grc' dir='ltr'>πρὸς</span> <span class='ocrx_word' id='word_1_688' title='bbox 1291 4823 1391 4890; x_wconf 83' lang='grc' dir='ltr'><strong>τὴν</strong></span> <span class='ocrx_word' id='word_1_689' title='bbox 1433 4819 1692 4881; x_wconf 80' lang='grc' dir='ltr'>διάθεσιν,</span> 
     </span>
    </p>
   </div>
   <div class='ocr_carea' id='block_1_95' title="bbox 116 4909 1699 4992">
    <p class='ocr_par' dir='ltr' id='par_1_95' title="bbox 116 4909 1699 4992">
     <span class='ocr_line' id='line_1_95' title="bbox 116 4909 1699 4992; baseline -0.008 -15"><span class='ocrx_word' id='word_1_690' title='bbox 116 4925 199 4977; x_wconf 65' lang='grc' dir='ltr'><strong>καὶ</strong></span> <span class='ocrx_word' id='word_1_691' title='bbox 223 4920 466 4992; x_wconf 81' lang='grc' dir='ltr'>γινέσθω</span> <span class='ocrx_word' id='word_1_692' title='bbox 489 4918 789 4988; x_wconf 82' lang='grc' dir='ltr'>σύνδεσμος</span> <span class='ocrx_word' id='word_1_693' title='bbox 817 4917 914 4986; x_wconf 80' lang='grc' dir='ltr'><strong>τῆς</strong></span> <span class='ocrx_word' id='word_1_694' title='bbox 948 4915 1204 4986; x_wconf 79' lang='grc' dir='ltr'>στοργῆς,</span> <span class='ocrx_word' id='word_1_695' title='bbox 1235 4909 1345 4967; x_wconf 75' lang='grc' dir='ltr'>οἷον</span> <span class='ocrx_word' id='word_1_696' title='bbox 1372 4913 1551 4966; x_wconf 86' lang='grc' dir='ltr'>οἰκίαν</span> <span class='ocrx_word' id='word_1_697' title='bbox 1578 4911 1699 4964; x_wconf 82' lang='grc' dir='ltr'>τινὰ</span> 
     </span>
    </p>
   </div>
   <div class='ocr_carea' id='block_1_96' title="bbox 122 5004 1701 5088">
    <p class='ocr_par' dir='ltr' id='par_1_96' title="bbox 122 5004 1701 5088">
     <span class='ocr_line' id='line_1_96' title="bbox 122 5004 1701 5088; baseline -0.008 -19"><span class='ocrx_word' id='word_1_698' title='bbox 122 5016 470 5088; x_wconf 77' lang='grc' dir='ltr'>σαθροτέραν,</span> <span class='ocrx_word' id='word_1_699' title='bbox 485 5010 586 5082; x_wconf 80' lang='grc' dir='ltr'><strong>τὴν</strong></span> <span class='ocrx_word' id='word_1_700' title='bbox 606 5007 883 5063; x_wconf 77' lang='grc' dir='ltr'>εὐόλισθον</span> <span class='ocrx_word' id='word_1_701' title='bbox 902 5007 1078 5079; x_wconf 80' lang='grc' dir='ltr'>ψυχὴν</span> <span class='ocrx_word' id='word_1_702' title='bbox 1095 5006 1432 5077; x_wconf 88' lang='grc' dir='ltr'>διεγείροντα</span> <span class='ocrx_word' id='word_1_703' title='bbox 1460 5004 1554 5058; x_wconf 73' lang='grc' dir='ltr'>καὶ</span> <span class='ocrx_word' id='word_1_704' title='bbox 1577 5021 1701 5057; x_wconf 84' lang='grc' dir='ltr'>συν-</span> 
     </span>
    </p>
   </div>
   <div class='ocr_carea' id='block_1_97' title="bbox 122 5097 1704 5177">
    <p class='ocr_par' dir='ltr' id='par_1_97' title="bbox 122 5097 1704 5177">
     <span class='ocr_line' id='line_1_97' title="bbox 122 5097 1704 5177; baseline -0.008 -16"><span class='ocrx_word' id='word_1_705' title='bbox 122 5109 323 5177; x_wconf 75' lang='grc' dir='ltr'>έχοντα.</span> <span class='ocrx_word' id='word_1_706' title='bbox 366 5105 560 5167; x_wconf 86' lang='grc' dir='ltr'>Ἔλεος</span> <span class='ocrx_word' id='word_1_707' title='bbox 604 5101 662 5155; x_wconf 85' lang='grc' dir='ltr'>δὲ</span> <span class='ocrx_word' id='word_1_708' title='bbox 693 5099 984 5170; x_wconf 81' lang='grc' dir='ltr'>κρατείτω,</span> <span class='ocrx_word' id='word_1_709' title='bbox 1020 5098 1114 5153; x_wconf 75' lang='grc' dir='ltr'>καὶ</span> <span class='ocrx_word' id='word_1_710' title='bbox 1159 5097 1447 5169; x_wconf 86' lang='grc' dir='ltr'>συνήθεια,</span> <span class='ocrx_word' id='word_1_711' title='bbox 1476 5097 1570 5149; x_wconf 75' lang='grc' dir='ltr'>καὶ</span> <span class='ocrx_word' id='word_1_712' title='bbox 1603 5112 1704 5165; x_wconf 88' lang='grc' dir='ltr'>μα-</span> 
     </span>
    </p>
   </div>
   <div class='ocr_carea' id='block_1_98' title="bbox 124 5186 1701 5268">
    <p class='ocr_par' dir='ltr' id='par_1_98' title="bbox 124 5186 1701 5268">
     <span class='ocr_line' id='line_1_98' title="bbox 124 5186 1701 5268; baseline -0.004 -22"><span class='ocrx_word' id='word_1_713' title='bbox 124 5197 243 5265; x_wconf 77' lang='grc' dir='ltr'>κροῦ</span> <span class='ocrx_word' id='word_1_714' title='bbox 289 5195 491 5268; x_wconf 78' lang='grc' dir='ltr'>χρόνου</span> <span class='ocrx_word' id='word_1_715' title='bbox 535 5190 840 5263; x_wconf 75' lang='grc' dir='ltr'>συμϐίωσις</span> <span class='ocrx_word' id='word_1_716' title='bbox 884 5189 959 5262; x_wconf 83' lang='grc' dir='ltr'><strong>μὴ</strong></span> <span class='ocrx_word' id='word_1_717' title='bbox 1002 5188 1274 5254; x_wconf 86' lang='grc' dir='ltr'>πατείτω,</span> <span class='ocrx_word' id='word_1_718' title='bbox 1319 5189 1441 5258; x_wconf 72' lang='grc' dir='ltr'>ἥτις</span> <span class='ocrx_word' id='word_1_719' title='bbox 1488 5188 1583 5242; x_wconf 74' lang='grc' dir='ltr'><strong>καὶ</strong></span> <span class='ocrx_word' id='word_1_720' title='bbox 1633 5186 1701 5240; x_wconf 79' lang='grc' dir='ltr'>τὰ</span> 
     </span>
    </p>
   </div>
   <div class='ocr_carea' id='block_1_99' title="bbox 185 5302 1696 5384">
    <p class='ocr_par' dir='ltr' id='par_1_99' title="bbox 185 5302 1696 5384">
     <span class='ocr_line' id='line_1_99' title="bbox 185 5302 1696 5384; baseline -0.007 -19"><span class='ocrx_word' id='word_1_721' title='bbox 185 5311 297 5380; x_wconf 75' lang='lat'><strong>(&#39;53)</strong></span> <span class='ocrx_word' id='word_1_722' title='bbox 331 5309 380 5363; x_wconf 83' lang='lat' dir='ltr'><em>E</em></span> <span class='ocrx_word' id='word_1_723' title='bbox 431 5308 616 5361; x_wconf 76' lang='lat' dir='ltr'><strong>robore</strong></span> <span class='ocrx_word' id='word_1_724' title='bbox 676 5314 775 5384; x_wconf 39' lang='lat' dir='ltr'><strong>aut.</strong></span> <span class='ocrx_word' id='word_1_725' title='bbox 815 5302 1438 5384; x_wconf 37' lang='lat' dir='ltr'><strong>quercu.‘ll0tneri.eutn</strong></span> <span class='ocrx_word' id='word_1_726' title='bbox 1479 5315 1696 5384; x_wconf 75' lang='lat' dir='ltr'><strong>versum</strong></span> 
     </span>
    </p>
   </div>
   <div class='ocr_carea' id='block_1_100' title="bbox 127 5372 1697 5444">
    <p class='ocr_par' dir='ltr' id='par_1_100' title="bbox 127 5372 1697 5444">
     <span class='ocr_line' id='line_1_100' title="bbox 127 5372 1697 5444; baseline -0.005 -14"><span class='ocrx_word' id='word_1_727' title='bbox 127 5372 318 5434; x_wconf 77' lang='lat' dir='ltr'><strong>iudicat</strong></span> <span class='ocrx_word' id='word_1_728' title='bbox 344 5379 512 5433; x_wconf 80' lang='lat' dir='ltr'><strong>Iliad.</strong></span> <span class='ocrx_word' id='word_1_729' title='bbox 551 5393 592 5441; x_wconf 86' lang='grc' dir='ltr'><strong>ι,</strong></span> <span class='ocrx_word' id='word_1_730' title='bbox 624 5375 717 5444; x_wconf 88' lang='lat' dir='ltr'><strong>qui</strong></span> <span class='ocrx_word' id='word_1_731' title='bbox 764 5375 816 5428; x_wconf 90' lang='lat' dir='ltr'><strong>in</strong></span> <span class='ocrx_word' id='word_1_732' title='bbox 857 5373 1387 5444; x_wconf 81' lang='lat' dir='ltr'><strong>proverbiumabiit.</strong></span> <span class='ocrx_word' id='word_1_733' title='bbox 1421 5372 1697 5444; x_wconf 50' lang='lat' dir='ltr'><strong>Integrunt</strong></span> 
     </span>
    </p>
   </div>
   <div class='ocr_carea' id='block_1_101' title="bbox 127 5440 1704 5573">
    <p class='ocr_par' dir='ltr' id='par_1_101' title="bbox 127 5440 1704 5573">
     <span class='ocr_line' id='line_1_101' title="bbox 127 5440 1704 5573; baseline -0.004 -72"><span class='ocrx_word' id='word_1_734' title='bbox 127 5453 316 5516; x_wconf 78' lang='lat' dir='ltr'><strong>profert</strong></span> <span class='ocrx_word' id='word_1_735' title='bbox 341 5451 593 5573; x_wconf 68' lang='lat' dir='ltr'><strong>(Islctncns</strong></span> <span class='ocrx_word' id='word_1_736' title='bbox 627 5440 1024 5501; x_wconf 67' lang='lat' dir='ltr'><strong>Alexandrinus</strong></span> <span class='ocrx_word' id='word_1_737' title='bbox 1051 5445 1102 5497; x_wconf 90' lang='lat' dir='ltr'><strong>in</strong></span> <span class='ocrx_word' id='word_1_738' title='bbox 1133 5442 1408 5496; x_wconf 74' lang='lat' dir='ltr'><strong>Admonit.</strong></span> <span class='ocrx_word' id='word_1_739' title='bbox 1461 5443 1528 5494; x_wconf 89' lang='lat' dir='ltr'><strong>ad</strong></span> <span class='ocrx_word' id='word_1_740' title='bbox 1564 5440 1704 5494; x_wconf 84' lang='lat' dir='ltr'><strong>Gen-</strong></span> 
     </span>
     <span class='ocr_line' id='line_1_102' title="bbox 128 5522 427 5573; baseline 0.007 -3"><span class='ocrx_word' id='word_1_741' title='bbox 128 5531 208 5573; x_wconf 71' lang='lat' dir='ltr'><strong>tes.</strong></span> <span class='ocrx_word' id='word_1_742' title='bbox 237 5538 289 5573; x_wconf 77' lang='grc' dir='ltr'><strong>υ.</strong></span> <span class='ocrx_word' id='word_1_743' title='bbox 331 5522 353 5573; x_wconf 83' lang='grc'><strong>1</strong></span> <span class='ocrx_word' id='word_1_744' title='bbox 415 5538 427 5572; x_wconf 93' lang='lat'><strong>:</strong></span> 
     </span>
    </p>
   </div>
   <div class='ocr_carea' id='block_1_102' title="bbox 128 5522 427 5590">
    <p class='ocr_par' dir='ltr' id='par_1_102' title="bbox 128 5522 427 5590">
     <span class='ocr_line' id='line_1_103' title="bbox 128 5522 427 5590; baseline 0.007 -20"><span class='ocrx_word' id='word_1_745' title='bbox 128 5531 208 5586; x_wconf 71' lang='lat' dir='ltr'><strong>tes,</strong></span> <span class='ocrx_word' id='word_1_746' title='bbox 237 5538 289 5590; x_wconf 87' lang='lat' dir='ltr'><strong>p.</strong></span> <span class='ocrx_word' id='word_1_747' title='bbox 331 5522 398 5573; x_wconf 83' lang='grc'>18</span> <span class='ocrx_word' id='word_1_748' title='bbox 415 5538 427 5572; x_wconf 93' lang='lat'><strong>:</strong></span> 
     </span>
    </p>
   </div>
   <div class='ocr_carea' id='block_1_103' title="bbox 128 5603 1704 5683">
    <p class='ocr_par' dir='ltr' id='par_1_103' title="bbox 128 5603 1704 5683">
     <span class='ocr_line' id='line_1_104' title="bbox 128 5603 1704 5683; baseline -0.008 -16"><span class='ocrx_word' id='word_1_749' title='bbox 128 5613 190 5666; x_wconf 70' lang='lat'><strong>0&#39;3</strong></span> <span class='ocrx_word' id='word_1_750' title='bbox 219 5614 330 5683; x_wconf 76' lang='grc' dir='ltr'>γὰρ</span> <span class='ocrx_word' id='word_1_751' title='bbox 358 5613 468 5665; x_wconf 71' lang='grc' dir='ltr'>ἀπὸ</span> <span class='ocrx_word' id='word_1_752' title='bbox 489 5611 648 5683; x_wconf 74' lang='grc' dir='ltr'>δρυός</span> <span class='ocrx_word' id='word_1_753' title='bbox 673 5611 791 5661; x_wconf 84' lang='grc' dir='ltr'>ἐσσι</span> <span class='ocrx_word' id='word_1_754' title='bbox 821 5606 1181 5683; x_wconf 62' lang='grc' dir='ltr'>παλαιφάτου,</span> <span class='ocrx_word' id='word_1_755' title='bbox 1208 5606 1312 5658; x_wconf 62' lang='grc' dir='ltr'>οὐδ’</span> <span class='ocrx_word' id='word_1_756' title='bbox 1349 5605 1453 5658; x_wconf 78' lang='grc' dir='ltr'><strong>ἀπὸ</strong></span> <span class='ocrx_word' id='word_1_757' title='bbox 1479 5603 1704 5674; x_wconf 83' lang='grc' dir='ltr'>πέτρης.</span> 
     </span>
    </p>
   </div>
   <div class='ocr_carea' id='block_1_104' title="bbox 189 5681 1597 5750">
    <p class='ocr_par' dir='ltr' id='par_1_104' title="bbox 189 5681 1597 5750">
     <span class='ocr_line' id='line_1_105' title="bbox 189 5681 1597 5750; baseline -0.008 -14"><span class='ocrx_word' id='word_1_758' title='bbox 189 5681 401 5738; x_wconf 71' lang='grc' dir='ltr'>Αιυίοείι</span> <span class='ocrx_word' id='word_1_759' title='bbox 431 5681 842 5750; x_wconf 71' lang='lat' dir='ltr'><strong>haudquaquam</strong></span> <span class='ocrx_word' id='word_1_760' title='bbox 865 5681 1067 5746; x_wconf 77' lang='lat' dir='ltr'><strong>genitus</strong></span> <span class='ocrx_word' id='word_1_761' title='bbox 1091 5694 1345 5744; x_wconf 72' lang='lat' dir='ltr'><strong>qncrcut&#39;c</strong></span> <span class='ocrx_word' id='word_1_762' title='bbox 1369 5685 1597 5744; x_wconf 76' lang='lat' dir='ltr'><strong>pclt&#39;at&#39;c.</strong></span> 
     </span>
    </p>
   </div>
   <div class='ocr_carea' id='block_1_105' title="bbox 394 5774 990 5837">
    <p class='ocr_par' dir='ltr' id='par_1_105' title="bbox 394 5774 990 5837">
     <span class='ocr_line' id='line_1_106' title="bbox 394 5774 990 5837; baseline -0.002 -4"><span class='ocrx_word' id='word_1_763' title='bbox 394 5777 672 5837; x_wconf 65' lang='grc' dir='ltr'>Ριτιιυι.</span> <span class='ocrx_word' id='word_1_764' title='bbox 711 5774 826 5832; x_wconf 72' lang='lat' dir='ltr'><strong>(in.</strong></span> <span class='ocrx_word' id='word_1_765' title='bbox 863 5774 990 5833; x_wconf 70' lang='lat' dir='ltr'><strong>XL.</strong></span> 
     </span>
    </p>
   </div>
   <div class='ocr_carea' id='block_1_106' title="bbox 1798 4357 3374 4440">
    <p class='ocr_par' dir='ltr' id='par_1_106' title="bbox 1798 4357 3374 4440">
     <span class='ocr_line' id='line_1_107' title="bbox 1798 4357 3374 4440; baseline 0.004 -27"><span class='ocrx_word' id='word_1_766' title='bbox 1798 4359 2046 4414; x_wconf 69' lang='lat' dir='ltr'><strong>volentia:</strong></span> <span class='ocrx_word' id='word_1_767' title='bbox 2095 4359 2256 4424; x_wconf 91' lang='lat' dir='ltr'><strong>dona,</strong></span> <span class='ocrx_word' id='word_1_768' title='bbox 2305 4357 2614 4416; x_wconf 90' lang='lat' dir='ltr'><strong>morborum</strong></span> <span class='ocrx_word' id='word_1_769' title='bbox 2656 4360 2992 4440; x_wconf 69' lang='lat' dir='ltr'><strong>curationes,</strong></span> <span class='ocrx_word' id='word_1_770' title='bbox 3043 4377 3264 4418; x_wconf 88' lang='lat' dir='ltr'><strong>casuum</strong></span> <span class='ocrx_word' id='word_1_771' title='bbox 3309 4380 3374 4420; x_wconf 89' lang='lat' dir='ltr'><strong>ac</strong></span> 
     </span>
    </p>
   </div>
   <div class='ocr_carea' id='block_1_107' title="bbox 1798 4451 3376 4522">
    <p class='ocr_par' dir='ltr' id='par_1_107' title="bbox 1798 4451 3376 4522">
     <span class='ocr_line' id='line_1_108' title="bbox 1798 4451 3376 4522; baseline 0.001 -12"><span class='ocrx_word' id='word_1_772' title='bbox 1798 4452 2166 4510; x_wconf 80' lang='lat' dir='ltr'><strong>calamitatum</strong></span> <span class='ocrx_word' id='word_1_773' title='bbox 2214 4451 2475 4515; x_wconf 84' lang='lat' dir='ltr'><strong>societas,</strong></span> <span class='ocrx_word' id='word_1_774' title='bbox 2525 4451 2777 4522; x_wconf 68' lang='lat' dir='ltr'><strong>lacrymae</strong></span> <span class='ocrx_word' id='word_1_775' title='bbox 2827 4454 3004 4508; x_wconf 88' lang='lat' dir='ltr'><strong>mariti</strong></span> <span class='ocrx_word' id='word_1_776' title='bbox 3045 4471 3207 4509; x_wconf 85' lang='lat' dir='ltr'><strong>causa</strong></span> <span class='ocrx_word' id='word_1_777' title='bbox 3238 4474 3376 4511; x_wconf 84' lang='lat' dir='ltr'><strong>nou-</strong></span> 
     </span>
    </p>
   </div>
   <div class='ocr_carea' id='block_1_108' title="bbox 1798 4542 3374 4615">
    <p class='ocr_par' dir='ltr' id='par_1_108' title="bbox 1798 4542 3374 4615">
     <span class='ocr_line' id='line_1_109' title="bbox 1798 4542 3374 4615; baseline 0.001 -17"><span class='ocrx_word' id='word_1_778' title='bbox 1798 4544 1962 4606; x_wconf 84' lang='lat' dir='ltr'><strong>nullis</strong></span> <span class='ocrx_word' id='word_1_779' title='bbox 2018 4542 2231 4605; x_wconf 82' lang='lat' dir='ltr'><strong>oblatae.</strong></span> <span class='ocrx_word' id='word_1_780' title='bbox 2287 4543 2476 4602; x_wconf 81' lang='lat' dir='ltr'><strong>Veniat</strong></span> <span class='ocrx_word' id='word_1_781' title='bbox 2521 4542 2572 4596; x_wconf 92' lang='lat' dir='ltr'><strong>in</strong></span> <span class='ocrx_word' id='word_1_782' title='bbox 2619 4552 2876 4609; x_wconf 85' lang='lat' dir='ltr'><strong>mentem,</strong></span> <span class='ocrx_word' id='word_1_783' title='bbox 2932 4546 3075 4614; x_wconf 91' lang='lat' dir='ltr'><strong>quod</strong></span> <span class='ocrx_word' id='word_1_784' title='bbox 3124 4558 3374 4615; x_wconf 84' lang='lat' dir='ltr'><strong>parentes</strong></span> 
     </span>
    </p>
   </div>
   <div class='ocr_carea' id='block_1_109' title="bbox 1798 4632 3371 4703">
    <p class='ocr_par' dir='ltr' id='par_1_109' title="bbox 1798 4632 3371 4703">
     <span class='ocr_line' id='line_1_110' title="bbox 1798 4632 3371 4703; baseline 0.003 -11"><span class='ocrx_word' id='word_1_785' title='bbox 1798 4651 1950 4702; x_wconf 85' lang='lat' dir='ltr'><strong>suos,</strong></span> <span class='ocrx_word' id='word_1_786' title='bbox 2009 4635 2146 4703; x_wconf 87' lang='lat' dir='ltr'><strong>quod</strong></span> <span class='ocrx_word' id='word_1_787' title='bbox 2193 4633 2412 4692; x_wconf 89' lang='lat' dir='ltr'><strong>domum</strong></span> <span class='ocrx_word' id='word_1_788' title='bbox 2457 4648 2560 4702; x_wconf 88' lang='lat' dir='ltr'><strong>qua</strong></span> <span class='ocrx_word' id='word_1_789' title='bbox 2612 4632 2788 4688; x_wconf 79' lang='lat' dir='ltr'><strong>fuerat</strong></span> <span class='ocrx_word' id='word_1_790' title='bbox 2837 4635 3004 4700; x_wconf 85' lang='lat' dir='ltr'><strong>edita,</strong></span> <span class='ocrx_word' id='word_1_791' title='bbox 3053 4649 3371 4696; x_wconf 76' lang='lat' dir='ltr'><strong>extraneum</strong></span> 
     </span>
    </p>
   </div>
   <div class='ocr_carea' id='block_1_110' title="bbox 1800 4725 3374 4798">
    <p class='ocr_par' dir='ltr' id='par_1_110' title="bbox 1800 4725 3374 4798">
     <span class='ocr_line' id='line_1_111' title="bbox 1800 4725 3374 4798; baseline -0.002 -11"><span class='ocrx_word' id='word_1_792' title='bbox 1800 4739 2075 4794; x_wconf 82' lang='lat' dir='ltr'><strong>secutura,</strong></span> <span class='ocrx_word' id='word_1_793' title='bbox 2111 4726 2429 4795; x_wconf 85' lang='lat' dir='ltr'><strong>reliquerit:</strong></span> <span class='ocrx_word' id='word_1_794' title='bbox 2463 4725 2603 4794; x_wconf 91' lang='lat' dir='ltr'><strong>quod</strong></span> <span class='ocrx_word' id='word_1_795' title='bbox 2638 4725 2775 4782; x_wconf 85' lang='lat' dir='ltr'><strong>forte</strong></span> <span class='ocrx_word' id='word_1_796' title='bbox 2801 4727 3005 4798; x_wconf 89' lang='lat' dir='ltr'><strong>aliquid</strong></span> <span class='ocrx_word' id='word_1_797' title='bbox 3046 4745 3224 4784; x_wconf 90' lang='lat' dir='ltr'><strong>rerum</strong></span> <span class='ocrx_word' id='word_1_798' title='bbox 3255 4746 3374 4784; x_wconf 87' lang='lat' dir='ltr'><strong>sua-</strong></span> 
     </span>
    </p>
   </div>
   <div class='ocr_carea' id='block_1_111' title="bbox 1801 4815 3374 4888">
    <p class='ocr_par' dir='ltr' id='par_1_111' title="bbox 1801 4815 3374 4888">
     <span class='ocr_line' id='line_1_112' title="bbox 1801 4815 3374 4888; baseline 0.001 -14"><span class='ocrx_word' id='word_1_799' title='bbox 1801 4834 1944 4884; x_wconf 88' lang='lat' dir='ltr'><strong>rum,</strong></span> <span class='ocrx_word' id='word_1_800' title='bbox 1992 4827 2050 4872; x_wconf 89' lang='lat' dir='ltr'><strong>nt</strong></span> <span class='ocrx_word' id='word_1_801' title='bbox 2079 4817 2174 4871; x_wconf 83' lang='lat' dir='ltr'><strong>viri</strong></span> <span class='ocrx_word' id='word_1_802' title='bbox 2210 4815 2460 4884; x_wconf 86' lang='lat' dir='ltr'><strong>injuriam</strong></span> <span class='ocrx_word' id='word_1_803' title='bbox 2499 4815 2909 4886; x_wconf 84' lang='lat' dir='ltr'><strong>molestiamque</strong></span> <span class='ocrx_word' id='word_1_804' title='bbox 2944 4819 3255 4888; x_wconf 83' lang='lat' dir='ltr'><strong>redimeret,</strong></span> <span class='ocrx_word' id='word_1_805' title='bbox 3279 4822 3374 4876; x_wconf 82' lang='lat' dir='ltr'><strong>ab-</strong></span> 
     </span>
    </p>
   </div>
   <div class='ocr_carea' id='block_1_112' title="bbox 1800 4906 3375 4975">
    <p class='ocr_par' dir='ltr' id='par_1_112' title="bbox 1800 4906 3375 4975">
     <span class='ocr_line' id='line_1_113' title="bbox 1800 4906 3375 4975; baseline -0.001 -8"><span class='ocrx_word' id='word_1_806' title='bbox 1800 4910 2139 4968; x_wconf 85' lang='lat' dir='ltr'><strong>alienaverit.</strong></span> <span class='ocrx_word' id='word_1_807' title='bbox 2188 4907 2316 4966; x_wconf 67' lang='lat' dir='ltr'><strong>Haec</strong></span> <span class='ocrx_word' id='word_1_808' title='bbox 2353 4909 2532 4961; x_wconf 85' lang='lat' dir='ltr'><strong>omnia</strong></span> <span class='ocrx_word' id='word_1_809' title='bbox 2579 4906 2834 4964; x_wconf 68' lang='lat' dir='ltr'><strong>allectum</strong></span> <span class='ocrx_word' id='word_1_810' title='bbox 2875 4909 3186 4975; x_wconf 87' lang='lat' dir='ltr'><strong>concilient,</strong></span> <span class='ocrx_word' id='word_1_811' title='bbox 3223 4928 3375 4966; x_wconf 83' lang='lat' dir='ltr'><strong>amo-</strong></span> 
     </span>
    </p>
   </div>
   <div class='ocr_carea' id='block_1_113' title="bbox 1777 4999 3375 5073">
    <p class='ocr_par' dir='ltr' id='par_1_113' title="bbox 1777 4999 3375 5073">
     <span class='ocr_line' id='line_1_114' title="bbox 1777 4999 3375 5073; baseline -0.001 -16"><span class='ocrx_word' id='word_1_812' title='bbox 1777 5005 1986 5073; x_wconf 77' lang='lat' dir='ltr'><strong>risque</strong></span> <span class='ocrx_word' id='word_1_813' title='bbox 2037 5000 2310 5055; x_wconf 80' lang='lat' dir='ltr'><strong>vinculum</strong></span> <span class='ocrx_word' id='word_1_814' title='bbox 2364 5006 2604 5065; x_wconf 80' lang='lat' dir='ltr'><strong>nectaut;</strong></span> <span class='ocrx_word' id='word_1_815' title='bbox 2665 5014 2728 5054; x_wconf 90' lang='lat' dir='ltr'><strong>ac</strong></span> <span class='ocrx_word' id='word_1_816' title='bbox 2791 4999 3056 5054; x_wconf 88' lang='lat' dir='ltr'><strong>lubricum</strong></span> <span class='ocrx_word' id='word_1_817' title='bbox 3108 5003 3375 5068; x_wconf 83' lang='lat' dir='ltr'><strong>animum,</strong></span> 
     </span>
    </p>
   </div>
   <div class='ocr_carea' id='block_1_114' title="bbox 1802 5091 3376 5164">
    <p class='ocr_par' dir='ltr' id='par_1_114' title="bbox 1802 5091 3376 5164">
     <span class='ocr_line' id='line_1_115' title="bbox 1802 5091 3376 5164; baseline 0.001 -16"><span class='ocrx_word' id='word_1_818' title='bbox 1802 5095 1950 5150; x_wconf 85' lang='lat' dir='ltr'><strong>velut</strong></span> <span class='ocrx_word' id='word_1_819' title='bbox 1984 5093 2276 5150; x_wconf 77' lang='lat' dir='ltr'><strong>marcidum</strong></span> <span class='ocrx_word' id='word_1_820' title='bbox 2309 5091 2555 5157; x_wconf 90' lang='lat' dir='ltr'><strong>domum,</strong></span> <span class='ocrx_word' id='word_1_821' title='bbox 2594 5092 2912 5144; x_wconf 84' lang='lat' dir='ltr'><strong>contineant</strong></span> <span class='ocrx_word' id='word_1_822' title='bbox 2946 5099 3109 5164; x_wconf 87' lang='lat' dir='ltr'><strong>atque</strong></span> <span class='ocrx_word' id='word_1_823' title='bbox 3146 5095 3376 5164; x_wconf 81' lang='lat' dir='ltr'><strong>erigant.</strong></span> 
     </span>
    </p>
   </div>
   <div class='ocr_carea' id='block_1_115' title="bbox 1807 5183 3383 5256">
    <p class='ocr_par' dir='ltr' id='par_1_115' title="bbox 1807 5183 3383 5256">
     <span class='ocr_line' id='line_1_116' title="bbox 1807 5183 3383 5256; baseline -0.003 -15"><span class='ocrx_word' id='word_1_824' title='bbox 1807 5187 2000 5242; x_wconf 85' lang='lat' dir='ltr'><strong>Vincat</strong></span> <span class='ocrx_word' id='word_1_825' title='bbox 2028 5183 2431 5250; x_wconf 88' lang='lat' dir='ltr'><strong>misericordia,</strong></span> <span class='ocrx_word' id='word_1_826' title='bbox 2470 5199 2570 5239; x_wconf 89' lang='lat' dir='ltr'><strong>nec</strong></span> <span class='ocrx_word' id='word_1_827' title='bbox 2601 5185 2938 5239; x_wconf 90' lang='lat' dir='ltr'><strong>consuetudo</strong></span> <span class='ocrx_word' id='word_1_828' title='bbox 2967 5200 3030 5240; x_wconf 85' lang='lat' dir='ltr'><strong>ac</strong></span> <span class='ocrx_word' id='word_1_829' title='bbox 3065 5186 3208 5256; x_wconf 85' lang='lat' dir='ltr'><strong>longi</strong></span> <span class='ocrx_word' id='word_1_830' title='bbox 3253 5195 3383 5240; x_wconf 81' lang='lat' dir='ltr'><strong>tctu-</strong></span> 
     </span>
    </p>
   </div>
   <div class='ocr_carea' id='block_1_116' title="bbox 1799 5295 3373 5364">
    <p class='ocr_par' dir='ltr' id='par_1_116' title="bbox 1799 5295 3373 5364">
     <span class='ocr_line' id='line_1_117' title="bbox 1799 5295 3373 5364; baseline -0.003 -9"><span class='ocrx_word' id='word_1_831' title='bbox 1799 5301 2172 5355; x_wconf 82' lang='lat' dir='ltr'><strong>Theodoretus</strong></span> <span class='ocrx_word' id='word_1_832' title='bbox 2232 5297 2268 5350; x_wconf 93' lang='lat' dir='ltr'><strong>l.</strong></span> <span class='ocrx_word' id='word_1_833' title='bbox 2319 5311 2394 5349; x_wconf 82' lang='lat' dir='ltr'><strong>xu</strong></span> <span class='ocrx_word' id='word_1_834' title='bbox 2445 5295 2521 5348; x_wconf 85' lang='lat' dir='ltr'><strong>De</strong></span> <span class='ocrx_word' id='word_1_835' title='bbox 2563 5295 2831 5350; x_wconf 81' lang='lat' dir='ltr'><strong>curatione</strong></span> <span class='ocrx_word' id='word_1_836' title='bbox 2877 5295 3185 5350; x_wconf 63' lang='lat' dir='ltr'><strong>Gra&#39;carum</strong></span> <span class='ocrx_word' id='word_1_837' title='bbox 3234 5300 3373 5364; x_wconf 67' lang='lat' dir='ltr'><strong>allia.-</strong></span> 
     </span>
    </p>
   </div>
   <div class='ocr_carea' id='block_1_117' title="bbox 1799 5365 3381 5440">
    <p class='ocr_par' dir='ltr' id='par_1_117' title="bbox 1799 5365 3381 5440">
     <span class='ocr_line' id='line_1_118' title="bbox 1799 5365 3381 5440; baseline -0.001 -16"><span class='ocrx_word' id='word_1_838' title='bbox 1799 5373 2030 5424; x_wconf 83' lang='lat' dir='ltr'><strong>ctionuut</strong></span> <span class='ocrx_word' id='word_1_839' title='bbox 2054 5386 2072 5422; x_wconf 90' lang='lat'><strong><em>:</em></strong></span> <span class='ocrx_word' id='word_1_840' title='bbox 2099 5370 2239 5440; x_wconf 81' lang='grc' dir='ltr'>Ἴστε</span> <span class='ocrx_word' id='word_1_841' title='bbox 2263 5366 2359 5440; x_wconf 48' lang='grc' dir='ltr'><strong>καί</strong></span> <span class='ocrx_word' id='word_1_842' title='bbox 2381 5367 2536 5440; x_wconf 77' lang='grc' dir='ltr'>ὑμεῖς</span> <span class='ocrx_word' id='word_1_843' title='bbox 2554 5382 2568 5397; x_wconf 77' lang='grc' dir='ltr'><strong>ο</strong></span> <span class='ocrx_word' id='word_1_844' title='bbox 2585 5367 2657 5440; x_wconf 26' lang='grc' dir='ltr'><strong>ὀὐ</strong></span> <span class='ocrx_word' id='word_1_845' title='bbox 2689 5365 2796 5436; x_wconf 85' lang='grc' dir='ltr'>γὰρ</span> <span class='ocrx_word' id='word_1_846' title='bbox 2812 5368 2880 5440; x_wconf 72' lang='grc' dir='ltr'><strong>ἐκ</strong></span> <span class='ocrx_word' id='word_1_847' title='bbox 2903 5367 3082 5440; x_wconf 84' lang='grc' dir='ltr'>δρυὸς,</span> <span class='ocrx_word' id='word_1_848' title='bbox 3115 5369 3256 5422; x_wconf 76' lang='grc' dir='ltr'>κατὰ</span> <span class='ocrx_word' id='word_1_849' title='bbox 3288 5368 3381 5422; x_wconf 75' lang='grc' dir='ltr'>τὸν</span> 
     </span>
    </p>
   </div>
   <div class='ocr_carea' id='block_1_118' title="bbox 1803 5436 3377 5511">
    <p class='ocr_par' dir='ltr' id='par_1_118' title="bbox 1803 5436 3377 5511">
     <span class='ocr_line' id='line_1_119' title="bbox 1803 5436 3377 5511; baseline -0.001 -17"><span class='ocrx_word' id='word_1_850' title='bbox 1803 5441 2082 5511; x_wconf 73' lang='grc' dir='ltr'>ποιητικὸν</span> <span class='ocrx_word' id='word_1_851' title='bbox 2115 5438 2289 5506; x_wconf 82' lang='grc' dir='ltr'>λόγον,</span> <span class='ocrx_word' id='word_1_852' title='bbox 2325 5437 2357 5507; x_wconf 85' lang='grc' dir='ltr'>ἢ</span> <span class='ocrx_word' id='word_1_853' title='bbox 2393 5437 2499 5489; x_wconf 78' lang='grc' dir='ltr'>ἀπὸ</span> <span class='ocrx_word' id='word_1_854' title='bbox 2530 5437 2734 5508; x_wconf 81' lang='grc' dir='ltr'>πέτρης</span> <span class='ocrx_word' id='word_1_855' title='bbox 2761 5456 2770 5466; x_wconf 94' lang='grc'><strong>·</strong></span> <span class='ocrx_word' id='word_1_856' title='bbox 2798 5436 2911 5511; x_wconf 73' lang='lat' dir='ltr'><strong>Ipsi</strong></span> <span class='ocrx_word' id='word_1_857' title='bbox 2935 5436 3044 5492; x_wconf 77' lang='grc' dir='ltr'>ἰιοιι</span> <span class='ocrx_word' id='word_1_858' title='bbox 3078 5441 3331 5509; x_wconf 71' lang='lat' dir='ltr'><strong>ignoratis</strong></span> <span class='ocrx_word' id='word_1_859' title='bbox 3359 5458 3377 5492; x_wconf 90' lang='lat'><strong><em>:</em></strong></span> 
     </span>
    </p>
   </div>
   <div class='ocr_carea' id='block_1_119' title="bbox 1805 5508 3379 5579">
    <p class='ocr_par' dir='ltr' id='par_1_119' title="bbox 1805 5508 3379 5579">
     <span class='ocr_line' id='line_1_120' title="bbox 1805 5508 3379 5579; baseline -0.002 -14"><span class='ocrx_word' id='word_1_860' title='bbox 1805 5508 1965 5579; x_wconf 74' lang='lat' dir='ltr'><strong>neque</strong></span> <span class='ocrx_word' id='word_1_861' title='bbox 1991 5512 2128 5564; x_wconf 85' lang='lat' dir='ltr'><strong>enim</strong></span> <span class='ocrx_word' id='word_1_862' title='bbox 2161 5525 2187 5559; x_wconf 85' lang='lat' dir='ltr'><strong>e</strong></span> <span class='ocrx_word' id='word_1_863' title='bbox 2219 5524 2434 5577; x_wconf 82' lang='lat' dir='ltr'><strong>quercu,</strong></span> <span class='ocrx_word' id='word_1_864' title='bbox 2471 5520 2523 5560; x_wconf 80' lang='lat' dir='ltr'><strong>ut</strong></span> <span class='ocrx_word' id='word_1_865' title='bbox 2556 5519 2719 5576; x_wconf 76' lang='lat' dir='ltr'><strong>poem:</strong></span> <span class='ocrx_word' id='word_1_866' title='bbox 2753 5508 2914 5562; x_wconf 82' lang='lat' dir='ltr'><strong>verbis</strong></span> <span class='ocrx_word' id='word_1_867' title='bbox 2948 5508 3202 5576; x_wconf 62' lang='lat' dir='ltr'><strong>ut..&#39;r,aut</strong></span> <span class='ocrx_word' id='word_1_868' title='bbox 3248 5525 3379 5563; x_wconf 73' lang='lat' dir='ltr'><strong>saxo</strong></span> 
     </span>
    </p>
   </div>
   <div class='ocr_carea' id='block_1_120' title="bbox 1805 5580 2277 5651">
    <p class='ocr_par' dir='ltr' id='par_1_120' title="bbox 1805 5580 2277 5651">
     <span class='ocr_line' id='line_1_121' title="bbox 1805 5580 2277 5651; baseline -0.015 -13"><span class='ocrx_word' id='word_1_869' title='bbox 1805 5585 1962 5651; x_wconf 80' lang='lat' dir='ltr'><strong>geniti</strong></span> <span class='ocrx_word' id='word_1_870' title='bbox 1991 5580 2277 5650; x_wconf 74' lang='lat' dir='ltr'><strong>prodiistis.</strong></span> 
     </span>
    </p>
   </div>
  </div>
