3820 6326
467 215 578 273 235

1754 222 1813 279 S.
1852 221 2124 281 ASTERII
2163 226 2470 285 AMASENI

3638 242 3767 303 236

474 335 625 407 poris
669 333 950 389 convictus
996 332 1414 404 conculcentur,
1466 335 1662 406 quibus
1710 336 1889 394 brutis
1922 339 2054 410 ipsis

2160 343 2329 414 άλογα
2375 349 2521 402 ποιεῖ
2560 348 2671 404 τῶν
2715 346 2872 414 ζώων
2914 349 3235 423 ἀχωρίστως
3281 352 3428 425 ἔχειν
3472 355 3761 430 ἀλλήλων.

473 430 842 485 animantibus
887 444 1031 500 :egre
1072 431 1315 500 separari
1355 430 1588 486 accedit.
1624 429 1743 486 Vidi
1775 443 1925 488 certe
1954 435 2049 488 bo—

472 536 620 590 vem,
661 523 803 591 quod
851 525 1159 580 aberrasset
1208 526 1277 580 ab
1324 533 1593 590 armento,
1643 523 1898 594 solusque
1946 525 2052 580 sibi

471 617 698 673 relictus
746 627 913 682 esset,
977 619 1355 675 miserabiliter
1390 617 1756 689 mugientem;
1794 618 2052 689 pecudem

473 711 603 767 item
620 710 673 767 in
696 711 832 767 saltu
848 711 1143 777 balantem,
1158 721 1470 783 montesque
1482 721 1909 783 percurrentem,
1926 711 2051 766 dum

476 803 544 857 ad
569 818 784 874 gregem
811 802 1078 870 rediisset,
1108 819 1137 859 a
1167 819 1274 874 quo
1317 804 1459 861 inter
1497 803 1822 874 pascendum
1870 817 2054 858 reces-

474 903 642 951 serat.
694 895 800 949 Sed
831 904 885 950 et
919 910 1086 967 capra
1134 896 1275 953 idem
1320 912 1502 968 passa,
1536 908 1850 967 quanquam
1876 895 1929 950 in
1959 910 2055 949 va-

475 990 591 1043 rios
641 987 829 1042 incidit
872 1003 1085 1058 greges,
1127 990 1517 1058 praetercurrit,
1547 1002 1646 1044 nec
1672 995 1798 1042 ante
1832 1001 2051 1042 cursum

474 1079 637 1143 sistit,
682 1094 844 1148 quam
893 1079 980 1133 ubi
1029 1093 1211 1147 suum,
1234 1078 1328 1135 cui
1357 1078 1707 1144 assuevisset,
1731 1086 1787 1133 et
1834 1091 2052 1149 gregem

474 1182 539 1225 cr
557 1173 869 1240 caprarium
904 1172 1130 1243 reperit.

544 1260 621 1318 Ne
655 1278 750 1318 nos
780 1278 930 1334 ergo,
957 1263 1047 1333 qui
1073 1263 1281 1319 ratione
1306 1262 1517 1333 praediti
1562 1277 1774 1330 sumus,
1804 1260 2055 1318 duriores

441 1374 447 1384 '
473 1355 799 1412 cxsistamus
822 1356 994 1411 brutis
1017 1371 1033 1421 ;
1056 1370 1234 1427 neque
1255 1357 1480 1413 minoris
1510 1371 1732 1411 uxorem
1767 1354 2051 1420 faciamus,

443 1462 637 1517 'quam
674 1447 775 1501 viae
806 1446 1059 1502 comitem
1093 1446 1351 1516 aliquem,
1383 1447 1619 1502 aliumve
1652 1462 1716 1502 ex
1756 1461 1917 1501 causa
1951 1445 2052 1501 levi

420 1592 423 1595 ,
472 1549 529 1593 et
571 1538 748 1593 subita
809 1537 1001 1593 leviter
1055 1537 1212 1593 nobis
1245 1546 1452 1593 notum.
1496 1538 1659 1594 Vides
1699 1538 2050 1611 quemadmo-

469 1632 599 1684 dum
628 1630 662 1684 ii
695 1644 831 1699 quos
855 1628 943 1685 via
971 1628 1182 1699 publica
1214 1627 1417 1698 junxit,
1448 1629 1699 1700 idemque
1748 1638 1946 1684 tectum
1988 1642 2053 1683 ac

467 1722 853 1784 diversorium,
892 1728 987 1774 aut
1029 1720 1286 1776 umbrosa
1312 1735 1409 1791 per
1439 1729 1631 1775 aestum
1684 1720 2045 1775 meridiamun
2082 1704 2125 1760 Β

466 1814 634 1867 arbor
669 1811 903 1881 excepit,
949 1808 1232 1866 fortuitum
1279 1825 1567 1866 occursum
1609 1811 1662 1866 in
1706 1810 2049 1867 occasionem

472 1903 724 1958 amicitiae
755 1903 1005 1973 rapiant;
1051 1910 1106 1957 et
1138 1917 1262 1958 cum
1296 1902 1362 1957 ad
1408 1903 1637 1958 divortia
1675 1903 1890 1958 viarum
1930 1916 2054 1972 per-

466 1994 741 2059 venerint,
793 2008 895 2047 nou
928 1994 1045 2049 sine
1074 1993 1389 2063 argrimonia
1430 1993 1789 2061 divellantur;
1821 2007 1885 2046 ac
1920 1992 2048 2047 sub-

473 2086 853 2159 lacrymautes,
902 2086 1133 2156 lixisque
1157 2084 1297 2141 alter
1323 2086 1375 2139 in
1401 2085 1632 2140 alterum
1664 2085 1836 2141 oculis
1870 2083 2053 2139 consi-

470 2186 641 2241 stant,
670 2192 734 2232 ac
761 2177 1010 2248 symbola
1046 2187 1231 2233 mutua
1278 2178 1581 2248 largiantur
1613 2192 1628 2232 :
1665 2185 1829 2247 utque
1864 2170 2053 2248 paulo.

467 2271 581 2325 lum
614 2271 903 2342 progressi,
928 2285 1049 2327 sese
1078 2286 1267 2326 rursus
1297 2279 1636 2337 convertant,
1670 2272 2049 2340 revocatisque

469 2361 644 2417 fausta
687 2376 752 2417 ac
806 2359 982 2417 felicia
1030 2370 1427 2433 apprecentur,
1480 2369 1539 2416 ut
1589 2360 1827 2432 denique
1870 2358 2054 2415 brevis

470 2468 632 2508 usura
671 2453 929 2523 temporis
975 2463 1084 2506 tam
1126 2460 1336 2508 arctam
1383 2451 1578 2525 jungat
1621 2452 1941 2517 amicitiam,
1991 2458 2051 2506 ut

475 2561 621 2615 :cgre
653 2545 884 2613 digredi,
926 2544 1263 2614 cogendique
1296 2551 1502 2598 tantum
1545 2558 1651 2599 non
1680 2558 1802 2601 esse
1830 2543 2051 2599 videan-

446 2636 599 2691 ltur?
626 2635 704 2690 Tu
742 2649 871 2690 vero
919 2647 1233 2702 comparem
1265 2648 1329 2689 ac
1352 2633 1476 2689 vitat
1519 2633 1723 2689 sociam
1757 2635 1837 2690 sic
1865 2633 2050 2704 despi-

468 2727 614 2783 catui
650 2726 845 2790 habes,
873 2734 934 2781 ut
961 2723 1242 2781 vasculum
1296 2725 1579 2791 amissum,
1616 2734 1707 2781 aut
1746 2726 1852 2782 vile
1888 2726 2053 2781 vesti-

467 2826 709 2872 mentum
760 2816 973 2872 itineris
1030 2831 1130 2871 usu
1192 2814 1393 2871 factum
1453 2817 1680 2885 inutile,
1730 2819 2052 2874 eatellumve

465 2907 754 2964 Melitmum
802 2908 895 2978 qui
946 2908 1106 2964 domo
1135 2908 1440 2964 clanculum
1495 2924 1555 2964 se
1608 2908 2049 2966 subduxit?~Ubi

458 3001 755 3056 simulatus
811 3000 966 3056 initio
1014 3001 1283 3057 allectus?
1318 3001 1417 3058 Ubi
1464 3002 1568 3058 tori
1616 3004 1776 3059 unius
1814 3003 2050 3059 societas

2167 436 2464 507 Ἐμπαθῶς
2494 438 2604 514 γάρ
2647 434 2789 494 εἶδον
2817 439 2929 509 ἐγὼ
2973 440 3100 512 βοῦν
3149 443 3506 516 μυκώμενον,
3553 449 3764 523 ἐπειδὴ

2153 528 2263 583 τῶν
2291 530 2571 602 συννόμων
2599 531 3009 603 ἀποπλανηθεὶς
3033 534 3282 608 ἐμονώθη
3302 552 3318 569 ο
3344 538 3442 591 καὶ
3468 539 3763 612 πρόδατον

2154 621 2213 674 ἐν
2244 621 2392 693 νάπῃ
2424 622 2801 695 βληχώμενον,
2841 624 2937 678 καὶ
2973 625 3255 696 διατρέχον
3291 628 3363 683 τά
3387 627 3488 702 ὅρη
3517 670 3534 697 ,
3584 631 3762 706 μέχρι

2159 712 2227 767 ἂν
2250 716 2316 787 τῇ
2342 714 2515 791 ἀγέλῃ
2540 716 2771 790 συνάψῃ,
2794 714 2863 790 ἧς
2899 718 3173 792 ἐχωρίσθη
3202 721 3525 793 νεμόμενον.
3556 725 3663 791 Αἲξ
3694 726 3761 779 δὲ

2154 807 2319 861 ταυτό
2336 807 2495 862 τοῦτο
2520 809 2788 878 παθοῦσα,
2825 810 2930 865 κᾶν
2954 811 3158 876 πολλὰς
3187 813 3390 883 ἀγέλας
3421 817 3601 886 αίγῶν
3629 818 3759 872 δια-

2153 898 2425 971 τρέχουσα
2464 900 2768 973 καταλάϐῃ,
2807 901 2870 956 ού
2910 902 3177 976 πρότερον
3213 904 3467 973 ἵσταται,
3498 906 3637 981 πρὶν
3682 908 3757 963 ἂν

2154 988 2255 1063 τὴν
2276 988 2483 1062 συνήθη
2510 989 2668 1065 εὕρῃ,
2698 992 2794 1047 καὶ
2823 992 2914 1047 τὸν
2935 993 3159 1048 αἰπόλον
3184 992 3277 1049 τὸν
3303 995 3456 1054 ἴδιον.

2224 1249 2312 1323 Μὴ
2343 1250 2704 1325 ἀπαθέστεροι
2742 1252 2879 1325 πρὸς
2912 1253 3098 1324 φιλίαν
3125 1256 3444 1330 εὑρεθῶμεν
3465 1257 3576 1312 τῶν
3606 1259 3748 1313 d16-

2152 1360 2267 1413 γων
2299 1345 2348 1397 οἱ
2379 1345 2613 1415 λογικοί·
2659 1345 2793 1416 μηδὲ
2822 1347 3176 1420 ἀτιμωτέραν
3209 1350 3310 1423 τὴν
3337 1349 3587 1423 γαμετὴν
3613 1352 3746 1419 κρί-

2154 1452 2336 1507 νωμεν
2358 1436 2738 1509 συνοδοιπόρου
2770 1439 2934 1503 τινὸς,
2964 1440 2999 1511 ἢ
3030 1440 3126 1494 τοῦ
3159 1441 3246 1497 διὰ
3282 1443 3486 1514 μικράν
3518 1443 3746 1515 πρόφα-

2154 1545 2239 1583 σιν
2280 1530 2337 1583 ἐν
2373 1529 2538 1601 ὀλίγῳ
2576 1530 3087 1601 προσφιλιωθέντος.
3142 1534 3306 1607 Ὀρᾶς
3329 1573 3344 1599 ,
3378 1534 3456 1599 ὡς
3503 1536 3602 1589 καὶ
3647 1538 3748 1591 ἐπὶ

2152 1624 2253 1695 τῆς
2277 1622 2554 1696 λεωφόρου
2580 1624 2841 1696 ἀλλήλους
2877 1625 3247 1698 συμμίξαντες
3281 1627 3583 1700 ἄνθρωποι,
3610 1630 3747 1703 δρο-

2153 1733 2251 1784 φον
2270 1715 2328 1769 δὲ
2360 1716 2703 1786 καταγωγίου
2740 1716 2832 1771 τὸν
2874 1716 3038 1772 αὐτὸν
3072 1717 3418 1783 ὑπελθόντες,
3444 1720 3479 1790 ἢ
3513 1719 3743 1793 δένδρον

2152 1804 2490 1876 ἀμφιλαφές,
2512 1804 2631 1878 ὥρᾳ
2646 1805 2838 1878 θέρους
2867 1805 2963 1878 τὴν
2987 1806 3335 1879 μεσημϐρίαν
3359 1808 3740 1875 ἀποσκιάσαν,

2151 1896 2407 1969 ἀφορμὴν
2448 1896 2741 1961 διαθέσεως
2774 1897 3005 1967 γνησίας
3044 1897 3140 1968 τὴν
3181 1897 3472 1969 συντυχίαν
3511 1896 3742 1953 ποιοῦν-

2150 2004 2275 2042 ται·
2329 1988 2432 2043 κᾶν
2482 1988 2708 2043 ἔλθωσιν
2755 1988 2849 2041 ἐπὶ
2899 1988 2998 2059 τὴν
3045 1989 3166 2043 ὁδὸν
3222 1988 3321 2061 τὴν
3375 1990 3741 2062 μερίζουσαν,

2151 2081 2380 2147 ἀπαθῶς
2407 2081 2651 2154 ἀλλήλων
2683 2082 2783 2136 οὐκ
2814 2080 3248 2136 ἀπαλλάττονται
3268 2098 3284 2113 ο
3331 2081 3446 2137 ἀλλ’
3483 2083 3742 2138 ἵστανται

2150 2171 2248 2226 καὶ
2273 2171 2725 2245 ὐποδακρύουσιν,
2773 2172 3066 2243 βλέποντες
3115 2172 3301 2237 ἀτενὲς
3323 2174 3406 2237 είς
3434 2173 3705 2246 ἀλλήλους
3722 2214 3739 2240 ,

2151 2264 2247 2319 καὶ
2285 2263 2530 2337 σύμϐολα
2572 2266 2796 2337 μνήμης
2830 2266 3060 2329 ἕκαστος
3099 2263 3315 2319 δίδωσιν
3362 2266 3585 2338 φέρειν’
3641 2268 3743 2323 καὶ

2154 2355 2351 2430 μικρὸν
2378 2356 2700 2429 προϐάντες,
2739 2357 2901 2412 πάλιν
2932 2356 3397 2430 μεταστρέφονται
3416 2396 3432 2423 ,
3464 2359 3559 2413 καὶ
3600 2361 3741 2414 ἀνα-

2150 2446 2407 2503 καλοῦσιν
2426 2465 2441 2480 ο
2468 2447 2760 2519 ἐπεύχεται
2807 2448 2864 2502 δὲ
2894 2449 3081 2519 ἔτερος
3124 2447 3204 2520 τῷ
3245 2447 3419 2521 ἑτέρῳ
3442 2449 3513 2504 τά
3547 2451 3737 2506 αἴσια*

2150 2538 2245 2592 καὶ
2280 2536 2461 2606 ὀλίγος
2490 2536 2679 2609 χρόνος
2708 2535 2882 2601 οὕτως
2923 2535 3192 2609 ὀξυτάτην
3227 2538 3447 2611 κίρνησι
3491 2538 3594 2612 τὴν
3641 2560 3738 2611 φι-

2149 2629 2291 2694 λίαν,
2322 2628 2399 2693 ὡς
2423 2628 2865 2683 δυσαπάλλακτον
2911 2629 3096 2693 αὐτοῖς
3122 2628 3367 2698 γίνεσθαι
3403 2629 3497 2684 καὶ
3544 2628 3739 2701 βεϐια-

2151 2720 2356 2792 σμένην
2398 2719 2498 2792 τὴν
2535 2719 2910 2793 ἀναχώρησιν;
2941 2720 3014 2773 Σὺ
3071 2719 3128 2773 δὲ
3169 2719 3308 2792 πρὸς
3347 2720 3447 2791 τὴν
3478 2721 3574 2776 τοῦ
3616 2722 3737 2794 βίου

2150 2810 2403 2864 κοινωνὸν
2461 2809 2633 2874 οὕτως
2688 2808 3177 2881 καταφρονητικῶς
3232 2807 3396 2879 ἔχεις,
3461 2809 3538 2872 ὡς
3594 2811 3735 2880 πρὸς

2152 2898 2343 2963 σκεῦος
2390 2899 2687 2965 ἀποπεσόν,
2738 2898 2772 2970 ἢ
2818 2899 3033 2971 ίμάτιον
3078 2898 3291 2964 εὐτελὲς
3347 2900 3405 2955 ἐν
3450 2899 3739 2973 ὁδοιπορία

2150 2991 2514 3065 καωργηθέν,
2553 2991 2588 3064 ἧ
2639 2991 2874 3047 κυνίδιον
2915 2991 3029 3047 τῶν
3086 2991 3401 3047 Μελιττέων
3435 2991 3483 3024 ⁸³
3514 2992 3737 3064 ὑποχω-

460 3108 530 3150 ae
554 3092 913 3148 communio?
948 3090 1048 3148 Ubi
1102 3092 1401 3165 legitimum
1433 3093 1739 3161 vinculum;
1778 3094 2048 3150 diuturna:

2160 3062 2326 3158 ρῆσαν
2381 3062 2590 3151 οίκίαςξ
2631 3084 2741 3139 Καὶ
2784 3082 2888 3139 ποῦ
2934 3085 2968 3156 ἡ
3014 3086 3073 3139 ἐν
3120 3085 3318 3157 ἀρχαῖς
3368 3062 3736 3158 πεπλασμένη

470 3184 562 3240 illa
596 3184 681 3239 vis
727 3183 1371 3254 consuetudinis,'quam
1397 3192 1452 3239 et
1486 3182 1538 3239 in
1588 3194 1839 3240 naturam
1872 3194 2049 3242 trans-

466 3277 548 3331 ire
579 3283 693 3331 tum
739 3274 945 3342 ferunt,
991 3284 1105 3331 tum
1146 3275 1485 3332 demonstrat
1530 3276 1902 3347 experientia?
1939 3276 2047 3339 Fa-

465 3369 624 3426 cilius
669 3381 868 3426 cuncta
919 3369 1227 3441 abrupisti,
1282 3384 1443 3441 quam
1493 3368 1761 3442 Sampson
1814 3371 2045 3429 hostium

465 3464 625 3519 funes
659 3463 727 3519 ⁸⁸.

535 3729 697 3800 i\lqui
736 3728 822 3784 vir
856 3728 1057 3793 probus
1100 3738 1155 3784 et
1197 3728 1249 3783 in
1285 3726 1479 3783 affectu
1523 3736 1799 3794 constans,
1830 3730 2046 3786 demor-

455 3832 572 3875 tua:
648 3820 819 3890 ipsam
879 3819 1197 3876 memoriam
1255 3817 1505 3889 conjugis
1560 3836 1703 3891 aegre
1764 3821 2039 3891 deponit:

454 3912 769 3985 ηυίηαΐυγοι
789 3913 988 3970 liberos
1015 3928 1081 3971 ac
1110 3924 1359 3971 amanter
1390 3913 1572 3980 habet,
1609 3922 1866 3984 tanquam
1895 3928 2047 3969 com-

464 4021 629 4063 mune
660 4005 963 4077 depositum
1013 4005 1204 4061 matris
1250 4019 1316 4060 ac
1356 4011 1583 4068 naturae,
1635 4003 2043 4073 spirantemque

456 4101 518 4155 in
562 4099 643 4155 eis
696 4100 1004 4155 detonetam
1056 4100 1156 4156 sibi
1208 4099 1427 4154 videtur
1484 4097 1821 4167 conspicere.
1863 4095 2044 4166 Atque

460 4192 554 4247 hie
596 4191 812 4262 quidem
842 4191 1164 4257 liberorum,
1192 4200 1454 4246 materna:
1501 4189 1912 4245 similitudinem
1948 4206 2043 4245 vo-

462 4282 542 4337 cis
574 4279 829 4351 praefert;
876 4280 967 4336 ille
1018 4281 1088 4336 de
1126 4280 1300 4336 forma
1352 4296 1417 4337 ae
1477 4281 1818 4337 lineamentis
1865 4281 2043 4352 pluri-

456 4388 610 4426 mum
641 4373 852 4439 hausit;
884 4370 1021 4427 alius
1051 4385 1232 4427 mores
1269 4379 1324 4427 et
1363 4371 1635 4443 ingenium
1675 4372 1918 4442 parentis
1954 4386 2041 4428 re-

463 4472 775 4532 praesentat.
832 4466 1009 4532 Atque
1072 4463 1158 4520 ita
1208 4471 1361 4534 pater
1390 4462 1587 4519 multas
1642 4464 1850 4521 habens
1888 4463 2044 4519 vivas

460 4557 775 4626 lucidasqne
827 4555 1075 4626 conjugis
1130 4556 1413 4626 imagines,
1478 4556 1721 4627 perpetui
1776 4556 2039 4612 consortii

459 4648 825 4718 connubiique
868 4649 1103 4718 speciem
1148 4648 1331 4704 animo
1387 4662 1484 4703 suo
1527 4647 1832 4703 informat:
1878 4656 2043 4719 atque

457 4740 596 4796 adeo
642 4738 841 4794 nullam
886 4739 1145 4809 deinceps
1195 4739 1484 4809 voluptatis
1522 4741 1910 4811 cogitationem
1941 4742 2041 4796 ad-

457 4831 668 4888 mittit:
702 4844 803 4886 nec
844 4830 935 4900 qui
973 4831 1135 4887 hodie
1182 4831 1381 4885 struxit
1419 4829 1687 4886 defuncta:
1738 4831 2039 4900 tumulum,

456 4926 615 4996 paulo
661 4934 783 4995 post
816 4924 1115 4979 thalamum
1161 4923 1430 4977 adornat:
1486 4931 1579 4976 aut
1607 4938 1635 4976 a
1671 4922 1928 4996 lacrymis
1975 4939 2040 4979 ac

455 5021 766 5087 gemitibus,
795 5019 862 5073 ad
893 5018 1186 5089 nuptialem
1233 5018 1429 5073 iterum
1459 5017 1714 5073 chorcam
1757 5017 1982 5075 festinat
2021 5035 2036 5072 :

457 5125 556 5163 nec
578 5119 783 5164 vestem
818 5118 992 5163 atram
1046 5123 1109 5163 ac
1158 5109 1458 5180 lugubrem,
1501 5107 1639 5165 festa
1689 5110 2037 5180 sponsalique

454 5199 590 5255 stola
622 5207 927 5267 permutat;
965 5214 1067 5254 non
1107 5199 1159 5253 in
1189 5199 1453 5255 calentem
1490 5198 1788 5255 etiamnum
1821 5216 1850 5253 a
1883 5201 2035 5271 prio-

456 5305 515 5344 re
545 5290 891 5345 matrimonio
920 5289 1139 5353 lectum,
1173 5291 1399 5345 alteram
1430 5290 1669 5356 inducit;
1712 5298 1872 5346 autve
1898 5289 2033 5346 libe-

458 5384 533 5437 ris
561 5396 871 5447 novercam,
904 5383 1152 5436 odiosum
1196 5382 1324 5437 illud
1359 5395 1575 5448 nomen,
1621 5382 2029 5451 superinducit;

452 5474 551 5531 sed
585 5483 874 5539 turturum,
909 5490 1012 5528 non
1068 5475 1209 5527 illam
1270 5474 1488 5545 quidem
1518 5489 1547 5527 a
1598 5474 1809 5529 ratione
1862 5476 2036 5546 profe-

521 5656 570 5691 ιι
610 5654 786 5715 Judic.
813 5672 899 5713 xvi
922 5697 936 5725 ,
984 5656 1050 5713 l3
1074 5672 1194 5730 sqq.

2149 3175 2420 3242 διάθεσις;
2456 3174 2559 3230 ποῦ
2593 3176 2627 3247 ἡ
2657 3175 2751 3228 ἐπὶ
2780 3176 2880 3246 τῆς
2911 3176 3039 3247 μιᾶς
3074 3175 3262 3248 κοίτης
3312 3175 3620 3242 ἀνάπαυσις
3640 3216 3657 3242 ,
3698 3180 3734 3249 η

2149 3268 2242 3323 τοῦ
2270 3268 2436 3341 νόμου
2468 3266 2760 3340 σύνειρξις,
2788 3271 2822 3339 η
2856 3267 2957 3337 τῆς
2984 3266 3187 3338 πολλῆς
3220 3268 3314 3322 καὶ
3349 3270 3567 3340 μακρᾶς
3602 3286 3735 3324 συν-

2146 3361 2339 3433 ηθείας
2384 3359 2655 3432 δύναμις,
2700 3360 2767 3431 ῆν
2812 3358 2908 3413 καὶ
2955 3359 3036 3423 είς
3068 3359 3228 3429 φύσιν
3283 3360 3732 3431 μεταποιεῖσθαι,

2150 3455 2246 3509 καὶ
2277 3453 2435 3523 λόγος
2480 3453 2616 3524 ἔχει,
2681 3452 2778 3506 καὶ
2813 3454 2847 3523 ἡ
2895 3454 3062 3525 πεῖρα
3090 3452 3406 3519 ύπέδείξενς
3439 3452 3619 3508 πάντα
3649 3454 3733 3508 δι-

2152 3546 2357 3617 έκοψας
2380 3543 2766 3616 εὐκολώτερον,
2798 3543 2833 3615 ἢ
2863 3545 2892 3598 ὀ
2917 3543 3157 3616 Σαμψὼν
3182 3544 3252 3599 τὰ
3277 3545 3388 3601 τῶν
3416 3546 3735 3617 ἀλλοφύλων

2148 3640 2409 3696 καλώδια.

2218 3733 2413 3787 Καίτοι
2436 3732 2531 3801 ὅγε
2553 3731 2786 3804 σώφρων
2810 3730 2907 3785 καὶ
2932 3733 3032 3804 τῆς
3057 3731 3353 3797 διαθέσεως
3379 3732 3575 3804 φύλαξ,
3606 3735 3732 3789 οὐδὲ

2147 3824 2583 3898 ἀναχωρησάσης
2609 3823 2704 3877 τοῦ
2738 3822 2855 3895 βίου
2885 3824 2988 3895 τῆς
3014 3824 3264 3896 γαμετῆς
3293 3824 3493 3898 ῥᾳδίως
3514 3826 3736 3882 ἐπιλαν-

2148 3916 2404 3973 θάνεταιδ
2454 3916 2590 3970 ἀλλά
2638 3915 2831 3971 θάλπει
2861 3916 2990 3982 τοὺς
3022 3915 3218 3981 παῖδας
3237 3958 3252 3982 ,
3285 3918 3363 3982 ὡς
3408 3918 3595 3991 κοινὴν
3624 3938 3735 3974 πα-

2148 4009 2536 4082 ρακαταθήκην
2562 4008 2659 4081 τῆς
2694 4008 2933 4080 μητέρος
2963 4008 3059 4063 καὶ
3085 4008 3185 4079 τῆς
3214 4008 3451 4078 φύσεως,
3486 4011 3543 4064 ἐν
3580 4012 3731 4065 ἐκεί-

2148 4115 2258 4162 νοις
2283 4098 2342 4151 δὲ
2385 4097 2626 4168 καθορᾷν
2663 4096 2813 4150 δοκεῖ
2844 4096 2942 4168 τὴν
2976 4096 3338 4154 ἀπελθοῦσαν.
3389 4100 3448 4152 '0
3483 4101 3582 4171 μὲν
3620 4100 3730 4175 γάρ

2145 4187 2255 4241 τῶν
2291 4187 2497 4241 παίδων
2546 4187 2645 4259 τῆς
2679 4188 2951 4259 μητρικῆς
2992 4187 3182 4259 φωνῆς
3218 4188 3512 4261 ὁμοιότητα
3539 4188 3728 4257 σώζει,

2146 4278 2304 4342 ἄλλος
2336 4277 2397 4332 τὸ
2423 4277 2557 4332 πολὺ
2579 4276 2674 4331 τοῦ
2701 4279 3049 4351 χαρακτῆρος
3077 4279 3388 4350 ἐφέλκεται,
3416 4281 3605 4355 ἓτερος
3628 4283 3730 4355 τῆν

2147 4370 2241 4425 τοῦ
2269 4370 2436 4443 ῆθους
2461 4370 2792 4425 κατάστασιν
2821 4370 3116 4444 ἐμορφώθη
3138 4371 3277 4445 πρὸς
3303 4372 3404 4443 τὴν
3432 4374 3725 4429 τεκοῦσανο

2147 4465 2240 4517 καὶ⁸
2271 4461 2441 4525 οὕτως
2468 4463 2497 4515 ὀ
2522 4462 2704 4533 πατὴρ
2721 4502 2738 4524 ,
2769 4461 2972 4528 πολλὰς
3010 4462 3149 4535 ἔχων
3173 4463 3275 4535 τῆς
3302 4467 3550 4538 γαμετῆς
3583 4469 3731 4529 εἰκό-

2145 4573 2240 4620 νας
2271 4555 2450 4621 ζώσας
2476 4555 2571 4608 καὶ
2604 4556 2886 4627 ἐναργεῖς,
2921 4555 3186 4613 ἀθάνατον
3220 4558 3596 4615 ύποτυποῦται
3630 4563 3729 4634 τὴν

2146 4647 2281 4719 πρὸς
2312 4646 2524 4717 ἐκείνην
2562 4648 2906 4718 συνοίκησιν·
2941 4648 3034 4703 καὶ
3066 4648 3156 4703 διὰ
3190 4648 3350 4704 τοῦτο
3381 4650 3534 4705 οὐδὲν
3570 4654 3731 4727 φιλῆ-

2144 4739 2295 4793 δονον
2340 4740 2540 4792 ἐννοεϊ·
2597 4739 2658 4793 οὐ
2698 4740 2940 4812 σήμερον
2991 4740 3177 4813 χώσας
3230 4742 3323 4797 τὸν
3370 4743 3575 4814 τάφον,
3609 4749 3730 4817 μετ’

2142 4832 2323 4901 ὀλίγον
2358 4831 2549 4904 χρόνον
2596 4833 2876 4899 παστάδας
2928 4835 3362 4900 κατασκευάζει·
3418 4837 3540 4893 ούδέ
3587 4840 3733 4912 μετά

2140 4924 2202 4978 τὸ
2230 4924 2467 4996 δάκρυον
2496 4924 2593 4979 καὶ
2630 4926 2758 4990 τοὺς
2800 4927 3138 4998 στεναγμοὺς
3167 4928 3262 4983 ἐπὶ
3288 4930 3534 5001 γαμικὴν
3564 4932 3732 4989 πάλιν

2138 5016 2358 5089 χορείαν
2394 5010 2705 5087 ἐπείγεται·
2755 5017 2877 5071 οὐδὲ
2926 5017 3027 5090 τὴν
3072 5020 3333 5091 μέλαιναν
3382 5023 3591 5096 ἐσθῆτα
3635 5028 3732 5081 καὶ

2141 5108 2404 5181 πενθικὴν
2433 5110 2514 5171 εἰς
2538 5110 2815 5181 νυμφικὴν
2849 5109 3122 5181 διαμείσει
3154 5112 3369 5186 στολήν·
3396 5115 3519 5170 οὐδὲ
3546 5116 3729 5191 θερμῇ

2137 5203 2205 5273 τῇ
2258 5201 2416 5274 κοίτῃ
2466 5200 2568 5272 τῆς
2614 5200 2957 5273 ἀπελθούσης
3003 5203 3102 5276 τὴν
3157 5204 3419 5277 δευτέραν
3470 5211 3729 5279 γαμετὴν

2138 5294 2421 5363 ἐπεισάγει
2446 5309 2460 5322 ’
2487 5293 2609 5347 οὐδὲ
2646 5292 2919 5365 μητρυιὰν
2950 5295 3135 5350 δίδωσι
3175 5299 3291 5361 τοῖς
3334 5299 3517 5363 παισὶ,
3544 5300 3609 5353 τὸ
3640 5303 3733 5354 ἐπ-

2142 5384 2305 5455 αχθὲς
2334 5385 2525 5456 ὄνομα.
2559 5385 2824 5456 Μιμείται
2854 5386 2914 5440 δὲ
2938 5386 3048 5440 τῶν
3084 5390 3365 5459 τρυγόνων
3390 5388 3493 5461 τὴν
3532 5390 3731 5461 ἄλογον

2142 5478 2236 5532 καὶ
2261 5477 2495 5548 φδσικὴν
2528 5476 2853 5549 σεμνότητα.
2889 5478 2998 5532 Καὶ
3025 5480 3133 5553 γάρ
3176 5481 3397 5554 ἐκείνην
3437 5482 3537 5556 τὴν
3576 5482 3728 5557 ὄρνιν

1273 5657 1318 5690 ⁸’
1357 5656 1647 5715 Μελιταῖον
1678 5658 1930 5717 κυνίδιον.
1988 5660 2185 5728 Arist.,
2236 5678 2285 5721 Ix
2346 5661 2421 5717 De
2465 5670 2576 5717 nat.
2621 5660 2788 5718 anim.
