3820 6300
73 259 173 314 237

1172 255 1459 314 HOMILIA
1502 259 1566 314 V.
1600 257 1664 314 IN
1706 257 1965 319 MATTH.
2011 265 2154 332 XIX,
2180 267 2232 322 3.

3231 279 3339 337 εδδ

75 374 262 446 φασὶν,
283 374 380 443 τῆς
404 369 631 441 ὁμοόίου
651 368 1082 440 διαζευχθεῖσαν,
1099 369 1320 444 ἀγαπᾷν
1332 372 1554 445 διηνεκῆ
1568 375 1661 447 τὴν

1776 389 1940 442 ctam,
1993 381 2085 435 sed
2121 381 2337 436 insitatu
2398 397 2427 436 a
2467 392 2658 440 natura
2719 387 3024 445 castitatem
3081 387 3340 451 imitatur.

73 469 326 540 χηρείαν.
355 465 453 517 καὶ
478 463 740 526 ἐναντίως
768 462 914 533 ἔχειν
937 463 1072 533 πρὸς
1103 463 1200 535 τὴν
1228 466 1556 537 περιστεράν
1585 469 1665 530 είς

75 562 134 614 τὸ
168 560 268 629 τῆς
306 556 660 626 πολυγαμίας
690 555 932 608 εὔκολον.
972 555 1150 627 Μέχρι
1195 556 1387 610 τούτου
1435 560 1666 623 πυκναῖς

76 654 103 704 ὁ
149 650 295 721 ἀνὴρ
349 650 472 711 ταῖς
520 646 884 717 κατηγορίαις
924 644 1233 715 βαλλέσθω,
1285 648 1379 701 κα)⁸
1431 648 1664 718 νιφάδων

81 743 410 813 πδκνὸτερον
454 739 626 794 αὐτὸν
658 738 1008 809 τιτρωσκέτω
1039 738 1108 792 τὰ
1140 738 1239 811 τῆς
1273 737 1664 810 ἀγνωμοσύνης

79 833 427 904 ἐγκλήματα.

147 1011 246 1062 Ἂν
272 1009 328 1064 δέ
361 1026 467 1062 που
499 1007 752 1080 μοιχείας
776 1005 955 1060 αἰτίαν
977 1003 1337 1076 προϐάληται,
1368 1003 1463 1057 καὶ
1485 1003 1667 1057 τοιαύ-

80 1120 173 1171 την
217 1102 501 1172 παράσχοι
536 1099 628 1154 τοῦ
660 1096 945 1170 χωρισμοῦ
994 1097 1092 1167 τὴν
1140 1096 1458 1165 ἀπολογίαν,
1506 1094 1666 1159 εὐθὺς

79 1195 170 1262 τὴν
214 1192 555 1262 συνηγορίαν
603 1187 984 1260 μεταϐήσομαι
1024 1186 1118 1240 τοῦ
1158 1185 1537 1256 ἀδικηθέντος,
1572 1183 1666 1238 καὶ

79 1287 163 1336 τὶν
189 1285 350 1352 λόγον
383 1281 534 1336 κατὰ
558 1285 657 1352 τῆς
706 1279 1014 1350 μοιχαλίδος
1041 1278 1465 1350 παρασκευάσας
1488 1318 1503 1345 ,
1531 1278 1667 1345 ἀγα-

83 1378 165 1440 θος
197 1376 584 1448 συνασπιστὴς
615 1374 737 1428 ἀντὶ
767 1371 1028 1442 πολεμίου
1067 1371 1144 1442 τῷ
1187 1371 1340 1442 ἀνδρὶ
1386 1369 1667 1442 παραστή-

83 1487 238 1541 σομαι
256 1487 272 1499 ο
304 1467 552 1521 ἐπαινῶν
578 1466 670 1519 τὸν
693 1465 935 1535 φυγόντα
963 1463 1062 1534 τὴν
1090 1462 1394 1524 ἐπίϐουλον,
1425 1461 1513 1515 τὸν
1543 1460 1663 1513 διαο

83 1562 316 1628 κόψαντα
367 1559 462 1612 τὸν
517 1557 740 1628 δεσμὸν,
792 1549 836 1623 ᾧ
888 1555 1023 1628 πρὸς
1080 1553 1176 1625 τὴν
1237 1553 1438 1607 ἀσπίδα
1482 1553 1515 1623 ἢ
1565 1551 1666 1634 τὴν

83 1654 284 1723 ἔχιδναν
312 1650 696 1722 προσεδὲδετο.
736 1647 923 1717 Τούτῳ
948 1645 1056 1718 γάρ
1085 1645 1266 1698 δίδωσι
1296 1643 1394 1716 τὴν
1423 1642 1666 1713 συγγνώ-

1773 469 1905 525 Nam
1942 489 2094 528 avem
2126 473 2266 530 hanc
2312 474 2514 544 ferunt,
2561 478 2650 534 ubi
2706 481 2873 535 semel
2907 495 2937 536 a
2969 481 3196 554 conjuge
3226 485 3342 539 dis-

1766 564 2033 634 jungitur,
2091 573 2408 636 perpetuam
2457 567 2636 625 colere
2699 570 3042 640 viduitatem,
3093 589 3158 630 ac
3185 591 3343 634 secus

1768 657 1926 727 plane
1974 667 2135 728 atque
2171 660 2473 717 columbam
2517 673 2884 734 comparatam
2919 681 3063 732 esse,
3116 684 3238 740 quat
3286 670 3341 726 in

1767 750 2123 822 polygamiam
2151 753 2404 820 proclivis
2433 764 2534 809 est.
2579 755 2852 813 llactenus
2875 760 3092 828 quidem
3129 763 3344 831 vapulet

1770 838 2019 903 maritus,
2072 841 2386 910 crebrisque
2417 845 2603 900 densae
2654 847 2794 903 nivis
2839 849 3013 906 instar
3060 852 3344 922 ingratitu-

1770 929 1911 986 diuis
1944 931 2264 988 criminibus
2293 934 2558 1004 pulsetur.

1841 1021 1993 1087 Quod
2027 1023 2070 1078 si
2113 1021 2252 1079 forte
2302 1025 2554 1082 adulterii
2609 1029 2822 1098 culpam
2873 1033 3060 1105 objicit
3111 1050 3343 1107 eamque

1767 1108 1980 1165 divortii
2014 1112 2276 1170 rationem
2319 1116 2514 1181 reddit,
2549 1132 2762 1174 onmem
2803 1123 2985 1178 statim
3033 1128 3342 1184 accusatio-

1770 1215 1892 1256 nem
1942 1217 1971 1256 a
2024 1205 2218 1260 marito
2271 1207 2467 1276 injuria
2525 1209 2627 1265 hac
2682 1211 2876 1266 affecto
2929 1215 2981 1269 in
3038 1217 3339 1272 adulteram

1771 1293 2118 1362 transferam,
2150 1312 2212 1352 ac
2236 1314 2332 1368 pro
2369 1300 2546 1366 hoste,
2574 1303 2772 1370 probus
2796 1303 2869 1356 illi
2907 1307 3128 1372 posthac
3150 1294 3342 1362 defert?-

1769 1397 1860 1437 sor
1891 1398 1956 1438 ac
1990 1397 2350 1456 prapugnator
2375 1390 2650 1443 assistam.
2688 1391 2944 1449 Laudabo
2971 1409 3093 1448 eum
3131 1398 3221 1464 qui
3259 1397 3344 1449 fu-

1767 1469 1906 1538 gerit
1963 1471 2382 1541 insidiatricem,
2425 1478 2514 1545 qui
2569 1478 2843 1547 abruperit
2883 1483 3154 1538 vinculum
3198 1487 3342 1556 quod

1769 1569 1891 1610 eum
1931 1557 2126 1626 aspidl,
2159 1561 2298 1627 quod
2327 1563 2523 1632 viperae
2549 1566 2840 1632 copulavit.
2884 1567 3016 1624 lluic
3046 1570 3188 1625 enim
3233 1573 3345 1642 pri-

1769 1663 1888 1727 mus
1945 1648 2182 1719 indulget
2237 1651 2351 1720 ipse
2394 1654 2768 1710 universorum
2824 1669 3032 1726 auctor,
3081 1669 3340 1731 tanquam

214 1714 442 1813 πρῶτος
470 1743 504 1794 ὁ
536 1739 630 1794 τοῦ
675 1738 876 1803 παντὸς
896 1714 1162 1808 ποιητὴς,
1205 1736 1281 1800 ὡς
1318 1714 1412 1790 καὶ
1440 1736 1661 1799 δικαίως

1770 1720 1910 1808 insto
1949 1739 2135 1795 dolore
2177 1743 2410 1812 percito,
2447 1747 2749 1817 meritoque
2785 1750 2978 1806 domus
3027 1714 3230 1824 pestem
3277 1771 3345 1812 ac

83 1833 347 1901 ἀλγοῦντι,
389 1833 490 1887 καὶ
523 1831 918 1904 προσηκόντως
958 1829 1058 1900 τῆς
1087 1828 1263 1892 οἰκίας
1305 1826 1664 1881 ἀπελαύνοντι

86 1927 166 1978 καὶ
191 1925 294 1994 τῆς
318 1925 515 1986 ἑστίας
559 1923 660 1994 τήν
688 1921 862 1975 νόσον.
909 1921 1090 1992 Γάμος
1134 1919 1242 1992 γὰρ
1269 1921 1472 1974 τούτων
1504 1919 1666 1991 χάριν

83 2016 178 2067 τῶν
216 2016 314 2069 δύο
359 2016 708 2077 συνίσταται,
739 2012 1031 2077 διαθέσεως
1057 2011 1151 2067 καὶ
1185 2013 1556 2078 παιδοποιΐας·
1590 2008 1666 2067 ὧν

83 2108 358 2180 οὐδέτερον
402 2106 548 2178 μετά
587 2105 832 2178 μοιχείας
881 2103 1131 2169 σώζεται.
1171 2105 1236 2158 Ἦ
1273 2098 1372 2175 μὲν
1413 2105 1524 2177 γὰρ
1548 2105 1667 2159 διά-

82 2199 217 2264 θεσις
238 2200 346 2254 οὐκ
367 2199 540 2262 ἔστιν,
569 2196 708 2270 πρὸς
729 2196 887 2250 ἄλλον
909 2197 1008 2266 τῆς
1037 2195 1247 2259 εὐνοίας
1274 2196 1663 2270 ἀποκλινάσης·

83 2290 423 2354 παιδοποιΐας
472 2289 532 2342 δὲ
575 2289 635 2342 τὸ
689 2287 854 2341 καλὸν
895 2288 1200 2359 ἀνῄρηται,
1246 2289 1668 2361 συγκεχυμένων

81 2382 176 2435 τῶν
223 2382 465 2435 τέκνων.
535 2379 699 2434 ’Δλλά
737 2379 939 2451 τὰμὲν
985 2381 1065 2442 είς
1118 2379 1274 2433 τοῦτο
1327 2380 1563 2451 φέροντα
1607 2380 1669 2434 τὸ

85 2475 379 2546 ἁμάρτημα
445 2469 663 2542 εἴρηται
713 2471 770 2523 ὲν
816 2468 950 2540 ἄλλῃ
993 2466 1248 2522 ὑποθέσει
1315 2469 1666 2542 συμμέτρως.

94 2567 403 2637 Ἀμφότερα
435 2563 497 2618 δέ
537 2580 629 2635 μοι
669 2561 738 2616 τά
772 2561 909 2634 μέρη
955 2561 1311 2635 σωφροσύνην
1335 2563 1666 2634 ἀσκησάτω,

84 2658 161 2710 τὴν
196 2656 423 2730 ἀρραγῆ
453 2655 564 2708 τῶν
615 2653 810 2725 γάμων
839 2653 1157 2725 σύνδεσμον.
1187 2655 1360 2708 Ὅπου
1387 2653 1496 2725 γὰρ
1527 2654 1666 2726 αὕτη

83 2751 295 2819 τιμᾶται
317 2789 334 2815 ,
386 2747 704 2816 ἐπάναγκες
756 2743 894 2800 εἶναι
937 2748 1034 2801 καὶ
1071 2747 1294 2818 εἰρήνην
1327 2747 1424 2802 καὶ
1472 2745 1669 2801 πόθονο

82 2840 328 2910 ούὸεμίας
357 2839 645 2910 πανδήμου
696 2839 790 2893 καὶ
825 2839 981 2894 νόθου
1025 2840 1323 2912 ἐπιθυμίας
1361 2839 1460 2911 τὴν
1492 2839 1670 2912 ψυχὴν

86 2931 489 3004 ὲπιθηγούσης,
547 2930 896 3004 ἐμϐαλούσης
943 2932 990 2964 ⁸³
1034 2933 1092 2986 δὲ
1142 2932 1242 3005 τὴν
1291 2932 1522 3005 νόμιμον
1572 2932 1668 2987 καὶ

84 3023 283 3076 δικαίαν
317 3024 579 3095 στοργήν.

147 3109 313 3178 05:0;
359 3116 463 3186 τῆς
496 3113 849 3186 σωφροσύνης
889 3117 917 3170 ὁ
962 3101 1126 3186 νόμος
1181 3115 1242 3170 ού
1299 3118 1416 3180 ταῖς
1446 3115 1664 3185 γυναιξὶ

91 3205 232 3274 μόνον
259 3207 422 3278 παρὰ
453 3205 588 3260 Θεοῦ
633 3205 904 3276 ὥρισται,
946 3205 1084 3261 ἀλλὰ
1115 3207 1209 3261 καὶ
1241 3209 1354 3272 τοῖς
1380 3207 1662 3279 ἀνδράσιν.

91 3298 140 3349 0i
164 3297 216 3349 δὲ
248 3300 368 3359 τοῖς
393 3295 489 3350 τοῦ
529 3297 647 3366 βίου
690 3297 881 3350 τούτου
944 3296 1262 3368 νομοθέταις
1301 3297 1663 3370 προσέχοντες

88 3387 369 3440 ἀνεύθυνον
416 3385 810 3440 καταλείπουσι
855 3389 955 3458 τῆς
999 3388 1256 3459 πορνείας
1293 3390 1406 3452 τοῖς
1436 3389 1662 3460 ἀνδράσι

89 3478 172 3548 τὴν
199 3480 484 3544 ἐξουσίαν,
512 3478 699 3551 βαρεῖς
725 3477 822 3550 μέν
853 3481 990 3532 εἰσιν
1017 3479 1204 3551 κριταὶ
1236 3480 1330 3534 καὶ
1355 3479 1662 3534 διδάσκαλοι

89 3568 173 3637 τῆς
199 3570 315 3622 τῶν
343 3569 623 3637 γυναικῶν
650 3569 1000 3641 σεμνότητος·
1039 3571 1088 3622 oi
1115 3569 1160 3623 δ’
1191 3570 1248 3622 ὲν
1275 3569 1489 3634 πολλοῖς
1516 3571 1663 3624 ἀναί-

91 3657 171 3729 δην
199 3661 592 3730 ὲπιμαίνοντες
625 3659 894 3731 σώμασιν,
941 3660 1115 3714 ἄλλων
1164 3661 1360 3732 ίατροὶ,
1388 3661 1530 3715 κατὰ
1563 3661 1661 3734 τὴν

92 3754 401 3825 παροιμίαν,
424 3754 641 3825 μυρίοις
672 3753 925 3825 βρύοντες
949 3753 1185 3810 ἕλκεσιν.
1213 3754 1331 3808 Κάν
1355 3772 1440 3818 τις
1483 3757 1661 3810 αὐτῶν

93 3841 171 3895 ira
196 3847 325 3908 ταῖς
365 3844 771 3916 πλημμελείαις
812 3843 1037 3908 ταύταις
1083 3843 1426 3916 καθάψηται,
1457 3862 1661 3916 κεκομ-

92 3935 357 4007 ψευμένην
386 3938 485 3990 καὶ
514 3936 816 4000 παίζουσαν
844 3935 1142 4005 ἀπολογίαν
1181 3937 1552 4008 προΐσχονται.
1597 3937 1660 3992 Οἱ

96 4027 178 4095 μὲν
215 4027 335 4098 γὰρ
385 4026 616 4098 ἄνδρες,
659 4027 821 4094 φασὶ,
850 4025 952 4080 κᾶν
995 4026 1137 4080 πάνυ
1181 4025 1400 4090 πολλαῖς
1449 4026 1662 4096 γυναιξὶ

94 4117 456 4188 πλησιάσωσιν
483 4158 499 4184 ,
546 4118 701 4171 οὐδὲν
746 4119 814 4188 τῇ
859 4117 1016 4188 ἑστίᾳ
1060 4115 1446 4187 λυμαίνονταιο
1498 4118 1553 4170 αἱ
1604 4114 1662 4171 δὲ

93 4213 372 4274 γυναῖκες,
419 4208 479 4273 ἐξ
525 4202 600 4262 ὧν
645 4209 1020 4279 ἁμαρτάνουσι
1040 4247 1055 4270 ,
1107 4207 1480 4280 κληρονόμους
1509 4209 1663 4263 ἀλλο-

95 4299 257 4368 spius;
303 4303 423 4364 ταῖς
467 4300 669 4364 οἰκίαις
715 4301 810 4352 καὶ
848 4302 958 4364 τοῖς
1005 4299 1217 4368 γένεσιν
1257 4300 1656 4369 ἐπεισάγουσιν.

1767 1830 1991 1884 exitium
2021 1831 2179 1886 domo
2221 1834 2478 1904 exigenti.
2525 1836 2658 1893 Nam
2697 1854 2818 1894 cum
2853 1841 3049 1912 duplici
3091 1844 3197 1901 [ine
3228 1862 3346 1901 ma-

1766 1923 2019 1978 trimonia
2059 1927 2469 1993 contrahantur,
2503 1929 2887 1988 benevolentia:
2922 1949 2985 1990 ac
3025 1938 3346 2006 quaerendo-

1767 2031 1888 2070 rum
1938 2015 2254 2084 liberorum,
2309 2029 2557 2077 neutrum
2616 2025 2669 2079 in
2724 2027 2988 2085 adulterio
3043 2029 3342 2090 obtinetur.

1768 2107 1879 2163 Nec
1901 2109 2044 2164 enim
2076 2109 2290 2165 aﬂectui
2320 2111 2491 2180 locus,
2516 2114 2603 2169 ttbi
2640 2116 2692 2170 in
2735 2117 2965 2174 alterum
3005 2120 3219 2177 animus
3253 2123 3342 2177 in-

1765 2197 1972 2265 clinat;
2007 2214 2071 2255 ac
2100 2200 2302 2257 sobolis
2331 2216 2490 2258 omne
2513 2205 2678 2260 decus
2704 2217 2760 2261 et
2781 2209 2951 2276 gratia
2977 2210 3136 2278 perit,
3169 2224 3345 2280 quan-

1769 2287 1838 2344 do
1870 2287 2024 2344 liberi
2064 2291 2492 2348 confunduntur.
2541 2295 2647 2349 Sed
2674 2311 2793 2366 quae
2847 2299 3119 2367 pertinent
3145 2301 3210 2354 ad
3241 2300 3346 2355 hoc

1768 2388 2073 2449 peccatum,
2106 2380 2160 2435 in
2215 2381 2319 2436 alia
2374 2383 2506 2439 satis
2557 2385 2853 2453 qumstione
2900 2384 3134 2443 tractata
3191 2397 3341 2446 sunt.

1767 2471 2034 2527 Caeterum
2075 2482 2304 2546 utraque
2352 2477 2482 2531 mihi
2524 2491 2649 2545 pars
2676 2479 2980 2534 castitatem
3031 2480 3168 2546 cole,
3199 2485 3344 2552 quod

1769 2573 1852 2619 est
1892 2565 2266 2622 indissolubile
2314 2569 2640 2624 matrimonii
2681 2571 2974 2626 vinculum.
3029 2572 3132 2630 Ubi
3197 2575 3342 2630 enim

1769 2655 1886 2711 hac
1913 2656 2131 2724 colitur,
2162 2658 2268 2712 illic
2318 2673 2544 2716 necesse
2570 2672 2648 2716 est
2689 2661 2864 2716 locum
2912 2663 3108 2718 habeat
3153 2678 3252 2735 pax
3279 2679 3346 2720 ae

1769 2749 2094 2806 desiderium
2128 2767 2142 2806 :
2170 2752 2388 2822 quando
2419 2767 2552 2822 vaga
2590 2752 2731 2807 nulla
2765 2768 2831 2809 ac
2861 2757 3044 2826 spuria
3074 2757 3344 2828 cupiditas

1771 2840 2051 2914 instigans,
2072 2841 2280 2914 justum
2307 2842 2711 2915 legitimumque
2737 2859 2979 2902 amorem
3003 2848 3270 2904 extrudit.

1846 3106 1971 3163 Haec
2017 3122 2179 3177 porro
2219 3109 2563 3166 continentiae
2624 3110 2706 3165 lex
2783 3125 2888 3165 non
2945 3111 3162 3167 feminis
3225 3120 3345 3167 tan-

1773 3207 1911 3266 tum,
1941 3199 2039 3264 sed
2057 3201 2219 3254 etiam
2261 3201 2392 3256 viris
2420 3216 2449 3254 a
2476 3201 2582 3254 Deo
2617 3201 2722 3255 lata
2753 3210 2856 3255 cst.
2888 3201 2989 3270 Qui
3012 3215 3141 3258 vero
3173 3217 3345 3261 smcu-

1771 3289 1974 3344 laribus
2007 3288 2401 3362 legislatorihus
2445 3291 2558 3361 (54)
2610 3292 2972 3358 adhaerentes,
3003 3292 3228 3348 liberam
3259 3293 3344 3349 vi-

1772 3383 1847 3437 ris
1881 3382 2192 3437 libidinandi
2241 3382 2547 3437 facultatem
2590 3383 2925 3453 relinquunt,
2954 3399 3054 3440 nec
3085 3398 3197 3440 rem
3240 3385 3346 3441 crio

1770 3474 1899 3530 mini
1933 3475 2154 3539 ducunt,
2186 3475 2359 3528 severi
2404 3474 2620 3546 quidem
2663 3474 2873 3544 indices
2903 3484 3031 3530 sunt
3063 3486 3118 3532 et
3147 3475 3342 3532 arbitri

1768 3564 2037 3621 castitatis
2105 3565 2382 3621 muliebris
2410 3603 2427 3631 ,
2474 3565 2681 3635 ipsique
2739 3565 3085 3622 nihilominus
3131 3580 3343 3622 summa

1770 3657 2099 3727 impudentia
2131 3657 2184 3712 in
2229 3657 2396 3711 multa
2455 3657 2732 3713 insaniunt
2777 3671 3028 3727 corpora,
3088 3671 3154 3712 ac
3185 3656 3343 3728 juxta

1767 3749 2146 3820 proverbium,
2225 3749 2452 3804 aliorum
2520 3747 2717 3804 medici
2792 3747 3016 3803 inﬁnitis
3070 3749 3342 3805 ulceribus

1768 3851 1997 3900 scatent.
2042 3844 2098 3900 Si
2136 3843 2258 3914 quis
2298 3851 2479 3899 autem
2523 3843 2850 3915 ejuscemodi
2885 3842 3205 3914 flagitiorum
3255 3853 3342 3899 ta-

1767 3931 1847 3988 les
1881 3940 2089 4002 arguat,
2134 3931 2366 4002 lepidam
2405 3947 2470 3988 ac
2499 3932 2796 4002 jocularem
2839 3933 3210 3990 defensionem
3239 3933 3340 3988 ad-

1768 4023 1972 4079 hibent.
1999 4021 2136 4087 Viri,
2165 4024 2435 4096 inquiunt,
2469 4025 2679 4080 etiamsi
2709 4024 2777 4080 ad
2829 4025 2988 4097 longe
3031 4024 3212 4096 plures
3247 4039 3342 4082 ae-

1767 4116 2053 4182 cesserint,
2085 4117 2286 4172 nullum
2328 4117 2507 4173 domui
2551 4117 2878 4190 familiaque
2911 4117 3169 4174 damnum
3201 4118 3343 4176 infe-

1769 4217 1892 4259 runt
1917 4222 1932 4272 ;
1961 4214 2016 4261 at
2054 4207 2306 4262 mulieres
2324 4207 2410 4263 ubi
2441 4217 2685 4276 peccant,
2717 4221 2973 4265 externos
3009 4208 3252 4265 haeredes
3283 4210 3339 4266 in

1769 4299 1958 4353 domos
1994 4314 2058 4354 ac
2107 4299 2337 4355 familias
2387 4299 2669 4355 inducunt.
2717 4299 3187 4357 Verumaudiant
3229 4311 3341 4356 tam

105 4387 512 4445 ’Δκουσάτωσαν
552 4390 610 4444 δὲ
659 4392 707 4444 οἱ
752 4391 848 4462 τῆς
893 4390 1207 4462 ἐμπλήκτου
1233 4390 1458 4465 γνώμης
1505 4411 1658 4463 σοφι-

1770 4391 1978 4447 stolidae
2011 4391 2292 4448 sententia:
2330 4391 2472 4447 acuti
2526 4389 2856 4459 inventores,
2891 4405 2955 4447 ac
2995 4385 3210 4447 discant
3241 4405 3342 4463 per

97 4483 200 4535 σταὶ
244 4485 345 4538 καὶ
393 4483 656 4554 εὑρεταὶ,
686 4483 768 4534 ὃτι
814 4483 909 4535 καὶ
957 4481 1110 4535 αὐτοὶ
1137 4482 1302 4554 ἄλλας
1338 4483 1524 4548 ἑστίας
1563 4484 1660 4539 καὶ

95 4573 249 4638 οἰκίας
278 4573 705 4644 ἀνατρέπουσιν.
735 4573 800 4624 Ai
827 4571 936 4644 γὰρ
960 4572 1242 4641 γυναῖκες,
1277 4570 1366 4637 αἷς
1388 4574 1658 4645 ὁμιλοῦσι,

98 4664 295 4728 πάντως
335 4665 508 4720 τινῶν
537 4665 676 4718 εἰσιν
719 4665 752 4737 ἢ
807 4664 1126 4736 θυγατέρες,
1169 4665 1202 4737 ἢ
1246 4668 1512 4738 γαμεταίσ
1561 4670 1656 4723 καὶ

97 4763 235 4814 παντὶ
279 4761 475 4832 τρόπῳ
522 4758 879 4832 εὑρεθήσεται
942 4760 975 4829 ἥ
1023 4759 1199 4831 γάμος
1247 4761 1660 4835 ἐπιϐουλευόμε-

98 4866 188 4915 νος,
212 4854 247 4924 ἦ
280 4853 479 4922 γονεὺς
514 4851 897 4922 ἀδικούμενος,
928 4852 989 4917 ὃς
1020 4839 1379 4926 ἐγεννήσατο,
1427 4858 1522 4910 καὶ
1575 4856 1662 4923 ἐξ·

98 4938 291 5016 ἔθρεψε,
324 4944 422 4998 καὶ
443 4943 710 5016 παρθένον
738 4943 879 5008 ἕξειν
907 4945 1002 4998 ἐπὶ
1035 4945 1280 5000 παστάδα
1305 4947 1399 5009 καὶ
1425 4946 1664 5020 θάλαμον

185 5077 229 5110 ⁸³
269 5077 406 5148 Leg.
466 5073 828 5146 ὲκὸαλούσης.

155 5212 259 5282 (ΞΔ)
291 5210 657 5268 Sa'cufaribus
710 5210 1109 5281 legislaloribus.
1159 5211 1394 5281 Legibus
1454 5213 1655 5269 Roma-

103 5281 188 5344 uis,
208 5295 265 5336 ut
286 5282 452 5352 paulo
490 5291 610 5350 post
643 5282 843 5352 subdit.
889 5283 999 5337 Hoc
1047 5284 1174 5337 item
1209 5285 1381 5337 virum
1419 5283 1558 5338 inter
1587 5301 1651 5339 ac

103 5351 304 5406 usoreui
361 5354 598 5405 humana
645 5351 763 5422 lege
809 5353 1096 5422 discrimen
1145 5353 1196 5407 in
1239 5353 1383 5407 hunc
1436 5358 1652 5408 modum

104 5423 331 5494 exprimit
359 5422 811 5494 Qbrysost.'_libr.
847 5421 930 5494 De
973 5423 1200 5494 uirgiuit.
1240 5439 1291 5478 c.
1331 5421 1444 5477 5‘2:
1486 5425 1654 5494 Ὅταν

163 5490 348 5563 ἀληθὲς
379 5491 439 5543 ὃν
465 5488 603 5562 τύχῃ
637 5490 699 5564 τρ
735 5489 924 5564 δεινὸν,
955 5488 1185 5564 τὴν’μὲν
1218 5495 1449 5564 γυναῖκα
1483 5493 1656 5564 οὐδεὶς

105 5558 448 5643 ἐξαιρήσεται.
463 5558 714 5643 caveas.
736 5558 1065 5643 ἠδικημένου
1087 5558 1332 5643 χειρῷνς
1373 5563 1488 5617 ἀλλ’
1516 5562 1655 5643 ἔχων

106 5581 429 5643 ιςαιρτσετιι
463 5581 572 5614 των
607 5581 702 5614 του
736 5581 1065 5632 ηοικημενου
1137 5581 1332 5634 ειρων’
1373 5581 1486 5617 αλλ’
1516 5581 1655 5631 εχων

106 5633 229 5706 capp
252 5605 584 5706 ᾖοηθοῦντας
633 5631 764 5706 τοὺς
808 5632 1039 5706 νόμους,
1061 5581 1160 5706 τήν
1209 5633 1464 5706 ἁπάντων
1510 5631 1657 5706 αύτιξ)

108 5699 444 5773 summa;
468 5701 824 5771 δικαστήριον
869 5699 1504 5775 ἆγαγὼνίκατέσφαξεΨ
1539 5704 1567 5756 ὁ
1600 5699 1657 5756 δὲ

1768 4483 1913 4554 ipsos
1943 4499 2158 4554 quoque
2185 4484 2390 4540 alienas
2437 4485 2625 4540 domos
2668 4485 2858 4541 everti.
2912 4482 3047 4539 Nam
3097 4483 3335 4547 feminae,

1765 4575 2084 4645 quibuscum
2140 4577 2583 4632 consuetudinem
2633 4577 2857 4643 habent,
2903 4576 3204 4644 aliquorum
3248 4573 3338 4628 vel

1767 4668 1890 4723 lilia:
1923 4667 2004 4723 vel
2039 4683 2233 4724 uxores
2256 4669 2474 4722 omnino
2498 4677 2657 4734 sunt;
2687 4678 2742 4723 et
2777 4667 3084 4722 invenietur
3107 4672 3200 4720 aut
3225 4677 3342 4719 ma-

1767 4759 2076 4814 trimonium
2111 4759 2321 4814 insidiis
2352 4758 2598 4829 petitum,
2630 4767 2722 4813 aut
2768 4765 2920 4829 pater
2963 4754 3160 4826 injuria
3197 4750 3338 4808 affe-

1766 4854 2053 4925 ctus;.qui
2090 4862 2372 4923 postquam
2411 4860 2745 4922 susceperat,
2781 4851 3130 4912 educaverat,
3163 4845 3336 4917 virgi-

1773 4961 2004 5018 nemque
2053 4947 2435 5018 perducturum
2501 4943 2565 4998 ad
2626 4941 2923 4997 thalamum
2992 4946 3329 5010 speraverat,

1761 5219 1901 5291 άνῆρ
1946 5219 2044 5291 sip:
2072 5218 2178 5291 μὲν
2218 5215 2324 5291 ἀπὸ
2356 5213 2464 5291 τῶν
2501 5212 2682 5291 νέμων
2711 5211 3011 5291 ,διαφεύγει
3043 5211 3334 5291 τιμωρίαν,

1761 5235 1900 5291 ανηο
1946 5235 2044 5290 την
2121 5235 2178 5272 εν
2218 5235 2324 5269 am
2356 5235 2464 5266 των
2501 5235 2682 5292 νρμων
2711 5235 3011 5292 ὀιαφευτει
3043 5235 3188 5283 τιμω
3228 5235 3330 5276 ιαν,

1761 5291 1828 5364 τῇ
1860 5273 1918 5342 δὲ
1951 5235 2156 5344 ἄνωθέν
2185 5287 2282 5364 καὶ
2321 5287 2398 5364 ,τῇ
2453 5301 2551 5364 του
2604 5281 2738 5336 Θεου
2789 5283 3085 5364 τετήρηται
3133 5235 3330 5354 ψήφῳ·

1758 5351 1928 5414 Ρόηο
1951 5367 2124 5412 autem
2150 5358 2196 5411 si
2225 5351 2425 5410 malum
2470 5353 2566 5406 hoc
2605 5369 2781 5406 verum
2810 5351 3098 5416 sit,"talem
3119 5351 3336 5407 stantem

1761 5444 1910 5483 nemo
1947 5443 1974 5482 ε
2005 5427 2117 5483 [cesi
2147 5426 2389 5490 manibus
2415 5423 2633 5494 eripiat,
2667 5424 2794 5492 quin
2836 5422 2973 5494 leges
3015 5421 3334 5494 opitttlantes

1760 5509 1971 5562 nactus,
2007 5497 2238 5551 omnium
2273 5495 2374 5548 sibi
2410 5492 2781 5548 charissimam
2820 5492 2902 5547 ἔπ’
2921 5493 3203 5562 Ῐαάίσίιιηι
3233 5493 3336 5545 ad-

1759 5561 1968 5622 ductam
2012 5565 2233 5620 trucidet
2262 5578 2282 5616 :
2310 5574 2555 5618 ceterum
2587 5562 2666 5616 vir
2695 5562 2865 5632 legum
2898 5561 3078 5632 partas
3130 5561 3333 5633 effugit,

1761 5653 2000 5709 superna
2030 5653 2093 5691 ac
2124 5636 2313 5692 divina:
2343 5633 2615 5690 sententia:
2645 5643 2902 5691 servatus.
