3820 6306
466 376 573 432 243
1738 379 1796 434 Β.
1837 377 2041 434 ASTEI

2153 375 2290 432 ΑΜΔ
2298 375 2451 432 8ΕΝ1
3634 369 3780 424 244

469 491 680 549 calculo
701 495 1024 551 sententiam
1061 510 1340 554 revocans.
1385 493 1629 553 Audistis
1667 497 1812 552 enim
1841 496 2036 551 recita-

2153 491 2578 564 ἱναγνὼσματος,
2626 492 2720 545 καὶ
2746 489 2822 561 τῷ
2871 488 3107 564 θαύματι
3156 489 3370 550 πάντως
3415 485 3775 557 κατέχεσθε

469 591 580 638 tam
639 585 799 640 modo
847 583 1166 651 lectionem,
1213 587 1540 657 omninoque
1591 587 1668 642 rei
1718 586 2035 642 miraculum

2153 583 2235 656 τὴν
2279 584 2476 655 ψυχήν.
2507 581 2678 651 Κάγὼ
2727 581 2782 636 δὲ
2811 580 2880 634 τὰ
2904 581 3012 633 τῶν
3053 579 3226 634 ἄλλων
3269 578 3486 649 βιϐλίων
3531 580 3771 648 ἀφεὶς,

469 688 761 744 suspensos
787 677 969 753 animo
998 687 1162 734 tenet.
1203 678 1313 749 Ego
1339 693 1551 749 quoque
1581 678 1649 733 iis
1678 676 1892 733 omissis
1919 691 2038 746 qua:

2153 678 2237 730 Ξσα
2263 677 2312 729 οἱ
2334 675 2536 746 ψαλμοὶ
2573 675 2705 746 ἡμῖν
2749 671 3043 742 ὲπωφελῶς
3078 669 3195 741 μεθ’
3221 670 3411 741 ἡδονῆς
3436 670 3775 741 ἐμελῴδη-

471 765 595 822 libri
627 767 717 824 alii
745 767 966 837 habent,
1000 771 1044 825 si
1078 786 1180 840 qua
1214 772 1371 826 nobis
1411 771 1602 842 psalmi
1631 769 1916 838 conjuncta
1941 784 2032 824 vo-

2153 783 2262 829 rav,
2287 767 2387 820 ὅσα
2418 764 2832 820 συνεεούλευσεν
2864 764 2892 816 ὁ
2935 761 3284 824 Ἀπόστολος,
3326 762 3424 814 ὅσα
3461 761 3772 813 δεσποτι-

469 855 680 928 luptate
725 860 929 915 utiliter
983 861 1239 916 modulati
1299 871 1452 928 sunt;
1505 861 1550 916 si
1605 876 1709 931 qua
1753 859 2038 930 Apostolus

2153 856 2249 921 ιῶς
2295 855 2684 927 ἐνομοθέτησεν
2733 854 2791 907 ὲν
2843 854 2956 916 τοῖς
3006 851 3356 919 Εὑαγγελίοις
3401 853 3430 904 ὁ
3481 848 3770 920 Κύριος,

475 946 706 1002 consilio
733 949 1034 1019 suggessit;
1070 949 1113 1004 si
1141 966 1244 1020 qua
1280 948 1538 1005 Dominus
1576 964 1672 1020 pro
1697 950 2036 1019 potestatein

469 1035 777 1108 Evangeliis
809 1041 1010 1106 sanxit,
1042 1043 1165 1097 huic
1194 1043 1531 1111 potissimum
1580 1042 1876 1096 narrationi
1915 1041 2038 1097 ani-

470 1144 617 1184 mum
651 1130 841 1201 adieci.
873 1130 1042 1188 Video
1091 1149 1323 1204 namque
1366 1133 1628 1203 duplicent
1669 1132 2036 1190 commendari

468 1220 826 1291 iuventutem,
857 1223 1082 1280 alteram
1110 1227 1324 1296 quidem
1346 1226 1588 1288 ferendo.
1614 1227 1838 1281 alteram
1871 1225 2038 1280 susti-

471 1315 651 1370 nendo
670 1318 994 1372 sententiam
1027 1333 1042 1373 :
1085 1334 1147 1375 ac
1187 1319 1461 1374 Danielem
1509 1320 1762 1388 quidem,
1805 1333 1903 1388 pro
1932 1318 2038 1373 lata

469 1405 575 1460 rite
613 1408 878 1464 sententia
911 1409 1157 1481 plausum
1188 1411 1388 1469 habere
1418 1426 1482 1468 ac
1513 1411 1992 1483 aggratulationem
2018 1427 2034 1479 ;

477 1495 780 1554 Susannam
813 1515 962 1570 vero,
998 1519 1095 1576 pro
1121 1504 1346 1560 victoria
1379 1505 1645 1561 castitatis
1676 1505 1922 1560 obtinere
1952 1518 2040 1558 co-

476 1601 690 1644 ronam.
733 1589 926 1647 Venite
956 1593 1161 1664 itaque,
1201 1595 1292 1665 qui
1346 1594 1690 1664 pulchrorum
1732 1609 1796 1649 ac
1825 1594 2042 1649 virtutis

471 1689 716 1737 amantes
747 1681 910 1749 estis;
967 1684 1240 1753 antiquum
1291 1685 1418 1740 illud
1474 1686 1736 1741 memoria
1775 1685 2042 1741 instaure-

471 1785 592 1826 mus
631 1771 915 1842 judicium.
961 1772 1141 1830 Veteri
1169 1776 1441 1842 castitate,
1475 1791 1663 1831 novam
1708 1777 1761 1830 iu
1791 1777 2038 1846 prmsenti

2136 949 2304 1023 ταύτῃ
2331 947 2690 1020 προσεκλίθην
2711 949 2779 1016 τῇ
2811 944 3038 1017 ἱστορίᾳ.
3083 943 3298 1015 Ἐπειδὴ
3323 943 3414 996 δύο
3448 942 3768 1014 νεότητας

2139 1039 2322 1110 βλέπω
2352 1038 2762 1110 εὐδοκιμούσας,
2793 1038 2894 1108 τὴν
2918 1037 3016 1107 μὲν
3041 1039 3099 1090 ὲν
3123 1035 3202 1107 τῷ
3233 1035 3491 1099 δικάζειν,
3521 1033 3643 1104 τὴν
3692 1031 3766 1084 δὲ

2139 1133 2197 1185 ὲν
2227 1129 2305 1202 τῷ
2333 1129 2644 1203 κρίνεσθαι’
2679 1130 2774 1183 καῖ
2813 1129 2903 1182 τὸν
2939 1128 3036 1199 μὲν
3067 1127 3263 1199 Δανιὴλ
3327 1127 3417 1179 ἐπὶ
3451 1128 3583 1188 ταῖς
3619 1124 3767 1196 ψή-

2140 1246 2260 1299 φοις
2282 1226 2641 1300 κροτούμενον
2665 1243 2679 1256 ·
2711 1224 2998 1278 Σωσάνναν
3030 1223 3087 1276 δὲ
3133 1223 3226 1277 ἐπὶ
3256 1225 3319 1293 τῇ
3356 1221 3480 1294 νίκῃ
3511 1237 3761 1289 aesqu-

2138 1319 2402 1390 νουμένην
2430 1319 2529 1388 τῆς
2552 1315 2922 1388 σωφροσύνης.
2955 1314 3118 1367 Δεῦτε
3142 1312 3342 1377 τοίνυν,
3377 1313 3424 1364 εί
3461 1311 3653 1372 δοκεῖ,
3698 1311 3760 1362 οἱ

2138 1410 2246 1463 τῶν
2273 1409 2452 1462 καλῶν
2487 1407 2714 1478 ἐρασταὶ
2745 1407 2841 1460 καὶ
2867 1406 2964 1476 τῆς
3001 1404 3236 1475 ἀρετῆς,
3269 1399 3759 1471 ἀνανεωσὼμεϐα

2140 1501 2241 1572 τὴν
2273 1499 2505 1554 παλαιὰν
2560 1498 2738 1570 κρίσιν
2771 1501 2838 1568 τῇ
2885 1499 3072 1568 μνήμῃ
3093 1512 3106 1527 ο
3150 1495 3352 1566 ἀρχαίᾳ
3385 1491 3756 1564 σωφροσύνῃ

2139 1593 2236 1665 τήν
2260 1592 2554 1656 νεάζουσαν
2587 1592 2678 1644 ἐπὶ
2699 1589 2793 1643 τοῦ
2827 1589 3091 1661 παρόντος
3131 1586 3422 1642 ἀκολασίαν
3465 1585 3758 1654 ἐκκόψων

2145 1701 2260 1755 μεν,
2291 1681 2733 1754 στηλιτεύσαντες
2757 1682 2932 1753 γῆρας
2956 1679 3331 1752 μειρακιῶδες,
3360 1678 3452 1731 καὶ
3482 1677 3755 1748 νεότητα,

2144 1773 2556 1844 πεπολιωμένην
2617 1773 3015 1844 θαυμάσαντες.
3066 1767 3137 1823 Ὦ
3193 1769 3489 1842 πρεσϐύται
3523 1766 3750 1838 μιαροὶ

470 1861 849 1919 exscindamus
873 1864 1343 1933 incontinentiam,
1372 1868 1717 1940 traducentes
1745 1865 2035 1935 iuvenilem

2153 1866 2234 1919 καὶ
2266 1867 2525 1936 ἄρχοντες
2551 1865 2642 1918 τοῦ
2684 1865 2837 1930 λαοῦ,
2879 1864 3085 1935 μυρίων
3111 1861 3471 1930 παιδαγωγῶν
3503 1862 3586 1923 είς
3627 1861 3750 1912 ἑπ-

471 1961 838 2021 senectutem,
893 1971 956 2012 ac
1003 1971 1192 2012 canam
1231 1957 1556 2014 admirantes
1593 1957 1953 2026 iuventutem.
1993 1955 2036 2012 0

2153 1956 2437 2029 ινόρθωσιν
2479 1955 2789 2027 χρῄζοντες,
2817 1956 3008 2025 γάμων
3059 1955 3206 2024 νόμῳ
3231 1950 3747 2040 ζευχθέντωνηὲπί-

468 2042 683 2100 scelesti
721 2058 879 2100 senes
931 2061 996 2101 ac
1046 2045 1224 2116 populi
1260 2044 1553 2116 principes,
1599 2049 1914 2102 innumeros
1968 2046 2038 2101 ad

2153 2044 2338 2110 ioulm,
2369 2045 2716 2116 σωφροσύνης
2741 2044 3068 2115 ἐνεδρευταὶ,
3097 2039 3500 2114 μηχανορῤάφοι
3520 2039 3742 2103 δόλων,

469 2135 900 2191 emendationem
964 2136 1301 2192 necessarios
1361 2136 1620 2191 habentes
1676 2138 2034 2208 pmdagogos,

469 2221 707 2294 legitimo
739 2223 943 2280 findere
967 2225 1276 2291 iunctarum
1317 2229 1622 2296 nuptiarum
1653 2228 1992 2284 insidiatores
2017 2233 2088 2295 ,δ

469 2313 690 2383 maligni
709 2317 976 2372 castitatis
1006 2331 1278 2388 aucupes,
1308 2319 1534 2374 subtiles
1557 2321 1800 2374 dolorum
1829 2321 2037 2377 iustrn-
2065 2313 2072 2318 ’

466 2412 684 2471 stores,
731 2405 1016 2462 calumniae
1065 2408 1300 2478 prompti
1343 2409 1686 2464 inventores!
1734 2409 2036 2465 Scortatio-

470 2509 594 2551 ucm
634 2494 898 2553 labiorum
937 2507 1093 2554 tenus
1129 2499 1422 2561 damnatis.
1469 2507 1524 2555 et
1561 2499 1840 2556 adornatis
1885 2501 2039 2557 adul-

468 2585 662 2641 terium
689 2604 711 2643 εν
741 2587 970 2644 aliorum
1011 2588 1222 2654 medici,
1258 2588 1506 2658 plenique
1549 2590 1648 2660 ipsi
1692 2595 1881 2647 morbo
1911 2609 2039 2650 :se-

467 2673 658 2746 pulcra
692 2675 964 2743 dealbata,
995 2675 1140 2732 intus
1181 2677 1520 2732 immunditia
1567 2679 1762 2749 plena,
1813 2692 2038 2739 externa

465 2781 600 2824 vero
627 2766 916 2838 superficie
945 2777 1134 2824 ornata
1165 2769 1254 2825 ἰε
1290 2772 1570 2840 sublimes,
1620 2787 1684 2829 ac
1711 2775 1764 2828 in
1796 2773 2038 2842 iudicum

465 2858 690 2914 sedibus
740 2858 1115 2930 prmidmtes,
1169 2871 1406 2932 tumque,
1439 2879 1562 2918 cum
1609 2869 1837 2921 scortari
1869 2867 2041 2922 volui—

463 2947 590 3016 stis,
623 2946 770 3003 inter
799 2949 1146 3004 arbustorum
1179 2951 1344 3008 densa
1395 2952 1721 3009 ac‘dumeta
1770 2954 2039 3025 adrepen-

468 3047 572 3094 tes.
601 3037 742 3096 Risit
769 3054 892 3096 cum
921 3041 1128 3099 videret
1177 3045 1681 3114 przevaricalionum
1715 3046 1930 3115 doctor,
1976 3061 2040 3103 ac

466 3129 737 3186 malorum
787 3131 1152 3201 consiliarius,
1212 3146 1270 3192 ut
1301 3136 1574 3207 principes
1604 3138 1814 3208 populi,
1847 3147 1906 3193 ut
1937 3138 2037 3194 viri

2140 2137 2502 2206 συκοφαντίας
2529 2139 2716 2206 ταχεῖς
2741 2135 2996 2209 εύρεταίί
3039 2135 3221 2204 Ὑμεῖς
3255 2129 3351 2204 ἦτε
3373 2134 3420 2185 οἱ
3451 2131 3552 2202 τὴν
3584 2147 3745 2197 πορ-

2138 2227 2285 2281 νείαν
2314 2231 2425 2292 τοῖς
2447 2227 2647 2298 χείλεσι
2676 2228 2969 2299 κρίνοντες,
2991 2227 3084 2280 καὶ
3111 2226 3213 2295 τὴν
3246 2222 3743 2302 μοιχείανθκάζον-

2119 2257 2262 2373 Κἰεςο
2296 2320 2345 2372 οί
2383 2319 2492 2372 τῶν
2528 2317 2700 2373 ἄλλων
2743 2319 2935 2373 ίατοοὶ.
2971 2317 3063 2371 καὶ
3094 2316 3193 2373 τῆς
3218 2316 3372 2370 νόσου
3411 2307 3701 2373 γέμοντες
3722 2329 3737 2342 ⁸

2173 2336 2262 2383 εςο
2296 2320 2345 2372 οί
2383 2319 2492 2372 τῶν
2528 2317 2700 2374 ἄλλων
2743 2319 2935 2390 ἰατροὶ,
2971 2317 3063 2371 καὶ
3094 2316 3193 2387 τῆς
3218 2316 3372 2370 νόσου
3411 2307 3701 2384 γέμοντες
3722 2329 3737 2342 '

2137 2411 2187 2464 oi
2231 2409 2641 2480 κεκονιασμένοι
2677 2409 2858 2479 τάφοι,
2905 2409 3054 2462 ἔνδον
3095 2407 3196 2478 τῆς
3242 2405 3584 2476 ἀκαθαρσίας
3625 2421 3740 2457 πε-

2137 2500 2454 2573 πλησμένοι,
2489 2501 2577 2554 καὶ
2624 2500 2721 2572 τήν
2750 2499 2946 2564 ἔξωθεν
2999 2499 3316 2570 ἐπιφάνειαν
3353 2495 3741 2560 καλλωπίζον-

2135 2610 2248 2657 τες.
2287 2595 2349 2646 Ol
2377 2593 2571 2664 ὑψηλοὶ
2595 2594 2688 2646 καὶ
2709 2594 2801 2645 ἐπὶ
2827 2593 2934 2646 τῶν
2978 2593 3181 2665 θρόνων
3230 2591 3336 2646 τῶν
3383 2588 3737 2644 δικαστικιῖη

2137 2682 2562 2754 προκαθήμενοι,
2594 2683 2682 2736 ὅτε
2711 2683 2768 2735 δὲ
2799 2683 3205 2738 ἀκολασταίνειν
3233 2681 3571 2755 προείλεσθε,
3603 2685 3740 2746 τοῖς

2137 2772 2346 2837 λασίοις
2403 2774 2510 2828 τῶν
2569 2774 2750 2844 φυτῶν
2781 2776 2876 2828 καὶ
2923 2778 3036 2840 τοῖς
3089 2776 3314 2847 θάμνοις
3372 2777 3732 2847 ὲνὲρποντες.

2153 2866 2403 2936 Ἐγελᾶτο
2427 2865 2636 2937 βλέπων
2667 2868 2810 2938 ὑμᾶς
2833 2871 2862 2922 ὁ
2891 2869 2998 2924 τῶν
3015 2870 3377 2942 παραϐάσεων
3396 2866 3732 2938 εἰσηγητὴς,

2138 2958 2235 3011 καὶ
2285 2957 2394 3011 τῶν
2445 2959 2628 3012 κακῶν
2665 2959 2984 3032 σύμϐουλος,
3021 2963 3168 3026 ὅπως
3199 2963 3249 3015 οί
3283 2963 3339 3014 ὲν
3383 2962 3593 3032 κορυφῇ
3624 2958 3733 3013 τοῦ

2138 3047 2289 3112 λαοῦ,
2312 3051 2361 3101 οί
2390 3049 2610 3118 λογάδες
2638 3051 2732 3104 καὶ
2757 3052 3019 3125 ἔκκριτοι,
3049 3054 3125 3117 ῶς
3148 3051 3468 3123 τοιχωρύχοι
3505 3049 3661 3113 τινὲς
3692 3050 3731 3121 ἢ

2140 3139 2334 3213 λῃσταὶ
2360 3143 2426 3214 τῇ
2451 3145 2522 3214 γῇ
2557 3145 2984 3217 προσεσύρεσθε,
3020 3145 3108 3200 ἵνα
3143 3143 3372 3216 βλέψητε
3410 3142 3538 3195 θέαν
3587 3142 3732 3195 ἀκό-

468 3234 726 3289 proceres
746 3236 810 3278 ac
829 3223 1046 3292 delecti,
1083 3239 1185 3282 ceu
1210 3206 1580 3296 sepulcrorum
1604 3206 1890 3286 edossores
1916 3231 2040 3301 qui-

2153 3206 2361 3286 ιαστονο
2566 3206 2679 3299 τοῖς
2735 3206 2980 3308 θάμνοις⁷
3015 3206 3414 3309 ὲνεκρύπτεσθε
3447 3235 3587 3288 κατά
3621 3235 3732 3299 τὰς

469 3313 594 3368 dam
628 3327 695 3370 ac
737 3313 997 3379 latrones,
1051 3317 1323 3386 impudico
1371 3319 1647 3376 recreandi
1692 3322 2037 3389 spectaculo,

467 3413 719 3460 ventrem
741 3407 1052 3476 traheretis,
1081 3409 1426 3480 vnlpiumquc
1450 3425 1600 3467 more
1643 3411 1930 3468 latitaretis
1960 3414 2043 3468 in-

469 3503 554 3549 ter
582 3493 832 3560 dumeta;
868 3511 989 3566 qua:
1019 3497 1272 3553 nimirum
1299 3513 1330 3553 e
1353 3500 1650 3557 nemorosis
1677 3515 1742 3557 ac
1770 3503 2040 3559 umbrosis

468 3581 624 3648 locis,
648 3585 962 3641 domesticis
991 3585 1312 3642 insidiantes
1331 3588 1542 3652 avibus,
1578 3589 1629 3643 in
1657 3605 1770 3654 eas,
1800 3591 1930 3645 dum
1953 3592 2042 3645 in-

469 3683 631 3728 caute
661 3686 959 3743 pascuntur
984 3675 1244 3752 insiliant.
1276 3675 1324 3732 0
1368 3677 1599 3732 similem
1644 3677 1718 3734 illi
1752 3679 2038 3747 malitiam,

469 3779 634 3833 quam
663 3765 1022 3821 humanorum
1044 3766 1129 3821 illa
1157 3767 1459 3823 animorum
1484 3769 1622 3834 lues,
1647 3786 1676 3824 a
1699 3771 1963 3842 principio
1988 3773 2041 3827 in

472 3858 638 3910 ﬁnem
663 3871 832 3926 usque
867 3857 1122 3912 molitur!
1152 3858 1207 3913 In
1242 3859 1400 3916 horto
1434 3861 1670 3931 printum
1716 3865 1919 3918 corruit
1947 3879 2042 3919 su—

471 3949 652 4005 blimis
675 3950 865 4017 horno;
889 3967 1032 4006 nunc
1060 3967 1275 4024 quoque
1300 3953 1353 4006 in
1379 3955 1555 4018 horto,
1576 3955 1675 4020 viri
1697 3972 1854 4014 senes
1877 3973 1906 4012 a
1931 3973 2047 4013 ser-

471 4052 640 4111 pente
663 4041 794 4108 acti,
840 4055 870 4096 a
909 4043 1080 4111 prima
1112 4042 1200 4098 illa
1253 4059 1318 4099 ac
1365 4045 1644 4116 principali
1697 4048 1863 4116 gloria
1894 4050 2043 4105 exci-

473 4132 634 4197 dunt;
681 4131 884 4200 quique
930 4131 1144 4200 jutlices
1191 4144 1384 4200 erant,
1440 4134 1750 4206 prarjudicrio
1803 4140 2044 4196 damnati

475 4219 632 4286 ﬁunt,
681 4221 842 4276 alieni
893 4237 923 4276 a
964 4223 1093 4287 vita,
1131 4239 1194 4280 ac
1226 4227 1460 4294 operarii
1514 4230 1743 4298 peccati.
1777 4228 2044 4287 Caeterum

474 4311 579 4368 hoc
613 4313 932 4376 certamine,
965 4314 1094 4370 vicit
1130 4315 1347 4384 quidem
1394 4317 1559 4384 viros,
1596 4319 1834 4376 victoriae
1863 4332 2044 4376 autem

473 4400 711 4472 palmam
746 4403 1016 4458 concessit
1040 4403 1276 4470 feminae,
1304 4421 1410 4462 nec
1431 4407 1617 4476 primae
1648 4409 1882 4464 hominis
1911 4410 2046 4464 levi-

475 4503 644 4548 tatem
684 4493 848 4558 illam,
875 4493 928 4548 in
956 4493 1244 4566 Babylonis
1278 4495 1678 4552 adulescentula
1710 4498 1934 4554 invenit.
1965 4500 2042 4555 Ac

474 4587 672 4641 merito
705 4586 846 4642 dicat
879 4587 1096 4656 aliquis,
1120 4587 1533 4658 haudquaquam
1562 4588 1889 4660 Babylonem
1913 4607 2045 4646 con-

476 4677 742 4733 fusionem
779 4685 998 4748 propter
1027 4676 1328 4734 Susannnm
1359 4694 1502 4745 esse,
1541 4681 1634 4736 sed
1671 4682 2040 4736 mandatorum

2139 3320 2448 3389 ἀλώπεκας,
2476 3324 2532 3376 αἶ
2566 3324 2672 3378 ἀπὸ
2703 3325 2814 3379 τῶν
2853 3325 3145 3396 συμφύτων
3195 3324 3292 3380 καὶ
3330 3323 3592 3376 ὲπισκίων
3633 3323 3733 3378 τό·

2142 3429 2259 3465 πων
2285 3413 2385 3476 τὰς
2431 3417 2795 3481 κατοικιδίους
2827 3417 3198 3490 ἐνεδρεύουσιν
3221 3416 3461 3489 ὄρνιθας,
3495 3414 3592 3468 καὶ
3635 3433 3731 3470 νε-

2143 3502 2407 3575 μομέναις
2430 3505 2753 3577 ἀπροόπτως
2773 3508 3130 3580 ἐπιπηδῶσιν.
3157 3509 3219 3560 Ὦ
3239 3508 3334 3578 τῆς
3361 3506 3730 3578 ὁμοιοτρόπου

2142 3595 2362 3659 κακίας,
2401 3596 2469 3667 ήν
2519 3599 2548 3651 ὁ
2601 3599 2708 3652 τῶν
2767 3598 3123 3671 ἀνθρωπίνων
3161 3599 3348 3670 ψυχῶν
3396 3598 3728 3670 ὀλοθρευτὴς

2141 3685 2398 3757 ἀπαρχῆς
2447 3689 2528 3752 είς
2579 3689 2730 3752 τέλος
2779 3689 3125 3761 ὲπιτηδεύειί
3179 3692 3267 3746 Ἐν
3304 3689 3612 3761 παραδείσῳ
3663 3689 3730 3743 τὺ

2145 3777 2361 3849 πρῶτον
2389 3779 2482 3832 τοῦ
2509 3780 2712 3852 ὑψηλοῦ
2745 3781 3032 3854 ἀνθρώπου
3067 3782 3290 3854 πτῶμα,
3318 3784 3377 3836 ὲν
3407 3781 3727 3854 παραδείσῳ

2145 3869 2240 3923 καὶ
2270 3869 2363 3924 νῦν
2386 3872 2433 3924 οί
2468 3873 2718 3944 γέροντες
2751 3874 2902 3947 παρά
2945 3874 3039 3929 τοῦ
3091 3876 3267 3945 ὄφεως
3316 3875 3724 3947 ἐνεργούμενοι,

2143 3957 2242 4027 τῆς
2285 3958 2520 4031 ἀρχικῆς
2568 3961 2726 4032 δόξης
2768 3962 3128 4026 ἐκπίπτουσι,
3163 3961 3399 4030 γίνονται
3457 3960 3544 4024 δὲ,
3596 3961 3725 4014 ἀντι

2145 4050 2367 4120 κριτῶν,
2399 4053 2933 4125 καταδεδικασμένοι,
2971 4054 3070 4124 τῆς
3101 4053 3247 4124 ζωῆς
3286 4053 3570 4124 ἀλλότριοι,
3621 4054 3723 4108 καὶ

2143 4139 2243 4208 τῆς
2271 4142 2546 4214 ἁμαρτίας
2575 4143 2824 4217 ἐργάται.
2889 4145 3028 4198 Ἀλλ’
3081 4144 3312 4198 ἐνταῦθα
3359 4145 3456 4214 μὲν
3507 4143 3722 4214 ἀνδρῶν

2146 4232 2437 4304 ἐκράτησε,
2471 4236 2569 4306 τῆς
2619 4236 2675 4288 δὲ
2707 4237 2965 4305 γυναικὸς
3003 4235 3233 4308 ήττήθη,
3284 4236 3467 4290 καὶτὸ
3517 4236 3721 4306 κοῦφον

2144 4323 2243 4394 τῆς
2273 4323 2493 4395 πρώτης
2519 4325 2807 4397 ἀνθρώπου
2853 4329 2945 4382 ἐπὶ
2975 4328 3073 4399 τῆς
3097 4329 3439 4390 Βαὸυλωνίας
3469 4328 3566 4397 οὐχ
3590 4323 3719 4399 εὗρε

2146 4414 2400 4480 νεάνιδος.
2430 4416 2536 4471 Καὶ
2565 4419 2745 4484 καλῶς
2775 4419 2840 4472 ἂν
2871 4421 3012 4474 εἴποι
3034 4439 3137 4487 τις,
3163 4422 3238 4482 ὡς
3267 4422 3367 4474 οὐκ
3398 4419 3510 4473 ἔστι
3540 4419 3718 4474 Βαϐυ-

2146 4502 2252 4557 λὼν
2283 4506 2540 4576 σύγχυσις
2568 4509 2655 4562 διὰ
2684 4509 2990 4577 Σωσάνναν,
3029 4510 3166 4564 ἀλλά
3213 4511 3444 4582 τήρησις
3489 4510 3719 4563 ἐντολῶν

2147 4592 2304 4658 Θεοῦ,
2333 4596 2546 4668 φυλακὴ
2571 4598 2940 4668 σωφροσύνης,
2965 4601 3118 4664 πόλις
3153 4600 3410 4673 ἀνδρικῆς
3441 4599 3715 4667 γυναικὸς,

2147 4685 2309 4749 τόπος
2342 4687 2532 4759 ἑορτῆς
2563 4689 2850 4743 ὲπινικίου.

478 4770 573 4823 Dei
624 4768 1056 4824 observationem
1105 4784 1168 4824 ac
1215 4771 1481 4826 castitatis
1522 4772 1822 4829 custodiam
1847 4811 1862 4838 ,
1899 4774 2038 4828 virili
2078 4789 2297 4846 pectore
2331 4781 2570 4835 mulieris
2603 4781 2912 4849 civitatem;
2945 4781 3078 4838 lata:
3121 4797 3220 4852 pro
3286 4781 3519 4861 victoria.
3566 4779 3716 4836 lesu-

475 4863 659 4918 vitatis
686 4861 880 4919 locum.

551 4955 701 5012 llanc
751 4973 872 5028 ego.
921 4968 980 5013 ut
1033 4957 1351 5012 intermedia
1392 4965 1597 5011 tantum
1637 4957 1874 5028 excipias
1907 4967 2045 5013 tem-

476 5064 632 5121 pora,
659 5064 782 5103 cum
819 5060 975 5104 casto
1029 5049 1226 5118 loseph
1255 5049 1469 5104 virtutis
1510 5048 1861 5103 similitudine
1897 5065 2046 5104 com-

480 5155 642 5209 pono.
678 5138 824 5195 Sisto
849 5150 1026 5195 autem
1059 5141 1341 5196 honestam
1371 5139 1622 5196 feminam
1651 5154 1807 5195 secus
1840 5151 2046 5196 castmn

479 5232 683 5296 virum,
717 5230 825 5286 Deo
859 5232 1087 5285 amicam
1111 5247 1266 5288 secus
1306 5232 1473 5286 lilium
1505 5231 1696 5297 Israel;
1739 5247 1898 5287 unam
1935 5248 2050 5288 am-

478 5320 651 5382 l-obus
689 5335 753 5376 ac
783 5322 1028 5376 eamdem
1083 5337 1180 5391 pro
1210 5324 1458 5378 castitate
1503 5323 1720 5393 impono
1760 5338 2044 5389 coronam,

476 5411 854 5479 victarumque
911 5411 1134 5480 pedibus
1177 5412 1418 5469 devictos
1470 5415 1788 5479 substerne;
1849 5413 2045 5485 loscph

479 5501 722 5572 quidem,
755 5502 1083 5571 impudicam
1112 5503 1438 5576 Egyptiam,
1467 5505 1610 5560 servi
1636 5505 1790 5561 liberi
1831 5506 2046 5571 heram;

483 5595 748 5650 Susanna:
775 5606 924 5656 vero,
967 5591 1196 5651 infames
1228 5608 1406 5654 senes.
1445 5593 1726 5653 Castitatis
1760 5609 1853 5654 eos
1875 5594 2048 5670 insti-

554 5802 596 5872 t‘
628 5789 812 5865 Mallh.
855 5815 1010 5872 χχιιι,
1045 5799 1142 5897 271

2219 4959 2433 5031 Ταύτην
2463 4961 2592 5031 ἐγὼ,
2621 4964 2746 5026 τοὺς
2801 4965 2859 5016 ἐν
2913 4965 3062 5035 μέσῳ
3128 4963 3352 5036 χρόνους
3396 4961 3614 5026 ἀνελων,
3650 4966 3714 5033 τῇ

2148 5049 2424 5121 ὁμοιότητι
2447 5051 2543 5122 τῆς
2565 5053 2782 5123 ἀρετῆς,
2813 5053 2947 5124 πρὸς
2973 5055 3063 5107 τὸν
3089 5054 3293 5123 κόσμον
3347 5051 3536 5123 Ἰωσὴφ
3565 5053 3680 5120 άγω
3698 5069 3713 5084 ο

2151 5141 2339 5212 ἴστημι
2392 5141 2451 5194 δὲ
2506 5143 2604 5212 τὴν
2634 5145 2942 5216 εὐσχήμονα
2979 5147 3129 5217 παρά
3175 5147 3264 5200 τὸν
3301 5145 3588 5217 σώφρονα,
3619 5147 3719 5216 τὴν

2149 5230 2227 5303 τῷ
2257 5231 2373 5302 θεῷ
2402 5232 2558 5303 φίλην
2587 5234 2732 5306 παρά
2762 5235 2852 5289 τὸν
2885 5237 3046 5289 παῖδα
3072 5234 3166 5289 τοῦ
3205 5235 3439 5306 Ἰσραήλ.
3470 5235 3598 5287 Ἕνα
3625 5237 3718 5288 καὶ

2152 5323 2244 5376 τὸν
2274 5322 2432 5376 αὐτὸν
2462 5325 2808 5396 ἀμφοτέροις,
2836 5325 2924 5379 τὸν
2951 5328 3202 5399 ύπὲρτῆς
3224 5325 3572 5397 σωφροσύνης
3603 5327 3718 5379 ἑπι-

2153 5413 2343 5486 τίθημι
2369 5416 2655 5485 στέφανον’
2692 5417 3009 5488 ὑπορρίπτω
3041 5418 3096 5472 δὲ
3142 5421 3256 5481 τοῖς
3290 5418 3414 5471 ποσὶ⁵
3441 5416 3546 5470 τῶν
3572 5434 3717 5488 νικη-

2157 5505 2364 5560 σάντων
2389 5507 2513 5572 τοὺς
2558 5510 2893 5581 ήττημὲνους
2915 5526 2926 5539 ·
2961 5511 3038 5581 τῷ
3071 5510 3168 5582 μὲν
3206 5509 3402 5582 Ἰωσὴφ
3430 5548 3445 5573 ,
3479 5511 3573 5581 τήν
3600 5510 3717 5564 ἀκόσ

2155 5598 2349 5654 λαστον
2373 5601 2696 5670 Αἰγυπτίαν,
2741 5601 2838 5676 τὴν
2857 5602 3144 5658 δέσποιναν
3168 5602 3261 5663 τοῦ
3305 5601 3583 5680 ἐλευθέρου
3604 5601 3718 5656 δού-
