3820 6300
105 375 190 430 ω
963 377 1267 440 HOMILIA~
1285 386 1376 446 Vl.
1418 388 1487 445 ΙΝ
1517 390 1651 447 ΒΑΝ

1757 393 1864 451 ,ΕΜ
1898 395 1986 454 ΕΤ
2015 397 2098 456 SU
2109 398 2413 457 SANNAM.

3214 399 3320 455 ειδ

549 493 629 561 δὲ,
668 513 813 599 ⁵ιιους
845 511 1074 571 ατιμους
1109 503 1393 576 γέροντας.
1451 508 1652 582 Τίθημι

1759 522 1968 570 tutores
1999 515 2299 582 constituo;
2339 516 2479 570 hanc
2520 511 2761 585 quidem,
2824 513 3134 580 muliebris;
3166 514 3317 571 illum

107 588 289 648 τούτους
334 588 732 658 παιδαγωγοὺς
771 592 1165 666 σωφροσύνης·
1219 597 1320 671 τὴν
1376 601 1496 672 μὲν,
1554 605 1666 674 τῆς

107 674 381 743 γυναικείας
399 691 416 707 ⁸
453 679 552 733 τὸν
572 679 652 745 δὲ,
688 681 792 754 τῆς
819 682 927 738 τῶν
955 684 1167 758 ἀνδρῶν
1196 688 1446 762 νεότητος
1469 706 1483 722 ⁸
1515 692 1656 763 λαμ-

301 768 400 840 τῆς
439 771 794 844 οίκουμένης,
823 774 958 846 ἄνθη
985 775 1088 847 τῆς
1119 777 1486 846 ἀναστάσεως,
1532 800 1655 853 μοιο

107 858 194 927 χῶν
213 857 418 930 κριτὰς,
451 862 655 932 γάμων
683 864 963 936 ὲνθέσμων
982 865 1248 936 φύλακας.
1272 871 1422 935 Τέως
1445 871 1502 925 δὲ
1526 873 1655 944 περὶ

109 949 244 1019 μόνην
277 949 675 1023 ἀσχαλήσωμεν
717 954 819 1026 τὴν
870 955 1020 1028 ἱερὰν
1068 961 1302 1027 γυναῖκα
1332 960 1424 1016 τὸν
1457 962 1613 1030 λόγον
1635 984 1649 998 ·

107 1037 180 1091 νῦν
200 1039 298 1110 γάρ
339 1041 370 1093 δ
426 1043 634 1114 Ἰωσὴφ
684 1045 981 1101 ἐπεισόδιόν
1015 1048 1132 1103 ἐστι
1189 1052 1284 1105 καὶ
1336 1052 1652 1127 παρενθήκη

109 1133 443 1204 ωφροσύνηςι
477 1135 512 1187 ὁ
534 1134 787 1210 σώφρωνο

160 1225 355 1297 Ἐπειδὴ
387 1225 508 1297 γὰρ
535 1229 586 1281 oi
615 1229 892 1300 γέροντες,
924 1231 1000 1296 ῶς
1035 1232 1314 1305 ἐνόμιζον,
1363 1231 1510 1309 εἶχον
1552 1236 1654 1310 τὴν

107 1316 245 1386 θήραν
270 1317 402 1370 είσω
433 1317 696 1385 δικτύων,
721 1322 1082 1395 εἰσεπήδησαν
1113 1326 1170 1380 δὲ
1196 1328 1261 1381 ἐκ
1277 1327 1378 1398 τῆς
1408 1329 1652 1401 ἐνέδρας,

106 1407 163 1470 ὡς
184 1409 364 1462 αὐτίκα
393 1411 721 1483 ληψόμενοι,
737 1414 837 1486 οὐχ
863 1411 1020 1488 εὖρον
1045 1417 1224 1490 δειλὴν
1245 1419 1342 1491 τὴν
1372 1419 1653 1492 βελτίστην

109 1499 286 1568 ἔλαφον,
315 1501 433 1556 ἀλλ’
468 1503 874 1577 ἀνθισταμένην
910 1507 1004 1561 καὶ
1053 1509 1253 1574 αὐτοῖς,
1304 1511 1396 1564 καὶ
1419 1511 1497 1583 τῷ
1524 1511 1654 1583 δρά-

108 1607 225 1643 κοντι
255 1591 328 1662 τῷ
367 1595 488 1646 τῶν
522 1597 826 1667 γινομένων
856 1599 1012 1671 αἰτίῳ
1047 1599 1378 1670 (ὁφιοκτόνον
1420 1602 1478 1656 δὲ
1514 1601 1651 1666 ζῶον

109 1684 134 1752 ἠ
157 1682 330 1754 ἔλαφος
349 1698 366 1713 ⁶
419 1688 523 1740 καὶ
555 1688 738 1753 καλῶς
785 1685 942 1762 εῦρεν
971 1692 1000 1744 ὁ
1028 1691 1185 1761 λόγος
1214 1692 1313 1764 τὴν
1351 1694 1535 1747 εἰκόνα
1556 1694 1650 1748 τοῦ

108 1773 268 1845 ζῶνθ’
297 1777 712 1848 παρεκάλεσαν,
761 1781 862 1834 ούκ
894 1781 1268 1854 ἠκούσθησαν·
1329 1783 1647 1857 ἠπείλησαν,

1760 616 1960 672 autem,
1995 608 2236 663 virorum
2277 607 2573 679 iuventutis
2603 623 2618 660 :
2653 607 2802 662 orbis
2849 616 3116 663 terrarum
3158 607 3336 662 lumi-'

1761 697 1944 765 naria,
1989 699 2402 755 resurrectionis
2427 698 2622 766 ﬂores;
2670 698 3032 756 adulterorum
3065 699 3319 770 iudices,
3409 709 3413 713 '

1757 786 2119 857 legitimarum
2168 790 2474 858 nuptiarum
2521 791 2790 847 custodes.
2829 790 3047 846 interim
3085 803 3235 857 vero,
3265 791 3317 844 in

1756 890 1909 932 sacra
1939 878 2198 932 duntaxat
2220 877 2438 942 femina,
2475 887 2658 932 nostra
2686 889 2933 934 versetur
2949 878 3146 934 oratio.
3163 876 3319 933 Nunc
3406 869 3431 947 ξ

1756 967 1901 1022 enim
1930 975 2113 1022 castus
2139 967 2227 1022 ille
2262 966 2461 1038 Joseph
2481 978 2633 1024 extra
2660 977 3034 1041 argumentum
3062 983 3127 1026 ac
3153 967 3320 1025 casti-

1759 1055 1884 1112 tatis
1912 1057 2252 1126 parenthesis
2281 1066 2384 1112 est.

1825 1231 1925 1288 Ubi
1959 1231 2102 1286 enim
2133 1247 2314 1293 senes.
2347 1234 2485 1303 quod
2521 1232 2736 1303 quidem
2771 1232 3194 1301 arbitrabantur,
3228 1232 3317 1289 in-

1756 1332 1838 1379 tra
1875 1324 2012 1379 retia
2049 1326 2382 1379 venationem
2417 1335 2686 1387 tenentes,
2724 1338 2901 1395 exque
2930 1322 3143 1380 insidiis
3169 1364 3186 1392 ,
3218 1337 3322 1379 cett

1758 1429 1884 1470 mox
1914 1415 2144 1485 capturi,
2174 1414 2462 1482 irruentes,
2494 1415 2626 1470 nihil
2659 1414 3074 1486 pulcherrimam
3100 1428 3321 1470 cervam

1752 1505 2000 1578 pavidam
2019 1506 2336 1561 invenerunt
2357 1507 2426 1574 ",
2451 1507 2544 1561 sed
2565 1506 2668 1561 illis
2698 1506 2901 1576 pariter
2919 1520 2983 1560 ac
3002 1503 3196 1560 fabulae
3219 1519 3319 1558 au-

1752 1596 1884 1652 ctori
1909 1596 2128 1652 draconi
2177 1597 2508 1654 resistentem
2536 1597 2720 1669 (porro
2749 1598 2928 1654 ferunt
2961 1611 3175 1652 cervam
3205 1596 3322 1651 ani-

1756 1688 1863 1743 mal
1888 1703 2014 1745 esse
2051 1690 2389 1759 serpentibus
2418 1690 2674 1757 noxium;
2711 1689 2934 1760 pulchre
2962 1703 3092 1744 vero
3115 1687 3328 1744 invenit

1756 1798 1934 1840 sermo
1969 1783 2222 1838 animalis
2251 1781 2564 1855 imaginem)
2608 1801 2622 1839 :
2653 1783 2766 1850 ubi,
2795 1783 3035 1852 inquam,
3062 1781 3322 1836 obsecra.

108 1865 154 1916 ού
179 1866 535 1939 κατέπτηξαν.
587 1871 950 1942 Ἀμηχανοῦσι
1001 1871 1183 1930 λοιπὸν
1240 1877 1289 1930 oi
1329 1877 1651 1950 δυσέρωτες,

1757 1885 1901 1941 runt,
1932 1890 2030 1931 nec
2057 1874 2276 1930 fuerunt
2308 1873 2513 1941 auditi;
2551 1873 2862 1929 comminati
2891 1881 3039 1932 sunt.
3073 1885 3172 1926 nec
3201 1884 3330 1938 pera

109 1958 181 2008 καὶ
204 1956 288 2010 δύο
309 1962 423 2022 τοῖς
456 1960 744 2031 μεγίστοις
771 1964 1104 2036 συνέχονται,
1126 1967 1396 2042 άποτυχίᾳ.
1420 1973 1520 2042 τῆς
1541 1972 1655 2025 ἐπι-

109 2047 290 2117 θυμω,
321 2052 417 2105 καὶ
445 2053 604 2124 φόϐῳ
626 2053 720 2108 τοῦ
755 2054 999 2126 ἐλέγχου.
1059 2057 1351 2114 Ῥάπτουσι
1405 2061 1463 2115 δὲ
1497 2079 1655 2117 συκο-

108 2141 319 2205 ςραντίαν,
361 2145 565 2215 μιαραὶ
587 2145 843 2213 κεφαλαὶ,
875 2149 967 2201 καὶ
993 2148 1148 2204 λύσιν
1183 2150 1279 2204 τοῦ
1312 2151 1482 2206 κακοῦ
1527 2152 1654 2206 ἄλλο

107 2230 241 2284 κακὸν
264 2231 663 2304 ἐξευρίσκουσι,
709 2236 803 2289 καὶ
843 2239 1088 2309 μοιχείας
1133 2239 1396 2313 κάλυμμα
1453 2243 1653 2298 σκευά-

109 2320 254 2381 {mat
280 2322 458 2391 φόνον.
512 2324 863 2397 ’Δμαρτωλὸς
890 2329 1018 2400 γὰρ,
1041 2330 1170 2384 ὅταν
1213 2332 1294 2395 είς
1347 2332 1521 2404 ἀρχὰς
1553 2336 1653 2406 ἐμ-

110 2410 222 2484 πέσῃ
247 2413 760 2486 πλημμελημάτων,
785 2415 974 2489 ὥσπερ
1007 2420 1202 2493 σχοίνῳ
1228 2424 1293 2493 τῇ
1340 2423 1504 2496 ἀρχῇ,
1557 2426 1653 2481 καὶ

110 2501 185 2564 τὶς
219 2504 543 2570 ἀκολούθους
601 2507 828 2580 ἀνομίας
882 2510 1188 2580 ἐφέλκεται.
1228 2514 1338 2567 Καὶ
1359 2516 1656 2587 γεννητικὰ

110 2596 327 2667 τυγχάνει
353 2599 464 2654 τῶν
505 2600 687 2654 καλῶν
709 2601 782 2656 τά
816 2603 990 2657 καλά’
1019 2604 1127 2658 τῶν
1176 2605 1233 2658 δὲ
1283 2606 1523 2677 φαύλων,
1584 2609 1656 2663 τὰ

113 2687 257 2756 ὃμοια.
280 2690 369 2744 Διὸ
400 2692 502 2747 καὶ
525 2691 622 2746 νῦν
660 2688 821 2764 φόνος
845 2696 874 2749 ὁ
895 2697 1106 2768 καρπὸς
1129 2698 1228 2770 τῆς
1255 2699 1498 2771 μοιχείας
1527 2701 1655 2756 ὑπο-

112 2776 380 2850 δλαστάνει,
407 2785 510 2838 καὶ
536 2785 810 2858 συνέδριον
835 2786 976 2840 κατὰ
1020 2788 1255 2861 σπουδὴν
1284 2789 1541 2860 κάθηται,
1576 2793 1654 2857 ὡς

114 2871 186 2925 ἐπὶ
208 2874 415 2948 μεγάλῳ
440 2877 548 2949 τῆς
571 2877 829 2947 γυναικὸς
880 2880 1199 2952 ἀδικήματι,
1248 2883 1344 2936 καὶ
1395 2883 1654 2955 δημαγω-

113 2964 255 3026 τεῑται
288 2965 514 3038 ⁴ἡιῆθος,
535 2967 664 3022 θέαν
685 2968 808 3040 ἕχον
841 2969 939 3042 τὴν
960 2971 1309 3044 κρινομένην.
1343 2974 1654 3047 Κατήγοροι

113 3051 254 3108 δὲκαὶ
279 3056 532 3114 δικασταὶ
562 3062 614 3115 oi
660 3063 847 3116 αύτοί’
884 3064 980 3118 καὶ
1021 3063 1181 3119 πολιὰ
1246 3066 1654 3136 συκοφαντοῦσα

114 3141 378 3213 ἀξιόπιστος
408 3145 482 3222 ἦν
503 3167 519 3183 ·
548 3152 641 3205 καὶ
691 3152 880 3224 νεότης
926 3155 1400 3227 συκοφαντουμένη
1450 3156 1516 3210 ὲκ
1556 3157 1656 3228 τῆς

117 3238 377 3312 κρατούσης
397 3242 648 3308 ἐπινοίας
672 3243 1074 3309 κατεδικάζετο.
1107 3234 1290 3318 Δῆμος
1325 3247 1384 3301 δὲ
1424 3248 1654 3321 ἀναρρι-

116 3328 306 3395 πισθεὶς,
328 3335 420 3388 καὶΙ
449 3334 667 3398 παθὼν,
697 3335 726 3388 ὅ
749 3335 815 3408 δὴ
853 3337 1084 3406 πάσχειν
1105 3337 1215 3391 ἀπὸ
1237 3338 1415 3410 ὁρμῆς
1438 3338 1651 3412 ὲμπλὴε-

117 3435 219 3473 κτον
241 3424 386 3480 είωθε
420 3426 619 3498 δῆμος,
659 3427 959 3498 ἠγανάκτει
982 3428 1393 3502 πεπλανημένος
1416 3473 1431 3500 ,
1462 3431 1558 3485 καὶ
1585 3434 1651 3504 τῇ

114 3513 229 3584 ὁρμῇ
250 3515 348 3569 τῶν
377 3518 654 3590 γερόντων
682 3519 1096 3591 συνεξεφέρετο·
1129 3523 1306 3590 γονεῖς
1341 3521 1439 3593 τῆς
1475 3539 1655 3595 κρινο-

119 3601 254 3675 illvm
282 3605 572 3680 ἐθρήνουνο
601 3609 744 3680 ἀνὴρ
763 3611 862 3681 τὴν
891 3609 1176 3683 συμφοράν
1217 3611 1481 3684 ὠδύρετο·
1528 3615 1654 3668 παῖ-

117 3691 185 3758 δες
205 3695 453 3766 ὠλόλυζον
478 3701 631 3756 ἐνθεν
665 3703 760 3756 καὶ
784 3702 961 3768 ἔνθεν,
998 3705 1096 3776 τῆς
1126 3705 1332 3778 μητρὸς
1381 3704 1654 3760 κινδυνευ-

117 3785 248 3859 ούσης
265 3791 671 3865 ἀπηρτημένοι⁹
696 3793 759 3849 τὸ
786 3795 942 3864 γένος
968 3797 1034 3867 τῇ
1060 3795 1289 3868 αίσχύνῃ
1322 3796 1648 3851 κεκάλυπτο.

1755 1975 2091 2031 terruerunt;
2115 1966 2368 2036 deinceps
2396 1963 2532 2034 jam,
2562 1964 2701 2019 malo
2729 1973 2900 2021 (estro
2927 1962 3117 2034 perciti
3147 1961 3322 2017 homi-

1753 2074 1871 2125 nes,
1900 2057 2109 2115 consilii
2138 2057 2326 2128 inopes
2353 2057 2506 2123 ﬁunt,
2537 2070 2604 2112 ac
2626 2056 2884 2126 utrinque
2915 2054 3122 2110 duobus
3151 2053 3322 2108 maxi-

1753 2151 1858 2206 mis
1883 2157 2174 2220 anguntur,
2210 2149 2353 2221 quod
2395 2149 2506 2204 sint
2539 2147 2768 2203 fraudati
2818 2147 3106 2212 desiderio,
3151 2145 3322 2216 quod-

1754 2255 1859 2312 que
1897 2239 2116 2296 sceleris
2140 2239 2289 2309 argui
2316 2239 2543 2309 possint.
2567 2237 2740 2292 Suunt
2763 2247 2942 2292 autem
2973 2236 3318 2301 calumniam,

1753 2331 1982 2388 scelesta
2004 2331 2206 2402 capita,
2235 2347 2300 2387 ac
2346 2330 2473 2384 mali
2499 2330 2822 2385 solutionem
2847 2328 2992 2384 aliud
3013 2329 3322 2398 echgitant

1754 2423 1995 2490 malum,
2041 2419 2394 2493 velamcuque
2453 2422 2700 2477 inachiae
2776 2434 2961 2478 necem
3025 2419 3319 2474 instruunt.

1753 2513 2014 2571 Peccator
2039 2515 2205 2578 enini.
2234 2524 2517 2585 postquam
2547 2515 2600 2568 in
2633 2513 2802 2584 prima
2834 2511 3026 2569 delicta
3051 2510 3319 2574 inciderit,

1754 2619 1852 2660 ceu
1897 2603 2045 2669 fune,
2111 2604 2286 2674 primo
2323 2613 2582 2674 peccato,
2641 2603 2876 2673 reliquas
2929 2609 3322 2671 consequenter

1755 2694 2068 2765 iniquitates
2119 2695 2371 2762 attrahit;
2404 2709 2470 2750 ac
2524 2710 2652 2750 vero
2686 2696 2822 2751 bona
2856 2693 3010 2750 bonis
3049 2694 3318 2760 oriuntur,

1754 2787 1910 2843 malis
1958 2795 2139 2841 autem
2193 2796 2553 2856 procreantur
2606 2786 2824 2842 similia.
2858 2785 3126 2853 Quocirca
3177 2799 3322 2840 nunc

1755 2893 1968 2949 quoque
2005 2877 2254 2932 adulterii
2305 2877 2514 2933 fructus
2545 2879 2720 2932 caedes
2754 2873 3160 2947 subgermiuat,
3187 2873 3322 2929 cito-

1755 2987 1860 3042 que
1893 2985 1990 3027 ceu
2027 2987 2123 3042 pro
2159 2969 2596 3041 magno-feminae
2619 2967 2839 3045 scelere
2860 3007 2875 3034 ,
2917 2967 3203 3024 concilium
3235 2981 3322 3022 se-

1755 3063 1878 3127 det,
1915 3075 1978 3115 ac
2009 3061 2292 3116 multitudo
2321 3059 2584 3130 judicium
2631 3067 2964 3129 spectatura,
3019 3058 3073 3112 in
3101 3057 3320 3114 concio—

1758 3168 1879 3209 nem
1931 3163 2175 3208 vocatur.
2223 3152 2422 3218 Porro,
2483 3152 2646 3208 iidem
2698 3151 2798 3222 ipsi
2853 3160 3203 3208 accusatores
3256 3166 3322 3206 ac

1749 3245 1961 3317 iudices
1994 3253 2182 3310 erant;
2217 3244 2482 3313 iidemque
2509 3243 2832 3297 calumniam
2857 3252 3072 3297 struens
3096 3241 3323 3296 canities

1755 3335 2019 3402 habebat;
2050 3334 2300 3405 iuventus
2331 3344 2508 3389 autem
2543 3333 2866 3390 calumniam
2889 3333 3100 3403 patiens
3124 3333 3193 3388 ab
3223 3333 3322 3388 ob.

1757 3430 1959 3484 tinente
1998 3425 2248 3496 opinione
2277 3423 2644 3495 praeiudicium
2697 3423 2926 3480 ferebat.
2963 3424 3044 3478 Ad
3080 3424 3198 3478 haec
3225 3439 3323 3479 ex-

1753 3522 1949 3578 citatus
1981 3515 2230 3590 populus,
2252 3517 2413 3587 idque
2442 3515 2650 3584 patiens
2670 3554 2686 3582 ,
2725 3513 2866 3584 quod
2897 3515 2966 3569 ab
2991 3514 3188 3570 stolido
3216 3515 3323 3569 im-

1753 3619 1878 3683 petu
1931 3608 2154 3680 populus
2210 3607 2321 3678 pati
2353 3606 2516 3674 solet,
2563 3621 2750 3663 errore
2784 3606 3185 3677 indignabatur,
3233 3621 3323 3662 se-

1755 3717 1994 3772 numque
2014 3701 2272 3771 impetum
2307 3715 2411 3754 una
2435 3698 2784 3770 sequebatur.
2811 3697 2938 3754 Rea:
2959 3707 3091 3753 actae
3108 3697 3323 3774 [emittat

1755 3804 2007 3866 parentes
2057 3792 2513 3859 lamentabantur,
2569 3789 2788 3860 lugebat
2831 3790 3059 3844 maritus
3114 3788 3321 3842 tristeut

1753 3901 1937 3942 casum
1966 3883 2096 3954 ,ﬁlii
2151 3883 2278 3938 hinc
2326 3882 2451 3937 inde
2498 3883 2660 3936 matri
2692 3881 2746 3936 in
2801 3879 3042 3952 periculo
3084 3879 3323 3935 versanti

1757 3977 2048 4040 haerentes,
2086 3975 2312 4046 lugubre
2342 3973 2472 4046 quid
2496 3973 2958 4040 vociferabantur;
2995 3987 3164 4042 genus
3199 3972 3324 4025 uni-

1753 4083 1968 4125 versum
1997 4081 2109 4136 prae
2137 4067 2340 4136 pudore
2381 4064 2830 4122 abscondebatur.
2860 4062 3113 4119 Praeclari
3139 4071 3322 4116 autem

1754 4158 1828 4215 illi
1867 4157 2074 4229 iudices
2127 4171 2192 4212 ac
2249 4155 2518 4212 castitatis
2565 4156 2836 4223 vindices,
2893 4154 3118 4210 honeste
3162 4154 3324 4224 pallio

1751 4251 2017 4307 obtectam
2067 4249 2268 4326 (neque
2307 4248 2449 4304 enim
2482 4247 2566 4301 vel
2603 4250 2654 4302 in
2710 4247 2974 4301 malorum
3005 4246 3325 4301 confusione

1753 4341 1837 4397 sui
1868 4341 1981 4411 ipsa
2017 4338 2459 4402 obliviscebatur,
2479 4340 2778 4394 honestatis
2800 4337 3042 4392 habitum
3074 4337 3323 4408 hahens,)

1753 4431 1981 4487 honesto
2031 4429 2291 4498 ejusmodi
2344 4437 2654 4500 legumento
2697 4428 2886 4483 nudari
2927 4427 3179 4497 iussere,
3215 4443 3328 4496 quo

121 3875 170 3930 Ol
194 3879 242 3932 δὲ
262 3883 406 3937 καλοὶ
427 3885 706 3952 δικασταὶ,
745 3886 792 3940 oi
819 3886 919 3958 τῆς
965 3886 1317 3958 σωφροσύνης
1353 3886 1651 3959 σύμμαχοι,

121 3972 294 4041 σεμνῶς
317 3976 744 4048 κεκαλυμμένην
801 3977 1002 4048 ἱματίῳ
1057 3978 1213 4050 (οὐδὲ
1263 3978 1366 4051 γὰρ
1419 3980 1510 4032 ἐπὶ
1554 3979 1655 4051 τῆς

125 4063 388 4133 συγχύσεως
416 4069 533 4124 τῶν
574 4067 761 4122 κακῶν
816 4067 1017 4138 ἑαυτῆς
1068 4067 1380 4135 ἐπελάθετο,
1414 4067 1526 4134 ἕξιν
1553 4068 1654 4140 τῆς

121 4157 434 4230 κοσμιότητος
494 4160 759 4233 ἐχουσα,)
818 4159 1157 4232 γυμνοῦσθαι
1200 4161 1300 4230 τῆς
1348 4160 1654 4233 εὐπρεποῦς

123 4246 293 4320 σκέπης
315 4253 634 4318 ἐκέλευσαν,
657 4253 743 4308 ἵνα
765 4253 822 4307 ὲν
842 4252 921 4324 τῷ
951 4250 1287 4325 δικαστηρίῳ
1317 4251 1386 4306 τὰ
1409 4252 1508 4324 τῆς
1538 4269 1654 4324 μοι·

121 4339 238 4405 κείας
280 4344 701 4416 ἐνεργάσωνται,
755 4347 823 4418 τῇ
868 4344 967 4417 θέᾳ
1003 4345 1104 4416 τῆς
1162 4343 1487 4416 κρινομένης
1553 4344 1652 4416 τὴν

126 4430 311 4503 αἰσχρὰν
346 4436 646 4508 ἐπιθυμίαν
690 4435 1280 4508 προσαναπαύσαντες·
1335 4435 1651 4490 ἐπετίθεσαν

124 4519 166 4572 δὲ
210 4527 407 4595 καὶτὰς
447 4532 637 4602 χεῖρας
685 4532 752 4602 τῇ
790 4529 1000 4600 κεφαλῇ
1033 4527 1090 4601 (ὃ
1133 4528 1199 4601 δὴ
1250 4526 1517 4599 σύμϐολον
1551 4527 1651 4600 τῆς

1757 4534 1852 4590 pro
1882 4517 2126 4573 mteehiae
2160 4515 2446 4581 tribunali,
2490 4516 2776 4570 moechiam
2822 4526 3111 4584 operantes
3131 4558 3147 4584 ,
3174 4515 3322 4584 judi-

125 4618 455 4690 κατακρίσεως
495 4617 564 4693 ἦν
587 4621 630 4691 ),
688 4620 1002 4692 χραίνοντες
1055 4618 1213 4690 σῶμα
1271 4617 1510 4691 καθαρὸν
1534 4659 1551 4686 ,
1596 4621 1646 4672 οί

1757 4609 1939 4665 caudae
1983 4607 2224 4664 mulieris
2278 4615 2499 4676 aspectu
2542 4615 2751 4674 turpem
2781 4604 3124 4675 cupiditatem
3164 4605 3322 4660 seda-

124 4703 381 4786 ἀκόλαστοι,
416 4715 488 4786 τῇ
515 4713 650 4784 ἀφῇ,
683 4713 778 4765 καὶ
809 4713 929 4765 κατ’
961 4710 1130 4781 αὐτῆς
1177 4709 1549 4783 ἐδημηγόρουν
1586 4708 1647 4764 τὸ

1757 4710 1909 4766 rent;
1953 4699 2049 4755 sed
2095 4708 2151 4754 et
2197 4711 2391 4753 manus
2442 4695 2606 4768 capiti
2650 4696 2988 4766 imponentes
3035 4696 3156 4766 (pro
3198 4696 3322 4751 lata:

124 4793 294 4870 Ψεῦδος,
315 4804 362 4861 οἱ
389 4803 551 4860 καλοὶ
576 4803 674 4875 τῆς
704 4801 963 4874 ἀληθείας
999 4800 1318 4874 προστάται.

1757 4791 1994 4866 symbolo
2023 4787 2425 4860 damnationis),
2454 4788 2710 4843 mundum
2739 4786 2865 4842 illud
2894 4801 3113 4857 corpus,
3139 4787 3320 4858 impu-

1746 4885 1852 4944 dici
1885 4883 2129 4941 homines
2164 4889 2416 4938 contactu
2437 4879 2780 4950 polluebant;
2819 4892 2884 4934 ac
2915 4887 3103 4933 contra
3158 4893 3275 4932 eam
3301 4917 3320 4943 ,

1750 4975 1874 5031 belli
1897 4971 2138 5031 veritatis
2159 4969 2432 5044 pmsides,
2451 4969 2640 5026 l‘alsutu
2660 4985 2754 5039 pro
2783 4969 3043 5025 concione
3071 4971 3320 5025 orabant.

1828 5066 1929 5124 Ubi
1977 5079 2161 5138 porro,
2179 5077 2436 5136 persuaso
2484 5061 2845 5132 populo,jatn
2895 5061 3159 5117 sententia
3211 5062 3321 5120 lata

1753 5168 1942 5224 esset,
1989 5170 2054 5213 ac
2103 5168 2264 5226 paena
2310 5153 2574 5218 instaret,
2611 5161 2738 5208 tunc
2786 5152 3110 5209 calumniam
3163 5169 3322 5224 passa

1755 5252 1951 5309 mulier
1982 5248 2048 5304 ad
2086 5247 2331 5318 judicum
2363 5246 2510 5301 illum
2552 5244 2791 5314 judicent
2840 5246 3097 5316 aspexit:
3143 5262 3324 5302 causae

1758 5343 2130 5400 remissionem
2161 5341 2228 5393 ab
2267 5337 2578 5394 hominibus
2617 5337 2681 5394 in
2707 5338 2872 5392 Deum
2905 5340 3201 5396 transtulit.
3232 5339 3324 5394 ln-

1754 5437 1966 5493 vocavit
2008 5431 2243 5489 tribunal
2272 5430 2398 5486 illud
2427 5431 2566 5500 quod
2599 5429 2708 5486 falli
2749 5430 3094 5499 nequit;~uec
3121 5431 3322 5484 veritas

1754 5529 2048 5602 quidquam
2087 5523 2345 5579 tardavit.
2375 5519 2453 5574 Tu
2493 5520 2622 5576 mihi
2658 5521 2771 5590 jam
2827 5534 3038 5590 quoque
3061 5560 3074 5583 ,
3103 5535 3138 5574 ο
3169 5522 3322 5574 beate

1753 5618 1962 5688 Daniel,
1997 5630 2102 5688 qua
2133 5624 2260 5671 tunc
2296 5612 2506 5670 ratione
2549 5626 2585 5672 ιι
2614 5611 2816 5684 Spiritu
2849 5612 3117 5667 excitatus
3141 5609 3337 5675 es,,in.

186 5069 258 5137 Ὧς
276 5074 328 5130 δὲ
348 5079 376 5132 ό
406 5077 537 5142 λαὸς
563 5075 805 5148 ὑπήχθη,
828 5077 924 5131 καὶ
951 5077 988 5149 ἡ
1024 5075 1205 5148 ψῆφος
1233 5073 1453 5146 ἠνέχθη,
1486 5072 1581 5127 καὶ
1611 5073 1648 5144 ἡ

126 5168 318 5238 τιμωρία
333 5169 562 5242 πλησίον
595 5163 688 5241 ἦν,
724 5168 1017 5240 ἀνέδλεψεν
1044 5169 1166 5222 τότε
1203 5169 1238 5239 ἡ
1287 5181 1651 5236 συκοφαντου-

132 5252 233 5326 μένη
252 5259 371 5327 πρὸς
391 5260 487 5314 τὸν
515 5259 783 5332 δικαστὴν
809 5257 917 5313 τῶν
940 5259 1142 5331 κριτῶν
1166 5273 1182 5289 ·
1240 5257 1503 5329 ἐφέσιμον
1548 5255 1650 5327 τὴν

127 5342 246 5419 δίκην
271 5351 324 5415 ἐξ
339 5351 641 5424 ἀνθρώπων
679 5352 854 5422 ἤγαγε
886 5352 1021 5424 πρὸς
1061 5351 1152 5405 τὸν
1183 5349 1318 5405 Θεόν
1338 5365 1355 5380 °
1388 5348 1653 5403 ἐπεκαλέ-

133 5451 230 5492 σατο
257 5442 308 5497 τὸ
333 5445 767 5519 ἀπαραλόγιστον
797 5444 1163 5516 δικαστήριον,
1219 5443 1315 5498 καὶ
1357 5443 1456 5496 ούκ
1486 5439 1649 5512 ὲὸρά-

129 5526 296 5608 δννινη
325 5538 570 5611 ἀλήθεια.
615 5536 900 5609 Ἀνάστηθι
945 5554 1035 5609 μοι
1066 5535 1272 5598 λοιπὸν,
1309 5528 1356 5587 ὦ
1410 5532 1646 5605 μακάριε

131 5618 300 5694 Δανιὴλ,
330 5629 423 5682 καὶ
467 5627 566 5683 νῦν
599 5627 695 5682 ἐπὶ
719 5626 815 5684 τοῦ
864 5626 1023 5697 λόγου
1049 5666 1066 5695 ,
1099 5625 1176 5692 ὡς
1215 5623 1507 5697 διηγέρθης
1551 5623 1646 5678 καὶ

185 5797 221 5833 ’⁸
242 5799 374 5864 Prov.
408 5825 460 5878 ν,
498 5809 584 5868 l9.
