3820 6318
453 383 557 439 ίΠ
631 397 637 409 ‘
1720 380 1778 436 S.
1818 377 2089 433 ASTERII
2132 377 2442 436 AMASENI
3607 378 3747 434 218

453 513 705 555 sermone
732 514 980 572 exsurge.
1006 499 1105 556 Dic
1128 509 1184 555 tu
1211 498 1374 555 etiam
1404 516 1419 554 :
1457 482 1716 554 Innocua
1739 515 1833 569 ego
1856 515 1888 552 α
1911 513 2031 553 san-
2056 542 2062 556 .

2162 496 2254 549 ότε
2315 496 2463 566 παρὰ
2500 495 2595 550 τοῦ
2630 494 2981 566 Πνεύματος·
3038 495 3294 551 είπὲκαὶ
3350 495 3437 560 σὺ,
3494 496 3749 563 Ἀθῶός

452 592 610 661 grtiae
639 593 818 663 hujus,
849 592 1119 664 quomodo
1158 601 1345 663 postea
1393 590 1599 647 Pilatus
1639 591 1898 649 adversus
1938 592 2024 645 fu-

2162 591 2244 659 ὶμι
2280 588 2398 643 ἀπὸ
2423 587 2531 644 τοῦ
2553 590 2802 659 αἵματος
2818 589 3063 657 ταύτης,
3086 589 3165 653 ὡς
3185 590 3280 643 καὶ
3300 588 3534 654 Πιλᾶτος
3557 589 3747 643 ὓστε-

455 693 640 740 rentes
669 684 924 743 Hebraeos
945 684 1013 740 “.
1054 682 1195 739 Voca
1226 683 1421 738 iterum
1453 684 1520 738 ad
1561 681 1819 751 judicium
1854 695 2026 752 popu-

2162 697 2223 734 ov
2259 679 2402 735 κατὰ
2432 680 2543 735 τῶν
2565 680 2904 751 μαινόμενων
2949 679 3235 752 Ἐϐραίων.
3296 680 3594 735 Ἀνάλυσον
3626 680 3746 734 τὸν

461 773 596 841 lum,
626 774 803 844 incipe
833 775 980 829 litem
1007 756 1148 830 male
1176 772 1503 840 absolutam,
1533 786 1749 827 reorum
1770 770 1889 826 loco
1916 780 2027 825 sta-

2162 771 2255 825 αὸν
2280 772 2372 824 ἐπὶ
2394 770 2454 824 τὸ
2482 771 2797 842 κριτήριον·
2832 769 2922 832 δὸς
2976 768 3151 840 ἀρχὴν
3201 771 3267 841 τῇ
3315 768 3460 840 δίκῃ,
3517 767 3744 831 κακῶς

416 870 417 873 ‘
456 873 546 919 tua
599 863 716 920 falsi
751 865 986 920 nominis
1034 863 1285 934 iudices,
1334 871 1694 919 commutetur
1738 862 2027 931 praesidum

2162 856 2474 931 ελεσθείσῃ”
2536 857 2735 929 στῆσον
2772 857 3125 929 κρινομένους
3161 857 3545 928 ψευδωνύμως
3588 874 3737 929 κρι-

453 959 606 1025 ordo,
638 960 926 1028 videatque
967 959 1160 1013 mulier
1190 959 1337 1015 viros
1360 972 1551 1022 senes,
1575 972 1681 1026 qua
1722 956 1838 1024 ipsa
1870 955 2029 1025 paulo

2165 951 2258 1015 άς’
2289 950 2635 1020 ὲναλλαγήτω
2662 948 2773 1003 τῶν
2813 948 3133 1019 προστατῶν
3163 952 3197 1020 ή
3224 948 3400 1017 τάξις,
3439 951 3539 1003 καὶ
3575 948 3743 1001 θεω-

455 1059 581 1104 ante
610 1049 818 1106 ratione
848 1050 967 1105 urbi
992 1052 1303 1119 spectaculo
1330 1049 1451 1105 fuit.
1474 1050 1553 1103 Tu
1579 1050 1850 1119 captivus,
1882 1047 2029 1103 cives

2162 1042 2296 1096 ιείτω
2327 1042 2361 1113 ἡ
2408 1041 2545 1112 γυνή
2595 1042 2722 1104 τοὺς
2773 1040 3056 1113 γέροντας,
3099 1040 3175 1105 ὼς
3200 1041 3334 1111 αὑτὴ
3366 1042 3473 1113 πρὸ
3524 1041 3739 1109 ὀλίγου

450 1140 669 1209 judica;
705 1141 924 1209 hospes,
973 1142 1121 1196 viros
1162 1142 1478 1213 indigenas;
1507 1141 1721 1210 juvenis
1747 1180 1761 1205 ,
1794 1151 2023 1194 veteres.

2165 1135 2307 1205 έαμα
2326 1135 2425 1205 τῆς
2448 1134 2654 1197 πόλεως
2672 1128 2760 1205 ἦν.
2787 1136 3009 1205 Κρῖνον,
3029 1136 3059 1187 6
3078 1131 3443 1204 αἰχμάλωτος,
3463 1135 3601 1198 τοὺς
3622 1149 3738 1187 πο·

456 1232 751 1287 Cemmeda
777 1242 992 1287 sacrum
1016 1248 1077 1288 os
1103 1231 1365 1304 Spiritui;
1394 1249 1501 1288 non
1525 1234 1667 1290 enim
1702 1234 1867 1287 habes
1889 1231 2028 1287 labia

2166 1226 2315 1289 ίτας’
2349 1226 2383 1278 6
2406 1224 2573 1293 ξένος,
2607 1223 2739 1289 τοὺς
2784 1224 3119 1296 ἐγχωρίουςδ
3177 1225 3207 1277 6
3233 1224 3353 1288 νέος
3377 1264 3392 1289 ,
3435 1226 3564 1287 τοὺς
3604 1241 3735 1278 πα·-

458 1324 769 1389 immunda,
814 1322 889 1377 uti
929 1315 991 1378 se'
1032 1322 1199 1378 Isaias
1232 1323 1570 1393 despiciens,
1611 1322 1688 1377 ait
1727 1322 1805 1389 ";
1853 1336 2030 1392 neque

2162 1316 2329 1380 αιοὺς.
2363 1316 2581 1388 Χρῆσον
2614 1315 2767 1384 ἅγιον
2796 1316 2970 1386 στόμα
3011 1315 3091 1386 τῷ
3127 1316 3403 1386 Πνεὺματι
3426 1335 3440 1349 ’
3488 1317 3553 1370 οὑ
3611 1317 3736 1388 γὰρ

459 1428 570 1468 uno
610 1414 677 1468 de
706 1414 978 1485 seraphim
1035 1423 1126 1469 aut
1168 1415 1481 1486 purgatorio
1511 1415 1749 1469 carbone
1793 1415 2025 1484 indiges.

2162 1408 2415 1480 ,κάθαρτα
2465 1408 2616 1480 χείλη
2673 1408 2846 1479 ἔχεις,
2876 1409 2952 1472 ὡς
2996 1409 3224 1474 Ἡσαΐας
3251 1410 3413 1463 αὑτὸν
3442 1409 3736 1478 ἐξευτελί-

459 1503 762 1559 Prudenter
791 1520 982 1575 separa
1013 1505 1177 1561 falsos
1204 1507 1417 1578 iudices
1437 1546 1456 1570 ,
1485 1515 1543 1560 ut
1588 1522 1658 1561 ne
1690 1505 1797 1560 tuis
1818 1518 2031 1574 quoque

2163 1513 2239 1549 ων
2264 1497 2454 1567 φησίν
2490 1496 2611 1551 οὐδὲ
2638 1497 2755 1561 ἐνὸς
2786 1497 2895 1551 τῶν
2918 1499 3188 1569 σεραφεὶμ
3210 1538 3226 1563 ,
3255 1500 3349 1554 καῖ
3377 1501 3470 1554 τοῦ
3505 1501 3736 1572 καθαρο

459 1596 1004 1666 interrogationibus,
1026 1599 1104 1652 uti
1136 1599 1348 1655 mulieri
1377 1600 1428 1653 in
1452 1588 1643 1662 ho'rto,
1673 1597 2032 1653 consensione

2162 1587 2249 1639 'iou
2276 1586 2549 1658 ἄνθρακος
2578 1588 2819 1659 χρῄζεις.
2854 1588 3119 1661 Χώρησον
3147 1590 3327 1659 σοφῶς
3346 1593 3471 1656 τοὺς
3496 1591 3732 1662 ψευδω-

460 1688 727 1743 insiliant.
758 1688 893 1744 Nam
921 1698 978 1746 et
1007 1690 1138 1746 illud
1186 1692 1478 1760 prudenter
1505 1689 1900 1759 intelligamus,
1924 1703 2031 1759 quo

2163 1676 2190 1730 ύ
2199 1694 2332 1748 μους
2364 1678 2575 1749 κριτὰς,
2610 1678 2696 1731 ἵνα
2730 1678 2806 1749 μὴ
2830 1678 2923 1732 καὶ
2947 1682 3067 1743 ταῖς
3092 1683 3212 1743 σαῖς
3240 1682 3544 1752 ἐρωτήσεσι
3573 1699 3737 1753 συμ-

463 1791 545 1835 ter
582 1782 773 1837 beatus
814 1798 947 1852 puer
985 1783 1272 1838 verborum
1308 1792 1494 1838 tenore
1532 1783 1603 1836 sit
1634 1796 1790 1836 orsus
1824 1796 2030 1837 sermo-

2162 1769 2323 1833 atbvto;
2384 1770 2792 1841 ὲπιπηδήσωσιν
2824 1810 2840 1835 ,
2900 1770 2977 1834 ὡς
3029 1773 3087 1826 ὲν
3144 1772 3224 1843 τῷ
3273 1774 3588 1846 παραδείσῳ
3650 1776 3728 1845 τῇ

464 1888 586 1928 nem
621 1891 636 1928 :
681 1872 975 1930 lutulenta
1016 1876 1220 1929 dierum
1269 1875 1571 1929 malorum:
1608 1891 1744 1928 nunc
1785 1882 2028 1928 uenerant

2162 1861 2368 1916 ὐναικί.
2407 1863 2508 1916 Οἴα
2539 1863 2647 1933 γὰρ
2673 1863 2764 1917 καὶ
2789 1864 2822 1934 ή
2849 1863 2993 1936 ἀρχὴ
3018 1864 3127 1919 τῶν
3159 1841 3334 1934 λογων
3352 1841 3446 1920 τοῦ
3472 1841 3735 1938 τρισμαέ

463 1971 674 2034 peccata
701 1973 794 2018 tua
814 1982 932 2033 quae
962 1966 1191 2034 faciebas
1219 1968 1399 2032 prius,
1438 1965 1791 2019 condemnatis
1822 1963 2029 2033 quidem

2162 1951 2325 2023 ;αρίου
2363 1952 2570 2018 παιδὸς,
2603 1953 2841 2018 συνετῶς
2872 1955 3278 2027 καταμάθωμεν
3298 1974 3312 1987 ·
3359 1957 3730 2012 [Ismaru-

463 2057 713 2120 iusonles,
734 2055 998 2110 absolvens
1019 2071 1136 2109 vero
1157 2072 1292 2110 reos.
1320 2055 1366 2111 Ο
1388 2054 1733 2120 miraculum,
1759 2069 2032 2124 magnam-

2162 2041 2272 2097 ιένε
2298 2041 2535 2112 ἡμερῶν
2551 2042 2753 2099 κακῶν
2769 2060 2782 2073 ⁸
2811 2044 2932 2101 νῦν
2959 2046 3149 2114 ἦκασί
3171 2062 3288 2101 σου
3332 2047 3725 2138 αίυάμαρτίαι,

463 2161 571 2212 que
610 2146 846 2215 Spiritus
893 2146 1239 2202 libertatem!
1280 2144 1384 2200 Ubi
1433 2145 1568 2199 enim
1612 2143 1839 2215 Spiritus
1884 2154 2028 2207 erat,

2162 2130 2206 2199 ις
2235 2133 2460 2199 ἐποίεις
2498 2132 2563 2187 τὸ
2591 2133 2898 2204 πρότερον,
2935 2135 3078 2202 τοὺς
3107 2136 3228 2206 μὲν
3259 2135 3489 2201 ἀθώους
3531 2130 3728 2190 aiata-

464 2237 575 2292 illic
598 2237 810 2292 libertas
834 2239 901 2292 ".
939 2237 1141 2293 Videtis
1166 2238 1335 2304 enim,
1357 2248 1414 2292 ut
1442 2248 1616 2307 neque
1648 2238 1700 2297 in
1728 2237 1845 2306 ipso
1870 2250 2032 2291 cxor-e

2162 2224 2371 2292 ξρινων,
2406 2225 2693 2280 ἀπολύων
2713 2224 2783 2279 δὲ
2812 2226 2953 2295 τοὺς
2977 2228 3227 2294 αἰτίους.
3265 2229 3330 2281 Ὢ
3368 2227 3462 2282 τοῦ
3488 2227 3724 2298 θαύμα-

465 2328 552 2382 ιΙὶο
576 2328 797 2393 timeat;
820 2330 913 2384 sed
926 2337 982 2381 ut
1005 2328 1057 2383 in
1086 2328 1193 2383 ima
1217 2328 1329 2397 ipsa
1351 2326 1701 2383 conscientiae
1722 2327 2030 2389 intendens,

2162 2333 2243 2378 ος,
2276 2315 2369 2369 καὶ
2388 2314 2488 2386 τῆς
2520 2315 2761 2388 μεγάλης
2787 2316 3098 2390 ἐλευθερίας
3125 2319 3220 2372 τοῦ
3247 2318 3599 2390 Πνεύματοςί
3627 2315 3721 2377 Οὗ

464 2433 530 2472 ac
581 2404 794 2474 animos
841 2434 1029 2474 senum
1082 2428 1426 2489 peccatorum
1469 2406 1762 2488 apothecas
1804 2417 2030 2483 videns,

2162 2406 2243 2476 -ὰρ
2274 2408 2339 2461 τὸ
2361 2408 2596 2479 πνεῦμα
2621 2405 2720 2479 ἦν,
2751 2411 3074 2480 ἐλευθερία.
3120 2413 3315 2484 Ὁρᾶτε
3336 2411 3464 2483 γὰρ,
3487 2412 3567 2476 ὡς
3585 2412 3724 2466 οὐδὲ

471 2520 639 2566 testes
686 2511 906 2579 quidem
937 2526 1001 2565 ac
1047 2498 1395 2580 probationes
1428 2523 1535 2563 non
1574 2517 1815 2578 quaerat;
1846 2509 2036 2566 durius

2165 2519 2194 2555 ν
2231 2500 2533 2572 προοιμίοις
2572 2501 2987 2557 ὑποστέλλεται·
3015 2503 3129 2557 ἀλλ’
3171 2507 3251 2570 είς
3287 2505 3348 2558 τὸ
3392 2505 3556 2575 βάθος
3618 2504 3723 2558 τοῦ

465 2611 643 2657 autem
668 2616 765 2672 per
795 2601 1178 2657 contumeliam
1220 2600 1452 2671 appellet
1472 2641 1488 2666 ,
1520 2608 1582 2655 ut
1619 2602 1712 2670 qui
1740 2600 2034 2669 propheta,

2162 2592 2439 2657 ῖυνειδότος
2475 2594 2807 2660 ὲνατενίσας,
2840 2596 2929 2650 καὶ
2998 2595 3208 2667 βλέπων
3252 2597 3353 2661 τὰς
3386 2596 3568 2668 ψυχὰς
3600 2596 3726 2653 τῶν

467 2695 789 2749 sententiam
813 2694 1070 2763 scriptam
1102 2694 1156 2747 in
1183 2701 1403 2763 pectore
1436 2692 1683 2749 haberet.
1715 2694 1793 2748 Ae
1818 2694 2035 2763 quidem

2162 2686 2412 2757 reptime
2470 2687 2753 2759 ἀποθήκας
2797 2689 3081 2761 ἁμαρτιῶν
3107 2731 3123 2757 ,
3162 2690 3444 2763 μάρτυρας
3480 2692 3581 2761 μὲν
3619 2690 3725 2745 καὶ

467 2789 611 2855 quod
636 2792 846 2855 spectat
880 2787 947 2840 ad
972 2787 1170 2854 ipsmu,
1200 2799 1300 2839 nec
1322 2784 1615 2853 quidquam
1650 2785 1906 2852 dixisset;
1943 2784 2036 2841 sed

2162 2776 2443 2853 ιποδείξεις
2473 2780 2534 2832 οὑ
2568 2782 2753 2850 ζητεῖ·
2790 2779 3026 2851 ὑϐρίζων
3077 2782 3134 2835 δὲ
3166 2781 3419 2852 ἐπαχθῶς
3466 2798 3729 2853 προσκα-

468 2874 616 2928 nulla
655 2887 806 2930 mora
838 2874 1028 2930 abduci
1046 2872 1330 2942 iussisset;
1364 2875 1489 2942 quia
1515 2885 1694 2929 tamen
1734 2875 2040 2932 suatlendus

2162 2872 2332 2931 κεῖται,
2366 2870 2552 2941 ἐπειδὴ
2572 2873 2671 2943 τήν
2706 2872 2978 2943 ἀπόφασιν
3012 2874 3126 2944 ἔχει
3175 2873 3567 2945 γεγραμμένην
3621 2874 3728 2928 ἐπὶ

469 2977 592 3022 erat
647 2967 908 3037 insipiens
966 2966 1232 3043 populus,
1281 2966 1534 3037 levesque
1572 2968 1813 3037 judices,
1852 2970 1943 3038 qui
1972 2984 2041 3024 ex

2162 2961 2237 3020 ιοῦ
2296 2962 2525 3033 στήθους
2576 2964 2606 3015 6
2655 2966 2959 3035 προφήτης.
3011 2965 3117 3019 Καὶ
3164 2967 3287 3020 ὅσον
3337 2983 3402 3035 γε
3443 2968 3524 3031 εἰς
3550 2968 3728 3019 αὑτὸν

473 3070 716 3115 actorum
747 3058 926 3129 potius
956 3058 1129 3127 canis,
1157 3073 1319 3128 quam
1345 3073 1411 3113 ex
1446 3060 1678 3114 veritate
1710 3061 2041 3127 sanxissent,

2162 3068 2296 3124 λκεν,
2334 3053 2435 3106 οὑκ
2464 3052 2529 3107 ἂν
2552 3053 2672 3107 οὐδὲ
2723 3051 2843 3109 εἶπέ
2869 3074 2941 3122 τι,
2985 3056 3098 3110 ἀλλ’
3123 3057 3508 3128 ἁνυπερθέτως
3541 3060 3610 3129 τῇ
3648 3075 3733 3111 τι-

472 3152 637 3206 ctiam
665 3151 893 3207 seorsim
925 3150 1139 3219 positis,
1178 3149 1621 3219 interrogationis
1660 3150 1879 3206 adhibet
1920 3167 2043 3221 pro-

2162 3142 2329 3213 ιωρίᾳ
2360 3144 2751 3215 παρέπεμψενο
2783 3145 2869 3200 ἵνα
2899 3145 2956 3199 δὲ
2984 3146 3151 3221 πείσῃ
3191 3147 3317 3203 λαὸν
3358 3148 3590 3220 ἄφρονα,
3627 3151 3732 3201 καὶ

472 3243 783 3306 hationem,
830 3256 1004 3311 exque
1038 3242 1254 3297 dissona
1301 3242 1653 3312 responsione
1701 3244 2042 3298 mendacium

2162 3234 2344 3305 κριτὰς
2375 3235 2609 3304 κούφους
2628 3239 2693 3307 τῇ
2726 3238 2888 3309 πολιᾷ
2913 3238 3024 3291 τῶν
3046 3240 3386 3311 κατηγόρων,
3407 3240 3468 3293 οὑ
3490 3243 3560 3312 τῇ
3589 3239 3733 3312 ἅλις-

475 3335 696 3406 arguit:
739 3351 803 3390 ac
850 3334 957 3388 lata
991 3333 1298 3401 sententia,
1337 3348 1446 3388 non
1475 3333 1828 3390 carniﬁcibus
1880 3336 2048 3391 tradit

2162 3325 2268 3397 λείᾳ
2319 3325 2673 3394 δικάσαντας,
2705 3328 2801 3382 καὶ
2831 3328 2929 3400 τήν
2987 3332 3182 3400 πεῖραν
3246 3328 3349 3400 τῆς
3400 3331 3734 3401 ἐρωτήσεως

475 3442 635 3496 reus,
681 3428 776 3484 sed
809 3427 1010 3483 ultores
1042 3425 1266 3498 angelos
1311 3426 1578 3481 adversus
1623 3441 1719 3482 eos
1764 3429 1997 3483 accersit
2028 3445 2043 3483 :

2162 3417 2576 3490 κεχωρισμένοις
2599 3420 2890 3490 προσάγει,
2932 3421 3026 3474 καὶ
3050 3421 3112 3473 τὸ
3134 3419 3331 3491 ψεῦδος
3379 3421 3445 3475 ὲκ
3472 3421 3575 3491 τῆς
3606 3420 3736 3476 δια-

508 3517 560 3572 ic
590 3517 864 3583 nimirum,
889 3531 1065 3588 eoque
1091 3514 1308 3572 cumulo
1339 3524 1651 3573 sanctorum
1688 3518 1931 3586 provexit
1962 3519 2047 3574 rli-

2162 3510 2433 3583 ρωνούσης
2486 3511 2832 3585 ἀποκρίσεως
2882 3512 3183 3585 διελέγχει·
3237 3513 3334 3567 καὶ
3397 3513 3495 3585 τὴν
3543 3514 3736 3585 κρίσιν

477 3609 691 3680 gnitas,
734 3617 794 3664 ut
833 3618 889 3664 et
925 3608 1153 3664 virtutes
1190 3606 1492 3665 invisibiles
1534 3608 1641 3664 illis
1680 3608 1941 3680 obsequio
1985 3627 2049 3666 ac

2162 3602 2470 3672 ἐξενεγκὼν,
2490 3605 2552 3659 οὑ
2590 3604 2805 3676 δημίοις
2833 3605 3049 3660 δίδωσιν
3082 3605 3435 3670 ὑπευθύνους,
3481 3606 3599 3659 ἀλλ’
3631 3607 3738 3676 ἀγ-

478 3701 747 3778 ωιὶηὶειτω
777 3701 976 3757 adsint.
2150 3693 2343 3763 γέλοιος
2377 3695 2497 3749 κατ’
2536 3695 2716 3751 αὐτῶν
2736 3697 3127 3769 κολαστηρίους
3156 3698 3330 3752 καλεῖ.
3354 3698 3448 3761 Εἰς
3469 3697 3737 3751 τοσοῦτον

914 3790 923 3801 ‘
2149 3786 2261 3859 γὰρ
2286 3786 2500 3858 ηὐξήθη
2526 3787 2590 3843 τὸ
2621 3787 2730 3842 τῶν
2762 3789 2935 3859 ἁγίων
2964 3788 3201 3861 ἀξίωμα,
3246 3788 3323 3854 ὡς
3355 3788 3616 3861 δυνάμεις
3644 3790 3740 3844 ἀο-

2154 3878 2352 3951 ράτους
2375 3879 2521 3950 ἔχειν
2547 3879 2647 3944 τὰς
2669 3880 3114 3953 ὑπηρετουμένας
3138 3881 3341 3945 αὐτοῖς.

548 3964 805 4030 Quanam
849 3933 980 4019 vero
1008 3963 1261 4034 deinceps
1305 3966 1449 4023 facta
1489 3975 1615 4022 sunt
1641 3967 1886 4025 scelestis
1907 3969 2054 4025 seni-

2162 3933 2168 3951 .
2223 3933 2358 4026 Τίνα
2380 3933 2449 4025 τὶ
2479 3971 2608 4039 ἑξῆς
2627 3933 3009 4046 ’τοίςιμιαροίς
3027 3933 3263 4046 γέρουσι
3281 3933 3668 4046 ίίῖίροετράπη
3704 3976 3738 4045 ή

480 4059 617 4113 bus?
669 4055 875 4112 Ilutato
911 4056 1159 4125 judicio,
1208 4075 1330 4115 cum
1380 4069 1626 4115 veterum
1668 4061 2040 4132 iniquitatum,

481 4158 598 4202 tum
629 4149 866 4206 recentis
896 4150 1103 4221 peccati
1130 4164 1319 4219 prunas
1344 4164 1519 4209 morte
1545 4154 1756 4221 daturi;
1795 4164 1902 4210 tota
1926 4170 2055 4212 vero

483 4239 721 4311 Babylon
757 4251 1031 4312 gestarum
1082 4254 1265 4300 rerum
1314 4247 1669 4310 miraculum.
1713 4264 1778 4304 ac
1814 4265 1928 4305 rem
1977 4249 2056 4306 sic

485 4347 677 4387 novam
716 4333 770 4387 in
796 4347 894 4389 ore
927 4334 1132 4390 habens
1150 4376 1166 4402 ,
1192 4335 1362 4393 Deum
1409 4340 1641 4396 canticis
1663 4340 2053 4407 celebrabant,

481 4422 574 4491 qui
605 4421 889 4478 latentium
940 4424 1243 4480 fabularum
1272 4429 1521 4484 nOIitiam
1561 4430 1616 4485 in
1652 4431 1926 4501 publicum
1977 4435 2056 4490 fe-

2156 4061 2337 4131 κρίσις
2361 4081 2377 4095 ·
2403 4061 2642 4133 ἀπῆλθον
2674 4062 2754 4127 δὲ,
2787 4063 2883 4117 καὶ
2908 4062 3016 4117 τῶν
3040 4063 3284 4117 παλαιῶν
3312 4061 3601 4133 ἀνομιιῶν,
3640 4064 3739 4116 καὶ

2156 4061 2337 4131 κρίσις
2361 4081 2377 4095 ·
2403 4061 2642 4133 ἀπῆλθον
2674 4062 2754 4127 δὲ,
2787 4063 2883 4117 καὶ
2908 4062 3016 4117 τῶν
3040 4063 3284 4117 παλαιῶν
3312 4052 3601 4224 ἀνοξειῶν,
3640 4064 3737 4116 καὶ

2153 4152 2254 4223 τῆς
2280 4151 2405 4215 νέας
2431 4152 2726 4225 ἁμαρτίας,
2760 4152 2997 4216 διδόντες
3018 4152 3106 4207 διὰ
3132 4152 3363 4208 θανάτου
3384 4171 3413 4206 τ
3531 4153 3698 4223 δίκην
3721 4169 3737 4184 ·

2156 4242 2414 4299 Βαϐυλὼν
2443 4244 2501 4299 δὲ
2524 4245 2673 4298 πᾶσα
2700 4245 2759 4297 τὸ
2807 4244 3109 4315 παράδοξον
3152 4244 3263 4297 τῶν
3308 4245 3614 4314 γενομένων
3647 4244 3742 4299 διὰ

2158 4334 2427 4405 στόματος
2460 4329 2628 4404 εἶχον,
2662 4334 2758 4387 καὶ
2793 4333 2982 4409 ὓμνοις
3030 4334 3123 4387 τὸν
3173 4333 3306 4388 Θεὸν
3362 4337 3737 4407 ἀνευφήμουν,

2157 4427 2251 4482 τὸν
2276 4427 2387 4482 τῶν
2414 4426 2787 4481 λανθανόντων
2811 4426 3106 4499 δραμάτων
3160 4428 3261 4500 τὴν
3315 4427 3513 4496 γνῶσιν
3565 4427 3740 4499 δημο-

481 4514 668 4569 cisset.
699 4513 868 4571 Porro
911 4516 1123 4573 Helcias
1155 4529 1368 4589 recepta
1409 4521 1539 4587 illia,
1569 4533 1714 4579 totus
1749 4525 1932 4581 animo
1969 4541 2054 4582 re-

2162 4519 2465 4574 σιεύσαντα.
2505 4518 2614 4581 Καὶ
2658 4518 2871 4582 Ἑλκίας
2897 4520 3036 4591 ὑπὲρ
3067 4520 3167 4591 τῆς
3197 4519 3386 4583 παιδὸς
3428 4519 3737 4590 ἀνενεώθηο

484 4618 711 4664 novatus
779 4618 889 4678 est;
968 4608 1248 4676 Joachim.
1317 4614 1513 4670 festum
1589 4617 1830 4673 victoriae
1910 4620 2052 4676 diem

482 4700 679 4755 cecinit
741 4716 839 4772 pro
888 4718 1090 4768 uxore;
1152 4702 1278 4771 filii,
1331 4721 1474 4763 verae
1555 4708 1698 4765 illius
1765 4724 1828 4766 ac
1891 4721 2055 4768 castte

483 4795 740 4863 pignora,
796 4793 1035 4852 vultibus
1089 4797 1284 4854 blande
1348 4798 1413 4853 ad
1465 4800 1633 4854 risum
1700 4805 2047 4874 οοηιροείιίεν

484 4884 627 4937 circa
684 4893 908 4939 matrem
976 4887 1308 4955 gestiebant,
1379 4890 1680 4959 ﬂebilisque
1735 4892 1824 4947 ille
1887 4892 2062 4955 luctus

486 4985 630 5030 totus
684 4976 736 5032 in
792 4976 1031 5030 laetitiam
1077 4980 1262 5034 cessit.
1307 4980 1415 5036 Vos
1468 4989 1689 5055 autem,
1741 4981 1943 5040 Christi
1969 5001 2063 5057 po-

491 5064 686 5136 pulus,
764 5066 1010 5135 piissima
1079 5083 1145 5123 ac
1205 5070 1407 5126 salubri
1475 5073 1657 5127 audita
1706 5074 2058 5144 narratione,

487 5171 556 5209 ne
641 5155 976 5224 negligenter
1052 5161 1288 5215 auditam
1332 5164 1723 5230 praeters-stis:
1781 5167 1910 5236 quin
1952 5169 2062 5225 imo

489 5246 749 5301 doctrinae
773 5263 836 5303 ac
858 5250 1263 5307 exercitationis
1287 5254 1408 5308 vitae
1432 5264 1830 5326 argumentum,
1852 5272 2063 5315 sermo-

490 5352 612 5392 nem
638 5341 946 5394 assumatis.
974 5342 1078 5397 Vos
1105 5341 1337 5410 feminis,
1364 5346 1686 5401 aemulamini
1719 5348 2023 5405 Susannam
2045 5393 2060 5415 ,

489 5429 569 5482 sic
604 5430 736 5483 viris
766 5431 1071 5486 castitatem
1104 5444 1320 5490 servate
1345 5477 1360 5501 ,
1389 5438 1466 5489 uti
1520 5450 1615 5492 suo
1666 5437 1754 5491 illa
1787 5441 2058 5508 servavit;

493 5516 789 5589 maluitquc
835 5520 945 5587 pati
997 5534 1062 5575 ac
1110 5522 1263 5577 adire
1311 5523 1775 5595 pericula,quam
1830 5529 2063 5583 mwchia

494 5610 661 5666 Deum
692 5626 1019 5680 provocare,
1049 5613 1163 5670 viro
1202 5616 1457 5685 probrum
1509 5619 1719 5686 facere,
1778 5619 1965 5676 domos
1992 5636 2066 5677 ac

2178 4612 2436 4683 Ἰωακεὶμ
2478 4613 2579 4684 τὴν
2600 4610 2868 4666 ἐπινίκιον
2887 4609 3019 4685 ᾖσεν
3047 4611 3188 4684 ὑπὲρ
3209 4611 3309 4679 τῆς
3333 4612 3591 4679 γυναικὸς
3616 4613 3742 4684 ἑορ-

2163 4706 2263 4777 τήν
2282 4719 2297 4733 ⁸
2334 4704 2521 4769 παῖδες
2544 4704 2621 4769 δὲ,
2649 4703 2878 4774 γνησίας
2916 4704 3011 4758 καὶ
3040 4705 3136 4775 τῆς
3192 4702 3465 4776 σώφρονος
3510 4702 3736 4772 ἔκγονα,

2166 4795 2411 4867 μειδιῶσι
2440 4794 2750 4867 προσώποις
2770 4794 2867 4867 τὴν
2890 4786 3097 4867 μητέρα
3118 4794 3531 4868 περιεσκίρτων,
3557 4796 3654 4849 καὶ
3680 4798 3739 4849 τὺ

2161 4889 2471 4959 πολύδακρυ
2529 4887 2724 4950 πένθος
2770 4887 3179 4958 μετεσκευάσθη
3231 4888 3310 4952 είς
3370 4888 3735 4959 εὐφροσύνην.

2173 4980 2361 5051 Ὑμεῖς
2411 4978 2489 5043 δὲ,
2543 4973 2589 5031 ὦ
2618 4977 2711 5032 τοῦ
2745 4978 2981 5051 Χριστοῦ
3015 4977 3161 5045 λαὸς,
3211 4979 3604 5052 εὐσεϐεστάτης
3645 4984 3737 5035 καὶ

2159 5068 2494 5139 ψυχοφελοῦς
2524 5069 2764 5139 ἱστορίας
2792 5068 3143 5131 ἀκούσαντες,
3174 5069 3249 5140 μὴ
3290 5070 3599 5142 ἀδιαφόρως
3640 5072 3738 5143 τὴν

2161 5161 2332 5233 ἀκοὴν
2356 5160 2753 5232 παραδράμητε
2776 5178 2790 5192 ·
2828 5160 2964 5215 ἀλλὰ
2993 5158 3242 5215 παιδείαν
3267 5162 3359 5215 καὶ
3380 5160 3612 5234 ἄσκήσιν
3643 5163 3736 5217 τοῦ

2161 5254 2429 5324 ὑμετέρου
2454 5252 2567 5323 βίου
2593 5255 2683 5307 τὸν
2707 5253 2864 5322 λόγον
2896 5252 3211 5324 ποιήσασθε.
3242 5255 3309 5307 Αἱ
3336 5258 3610 5323 γυναῖκες,
3642 5256 3736 5327 ζη-

2160 5343 2367 5395 λώσατε
2396 5345 2494 5414 τήν
2524 5344 2838 5398 Σωσάννανο
2872 5342 3017 5396 οὕτω
3040 5342 3311 5412 φυλάξατε
3361 5346 3474 5407 τοῖς
3511 5345 3736 5416 ἀνδράσι

2161 5434 2263 5506 τὴν
2290 5437 2664 5507 σωφροσύνην,
2707 5436 2783 5499 ὡς
2819 5437 3000 5507 ἐκείνη
3049 5436 3128 5507 τῷ
3184 5437 3417 5507 ἑαυτῆς·
3450 5437 3646 5490 παθεῖν
3680 5455 3733 5491 τε

2161 5529 2255 5582 καὶ
2277 5527 2606 5582 κινδυνεύειν
2636 5527 2997 5595 καταδέξασθε
3026 5530 3248 5600 μᾶλλον,
3272 5530 3305 5601 ἢ
3357 5528 3571 5601 μοιχείᾳ
3605 5529 3736 5585 Θεὸν

2166 5619 2542 5693 παροργίζειν,
2569 5619 2739 5694 ἄνδρα
2770 5621 3179 5693 καταισχύνειν,
3200 5622 3382 5686 οἴκους
3411 5621 3510 5678 καὶ
3553 5623 3737 5686 ἑστίας

565 5787 612 5830 *³
648 5786 997 5849 uitulinum
1018 5829 1035 5857 ,
1062 5790 1151 5847 24.
1226 5794 1273 5826 ⁸⁸
1306 5793 1406 5850 lsa.
1439 5810 1513 5863 vr,
1539 5795 1590 5849 5.
1668 5798 1712 5829 ’⁵
1741 5795 1783 5852 ιι
1807 5797 1927 5854 Cor.
1962 5814 2040 5866 ιιι,
2072 5800 2149 5855 l7.
