3820 6302
336 383 431 433 εει

1607 384 1668 444 S.
1708 381 1975 439 ASTERII
2014 380 2317 440 AMASENI

3495 382 3617 441 εδει

341 510 483 560 vum,
514 495 717 568 quique
733 512 831 567 pro
846 499 1075 557 Domino
1094 500 1355 559 adversus
1374 501 1662 575 iujuriosos
1687 504 1913 559 habeam

2082 516 2153 553 ιεν
2202 499 2342 571 ὑπὲρ
2389 497 2483 553 τοῦ
2532 500 2805 555 Δεσπότου
2860 498 3002 554 κατά
3043 498 3152 553 τῶν
3198 497 3469 571 ὑϐριστῶν
3519 500 3621 566 ἐξ·

341 593 636 657 insurgere.
672 588 1033 655 Quamobrem
1059 593 1222 649 etiam
1250 593 1501 652 clamabo
1532 595 1584 649 in
1621 594 1915 663 Hebraeos,

341 690 597 747 tanquam
630 681 788 737 bodie
817 694 1143 753 praesentes,
1181 701 1245 741 ac
1268 686 1451 742 furore
1468 698 1620 743 actos
1648 687 1916 760 :Ergone,

342 768 572 834 scelesti,
612 768 880 840 lapidibus
930 772 1251 829 beneficium
1292 774 1590 845 appetitis?
1617 773 1750 841 Quis
1776 775 1919 829 enim

342 874 449 915 vos
479 877 513 916 e
545 870 695 932 petra
725 864 966 934 potavit?
999 867 1266 937 Appetitis
1305 883 1427 923 eum
1459 867 1726 939 lapidibus
1749 909 1764 935 ,
1799 866 1916 936 qui,

343 949 567 1019 lapideis
607 953 807 1009 tabulis
844 956 1108 1026 insculpta
1140 957 1258 1028 lege
1281 997 1296 1024 ,
1341 959 1507 1014 vitam
1536 970 1771 1014 vestram
1812 958 1924 1016 for-

344 1044 856 1115 mavitlAppetitis,
886 1050 1131 1121 inquam,
1160 1051 1391 1121 lapidem
1431 1053 1682 1119 electum,
1716 1054 1921 1124 pretio-

344 1148 485 1201 sum,
538 1152 697 1207 quem
741 1140 906 1197 lsaias
950 1143 1279 1213 praedixit‘?
1319 1146 1585 1217 Appetitis
1626 1149 1921 1219 spiritalem

345 1227 576 1297 lapidem
598 1271 614 1298 ,
644 1232 790 1288 nulla
825 1235 1059 1291 hominis
1109 1253 1272 1292 manu
1294 1280 1309 1305 ,
1358 1254 1390 1294 e
1435 1251 1701 1310 pnerupta
1736 1250 1920 1311 petra,

346 1320 494 1389 iuxta
533 1324 674 1393 quod
708 1327 892 1381 docuit
926 1328 1263 1386 admirabilis
1299 1331 1483 1386 Daniel
1506 1333 1548 1397 ²,
1586 1333 1924 1389 abscissum?

347 1413 613 1483 Appetitis
654 1415 924 1487 lapidibus
952 1435 1221 1476 summum
1261 1425 1573 1494 angularem
1612 1426 1841 1497 lapidem
1879 1427 1922 1493 ⁸,

348 1506 438 1575 qui
469 1508 702 1577 parietes
735 1512 869 1567 duos
903 1511 1037 1568 Novi
1069 1529 1133 1570 ac
1166 1512 1378 1571 Veteris
1404 1515 1736 1573 Testamenti
1771 1534 1923 1573 com-

350 1597 552 1653 mittit?
587 1598 824 1658 Tametsi
852 1604 994 1659 enim
1025 1620 1128 1661 non
1164 1608 1404 1683 creditis,
1437 1618 1629 1679 potens
1673 1619 1752 1666 est
1787 1611 1927 1667 Deus

349 1690 414 1743 de
444 1689 710 1759 lapidibus
742 1694 863 1752 istis
890 1699 1159 1754 suscitare
1192 1700 1330 1757 ﬁlios
1359 1701 1593 1758 Abrahae
1612 1712 1667 1769 ';
1697 1704 1797 1759 hoc
1822 1714 1928 1771 est,

349 1785 736 1853 acceptabilem
761 1786 983 1846 Christo
1015 1792 1292 1862 populum,
1322 1811 1387 1849 ex
1424 1798 1675 1866 gentibus
1700 1813 1763 1853 ac
1786 1814 1927 1868 prte-

272 1936 277 1939 _
351 1878 502 1947 putio
526 1895 901 1953 congregare:
946 1884 1000 1940 in
1036 1902 1144 1955 quo
1177 1888 1341 1943 etiam
1375 1890 1788 1959 promissionem
1817 1907 1930 1948 sus-
1964 1871 2005 1927 Β

352 1967 499 2037 cepit
554 1970 851 2041 Abraham,
885 1975 1098 2033 dicente
1127 1979 1176 2033 ei
1218 1979 1346 2047 Deo,
1382 1980 1498 2036 fore
1538 1982 1590 2036 in
1622 1997 1689 2038 eo
1711 1982 1933 2039 benedi-

353 2062 551 2117 cendas
583 2079 773 2141 omnes
810 2078 1001 2138 gentes
1029 2070 1075 2125 ⁸.
1114 2070 1324 2128 Arcana
1352 2068 1492 2130 énim
1537 2075 1678 2133 Deus
1705 2079 1933 2135 scientia

354 2152 594 2211 futurum
625 2159 950 2227 praavidens,
980 2177 1171 2221 omnes
1205 2167 1257 2221 in
1295 2177 1570 2239 posterum
1629 2172 1934 2227 credituros

355 2243 478 2301 ﬁdei
526 2247 650 2303 duci
698 2263 762 2303 ac
807 2251 1037 2324 principi
1082 2256 1133 2312 in
1168 2257 1399 2314 ﬁliorum
1430 2270 1634 2316 sortem
1668 2262 1931 2318 attribuit.

353 2337 565 2395 Extunc
631 2344 776 2401 enim
822 2351 1183 2405 contuebatur
1242 2352 1592 2407 Hebmorum
1631 2354 1809 2423 populi
1851 2370 1938 2410 se-

352 2431 636 2503 ditionem,
696 2451 760 2493 ac
822 2438 1035 2494 videbat
1103 2440 1335 2509 lapides,
1401 2441 1630 2511 falsique
1702 2443 1938 2499 nominis

354 2524 493 2582 ﬁlios
530 2527 795 2585 abdicatis
840 2533 1181 2587 accensebat.
1242 2533 1377 2588 Cum
1442 2544 1623 2589 autem
1689 2549 1937 2591 sermone

354 2614 639 2673 veritatem
700 2621 1049 2689 annuntians,
1119 2622 1534 2695 haudquaquam
1586 2627 1939 2696 persuaderet

356 2708 650 2777 pietatem,
700 2714 914 2769 tametsi
973 2716 1161 2772 aderat
1206 2718 1672 2787 abscondebatur;
1736 2736 1800 2776 ac
1840 2737 1938 2791 ap-

356 2814 555 2869 parens
619 2818 723 2859 non
770 2805 1077 2874 videbatur,
1123 2822 1232 2878 quo
1290 2811 1380 2865 tali
1426 2812 1686 2867 miraculo
1739 2814 1939 2869 admit-

360 2899 481 2948 tere
524 2905 764 2963 cogeret,
809 2910 932 2954 esse
981 2899 1501 2971 ipsum-Christum,
1549 2920 1615 2959 ac
1644 2903 1813 2960 Deum
1848 2921 1939 2974 pa-

358 2993 516 3040 rente
555 2986 830 3044 Abraham
877 2991 1170 3049 seuiorem.
1213 2996 1435 3061 Audite,
1481 3012 1631 3070 ergo,
1678 2998 1871 3069 inquit,
1901 3013 1935 3055 0

2025 592 2364 648 ἀνίστασθαι.
2397 592 2487 648 Διὸ
2513 593 2609 647 καὶ
2640 592 2976 665 κεκράξομαι
3002 591 3137 664 πρὸς
3168 592 3293 655 τοὺς
3319 589 3620 663 Ἐϐραίους

2025 683 2103 748 ὡς
2143 684 2417 756 παρόντας
2452 686 2713 758 σήμερον,
2763 686 2859 740 καὶ
2904 685 3057 756 παρά
3084 685 3183 756 τῆς
3214 682 3414 755 μανίας
3455 683 3621 755 ἐνερ⁴

2026 777 2358 849 γουμένουςο
2401 778 2656 843 Βάλλετε,
2692 778 2898 850 μιαροὶ,
2938 776 3111 840 λίθοις
3139 775 3231 829 τὸν
3269 775 3617 846 εὐεργέτην;

2031 869 2139 941 [τίς
2163 870 2271 942 γάρ
2302 871 2447 943 ὑμᾶς
2468 870 2768 941 ἐκπέτρας
2804 870 3048 935 ἐπότισε;
3080 866 3297 939 βάλλετε
3325 867 3416 921 τὸν
3444 866 3617 933 πλαξὶ

2026 962 2252 1027 λιθίναις
2281 963 2371 1018 τὸν
2418 963 2530 1035 βίον
2557 963 2711 1034 ὑμῶν
2745 962 3103 1015 κανονίσαντα
3128 959 3209 1033 ';]
3255 960 3479 1031 βάλλετε
3518 959 3617 1012 τὸν

2029 1053 2284 1107 ἐκλεκτὸν
2308 1053 2455 1107 λίθον
2476 1054 2571 1108 καὶ
2595 1054 2829 1125 ἔντιμον,
2862 1052 2920 1106 ὃν
2956 1052 3183 1116 Ἡσαΐας
3212 1051 3339 1122 ὑμῖν
3368 1050 3621 1122 προεφή-

2028 1161 2218 1211 τευσες
2263 1145 2482 1217 βάλλετε
2520 1145 2613 1200 τὸν
2647 1146 2835 1219 νοητὸν
2862 1145 3014 1198 λίθον
3045 1145 3135 1199 τὸν
3164 1144 3265 1214 τῆς
3302 1142 3618 1214 ἀκροτόμου

2030 1236 2236 1309 πέτρας
2268 1239 2654 1311 ἀπορραγέντα
2691 1239 2818 1293 ἀνευ
2852 1237 3036 1311 χειρός
3064 1236 3435 1308 ἀνθρωπίνης,
3465 1235 3545 1299 ὡς
3584 1236 3624 1288 ὁ

2032 1328 2320 1395 θεσπέσιος
2359 1330 2555 1404 Δανιὴλ
2586 1332 2732 1402 ὑμᾶς
2768 1328 3010 1395 ἐδίδαξες
3055 1328 3273 1400 βάλλετε
3304 1327 3475 1391 λίθοις
3520 1324 3623 1381 τὸν

2032 1422 2450 1493 ἀκρογωνιαῖον,
2478 1421 2569 1475 τὸν
2604 1422 2731 1486 τοὺς
2758 1420 2851 1475 δύο
2889 1420 3100 1490 τοίχους
3133 1419 3232 1489 τῆς
3272 1417 3483 1488 Καινῆς
3516 1416 3623 1471 καὶ

2031 1514 2130 1586 τῆς
2172 1512 2415 1578 Παλαῖας
2445 1512 2721 1585 Διαθήκης
2763 1513 3101 1582 συνάγοντας
3144 1510 3261 1564 Κᾶν
3304 1509 3413 1580 γὰρ
3455 1509 3623 1578 ὑμεῖς

2038 1606 2114 1678 μὴ
2143 1605 2493 1679 πιστεύσητε,
2522 1606 2748 1671 δυνατὸς
2768 1607 2796 1659 6
2819 1605 2950 1669 Θεὸς
2972 1605 3036 1657 ἐκ
3054 1602 3220 1657 λίθων
3246 1601 3451 1656 τούτων
3474 1602 3625 1670 ἐγεῖ-

2038 1717 2129 1772 ραι
2144 1699 2309 1753 τέκνα
2322 1698 2401 1771 τῷ
2427 1698 2678 1771 Ἀϐραάμ
2694 1712 2707 1727 '
2725 1698 3022 1762 τουτέστιν,
3038 1696 3102 1751 ἀθ
3113 1698 3287 1768 ροῖσαι
3301 1694 3381 1765 τῷ
3394 1692 3625 1765 Χριστῷ

2035 1793 2163 1847 λαὸν
2195 1791 2527 1865 περιούσιον,
2566 1792 2661 1845 τὸν
2694 1790 2755 1856 ἐξ
2797 1789 2965 1844 ἐθνῶν
3001 1790 3094 1842 καὶ
3129 1786 3497 1859 ἀκρόϐυστονο
3531 1785 3625 1854 ἐφ’

2033 1877 2078 1954 ᾧ
2106 1887 2201 1938 καὶ
2233 1885 2332 1956 τὴν
2365 1883 2694 1953 ἐπαγγελίαν
2725 1884 2755 1936 ό
2798 1879 3052 1955 Ἀϐραάμ
3084 1879 3323 1946 ἐδέξατο,
3371 1876 3626 1940 εἰπόντος

2035 1976 2182 2049 αύτῷ
2219 1976 2312 2031 τοῦ
2348 1975 2507 2039 Θεοῦ,
2547 1976 2630 2029 ὅτι
2673 1974 3175 2044 Εὑλογισθήσονται
3206 1972 3264 2024 ἐν
3313 1969 3396 2023 σοὶ
3440 1970 3629 2023 πάντα

2033 2070 2103 2125 τά
2138 2071 2287 2143 ἔθνη.
2322 2071 2401 2143 Τῇ
2435 2069 2544 2141 γὰρ
2580 2070 2879 2140 ἀπορρήτῳ
2907 2066 3142 2136 γνώσει⁸
3177 2064 3390 2134 βλέπων
3431 2064 3460 2115 6
3486 2061 3630 2125 Θεὸς

2035 2161 2097 2215 τὸ
2129 2161 2341 2232 μέλλον,
2371 2160 2449 2231 τῷ
2473 2159 2704 2231 άρχηγῷ
2728 2159 2826 2229 τῆς
2858 2157 3116 2220 πίστεως.
3151 2156 3360 2218 πάντας
3386 2156 3515 2217 τοὺς
3543 2155 3631 2218 είς

2037 2252 2264 2325 ὕστερον
2294 2250 2569 2305 πιστεύειν
2603 2250 2916 2322 μέλλοντας,
2954 2251 3033 2312 είς
3070 2247 3222 2313 τάξιν
3258 2245 3631 2316 ἀπεκλήρωσε

2037 2345 2263 2399 τέκνων.
2332 2342 2586 2415 Ἐθεὼρει
2641 2343 2750 2415 γάρ
2807 2341 2993 2395 ἔκτοτε
3047 2339 3156 2393 τῶν
3214 2337 3478 2408 Ἐϐραίων
3523 2335 3633 2406 τὴν

2040 2436 2249 2501 στάσιν,
2285 2435 2380 2489 καὶ
2424 2436 2550 2498 τοὺς
2578 2433 2759 2497 λίθους
2787 2433 3003 2497 ἕϐλεπε,
3040 2431 3136 2485 καὶ
3183 2430 3309 2492 τοὺς
3350 2425 3633 2499 ψευδωνύ-

2042 2545 2177 2600 μους
2207 2528 2359 2590 υἱοὺς
2404 2528 2461 2580 ἐν
2503 2530 2616 2589 τοῖς
2660 2525 3065 2597 ἀποκηρύκτοις
3110 2522 3353 2595 ἠρίθμει.
3405 2520 3632 2591 Ἐπειδὴ

2039 2620 2119 2689 δὲ,
2142 2621 2286 2692 λόγῳ
2308 2617 2695 2688 καταγγέλλων
2722 2617 2904 2680 αὐτοῖς
2923 2616 3022 2687 τὴν
3041 2615 3317 2687 ἀλήθειαν,
3348 2614 3448 2667 ούκ
3473 2612 3635 2665 ἐπει-

2043 2712 2133 2766 θεν
2179 2711 2443 2776 εὐσεϐεῖν,
2480 2708 2769 2783 παρεστὼς
2816 2707 3129 2778 ἀπεκρύϐη,
3166 2707 3262 2760 καὶ
3300 2704 3635 2775 φαινόμενος

2041 2803 2141 2857 ούκ
2179 2802 2458 2867 ἐϐλέπετο,
2509 2802 2574 2855 ἶν’
2610 2803 2676 2856 ἐκ
2713 2803 2812 2872 τῆς
2842 2798 3098 2870 τοιαύτης
3140 2796 3373 2860 αύτοὺς⁹
3409 2795 3635 2866 θαυμα-

2041 2895 2300 2968 τουργίας
2350 2894 2554 2969 ἐλκύσῃ
2605 2893 2739 2965 πρὸς
2790 2890 3186 2960 συγκατάθεσιν
3234 2888 3353 2953 τοῦ,
3401 2888 3482 2941 ὅτι
3536 2888 3637 2940 καὶ

2041 2987 2275 3060 Χριστὸς
2296 2987 2339 3018 ¹⁰
2356 2985 2672 3057 ἐτύγχανεν,
2716 2984 2811 3038 καὶ
2846 2983 2979 3047 Θεὸς
3024 2980 3277 3054 Ἀϐραάμ
3320 2978 3636 3053 πρεσϐύτε-

354 3090 489 3135 vere
525 3080 653 3136 caci
693 3097 757 3138 ac
795 3083 948 3140 stulti
977 3105 990 3140 :
1023 3085 1284 3153 Quisnam
1326 3089 1450 3155 iste,
1482 3090 1574 3160 qui
1597 3101 1653 3146 et
1690 3102 1935 3148 versatur

2082 3098 2158 3145 ος.
2216 3078 2509 3134 ’Δκούσατε
2551 3074 2667 3143 οὖν,
2710 3076 2897 3150 φησὶν,
2939 3070 2986 3129 ὦ
3046 3074 3263 3144 ἀληθῶς
3310 3070 3501 3142 τυφλοὶ
3537 3072 3637 3125 καὶ

358 3168 661 3237 vobiscum,
689 3187 790 3228 nec
818 3184 998 3231 tamen
1025 3178 1256 3248 videtur,
1285 3196 1413 3236 num
1446 3180 1587 3238 forte
1614 3183 1704 3239 ille
1738 3185 1935 3255 estqui

2083 3171 2293 3242 νόητοιο
2329 3169 2426 3233 Τίς
2472 3162 2648 3232 οὗτος,
2692 3170 2721 3221 6
2758 3166 2853 3220 καὶ
2901 3162 3209 3236 συμπαρὼν
3252 3161 3521 3275 ύμῖνιῖιαὲ
3556 3160 3636 3264 μὴ

357 3259 426 3314 ad
454 3257 671 3332 Moysen
714 3264 961 3336 loquens,
1004 3268 1227 3326 minime
1255 3274 1715 3345 conspiciebatur,
1757 3292 1821 3332 ac
1852 3253 1935 3333 ta-

2082 3263 2377 3335 λεπόμενος
2403 3262 2469 3327 “;
2499 3259 2532 3332 ἢ
2583 3258 2726 3330 τάχα
2759 3258 2965 3321 ἐκεῖνος
3004 3258 3032 3310 6
3075 3256 3171 3309 καὶ
3225 3254 3363 3325 πρὸς
3388 3253 3637 3345 Μωῦσῆν

360 3366 484 3408 men
514 3357 811 3424 apparebat
836 3359 887 3414 ‘2
913 3358 1048 3415 Nam
1079 3371 1205 3419 tunc
1230 3344 1446 3436 quoque
1491 3366 1775 3424 videbatur
1801 3370 1935 3436 ignis

2082 3355 2240 3421 αλῶν,
2272 3356 2364 3409 καὶ
2410 3352 2486 3425 μὴ
2515 3351 2837 3423 φαινόμενος
2866 3350 2942 3416 ¹²;
2983 3348 3224 3420 Ἑωράτο
3262 3345 3371 3418 γὰρ
3393 3345 3486 3399 καὶ
3506 3344 3637 3397 τότε

359 3459 427 3502 ac
462 3447 651 3513 rubus,
694 3451 855 3506 ambo
903 3462 1086 3519 muta;
1127 3455 1588 3528 nihilominusque
1619 3459 1935 3517 audiebatur

2082 3447 2158 3519 πῦρ
2204 3446 2299 3501 καὶ
2345 3444 2526 3516 βάτος,
2575 3443 2860 3515 ἀμφότερα
2904 3441 3134 3513 άφωνα’
3183 3438 3297 3493 ἀλλ’
3334 3438 3482 3509 ὅμως
3537 3437 3637 3491 καὶ

359 3551 508 3603 vox,
558 3553 622 3595 ac
682 3555 863 3597 sermo
915 3544 1238 3610 erudiebat,
1282 3557 1565 3617 certoque,
1614 3550 1758 3617 quod
1798 3551 1946 3607 futu-

363 3638 486 3680 rum
510 3636 632 3682 erat
663 3631 1136 3698 praenuntiabatur
1164 3652 1177 3689 :
1206 3645 1399 3706 estque
1426 3637 1667 3693 virorum
1708 3641 1945 3710 pruden-

366 3716 538 3784 tium,
581 3728 641 3774 ut
694 3735 983 3790 personam
1028 3738 1093 3779 ex
1145 3740 1327 3781 rerum
1375 3728 1697 3800 cognatione
1744 3731 1946 3789 intelli-

363 3822 513 3877 gere.
1088 3834 1098 3846 -

437 3898 573 3955 Cum
607 3899 688 3957 sic
713 3909 894 3958 autem
930 3903 1107 3961 aliene
1139 3922 1169 3962 a
1201 3909 1408 3965 ratione
1433 3926 1498 3967 ac
1532 3912 1697 3970 stulte
1733 3913 1945 3973 Hebraei

366 3988 656 4055 baberent,
702 3990 963 4049 Dominus
994 4007 1179 4053 noster
1210 4015 1274 4055 ac
1307 4000 1582 4070 Salvator,
1611 4004 1759 4061 velut
1785 4007 1950 4063 sedu-

367 4077 451 4137 lus
479 4080 701 4150 quidam
727 4097 792 4140 ac
820 4086 1035 4156 sapiens
1066 4092 1327 4159 medicus,
1356 4109 1461 4149 non
1495 4096 1721 4153 cedente
1752 4101 1948 4157 morbo

366 4170 437 4229 ad
463 4173 697 4240 primum
734 4178 1192 4246 experimentum,
1242 4184 1459 4240 modum
1510 4187 1674 4244 alium
1705 4191 1949 4248 curatio-

369 4262 456 4318 nis
486 4267 820 4334 aggreditur.
865 4268 1066 4326 Statuit
1107 4288 1239 4330 vero
1272 4285 1331 4330 ut
1360 4289 1543 4333 mente
1573 4296 1745 4339 cmeos
1801 4298 1949 4341 czeco

368 4365 543 4420 eurct,
570 4356 663 4427 qui
695 4358 887 4417 obvius
927 4361 1179 4420 inventus
1209 4376 1374 4432 esset,
1410 4383 1516 4423 non
1548 4371 1815 4427 accidenti
1847 4372 1948 4428 ali-

366 4463 474 4516 qua
506 4448 725 4508 laesione
749 4452 1046 4509 caecitatem
1074 4470 1284 4526 passus,
1320 4461 1414 4514 sed
1440 4470 1650 4518 natura:
1684 4462 1839 4534 vitio,
1867 4465 1947 4521 sic

369 4539 627 4597 nimirum
654 4556 723 4598 ex
752 4552 906 4601 utero
934 4546 988 4602 in
1015 4545 1188 4604 lucem
1222 4552 1536 4622 productus.

439 4740 723 4799 Hominem
776 4759 941 4816 porro
980 4748 1363 4827 conspicatus,
1406 4760 1589 4818 stetit,
1637 4763 1951 4826 praestoque

368 4832 439 4886 ad
486 4835 819 4892 curationem
869 4837 1020 4893 luit:
1064 4842 1399 4898 curationem
1472 4845 1657 4915 utique
1719 4847 1953 4904 humana

370 4922 629 4991 majorem
663 4926 870 4982 ratione
896 4936 948 4983 et
972 4939 1112 4985 arte.
1141 4929 1349 5002 Quippe
1381 4948 1472 4989 ars
1503 4936 1708 4991 medica
1738 4954 1803 4994 ac
1834 4939 1953 5011 ejus

372 5016 510 5070 ratio
536 5032 724 5073 eorum
752 5020 1062 5076 morborum
1094 5024 1606 5096 contemplationem
1643 5029 1823 5093 tradit,
1854 5032 1945 5101 qui

365 5109 478 5180 jam
509 5125 538 5164 a
570 5120 762 5167 natura
807 5115 1045 5185 perfecto
1085 5115 1306 5170 animali
1361 5132 1424 5172 ac
1465 5118 1519 5173 in
1566 5119 1741 5176 lucem
1803 5123 1949 5179 edito

371 5216 500 5257 casu
531 5204 875 5273 postmodum
905 5207 1089 5279 aliquo
1127 5209 1417 5266 accidunt:
1449 5214 1720 5284 congeniti
1762 5227 1946 5273 autem

370 5296 590 5366 corpori
629 5297 744 5354 vitii
778 5300 999 5357 minime
1046 5304 1381 5359 curationem
1410 5307 1674 5377 promittit
1705 5323 1719 5363 :
1755 5318 1812 5365 at
1844 5328 1944 5368 ne-

369 5404 476 5458 que
506 5391 800 5447 uuiversins
846 5394 1182 5471 morborum,
1215 5397 1262 5454 si
1304 5398 1396 5469 qui
1446 5399 1695 5470 deinceps
1730 5404 1945 5461 accide-

370 5490 499 5539 runt
526 5501 540 5539 :
566 5484 721 5556 cujus
745 5484 825 5542 rei
862 5485 1076 5543 abunde
1121 5496 1286 5547 testes
1329 5503 1458 5547 sunt
1500 5492 1732 5551 mutilati
1768 5495 1947 5553 homi-

444 5643 475 5726 ξ
507 5641 611 5726 Isti.
647 5657 845 5726 XXV-ill:
902 5643 988 5700 16.
1065 5648 1087 5679 θ
1121 5646 1253 5726 Dan.
1279 5662 1343 5718 tt,
1375 5648 1473 5726 βξ.
1556 5652 1579 5685 ³
1610 5652 1628 5709 Ι
1654 5652 1779 5726 Pet.
1820 5671 1863 5726 ι,
1892 5654 1944 5711 6.

373 5782 595 5890 φρινόμ.
626 5782 699 5837 ex
754 5782 995 5858 utrisque
1017 5782 1110 5847 καὶ
1143 5790 1219 5863 μὴ
1248 5791 1407 5867 βλεπ.
1443 5794 1534 5850 καὶ
1570 5797 1791 5870 φαινόμ.

450 5854 607 5913 l’hol.
638 5853 885 5913 ἐκείνοις.

532 5853 607 5912 οι.
638 5853 885 5925 ἐκείνοις.

444 5651 462 5676 ι
508 5651 611 5697 lsa.
647 5657 845 5706 xxviii.
902 5651 988 5700 16.
1065 5651 1087 5679 ³
1121 5651 1253 5704 Dan.
1279 5662 1343 5718 tt,
1380 5651 1470 5706 45.
1556 5652 1579 5685 ³
1610 5652 1628 5709 Ι
1661 5652 1779 5710 Pet.
1820 5671 1863 5726 ι,
1892 5654 1935 5711 6.

368 5712 394 5747 '
437 5712 511 5768 Ex
544 5712 670 5784 Seg.
746 5713 770 5745 '
805 5714 931 5785 Seg.
969 5718 1297 5789 προγνώσει.
1372 5723 1393 5755 ⁹
1420 5723 1573 5779 Pltot.
1604 5725 1789 5782 αὐτοῦ.
1870 5728 1913 5761 ¹⁶

373 5782 595 5858 φαινόμ.
633 5798 699 5858 ex
741 5787 995 5858 utrisque
1017 5791 1110 5847 καὶ
1143 5790 1219 5858 μὴ
1248 5791 1407 5858 βλεπ.
1443 5794 1534 5850 καὶ
1570 5797 1791 5858 εαινόμ.
1899 5800 1935 5833 ⁸³

2099 5655 2287 5711 Matth.
2325 5669 2408 5717 ιιι,
2440 5651 2495 5707 9.
2597 5651 2619 5682 ⁸
2650 5651 2786 5705 Gen.
2820 5662 2977 5711 xvm,
3032 5651 3117 5701 18.

2087 5766 2103 5782 .
2130 5743 2145 5793 ;
2181 5724 2306 5798 Seg.
2358 5722 2512 5787 Θεός.
2589 5720 2629 5753 ⁸³
2660 5719 2785 5790 Seg.
2813 5718 3162 5790 βλεπόμενος.

2091 5799 2220 5858 Sea.
2333 5794 2377 5829 “
2399 5794 2558 5851 Pltot.
2606 5788 2956 5858 ἀνθρωπίνης
3006 5788 3162 5858 σοφία

2017 5814 2052 5856 ιι
2091 5812 2220 5870 beg.

2048 3540 2198 3613 φωνὴ
2231 3539 2484 3612 ήκούετο,
2513 3538 2609 3591 καὶ
2641 3536 2799 3606 λόγος
2830 3535 3103 3595 ἐπαίδευε,
3142 3532 3239 3586 καὶ
3281 3529 3538 3599 ἀσφαλῶς
3570 3531 3635 3583 τὸ

2051 3631 2243 3705 μέλλον
2288 3627 2712 3703 προηγορεύετο.
2757 3627 2869 3680 Καὶ
2908 3626 3015 3697 χρὴ
3069 3624 3197 3682 τοὺς
3240 3622 3364 3675 νοῦν
3409 3621 3635 3692 ἔχοντας

2047 3725 2112 3777 ἐκ
2135 3722 2234 3793 τῆς
2264 3720 2582 3792 συγγενείας
2602 3718 2710 3773 τῶν
2728 3718 3068 3791 πραγμάτων
3087 3714 3353 3786 γνωρίσαι
3376 3713 3437 3767 τὸ
3464 3712 3639 3785 πρόσ-

2046 3830 2216 3868 ωπον.

2121 3903 2309 3970 Οὖτως
2327 3902 2385 3958 δέ
2408 3901 2625 3971 ἀλόγως
2650 3901 2745 3955 καὶ
2766 3899 3011 3971 ἀνοήτως
3037 3897 3147 3953 τῶν
3188 3894 3455 3970 Ἑϐραίων
3483 3894 3639 3965 ἐχόν-

2047 4018 2177 4065 των,
2204 3999 2234 4052 ό
2258 3996 2461 4069 Κύριος
2498 3994 2657 4065 ἡμῶν
2695 3994 2790 4047 καὶ
2831 3992 3043 4064 Σωτὴρ,
3097 3990 3287 4063 ὥσπερ
3322 4006 3405 4053 τις
3452 3985 3640 4058 ἰατρὸς

2049 4090 2314 4163 ἐπιμελής
2351 4107 2410 4142 τε
2442 4086 2680 4162 [όμού¹³]
2713 4086 2807 4140 καὶ
2849 4086 3031 4157 σοφὸς,
3084 4085 3223 4157 πρὸς
3262 4082 3362 4155 τὴν
3410 4079 3639 4153 πρώτην

2051 4186 2245 4255 πεῖραν
2273 4182 2373 4236 οὑκ
2410 4180 2657 4243 ἐκδόντος
2694 4178 2789 4232 τοῦ
2828 4178 3057 4241 πάθους,
3102 4176 3259 4230 ἄλλον
3298 4176 3498 4247 τρόπον
3535 4174 3640 4245 τῆς

2053 4271 2348 4343 θεραπείας
2378 4269 2830 4341 μεταχειρίζεται.
2875 4266 3076 4338 Τυφλῷ
3111 4265 3167 4318 δὲ
3199 4264 3447 4339 βούλεται
3481 4260 3641 4332 θερα-

2051 4364 2249 4417 πεῦσαι
2270 4361 2507 4431 τυφλοὺς
2533 4360 2630 4432 τὴν
2655 4359 2916 4427 διάνοιαν,
2944 4357 3002 4423 ὃς
3033 4360 3097 4411 ἐκ
3124 4356 3218 4410 τοῦ
3244 4352 3640 4445 προστυχόντος

2052 4455 2272 4528 εὑρέθη,
2296 4455 2355 4508 ού
2377 4452 2528 4526 λώϐῃ
2548 4452 2654 4507 τινὶ
2671 4469 2734 4505 συ
2742 4452 2939 4523 μϐάσει
2961 4450 3148 4506 παθὼν
3176 4451 3277 4522 τὴν
3305 4448 3637 4519 τυφλότητα,

1979 4570 2024 4627 Ι)
2053 4546 2191 4602 ἀλλά
2211 4546 2513 4618 πταίσματι
2542 4543 2779 4615 φύσεως,
2801 4542 2975 4609 οὕτως
2994 4544 3059 4597 ἐκ
3081 4542 3316 4615 γαστρὸς
3337 4538 3642 4612 παραχθεὶς

2049 4641 2128 4704 είς
2154 4638 2246 4692 τὸν
2274 4638 2406 4709 βίον.

2121 4753 2471 4825 Θεασάμενός
2498 4750 2555 4805 δὲ
2581 4751 2672 4805 τὸν
2710 4749 3019 4825 ἄνθρωπον,
3051 4749 3205 4822 ἔστη,
3236 4751 3333 4804 καὶ
3370 4751 3509 4821 πρὸς
3538 4751 3640 4822 τὴν

2056 4846 2354 4920 θεραπείαν
2382 4845 2602 4915 ἕτοιμος
2645 4839 2749 4916 ἦν·
2789 4844 3088 4917 θεραπείαν
3146 4841 3497 4914 ἀνθρωπικοῦ
3551 4842 3643 4896 λό-

2051 4958 2150 5012 γου
2171 4942 2213 4970 ¹⁸
2233 4939 2326 4993 καὶ
2351 4939 2547 5010 τέχνης
2566 4937 2873 5008 κρείττονά.
2892 4937 3132 5009 ’ἰατρικὴ
3154 4935 3281 5009 [μὲν
3301 4934 3368 5009 η]
3391 4934 3520 5007 γὰρ,
3547 4935 3642 4989 καὶ

2054 5035 2084 5087 6
2122 5034 2243 5087 κατ’
2272 5031 2442 5103 αὐτὴν
2480 5030 2658 5100 λόγος,
2694 5029 2918 5083 ἐκείνοιν
2939 5029 2981 5060 ¹⁶
3018 5028 3128 5081 τῶν
3166 5027 3489 5098 νοσημάτων
3520 5027 3643 5079 ἐπι-

2058 5126 2244 5181 ϐάλλει
2285 5125 2383 5198 τὴν
2432 5123 2686 5196 θεωρίαν,
2720 5123 2822 5177 ὅσα
2867 5122 2966 5193 τῆς
3010 5121 3225 5191 φύσεως
3253 5119 3639 5193 ἀπαρτισάσης

2056 5220 2119 5274 τὸ
2155 5218 2314 5285 ζῶον,
2357 5218 2452 5272 καὶ
2487 5215 2836 5291 προαγούσης
2860 5215 2941 5279 είς
2977 5214 3113 5284 φῶς,
3154 5214 3368 5286 χρόνοις
3411 5212 3641 5284 ὕστερον

2058 5311 2200 5366 κατά
2243 5327 2394 5374 τινας
2439 5308 2789 5376 περιστάσεις
2826 5303 3245 5375 ἐπισυμϐαίνει’
3277 5301 3378 5373 τῆς
3422 5300 3480 5354 δὲ
3516 5317 3643 5354 συν-

2056 5404 2341 5476 τεχθείσης
2371 5400 2449 5473 τῷ
2482 5400 2694 5473 σώματι
2738 5396 2937 5470 λώϐης,
2989 5397 3089 5450 οὐκ
3127 5393 3521 5465 ἐπαγγέλλεται
3561 5391 3645 5445 θε-

2060 5497 2313 5569 ραπείαν.
2344 5495 2419 5548 0'3
2454 5492 2636 5566 μέντοι
2664 5508 2729 5561 γε
2752 5488 2872 5544 οὐδὲ
2908 5486 3017 5542 τῶν
3060 5484 3250 5549 παθῶν
3281 5484 3499 5539 πάντων
3530 5482 3641 5537 τῶν

3223 5645 3246 5679 ⁶
3276 5643 3442 5698 Exod.
3469 5657 3551 5708 ιιι,
3583 5643 3638 5698 4.

3270 5716 3315 5748 ¹⁸
3344 5713 3501 5769 ΡΙιοι.
3547 5713 3643 5768 καὶ

3332 5783 3482 5841 "Ex
3511 5783 3640 5858 Seg.

2597 5650 2619 5682 ⁸
2650 5648 2786 5705 Gen.
2820 5662 2977 5711 xvm,
3032 5645 3117 5701 l8.

2333 5794 2377 5829 “
2399 5794 2558 5851 Pltot.
2606 5788 2956 5863 ἀνθρωπίνης
2985 5788 3218 5860 σοφίας.
