3820 6300
205 372 302 428 953

1146 373 1426 432 ΗΟΜΙῌΛ
1459 377 1568 434 VII.
1599 378 1665 432 IN
1694 379 1958 438 CJECUM
1990 385 2032 437 Α
2072 383 2510 443 ΝΑΤΙἫΤΑΤΕ.

3331 385 3443 444 ΞΜ

206 493 276 555 εἰς
307 490 530 563 ὕστερον
572 491 1003 564 συμϐαινόντων.
1045 496 1156 550 Καὶ
1195 497 1382 552 τούτου
1425 502 1700 575 μάρτυρες
1727 504 1773 556 oi

1883 520 2001 573 ncs,
2045 507 2241 577 quibus
2289 521 2446 562 nemo
2477 507 2806 565 medicorum
2853 508 3218 566 membrorum
3260 508 3442 578 priva-

205 585 705 655 txmpzaspéwt
734 585 847 640 τῶν
890 587 1212 660 ἀνθρώπων,
1247 586 1329 655 οἷς
1374 593 1546 659 οὐδεὶς
1591 597 1772 668 ἰατρὸς

203 676 290 743 τὴν
321 675 427 727 τῶν
481 675 664 746 μελῶν
712 677 969 750 στέρησιν
1003 679 1389 752 ἐπηνώρθωσε.
1443 685 1642 757 Διόπερ
1679 687 1772 740 καὶ

203 765 248 818 oi
274 764 508 836 μαθηταὶ
548 766 611 820 τὸ
657 767 830 832 πάθος
867 771 1320 842 κατελεήσαντες,
1361 775 1457 828 καὶ
1484 776 1770 846 βλέποντες

204 855 470 926 ἄνθρωπον
498 857 599 928 τῆς
633 858 929 930 καλλίστης
955 862 1146 932 ἡδονῆς
1170 864 1266 917 τοῦ
1289 866 1467 936 φωτὸς
1487 869 1549 921 ού
1575 870 1772 938 γευσά-

209 963 370 1015 μενον,
419 947 521 1019 τὴν
575 949 758 1004 αἰτίαν
809 953 1260 1024 περιεργάζοντες
1304 957 1404 1027 τῆς
1457 959 1768 1027 κακώσεως,

205 1039 553 1095 ἐπυνθάνοντο
572 1043 613 1074 ⁸⁷
646 1043 801 1116 παρὰ
835 1044 930 1098 τοῦ
963 1047 1192 1118 Κυρίου,
1222 1049 1285 1102 οὐ
1318 1050 1440 1105 λίαν
1469 1054 1771 1126 ἐπιστημό-

205 1151 316 1196 νως,
342 1133 506 1206 εἴπερ
531 1134 593 1200 ἐξ
620 1137 893 1208 ἁμαρτίας
916 1139 1142 1206 οἰκείας,
1164 1140 1196 1211 ἢ
1218 1141 1306 1195 διὰ
1331 1144 1772 1217 πλημμελήματα

202 1223 298 1276 τῶν
322 1225 547 1292 γονέων,
574 1225 819 1291 τοιοῦτος
858 1229 938 1292 είς
963 1229 1053 1283 τὸν
1084 1229 1198 1300 βίον
1235 1235 1510 1307 παρήχθη.
1550 1236 1772 1290 Ἐκατέ-

206 1313 361 1386 ρωθεν
385 1315 446 1368 δὲ
477 1317 510 1386 ή
560 1316 830 1390 ἐρώτησις
874 1318 986 1390 ἔχει
1021 1320 1082 1374 τὸ
1123 1322 1453 1394 ἐπιλήψιμον
1473 1342 1487 1356 ’
1513 1325 1638 1380 οὔτε
1663 1326 1771 1400 γὰρ

205 1406 262 1460 ἄν
285 1408 440 1480 ὑπὲρ
469 1408 584 1462 τῶν
609 1410 864 1482 πατέρων
890 1411 1120 1485 [οὐδενὸς
1157 1413 1232 1469 ὣν
1257 1416 1437 1486 ἔνοχος
1453 1417 1590 1489 ¹¹⁹⁶²ί⁵]
1637 1436 1771 1473 κατ-

202 1497 461 1568 εγνώσθη,
489 1498 649 1552 ἄλλον
675 1501 815 1570 ὑπὲρ
844 1501 1004 1555 ἀλλου
1031 1503 1124 1556 τοῦ
1149 1504 1282 1558 Θεοῦ
1308 1505 1382 1576 μὴ
1413 1506 1729 1571 κολάζοντος
1751 1521 1767 1538 ⁸

200 1589 310 1643 οὔτε
346 1591 454 1662 μὴν
502 1593 652 1646 ἰδίων
683 1593 1168 1666 πλημμελημάτων
1215 1595 1265 1669 [ὁ
1291 1599 1458 1670 μήπω
1495 1599 1772 1672 προελθὼν

200 1685 271 1746 είς
304 1681 395 1736 τὸν
425 1684 544 1754 βίον
561 1684 655 1756 ²¹,]
701 1687 928 1740 ἀπέτισε
969 1688 1146 1753 δίκας,
1186 1689 1302 1758 είγε
1343 1690 1516 1756 οὕτως
1548 1692 1646 1763 μὲν
1673 1711 1770 1746 τυ-

199 1774 319 1842 φλὸς
360 1777 656 1848 ἐγεννήθη.
708 1779 895 1842 Οὐδεὶς
927 1779 1033 1851 γάρ
1065 1782 1390 1854 ἁμαρτωλὸς
1436 1784 1542 1855 πρὸ
1581 1786 1772 1858 γεννή-

1884 599 2083 652 tioncm
2127 599 2370 654 sarcivit.
2411 599 2766 666 Quamobrem
2803 602 2964 656 etiam
3001 599 3278 669 discipuli,
3308 613 3446 651 mor-

1877 687 2002 741 hum
2046 688 2397 754 miserantes,
2446 690 2798 761 videntcsque
2838 692 3110 746 hominem
3158 691 3248 760 qui
3304 690 3442 743 lucis

1872 779 2316 849 jucundissimam
2365 781 2690 852 voluptatem
2739 784 3022 852 uequidem
3069 798 3304 852 unquam
3343 797 3442 852 gu-

1873 879 2094 936 stasset,
2121 872 2386 926 curiosius
2412 872 2746 942 inquirentes
2768 889 3023 928 aerumnas
3055 889 3295 938 causam,
3338 873 3445 927 Do-

1873 962 2075 1016 minum
2125 963 2564 1034 interrogabant,
2599 966 2740 1020 haud
2774 967 2912 1022 scite
2966 967 3278 1031 admodum,
3309 980 3436 1020 num

1871 1052 1941 1108 ob
1981 1055 2251 1125 propriam
2289 1057 2525 1125 culpam,
2556 1073 2622 1112 an
2670 1068 2886 1128 pr0pter
2916 1068 3193 1130 parentum
3222 1058 3441 1125 delicta,

1872 1145 1951 1199 sic
1977 1145 2167 1208 aﬁ‘ecto
2193 1161 2418 1216 corpore
2441 1147 2496 1202 in
2527 1148 2698 1203 lucem
2750 1150 3038 1217 productus
3068 1159 3232 1205 esset.
3263 1147 3446 1204 Utrin-
3537 1159 3539 1168 '

1877 1252 1982 1307 que
2016 1245 2195 1292 autem
2236 1239 2573 1307 percontatio
2601 1240 3074 1311 reprehensionem
3109 1239 3270 1293 habet
3299 1256 3313 1294 :
3342 1253 3440 1293 ne-

1874 1345 1979 1400 que
2025 1332 2168 1384 enim
2205 1330 2363 1397 ﬁlius,
2399 1331 2600 1387 nullius
2647 1333 2760 1402 ipse
2789 1346 2933 1398 reus,
2977 1321 3080 1399 pro
3131 1330 3444 1400 parentibus

1876 1421 2195 1490 reprohalus
2222 1434 2406 1476 esset:
2441 1437 2565 1478 cum
2600 1424 2740 1477 Deus
2776 1438 2879 1477 non
2917 1422 3105 1491 puniat
3142 1421 3303 1474 alium
3347 1435 3445 1489 pro

1872 1510 1978 1565 alio
2007 1510 2153 1582 (58):
2188 1527 2361 1581 neque
2389 1527 2516 1567 vero
2543 1527 2762 1566 suorum
2799 1512 2889 1566 ille
2926 1511 3210 1566 criminum
3255 1523 3445 1579 pinnas

1876 1602 2050 1669 daret,
2083 1604 2176 1673 qui
2212 1604 2437 1658 necdum
2474 1604 2526 1658 in
2558 1605 2720 1657 vitam
2755 1603 3144 1671 processisset,
3176 1600 3444 1669 siquidem

1871 1693 1948 1748 ita
1978 1709 2151 1750 czccus
2189 1706 2350 1750 natus
2371 1705 2509 1750 erat.
2537 1695 2707 1750 Nemo
2729 1695 2990 1765 siquidem
3017 1695 3247 1749 necdum
3288 1702 3448 1748 natus

1873 1800 2129 1858 peccator
2179 1799 2285 1847 est.
2335 1789 2456 1860 Ipsa
2487 1790 2703 1860 quidem
2733 1788 3089 1858 interrogatio
3121 1787 3260 1841 haud
3293 1787 3449 1841 valde

200 1881 342 1930 σεως.
390 1869 459 1921 Ἡ
499 1870 601 1940 μὲν
631 1870 823 1935 πτέσις
839 1873 882 1903 ²¹
914 1873 974 1926 οὐ
1009 1873 1129 1928 λίαν
1167 1874 1422 1947 δόκιμος
1460 1877 1608 1940 ὅπως
1645 1877 1701 1931 δὲ

1879 1855 2092 1949 probata
2134 1889 2237 1935 est.
2278 1855 2566 1936 Videamus
2620 1895 2748 1934 vero
2799 1889 2857 1934 ut
2906 1855 3138 1944 veritas,
3191 1878 3449 1932 Dominus

207 1955 477 2030 ⁹Δλήθεια,
508 1963 538 2013 ὁ
557 1960 763 2031 Κύριος
782 1962 958 2033 ήμῶν,
985 1965 1123 2036 πρὸς
1137 1965 1236 2038 τὴν
1254 1966 1521 2038 ἐρώτησιν
1550 1968 1772 2037 ἀπεκρίο

198 2066 330 2114 varo,
362 2053 803 2124 καταμάθωμεν.
843 2056 916 2109 Τὸ
943 2056 1052 2130 γὰρ
1089 2057 1262 2124 πάθος
1300 2059 1478 2126 τοῦτο,
1511 2046 1698 2134 φησιν,
1725 2056 1772 2116 ὧ

199 2141 448 2212 μαθηταὶ,
501 2146 604 2217 οὐχ
652 2147 1068 2220 ἁμαρτημάτων
1109 2152 1259 2206 ἐστὶν
1308 2154 1608 2220 ἀντίδοσις,
1655 2155 1769 2210 ἀλλ’

196 2231 474 2302 ἑτοιμασία
507 2234 813 2309 μελλούσης
844 2241 1171 2312 οἰκονομίας,
1198 2244 1346 2309 ὅπως
1371 2245 1438 2300 ἂν
1464 2244 1516 2319 [ὁ
1548 2246 1684 2312 τέως
1701 2247 1770 2320 ¹³]

195 2324 362 2386 κοινὸς
411 2326 776 2397 νομιζόμενος
825 2330 1129 2405 ἄνθρωπος,
1189 2337 1465 2410 ἐνεργήσῃ
1512 2339 1581 2392 τά
1630 2341 1770 2413 ὑπὲρ

195 2415 502 2488 ἄνθρωπονο
543 2419 640 2472 καὶ
669 2421 698 2473 ὁ
732 2421 959 2495 κτίστης
993 2425 1104 2480 τῶν
1135 2427 1297 2496 ὅλων,
1329 2430 1467 2499 μετά
1497 2431 1597 2502 τὴν
1623 2431 1773 2504 πρώ-

193 2517 283 2576 την
310 2507 567 2578 ποίησιν,
597 2509 732 2584 εῦρῃ
762 2513 859 2567 καὶ
885 2514 981 2570 νῦν
1002 2517 1096 2571 τοῦ
1120 2518 1474 2592 δημιουργεῖν
1494 2523 1767 2595 ἀφορμάςο

273 2597 330 2650 δέ
361 2599 478 2652 τῶν
513 2602 761 2673 μερικῶν
801 2605 895 2660 καὶ
932 2609 996 2662 τὰ
1055 2609 1284 2665 καθόλου
1329 2613 1697 2687 πιστώσηταιο
1742 2617 1773 2669 ό

192 2684 513 2776 δέ-σκληρδς
544 2691 670 2756 λαὸς
697 2695 792 2748 καὶ
828 2695 1141 2768 δυσάγωγος
1196 2703 1392 2776 πεισθῇ
1426 2684 1769 2776 προσκυνεῖν,

195 2773 349 2842 ῥίψας
387 2777 522 2840 τοὺς
565 2777 770 2845 λίθους.
813 2784 1244 2858 Φωτισθήτωσαν
1284 2773 1483 2848 τοίνυν-
1503 2794 1774 2867 ὀφθαλμοὶ

195 2869 264 2940 μὴ
291 2871 610 2941 βλέποντες,
649 2876 736 2930 ἵνα
758 2880 1088 2956 καταλάμψῃ
1115 2884 1214 2949 τὰς
1240 2887 1418 2958 ψυχὰς
1446 2889 1552 2942 τῶν
1608 2890 1774 2943 ἀσυν-

192 2960 322 3016 έτων
354 2963 385 3015 ό
405 2965 514 3036 τῆς
547 2966 896 3043 δικαιοσύνης
918 2973 1090 3044 ἥλιος.
1132 2977 1375 3032 Γενέσθω
1409 2982 1642 3053 πρᾶγμα
1667 3001 1774 3036 πα-

195 3053 433 3123 ράδοξον,
484 3056 584 3110 καὶ
635 3058 1014 3132 κτισθήτωσαν
1055 3064 1245 3135 ὄψεις,
1299 3068 1385 3123 ἵνα
1433 3070 1678 3141 μάθωσιν
1721 3075 1772 3127 oi

1872 1980 2076 2035 noster,
2106 1971 2177 2025 ita
2205 1973 2655 2042 percontantibus
2684 1973 3044 2042 responderit.
3066 1970 3284 2026 Morbus
3320 1972 3446 2036 iste,

1870 2077 1903 2116 0
1941 2064 2215 2134 discipuli,
2247 2065 2469 2120 minime
2506 2067 2764 2135 gentium,
2788 2066 3132 2134 peccatorum
3166 2062 3450 2118 retributio

1871 2164 1971 2217 est,
2027 2155 2120 2210 sed
2163 2155 2355 2210 futurae
2399 2155 2824 2225 dispensationis
2858 2153 3201 2224 praeparatio,
3243 2167 3350 2220 quo
3377 2151 3445 2217 is,

1875 2249 1964 2319 qui
1995 2247 2300 2303 communis
2346 2247 2572 2303 habetur
2617 2248 2800 2313 homo,
2836 2246 3038 2314 majora
3074 2246 3450 2313 homine-ope-

1872 2347 2262 2410 returzutque
2315 2339 2694 2394 universorum
2765 2346 2994 2402 auctor,
3047 2343 3167 2405 post
3215 2334 3446 2406 primam

1872 2431 2222 2497 creationem,
2267 2445 2408 2485 nunc
2449 2443 2666 2500 quoque
2701 2427 2906 2497 opiﬁcii
2947 2434 3264 2497 argumenta
3300 2425 3451 2479 inve-

1874 2524 2030 2588 niat,
2116 2532 2276 2592 atque
2338 2535 2404 2575 ex
2462 2520 2883 2592 particularibus
2956 2517 3224 2572 universis
3288 2516 3449 2570 Iidem

1875 2621 2104 2678 astruat,
2162 2627 2227 2666 ac
2254 2612 2487 2681 denique
2519 2612 2687 2665 durus
2732 2610 2959 2680 populus
2988 2605 3452 2674 intractabilisque

1873 2704 2102 2759 adorare
2154 2704 2542 2773 persuadeatur
2589 2702 2819 2772 abjectis
2881 2699 3171 2770 lapidibus.
3240 2693 3448 2748 llluuii-

1874 2803 2071 2848 nentur
2099 2807 2226 2863 ergo
2250 2793 2389 2848 oculi
2424 2808 2528 2848 non
2562 2793 2835 2858 videntes,
2875 2800 2934 2846 ut
2974 2788 3199 2858 iustitia:
3224 2786 3304 2842 sol
3332 2784 3452 2839 ani-

1873 2899 1990 2939 mos
2021 2883 2385 2953 insipientium
2418 2883 2665 2939 illustret.
2697 2881 2817 2937 Fiat
2847 2897 2932 2938 res
2967 2895 3127 2947 nova,
3176 2893 3242 2935 ac
3263 2891 3452 2934 creen-

1875 2987 1962 3032 tur
2018 2977 2192 3042 oculi,
2227 2991 2334 3047 quo
2363 2976 2612 3032 noverint
2667 2976 2906 3030 seditiosi
2948 2984 3009 3030 ut
3059 2988 3218 3043 quem
3267 2972 3454 3026 dicunt

1875 3067 2090 3139 Iosephi
2120 3066 2311 3133 ﬁlium,
2330 3068 2374 3122 si
2395 3081 2520 3121 vere
2553 3065 2690 3122 fabri
2713 3064 2852 3120 ﬁlius
2867 3073 3031 3132 esset,
3056 3062 3452 3135 potuissetqui-

194 3145 600 3256 Ϊῖαῗέξονξες,
628 3149 706 3213 ὡς
735 3149 765 3202 ὁ
793 3150 1080 3224 λεγόμενος
1114 3155 1228 3222 υἱὸς
1255 3157 1349 3211 τοῦ
1381 3160 1604 3232 Ἰωσὴφ,
1630 3165 1678 3216 εἰ
1705 3157 1773 3235 ἦν

1879 3161 1998 3216 dem
2043 3159 2377 3215 confractum
2411 3173 2632 3214 currum
2679 3157 2925 3223 reﬁcere,
2959 3164 3054 3212 aut
3091 3155 3231 3224 ligna
3265 3169 3294 3208 a
3319 3153 3448 3223 jun-

194 3233 406 3304 ἀληθῶς
439 3237 699 3303 τέκτονος
737 3241 873 3305 υἱὸς.
922 3244 1110 3317 δίφρον
1145 3246 1246 3318 μὲν
1287 3248 1512 3304 ἐδύνατο
1552 3233 1776 3325 διαρῤα-

194 3325 353 3392 γέντα
375 3327 739 3399 ἐπανορθοῦν,
774 3332 808 3402 ἢ
842 3332 913 3387 τά
942 3333 1075 3399 ξύλα
1098 3337 1351 3408 συνάγειν
1384 3339 1483 3412 τῆς
1512 3341 1778 3413 ἁρμονίας

193 3417 628 3490 ἀποζευχθέντα,
666 3421 702 3493 ἢ
746 3422 843 3494 τὴν
885 3425 1209 3482 κλασθεῖσαν
1253 3431 1556 3502 ὑπερείδειν
1598 3434 1775 3500 δοκὸν,

195 3506 252 3580 [ἢ
278 3508 514 3566 λεαίνειν
539 3512 601 3566 τὸ
628 3516 803 3585 τραχὺ
825 3516 933 3571 τῶν
956 3519 1207 3584 σανίδων,
1234 3520 1268 3592 ἥ
1300 3524 1472 3576 ποιεῖν
1492 3524 1612 3578 ὅλον
1635 3525 1777 3579 ἐκεῖ-

192 3616 280 3666 να,
299 3601 335 3654 ἃ
352 3603 705 3676 χειροτέχνης
727 3606 906 3680 πατὴρ
929 3609 1067 3664 κατά
1093 3611 1184 3665 τὸν
1207 3610 1365 3682 λόγον
1384 3614 1478 3667 τοῦ
1498 3616 1778 3688 ἐπιτηδεύ-

195 3708 361 3762 ματος
402 3693 650 3750 διδάσκει
693 3697 786 3750 τδν
856 3699 1103 3773 παῖδα³δ]
1149 3701 1439 3775 ἀνθρώπου
1477 3706 1536 3759 δὲ
1586 3707 1772 3780 μέρος,

195 3785 287 3836 καὶ
322 3785 492 3856 μέρος
526 3787 589 3840 τὸ
639 3787 927 3844 κάλλιπον
973 3791 1066 3846 τὸν
1099 3793 1396 3867 ὀφθαλμὸν,
1436 3796 1498 3850 τὸ
1543 3799 1776 3870 μάλιστα

194 3877 341 3948 παρά
377 3878 479 3949 τῆς
523 3879 743 3948 φύσεως
783 3882 1088 3950 φιλοπόνως
1113 3886 1636 3960 δημιουργούμενον,
1676 3893 1776 3947 οὐκ

195 3969 259 4022 ἂν
283 3971 544 4041 ἐποίησεν
572 3971 750 4037 ἀλλος,
781 3976 830 4027 εί
864 3976 1008 4047 μήγε
1035 3977 1064 4030 ό
1095 3981 1195 4050 τῆς
1225 3979 1450 4053 πρώτης
1481 3982 1658 4056 ἀρχῆς
1677 3986 1776 4058 τῆς

194 4059 329 4113 κατὰ
352 4059 570 4129 φύσεως
603 4061 745 4133 ἔχων
774 4065 873 4136 τὴν
905 4065 1172 4132 ἐξουσίαν.

258 4151 378 4205 Κάν
404 4168 494 4214 τις
519 4151 740 4224 θελήσει
770 4155 1053 4226 προσεχῶς
1075 4160 1188 4222 τοῖς
1220 4159 1588 4232 ἀνθρωπικοῖς
1620 4163 1777 4234 μέλε-

195 4259 275 4295 σιν
300 4244 601 4314 ἐπιστῆσαι
636 4243 728 4297 τὸν
757 4245 904 4312 νοῦν,
933 4250 991 4300 ἐν
1018 4248 1194 4321 τούτῳ
1219 4251 1282 4324 δὴ
1314 4252 1547 4324 μάλιστα
1577 4254 1655 4326 τῷ
1687 4272 1777 4326 μο·

195 4334 291 4405 ρίῳ
332 4336 428 4388 τοῦ
467 4336 740 4406 σώματος,
783 4338 881 4409 τὴν
923 4341 1352 4413 παντοδύναμον,
1387 4344 1482 4399 καὶ
1525 4347 1775 4418 ποικίλην

191 4425 280 4478 τοῦ
315 4427 455 4481 Θεοῦ
488 4428 682 4497 σοφίαν
709 4429 1023 4499 κατόψεται,
1051 4434 1110 4486 ὲν
1144 4437 1316 4507 μικρᾷ
1348 4436 1536 4508 μορίου
1560 4439 1653 4492 καὶ
1681 4439 1776 4510 μέ-

1879 3264 2031 3310 ctura
2061 3251 2324 3322 disjuncta
2370 3265 2680 3314 conserere,
2729 3264 2824 3306 seu
2865 3249 3030 3305 etiam
3071 3248 3298 3302 fractam
3339 3254 3453 3299 tra-

1877 3344 2000 3400 bem
2048 3343 2260 3409 fulcire,
2294 3341 2380 3396 vel
2417 3341 2544 3396 item
2587 3355 2811 3411 asperos
2845 3353 3054 3395 asseres
3081 3337 3450 3404 complanare,

1881 3445 1970 3490 aut
2012 3433 2232 3491 omnino
2280 3429 2369 3486 illa
2429 3439 2692 3502 prmstare
2737 3443 2858 3498 quae
2905 3438 3059 3499 pater
3111 3425 3306 3480 artifex
3352 3438 3451 3493 pro

1878 3528 2012 3582 artis
2055 3525 2264 3581 ratione
2309 3539 2374 3579 ac
2423 3522 2657 3579 instituti
2707 3520 2873 3575 ﬁlium
2919 3521 3139 3585 doceat;
3179 3526 3238 3571 ut
3268 3525 3450 3570 tamen

1879 3625 2089 3688 partem
2146 3615 2423 3681 hominis,
2477 3627 2707 3684 eamque
2767 3609 3208 3683 pulcherrimam,
3258 3620 3454 3677 nempe

1879 3707 2118 3773 oculum,
2167 3707 2247 3761 sic
2290 3705 2526 3759 maxime
2574 3719 2603 3758 a
2653 3711 2844 3758 natura
2902 3701 3258 3766 elaboratum,
3288 3711 3452 3752 nemo

1878 3801 2017 3856 alius
2054 3814 2218 3870 quam
2263 3799 2353 3868 qui
2384 3815 2413 3851 a
2442 3794 2787 3866 principioin
2842 3802 3088 3849 naturam
3125 3800 3450 3862 potestatem

1889 3891 2074 3960 habet,
2097 3890 2330 3947 condere
2357 3887 2615 3959 potuerit.

1950 4161 2116 4228 Sane,
2150 4167 2209 4214 ut
2238 4157 2360 4230 quis
2391 4165 2598 4212 attente
2627 4154 2879 4227 humanis
2909 4152 3168 4210 membris
3194 4151 3449 4221 Ianimurn

1879 4252 2115 4324 adjicere
2144 4251 2294 4314 velit,
2340 4249 2392 4304 in
2429 4251 2530 4304 hac
2576 4246 2810 4302 maxime
2835 4253 2989 4316 parte
3017 4244 3282 4315 corporis,
3330 4259 3452 4298 om-

1878 4347 2211 4417 nipotentem
2246 4357 2311 4398 ac
2347 4343 2554 4397 variam
2589 4339 2687 4395 Dei
2713 4339 3032 4410 sapientiam
3062 4377 3079 4405 ,
3114 4347 3318 4391 tantam
3359 4351 3453 4389 ar-

1881 4442 1949 4496 tis
1989 4437 2452 4511 magniﬁcentiam
2483 4435 2535 4488 in
2568 4433 2775 4488 tantillo
2805 4432 3028 4488 membri
3060 4431 3262 4486 ambitu
3299 4427 3456 4484 exhi-

191 4515 311 4582 λους
341 4522 666 4592 περιγραφῇ
697 4521 966 4594 τοσαύτην
994 4525 1400 4598 ἐπιδειξαμένου
1440 4529 1539 4601 τὴν
1582 4529 1773 4600 φιλοτι-

1892 4531 2098 4594 bentis,
2154 4527 2509 4598 perspexerit.
2563 4524 2698 4578 Nam
2743 4524 2919 4593 primo
2957 4523 3172 4592 quidem
3225 4519 3454 4576 aﬁ‘usam

195 4613 324 4680 μίαν
352 4612 458 4682 τῆς
490 4613 711 4685 τέχνης.
743 4615 965 4687 Πρῶτον
1009 4617 1108 4688 μὲν
1153 4618 1261 4691 γὰρ
1303 4621 1451 4692 αὐτῷ
1493 4622 1653 4696 χάρις
1687 4641 1770 4688 τις

191 4705 550 4776 ἐπικέχυται·
598 4707 691 4760 καὶ
734 4707 881 4761 ἔστιν
918 4710 1274 4777 ἀπαλώτατός
1303 4731 1362 4767 τε
1387 4716 1480 4768 καὶ
1509 4715 1768 4786 ἄσαρκος,

262 4821 304 4892 ξ’
332 4821 462 4886 Seg.
501 4820 928 4892 περιεργάζοντο
949 4843 1000 4881 τ.
1037 4844 1090 4880 κ.
1139 4829 1230 4883 καὶ
1256 4828 1634 4885 ἐπυνθάνοντο.
1715 4828 1773 4861 ¹⁸·

1879 4827 1936 4881 ax
1970 4827 2128 4882 Phot.
2204 4823 2246 4856 ’ί
2272 4810 2350 4876 E'x
2381 4818 2538 4876 Puoi.

194 4892 237 4936 1‘
257 4891 334 4947 Ex
358 4894 478 4959 δίης.

260 5008 375 5080 (58)
401 5006 537 5080 Cum
563 5008 721 5080 petis
748 5025 851 5063 non
879 5010 1063 5080 puniat
1108 5011 1272 5065 alium
1315 5028 1410 5079 pro
1435 5012 1560 5065 alio.
1586 5013 1661 5066 Ita
1697 5013 1780 5064 vi-

194 5077 365 5133 detur'
387 5079 535 5152 tradi
560 5077 950 5152 Ezechuxvm,
985 5079 1158 5134 Filius
1203 5077 1562 5150 non‘portabit
1586 5082 1780 5152 iniqui-

196 5158 349 5202 tatem
389 5149 582 5218 patﬁris.
613 5159 722 5204 etc.
760 5148 857 5204 Cui
893 5161 1066 5204 tamen
1097 5148 1432 5204 contrarium
1465 5153 1630 5208 videri
1658 5148 1782 5218 pos-

195 5219 261 5272 sit
293 5217 426 5272 illud
473 5217 635 5272 Deut.
699 5234 732 5272 ν
775 5236 789 5272 :
837 5219 946 5283 Ego
979 5219 1234 5274 Dominus
1271 5219 1409 5274 Deus
1460 5231 1602 5285 tuus,
1643 5217 1784 5276 Deus

195 5289 492 5360 mutator,
527 5289 747 5342 reddens
788 5290 1118 5360 iniquitatem
1169 5300 1379 5358 patrm).
1427 5308 1581 5360 super
1620 5293 1779 5360 ﬁlios,

196 5359 247 5431 in
278 5360 489 5431 tertiam
524 5369 571 5411 et
601 5370 845 5431 quartam
877 5363 1390 5431 generationem:ac
1432 5377 1562 5415 sane
1591 5361 1776 5431 liquet,

197 5428 265 5500 ita
306 5428 637 5498 quandoque
681 5429 859 5499 puniri
911 5430 1071 5495 ﬁlios,
1103 5448 1166 5485 ac
1199 5430 1254 5484 in
1305 5430 1430 5486 ﬁliis
1491 5428 1778 5500 parentes;

195 5497 245 5552 in
287 5500 354 5552 iis
399 5497 582 5570 tamen
616 5497 738 5568 qua:
787 5500 973 5554 iisdem
1023 5501 1338 5570 parentibus
1377 5497 1593 5569 accepta
1640 5497 1780 5557 refe?-

198 5577 336 5642 runt,
367 5571 445 5642 uti
467 5569 810 5642 distinguunt
834 5571 1002 5642 nostri
1026 5569 1291 5641 theologi.
1321 5570 1581 5638 Quocirca
1606 5573 1776 5642 possit

197 5638 585 5711 discipulorum
619 5639 970 5710 interrogatio
1003 5656 1068 5696 ea
1118 5638 1270 5711 parte
1311 5657 1415 5695 non
1449 5638 1671 5698 omnino
1701 5642 1780 5696 vi-

199 5709 304 5782 deri
336 5709 575 5782 absona,
605 5710 822 5782 tametsi
840 5709 1092 5766 nonnihil
1119 5709 1437 5782 imprudens
1461 5728 1525 5766 ac
1547 5721 1780 5768 temera-

200 5778 274 5836 ria
304 5797 319 5834 :
347 5780 533 5853 potius
568 5780 739 5852 enim,
763 5795 888 5840 cum
937 5782 1075 5842 nihil
1107 5778 1338 5858 liqueret
1381 5784 1450 5842 de
1499 5793 1783 5856 parentum

1882 4623 2049 4677 habet
2098 4618 2389 4688 quamdam
2438 4615 2689 4687 gratiam,
2725 4624 2915 4685 estque
2969 4613 3317 4678 tenerrimus,
3385 4627 3454 4668 ac

1851 4725 2045 4767 carne
2078 4723 2297 4772 vacans,
2355 4717 2414 4760 ut
2439 4707 2512 4760 ita
2555 4706 2750 4771 dicam,
2796 4705 2847 4759 in
2873 4704 3102 4761 delicata
3148 4701 3450 4758 substantia

2637 4821 2682 4852 “
2709 4819 2834 4893 Seg.
2869 4815 3079 4881 πεῦσις.
3156 4817 3202 4848 ’⁸
3219 4815 3297 4872 Ex
3323 4816 3453 4889 Seg,

1878 5026 2036 5075 noxa,
2074 5020 2283 5065 natura:
2310 5009 2360 5064 id
2393 5009 2578 5064 vitium
2625 5009 2677 5064 in
2726 5008 2820 5064 Dei
2861 5007 3250 5078 providentiam
3295 5008 3450 5064 redu-

1879 5083 2111 5136 cendum
2155 5091 2292 5150 erat,
2323 5080 2414 5150 qui
2459 5080 2542 5135 vel
2578 5090 2846 5149 parentes,
2887 5081 2966 5133 vel
3004 5079 3191 5150 ipsum
3226 5094 3452 5145 caseum,

1882 5151 1960 5204 uti
1997 5151 2110 5204 fere
2155 5149 2669 5217 justos’consuevit,
2711 5165 2775 5204 eo
2808 5157 3088 5204 exerceret
3129 5149 3195 5203 ad
3241 5150 3446 5218 patien-

1884 5221 2036 5275 tiam.
2069 5219 2314 5275 Ezechiel
2357 5222 2423 5274 ad
2462 5221 2671 5276 adultos
2710 5221 2967 5290 loquitur,
3008 5234 3144 5288 quos
3178 5229 3451 5287 provocat,

1891 5291 1967 5345 uti
2015 5291 2115 5360 ipsi
2142 5291 2392 5346 virtutem
2437 5301 2730 5354 sectentur,
2763 5289 2890 5346 suas
2917 5291 3014 5360 ipsi
3048 5289 3303 5344 salvaturi
3337 5293 3454 5344 ani-

1891 5359 2315 5430 mas,’quidquid
2347 5370 2526 5430 patres
2561 5363 2918 5429 peccaverint.
2951 5359 3053 5414 Pro
3083 5371 3232 5428 parte
3260 5359 3452 5425 altera,

1857 5487 1860 5489 Α
1888 5440 1944 5485 ιιι
1976 5430 2088 5498 jam
2119 5441 2233 5504 tum
2263 5431 2400 5485 Deus
2431 5445 2528 5500 pro
2562 5432 2807 5504 peccatis
2833 5432 3138 5486 commissis
3195 5431 3450 5504 punierit,

1887 5517 2128 5556 errorem
2155 5501 2348 5566 habet;
2375 5516 2436 5556 ac
2472 5515 2570 5556 nec
2599 5512 2756 5556 vacat
2795 5501 2922 5556 item
2960 5515 3147 5558 errore
3195 5501 3458 5569 utpunic-

1889 5571 1960 5625 tit
2008 5586 2101 5641 pro
2151 5569 2218 5624 iis
2279 5585 2398 5640 qua:
2449 5573 2787 5641 postmodum
2853 5573 2921 5626 ab
2964 5585 3030 5625 eo
3071 5570 3453 5641 committenda

1888 5640 2484 5712 prmvideritmlterum
2535 5640 3001 5712 Origenianorum,
3036 5641 3262 5698 alterum
3310 5640 3457 5696 Pela-

1890 5711 2174 5788 gianorum
2198 5713 2543 5788 postmodum
2580 5726 2732 5767 error
2761 5711 2884 5788 fuit,
2915 5727 2948 5770 a
2981 5727 3090 5785 quo
3127 5721 3360 5788 utroque
3398 5727 3460 5768 se

1890 5781 2133 5840 Asterius
2163 5780 2554 5843 alienissimum
2587 5784 2842 5842 ostendit.
