3820 6336
361 382 467 438 2N5

1635 381 1692 434 S.
1732 377 2006 435 ASTERII
2044 378 2342 434 AMASIuNl

3499 382 3618 440 256

360 507 616 561 duritiem
666 498 889 571 baccus,
935 507 1096 575 inque
1125 504 1269 560 molli
1314 504 1712 559 contentionem
1741 520 1930 573 quatu-

2045 503 2107 567 ὣς
2130 503 2194 557 ἂν
2219 503 2347 574 εἴπῃ
2372 520 2476 571 τις,
2510 504 2567 554 ἐν
2588 501 2664 571 τῷ
2688 499 2941 573 τρυφερῷ
2974 499 3037 552 τὸ
3070 498 3290 570 στερεὸν
3317 499 3475 570 ἔχων,
3512 503 3615 554 καὶ

362 599 511 661 dam,
548 613 611 651 ac
634 598 800 653 variis
832 597 1103 653 coloribus
1140 596 1400 650 illustrius
1446 595 1762 650 interﬂorct.
1807 595 1934 664 Ejus

362 689 546 758 itaque
579 688 933 743 meditullium
960 685 1539 761 nigridclineationem
1571 686 1750 749 habet,
1795 701 1935 741 eam-

362 792 471 845 que
514 793 622 831 non
648 778 893 846 ejusdem
922 792 1019 845 per
1044 785 1211 831 totum
1244 778 1491 843 rationis,
1513 777 1608 833 sed
1636 778 1799 832 variis
1824 779 1935 847 qui-

364 868 588 922 busdam
651 868 867 923 circulis
927 870 1313 932 commissam;
1364 879 1549 923 centro
1602 868 1816 936 quidem
1870 882 1937 920 ac

364 960 663 1014 meditullio
728 961 992 1030 nigriori;
1053 962 1311 1015 exteriori
1361 972 1537 1014 autem
1588 958 1929 1015 circumﬂexu

363 1048 617 1114 paulatim
671 1049 721 1103 in
774 1050 1047 1104 llaviorcm
1095 1051 1372 1105 desinente
1439 1052 1744 1105 tincturam.
1798 1050 1929 1104 Eam

365 1137 496 1193 foris
534 1141 703 1196 munit
727 1142 930 1207 album,
957 1142 1291 1212 splendidum
1324 1141 1453 1196 illud
1482 1157 1545 1197 ac
1568 1142 1928 1212 pellucidum;

363 1231 504 1286 haud
561 1245 737 1290 tamen
792 1250 1002 1291 summe
1039 1251 1103 1289 ac
1145 1236 1288 1290 nulla
1333 1237 1715 1304 temperatione
1743 1236 1930 1290 caudi-

362 1324 511 1389 dum,
567 1327 662 1380 scd
711 1328 881 1382 vitrea
929 1329 1162 1397 quadam
1198 1344 1262 1381 ac
1309 1328 1567 1395 pellucida
1606 1327 1783 1396 specie
1817 1325 1931 1381 for-

363 1425 587 1469 matum.
620 1415 837 1471 Rubcus
864 1417 1013 1471 color
1036 1418 1179 1472 circa
1214 1418 1467 1487 pupillam
1503 1417 1705 1471 aﬂ'usus
1734 1426 1839 1481 est,
1873 1425 1933 1470 ut

362 1504 485 1559 albo
519 1523 580 1558 ac
610 1508 761 1576 nigro
779 1520 1147 1579 contemperet
1191 1510 1439 1580 gratiam.
1491 1510 1570 1565 Ad
1602 1510 1715 1564 haec
1751 1519 1928 1563 autem

361 1597 440 1650 sic
483 1597 534 1650 in
582 1599 748 1652 denso
797 1600 1093 1669 pellucidus
1122 1612 1207 1657 est
1239 1612 1400 1671 atque
1433 1602 1591 1666 levis,
1634 1611 1766 1655 utet
1807 1615 1931 1669 pro-

363 1689 484 1758 pius
542 1692 909 1745 accedentium
950 1690 1152 1748 formas
1186 1695 1475 1760 exprimat,
1506 1706 1570 1747 ac
1596 1692 1741 1747 velut
1769 1707 1932 1761 egrex

356 1778 504 1847 gium
545 1780 843 1848 speculum,
885 1796 1071 1837 eorum
1119 1783 1437 1851 quibuscum
1486 1796 1790 1836 sermonem
1830 1780 1929 1834 mi-

357 1882 614 1933 scemus,
669 1871 868 1940 ﬁguras
922 1880 1269 1941 reprmsentet
1309 1889 1323 1925 :
1366 1870 1710 1939 quamobrem
1759 1870 1922 1923 etiam
1960 1846 2001 1900 Β

336 1959 477 2027 eius
513 1959 696 2015 circuli
743 1976 955 2017 summe
1008 1963 1244 2017 medium
1291 1972 1535 2016 centrum
1572 1960 1770 2029 pupilla
1825 1974 1921 2027 ap-l

359 2049 615 2118 pellatum
648 2050 769 2118 fuit,
804 2056 1091 2108 humanam
1128 2068 1343 2123 semper
1370 2053 1630 2108 exhibens
1665 2052 1921 2122 speciem,

360 2151 417 2194 ut
460 2145 580 2210 quis
627 2158 658 2198 e
704 2146 922 2216 regione
960 2147 1251 2217 aspexerit.
1289 2145 1359 2201 Ut
1401 2146 1546 2200 enim
1586 2146 1775 2213 nequit
1808 2143 1921 2197 ﬁeri

358 2246 417 2290 ut
476 2237 597 2305 quis
632 2248 916 2306 aspectans
964 2239 1336 2308 iuspeculum
1381 2254 1486 2293 non
1543 2237 1724 2293 statim
1773 2251 1923 2290 suam

358 2328 413 2381 iu
479 2331 702 2383 materia
774 2330 997 2400 ﬁguram
1066 2332 1399 2397 adumbret;
1491 2330 1572 2384 sic
1634 2345 1805 2399 neque
1869 2336 1921 2382 ut

354 2419 480 2487 quis
541 2421 767 2474 adverso
814 2421 958 2474 vultu
1009 2420 1164 2475 alteri
1219 2421 1545 2485 consistens,
1602 2435 1709 2474 non
1768 2434 1924 2474 suam

359 2511 585 2564 formam
633 2513 789 2567 oculo
832 2513 1106 2581 appingat.
1158 2512 1290 2569 Sese
1337 2527 1465 2582 ergo
1531 2513 1776 2567 homines
1836 2512 1920 2564 in-

360 2601 527 2655 vicem
567 2603 890 2669 aspicientes
922 2604 1024 2659 sibi
1084 2613 1269 2658 mutuo
1312 2601 1527 2673 specula
1557 2600 1881 2657 elﬁciuutur.

432 2776 633 2846 Dignus
675 2778 855 2848 itaque
889 2780 941 2834 in
978 2783 1175 2834 creatis
1222 2780 1584 2835 admiratione
1619 2781 1828 2835 oculus.
1879 2780 1929 2836 ls

358 2869 503 2922 enim
537 2869 699 2933 Deum
737 2886 952 2940 quoque
996 2871 1124 2930 mihi
1164 2872 1406 2941 exponit,
1440 2873 1529 2940 qui
1571 2882 1737 2926 totam
1767 2887 1930 2927 accu-

362 2974 477 3015 rate
513 2971 819 3016 creaturam
857 2963 1145 3031 perdiscat,
1190 2979 1366 3034 exque
1397 2964 1713 3032 0peratione
1758 2964 1931 3018 artifi-

362 3066 481 3107 cem
526 3054 800 3111 ostendat.
835 3054 955 3119 llic,
986 3071 1053 3110 ex
1092 3056 1158 3111 iis
1197 3072 1316 3125 qua:
1346 3042 1751 3119 visibilia‘snnt,
1787 3056 1929 3110 invi-

362 3145 540 3198 sibilia
581 3147 773 3201 animte
806 3147 1061 3216 explicat.
1107 3147 1211 3204 Per
1241 3164 1365 3201 eum
1419 3148 1551 3203 solis
1583 3148 1758 3202 habeo
1788 3148 1924 3203 noti-

367 3236 530 3301 tiam,
567 3252 632 3292 ac
677 3237 801 3291 οωΙί
836 3248 1084 3293 ornatum
1133 3238 1292 3304 novi,
1329 3238 1604 3307 lustroque
1653 3237 1929 3292 stellarum

365 3329 843 3397 pulchritudinem,
878 3339 933 3385 et
965 3340 1122 3385 terra:
1155 3332 1352 3399 basim,
1376 3347 1441 3387 ac
1468 3331 1634 3401 maris
1661 3339 1933 3393 naturam,

371 3420 588 3476 diversa
617 3422 821 3476 semina
853 3422 1217 3493 arborumque
1242 3424 1582 3490 varietatem,
1607 3437 1670 3477 ac
1694 3422 1935 3477 colorum

369 3512 576 3565 variam
626 3512 942 3579 tiucturam,
987 3513 1331 3568 tenebrarum
1374 3515 1588 3570 tristem
1621 3512 1841 3576 faciem,
1874 3526 1938 3567 ac

366 3603 504 3660 lucis
552 3604 892 3673 splendorem
922 3647 938 3673 ,
969 3608 1150 3662 omnia
1197 3607 1432 3678 denique
1469 3607 1521 3663 si‘
1564 3622 1670 3677 qua
1704 3604 1941 3659 laudavit

370 3695 513 3750 Deus
563 3697 812 3751 conditor
856 3698 927 3752 ".
967 3700 1140 3769 Atque
1197 3702 1367 3765 adeo,
1398 3699 1503 3755 nisi
1553 3707 1698 3754 esset
1728 3697 1937 3760 oculus,

370 3794 680 3841 creatitrqu
733 3789 1059 3846 universitas
1107 3791 1223 3861 sine
1278 3801 1415 3847 teste
1462 3792 1763 3854 senuisset,
1817 3804 1939 3857 cum

374 3879 550 3933 nullus
576 3879 665 3934 Dei
693 3882 1011 3950 sapientiam
1038 3897 1101 3937 ac
1124 3884 1400 3947 virtutem,
1427 3898 1549 3952 quae
1577 3882 1629 3936 in
1653 3896 1714 3935 ea
1741 3880 1937 3945 elucet,

372 3981 689 4040 aspecturus
718 3982 880 4027 esset.
1046 4034 1049 4038 ς

444 4060 526 4116 0b
557 4079 675 4118 eam
714 4079 842 4136 ergo
874 4065 1175 4121 mirabilem
1219 4067 1366 4121 visus
1400 4074 1755 4129 structuram,
1800 4080 1943 4121 nunc

372 4167 592 4223 quoque
638 4155 780 4210 oculi
825 4172 922 4211 ceu
959 4167 1381 4227 extemporanea
1428 4157 1709 4212 molitione
1742 4157 1943 4212 conditi

373 4250 520 4307 sunt,
562 4259 670 4312 quo
702 4245 1022 4315 abjectiores
1054 4246 1119 4301 de
1152 4246 1449 4321 Unigenito
1493 4246 1848 4316 cogitationes
1876 4262 1943 4303 ex

375 4335 558 4390 carnis
579 4336 731 4392 nobis
756 4339 1061 4393 humilitate
1087 4340 1466 4404 accendentes,
1492 4339 1941 4396 submoveamus:

375 4442 445 4481 ex
482 4424 769 4498 gestorum
823 4430 1224 4500 magniﬁcentia
1272 4439 1555 4499 angustam
1596 4444 1808 4485 onmem
1850 4432 1946 4486 ab-

2038 597 2095 647 ἐν
2118 594 2197 665 τῷ
2228 594 2455 665 μαλακῷ
2481 594 2543 647 τὸ
2590 591 2973 663 διατεταμένον
2993 609 3006 621 ο
3054 593 3146 645 καὶ
3175 593 3445 657 ποικίλαις
3464 594 3617 665 διήν-

2035 687 2214 741 θισται
2240 689 2359 750 ταῖς
2388 686 2594 757 χρόαις.
2639 686 2713 738 Τὸ
2742 684 2870 754 γοῦν
2898 683 3061 754 μέσον
3099 682 3266 736 αὑτοῦ
3328 685 3427 753 τὴν
3457 702 3615 754 περιρ

2034 778 2250 851 γραφὴν
2296 778 2409 848 ἔχει
2451 779 2547 850 τοῦ
2596 779 2820 850 μέλανος
2844 796 2859 810 ο
2893 779 2986 832 καὶ
3024 778 3245 848 ταύτην,
3283 778 3344 830 οὒ
3385 778 3453 831 δι’
3478 778 3609 830 ὅλου

2036 868 2304 938 μονοειδῆ,
2339 868 2478 923 ἀλλὰ
2516 870 2783 933 ποικίλοις
2809 869 2918 922 τισὶ
2938 868 3157 931 κύκλοις
3176 868 3571 939 συνδεδεμένην
3588 885 3606 899 υ

2031 959 2126 1013 τοῦ
2147 961 2370 1033 κέντρου
2397 963 2494 1031 μὲν
2521 962 2685 1016 αὐτοῦ
2721 963 2815 1015 καὶ
2864 961 3028 1032 μέσου
3068 960 3129 1013 τὸ
3163 959 3456 1031 βαθύτερον
3485 959 3617 1030 [καὶ

2037 1055 2363 1128 μελάντερον
2379 1056 2449 1128 ²⁸⁸]
2484 1056 2700 1128 ἔχοντος
2719 1074 2731 1087 ·
2764 1059 2862 1127 τῆς
2896 1056 2953 1109 δὲ
2979 1054 3227 1125 ἐξωτέρω
3249 1054 3608 1126 περιφερείας

2032 1144 2169 1215 πρὸς
2208 1144 2308 1218 τὴν
2349 1145 2673 1218 ξανθοτέραν
2708 1146 2848 1199 κατὰ
2882 1145 3044 1217 μέρος
3088 1143 3467 1214 ἀποληγούσης
3507 1144 3612 1214 βα-

2032 1234 2159 1304 φήν.
2175 1234 2388 1307 Ταύτης
2402 1235 2600 1300 ἔξωθεν
2619 1237 2680 1290 τὸ
2701 1235 2889 1290 λευκὸν
2917 1234 3325 1306 περισέϐληται,
3352 1233 3609 1288 στιλπνὸν

2032 1325 2128 1378 καὶ
2166 1326 2405 1395 διαυγὲς,
2430 1328 2530 1380 οὐκ
2574 1327 2868 1396 ἀκρότατον
2886 1327 2930 1357 ’³
2959 1326 3079 1395 ἔχον
3124 1325 3220 1394 τὴν
3254 1325 3561 1395 λευκότητα
3586 1342 3605 1356 ο

2032 1416 2148 1469 ἀλλ’
2177 1417 2236 1469 ἐν
2262 1417 2695 1487 κρυσταλλοειδεῖ
2722 1436 2833 1483 τινι.
2867 1420 2961 1472 καὶ
2988 1417 3349 1489 διαυγαζούσῃ
3377 1435 3609 1486 arat-com-

2033 1507 2193 1578 μένον
2237 1510 2302 1578 τῇ
2347 1512 2550 1580 μορφῇ.
2586 1508 2660 1561 Τὸ
2690 1509 2917 1580 ἐρυθρὸν
2950 1512 3127 1562 κεῖται
3170 1509 3299 1581 περὶ
3333 1511 3433 1580 τήν
3468 1509 3609 1580 κρή-

2030 1615 2127 1669 νην
2142 1599 2209 1663 ³⁰,
2237 1599 2323 1652 ἵνα
2341 1598 2419 1669 τῷ
2437 1597 2614 1670 λευκῷ
2636 1600 2729 1652 καὶ
2748 1598 2825 1669 τῷ
2853 1599 3040 1669 μέλανι
3063 1600 3272 1671 κεράσῃ
3290 1599 3389 1668 τὴν
3416 1599 3601 1670 χάριν.
3692 1618 3703 1627 ο

2045 1691 2170 1746 Ἐπὶ
2206 1690 2435 1755 τούτοις,
2476 1690 2648 1754 οὕτως
2695 1692 2812 1743 ἐστὶ
2845 1690 3071 1761 διαυγὴς
3112 1690 3204 1743 καὶ
3249 1690 3389 1753 λεῖος
3437 1692 3495 1743 ἐν
3536 1692 3615 1761 τῇ

2033 1780 2350 1851 πυκνότητι,
2402 1779 2542 1833 ὥστε
2584 1780 2683 1833 καὶ
2726 1781 2825 1843 τὰς
2869 1779 2975 1833 τῶν
3025 1779 3350 1848 ἐγγιζόντων
3393 1778 3611 1831 εἰδωλο-

2031 1873 2204 1924 ποιείν
2261 1871 2495 1943 μορφάς,
2545 1871 2637 1924 καὶ
2682 1871 2847 1924 οἱονεὶ¹
2894 1871 3200 1941 κάτοπτρον
3231 1868 3456 1941 ἀκριϐὲς
3493 1869 3608 1922 τῶν

2030 1962 2568 2032 προσδιαλεγομένων
2630 1962 2990 2016 ἐντυποῦσθαι
3044 1963 3172 2025 τοὺς
3228 1961 3607 2032 χαρακτῆρας,

2029 2051 2248 2124 διὸ
2299 2053 2393 2106 καὶ
2431 2054 2493 2107 τὸ
2544 2055 2867 2125 μεσαίτατον
2908 2055 3071 2108 αὐτοῦ
3122 2054 3321 2107 κύκλου
3354 2054 3607 2125 κέντρον,

2032 2143 2467 2214 προσηγόρευται
2516 2145 2671 2217 κόρη,
2707 2140 2793 2197 ἀεὶ
2842 2146 2939 2215 τὴν
2986 2145 3198 2217 μορφὴν
3234 2145 3313 2216 τῷ
3354 2162 3609 2198 καταντι-

2032 2236 2137 2307 κρὺ
2163 2235 2409 2306 βλέποντι
2434 2237 2674 2289 δεικνύον
2701 2236 3072 2308 ἀνθρωπικήν,
3105 2239 3192 2301 Ὠς
3212 2236 3322 2308 γὰρ
3354 2238 3454 2290 οὐκ
3486 2237 3610 2289 ἐστι

2031 2325 2123 2379 τὸν
2156 2325 2366 2398 ὁρῶντα
2404 2328 2483 2390 είς
2527 2327 2829 2400 κάτοπτρον
2882 2327 2960 2400 μὴ
2987 2327 3147 2391 εὐθὺς
3199 2327 3607 2398 ἐνίσκασηται³¹

2031 2420 2097 2488 τῇ
2132 2417 2231 2489 ὕλῃ
2259 2418 2350 2470 τὸν
2389 2418 2518 2471 ίδιον
2571 2420 2911 2491 χαρακτῆρα·
2970 2417 3117 2472 οὕτω
3182 2419 3275 2471 τὸν
3316 2418 3616 2489 ἀντιπρόσο

2032 2528 2184 2565 ωπον
2231 2510 2440 2564 ἑστῶτα
2499 2511 2593 2565 τοῦ
2648 2511 2935 2584 ἀνθρώπου
2962 2551 2979 2576 ,
3048 2511 3125 2581 μὴ
3201 2509 3475 2581 ἐγγράψαι
3531 2509 3613 2581 τῷ

2032 2602 2293 2673 ὀφθαλμῷ
2317 2603 2414 2673 τὴν
2445 2604 2650 2657 οἰκείαν
2687 2605 2922 2675 μορφήν.
2962 2604 3054 2666 Εἰς
3079 2603 3341 2673 ἀλλήλους
3369 2600 3501 2670 γοῦν
3524 2601 3615 2655 ἄν·

2034 2692 2241 2763 θρωποι
2276 2692 2560 2763 βλέποντες
2586 2693 2830 2765 ἀλλήλων
2858 2694 3099 2762 γίνονται
3135 2695 3435 2764 κάτοπτρα.

2105 2784 2392 2854 Θαύματος
2418 2785 2595 2838 τοίνυν
2611 2785 2758 2850 ἄξιος
2777 2786 2833 2837 ἐν
2848 2788 2960 2848 τοῖς
2988 2785 3278 2856 κτίσμασιν
3302 2784 3613 2854 ὀφθαλμός.

2036 2869 2204 2938 Οὗτος
2236 2874 2343 2945 γάρ
2380 2892 2469 2946 μοι
2505 2876 2600 2929 καὶ
2630 2876 2765 2930 Θεὸν
2801 2875 3113 2950 ἐρμηνεύει,
3151 2877 3328 2930 πᾶσαν
3365 2874 3617 2947 ἀκριϐῶς

2038 2970 2468 3041 καταμανθάνων
2507 2970 2604 3039 τὴν
2645 2967 2842 3036 κτίσιν,
2887 2968 2997 3021 κάκ
3032 2968 3129 3039 τῆς
3167 2967 3443 3036 ἐνεργείας
3472 2965 3615 3019 ὑπο-

2036 3062 2251 3125 δεικνὺς
2275 3062 2365 3115 τὸν
2390 3061 2656 3131 τεχνίτην·
2678 3054 2832 3125 οὗτος
2851 3063 2915 3115 ἐκ
2939 3061 3045 3115 τῶν
3076 3059 3288 3132 ὁρατῶν
3310 3058 3612 3131 ἐρμηνεύει

2042 3151 2142 3224 [τῇ
2172 3152 2317 3223 ψυχῇ
2366 3151 2451 3222 ⁸³]
2486 3150 2555 3203 τὰ
2597 3152 2839 3222 ἀόραταο
2890 3150 2978 3203 διὰ
3026 3149 3215 3203 τούτου
3271 3149 3378 3220 ἔχω
3409 3148 3618 3217 γνῶσιν

2037 3242 2210 3313 ήλίου,
2243 3243 2335 3295 καὶ
2365 3241 2592 3311 ούρανοῦ
2623 3242 2823 3312 κόσμον
2856 3241 3076 3312 ἔμαθον,
3107 3242 3199 3295 καὶ
3236 3239 3431 3302 κάλλος
3449 3240 3616 3293 ἀστέ-

2041 3350 2148 3403 ρων
2183 3332 2465 3403 ἱστόρησα,
2495 3333 2589 3386 καὶ
2621 3332 2724 3402 γῆς
2753 3333 3071 3397 ὑπόστασινε
3103 3333 3196 3385 καὶ
3226 3331 3385 3400 φύσιν
3413 3331 3621 3384 θαλάσ-

2041 3438 2169 3492 σης·
2203 3422 2532 3492 σπερμάτων
2563 3422 2843 3503 διαφρρὰν,
2875 3424 2969 3477 καὶ
2997 3422 3178 3493 φυτῶν
3207 3421 3504 3486 ποικιλίαν,
3523 3422 3619 3475 καὶ

2040 3514 2344 3585 χρωμάτων
2386 3513 2634 3584 ποικίλην
2668 3513 2843 3583 βαφήν
2868 3529 2881 3542 ·
2929 3513 3151 3577 σκότους
3187 3530 3243 3566 τε
3287 3513 3618 3583 κατήφειαν,

2040 3607 2135 3659 καὶ
2160 3606 2334 3674 φωτὸς
2367 3605 2709 3676 λαμπηδόνα,
2750 3606 2845 3659 καὶ
2873 3606 3052 3659 πάντα
3081 3605 3267 3673 ἁπλῶς
3295 3605 3397 3659 ὅσα
3427 3607 3455 3658 ό
3480 3604 3619 3669 Θεὸς

2044 3696 2237 3758 κτίσας
2280 3695 2566 3767 ἐπῄνεσεν.
2605 3696 2715 3759 Ὧς,
2758 3698 2811 3748 εἴ
2839 3712 2902 3763 γε
2932 3695 3207 3766 ὀφθαλμὸς
3239 3694 3314 3766 μὴ
3346 3694 3616 3766 ὑπῆρχεν,

2042 3785 2358 3857 ἀμάρτυρος
2410 3786 2475 3840 ἂν
2517 3787 2551 3857 ή
2604 3787 2782 3850 κτίσις
2829 3787 3129 3858 ἐγήρασεν·
3186 3784 3401 3848 οὐδενὸς
3477 3785 3621 3839 καθ-

2042 3879 2276 3949 ορῶντος
2314 3879 2414 3948 τὴν
2453 3876 2654 3950 ἑαυτὴν
2690 3878 2736 3909 ³³
2768 3878 3079 3950 σωζομένην
3117 3877 3210 3932 τοῦ
3244 3878 3378 3932 Θεοῦ
3425 3878 3621 3949 σοφίαν

2042 3971 2139 4024 καὶ
2171 3971 2422 4042 δύναμιν.

2117 4063 2215 4116 Διᾶ
2239 4062 2443 4133 ταύτην
2468 4062 2647 4116 τοίνυν
2670 4061 2767 4132 τὴν
2795 4060 3115 4133 θαυμαστὴν
3138 4060 3236 4133 τὴν
3254 4061 3431 4132 ὄψεων
3460 4080 3625 4117 καταο

2048 4153 2249 4224 σκευὴν
2277 4153 2547 4224 ὀφθαλμοὶ
2596 4151 2691 4204 καὶ
2724 4150 2821 4205 νῦν
2876 4149 3206 4221 ἐκτίσθησαν
3250 4152 3622 4223 αὐτοσχέδιοι.

2046 4245 2134 4298 ἵνα
2171 4244 2269 4308 τὰς
2314 4244 2711 4316 μικροπρεπείς
2753 4241 2996 4305 ἐννοίας,
3037 4241 3137 4305 τὰς
3191 4243 3257 4296 ἐκ
3288 4242 3387 4312 τῆς
3417 4243 3627 4314 σαρκὸς

2045 4336 2400 4404 ἐγγινομένας
2422 4336 2576 4404 ἡμῖν,
2603 4332 2731 4403 περὶ
2756 4331 2848 4385 τοῦ
2870 4331 3225 4400 Μονογενοῦς,
3261 4333 3623 4403 ἀποθώμεθα,

2046 4430 2112 4499 τῇ
2147 4426 2518 4499 μεγαλουργίᾳ
2543 4424 2650 4477 τῶν
2685 4422 2985 4494 γινομένων
3015 4423 3367 4486 ἐκϐάλλοντες
3392 4425 3491 4496 τὴν
3528 4425 3629 4495 ψυ-

374 4518 687 4590 jectamque
711 4522 1017 4592 Opinionem
1045 4520 1118 4576 ab
1140 4521 1322 4576 animo
1347 4521 1660 4591 ejicientes;
1688 4524 1934 4578 sciamus

2049 4518 2149 4590 χῆς
2166 4520 2344 4572 πᾶσαν
2366 4515 2627 4586 ὑπόληψιν
2648 4514 3001 4595 μθικροπρεπῆ
3020 4516 3113 4568 καὶ
3135 4499 3483 4587 ¹χαμαίζηλον
3532 4520 3578 4551 ³⁸
3606 4537 3622 4551 ο

377 4625 485 4676 que
541 4611 755 4665 beatum
784 4611 1003 4665 deitatis
1034 4610 1215 4667 lumen
1245 4624 1309 4665 ac
1339 4611 1789 4679 pulchritudinem
1848 4630 1943 4671 vas

379 4712 604 4757 testeum
652 4704 1048 4773 assumpsisse,
1083 4703 1226 4771 quod
1283 4703 1438 4758 uobis
1484 4702 1717 4760 lucernae
1771 4706 1945 4762 instar

379 4795 718 4863 splendorem
766 4794 1157 4849 subministrat.
1199 4792 1427 4851 Omnino
1460 4807 1638 4853 autem
1681 4799 1792 4868 ipse
1850 4815 1947 4868 per

376 4904 435 4943 sv.
471 4887 728 4941 Dominus
751 4896 933 4950 curat;
965 4901 1063 4941 nec
1094 4886 1209 4941 solo
1233 4903 1479 4943 sermone
1505 4891 1571 4944 ad
1597 4900 1730 4961 Opus
1754 4894 1940 4958 utitur,

381 4980 466 5049 qui
500 4994 683 5034 rerum
713 4986 963 5033 ornatum
1007 4979 1314 5034 universum
1357 4991 1629 5051 praecepto
1662 4984 1946 5050 produxis-

375 5080 459 5125 set
486 5071 553 5135 ",
611 5069 704 5138 qui
742 5070 953 5126 duobus
1004 5072 1247 5126 verbulis
1287 5074 1543 5127 membris
1577 5073 1806 5127 solutum
1852 5073 1946 5126 ho-

377 5165 575 5217 minem
604 5172 842 5215 curasset
876 5163 959 5229 ";
992 5164 1121 5233 quin
1147 5174 1201 5217 et
1224 5179 1338 5231 ore,
1372 5174 1426 5219 et
1458 5164 1727 5229 manibus,
1763 5165 1944 5219 omni-

377 5270 480 5323 que
520 5254 622 5307 alia
660 5254 996 5323 providentia
1036 5257 1332 5311 caecitatem
1381 5263 1553 5322 curat,
1586 5271 1692 5327 quo
1740 5265 1945 5310 certam

375 5363 439 5400 ex
486 5345 646 5400 rebus
701 5346 856 5400 [idem
906 5348 1194 5403 incredulis
1235 5348 1415 5404 faciat.
1449 5346 1605 5414 Spuit
1637 5349 1688 5401 in
1725 5355 1946 5409 terram,

376 5452 553 5506 quue
574 5446 733 5506 sputo
759 5438 926 5493 lutum
955 5439 1102 5494 facit.
1134 5440 1394 5495 Nimirum
1422 5440 1623 5494 idcirco
1646 5441 1712 5493 ad
1753 5454 1949 5492 curan-

378 5528 505 5582 dum
545 5538 743 5585 terram
786 5531 1068 5599 adhibens,
1107 5548 1212 5601 quo
1246 5532 1519 5595 ostendat;
1550 5544 1613 5583 ex
1659 5530 1847 5584 eodem
1890 5544 1950 5583 se

451 5644 499 5677 “
538 5642 669 5697 Gen.
716 5660 753 5704 ι,
782 5646 872 5700 3i.

386 5732 442 5768 ει
486 5714 642 5770 ΙἸιοΙ.
716 5715 773 5779 ³⁸,
806 5716 930 5780 ch.
985 5718 1260 5772 ἐνσκιάσοι
1306 5733 1369 5769 ex
1397 5718 1521 5782 ch.

384 5783 537 5838 ύπόλ.
589 5787 682 5839 καὶ
726 5788 950 5859 χαμαὶζ.

1622 5717 1667 5748 ³³
1709 5717 1779 5769 Ex
1832 5715 1985 5769 l’ltnt.

948 5650 994 5680 "
1036 5648 1174 5701 Psal.
1207 5662 1427 5707 sxum.
1462 5644 1516 5700 5.
1592 5647 1635 5678 ⁸⁷
1676 5645 1830 5700 Joan.
1862 5660 1911 5707 ν,
1946 5647 2000 5699 8.

1053 5790 1097 5821 ³⁵
1138 5790 1261 5858 St‘g.
1306 5786 1635 5856 παράλυτον.
1712 5788 1755 5821 ³⁸
1795 5785 1873 5841 Ex
1902 5786 2022 5858 St'g.

2050 4609 2404 4682 γνωρίσωμεν
2426 4606 2507 4673 δὲ,
2530 4605 2611 4659 ὅτι
2638 4605 2697 4658 τὸ
2733 4605 2999 4676 μακάριον
3028 4604 3142 4673 φῶς
3174 4605 3269 4657 καὶ
3299 4606 3494 4671 κάλλος
3525 4609 3629 4679 τῆς

2051 4700 2302 4771 θεότητος
2334 4699 2650 4770 ὀστράκινον
2678 4695 2871 4760 σκεῦος
2915 4695 3150 4762 ἐδέξατο,
3181 4696 3461 4751 διακονοῦν
3493 4701 3628 4770 ἡμῖν

2051 4792 2191 4847 κατὰ
2230 4793 2357 4854 τοὺς
2408 4789 2632 4860 λύχνους
2684 4787 2785 4859 τὴν
2829 4787 3169 4858 λαμπηδόνα.
3212 4787 3516 4859 Αὐτουργεί
3568 4791 3628 4844 δὲ

2051 4886 2226 4940 διόλου
2263 4885 2358 4955 τὴν
2398 4882 2692 4954 θεραπείαν
2734 4884 2763 4934 ὁ
2809 4880 3033 4950 Κύριος,
3069 4880 3163 4934 καὶ
3203 4881 3264 4933 οὐ
3301 4880 3444 4951 λόγῳ
3478 4883 3630 4953 μόνῳ

2052 4979 2246 5050 Χρῆται
2276 4977 2409 5046 πρὸς
2447 4975 2543 5046 τὴν
2580 4974 2860 5045 ἐνέργειαν
2897 4974 2925 5024 ὁ
2982 4972 3362 5042 προστάγματι
3394 4973 3493 5043 τὴν
3521 4976 3629 5027 πᾶ-

2054 5086 2152 5124 σαν
2180 5053 2622 5138 ὑποστησάμενος
2638 5065 3016 5136 διακόσμησιν,
3042 5066 3071 5117 ό
3091 5063 3184 5116 δύο
3199 5064 3377 5133 λόγοις
3400 5064 3628 5136 βραχέσι

2051 5165 2143 5218 τὸν
2173 5162 2541 5232 παραλυτικὸν
2575 5162 2621 5193 ³⁸
2662 5157 3006 5230 θεραπεύσας
3025 5175 3038 5188 ο
3083 5157 3218 5211 ἀλλὰ
3245 5158 3340 5211 καὶ
3372 5159 3626 5229 στόματι,

2051 5255 2146 5308 καὶ
2172 5255 2344 5326 χερσὶ,
2361 5255 2453 5306 καὶ
2479 5252 2612 5323 ἄλλῃ
2645 5250 2810 5322 πολλῇ
2842 5249 3067 5320 προνοίᾳ
3090 5247 3380 5320 θεραπεύει
3409 5248 3528 5320 [νῦν
3555 5249 3626 5322 ³⁸]

2050 5346 2151 5416 τὴν
2177 5342 2503 5414 τυφλότητα,
2544 5343 2629 5395 ἵνα
2666 5340 2884 5411 βεϐαίαν
2908 5338 2996 5392 διὰ
3021 5338 3129 5391 τῶν
3161 5338 3501 5409 πραγμάτων
3528 5338 3629 5410 ἐμ-

2063 5439 2263 5508 ποιήσῃ
2316 5437 2428 5498 τοῖς
2485 5434 2734 5499 ἀπίστοις
2782 5432 2881 5503 τὴν
2941 5431 3141 5484 πίστιν.
3183 5428 3347 5483 [Ιτύει
3396 5430 3489 5482 ἐπὶ
3531 5430 3627 5482 τοῦ

2061 5528 2306 5596 ἐδάφους,
2334 5527 2428 5579 καὶ
2462 5525 2539 5596 τῷ
2568 5523 2737 5595 σιάλῳ
2767 5522 2938 5594 πηλὸν
2964 5521 3277 5591 ἐργάζεται,
3323 5522 3387 5591 τῇ
3426 5514 3525 5591 μ’ἐν
3554 5525 3627 5592 γῇ

2078 5646 2124 5679 ’⁸
2155 5645 2226 5699 Ex
2270 5645 2392 5712 Srg.
2479 5644 2524 5675 ¹⁹
2548 5642 2704 5714 ΡΙιοι.
2741 5642 2865 5711 ch.
2891 5641 3204 5714 ἄκρατον-Δ
3228 5639 3271 5669 ³ο
3298 5637 3426 5705 Lt‘g.
3461 5640 3629 5714 κόρην

2082 5718 2124 5749 ³³
2162 5717 2247 5769 Ἐν
2280 5709 2413 5786 αὐτῇ
2450 5729 2514 5770 ex
2542 5712 2698 5791 Pbot.
2746 5709 2979 5781 et‘SegC
3055 5713 3099 5744 ”
3148 5709 3307 5767 Pbot.
3370 5709 3629 5782 ταπεινὴν
