3820 6300
210 256 323 316 25Ἶ

1124 253 1408 311 ilOMlLlA
1445 253 1553 311 VII.
1606 256 1676 313 IN
1716 256 1977 313 CAECUM
2021 258 2063 312 Α
2103 258 2540 318 NATIVITATE.

3348 269 3458 328 258

211 378 303 432 es
341 374 494 429 τοῦτο
541 372 679 446 πρὸς
730 372 830 443 τὴν
881 372 1176 445 θεραπείαν
1225 374 1649 447 συγχρώμενος,
1699 377 1771 429 ἵνα

1889 379 2019 447 luto,
2051 394 2118 434 ex
2149 395 2257 450 quo
2289 381 2541 450 primitus
2576 389 2745 438 totum
2767 384 2966 440 animal
2999 385 3288 441 formatum
3323 388 3457 442 fuis—

206 469 373 538 δείξῃ,
405 467 480 529 ὡς
507 465 565 532 ἐξ
592 464 804 519 ἐκείνου
824 464 919 518 τοῦ
944 465 1062 536 χοῦ,
1098 467 1219 520 ὅθεν
1241 468 1297 520 ὲν
1318 469 1457 539 ἀρχῇ
1488 466 1777 540 ὁλόκληρον

209 556 445 628 ἐπλάσθη
487 559 550 611 τὸ
597 557 757 622 ζῶον,
789 558 886 610 καὶ⁸
925 558 987 610 τὸ
1022 557 1204 611 λοιπὸν
1237 558 1439 630 ἀρτίως
1478 558 1642 630 μέρος
1678 559 1775 629 δη-

210 654 561 723 μιουργεῖται.
608 648 788 719 Σιάλῳ
810 648 868 701 δὲ
903 648 1062 705 τοῦτο
1108 649 1499 720 ἀναλαμϐάνει,
1532 651 1626 703 καὶ
1659 666 1780 702 συν-

1889 480 1993 536 set,
2026 487 2167 525 nunc
2201 488 2416 542 quoque
2443 474 2709 544 reliquum
2739 477 3040 532 membrum
3069 478 3322 532 condere.
3356 477 3459 532 Sac

1880 560 1989 615 liva
2029 572 2208 619 autem
2259 564 2391 618 illud
2441 566 2645 630 sarcit,
2683 580 2744 622 ac
2789 568 3104 638 dissipatum
3154 582 3457 639 expersque

1884 654 2109 724 glutiuis
2156 657 2401 711 continet
2445 658 2758 727 pulverem,
2808 674 2918 729 quo
2966 660 3124 715 nobis
3171 662 3454 730 perspicue

208 744 319 814 ἔχει
361 742 449 795 τὸν
492 740 895 810 ἐσκεδασμένον
932 739 1025 793 καὶ
1060 740 1375 810 ἀκόλλητον,
1415 740 1501 794 ἵνα
1528 739 1771 810 φανερῶς

1881 745 2135 799 ostendat
2158 749 2338 801 omnia
2372 746 2603 802 Verbum
2650 751 2851 805 virtute
2876 751 2989 806 oris
3027 751 3108 806 sui
3143 753 3451 820 peregisse:

204 838 332 906 ἡμῖν
361 834 539 905 δείξῃ,
589 834 672 887 ὅτι
716 836 782 904 τῇ
822 832 1051 901 δυνάμει
1089 831 1186 884 τοῦ
1227 831 1492 901 στόματος
1533 830 1697 885 αὑτοῦ
1746 832 1776 885 6

203 927 368 987 Λόγος
405 924 473 975 τὰ
510 923 691 977 πάντα
729 921 1081 993 κατώρθωσε.
1145 920 1228 986 Τῷ
1268 923 1428 989 λόγῳ
1474 921 1583 992 γάρ
1636 921 1776 993 [Ku-

1884 827 2016 883 Nam
2034 870 2049 894 ,
2102 829 2267 884 Verbo
2295 831 2503 885 Domini
2525 833 2854 902 creti/innati
2881 844 3024 899 sunt,
3050 846 3098 889 et
3123 835 3319 903 spiritu
3346 834 3454 889 oris

1880 922 1996 990 ejus
2025 924 2192 976 onmt's
2224 923 2390 978 virtus
2419 940 2598 978 eorum
2627 925 2693 979 “.

202 1018 331 1084 ρίου
362 1013 430 1086 ³⁷]
464 1018 520 1067 οἰ
574 1014 822 1083 cupas-ot
876 1012 1349 1082 ἐστερεώθησαν,
1405 1016 1500 1068 καί
1542 1013 1623 1079 τῷ
1679 1013 1969 1082 πνεύματι
2018 1015 2127 1069 τοῦ
2179 1018 2477 1086 στόματος
2517 1019 2703 1074 αὑτοῦ
2744 1018 2915 1076 πᾶσα
2966 1021 3004 1088 ἡ
3047 1010 3302 1090 δύναμίς
3355 1023 3456 1076 αὺ-

202 1113 333 1169 τῶν.

268 1202 419 1270 Τάχα
456 1201 515 1254 δὲ
550 1201 645 1254 καὶ
688 1199 777 1254 διὰ
808 1198 967 1253 τοῦτο
996 1200 1182 1255 πτύων
1220 1199 1530 1271 θεραπεύει,
1567 1201 1653 1254 ἵνα
1685 1218 1779 1254 κα-

199 1291 397 1364 τανύξῃ
445 1292 588 1362 πρὸς
621 1290 786 1360 φόϐον
839 1292 964 1354 τοὺς
1013 1292 1207 1362 μικρὸν
1256 1291 1480 1363 ὕστερον
1534 1291 1777 1363 ὑϐρίζειν

198 1385 306 1443 τοῖς
322 1380 680 1451 ὲμπτύσμασι
705 1380 999 1451 μέλλοντας
1014 1398 1029 1412 ’
1049 1384 1142 1435 καὶ
1162 1384 1310 1453 ὅμως
1327 1383 1426 1437 οὑκ
1457 1381 1775 1452 ἐδυσώτνησε

198 1474 302 1526 τῶν
325 1473 672 1543 μαινομένων
697 1472 759 1526 τὸ
783 1472 1004 1544 Θράσος,
1030 1473 1146 1526 ἀλλ’
1178 1474 1479 1547 ὲνεπτύσθη
1513 1474 1705 1538 πολλὰ,
1745 1476 1774 1528 6

195 1564 417 1617 τοιαῦτα
448 1562 732 1633 κατορθῶν
774 1562 863 1617 διὰ
892 1563 987 1617 τοῦ
1021 1566 1353 1635 πτύσματος.
1392 1566 1502 1637 Τῆς
1548 1565 1770 1637 πρώτης

1954 1195 2118 1252 Forte
2142 1205 2320 1250 autem
2348 1195 2551 1251 idcirco
2572 1196 2738 1251 etiam
2769 1198 3010 1266 spnendo
3034 1209 3207 1265 curat,
3229 1216 3341 1270 quo
3359 1215 3456 1257 eos

1889 1293 1956 1346 ad
2005 1298 2208 1345 metum
2264 1297 2610 1357 compnngat,
2657 1289 2747 1356 qui
2799 1290 2946 1345 brevi
2997 1295 3454 1359 postexspuendu

1885 1381 2137 1448 iniuriam
2173 1378 2371 1434 facturi
2426 1390 2600 1433 erant.
2648 1378 2758 1435 Nec
2810 1382 2888 1437 sic
2928 1390 3108 1437 tamen
3156 1382 3451 1438 furentium

1882 1472 2091 1527 inflexit
2138 1470 2457 1537 audaciam;
2485 1471 2614 1539 quin
2646 1470 2747 1525 fuit
2796 1471 2980 1527 multis
3010 1472 3211 1528 oblitus
3257 1475 3451 1543 sputis,

1880 1564 1970 1634 qui
2019 1571 2177 1632 sputo
2229 1577 2341 1616 rem
2391 1561 2658 1629 ejusmodi
2710 1564 2986 1633 gessisset.
3035 1563 3200 1617 Primi
3244 1565 3452 1621 ordinis

193 1653 395 1723 ταύτης
424 1653 634 1718 τάξεως
665 1652 764 1722 τὴν
805 1653 1198 1726 δημιουργικὴν
1227 1656 1510 1726 ὑποφαίνει
1546 1657 1771 1729 δύναμιν

1881 1653 2203 1709 creatricem
2240 1653 2499 1707 virtutem
2540 1653 2592 1708 in
2632 1667 2753 1708 eum
2805 1654 3024 1707 modum
3073 1655 3323 1710 ostendit.
3374 1657 3453 1710 Ac

196 1747 287 1799 καὶ
307 1746 397 1799 διὰ
434 1746 533 1815 μὲν
561 1744 655 1798 τοῦ
697 1745 999 1816 προστάξαι
1025 1748 1105 1809 είς
1130 1746 1227 1817 τὴν
1255 1747 1641 1820 κολυμϐήθραν
1674 1747 1769 1801 τοῦ

195 1836 412 1906 Σιλωὰμ
429 1835 718 1905 νίψασθαι,
752 1837 852 1906 τὴν
880 1837 947 1890 δι’
981 1837 1171 1902 ὓδατος
1214 1840 1487 1910 σωτηρίαν
1520 1844 1652 1912 ἡμῖν
1689 1843 1769 1895 ὲν-

193 1928 488 1990 δείχνυται,
524 1928 594 1999 ἦν
628 1930 796 1982 πᾶσιν
830 1931 859 1981 6
900 1930 1309 2002 ἀπεσταλμένος
1345 1932 1565 2003 Σιλωὰμ
1595 1932 1774 2003 ἐχαρί-

193 2035 341 2071 σατο.
366 2018 501 2071 Τότε
536 2018 648 2089 γὰρ
680 2018 861 2081 καλῶς
890 2018 937 2051 ³⁸
973 2019 1265 2090 βλέπομεν,
1292 2022 1368 2073 ὅτ’
1393 2021 1458 2075 ἂν
1483 2021 1561 2091 τῷ
1593 2040 1775 2093 μυστι-

193 2108 272 2178 κῷ
310 2109 681 2180 καωρθῶμεν
713 2108 896 2162 ὑδατι-
935 2110 1056 2163 τότε
1095 2110 1211 2181 φῶς
1242 2114 1391 2182 ἡμᾶς
1438 2114 1771 2184 περιλάμπει

189 2201 285 2268 τῆς
313 2200 562 2271 χάριτος,
601 2201 681 2253 ὅτ’
710 2199 777 2254 ἂν
807 2202 840 2270 ἡ
888 2200 1115 2271 δύναμις
1163 2203 1256 2260 τοῦ
1282 2204 1655 2274 βαπτίσματος
1682 2206 1771 2256 τὸν

193 2288 359 2360 ῥύπον
405 2290 518 2342 τῶν
562 2290 980 2363 ἁμαρτημάτων
1015 2292 1108 2345 καὶ
1152 2294 1251 2356 τὰς
1297 2293 1519 2363 κηλῖδας
1554 2296 1768 2366 ἐκνίψει.

188 2380 295 2433 Καὶ
320 2380 525 2441 πάντες
554 2380 671 2432 ὅσοι
700 2382 765 2450 τῇ
788 2379 971 2451 ἐντολῇ
1000 2380 1097 2433 τοῦ
1128 2382 1348 2452 Σιλωὰμ
1372 2383 1765 2453 άπολουόμεθα,

188 2472 247 2524 τὸ
286 2473 659 2543 πνευματικὸν
693 2473 908 2545 ὁρῶμεν
952 2473 1088 2542 φῶς,
1130 2474 1159 2528 δ
1193 2477 1417 2543 φωτίζει
1462 2475 1639 2531 πάντα
1678 2478 1769 2531 ἄν⁸

189 2562 403 2633 θρωπον
436 2565 738 2636 ἐρχόμενον
767 2569 845 2630 εἰς
875 2566 968 2620 τὸν
1004 2568 1228 2637 κόσμον.
1267 2568 1331 2620 Ὢ
1356 2568 1450 2620 τοῦ
1494 2567 1772 2637 θαύματος

187 2654 277 2707 καὶ
317 2656 420 2725 τῆς
467 2657 713 2727 μεγάλης
758 2657 1066 2729 ἐνεργείαςι
1115 2657 1381 2727 Ἀπῆλθεν
1424 2659 1490 2711 ὲκ
1531 2657 1631 2727 τῆς
1682 2674 1773 2710 κο·-

186 2737 505 2810 λυμϐήθρας
534 2744 564 2795 6
587 2743 694 2813 πρὸ
726 2744 905 2813 ὀλίγου
940 2745 1157 2814 τυφλὸς,
1194 2745 1492 2816 κοσμηθεὶς
1516 2745 1578 2798 τὸ
1604 2747 1773 2816 πρόσ-

187 2846 327 2881 ωπον
364 2833 434 2901 τῇ
472 2831 583 2884 τῶν
610 2832 908 2904 ὀφθαλμῶν
942 2834 1251 2909 προσθήκῃ,
1292 2835 1504 2905 βλέπων
1529 2836 1772 2907 ἀκριϐῶς

188 2921 317 2990 πρὸς
346 2922 440 2975 τὸν
463 2922 698 2995 ἡλιακὴν
731 2927 945 2980 ἀκτῖνα.
988 2926 1313 2996 Ἐξέπληττε
1361 2928 1487 2993 τοὺς
1520 2928 1771 2997 γείτονας

1878 1743 2097 1813 quidem
2123 1742 2362 1812 iubendo
2393 1743 2563 1799 lavari
2591 1745 2643 1798 in
2673 1745 2883 1814 piscina
2914 1743 3079 1809 Siloe,
3101 1744 3335 1801 futuram
3358 1763 3452 1802 no-

1875 1834 1959 1889 bis
1993 1835 2223 1888 salutem
2256 1850 2352 1904 per
2375 1850 2576 1905 aquam
2626 1836 2828 1901 innuit,
2860 1853 3020 1906 quam
3063 1837 3261 1894 Missus
3307 1838 3454 1896 Siloe

1880 1924 2154 1979 universis
2178 1927 2470 1980 concessit.
2502 1926 2658 1982 Tunc
2683 1928 2830 1982 enim
2858 1928 2996 1983 bene
3026 1930 3290 1995 videmus,
3325 1947 3449 1986 cum

1873 2030 2011 2084 aqua
2056 2017 2286 2085 mystica
2327 2018 2565 2072 mandati
2617 2018 2903 2077 fuerimus.
2941 2019 3091 2077 Tune
3137 2037 3234 2076 nos
3263 2024 3454 2093 gratiae

1876 2105 2054 2161 lumen
2089 2106 2490 2176 circumfnlget,
2525 2123 2647 2161 cum
2693 2109 2960 2179 baptismi
2995 2112 3168 2167 virtus
3203 2124 3455 2182 peccato.
3509 2167 3519 2177 ,

1876 2212 1996 2251 rum
2028 2196 2220 2253 sordes
2252 2198 2605 2269 maculasque
2654 2199 2870 2253 eluerit.
2901 2199 3177 2271 Quotquot
3208 2217 3336 2257 vero
3361 2202 3450 2271 jn-

1876 2287 2036 2342 hente
2062 2288 2211 2347 Siloe
2236 2288 2502 2353 lavamur,
2536 2290 2779 2359 Spiritale
2802 2292 3046 2347 videmus
3068 2292 3272 2357 lumen,
3303 2295 3449 2363 quod

1878 2378 2144 2435 illuminat
2163 2394 2377 2434 munem
2398 2379 2670 2437 hominem
2700 2382 3001 2437 venientem
3027 2383 3079 2436 in
3104 2385 3358 2437 mundum
3380 2383 3447 2436 “.

1879 2471 1922 2527 0
1959 2471 2301 2536 miraculum,
2332 2486 2396 2526 ac
2431 2474 2536 2527 vim
2583 2474 2866 2543 magnam!
2903 2472 3160 2528 Discessit
3190 2491 3220 2528 e
3245 2474 3450 2542 piscina

1875 2562 1967 2632 qui
2018 2561 2175 2634 paulo
2228 2572 2353 2618 ante
2403 2578 2578 2617 cmcus
2624 2574 2776 2628 erat,
2829 2573 3019 2618 ornata
3076 2564 3215 2620 faeie
3268 2566 3452 2618 oculo-

1879 2668 1997 2708 rum
2048 2655 2319 2719 auctario,
2356 2654 2486 2710 solis
2524 2654 2689 2723 probe
2735 2655 2940 2711 radium
2978 2655 3187 2709 videns.
3232 2653 3453 2709 Vicinus

1883 2760 1948 2803 ac
1983 2756 2140 2802 notos
2169 2760 2258 2801 res
2290 2754 2439 2801 tanta
2487 2746 2541 2801 in
2569 2754 2846 2814 stuporem
2876 2748 3140 2801 vertebat.
3175 2746 3451 2800 Turbalio:

1879 2850 2010 2891 sane
2058 2850 2196 2891 nova
2235 2835 2536 2890 curationis
2572 2837 2732 2894 ratio.
2764 2835 3040 2889 Cirruihat
3071 2833 3256 2889 urbem
3286 2835 3446 2893 home

1884 2926 2095 2990 videns,
2122 2940 2230 2995 quo
2261 2940 2458 2980 novum
2486 2942 2550 2983 ac
2579 2926 2825 2980 mirabile
2862 2924 3064 2979 factum
3095 2940 3229 2994 opus
3257 2939 3448 2978 omnes

188 3012 276 3065 καὶ
315 3014 448 3079 τοὺς
477 3015 796 3086 γνωρίμους
830 3018 891 3070 τὸ
944 3019 1198 3088 πρᾶγμα.
1244 3016 1525 3090 Ἑθορύὸει
1553 3016 1645 3073 οὖν
1670 3021 1716 3055 ”
1743 3023 1771 3073 6

1881 3018 2142 3086 viderent,
2187 3034 2217 3072 a
2261 3017 2385 3073 Jesu
2432 3028 2558 3072 nato
2588 3019 2640 3072 in
2669 3017 3018 3083 Bethlehem;
3048 3033 3080 3071 a
3122 3017 3313 3088 pusillo
3361 3018 3453 3071 illa

187 3105 366 3169 καινὸς
395 3105 502 3175 τῆς
533 3105 828 3179 θεραπείας
850 3109 1051 3182 τρόπος
1071 3127 1084 3140 ·
1118 3111 1456 3181 περιενόστει
1488 3112 1589 3179 τὴν
1619 3112 1771 3166 πόλιν

1881 3108 2101 3177 infante,
2130 3109 2324 3180 pannis
2355 3110 2595 3165 involuto
2628 3110 2680 3163 iu
2714 3110 2996 3179 praesepio.
3032 3109 3156 3163 ﬂrec
3191 3107 3332 3163 enim
3355 3107 3452 3161 lu-

183 3192 213 3246 6
256 3195 553 3267 ἄνθρωπος
613 3196 849 3267 βλέπων,
904 3199 994 3253 ἵνα
1030 3198 1296 3271 βλέπηται
1350 3200 1502 3271 παρὰ
1555 3200 1771 3253 πάντων

1881 3202 2016 3255 [imos
2055 3205 2422 3265 morabantur,
2454 3210 2515 3255 ut.
2551 3216 2616 3256 ne
2648 3200 2832 3256 deitati
2860 3201 3165 3256 crederent.

187 3282 339 3355 ἔργον
389 3285 690 3357 γενόμενον
747 3286 933 3340 καινὸν
988 3287 1083 3341 καὶ
1146 3286 1450 3360 παράδοξον
1504 3285 1609 3339 ὑπὸ
1667 3284 1763 3339 τοῦ
1806 3285 2017 3358 [Ἰησοῦ
2053 3289 2149 3342 τοῦ
2184 3288 2255 3362 ⁸ο]
2298 3292 2355 3343 ὲν
2409 3290 2654 3361 Βηθλεὲμ
2697 3289 3067 3359 γεννηθέντος,
3117 3288 3212 3342 τοῦ
3250 3288 3452 3360 μικροῦ

185 3373 417 3445 βρέφους
451 3376 695 3441 ἐκείνου,
735 3378 829 3430 τοῦ
872 3378 929 3432 ἐν
970 3381 1037 3450 τῇ
1079 3378 1256 3452 φάτνῃ
1307 3380 1420 3442 τοῖς
1474 3379 1811 3450 σπαργάνοις
1864 3380 2246 3452 ἐνειληθέντος.
2297 3382 2486 3439 Ταῦτα
2533 3384 2642 3455 γάρ
2688 3382 2857 3450 ἐστιν,
2907 3381 2945 3436 ἃ.
3005 3383 3131 3446 τοὺς
3167 3381 3451 3445 Ἰουδαίους

183 3470 428 3524 ἀπιστεῖν
461 3471 640 3525 ἐποίει
656 3474 720 3543 τῇ
745 3472 980 3546 θεότητι.
2179 3479 2188 3487 ’

250 3566 486 3629 υύκοῦν,
538 3562 585 3621 ὧ
628 3569 843 3639 ἀνόητοι
885 3571 981 3625 καὶ
1014 3571 1398 3643 παχυκάρδιοι,
1453 3571 1772 3626 ὲπιϐἀλλετε

180 3658 256 3728 τῷ
284 3658 535 3730 λογισμῷ
565 3662 693 3724 τοὺς
722 3661 781 3728 ἐξ
821 3662 1020 3727 αἰῶνος
1052 3663 1372 3735 ἀνθρώπους
1401 3665 1470 3719 ⁸⁸.
1509 3666 1641 3719 Ἀπὸ
1678 3666 1772 3720 τοῦ

196 3750 364 3822 Ἀδάμ
403 3751 733 3823 ἀρξάμενοι,
766 3756 893 3818 τοὺς
938 3754 1065 3824 ἑξῆς
1116 3756 1328 3823 πάντας
1365 3756 1770 3828 διερευνήσατε,

183 3842 272 3898 ἐὰν
300 3843 509 3915 εὖρητε
538 3844 602 3897 τὸ
628 3844 723 3898 νῦν
762 3845 1051 3917 γενόμενον
1080 3847 1174 3901 καὶ
1201 3849 1287 3902 ἐπ’
1307 3850 1481 3904 ἄλλων
1511 3851 1771 3921 πραχθέν·

181 3937 271 3989 ἐὰν
302 3936 509 4007 ἔχοντα
539 3937 631 3990 τὸν
668 3936 782 4009 βίον
810 3939 1065 4010 τοιαύτης
1096 3939 1396 4012 θεραπείας
1428 3944 1734 4015 ὑπόδειγμα
1755 3962 1768 3977 ν

184 4028 492 4093 καὶπάὴν,
521 4028 618 4081 ἐπὶ
640 4029 927 4103 διασυρμῷ
953 4033 997 4064 ⁸³
1021 4033 1114 4086 τοῦ
1141 4030 1347 4106 Κυρίου
1384 4053 1507 4105 μου,
1550 4036 1641 4090 τὸν
1673 4036 1768 4089 τοῦ

180 4122 430 4186 τέκτονος
466 4121 776 4193 προφέρετε
807 4124 1000 4189 Παῖδα,
1030 4121 1092 4180 οὑ
1124 4126 1249 4190 τοὺς
1278 4127 1540 4196 ἀδελφοὺς
1566 4130 1767 4200 γνωρί-

184 4213 322 4279 ζετε,
358 4208 423 4268 οὗ
464 4215 567 4284 τὴν
609 4214 786 4268 οἰκίαν
838 4215 974 4270 ἴστε.
1020 4217 1444 4289 Ἀπαριθμείσθε
1481 4220 1658 4273 πάντα
1700 4220 1769 4274 τὰ

180 4306 431 4368 ταπεινά,
469 4304 907 4376 φιλονεικήσατε,
934 4307 1135 4379 πολλὴν
1158 4308 1311 4379 ὑμῶν
1337 4308 1641 4379 καταχέατε
1670 4309 1768 4380 τὴν

1944 3574 2087 3644 Ergo
2133 3574 2278 3630 stulti
2330 3588 2396 3628 ac
2444 3571 2582 3627 tardi
2631 3572 2817 3637 corde,
2864 3571 3206 3626 considerate
3264 3570 3447 3627 animo

1871 3675 2138 3735 quotquot
2169 3683 2196 3718 a
2227 3664 2426 3719 smeulo
2459 3662 2676 3718 fuerunt
2705 3662 2950 3717 homines
2983 3676 2999 3714 :
3036 3660 3353 3729 incipientes
3379 3660 3447 3715 ab

1871 3758 2064 3820 Adam,
2088 3770 2277 3810 omnes
2306 3754 2559 3823 deinceps
2584 3753 2922 3822 investigate,
2954 3766 3080 3805 num
3108 3752 3253 3820 quod
3284 3750 3444 3805 modo

1873 3848 2075 3904 factum
2099 3855 2203 3911 est,
2232 3847 2333 3900 sub
2355 3846 2476 3901 aliis
2500 3859 2714 3914 quoque
2741 3845 2945 3898 factum
2976 3842 3295 3912 reperietis;
3321 3858 3449 3896 nnm

1873 3939 2127 3997 saxulum
2172 3938 2473 3993 curationis
2528 3936 2794 4005 ejusmodi
2835 3934 3082 4003 exemplo
3116 3934 3323 3988 illustre
3352 3948 3449 3987 oc-

1873 4037 2093 4094 currat;
2124 4043 2449 4095 rursumqne
2479 4031 2545 4081 ad
2573 4026 2877 4081 irrisionem
2909 4023 3120 4079 Domini
3159 4025 3286 4086 mei,
3321 4038 3446 4092 pro-

1872 4120 2010 4174 ferte
2055 4120 2197 4174 fabri
2254 4119 2447 4179 Filium
2479 4118 2559 4182 “,
2605 4119 2759 4191 cujus
2800 4119 2988 4173 sciatis
3022 4119 3247 4181 fratres,
3295 4116 3448 4186 cujus

1868 4215 2087 4267 domum
2133 4228 2194 4266 ac
2249 4212 2509 4267 familiam
2554 4213 2839 4267 noveritis.
2890 4210 3177 4265 Studentes
3220 4209 3444 4265 immitia

1869 4305 2048 4358 omnia
2087 4318 2432 4374 percensere,
2469 4302 2691 4356 nmltam
2731 4313 2965 4357 vestram
3002 4299 3305 4370 profunrﬁte
3356 4301 3446 4352 in-

179 4389 411 4455 ἀδοξίαν.
434 4391 501 4442 Εἰ
533 4390 603 4470 δὲ-
616 4392 785 4464 μηδὲν
807 4394 1043 4448 τοιοῦτον
1073 4396 1205 4467 μήτε
1228 4396 1323 4450 ἄνθ
1334 4415 1511 4468 ρωπος
1540 4397 1764 4470 ἔπραξε,

1881 4397 2274 4451 credulitatem.
2310 4396 2463 4463 Quod
2497 4398 2540 4449 si
2576 4410 2686 4449 rem
2725 4393 2984 4465 ejusmodi
3022 4407 3119 4446 nec
3156 4392 3443 4460 quisquam

182 4482 309 4551 μήτε
350 4482 381 4532 ὁ
421 4479 542 4551 βίος
568 4466 691 4552 ἔσχε
715 4483 981 4555 διήγημα,
1029 4466 1388 4555 καταγνόντες
1418 4466 1623 4542 ἑαυτῶν
1669 4489 1768 4561 τῆς

179 4570 434 4641 ἀγνοίας,
487 4572 676 4628 λοιπὸν
736 4576 873 4648 πρὸς
923 4577 1021 4649 τὴν
1091 4577 1351 4651 ἀλήθειαν
1405 4580 1766 4651 ἀναϐλέφατε.

179 4662 424 4739 δίψασθε
456 4665 550 4719 καὶ
576 4666 735 4738 ὑμεῖς
762 4668 841 4733 είς
874 4669 963 4722 τὸν
996 4669 1241 4742 Σιλωὰμ,
1273 4670 1359 4723 ἵνα
1390 4669 1465 4743 μὴ
1504 4672 1769 4726 ἐναποθάο

179 4772 299 4829 νητε
328 4762 400 4830 τῇ
427 4758 750 4831 τυφλότητι.

253 4849 399 4903 Ἀλλ’
420 4849 578 4903 οὐδὲν
606 4851 682 4915 ὡς
714 4851 889 4906 ἔοικεν
916 4856 1003 4907 ἐπ’
1036 4854 1281 4909 ἐκείνων.
1306 4854 1381 4907 Οὐ
1409 4853 1567 4923 λόγος
1607 4855 1767 4907 ἐπαί-

178 4936 343 5002 δευεν,
382 4939 447 4992 οὐ
477 4939 681 5012 πρᾶξις
715 4941 1012 5007 ἐδίδασκεν,
1039 4945 1154 4997 ὀὑκ
1187 4945 1436 5017 ἐνέργεια
1471 4944 1767 5015 θαυμάτων

181 5028 221 5060 ⁸³
250 5029 561 5085 ἐδυσώπειο
598 5032 779 5087 πάντα
808 5035 864 5088 δὲ
903 5037 1210 5090 τούναντίον
1266 5035 1353 5090 διὰ
1396 5036 1497 5109 τὴν
1542 5037 1770 5106 ἕντυφον

180 5123 574 5196 ἀγνωμοσύνην
615 5126 832 5198 μυρίοις
872 5130 1094 5200 τρόποις
1137 5128 1454 5201 ἐπεχείρουν
1478 5129 1768 5199 ἀφανίζειν

179 5214 266 5267 καὶ
290 5215 575 5290 διασύρειν
595 5235 609 5248 ·
646 5221 1037 5293 περιετρέπετο
1067 5222 1125 5276 δὲ
1157 5222 1339 5286 αὐτοῖς
1372 5223 1508 5294 πρὸς
1540 5221 1763 5275 τούναν-

178 5302 287 5358 τίον
329 5308 364 5380 ἡ
411 5309 742 5383 κακουργία.
776 5312 927 5384 ὐσῳ
977 5312 1085 5385 γὰρ
1123 5311 1386 5384 ἠπίστουν
1419 5315 1622 5367 ἐκεῖνοι
1663 5312 1758 5365 καὶ

249 5551 290 5628 ξ’
330 5552 406 5628 tax
439 5553 571 5625 εει.
621 5624 629 5628 _
671 5555 726 5628 ἐξ
751 5553 904 5628 Ριιοι.
930 5555 1005 5618 ὡς
1032 5555 1267 5628 ἁληθῷς.
1338 5530 1692 5628 dﬂigi-3.1.3»:
1717 5554 1850 5628 βίον.

181 5618 547 5698 ἀνθρῲττοιςῘ
617 5624 662 5658 ⁸⁸
695 5624 820 5696 Seg.
866 5618 1237 5698 διασυρισμῴζ
1334 5626 1377 5660 *³
1418 5618 1555 5698 δυεῖ
1592 5618 1931 5698 θαυμασίων.

190 5703 304 5756 Xnt,
333 5694 404 5749 55

1869 4485 2107 4555 patravit
2138 4486 2321 4548 homo,
2364 4500 2538 4553 neque
2569 4494 2700 4538 artas
2741 4485 2842 4536 ulla
2873 4484 2979 4537 tale
3010 4482 3135 4550 quid
3167 4491 3443 4534 narratum

1869 4574 2094 4639 audivit,
2129 4583 2364 4628 vestram
2398 4573 2495 4642 ipsi
2531 4574 2847 4626 damnantes
2876 4572 3169 4635 inscitiam,
3200 4571 3265 4624 ad
3297 4570 3444 4622 veri-

1872 4675 2032 4719 tatem
2080 4666 2332 4733 deinceps
2368 4664 2637 4734 respicite.
2684 4663 2786 4718 Vos
2834 4678 3047 4733 quoque
3080 4661 3334 4715 lavamini
3372 4661 3425 4715 in

1871 4759 2037 4822 Siloe,
2068 4767 2124 4811 ut
2157 4772 2224 4812 ne
2255 4759 2309 4811 in
2339 4767 2516 4811 vestra
2548 4757 2850 4811 moriamini
2873 4755 3135 4810 cmcitale.
3297 4743 3301 4747 ’

1943 4848 2232 4906 Enimvero
2261 4850 2390 4905 nihil
2419 4850 2490 4904 illi
2514 4849 2653 4919 quod
2678 4865 2857 4918 operae
2874 4848 3103 4916 pretium
3128 4857 3292 4901 esset.
3320 4845 3439 4900 Non

1868 4956 2047 4997 sermo
2074 4940 2393 5009 erudiebat;
2427 4958 2533 4996 non
2562 4941 2791 4995 docebat
2819 4940 2985 5002 actio,
3019 4954 3124 4992 non
3151 4938 3443 4991 miraculo-

1867 5050 1985 5089 rum
2022 5035 2190 5109 virtus
2221 5035 2520 5089 flectebat:
2553 5045 2741 5089 contra
2781 5042 2958 5086 autem
3001 5047 3095 5101 per
3136 5029 3439 5099 improbam

1867 5128 2234 5197 arrogantiam
2288 5127 2561 5182 sexcentis
2610 5126 2784 5181 modis
2830 5125 3124 5179 obscurare
3168 5122 3348 5175 omnia
3384 5137 3443 5173 ac

1869 5218 2096 5274 irridere
2125 5218 2427 5276 tentabant.
2455 5218 2623 5272 Porro
2649 5217 2728 5272 eis
2756 5217 2807 5270 in
2840 5217 3174 5271 contrarium
3206 5214 3441 5267 versutia

1869 5312 2114 5367 cedebat.
2152 5312 2268 5379 Quo
2302 5311 2446 5365 enim
2490 5309 2664 5385 magis
2691 5318 2847 5364 erant
2887 5307 3173 5370 increduli,
3209 5306 3440 5374 aliisque

1964 5553 2008 5584 ⁸ο
2053 5551 2126 5604 Ex
2158 5551 2282 5617 Seg.

2393 5547 2436 5580 “
2479 5548 2605 5620 Sag.
2658 5548 2769 5620 τὸνᾼ
2795 5547 3052 5619 λογισμὸν
3108 5551 3222 5614 τοῖς
3254 5548 3321 5620 ἐξ
3361 5549 3434 5601 αῖ·

2040 5623 2083 5655 δ’*
2116 5620 2257 5676 i‘sal.
2304 5634 2476 5686 xxm,
2507 5620 2560 5674 6.

2660 5618 2707 5652 ⁸⁸
2746 5618 2901 5676 han.
2933 5618 2968 5686 ι,
3012 5620 3062 5675 9.
3178 5620 3223 5652 ⁸⁸
3246 5619 3433 5681 Matth.
