3820 6326
359 270 467 331 ατο

1650 262 1710 319 S.
1750 258 2023 316 ASTERII
2062 254 2369 313 AMASENI

3522 248 3646 305 260

368 403 434 445 ac
461 386 583 442 aliis
614 382 1141 455 intermgationibus
1179 393 1295 436 rem
1329 377 1579 434 demoliri
1626 378 1939 437 studebant,

2070 369 2502 443 τροσερωτῶντες
2569 364 2899 438 ἀνατρέπειν
2958 362 3290 427 ἐσπούδαζον
3314 400 3330 426 ,
3387 362 3643 433 τοσούτῳ

362 497 432 537 eo
460 478 694 548 amplius
722 482 927 531 venias
958 475 1387 531 conﬁrmabatur
1420 489 1435 527 :
1461 471 1712 541 idemque
1736 475 1837 537 eis,
1867 481 1944 523 at-

362 588 468 642 que
495 571 682 625 bestiis
716 570 819 623 illis
846 568 1151 631 accidebat,
1177 581 1297 635 qua:
1322 566 1389 620 ab
1414 565 1596 636 aliquo
1623 554 1938 627 vulneratae,

368 664 710 731 necdumque
742 670 853 715 tota
885 660 1110 729 cuspide
1135 658 1310 713 ventri
1337 658 1526 720 inﬁxa,
1553 673 1661 727 quo
1685 657 1737 709 in
1764 655 1943 710 homi-

366 769 489 809 nem
512 754 725 809 irruuut
746 752 980 822 impetu,
1009 750 1111 806 sibi
1136 749 1249 819 ipsa
1275 759 1445 804 totum
1471 749 1693 819 adigunt
1720 746 1941 801 ferrum.

439 929 594 998 Quod
632 930 867 1000 primum
914 928 1133 985 curiose
1177 935 1444 996 quazrunl,
1491 928 1591 982 hoc
1623 936 1750 982 est:
1793 924 1947 980 Sitne

371 1021 461 1079 hic
490 1023 604 1093 ipse
625 1037 822 1087 caecus,
849 1036 947 1076 nec
972 1020 1090 1090 ejus
1123 1019 1243 1074 loco
1266 1020 1406 1074 alius
1434 1019 1678 1088 proditus
1702 1017 1795 1079 sit,
1822 1031 1945 1071 cum

367 1131 427 1170 se
456 1115 631 1184 palam
665 1115 830 1170 homo
854 1112 1030 1184 ipsum
1061 1122 1480 1177 contestaretur,
1506 1126 1569 1164 ac
1598 1119 1764 1163 totam
1792 1124 1949 1163 cura-

367 1208 529 1262 tionis
562 1208 758 1261 seriem
786 1213 1089 1271 enarraret,
1123 1214 1182 1259 ut
1210 1213 1266 1260 et
1298 1204 1469 1257 lutum
1494 1201 1719 1256 oblitum
1747 1200 1817 1255 sit
1845 1214 1947 1253 ccc-

364 1299 548 1355 citatis
596 1297 940 1363 remedium;
1000 1307 1171 1367 utque
1216 1296 1421 1367 piscina
1474 1294 1641 1347 lutum
1690 1294 1945 1359 abluens,

365 1390 545 1445 visum
579 1388 891 1458 praebuerit.
938 1386 1064 1442 ﬂare
1095 1387 1257 1441 vicini
1288 1386 1561 1441 curiosius
1597 1385 1945 1456 indagabant,

367 1480 760 1551 discebantque
792 1496 809 1533 :
848 1478 1199 1549 requirebant
1233 1477 1519 1543 Pharisaei,
1565 1487 1728 1546 atque
1760 1479 1949 1533 crede-

368 1574 523 1629 bant.

441 1663 635 1717 Strues
660 1660 830 1715 altera
864 1657 1249 1715 assmnebatur
1279 1660 1345 1712 ad
1374 1658 1779 1713 convellendum
1806 1658 1948 1729 quod

2043 461 2206 516 πλέον
2236 457 2552 513 ἐδεόαιοῦτο
2578 459 2611 529 ἡ
2636 456 2886 529 ἀλήθεια·
2946 455 3042 508 καὶ
3064 454 3229 508 ταυτδ
3249 452 3489 524 ἔπασχον
3519 454 3642 507 τῶν

2045 553 2247 624 θηρίων
2278 550 2525 614 ἐκείνοις,
2560 549 2596 603 ἀ
2624 549 2899 620 πληγέντα
2917 546 3069 618 παρά
3096 564 3258 610 τινος,
3286 547 3383 599 καὶ
3405 545 3645 616 μηδέπω

2045 646 2226 699 πᾶσαν
2252 643 2351 714 τὴν
2376 642 2582 713 αἰχμὴν
2611 643 2668 695 ἐν
2704 643 2771 711 τῇ
2806 638 3007 710 γαστρὶ
3033 638 3324 709 δεξάμενα,
3372 639 3439 708 τῇ
3494 636 3642 711 πρὸς

2042 738 2135 791 τὸν
2174 736 2460 808 ἄνθρωπον
2486 735 2631 806 ὁρμῇ
2681 732 2778 787 καὶ
2826 730 3150 802 φιλονεικίᾳ,
3184 730 3303 785 ὅλον
3340 729 3425 800 ἐφ’
3460 726 3643 783 ἐαυτά

2048 828 2273 882 συνωθεῖ
2292 828 2382 881 τὸν
2414 826 2530 899 σίδη
2540 842 2652 896 ρον.

2117 920 2314 992 Πρώτη
2374 914 2916 989 πολυπραγμοσύνη·
2968 916 3029 968 Εί
3062 907 3215 977 οὗτος
3245 913 3407 977 αὐτὸς
3455 914 3485 967 ὁ
3538 929 3641 966 τυ-

2047 1013 2199 1083 φλὸς,
2257 1013 2354 1068 καὶ
2408 1011 2483 1083 μὴ
2538 1010 2725 1081 ἕτερος
2774 1009 2889 1062 ἀντ’
2915 1007 3125 1061 ἐκείνου
3174 1005 3424 1078 ἐδείχθη’
3469 1006 3641 1059 τοῦτο

2049 1104 2237 1173 σαφῶς
2284 1104 2379 1158 τοῦ
2424 1102 2713 1175 ἀνθρώπου
2766 1099 3275 1173 διαμαρτυρομένου
3304 1140 3319 1163 ,
3382 1100 3477 1153 καὶ
3533 1100 3640 1171 τὴν

2047 1196 2369 1250 ἀκολουθίαν
2392 1196 2491 1265 τῆς
2544 1194 2842 1266 θεραπείας
2872 1190 3303 1260 ἀπαγγέλλοντος
3320 1192 3387 1253 ⁵⁸,
3419 1191 3502 1244 ὅτι
3538 1189 3641 1245 και

2047 1286 2217 1357 πηλὸς
2247 1283 2581 1355 κατεχρίσθη
2606 1283 2667 1336 τὸ
2692 1283 2794 1352 τῆς
2827 1281 3163 1352 τυφλότητος
3197 1280 3521 1351 φάρμακον,
3552 1280 3641 1332 ὅτι

2047 1381 2143 1434 καὶ
2176 1379 2533 1452 κολυμϐήθρα
2561 1379 2652 1431 τὸν
2700 1376 2871 1449 πηλὸν
2922 1377 3255 1446 ἀπονίψασα,
3299 1377 3360 1429 τὸ
3413 1376 3641 1448 βλέπειν

2048 1472 2344 1544 παρέσχεν.
2375 1470 2565 1526 Ταῦτα
2596 1470 3023 1544 περιεργάζοντο
3043 1469 3302 1539 γείτονες.
3332 1470 3427 1524 καὶ
3463 1466 3643 1539 ἐμάν-

2048 1564 2208 1618 θανον
2228 1581 2244 1595 ·
2274 1563 2572 1635 ἀνεζήτουν
2594 1565 2643 1617 οί
2664 1565 2967 1636 Φαρισαῖοι,
2996 1564 3040 1595 ⁸¹
3069 1561 3163 1615 καὶ
3192 1560 3488 1615 ἐπείθοντο.

2120 1656 2357 1727 Δευτέρα
2403 1655 2568 1725 τέχνη
2613 1656 2693 1719 είς
2734 1654 2991 1725 ἀθέτησιν
3019 1652 3112 1706 τοῦ
3152 1651 3444 1732 γενομένου
3500 1666 3643 1722 παρ-

372 1754 575 1807 factum
623 1763 789 1816 esset,
840 1762 898 1807 ut
946 1750 1236 1807 ostendere
1278 1761 1610 1804 conarentur
1662 1765 1768 1804 non
1822 1763 1943 1803 esse

2070 1747 2412 1819 ιλαμὸάνετο,
2452 1747 2513 1800 τὸ
2542 1746 2837 1819 πειρᾶσθαι
2859 1744 3149 1810 δεικνύειν,
3182 1744 3260 1809 ὡς
3281 1744 3383 1798 οὐκ
3430 1742 3577 1796 ἔστιν
3607 1742 3641 1796 ὁ

366 1846 665 1909 Christum,
690 1845 782 1914 qui
813 1852 1083 1898 curasset.
1114 1841 1248 1907 Quia
1293 1856 1423 1895 vero
1467 1843 1627 1895 homo
1662 1839 1954 1909 sospitato-

378 1951 491 1992 rem
522 1935 815 1999 clamabat,
850 1949 1056 2004 suaque
1087 1932 1429 1988 confessione
1450 1946 1513 1987 ac
1544 1931 1949 1998 przedicatione,

376 2027 584 2097 gratias
628 2025 981 2097 rependebat,
1022 2040 1088 2080 ac
1129 2024 1450 2080 beneﬁcium
1481 2023 1761 2094 prodebat,
1792 2021 1954 2077 obtu-

373 2119 506 2173 ratis
535 2118 780 2181 auribus,
806 2132 871 2172 ac
897 2118 1080 2171 animo
1110 2117 1371 2186 perplexi,
1407 2131 1506 2171 nee
1535 2115 1797 2170 habentes
1822 2115 1951 2185 quid

377 2216 623 2276 agerent,
671 2209 736 2261 ad
767 2209 938 2263 morbi
982 2222 1169 2262 rursus
1204 2206 1610 2276 inquisitionem
1646 2214 1951 2272 recurrunt,

372 2302 658 2373 diligenter
708 2310 1041 2367 scrutantur,
1074 2302 1215 2355 sitne
1258 2301 1304 2356 is
1348 2315 1525 2357 canens
1576 2316 1605 2355 a
1646 2300 1950 2366 nativitate,

375 2394 722 2463 hominisque
752 2403 1005 2463 parentes
1040 2393 1353 2458 consulunt,
1389 2407 1452 2447 ac
1479 2392 1687 2464 singula
1718 2406 1944 2447 accura-

375 2486 485 2541 tius
514 2486 757 2555 eaignnt,
795 2501 901 2538 non
930 2494 989 2537 ut
1018 2499 1127 2538 rem
1163 2494 1372 2555 gestam
1401 2484 1747 2547 coullrment,
1775 2484 1869 2537 sed
1898 2492 1954 2537 ut

378 2578 575 2648 quovis
601 2577 760 2631 modo
790 2575 1423 2630 labefactanditniracnli
1449 2590 1635 2628 ansam
1667 2574 1954 2644 arripiant,

377 2667 610 2737 falsique
642 2666 847 2736 aliquid
894 2666 1190 2729 commenti
1239 2665 1555 2730 moliantur,
1596 2680 1701 2734 quo
1745 2666 1955 2720 ﬁdelem

375 2762 589 2831 plebem
620 2776 648 2813 a
679 2759 860 2814 studio
890 2767 1161 2813 avertant.
1194 2756 1239 2812 Ο
1268 2758 1627 2813 excellentem
1664 2758 1959 2812 malitiam!

377 2849 699 2918 Depugnare
728 2860 923 2903 contra
972 2850 1283 2912 veritatem;
1326 2862 1425 2901 nec
1459 2849 1687 2901 adorare
1716 2848 1955 2901 omnium

377 2942 753 3008 conditorem;
787 2942 881 2995 sed
915 2940 1157 2996 benellco
1192 2942 1477 2995 detrahere
1517 2958 1530 2993 :
1563 2954 1667 2994 non
1696 2939 1956 2993 admirari

377 3034 695 3107 potentiam,
724 3034 819 3087 sed
847 3034 1029 3087 conari
1063 3042 1212 3103 gesta
1242 3022 1477 3087 elevare.
1503 3030 1723 3086 Credite
1755 3030 1836 3085 vel
1865 3046 1958 3099 pa-

2053 1843 2290 1915 Χριστὸς
2323 1844 2351 1896 ὁ
2398 1841 2699 1913 ἐνεργήσας
2731 1839 2829 1912 τὴν
2858 1838 3174 1910 θεραπείαν.
3209 1835 3428 1907 Ἐπειδὴ
3460 1836 3519 1889 δὲ
3542 1834 3645 1890 ἀν-

2053 1934 2271 2007 θρωπος
2307 1933 2399 1988 τὸν
2427 1933 2657 2003 Σωτῆρα
2678 1930 2828 1995 ἐϐόα,
2868 1931 2964 1984 καί⁵
2995 1933 3061 2002 τῇ
3112 1928 3390 2001 ὁμολογίᾳ,
3422 1927 3519 1982 καὶ
3554 1925 3642 1997 τῷ

2053 2028 2371 2100 κηρύγματι
2409 2026 2683 2080 ἀντεδίδου
2723 2025 2824 2097 τὴν
2862 2024 3044 2096 χάριν,
3098 2022 3185 2075 καδ
3218 2018 3307 2075 τὸν
3337 2020 3642 2091 εὐεργέτην

2054 2120 2408 2191 ἐδημοσίευεν
2426 2135 2440 2150 ·
2475 2116 2950 2190 ἀποφραττὸμενοι
2988 2114 3059 2167 τά
3084 2113 3350 2183 στόματα,
3378 2111 3472 2165 καὶ
3500 2111 3641 2180 ἰλιγ-

2053 2214 2281 2284 γιῶντες
2314 2213 2413 2286 τὴν
2436 2211 2683 2283 γνώμην,
2714 2210 2814 2264 οὐκ
2837 2208 3055 2280 ἔχοντες
3075 2208 3104 2261 ὅ
3132 2225 3182 2260 τι
3204 2205 3300 2260 καὶ⁵
3330 2205 3641 2277 πράξωσιν,

2054 2307 2149 2362 ἐπὶ
2174 2306 2273 2378 τὴν
2302 2305 2399 2360 τοῦ
2425 2304 2631 2368 πάθους
2658 2303 2820 2358 πάλιν
2849 2300 3208 2374 ἀνατρέχουσι
3235 2296 3485 2372 [ζήτησιν
3501 2314 3516 2327 ·
3540 2296 3641 2351 καὶ

2055 2402 2105 2454 εί
2147 2400 2212 2452 ἐκ
2257 2397 2482 2469 γενετῆς
2530 2395 2750 2467 τυφλὸς,
2793 2392 2954 2448 τοῦτο
3007 2390 3485 2464 περιεργάζονται,
3539 2388 3641 2442 καὶ

2056 2492 2185 2557 τοὺς
2204 2492 2381 2560 γονεῖς
2407 2486 2675 2560 ἀναζητοῦ
2684 2505 2735 2540 σι
2748 2486 2842 2541 τοῦ
2858 2483 3147 2557 ἀνθρώπου
3162 2482 3253 2556 ⁵³].
3272 2482 3365 2538 καὶ
3389 2480 3643 2552 ἀκριϐεῖς

2060 2583 2348 2651 ἐξετασταὶ
2387 2581 2625 2650 γίνονται
2664 2579 2771 2633 τῶν
2811 2578 2933 2634 καθ’
2981 2577 3230 2638 ἕκαστον,
3281 2574 3380 2644 οὐχ
3426 2572 3514 2625 ἴνα
3548 2570 3644 2641 βε-

2058 2674 2337 2729 ϐαιὼσωσι
2361 2675 2421 2727 τὸ
2442 2672 2708 2745 πραχθὲν,
2738 2671 2853 2725 ἀλλ’
2885 2671 2973 2723 ἵνα
3004 2666 3318 2739 ἀνατροπήν
3344 2664 3509 2718 ποθεν
3539 2662 3640 2716 τοῦ

2059 2764 2365 2835 θαυμασίου
2409 2764 2645 2827 λάϐωσι,
2697 2760 2993 2831 καὶψευδῆ
3034 2775 3157 2813 τινα
3199 2754 3503 2828 σκευωρίαν
3545 2770 3646 2806 κα-

2058 2856 2497 2919 τασκευάσαντες
2554 2854 2615 2908 τὸ
2642 2853 2896 2907 πιστεῦον
2926 2851 3129 2922 πλῆθος
3161 2850 3263 2921 τῆς
3299 2848 3476 2921 ὁρμῆς
3504 2847 3644 2901 ἀνα-

2058 2946 2354 3018 τρέψωσιν.
2386 2946 2451 2997 Ὢ
2488 2944 2688 3007 κακίας
2718 2943 3023 3015 ὑπερδολήί
3053 2941 3339 3013 Μάχεσθαι
3378 2940 3515 3011 πρὸς
3540 2938 3644 3009 τὴν

2061 3039 2339 3111 ἀλήθειαν,
2370 3038 2465 3093 καὶ¹
2497 3037 2571 3109 μὴ
2611 3038 2937 3109 προσκυνεῖν
2966 3034 3057 3088 τὸν
3084 3035 3262 3087 πάντα
3289 3031 3335 3064 ³³
3361 3030 3644 3096 ποιοῦντα,

380 3125 648 3189 rentibus,
682 3141 713 3178 ο
748 3124 1026 3189 Ριιετίδειεί,
1058 3128 1140 3179 sic
1174 3134 1356 3179 natmn
1387 3139 1508 3177 esse
1541 3140 1740 3179 czecum
1778 3126 1954 3179 homi-

2070 3098 2196 3186 ἀλλά
2232 3098 2511 3202 διασύρειν
2560 3098 2666 3183 τὸν.
2713 3127 3046 3200 εὐεργέτην·
3091 3126 3165 3199 μὴ
3198 3124 3497 3197 θαυμάζειν
3540 3124 3646 3195 τὴν

380 3235 503 3272 ιιι-ιιι
531 3236 545 3283 ;
583 3234 908 3286 rursumque
933 3217 997 3270 ad
1028 3230 1233 3271 cmcum
1269 3215 1552 3278 recurrite,
1588 3216 1952 3284 secundoque,

384 3326 447 3363 ac
488 3313 672 3373 tertio,
699 3322 852 3364 rerto
883 3311 949 3362 ab
979 3323 1045 3362 eo
1076 3308 1301 3362 docendi
1330 3307 1499 3362 malos
1528 3317 1753 3362 conatus
1783 3323 1844 3361 ac
1874 3309 1957 3362 in-

382 3403 574 3457 sidias.
604 3401 702 3457 Ubi
736 3416 861 3455 vero
890 3401 1096 3467 primus
1120 3408 1348 3455 conatus
1375 3414 1477 3453 non
1512 3400 1855 3462 successerit,
1890 3400 1957 3453 ad

379 3494 675 3547 sectandum
704 3490 1125 3559 proceditefmbi
1154 3505 1253 3544 nec
1298 3490 1590 3553 secundus,
1615 3490 1677 3541 ad
1704 3490 1956 3556 tertium;

386 3584 475 3639 ubi
509 3599 608 3638 nec
638 3583 853 3643 tertius,
877 3582 1131 3651 deinceps
1158 3583 1221 3635 ad
1244 3590 1522 3650 quartum.
1551 3581 1755 3635 Astutze
1784 3581 1957 3650 vulpis

380 3691 574 3731 cursus
602 3684 817 3728 versate
848 3690 861 3727 :
893 3689 958 3727 ac
986 3672 1203 3741 quidem
1235 3672 1379 3725 omni
1422 3686 1518 3724 vos
1552 3681 1703 3737 parte
1743 3686 1839 3725 ceu
1875 3671 1956 3725 in-

383 3769 584 3838 dagine
611 3768 834 3835 cingunt
862 3765 1107 3820 veritatis
1139 3764 1271 3819 retia
1297 3781 1311 3823 ;
1344 3778 1443 3817 nec
1477 3762 1588 3817 ﬁeri
1619 3772 1815 3831 potest,
1846 3772 1902 3816 ut
1933 3779 1960 3816 a

383 3856 648 3914 miraculo
675 3857 878 3909 exitum
910 3854 1223 3909 inveniatis.
1256 3854 1543 3910 Enimvero
1572 3856 1774 3909 nullam
1802 3857 1963 3909 omit-

384 3952 482 4003 tite
512 3950 788 4015 str0phem
826 3961 1040 4000 aranea:
1074 3956 1317 4001 texentes
1345 3947 1528 4009 telam,
1553 3948 1698 4001 varie
1723 3948 1964 4017 quidem,

388 4039 640 4093 imbecilli
671 4048 849 4090 tamen
875 4048 1071 4091 conatu
1098 4052 1161 4092 ac
1184 4038 1377 4102 inutili,
1420 4037 1641 4091 insidias
1670 4047 1965 4093 struentes.

2058 3222 2309 3292 δύναμιν,
2353 3220 2466 3274 ἀλλ’
2508 3218 2798 3283 εὐτελίζειν
2848 3216 3143 3288 πειρᾶσθαι
3200 3216 3270 3269 τὰ
3307 3215 3641 3287 πράγματα.

2063 3314 2331 3385 Πείσθητε
2374 3314 2469 3367 καὶ
2510 3312 2660 3384 παρά
2701 3312 2810 3366 τῶν
2843 3312 3067 3381 γονέων,
3120 3307 3165 3363 ὦ
3204 3312 3519 3383 Φαρισαῖοι.
3559 3309 3646 3361 ὃτι

2067 3404 2204 3476 μετά
2232 3404 2330 3475 τῆς
2360 3403 2693 3475 τυφλότητος
2722 3404 2920 3475 ἐτέχθη
2954 3405 2982 3455 ὁ
3007 3403 3292 3474 ἄνθρωπος
3313 3417 3326 3431 ’
3363 3401 3456 3454 καί
3482 3399 3648 3452 πάλιν

2064 3496 2159 3548 ἐπὶ
2186 3496 2275 3548 τὸν
2299 3495 2497 3565 τυφλὸν
2529 3495 2878 3565 ἀνατρέχετε,
2912 3497 2975 3549 ἐκ
2996 3494 3275 3565 δευτέρου,
3304 3491 3399 3545 καὶ
3436 3490 3648 3562 τρίτου,

2066 3587 2198 3658 παρ’
2232 3587 2441 3640 ἐκείνου
2478 3586 2983 3657 πληροφορούμενοι
3012 3585 3121 3638 τῶν
3146 3583 3331 3637 κακῶν
3364 3583 3651 3651 ἐπιχειρηο

2070 3677 2255 3747 μάτων
2283 3678 2377 3728 καὶ
2398 3676 2505 3730 τῶν
2554 3675 2872 3729 ἐπιϐουλῶν.
2915 3674 3053 3727 Ἀλλ’
3084 3675 3160 3727 ὅτ’
3192 3672 3257 3727 ἂν
3287 3671 3387 3741 τῆς
3410 3668 3649 3740 -πρὼτης

2062 3767 2333 3837 ἐκπέσητε
2381 3768 2595 3839 πείρας,
2636 3768 2728 3820 ἐπὶ
2760 3769 2860 3839 τὴν
2890 3766 3148 3837 δευτέραν
3172 3766 3397 3836 χωρεῖτε
3417 3776 3430 3791 ·
3477 3760 3556 3815 ὅτ’
3578 3760 3649 3813 ἂν

2064 3858 2162 3929 τῆς
2201 3858 2483 3931 δευτέρας,
2526 3860 2618 3913 ἐπὶ
2655 3860 2753 3930 τὴν
2794 3859 3022 3930 τρίτην·
3065 3858 3143 3911 ὅτ’
3180 3857 3246 3911 ἂν
3289 3857 3387 3927 τῆς
3423 3853 3646 3926 τρίτης.

2066 3952 2159 4003 ἐπὶ
2184 3951 2276 4005 τὸν
2315 3952 2566 4023 καθεξῆς.
2612 3951 2916 4014 Ἀλώπεκος
2942 3949 3359 4021 κακουργούσης
3382 3943 3650 4015 ἀναστρέ-

2068 4044 2231 4113 φεσθε
2268 4045 2530 4118 δρόμουςο
2567 4046 2662 4099 καὶ
2712 4043 2987 4115 πανταχοῦ
3025 4044 3123 4114 μὲν
3166 4042 3310 4113 ὑμᾶς
3355 4036 3423 4092 τά
3452 4037 3649 4090 δίκτυα

384 4132 483 4203 τῆς
535 4129 791 4203 ἀληθείας
846 4128 1332 4201 περιεστοίχισται·
1386 4130 1627 4197 ἄφυκτος
1666 4130 1745 4194 δὲ,
1788 4131 1956 4201 ἡάπὸ
1994 4132 2296 4206 θαυμασίου
2369 4136 2615 4201 διέξοδος.
2684 4136 2874 4206 Ὅμως
2918 4135 2977 4188 δὲ
3016 4135 3195 4204 πάσης
3244 4133 3346 4185 οὐκ
3393 4128 3650 4201 ἀμελεῐτε

386 4227 612 4298 πλοκῆς,
659 4225 804 4279 ἱστὸν
856 4224 1099 4295 ἀράχνης
1168 4222 1501 4291 ὺφαίνοντες,
1559 4220 1817 4286 ποικίλως
1873 4224 2003 4294 μὲν,
2045 4226 2159 4279 ἀλλ’
2193 4227 2435 4291 ἀσθενῶς
2459 4228 2553 4280 καὶ
2584 4225 2861 4297 ἀνηνύτως
2888 4224 3347 4287 ἐπιϐουλεύοντες.

459 4346 678 4399 Morbus
702 4344 790 4397 hic
810 4358 838 4394 a
867 4341 1108 4412 patrihus
1139 4340 1192 4392 in
1223 4354 1315 4392 vos
1344 4347 1427 4392 est
1458 4339 1752 4393 derivatos.
1789 4338 1954 4395 lucre-

2141 4344 2415 4416 Πατρικὸν
2478 4341 2631 4415 ὑμῶν
2687 4341 2748 4394 τὸ
2794 4342 3028 4413 νόσημα.
3069 4338 3338 4394 Ἀπίστων
3388 4337 3649 4409 πατέρων

386 4438 634 4493 dnlorum
670 4443 975 4505 parentum,
1013 4429 1275 4483 increduli
1316 4427 1430 4480 ﬁlii.
1465 4427 1664 4481 Eodem
1699 4428 1771 4482 illi
1804 4433 1963 4485 modo

388 4533 716 4593 habuerunt,
742 4525 883 4597 quod
908 4531 1120 4593 spectat
1150 4523 1215 4576 ad
1238 4520 1457 4592 Atlgypti
1495 4523 1774 4576 miracula.
1802 4522 1965 4579 Novis

390 4622 563 4675 modis
595 4628 899 4690 praeterque
930 4612 1389 4681 exspectationem
1419 4613 1485 4665 ab
1517 4612 1758 4665 hostibus
1786 4613 1963 4666 Salva-

389 4716 610 4775 bantur,
649 4728 713 4765 ac
751 4709 940 4763 salutis
977 4706 1183 4760 auctori
1222 4702 1482 4758 increduli
1513 4714 1699 4756 erant.
1730 4703 1964 4757 Aleban-

388 4820 474 4861 tur
510 4806 653 4861 escis
680 4800 1034 4858 nobilioribus
1073 4814 1234 4867 quam
1272 4798 1469 4850 habeat
1501 4808 1712 4850 nulum:
1741 4814 1869 4853 usus
1890 4798 1962 4863 ⁸⁷,

384 4910 646 4967 erantque
674 4894 937 4949 famelicis
964 4893 1304 4962 ingratiores.
1339 4888 1722 4957 Suscipiebant
1764 4904 1961 4944 manna

388 4998 452 5047 de
491 4992 629 5046 cosio
663 4991 887 5045 missum
917 4986 984 5052 “‘,
1011 4984 1369 5050 alliorumque
1405 4979 1623 5051 Egypti
1654 4996 1718 5035 ac
1747 4982 1961 5050 cepium

387 5095 588 5139 tetrum
622 5080 1003 5136 desiderabant
1036 5078 1277 5131 odorem.
1305 5072 1570 5127 Columna
1609 5074 1762 5128 nubis
1792 5074 1962 5129 inter-

386 5176 476 5229 diu
515 5172 978 5226 obumbrabantur
1012 5167 1079 5230 “,
1119 5174 1176 5219 ut
1212 5180 1278 5220 ne
1312 5164 1443 5219 solis
1482 5164 1755 5218 radiorum
1793 5172 1960 5219 aestus

389 5264 692 5319 molestiam
730 5260 936 5313 faceret
970 5278 982 5312 :
1022 5257 1268 5328 ignisque
1304 5257 1555 5311 columna
1597 5272 1694 5327 per
1744 5267 1957 5312 noclem

389 5354 823 5415 illustrabantur,
851 5366 1048 5405 novum
1072 5350 1216 5405 aliud
1242 5361 1438 5421 praiter
1461 5350 1641 5404 lunam
1670 5349 1965 5404 eximium-

389 5464 493 5521 que
523 5444 799 5503 consecuti
833 5444 1095 5497 luminare
1121 5460 1133 5497 :
1172 5457 1235 5497 ac
1266 5442 1423 5513 quasi
1459 5440 1593 5495 nihil
1625 5442 1820 5496 divina:
1850 5442 1961 5495 vir-

490 5657 533 5688 "
568 5655 738 5710 Exod.
781 5672 891 5723 ut,
921 5656 1007 5712 15.
1086 5654 1129 5687 ⁸⁸
1168 5652 1302 5711 Ibid.
1330 5650 1422 5706 21.

385 5728 436 5764 ⁸³
469 5731 590 5798 Seg.
633 5726 825 5781 ταῦτα.

1519 5652 1564 5685 δ’
1596 5650 1768 5707 Exod.
1801 5667 1921 5721 xm,
1951 5650 2040 5709 21.
2120 5654 2166 5687 ⁵⁸
2206 5655 2330 5724 Seg.
2362 5652 2714 5725 κεκραγότος.

2068 4437 2245 4507 ὅμοιοι
2270 4436 2479 4498 παῖδες,
2514 4432 2759 4487 Τοιοῦτοι
2789 4434 3029 4487 κάκεῖνοι
3054 4432 3146 4486 τὸν
3179 4430 3378 4502 τρόπον
3418 4430 3554 4503 περὶ
3584 4428 3649 4487 τὰ

2071 4528 2349 4599 θαυμάσια
2379 4527 2448 4580 τά
2475 4527 2593 4580 κατ’
2616 4527 2912 4595 Αἴγυπτον.
2961 4525 3057 4578 Ἐκ
3087 4523 3337 4594 πολέμων
3382 4522 3651 4587 ἐσώζοντο

2068 4620 2270 4682 καινῶς
2305 4620 2398 4672 καὶ
2433 4621 2563 4691 παρ’
2594 4618 2836 4681 ἐλπίδας,
2869 4617 2963 4671 καὶ
2992 4616 3069 4688 τῷ
3100 4616 3294 4669 διδόντι
3339 4614 3439 4686 τὴν
3481 4632 3654 4686 σωτη-

2073 4711 2191 4783 ρίαν
2228 4710 2523 4781 ὴπίστουν’
2573 4710 2862 4782 ἐτρέφοντο
2915 4710 3141 4778 τροςαῖς
3189 4706 3653 4777 ὑπερδαινούσαις

2070 4802 2170 4873 τὴν
2216 4802 2397 4872 φύσιν,
2451 4801 2547 4855 καὶ
2585 4801 2693 4855 τῶν
2722 4798 3117 4870 λιμωττώντων
3143 4793 3283 4869 ἦσαν
3320 4797 3479 4851 πλέον
3517 4799 3656 4869 ἀχά-

2075 4910 2281 4962 ριστοι·
2343 4893 2522 4963 μάννα
2570 4891 2891 4963 ὑπεδέχοντο
2925 4889 3215 4962 οὐρανόθεν
3263 4888 3653 4960 πεμπόμενον,

2070 4986 2164 5038 καὶ⁵
2190 4984 2299 5038 τῶν
2324 4984 2710 5053 Αἰγυπτιακῶν
2741 4984 3013 5055 σκορόδων
3028 4998 3087 5035 τε
3108 4981 3203 5035 καὶ
3226 4980 3535 5055 κρομμύων
3556 4982 3657 5054 τὴν

2069 5075 2333 5129 δυσωδίαν
2368 5075 2597 5128 ἐπόθουν
2629 5090 2642 5105 ⁸
2688 5073 2863 5144 στύλῳ
2890 5073 3122 5143 νεφέλης
3156 5071 3254 5143 τὴν
3282 5072 3503 5143 ἡμέραν
3553 5074 3658 5128 ὐπ-

2071 5167 2405 5232 εσκιάξοντο,
2458 5168 2544 5222 ἵνα
2573 5169 2649 5239 μὴ
2705 5170 2771 5238 τῇ
2822 5167 2998 5239 θέρμῃ
3035 5167 3133 5237 τῆς
3174 5165 3406 5235 ἡλιακῆς
3436 5165 3659 5229 ἀκτῖνος

2071 5258 2553 5333 ταλαιπωρήσωσι,
2586 5260 2681 5313 καὶ
2708 5258 2884 5329 στύλῳ
2914 5258 3087 5329 πυρὸς
3115 5258 3173 5312 ἐν
3200 5257 3357 5311 νυκτὶ
3381 5256 3657 5328 κατελάμ-

2072 5370 2255 5419 ποντο,
2290 5352 2448 5406 ἄλλον
2500 5355 2763 5424 φωστῆρα
2817 5351 3008 5406 καινὸν
3063 5349 3212 5422 παρά
3262 5348 3362 5422 τὴν
3421 5350 3654 5421 σελήνην

2071 5444 2326 5509 λαϐόντες
2352 5443 2647 5517 ἐξαίρετον,
2676 5446 2767 5498 καὶ
2781 5444 2856 5509 ὼς
2886 5444 3143 5515 οὐδεμιᾶς
3169 5442 3451 5515 ἐνεργείας
3467 5441 3654 5512 θείκῆς

2811 5652 2856 5686 ³⁸
2896 5652 2981 5707 ίσ.
3015 5649 3109 5705 καὶ
3131 5648 3253 5704 οὐκ.
3331 5649 3378 5681 ⁸⁸
3402 5647 3483 5705 Ex
3523 5646 3647 5720 ὅτε.
