3820 6358
176 272 265 328 itii
1097 267 1381 327 HOMILIA
1421 267 1534 326 VII.
1562 267 1631 325 IN
1667 267 1754 326 CA

1865 267 1928 325 [Μ
1956 269 2000 326 Δ
2033 266 2477 326 ΝᾹἸἹἫΤΔΤΕ.

3309 265 3422 324 263

176 385 550 451 ἀπολαύοντες,
597 383 776 451 οὕτως
807 381 1031 448 καινοὺς
1054 385 1147 438 καὶ
1186 385 1493 459 μετεώρους
1526 384 1750 458 ἐζήτουν

1865 385 1983 442 tutis
2031 385 2404 443 etlicacitatem
2437 382 2818 454 persentirent,
2853 381 2927 440 ita
2957 397 3127 441 novos
3153 397 3218 442 ac
3249 384 3419 440 subli‘

180 479 323 542 θεοὺς
364 477 818 549 είσπράττοντες,
873 475 961 528 ῐνα
988 473 1185 546 μικρὸν
1224 475 1317 528 ἐπὶ
1339 474 1444 528 τοῦ
1461 475 1621 548 ὅρους
1647 491 1747 528 κα-

176 567 450 639 τασχεθεὶς
483 567 730 638 Μωῦσῆς
760 567 819 620 ὲν
849 569 916 637 τῇ
943 565 1091 619 δόσει
1125 565 1222 619 τοῦ
1266 560 1474 637 νόμου,
1515 566 1614 637 τὴν
1650 567 1747 618 ὲπ-

177 662 346 718 άνοδον
405 658 754 730 παρελκὼῃ.
795 659 987 729 Ὑμεῖς
1039 656 1254 729 ἀληθῶς
1279 656 1601 729 κληρονόμοι
1645 655 1746 726 τῆς

178 753 382 806 ἐκείνων
399 750 818 822 ἀγνωμοσύνης.
837 748 1037 803 καὶτὸν
1051 749 1211 819 νόμον
1231 749 1331 803 οὐκ
1345 749 1745 819 ἀγαπήσαντες,

180 846 262 898 καὶ
284 846 382 915 τὴν
404 844 571 914 χάριν
598 841 908 912 μισοῦντες,
939 841 999 894 οὐ
1030 840 1226 912 ῥάϐδου
1247 841 1510 914 καρυτνης
1533 841 1747 895 ἐπιστα-

182 936 308 1000 σξας,
327 934 467 988 ἀλλά
497 935 727 1005 σιδηρᾶς
764 931 1078 1004 χρῄζοντες.

244 1025 565 1097 Ἄνθρωπον
597 1026 784 1097 ὁρᾶτε,
840 1022 1182 1094 παρελθόντα
1232 1022 1332 1094 μὲν
1374 1023 1455 1087 είς
1501 1021 1634 1091 φῶς,
1690 1023 1747 1077 ὲν

181 1117 344 1187 σκότῳ
387 1117 448 1169 δὲ
487 1115 655 1187 μέχρι
701 1115 893 1187 πόῤῥω
941 1115 1040 1186 τῆς
1091 1114 1310 1186 ἡλικίας
1367 1113 1748 1170 διατελέσαντα

178 1208 527 1279 ἀνενέργητον
545 1207 647 1270 τάς
665 1207 838 1276 ὁψεις,
869 1205 1172 1279 ἀλλοτρίοις
1209 1205 1506 1277 ὀφθαλμοῖς
1532 1205 1748 1278 ὁδηγού-

183 1318 349 1368 μενον,
388 1298 723 1378 καθημέραν
758 1298 864 1369 πρὸ
892 1297 984 1350 τοῦ
1036 1295 1185 1370 ίεροῦ
1225 1298 1556 1369 καθήμενον,
1588 1299 1750 1370 δημο-

182 1389 415 1442 σιεύοντα
462 1390 568 1461 τὴν
625 1388 913 1462 συμφοράν
941 1427 960 1454 ,
1022 1389 1109 1443 ῖνα
1167 1389 1398 1453 πολλοὺς
1459 1392 1541 1454 είς
1599 1389 1748 1445 ἔλεον

182 1478 558 1549 ὲφελκῦσηται,
585 1479 687 1551 τὴν
720 1479 874 1533 πόλιν
906 1479 1096 1550 ἔχοντα
1123 1479 1216 1533 τοῦ
1235 1480 1442 1544 πάθους
1474 1481 1747 1553 μάρτυρα,

183 1571 433 1641 βλέποντα
475 1570 575 1624 νῦν
622 1571 718 1625 καὶ
771 1571 986 1625 ίαοέντα
1037 1571 1268 1642 ταχέως,
1329 1574 1390 1627 οὐ
1441 1573 1748 1645 φαρμάκων

181 1662 427 1716 ποικίλων
452 1662 723 1724 συνθέσει,
748 1663 868 1716 οὐδὲ
897 1664 1113 1736 σιδήρου
1136 1667 1349 1735 τομαῖς,
1372 1664 1508 1719 ἀλλά
1536 1665 1749 1736 πτυέλῳ

1851 492 1966 533 mes
1991 477 2108 532 dari
2133 475 2449 547 quaerebant
2475 475 2606 531 deos
2627 473 2697 542 ⁸’,
2720 476 2808 531 ubi
2840 491 3027 548 parum
3055 476 3186 548 quid
3209 474 3424 547 Moyses

1853 569 2162 638 accipienda
2193 569 2308 640 lege
2335 568 2389 623 in
2427 574 2611 623 monte
2640 567 2914 634 detentus,
2943 569 3174 627 reditum
3211 577 3425 640 protra-

1854 661 2044 717 xisset.
2079 659 2224 716 Vere
2250 675 2346 716 vos
2371 675 2560 716 eorum
2603 658 2848 716 hteredes
2899 660 3286 730 improbitatis,
3328 658 3423 730 qui

1860 767 2034 824 neque
2074 753 2244 824 legem
2279 743 2599 817 dilexeritis,
2636 766 2701 807 ac
2731 753 2962 822 gratiam
2990 752 3117 808 odio
3151 738 3422 808 habeatis.

1852 844 1953 912 Qui
2006 860 2113 900 non
2154 844 2493 917 amygdalina
2534 844 2686 914 virga
2728 843 2799 911 ⁸⁸,
2831 844 2926 900 sed
2967 843 3141 900 ferrea
3183 843 3295 915 regi
3329 843 3425 899 ha.

1851 935 2044 992 beatis.

1925 1025 2134 1082 Videtis
2164 1025 2439 1082 hominem
2475 1033 2841 1082 transeuntem
2867 1027 2934 1081 ad
2961 1024 3166 1094 lucem;
3194 1025 3285 1081 ubi
3313 1035 3424 1081 tota

1856 1116 2018 1187 longe
2044 1116 2301 1172 anteriori
2329 1124 2511 1180 aetate,
2558 1114 2838 1170 inutilibus
2866 1115 3160 1170 luminibus
3202 1116 3254 1170 in
3281 1124 3425 1172 tene-

1863 1208 1980 1264 bris
2003 1209 2224 1277 egisset,
2255 1207 2464 1262 alienos
2485 1205 2675 1261 oculos
2697 1207 2861 1262 duces
2889 1221 3162 1277 sequens;
3185 1208 3426 1278 quotidie

1853 1301 2049 1356 sedens
2073 1315 2170 1368 pro
2199 1299 2386 1370 templi
2419 1297 2651 1362 foribus,
2679 1313 2975 1353 aerumnam
3007 1299 3288 1368 publicatis
3316 1313 3427 1370 quo

1854 1391 2036 1462 plures
2070 1393 2135 1445 ad
2179 1392 2540 1446 miserendum
2575 1391 2944 1461 pertraheret,
2969 1393 3123 1458 cuius
3153 1399 3260 1447 tota
3291 1391 3428 1448 civi-

1857 1493 1938 1539 tas
1964 1483 2302 1554 mgritudinis
2347 1484 2501 1538 testis
2545 1491 2712 1548 esset,
2753 1498 2898 1538 nunc
2928 1491 3106 1537 autem
3152 1483 3426 1540 videntem

1856 1590 1920 1631 ac
1951 1574 2113 1630 celeri
2153 1587 2401 1631 curatum
2435 1574 2674 1629 remedio
2704 1592 2719 1628 :
2753 1589 2858 1629 non
2887 1573 3158 1628 variorum
3191 1574 3429 1631 medica-

1856 1667 2060 1722 minum
2094 1666 2505 1736 compositione,
2532 1674 2625 1720 aut
2653 1665 2785 1721 ferri
2816 1664 3169 1732 sectionibus,
3196 1665 3292 1720 sed
3312 1663 3430 1721 luto

184 1756 340 1827 μόνῳ,
367 1757 467 1810 καὶ
492 1755 684 1809 τούτου
723 1757 814 1810 διά
849 1758 1024 1812 σιὲλου
1051 1758 1344 1829 γενόμενον
1361 1797 1376 1822 ,
1407 1758 1502 1812 καὶ
1543 1757 1660 1822 πῶς
1685 1760 1746 1812 οὐ

1865 1759 1993 1824 solo,
2033 1773 2208 1828 eoque
2245 1756 2429 1814 salivae
2466 1756 2760 1826 injectione
2808 1755 3056 1811 conlecto
3096 1776 3110 1812 :
3142 1770 3251 1825 qua
3297 1769 3431 1812 vero

181 1849 461 1921 τεθήπατε,
506 1848 610 1901 οὐκ
656 1848 1047 1920 ὲκπλήττεσθε,
1091 1849 1153 1902 οὐ
1200 1847 1626 1912 καταϐάλλοντες
1670 1850 1750 1914 εἰς

179 1941 275 2010 γῆν
304 1942 666 2012 προσκυνεῖτε
714 1941 811 1994 τόν
851 1941 956 1994 ἀπὸ
985 1941 1088 2011 γῆς
1116 1941 1423 2013 ὀφθαλμοὺς
1469 1941 1749 2005 κτίσαντα,

184 2033 271 2085 καὶ
297 2032 492 2085 σέϐετε
524 2031 625 2102 τὴν
655 2029 842 2102 θεῖκὴν
868 2032 1178 2104 ὲνὲργειαν;
1210 2033 1283 2087 Οὐ
1323 2031 1501 2104 φθόνῳ
1523 2031 1578 2085 δὲ
1598 2031 1752 2104 διαρ-

180 2123 464 2195 ῥήγνυσθε,
501 2123 597 2176 καὶ
637 2121 864 2194 ζηλοῦτε
894 2122 986 2176 τὸν
1033 2123 1164 2176 Θεὸν
1197 2122 1273 2187 ὡς
1304 2123 1640 2195 ἀντίτεχνον,
1675 2122 1752 2187 ὡς

175 2214 494 2286 δημιουργοὶ
523 2212 885 2286 Δημιουργὸν,
913 2212 990 2278 ὡς
1025 2213 1285 2286 ὁμόφυλοι
1321 2214 1413 2268 τὸν
1442 2214 1707 2287 ὁμότιμον
1731 2232 1749 2284 ;

238 2477 346 2532 Καὶ
376 2478 550 2533 πάλαι
567 2478 734 2551 ἐσμὲν
756 2479 805 2513 ⁸⁸
834 2479 1251 2552 ἐντυγχάνοντες
1272 2481 1492 2553 βίϐλοις,
1514 2483 1636 2538 ὅσαι
1659 2484 1752 2540 ἐπὶ

174 2572 237 2641 τῇ
259 2569 357 2623 τοῦ
385 2569 523 2624 λαοῦ
555 2571 839 2644 οἰκονομίᾳ
862 2572 1207 2646 ἐγράφησαν,
1241 2574 1336 2627 καὶ
1374 2575 1498 2628 ὅσαι
1527 2575 1626 2639 τάς
1644 2575 1753 2628 τῶν

179 2661 438 2731 βασιλέων
459 2662 660 2734 ἀρχὰς,
687 2663 784 2717 καὶ
811 2662 910 2736 τὴν
942 2665 1029 2716 ἐπ’
1056 2663 1284 2729 ἐκεινοις
1323 2665 1566 2738 ἱστορίαν
1610 2666 1754 2719 ἐκδι-

176 2752 494 2807 δάσκουσινο
527 2754 803 2818 εὐπειθῶς
836 2755 963 2826 περὶ
987 2755 1218 2810 ἑκάστου
1262 2756 1330 2811 τά
1353 2757 1618 2828 λεγόμενα
1649 2773 1755 2811 πα-

182 2844 496 2915 ραδέχεσθε·
531 2845 607 2909 ὡς
637 2845 879 2900 Μωῦσὲα
908 2846 1006 2917 μὲν
1038 2846 1237 2920 μικροῦ
1271 2847 1483 2910 δέοντος
1513 2848 1755 2920 νομίζειν

179 2933 324 3000 Θεὸν,
354 2936 454 2988 καὶ⁵
494 2936 801 2990 Ἐλισσαῖον
824 2936 1290 3009 ὑπερθαυμάζειν,
1323 2939 1416 2993 και⁵
1445 2938 1537 2993 τὸν
1561 2939 1752 2992 τούτου

180 3025 493 3080 διδάσκαλον
552 3026 650 3080 τὸν
685 3027 954 3099 Θεσσίτην
995 3029 1217 3099 ὑμνεῖν⁹
1248 3029 1342 3084 καὶ
1392 3029 1599 3093 πάντας
1627 3031 1754 3092 τοὺς

1858 1850 2066 1906 ratione
2094 1865 2201 1905 non
2223 1849 2585 1904 admiratione
2608 1848 2770 1904 dellsi
2799 1846 2954 1913 estis,
2983 1861 3090 1901 non
3110 1843 3430 1918 obstupuis-

1867 1943 1969 2009 tis;
1998 1957 2106 1998 non
2131 1952 2343 1999 vosmet
2369 1941 2421 1997 in
2450 1950 2650 1997 terram
2675 1939 3017 2009 abjicientes,
3041 1953 3164 1994 eum
3191 1938 3430 1994 adoratis

1857 2035 1947 2106 qui
1977 2033 2162 2090 oculos
2203 2033 2270 2089 de
2303 2042 2448 2090 terra
2491 2032 2718 2097 creavit,
2775 2032 3125 2101 divinamque
3170 2032 3428 2086 virtutem

1857 2125 2083 2183 colitis?
2121 2123 2241 2180 Non
2282 2136 2462 2180 autem
2495 2125 2663 2180 livore
2691 2123 3110 2193 disrumpimini,
3156 2137 3224 2179 ae
3259 2121 3429 2178 Denm

1862 2226 2124 2287 tanquam
2150 2216 2287 2270 artis
2309 2216 2514 2271 socium
2537 2213 2890 2282 aemulamini,
2911 2223 3164 2284 tanquam
3183 2213 3427 2283 opiﬁces,

1861 2317 2042 2358 rerum
2085 2301 2356 2372 opiﬁcem,
2392 2312 2646 2372 tanquam
2677 2301 2924 2372 gentiles,
2963 2316 3118 2372 aeque
3148 2301 3304 2358 vobis
3332 2301 3432 2358 bo-

1860 2402 2109 2450 noratum
2143 2408 2208 2449 ac
2237 2392 2586 2462 comparem?

1931 2485 2108 2542 Porro
2136 2485 2377 2556 legentes
2417 2483 2624 2541 Veteris
2653 2485 2987 2542 Tcstamenti
3023 2486 3213 2552 libros,
3247 2485 3294 2542 si
3329 2483 3426 2558 qui

1857 2579 1925 2633 de
1957 2576 2302 2632 llebrworum
2329 2575 2506 2648 populi
2539 2577 2796 2649 regimine
2821 2577 3012 2648 scripti
3049 2577 3205 2647 sunt',
3228 2580 3431 2648 quiquo

1861 2684 2047 2740 regum
2075 2668 2408 2738 principatus
2435 2683 2500 2724 ac
2524 2683 2714 2724 eorum
2757 2670 2950 2724 docent
2989 2668 3295 2734 historiam,
3347 2669 3431 2724 fa-

1859 2758 1962 2814 cile
2003 2773 2122 2826 quae
2150 2757 2218 2812 de
2253 2757 2480 2827 singulis
2515 2766 2805 2813 narrantur
2825 2756 3127 2827 suscipitis,
3161 2767 3223 2812 ut
3240 2771 3434 2828 parum

1860 2851 2001 2906 absit
2025 2850 2152 2920 quin
2177 2849 2394 2921 Moysen
2429 2848 2594 2904 Deum
2613 2849 2974 2917 existimetis;
3010 2863 3282 2920 supraque
3310 2863 3432 2904 mo.

1862 2941 1989 2996 dum
2022 2941 2368 2996 admiramiui
2402 2939 2665 3004 Eliseum,
2702 2955 2766 2993 ac
2791 2939 2910 3007 ejus
2935 2939 3166 2995 laudatis
3201 2938 3437 2996 Thesbi-

1865 3040 1970 3086 tem
1999 3040 2424 3101 praeceptorem;
2458 3044 2523 3085 ac
2557 3038 2819 3100 quotquot
2850 3045 2945 3100 per
2972 3030 3212 3102 singulas
3247 3041 3439 3088 aetates

179 3118 292 3172 καθ’
324 3120 569 3191 ἑκάστην
588 3118 785 3188 γενεάν.
807 3119 1014 3188 ἁγίους,
1040 3121 1168 3184 τοὺς
1192 3119 1581 3192 ὲνεργηθὲντας
1610 3121 1754 3192 παρὰ

1865 3120 2120 3175 divinitus
2154 3099 2314 3174 aﬂlati
2350 3120 2523 3175 sancti
2551 3099 2903 3186 exstiterunt,
2934 3099 3096 3191 atque
3117 3136 3147 3175 a
3193 3119 3304 3178 Deo
3335 3123 3436 3179 be-

182 3208 306 3262 Θεοῦ
335 3212 432 3264 καὶ.
451 3210 526 3263 τά
561 3210 777 3281 μεγάλα
817 3213 912 3265 καὶ
949 3211 1170 3283 ἀοίδιμα
1202 3212 1753 3285 καταπραξαμένους,

188 3299 500 3367 ίσαγγέλους
557 3298 796 3368 ἀνάγετε
843 3303 966 3364 ταῖς
989 3301 1210 3370 τιμαῖς·
1247 3300 1400 3353 οὐδὲν
1437 3299 1492 3354 δὲ
1523 3300 1761 3372 ζυγομα-

180 3391 314 3458 χεῖτε
343 3391 440 3442 καὶ
471 3391 519 3421 ⁸⁸
546 3389 656 3444 τῶν
677 3390 942 3462 ἀρχαίων,
974 3389 1095 3443 οὐδὲ
1133 3390 1374 3445 ἀθετεῖτε
1402 3390 1499 3462 τὴν
1521 3390 1630 3443 τῶν
1654 3409 1759 3446 πα-

177 3481 347 3553 τέρων
368 3483 654 3554 ἐξήγησιν,
684 3481 971 3537 καὶταῦτα
998 3484 1319 3553 πεφυκότων
1352 3482 1655 3554 ἀνθρώπων
1685 3485 1760 3556 μὴ

178 3571 296 3625 λίαν
316 3574 555 3637 εὐκόλως
583 3573 881 3642 ἀνάγεσθαι
914 3575 1052 3646 πρὸς
1086 3575 1187 3646 τὴν
1210 3574 1397 3627 πίστιν
1424 3574 1523 3646 τῆς
1550 3575 1722 3646 ἀκοῆς
1743 3593 1756 3604 ·

179 3664 208 3718 ὃ
235 3664 289 3717 δὲ
318 3665 618 3735 ὀφθαλμοῖς
651 3666 902 3737 ὑστέροις
945 3666 1039 3719 ἐπὶ
1074 3666 1183 3719 τῶν
1223 3665 1518 3737 ὀφθαλμῶν
1568 3666 1757 3732 εἴδετε,

180 3755 274 3808 καὶ
300 3755 335 3808 ἃ.
363 3758 477 3819 τοῖς
505 3755 791 3819 δακτύλοις
819 3756 992 3823 ἔξεστι
1025 3755 1367 3828 ψηλαφῆσαι,
1395 3759 1487 3810 καὶ
1516 3757 1760 3828 ἀκριϐῶς

178 3851 245 3918 τῇ
275 3849 411 3918 ἀκοῇ
452 3847 807 3914 καταλαϐεῖν,
840 3848 1012 3902 ταῦτα
1041 3848 1285 3912 ἀπίστως
1312 3849 1405 3901 καὶ
1431 3849 1758 3919 ἀγνωμόνως

178 3939 312 4007 ὁμοῦ
353 3941 742 4010 κακουργεῖτε,
783 3938 875 3992 καὶ
907 3938 1246 4010 προφητείας
1286 3936 1758 4002 καταπατοῦντες,

178 4032 273 4085 καὶ
301 4031 400 4103 τὴν
434 4031 666 4086 ἔκϐασιν
700 4031 810 4086 τῶν
847 4032 1205 4104 προρρήσεων
1237 4029 1654 4102 ἀνατρέποντες.
1681 4028 1764 4083 Τά

177 4124 284 4194 γάρ
309 4123 406 4177 νῦν
437 4123 535 4178 ἐπὶ
565 4123 668 4194 τῆς
692 4123 887 4197 πείρας
913 4121 1183 4196 ὁρώμενα,
1213 4123 1307 4177 καὶ
1342 4121 1507 4177 πάλαι
1553 4120 1763 4191 φθάσας

188 4215 413 4280 Ἡσαΐας
435 4215 528 4269 διὰ
555 4215 667 4270 τῶν
700 4215 872 4284 λόγων
894 4215 1157 4283 ἐδίδαξεν
1194 4213 1340 4270 Ἰδοὺ
1373 4217 1406 4268 ὀ
1434 4213 1578 4281 Θεὸς
1596 4213 1766 4283 ἡμῶν

179 4306 380 4374 κρίσιν
429 4305 882 4361 ἀνταποδίδωσι
920 4307 1018 4361 καί
1072 4304 1487 4360 ἀνταποδώσω
1505 4321 1521 4334 ·
1583 4305 1764 4371 αὐτὸς

181 4397 326 4464 ἥξει,
361 4398 464 4452 καί
497 4396 685 4451 σώσει
706 4396 886 4468 ἡμᾶς.
927 4398 1063 4452 Τότε
1085 4396 1512 4466 ἀνοιγήσονται
1544 4395 1765 4465 ὀφθαλ-

1863 3213 2055 3268 Itciicia
2087 3213 2366 3268 consecuti
2402 3221 2549 3276 sunt,
2586 3228 2885 3282 magnaque
2928 3227 2992 3268 ac
3033 3214 3290 3282 praeclara
3331 3230 3433 3284 pa-

1861 3313 2096 3368 trarunt,
2125 3303 2360 3374 aequales
2404 3304 2609 3373 angelis
2643 3305 2852 3373 augetis
2899 3305 3235 3360 honoribus:
3265 3306 3435 3360 nihil-

1862 3413 1972 3468 que
2027 3398 2169 3467 quod
2246 3405 2456 3466 spectat
2504 3396 2570 3450 ad
2617 3396 2870 3466 antiquos
2922 3396 3295 3461 reluctamini;
3335 3413 3436 3452 nee

1869 3486 2104 3556 rejicitis
2143 3501 2261 3554 qute
2305 3501 2335 3539 a
2365 3487 2612 3556 patribus
2640 3495 2855 3540 narrata
2884 3485 3189 3556 accepistis,
3221 3488 3436 3542 tametsi

1863 3581 1938 3635 ita
1985 3590 2176 3633 natura
2225 3577 2524 3644 comparati
2570 3578 2681 3632 sint
2725 3576 2993 3642 homines,
3034 3585 3093 3630 ut
3132 3592 3236 3632 non
3279 3575 3437 3632 facile

1867 3667 2024 3722 tidem
2087 3665 2382 3720 adhibeant
2430 3666 2630 3722 auditis
2673 3683 2688 3720 :
2733 3666 2876 3736 quod
2919 3674 3100 3720 autem
3142 3665 3436 3720 novissime

1863 3755 2034 3811 oculis
2066 3755 2120 3810 in
2168 3755 2341 3810 oculis
2381 3754 2686 3810 exhibitum
2723 3753 2958 3819 vidistis,
2989 3767 3216 3823 quaeque
3251 3751 3438 3823 digitis

1866 3854 2209 3902 contrectare
2241 3845 2494 3914 potestis,
2529 3859 2593 3900 ac
2631 3845 2878 3916 diligenti
2913 3845 3098 3900 auditu
3133 3845 3434 3917 percipere.

1866 3937 1979 3991 lucc
2005 3935 2281 3991 incredule
2307 3935 2468 3991 simul
2497 3950 2558 3991 ac
2587 3935 2828 4006 improbe
2850 3935 3183 4005 depravatis,
3207 3935 3439 4007 prophe-

1865 4026 1968 4081 tias
2003 4025 2402 4096 proculcantes,
2431 4043 2493 4080 ac
2518 4041 2705 4080 eorum
2760 4041 2879 4098 qua:
2909 4024 3130 4083 fuerunt
3181 4029 3436 4098 praedicta

1867 4117 2074 4172 exitum
2109 4126 2430 4172 evertentes.
2457 4117 2590 4186 Quae
2623 4119 2765 4172 enim
2799 4117 2980 4185 modo,
3005 4118 3246 4189 periculo
3269 4118 3434 4184 facto,

1866 4218 2156 4278 conspecta
2199 4219 2345 4275 sunt,
2391 4212 2543 4278 prius
2587 4210 2714 4264 olim
2763 4208 2932 4265 Isaias
2980 4211 3158 4266 verbis
3204 4210 3436 4268 docuit:

1867 4299 2002 4354 Ecce
2027 4300 2166 4353 Deus
2193 4309 2365 4354 noster
2385 4301 2651 4370 judicium
2689 4303 2925 4356 retribuit
2957 4319 3020 4356 ac
3052 4303 3304 4358 retribuet
3331 4303 3376 4336 "
3419 4321 3436 4362 :

1865 4393 1974 4463 ipse
2003 4393 2188 4457 veniet,
2215 4401 2263 4445 et
2289 4393 2509 4446 salvabit
2538 4409 2650 4447 nos.
2683 4391 2825 4446 Tunc
2854 4395 3157 4463 aperientur
3178 4395 3316 4448 oculi
3337 4410 3442 4449 cc-

173 4485 588 4556 μοὶτυφλῶν,
633 4487 732 4541 καὶ
781 4482 902 4541 ὦτα
939 4485 1152 4558 κωφῶν
1190 4486 1594 4540 ἀκούσονται·
1629 4485 1754 4538 τότε

1877 4453 2080 4545 corum,
2111 4490 2158 4534 et
2187 4495 2338 4533 aures
2377 4481 2656 4534 surdorum
2675 4453 2910 4534 audient.
2940 4479 3083 4535 Tune
3108 4481 3279 4548 saliet,
3306 4482 3440 4535 sicut

180 4571 404 4633 εἰλεῖται
437 4579 524 4646 ὡς
570 4578 801 4648 ἔλαφος
849 4580 882 4632 ό
927 4577 1156 4647 χωλὸς,
1196 4576 1297 4630 καὶ
1337 4576 1526 4645 spari;
1588 4575 1762 4630 ἔσται

180 4670 433 4740 γλῶσσα
445 4670 792 4741 μογιλάλου
805 4669 871 4724 ⁸⁸.
888 4668 1073 4723 Ταῦτα
1089 4669 1149 4722 οὐ
1166 4669 1374 4739 Πέτρου
1397 4668 1492 4721 καὶ
1514 4666 1760 4722 Ἰωάννου

180 4761 243 4816 τά
275 4765 530 4834 ῥήματα,
558 4761 678 4814 οὐδέ
706 4777 850 4825 τινος
875 4760 985 4814 τῶν
1009 4760 1144 4814 νέων
1177 4760 1271 4814 καὶ
1310 4761 1566 4813 ὑπόπτων
1595 4775 1765 4831 προσ-

181 4853 340 4911 ὠπων
373 4858 425 4909 οἱ
481 4855 652 4923 λόγοι,
701 4854 791 4907 ἵνα
847 4851 1256 4924 κεχαρισμένην
1312 4848 1591 4920 εὐφημίαν
1634 4850 1764 4903 ὑπο-

182 4953 502 5021 νοήσαντες,
534 4947 843 5019 ἀθετήσητε
871 4945 969 5018 τὴν
1012 4945 1270 5018 ἀλήθειαν
1289 4960 1306 4976 °
1340 4945 1476 4999 ἀλλά
1502 4945 1602 5018 τῆς
1633 4945 1770 5016 ὑμεο

180 5042 340 5114 τέρας
367 5039 713 5114 προφητείας
750 5040 799 5093 οἱ
828 5038 1000 5109 λόγοι,
1037 5037 1209 5130 εῑιτὸν
1230 5037 1538 5110 Θηκουῖτην
1563 5034 1768 5109 γνωρί-

263 5196 312 5228 ⁸⁸
349 5195 485 5267 ch.
522 5209 586 5267 ex
611 5194 750 5267 βοῇ.
782 5191 1016 5267 παλαιάς
1047 5191 1166 5263 μέν.
1240 5191 1286 5223 ⁸⁸
1325 5190 1454 5262 Leg.
1489 5190 1604 5256 ἐπί,
1656 5204 1750 5245 seu

1865 5187 1926 5259 οι.
2022 5184 2071 5220 ³⁸
2112 5185 2438 5257 μογιλάλων.
2531 5185 2577 5217 ⁸⁷
2615 5184 2788 5240 Exod.
2822 5198 3009 5252 xxx",
3051 5184 3104 5240 1.

180 5280 314 5335 xm,
359 5268 414 5321 8.
437 5263 457 5267 ⁷
521 5265 568 5296 ⁵⁸
596 5265 732 5342 Ἰδαί.
759 5279 924 5328 xxxv,
966 5263 1001 5317 4
1025 5279 1147 5332 sqq.

251 5403 362 5474 (59)
404 5400 706 5474 Tlteruitcm
725 5400 895 5474 [ilium
927 5403 1105 5474 Amos,
1140 5404 1244 5474 etc:
1274 5394 1426 5452 Fecit
1449 5394 1685 5474 nominis
1709 5395 1761 5450 in

182 5467 371 5531 Graeci)
404 5489 471 5529 ac
497 5471 692 5527 Latino
719 5467 1188 5538 mquivocatiu,_ut
1222 5468 1293 5521 ita
1331 5467 1591 5522 sentirent
1613 5480 1761 5538 _cum

181 5547 453 5608 Asterius,
506 5554 620 5596 tum
683 5534 888 5610 aliquot
937 5536 1261 5610 aliizfuisse
1307 5538 1560 5610 nimirttttt
1611 5534 1760 5610 Isaize

185 5627 393 5685 patrum
439 5605 996 5685 prophetam'mnos,
1024 5625 1187 5685 unum
1206 5608 1293 5685 ile
1337 5605 1756 5685 duodecimnqui

184 5676 269 5742 est
319 5685 408 5739 ille
443 5676 658 5740 "Asterii
710 5681 1019 5750 Thccuites,
1048 5679 1162 5735 sive
1206 5676 1422 5734 Tltecua
1474 5676 1757 5734 oriundus.

1874 4581 2076 4631 cerrus,
2102 4562 2343 4627 claudus,
2376 4574 2424 4618 et
2449 4573 2627 4632 aperta
2649 4566 2751 4617 erit
2776 4565 2954 4634 lingua
2981 4575 3269 4618 mutorum.
3303 4564 3443 4618 Sunt

1869 4657 1986 4712 haec
2020 4670 2125 4710 non
2168 4655 2312 4712 Petri
2346 4669 2410 4710 ac
2439 4654 2661 4710 Joannis
2698 4657 2883 4720 verba,
2918 4670 3018 4710 nec
3057 4655 3219 4711 ullius
3248 4671 3436 4711 recen-

1872 4751 2094 4812 tiorum,
2115 4761 2208 4804 aut
2224 4749 2573 4820 suspectioris
2599 4763 2842 4819 persona:
2863 4763 3166 4810 sermones,
3187 4758 3246 4803 ut
3264 4750 3446 4818 suspi-

1871 4852 2060 4899 cantes
2105 4843 2170 4897 ad
2215 4844 2447 4913 gratiam
2492 4841 2774 4906 laudasse.
2823 4842 3089 4910 respuatis
3134 4842 3442 4904 veritatem,

1873 4933 1968 4990 sed
2003 4949 2287 4990 sermones
2319 4941 2446 4988 sunt
2475 4942 2671 4988 vestra:
2695 4931 3020 5001 prophetiae,
3049 4931 3094 4985 si
3121 4931 3281 4985 modo
3305 4930 3448 4984 Tlte-

1869 5027 2070 5082 cuitem
2098 5025 2266 5081 nostis
2289 5025 2455 5079 tilium
2476 5022 2642 5078 Amos
2663 5022 2797 5092 (‘59),
2824 5023 3141 5091 prophetam
3171 5023 3448 5092 propheta:

3202 5185 3250 5225 ⁸³
3286 5183 3446 5240 Num.

1869 5391 2011 5462 quod
2043 5389 2404 5462 Hieronymus
2431 5387 2714 5462 oppidum,
2746 5387 2922 5457 primo
2965 5386 3020 5441 in
3045 5387 3237 5462 ‘Amos
3271 5401 3451 5462 prote-f

1869 5456 1996 5525 tin’o,
2029 5475 2126 5515 sex
2161 5456 2398 5513 mil—libus
2426 5459 2503 5512 ait
2531 5456 2722 5512 abesse
2755 5456 2787 5511 'a
2819 5467 3008 5512 sancta
3045 5457 3340 5518 Bethleem,
3383 5459 3450 5510 ad

1867 5532 2222 5588 meridianam
2257 5534 2492 5598 plagam.
2529 5528 2666 5582 ultra
2697 5528 2843 5598 quod
2879 5527 3055 5582 nullus
3102 5529 3173 5582 sit
3210 5528 3446 5598 viculne,

1867 5618 1934 5657 ne
1965 5611 2207 5670 agrestes
2237 5597 2454 5670 quidem
2503 5613 2642 5670 capsa:
2685 5597 2737 5652 et
2773 5597 3054 5670 furuerunt
3103 5597 3330 5670 similes,
3365 5598 3450 5650 iu.

1864 5665 2336 5745 qnitfquasﬁfri
2398 5669 2669 5741 appellant
2720 5665 3065 5739 mapaliadn
3121 5667 3208 5724 his
3235 5665 3453 5734 fuerunt
