3820 6322
367 240 472 297 285

1628 229 1688 283 S.
1728 220 1999 282 ASTERH
2040 224 2078 276 Α
2087 219 2343 276 “ABEN!

3504 212 3627 272 284

364 364 588 419 natum;
624 353 798 409 virum
828 367 893 406 ex
923 364 1119 420 genere
1145 347 1467 409 lsraelitam,
1492 343 1682 416 legalis
1708 342 1925 398 instituo
1959 393 1963 401 ,

2071 354 2163 408 ητε
2188 336 2279 391 τὸν
2303 334 2420 389 υἱὸν
2450 333 2541 389 τοῦ
2578 331 2780 405 Ἀμὼς,
2810 332 3096 404 προφήτην
3118 330 3402 403 προφήτου
3429 333 3628 399 παῖσα,

375 447 539 500 tionis
566 455 746 516 caput.
786 444 869 499 Sit
915 441 1022 498 Deo
1051 441 1244 512 gloria,
1276 446 1536 508 petestas,
1573 436 1767 500 honor.
1796 446 1938 493 nunc

370 549 426 595 et
453 553 666 608 semper
688 545 742 592 et
769 535 824 590 in
852 532 1047 591 saecula
1072 530 1411 588 surculorum.
1442 527 1639 581 Amen.

1102 726 1230 782 Vlll.

373 829 444 885 In
468 838 675 883 sanctos
696 824 952 896 principes
972 818 1230 892 apostolos
1255 817 1467 876 Petrum
1492 826 1539 872 et
1559 813 1786 870 Paulum
1803 810 1937 885 (ιο).

445 979 508 1033 lli
538 993 668 1034 sane
702 989 911 1041 omnes,
937 980 1191 1027 consueta
1211 984 1274 1023 ac
1298 966 1534 1038 legitima
1561 963 1770 1019 ratione
1791 958 1944 1015 exhi-

372 1068 493 1133 ltiti,
542 1066 681 1122 sacri
738 1075 1035 1135 martyrum
1086 1062 1338 1122 honores,
1382 1055 1501 1109 festi
1546 1054 1663 1107 dies
1702 1060 1849 1113 sunt,
1880 1064 1945 1104 ac

374 1158 633 1230 praeclare
663 1172 693 1210 e
728 1157 926 1226 pietate
962 1161 1231 1224 gestorum
1276 1148 1412 1202 tituli
1442 1143 1708 1216 perpetui.
1746 1142 1800 1197 ln
1842 1140 1941 1206 iis,

377 1250 464 1303 ubi
523 1248 889 1302 Ecclesiarum
934 1241 1187 1314 praesules
1239 1239 1436 1295 dicturi
1494 1231 1841 1295 accesserint,
1879 1230 1946 1283 ad

380 1356 560 1394 rerum
599 1340 651 1391 itt
687 1336 952 1391 orationis
985 1341 1355 1401 argumentum
1404 1326 1801 1398 propositarum
1830 1336 1946 1374 ma-

377 1430 710 1499 gnitudinem
753 1441 878 1480 suas
919 1425 1195 1493 exigentes
1230 1421 1390 1482 vires,
1435 1420 1550 1486 ipso
1586 1416 1763 1471 Statim
1789 1404 1947 1468 exor-

379 1523 467 1575 dio
514 1522 579 1573 ad
631 1519 841 1571 veniam
896 1528 1116 1584 remque
1172 1528 1201 1567 a
1244 1527 1302 1566 se
1349 1510 1704 1563 amoliendam
1755 1506 1945 1561 confu—

379 1615 553 1685 giunt,
585 1611 960 1680 sermonisque
1009 1606 1250 1662 exilitate
1281 1603 1447 1658 minui
1491 1618 1667 1656 rerum
1701 1599 1947 1669 magnifi-

2051 427 2392 500 ἰσραηλίτην
2426 428 2495 481 ὲκ
2530 425 2719 495 γένους
2758 424 2957 496 ἄνδρα,
2992 424 3097 494 τῆς
3139 421 3285 478 κατὰ
3320 421 3415 476 τὸν
3456 422 3632 492 νόμον

2039 518 2261 590 ἀγωγῆς
2278 519 2339 571 τὸ
2364 517 2675 593 κεφάλαιον.
2694 515 2783 587 Τῷ
2810 516 2868 569 δὲ
2892 514 3013 586 Θεῷ
3032 513 3190 581 δόξα,
3222 514 3445 586 κράτος,
3462 512 3623 584 τιμὴ,

2038 609 2133 664 νῦν
2168 611 2261 664 καὶ
2286 610 2377 664 ἀεὶ
2405 610 2498 664 καὶ
2517 610 2598 673 εις
2624 609 2751 674 τοὺς
2780 608 2983 672 αιῶνας
3012 608 3122 663 τῶν
3148 606 3381 661 αἰώνων.
3419 608 3475 660 ’Δ
3488 613 3625 677 μην.

2780 722 2865 775 H’.

2052 815 2371 887 Ὲγκώμιογ
2399 818 2488 882 εις
2532 814 2676 887 τοὺς
2708 815 2935 887 ἁγίους·Δ
2961 814 3324 887 κορυφαίους
3354 811 3628 866 ἀποστό-

2418 890 2572 953 ⁵ῖους
2595 884 2823 954 Πέτρον
2842 884 2941 938 καὶ
2974 884 3242 938 Παῦλον.

2112 977 2289 1031 Πᾶσαι
2319 977 2416 1047 μὲν
2443 979 2498 1031 αἱ
2524 976 2773 1048 συνήθεις
2790 970 3060 1030 αὗταικαὶ
3089 975 3230 1030 κατὰ
3250 977 3415 1046 νόμον
3441 972 3632 1027 τελού-

2046 1080 2204 1136 μεναι
2238 1065 2348 1118 τῶν
2377 1064 2673 1137 μαρτύρων
2704 1064 2862 1133 τιμαὶ
2892 1065 3057 1134 ἱεραὶ,
3095 1061 3432 1133 πανηγύρεις
3488 1060 3625 1127 εἰσὶ,

2042 1155 2269 1211 καὶτῶν
2311 1158 2452 1211 κατὰ
2483 1158 2613 1211 Θεὸν
2647 1155 3173 1227 ἀνδραγαθησάντων
3205 1154 3395 1225 στῆλαι
3432 1154 3629 1208 διαιωο

2043 1248 2309 1311 νίζουσαν
2347 1250 2404 1302 ὲν
2436 1243 2524 1312 αἷς
2570 1250 2621 1303 οι
2668 1248 2918 1320 πρόεδροι
2968 1246 3077 1301 τῶν
3120 1244 3445 1314 ἐκκλησιῶν,
3494 1246 3629 1298 ὃταν

2046 1338 2184 1409 πρὸς
2203 1339 2264 1392 τὸ
2283 1339 2461 1408 λέγειν
2480 1339 2808 1407 ἀφίκωνται,
2842 1339 2940 1403 τὰς
2968 1338 3176 1392 ἑαυτῶν
3208 1337 3465 1407 δυνάμεις
3491 1336 3628 1389 ἀντ-

2045 1426 2389 1492 εξετάζοντες
2439 1426 2518 1495 τῷ
2573 1427 2791 1498 μεγέθει
2830 1427 2939 1481 τῶν
2965 1426 3297 1488 ὑποθέσεων,
3361 1424 3524 1488 εὐθὺς
3572 1426 3632 1477 ὲν

2049 1521 2359 1591 προοιμίοις
2389 1521 2525 1591 πρὸς
2555 1520 2653 1591 τὴν
2692 1519 3021 1591 συγγνώμην
3051 1519 3147 1573 καὶ⁵
3173 1518 3272 1589 τὴν
3294 1516 3633 1589 παραίτησιν

2049 1611 2506 1681 καταφεύγουσιν
2532 1612 2804 1682 καίφασιν
2831 1610 3084 1665 ἐλαττοῦν
3114 1610 3209 1681 τὴν
3228 1609 3336 1662 τῶν
3369 1608 3637 1680 πραγμά-

380 1706 611 1760 ceutiam
660 1710 929 1757 asserunt.
981 1698 1051 1755 Ut
1104 1713 1232 1751 vero
1284 1696 1380 1763 illi,
1435 1693 1674 1763 singulos
1707 1705 1951 1763 quosque

2071 1719 2158 1755 των
2196 1702 2670 1774 μεγαλοπρέπειαν
2693 1706 2757 1774 τῇ
2792 1704 2886 1757 τού
2916 1704 3074 1772 λόγου
3107 1702 3454 1773 σμικρότητι.
3494 1702 3561 1753 Εἰ
3587 1699 3634 1752 δ’

381 1808 645 1867 martyres
702 1793 953 1849 laudibus
1005 1789 1349 1854 celebraturi,
1389 1787 1536 1841 velut
1579 1786 1815 1839 animum
1854 1787 1950 1838 de-

382 1892 669 1958 SpOtttiCltl,
699 1885 980 1956 majusque
1015 1883 1215 1954 aliquid
1250 1897 1410 1949 quam
1439 1895 1534 1947 pro
1565 1893 1659 1931 sua
1700 1877 1952 1931 facultate

380 1980 741 2033 laudationem
777 1985 1109 2044 agnoscunt,
1154 1988 1219 2025 ac
1260 1969 1462 2041 liquido
1514 1983 1665 2021 suam
1726 1968 1823 2035 ipsi
1872 1964 1953 2019 fa-

383 2080 565 2125 tentur
608 2068 1029 2124 imbecillitatem
1056 2104 1071 2126 ,
1118 2061 1249 2132 quid
1286 2076 1370 2117 tne
1411 2060 1521 2120 fiet,
1577 2059 1658 2111 cui
1691 2058 1950 2112 hodierna

380 2166 468 2219 die
508 2173 805 2235 martyrum
832 2169 1189 2230 praeceptores
1215 2154 1409 2210 celebri
1449 2153 1602 2207 laude
1625 2166 1954 2223 prosequen-

380 2256 478 2310 dos
515 2254 846 2326 propositum
880 2252 988 2306 sit?
1028 2250 1215 2314 Veros,
1255 2248 1497 2317 inquam,
1541 2246 1681 2308 illos,
1722 2245 1955 2315 primos-

382 2365 488 2418 que
522 2345 813 2416 diSt‘ipllitlS
872 2340 1095 2407 Christi,
1133 2340 1499 2395 Ecclesiarum
1545 2337 1761 2402 Patres,
1813 2336 1956 2392 solos

383 2446 639 2515 probatos
683 2438 977 2507 fidelesque
1032 2433 1307 2505 Erangelii
1364 2447 1674 2503 praecones;
1713 2431 1803 2505 qni
1835 2446 1955 2485 cum

386 2534 493 2589 Deo
529 2533 756 2587 miscere
778 2527 1067 2597 colloquia,
1103 2528 1319 2594 suisque
1348 2525 1446 2594 ipsi
1475 2525 1694 2578 auribus
1722 2523 1955 2578 divinam

384 2624 659 2692 suScipet'e
710 2635 893 2675 vocem
926 2617 1071 2689 digiti
1106 2615 1272 2671 habiti
1303 2616 1432 2669 sint.
1472 2613 1622 2668 lland
1658 2613 1954 2679 enimvero,

386 2715 528 2785 quod
559 2714 628 2767 sit
659 2708 906 2765 sublimis
937 2723 1135 2771 sermo,
1161 2722 1222 2762 ac
1249 2708 1451 2761 arduus
1480 2715 1723 2769 conatus,
1754 2704 1957 2759 idcirco

385 2819 564 2877 Operae
596 2804 829 2873 pretium
883 2801 1133 2855 videatur
1176 2810 1232 2853 ut
1270 2799 1413 2853 iners
1458 2812 1760 2867 vanumque
1795 2796 1959 2850 silen-

387 2900 521 2952 tium
552 2896 835 2965 eligamus,
868 2893 1178 2962 ignavorum
1220 2906 1370 2945 more
1398 2904 1462 2947 ac
1511 2889 1675 2942 maris
1719 2886 1956 2955 rudium,

390 2990 478 3061 qui
518 2989 585 3043 ad
613 2986 780 3042 maris
805 2986 978 3057 ipsum
1009 2995 1283 3054 aspectum
1314 2981 1869 3051 abjiciuntauimum;
1895 2994 1959 3034 ac

390 3095 566 3152 neque
597 3078 863 3150 principio
916 3075 1182 3132 sustinent
1207 3076 1389 3130 navim
1425 3073 1810 3135 conscendere,
1861 3088 1960 3129 nec

389 3165 474 3220 vel
505 3163 814 3235 experiendi
854 3177 1040 3228 causa,
1068 3171 1309 3216 extrema
1335 3161 1449 3230 ipsa
1476 3160 1659 3213 littora
1690 3160 1958 3213 modicum

389 3260 781 3329 obnavigantes
811 3257 1089 3313 lustrare:
1128 3257 1256 3327 quin
1297 3263 1375 3311 ter
1416 3254 1588 3311 beatis
1636 3251 1794 3319 viris,
1824 3267 1962 3323 quo-

390 3497 642 3555 Clemens
680 3494 718 3550 I.
753 3510 772 3549 ι
805 3493 1028 3558 Strom.,
1076 3506 1199 3562 pag.
1234 3492 1375 3547 .milii
1421 3492 1545 3547 527.
1604 3491 1958 3561 Epiphanius,

392 3584 492 3627 seu
541 3566 787 3636 quisquis
822 3575 1012 3623 auctor
1047 3575 1129 3636 est
1170 3563 1449 3636 libellide
1496 3563 1963 3636 \‘itisuPropheta-

395 3653 534 3693 tum.
560 3633 861 3699 'Cedrenus,
905 3648 1024 3704 pag.
1060 3635 1148 3689 88.
1177 3636 1312 3699 Aug.
1349 3634 1384 3687 Ι.
1425 3648 1555 3704 xvttt
1586 3633 1765 3695 Civit..
1796 3652 1846 3688 c.
1871 3634 1963 3699 27,

397 3706 639 3761 nonnihil
700 3705 895 3757 dubius
953 3702 1054 3758 est.
1090 3706 1157 3757 At
1212 3718 1437 3772 magnus
1498 3702 1856 3773 lliemuymus
1892 3719 1958 3757 ex

397 3774 685 3831 Hebraicis
736 3775 974 3827 fontibus
1020 3774 1179 3825 alium
1226 3774 1408 3826 statim
1438 3772 1787 3840 deprehendit
1818 3772 1970 3828 Isaia:

398 3855 645 3915 patrem,
690 3843 852 3915 alium
902 3844 1218 3912 prophetam
1269 3843 1485 3915 Amos,
1523 3843 1840 3915 quibuscum
1906 3856 1973 3897 ne

401 3910 594 3972 nomen
630 3910 855 3985 quidem
898 3910 1181 3985 conitituue
1221 3920 1400 3976 esset;
1440 3910 1653 3985 sic_ille
1699 3914 1975 3985 prooemiis

402 3988 456 4042 in
493 3981 778 4051 utrumque
809 3982 1156 4050 prophetam,
1226 3997 1323 4051 pro
1383 3997 1476 4034 sua
1533 3981 1583 4034 in
1635 3984 1805 4051 sacris
1827 3982 1975 4039 Scri-

400 4049 966 4127 pturisuex‘ponendis
1011 4049 1312 4127 erudi_tioue
1343 4051 1595 4127 maxima.
1643 4049 1976 4127 Potest_qui-

401 4119 485 4180 vis
537 4119 722 4177 adiref
753 4124 867 4177 Non
913 4122 1087 4190 placet
1141 4121 1350 4190 Gaspar
1411 4119 1682 4192 Sanctius
1733 4119 1977 4192 prolego-

407 4196 580 4250 menis
610 4196 662 4249 in
694 4193 884 4255 Amos,
912 4192 1004 4261 qui
1036 4202 1272 4247 mutasse
1301 4207 1422 4244 eum
1455 4191 1779 4246 sententiam
1809 4191 1971 4257 dicat,

405 4281 469 4319 ac
488 4266 733 4319 eumdem
762 4263 1103 4317 existimasse
1126 4269 1415 4328 utrumque
1443 4261 1608 4316 Amos
1646 4261 1749 4318 lsa.
1780 4278 1972 4324 xxvnt.

2053 1795 2271 1856 ἐκεῖνοι,
2294 1795 2420 1858 τοὺς
2439 1794 2558 1848 καθ’
2572 1795 2800 1850 ἕκαστον
2819 1795 2927 1849 τῶν
2952 1793 3242 1866 μαρτύρων
3263 1793 3637 1863 ἐγκωμιάζειν

2057 1885 2362 1959 μέλλοντες,
2404 1886 2810 1958 ἀπαγορεύουσι
2826 1887 2959 1958 πρὸς
2974 1887 3065 1940 τὸν
3098 1887 3335 1947 ἔπαινον,
3362 1885 3458 1938 καὶ
3490 1883 3638 1953 λαμ-

2054 1977 2169 2048 πρᾷ
2202 1978 2267 2047 τῇ
2297 1979 2446 2046 φωνῇ
2474 1976 2573 2046 τὴν
2591 1976 2738 2044 σφῶν
2757 1976 2932 2030 αὐτῶν
2955 1975 3303 2048 ὁμολογοῦσιν
3326 1972 3634 2027 ἀσθένειαν⁸

2054 2067 2137 2133 τίς
2171 2066 2235 2119 ἂν
2268 2067 2529 2138 γενοίμην
2578 2066 2690 2135 ἐγὼ
2718 2070 2977 2139 σήμερον,
3035 2069 3064 2121 ὁ
3102 2069 3226 2130 τοὺς
3280 2065 3640 2127 διδασκάλους

2054 2157 2164 2210 τῶν
2219 2157 2515 2230 μαρτύρων
2567 2159 2706 2228 ἔχων
2759 2160 3152 2229 προκειμένους
3184 2146 3284 2220 ἐἰς
3331 2157 3639 2227 εὐψημίαν,

2054 2250 2182 2312 τοὺς
2229 2250 2486 2320 γνησίους
2538 2250 2634 2303 καὶ
2689 2249 2935 2321 πρώτους
2972 2249 3214 2321 μαθητὰς
3242 2249 3336 2302 τοῦ
3372 2249 3638 2320 Χριστοῦ,

2056 2339 2181 2403 τοὺς
2207 2340 2457 2410 Πατέρας
2501 2340 2609 2392 τῶν
2642 2341 2967 2412 ἐκκλησιῶν,
3019 2342 3143 2404 τοὺς
3177 2340 3371 2411 μόνους
3425 2341 3642 2406 ἀξιοπί-

2059 2448 2219 2495 στους
2252 2431 2584 2500 Εύαγγελίου
2634 2433 2903 2503 κήρυκας,
2956 2432 3084 2496 τοὺς
3119 2431 3239 2503 Θεῷ
3269 2430 3640 2503 λαλήσαντας,

2059 2523 2156 2577 καὶ
2182 2523 2281 2594 τὴν
2305 2524 2457 2595 παρὰ
2486 2523 2623 2578 Θεοῦ
2666 2524 2849 2596 φωνὴν
2891 2525 3217 2596 δεξαμένους
3242 2527 3365 2589 ταῖς
3406 2525 3642 2590 chronic;

2059 2616 2134 2669 Οὐ
2165 2615 2292 2686 μὴν,
2340 2616 2528 2687 ἐπειδὴ
2561 2616 2682 2673 λίαν
2718 2617 2919 2688 ὑψηλὸς
2957 2619 2986 2670 ὁ
3018 2617 3195 2685 λόγος,
3261 2616 3357 2673 καὶ
3408 2616 3640 2686 δυσέφιο

2061 2725 2184 2772 κτος
2222 2710 2254 2779 ἡ
2283 2709 2618 2780 ἐγχείρησις.
2646 2710 2744 2780 τὴν
2776 2710 2953 2781 ἀργὴν
2989 2710 3084 2763 καὶ
3115 2710 3394 2781 ἄπρακτον
3424 2710 3645 2781 σιωπὴν

2058 2801 2456 2870 ἀγαπήσωμεν,
2489 2800 2677 2872 ὥσπερ
2713 2803 2761 2855 οἱ
2784 2800 2947 2855 δειλοὶ
2968 2802 3063 2855 κιιλ⁸
3091 2802 3561 2875 ἀετειροθάλαττοι,
3592 2802 3645 2856 οἱ

2061 2892 2195 2963 πρὸς
2226 2892 2395 2962 μόνην
2441 2892 2541 2963 τὴν
2568 2893 2690 2962 δψιν
2734 2893 2837 2961 τῆς
2888 2893 3157 2967 θαλάττης
3184 2894 3645 2966 ἀπαγορεύοντες,

2061 2982 2157 3035 καὶ
2180 2981 2304 3035 οὒτε
2333 2983 2432 3053 τὴν
2467 2984 2640 3055 ἀρχὴν
2670 2984 2925 3054 ἐπιϐῆναι
2975 2986 3074 3057 τῆς
3124 2984 3259 3050 νεὼς
3299 2971 3645 3055 ἀνεχόμενοι,

2065 3072 2189 3128 οὔτε
2224 3074 2420 3146 πείρας
2444 3076 2629 3130 ἕνεκεν
2662 3076 2836 3148 μικρὰ
2879 3079 3006 3140 τοὺς
3036 3059 3316 3147 αἰγιαλοὺς
3346 3076 3650 3148 περιπλεῦ-

2022 3242 2029 3247 ι
2068 3182 2179 3234 σαι·
2211 3167 2394 3231 αὐτοῖς
2444 3167 2500 3222 δὲ
2523 3170 2638 3231 τοῖς
2666 3169 3097 3240 τρισμακαρίοις·
3134 3168 3520 3231 πιστεύσαντες
3547 3168 3651 3238 τὴν

2068 3258 2399 3330 ἐγχείρησιν,
2451 3262 2566 3323 τοῖς
2611 3260 2756 3332 ὑπὲρ
2782 3253 2857 3315 ὧν
2912 3259 3343 3332 συνεληλύθαμεν
3387 3260 3649 3331 σήμερον,

2072 3492 2332 3553 inhiantis
2360 3493 2573 3564 opibus,
2603 3493 2800 3562 quibus
2826 3491 3125 3547 Ecclesiam
3173 3491 3325 3557 ditet,
3353 3490 3450 3614 lpia
3500 3489 3656 3544 solli-

2073 3565 2333 3614 cilttdino.
2382 3565 2436 3614 in
2497 3562 2748 3614 Galliam.
2795 3578 2955 3614 uuam
3010 3562 3297 3614 nraaciuuis
3376 3560 3654 3614 nlaorihus

2073 3565 2333 3629 citndine,
2382 3560 2436 3618 in
2497 3560 2749 3627 Galliam,
2795 3578 2955 3629 quam
3010 3562 3297 3629 prmcipuis
3353 3560 3654 3628 fulgoribus

2074 3634 2374 3699 cullustrat,
2412 3633 2622 3699 illatus;
2676 3648 2879 3701 proque
2924 3631 3283 3701 humanitate,
3336 3631 3468 3684 mihi
3535 3646 3654 3701 mo-

2077 3705 2218 3769 dico,
2290 3704 2575 3758 Asteriana
2648 3700 2857 3770 aliaque
2916 3700 3134 3755 Patrum
3185 3716 3308 3756 cum
3371 3700 3651 3771 exegetica

2079 3784 2192 3827 tum
2220 3775 2557 3833 exornativa,
2586 3773 2817 3841 quodam
2863 3772 3009 3826 velut
3041 3771 3315 3841 spicilegio
3349 3771 3654 3837 parturien-

2082 3844 2141 3907 ti,
2167 3844 2472 3925 communis
2514 3840 2912 3925 facilus;.ut.ex
2957 3856 3022 3896 eo
3058 3840 3278 3925 legerim
3313 3840 3418 3925 alia
3451 3857 3519 3923 ac
3552 3857 3654 3896 ex-

2081 3914 2421 3981 scripserim,
2481 3913 2585 3966 alia
2630 3911 2763 3966 mihi
2809 3910 2920 3978 jam
2960 3910 3189 3981 reposita
3237 3911 3558 3967 contulerim
3590 3927 3656 3967 ac

2078 3984 2510 4048 emendaverim,
2574 3984 2627 4037 in
2690 3982 2886 4049 quibus
2937 3981 3104 4036 altera
3155 3982 3394 4050 ejusdem
3451 3982 3655 4036 Asterii

2078 4054 2251 4108 oratio
2284 4054 2337 4107 in
2384 4068 2586 4109 caecum
2622 4061 2830 4116 natum,
2872 4052 3026 4116 cuius
3051 4052 3162 4119 jam
3187 4069 3251 4107 ex
3282 4052 3528 4106 Romano
3559 4067 3656 4107 eo.

2080 4124 2198 4178 dice
2230 4125 2314 4177 vir
2352 4122 2775 4187 humanissimus
2802 4138 2866 4178 ac
2911 4122 3255 4177 d0ctissitnus
3306 4121 3374 4177 Β.
3412 4121 3473 4175 Ρ.
3529 4121 3651 4177 Jac.

2081 4192 2425 4259 Sirmundus,
2465 4194 2673 4260 copiam
2731 4193 2951 4247 fecerat.
2986 4189 3149 4245 Plana
3196 4203 3320 4247 sunt
3350 4208 3413 4246 ac
3455 4194 3656 4260 perspi-

2080 4278 2205 4327 cua,
2235 4265 2457 4332 suisque
2477 4263 2694 4317 abunde
2721 4261 3223 4332 fulgoribusclara,
3260 4262 3312 4316 in
3367 4264 3655 4329 utriusque

405 4336 539 4390 nihil
561 4334 702 4389 enim
729 4334 801 4387 ihi
836 4331 1194 4401 Hieronymus
1222 4330 1287 4384 de
1314 4345 1377 4383 ea
1425 4344 1503 4395 re,
1527 4346 1685 4404 quem
1736 4333 1863 4387 olim
1887 4348 1972 4387 vae
1999 4339 2052 4399 Β
2079 4332 2167 4388 hic
2195 4330 2448 4404 apostoli,
2477 4348 2541 4388 ac
2572 4330 2818 4388 maxime
2842 4334 2985 4404 Petri
3038 4331 3274 4396 laudem,
3307 4347 3470 4403 quam
3492 4347 3655 4404 _vere.

407 4415 693 4474 antequam
731 4405 994 4459 scriberet
1025 4405 1076 4455 iu
1110 4410 1398 4474 utrumque
1446 4402 1759 4474 prophetam
1805 4417 1969 4473 opor-

408 4472 602 4532 tuisset
644 4485 827 4531 tenere
856 4488 975 4527 eam
1006 4472 1445 4542 sententiatu,iut
1479 4472 1660 4527 citatis
1698 4472 1973 4542 proterritis

405 4562 524 4601 eam
557 4553 946 4599 retractaturus
973 4551 1137 4599 esset.
1170 4541 1261 4596 Est
1289 4541 1506 4608 quidem
1532 4541 1645 4597 illic
1671 4541 1971 4612 apudeum,

408 4612 584 4670 Isaias
631 4615 775 4683 ﬁlius
815 4614 985 4683 Amos
1024 4613 1289 4683 praplteta:
1310 4628 1329 4666 :
1361 4612 1468 4683 sed
1496 4612 1684 4683 palam
1717 4613 1969 4669 mendum

407 4697 511 4749 est,
544 4679 648 4739 non
683 4679 1032 4751 Hieronymi.
1053 4682 1145 4734 sed
1195 4679 1532 4751 typographi,
1562 4696 1654 4736 seu
1688 4683 1851 4737 etiam
1881 4699 1974 4736 ex-

408 4755 698 4811 scribentis
744 4752 1031 4821 antiquarii
1057 4766 1073 4804 :
1103 4751 1495 4821 legendumque
1524 4763 1630 4817 est,
1663 4764 1719 4807 ut
1775 4753 1973 4807 habent

410 4823 656 4879 corre’eta
678 4819 904 4891 quaeque
919 4819 1246 4891 exemplaria
1275 4819 1590 4887 Bibliorum,
1620 4823 1764 4891 ﬁlius
1795 4827 1975 4887 Amos,

410 4837 656 4879 correcta
678 4837 904 4891 qumque
919 4837 1246 4944 exemplaria
1276 4837 1590 4887 nuntiorum,
1620 4837 1764 4891 prius
1795 4837 1975 4887 Amos,

410 4896 657 4966 prop/tcta
682 4897 795 4949 :sic
819 4890 1049 4966 etLXX,
1116 4891 1401 4963 προφήτης
1416 4906 1562 4966 "quo
1584 4893 1806 4966 articulo
1834 4904 1980 4966 recte

411 4959 782 5028 'exprimuutn
812 4959 1197 5031 emphaticuni,
1238 4959 1379 5031 quod
1431 4959 1633 5016 habent
1691 4962 1976 5028 llebraica,

410 5044 810 5116 putueruutqoue
836 5033 986 5113 citati
1017 5031 1191 5086 Graeci
1236 5046 1332 5101 per
1360 5044 1600 5087 errorem
1642 5034 1887 5104 accipere
1922 5041 1981 5086 ut

414 5116 595 5160 ιιοιιιιιι
631 5115 871 5160 αειιιιινι.

630 5118 1085 5229 ἓίηιῖἓίοηιιάιιι
1109 5170 1469 5245 antiquitatis
1511 5171 1846 5245 Seguirianzc
1899 5172 1982 5245 lii-

415 5243 611 5300 bliuth.
655 5245 802 5306 cod.,
844 5258 1016 5311 nuper
1071 5243 1232 5298 allato
1285 5256 1350 5296 ex
1396 5243 1606 5297 celebri
1653 5243 1982 5297 monasterio

415 5315 513 5384 τῆς
547 5312 931 5384 Ἐγκλείστρας
963 5312 1202 5384 Gracche.
1221 5339 1286 5353 —-
1313 5312 1568 5384 videatur
1589 5314 1782 5384 merito
1807 5313 1980 5366 oratio

420 5381 536 5438 haec
568 5381 707 5438 inter
732 5381 1044 5439 Asterianas
1075 5383 1307 5453 palmam
1343 5382 1505 5446 ferre,
1535 5381 1894 5453 dignaplane
1926 5390 1985 5436 ut

419 5454 598 5507 tandiu
630 5454 917 5517 occultata,
937 5468 1003 5508 ac
1028 5451 1312 5508 inGraecia
1341 5451 1660 5516 latitans,'in
1691 5451 1983 5507 Occidente

423 5524 658 5588 tandem,
693 5524 779 5578 ubi
805 5524 1166 5593 apostolorum
1202 5524 1346 5577 Petri
1382 5532 1437 5577 et
1468 5520 1616 5577 Pauli
1642 5523 1844 5577 clarior
1871 5523 1981 5592 glo-j

422 5594 733 5666 ria,_lu_eem
775 5599 1042 5666 aspiceret
1068 5611 1083 5648 :
1109 5596 1279 5666 codex
1324 5593 1475 5666 bene
1504 5595 1777 5666 antiquus,
1814 5608 1983 5663 nuper

420 5660 493 5720 cl.
523 5662 705 5723 Gallia:
752 5660 1062 5724 calicellarii
1117 5663 1265 5719 Petri
1320 5664 1606 5737 Seguierii,
1636 5660 1707 5721 iis
1750 5660 1983 5720 ntaxunc

2078 4412 2185 4457 tam
2223 4401 2364 4459 culte
2413 4414 2468 4459 et
2510 4419 2577 4459 ex
2634 4414 2751 4458 arte
2804 4403 2870 4456 ab
2918 4403 3132 4458 ASIerio
3188 4401 3427 4472 digesta;
3456 4401 3657 4472 vixque

2076 4474 2215 4528 alius
2261 4473 2404 4528 l’etri
2456 4475 2745 4542 primatttm
2798 4488 2863 4526 ac
2910 4473 3285 4527 excellentiam
3319 4489 3480 4542 supra
3518 4488 3653 4539 apo-

2076 4543 2244 4598 stolos
2295 4544 2551 4612 reliquos,
2595 4543 2909 4607 Christique
2942 4544 3200 4597 vicariam
3235 4544 3551 4610 dignitatem
3592 4557 3657 4597 ac

2074 4612 2313 4683 cilicium
2346 4615 2400 4668 in
2430 4614 2704 4667 fundanda
2731 4613 3077 4683 regendaque
3099 4613 3362 4677 Ecclesia,
3392 4612 3657 4667 illustrius

2079 4682 2169 4737 illo
2222 4683 2594 4752 explicaverit.
2629 4681 2809 4749 Quam‘
2840 4692 2898 4736 ut
2931 4684 3019 4737 uni
3053 4681 3215 4738 Petro
3252 4683 3531 4737 individae
3559 4701 3657 4736 an-

2079 4766 2272 4807 nexam
2302 4755 2680 4822 addictamque
2708 4754 2940 4807 voluerit
2994 4754 3277 4817 Dominus,
3327 4753 3467 4807 haud
3522 4756 3659 4807 satis

2079 4822 2334 4879 Ecclesia:
2391 4838 2501 4879 sua!
2556 4823 2907 4877 consuluerit.
2969 4822 3055 4877 Sit
3112 4822 3271 4893 plane
3303 4825 3564 4887 etmodo,
3599 4833 3659 4877 ut

2079 4903 2292 4949 constet
2344 4908 2373 4946 a
2429 4894 2648 4949 Christo
2706 4893 2845 4950 bene
2896 4894 3144 4949 instituta
3193 4894 3499 4957 monachia,
3530 4908 3661 4963 grex

2080 4978 2240 5029 unus,
2270 4965 2463 5018 nedum
2495 4966 2595 5019 sub
2629 4978 2734 5018 uno
2762 4964 3135 5032 arcltipastore
3159 4965 3576 5027 Cill‘lSlOJlOillS
3607 4964 3659 5017 in

2081 5048 2246 5088 carne
2288 5033 2534 5094 absente,
2568 5035 2662 5088 sed
2707 5041 2761 5085 et
2797 5038 2896 5087 sub
2932 5048 3037 5089 uno
3072 5045 3287 5103 pastore
3324 5049 3388 5089 ac
3433 5035 3552 5100 ejus
3582 5034 3662 5087 vi-

2085 5104 2234 5175 cario
2287 5104 2484 5175 c_apite,
2527 5118 2665 5158 novo
2698 5103 2853 5175 nobis
2885 5117 2948 5157 ac
2972 5104 3088 5175 jugi
3118 5121 3211 5175 per
3237 5107 3661 5175 successionem,

2086 5171 2266 5227 Petro.
2296 5171 2572 5227 Testatam
2616 5174 2836 5228 omnino
2864 5171 3066 5227 sanan?
3082 5171 3234 5229 suam
3262 5175 3328 5229 de
3354 5174 3464 5227 Deo
3500 5175 3660 5228 Iidem

2082 5240 2238 5308 facit,
2271 5258 2378 5311 qua
2404 5242 2593 5317 Arium
2627 5258 2688 5297 ae
2727 5243 3052 5317 Eunomium
3089 5246 3396 5317 haereticos,
3452 5260 3515 5317 ac
3546 5257 3661 5317 co-

2086 5327 2203 5366 rum
2253 5327 2475 5384 pravum
2511 5316 2703 5384 dogma
2739 5313 2801 5368 es
2836 5313 2980 5368 Petri
3037 5315 3377 5372 confessione
3426 5314 3659 5378 refellit;

2092 5396 2154 5452 ac
2184 5385 2318 5436 satis
2352 5383 2765 5445 indicataetiam
2800 5384 3063 5452 Spiritum
3097 5396 3364 5451 sanetum,
3398 5384 3544 5440 Patri
3599 5400 3664 5437 ac

2088 5450 2244 5523 Filio,
2277 5452 2329 5506 in
2364 5468 2524 5505 unam
2554 5450 2875 5508 Trinitatem
2918 5456 3216 5518 aceenseri,
3245 5456 3297 5509 in
3324 5470 3508 5523 quam,
3541 5470 3661 5509 cum

2086 5522 2513 5596 Petrus'triplici
2546 5525 2832 5596 negatione
2864 5535 3169 5593 peccasset,
3226 5522 3419 5596 triplici
3474 5527 3665 5578 nihilo-

2090 5594 2266 5649 minus
2298 5593 2502 5647 amoris
2553 5595 2889 5667 professione
2940 5597 3105 5652 faciat
3156 5593 3313 5654 satis.
3342 5594 3421 5651 Tu
3449 5597 3563 5667 ipse
3591 5597 3665 5650 lt:-

2088 5676 2207 5719 ctur
2231 5674 2508 5720 auctorcut
2536 5666 2641 5719 adi.
