3820 6318
143 341 244 399 2θ5

1019 335 1300 392 HOMILIA
1338 336 1470 394 VIII.
1509 335 1574 392 IN
1610 334 1710 391 SS.
1754 333 2034 391 PETRUM
2073 333 2156 390 ET
2192 331 2499 393 PAULUM.

3273 335 3379 392 263

145 462 208 515 τά
245 460 386 512 κατά
405 456 638 528 δύναμιν
662 459 731 527 τῇ
752 454 860 508 τῶν
889 455 1063 509 ἀλλων
1100 455 1404 527 εὐφροσύνῃ
1430 455 1711 526 παρασχὲ-

1825 468 1934 506 rum
1968 451 2126 510 hodie
2141 451 2592 507 celebrandorum
2617 448 2786 520 gratia
2818 449 3190 514 convenimus,
3213 463 3380 506 cona-

152 553 262 605 σθαι
294 549 670 621 πειραθῶμεν.
702 544 832 600 Οἶδα
867 548 996 618 γὰρ,
1029 549 1110 602 ὅτι
1133 547 1382 601 τοσοῦτον
1415 545 1717 617 ζητηθήσε-

146 662 245 707 ται,
274 644 374 712 οὐχ
401 643 528 695 ὅσον
567 641 801 704 ἐκείνοις
845 641 1138 710 ὀφείλεται,
1174 644 1284 704 τοῖς
1321 639 1576 709 μεγάλοις
1621 637 1716 690 καὶ

148 734 488 802 θαυμασίοις,
523 731 639 784 ἀλλ’
661 732 784 783 ὅσον
808 729 938 801 παρ’
968 732 1098 800 ἡμῖν
1140 729 1426 800 εὑρεθῆναι
1456 729 1568 791 τοῖς
1616 725 1714 779 πέ-

149 837 312 889 νησιν.
355 819 695 891 Ἐϐουλόμην
727 819 826 891 μὲν
857 815 948 874 οὖν
984 819 1197 891 ἐκείνης
1227 819 1326 888 τῆς
1353 818 1572 890 χάριτος
1610 817 1717 870 ὀλί-

148 930 232 979 γον
267 913 439 983 μέρος
490 911 615 982 ἐμοὶ
654 911 948 983 χορηθῆναι
993 911 1036 944 ⁸⁸
1068 915 1324 984 σήμερον,
1357 907 1424 984 ἦς
1461 911 1716 982 ἑκάτερός

148 1020 200 1055 τε
245 1003 352 1056 τῶν
384 1004 560 1071 ἁγίων
590 1002 798 1056 τούτων
835 1003 1175 1074 μεταλαϐὼν,
1207 1007 1235 1058 ό
1271 1005 1368 1075 μὲν
1395 1006 1452 1058 ἐν
1495 1005 1718 1074 Ἱεροσο-

149 1096 330 1166 λύμοις
358 1096 487 1159 τοὺς
519 1094 879 1158 ἀπειθοῦντας
907 1095 1202 1162 ἐδίδασκεν,
1244 1098 1272 1149 ὁ
1295 1095 1350 1148 δὲ
1379 1095 1468 1149 τὸν
1501 1097 1717 1164 Ἀρειον

151 1185 316 1252 πάγον
345 1186 404 1236 ἐν
452 1183 707 1254 Ἀθήναις
740 1183 1079 1252 καταλαϐὼν,
1106 1188 1168 1238 ἐκ
1200 1186 1297 1256 τῆς
1321 1184 1480 1238 ἀθέου
1512 1183 1717 1252 πλάνης

149 1277 269 1337 τοὺς
314 1274 849 1344 δεισιδαιμονοῦντας
901 1274 1254 1346 ἐπέστρεψεν,
1287 1274 1601 1336 ὑποδεικνὺς
1629 1272 1721 1326 αὐ-

150 1369 254 1429 τοῖς
284 1367 375 1419 τὸν
431 1367 690 1438 Χριστὸν,
753 1368 845 1420 καὶ
901 1367 961 1421 τὸ
1015 1368 1129 1438 τῆς,
1164 1366 1395 1438 ἀληθοῦς
1439 1365 1719 1427 εὐσεϐείας

152 1459 514 1527 καταγγείλας
564 1460 880 1529 μυστήριον.
921 1457 1075 1511 Οὖτω
1116 1457 1223 1530 γὰρ
1263 1456 1612 1528 ἀνεδείξαμέν
1665 1472 1718 1508 τι

153 1552 253 1604 τῶν
279 1551 658 1622 προκειμένων
681 1549 966 1608 ἐπιτελεῖν,
990 1550 1082 1604 καὶ
1101 1550 1178 1621 μὴ
1207 1550 1340 1604 πολὺ
1363 1551 1456 1604 τοῦ
1483 1548 1717 1621 μεγάλου

152 1646 407 1715 μεγέθους
439 1645 936 1716 ἀπολιμπάνεσθαι.

1818 550 1931 596 tum
1958 543 2348 598 concredentes
2379 542 2521 610 quod
2564 551 2761 596 nostrze
2799 541 2906 596 erit
2946 541 3217 596 facultatis
3249 542 3380 597 alio-

1819 650 1936 689 rum
1977 635 2177 690 latitia:
2229 647 2485 706 prmstare
2523 637 2859 693 studearnus.
2892 634 3026 691 Novi
3054 635 3322 706 siquidem
3352 651 3382 689 a

1818 726 1973 782 nobis
2001 727 2342 796 exigendum,
2378 743 2482 782 non
2507 737 2764 798 quantum
2808 727 3014 796 magnis
3039 727 3144 782 illis
3191 741 3254 780 ac
3286 728 3381 780 ad-

1817 817 2078 873 mirandis
2109 819 2302 874 merito
2361 821 2657 885 debeatur;
2705 821 2798 874 sed
2844 810 3106 889 quantum
3135 819 3383 889 pauperi-

1819 909 1917 963 bus
1961 910 2118 965 nobis
2168 911 2220 964 in
2268 920 2514 980 promptu
2564 912 2654 966 sit.
2705 911 2919 967 Utinam
2952 926 3081 966 vero
3114 911 3382 966 modicum

1817 1001 1946 1070 quid
1978 1001 2095 1072 ejus
2120 1003 2248 1057 mihi
2284 1003 2471 1072 gratia;
2503 1004 2898 1073 suppeditatum
2930 1013 3260 1074 suppeteret,
3288 1018 3383 1058 cn-

1813 1093 1902 1163 jus
1933 1094 2092 1149 ambo
2120 1094 2172 1148 hi
2215 1093 2387 1148 sancti
2435 1095 2745 1163 participes,
2777 1094 2916 1150 alter
2941 1095 3158 1164 quidem
3195 1091 3386 1149 Hiero-

1817 1182 2038 1254 solymis
2066 1183 2370 1241 incredulos
2398 1184 2612 1254 docuit;
2656 1186 2795 1240 alter
2830 1201 2959 1241 vero
3003 1202 3125 1241 cum
3157 1185 3384 1241 Athenis

1818 1275 1872 1329 in
1903 1276 2242 1345 Areopagum
2267 1277 2524 1343 venisset,
2549 1277 2953 1346 superstitiosos
2984 1278 3052 1333 ab
3094 1277 3385 1348 impietatis

1821 1382 2009 1423 errore
2037 1369 2334 1436 convertit,
2371 1371 2662 1426 ostendens
2705 1371 2784 1426 eis
2811 1369 3108 1433 Christum,
3141 1383 3206 1424 ac
3245 1386 3384 1426 vera:

1819 1460 2036 1529 pietatis
2066 1475 2130 1515 ac
2159 1461 2439 1532 religionis
2473 1461 2801 1517 annuntians
2838 1471 3261 1518 sacramentum.
3293 1461 3385 1518 Sic

1819 1567 1964 1605 enim
1995 1551 2245 1621 liqueret,
2271 1553 2474 1624 aliquid
2505 1568 2602 1608 nos
2629 1569 2815 1609 eorum
2846 1567 3103 1624 praestare
3120 1571 3238 1624 qua:
3261 1566 3384 1610 sunt

1820 1643 2092 1714 proposita
2121 1663 2134 1698 :
2171 1659 2270 1699 nec
2302 1646 2486 1715 procul
2511 1647 2796 1701 admodum
2824 1648 2893 1700 ab
2912 1647 3212 1716 argumenti
3239 1657 3385 1701 tanta

1821 1734 2131 1804 praestantia
2159 1735 2368 1790 abesse.

224 1823 445 1894 Ἐπειδὴ
472 1823 531 1876 δέ
557 1824 613 1876 αἱ
655 1822 886 1894 μεγάλαι
921 1819 1014 1875 τοῦ
1045 1819 1359 1892 Πνεύματος
1393 1820 1592 1891 δωρεαί¹
1613 1820 1718 1874 τῶν

1891 1825 2028 1892 Quia
2057 1841 2189 1881 vero
2218 1827 2475 1896 praeclara
2501 1827 2588 1881 illa
2620 1825 2855 1898 Spiritus
2882 1830 3022 1884 dona
3066 1813 3386 1898 magnorum

153 1915 393 1985 μεγάλων
422 1915 585 1980 εἰσὶν,
613 1917 708 1968 καὶ
736 1914 952 1979 ἀνάξιος
989 1912 1101 1983 ἐγὼ
1133 1913 1410 1976 τοιαύταις
1439 1911 1719 1976 πλουτίζε-

153 2006 262 2059 σθαι
293 2008 537 2078 χάρισιν⁸
594 2007 886 2078 προσθήσω
936 2005 1034 2078 τὴν
1065 2006 1250 2060 πενίαν
1288 2004 1425 2076 μετά
1457 2004 1556 2074 τῆς
1589 2021 1720 2075 προ-

153 2098 340 2169 θυμίας
363 2103 521 2171 ὑμῖν,
547 2101 623 2163 ὼς
660 2099 954 2162 Ἐλισσαῖος
977 2097 1115 2170 μετά
1137 2097 1245 2150 τῶν
1272 2095 1512 2168 ἀλεύρων
1541 2096 1608 2148 τά
1629 2096 1722 2150 λά-

153 2212 300 2263 χανα.
364 2191 471 2262 τῆς
519 2189 616 2242 τοῦ
669 2186 995 2260 προέχεσθαι
1047 2187 1262 2250 πάντως
1316 2187 1374 2239 τὸ
1431 2186 1591 2240 καλὸν
1623 2187 1722 2248 οὐκ

153 2287 462 2356 ἀμοιρήσων
481 2282 671 2352 τιμῆς.
698 2280 905 2350 Μηδεὶς
932 2279 989 2333 δέ
1024 2297 1091 2352 με
1112 2279 1320 2350 οἰηθείη
1353 2279 1461 2332 τῶν
1492 2279 1718 2332 ἀκουσο-

157 2378 316 2447 μένων
347 2376 528 2446 ὑμῶν,
576 2372 853 2443 εὐφημίαν
895 2371 1157 2440 γενναίων
1191 2370 1396 2444 ἀνδρῶν
1429 2370 1722 2443 προελόμε-

154 2487 249 2533 νον,
278 2471 392 2530 τοῖς
429 2467 616 2536 νόμοις
650 2463 1028 2535 ἀκολουθήσειν
1052 2464 1150 2534 τῆς
1180 2463 1370 2532 σοφίας
1385 2463 1482 2534 τῆς
1502 2463 1717 2530 ἔξωθεν.

156 2562 220 2612 Οὐ
262 2560 370 2631 γάρ
414 2558 582 2631 τέχνῃ
611 2555 941 2628 συγκειμένῃ
967 2553 1248 2608 κολακείαν
1275 2553 1716 2626 ἀπεργαζόμεθα·

155 2651 277 2704 ἀλλά
305 2648 498 2721 ψυχῶν
552 2648 815 2718 φιλοθέων
859 2648 1085 2720 ἀρετὴν,
1121 2646 1260 2718 μετά
1290 2645 1547 2716 ἀληθείας
1595 2646 1721 2717 ὑμῖν

159 2744 496 2814 παραστῆσαι
533 2739 921 2811 σπουδάζομεν.
960 2739 1051 2792 Διὸ
1081 2728 1484 2810 σιωπηθήσέται
1544 2738 1719 2806 γένος,

161 2835 240 2886 καί
289 2833 549 2905 πατέρων
603 2829 926 2903 περιφάνεια
983 2831 1043 2883 οὐ
1092 2829 1361 2901 διοχλήσει
1401 2829 1491 2882 τὸν
1544 2829 1719 2898 λόγον.

160 2925 301 2993 Σὰρξ
327 2926 440 2996 γὰρ
480 2923 580 2976 καί
610 2919 753 2993 αἷμα
778 2922 1106 2988 ,βασιλείαν
1139 2921 1286 2976 Θεοῦ
1312 2922 1384 2974 οὐ
1436 2924 1722 2989 κληρονο-

158 3017 472 3086 μήσουσιν.
505 3016 642 3069 Οὐδέ
675 3015 782 3069 ἀπὸ
812 3015 918 3068 τῶν
965 3015 1256 3086 περιγείων
1291 3013 1386 3066 καὶ
1418 3013 1724 3084 ἐγκοσμίων

1820 1925 1966 1980 sunt,
2005 1915 2248 1986 ipseque,
2285 1917 2612 1987 ejuscemodi
2666 1918 2959 1987 gratiarum
3007 1918 3209 1973 divitiis
3251 1919 3388 1972 iudi-

1819 2026 1956 2080 gnus
1981 2010 2202 2075 exsisto,
2233 2025 2406 2066 meam
2432 2010 2582 2066 vobis
2603 2011 2768 2066 alacri
2790 2011 2970 2066 animo
2995 2020 3385 2080 paupertatem.

1822 2102 1965 2156 velut
2011 2101 2216 2156 Eliseus
2263 2103 2305 2133 “
2364 2117 2488 2158 cum
2537 2103 2810 2171 pulmento
2868 2102 3058 2168 olera,
3123 2116 3379 2174 appono:

1822 2195 2234 2263 haudquaquam
2282 2209 2344 2248 ea
2392 2195 2683 2264 privandus
2731 2195 2907 2259 laude,
2952 2203 3010 2250 ut
3049 2209 3118 2250 ne
3167 2195 3389 2249 omnino

1822 2287 2148 2357 praetendant
2181 2287 2322 2355 quod
2352 2287 2551 2340 bonum
2581 2302 2646 2340 ac
2675 2287 2991 2356 praeclarum
3038 2295 3138 2342 est.
3170 2286 3246 2342 Ne
3269 2286 3389 2356 quis

1821 2385 2001 2427 autem
2036 2387 2122 2428 me
2155 2382 2414 2438 vestrum,
2464 2374 2766 2438 auditores,
2818 2376 2906 2443 qui
2960 2377 3105 2430 viros
3137 2385 3390 2430 strenuos

1823 2466 2124 2522 laudandos
2174 2464 2526 2535 susceperim,
2561 2473 2798 2521 externa:
2848 2478 2997 2536 putet
3041 2484 3103 2524 ac
3153 2468 3390 2538 profana:

1823 2558 2103 2627 sapientiae
2154 2566 2482 2612 sectatorum
2537 2556 2705 2627 leges.
2751 2556 2867 2612 Non
2909 2559 3052 2614 enim
3093 2561 3424 2646 composiyr'

1823 2659 1940 2703 arte
1984 2659 2326 2704 assentamur
2356 2658 2519 2718 atque
2555 2647 2894 2712 blandimur;
2934 2651 3025 2704 sed
3062 2650 3154 2704 Dei
3203 2666 3392 2705 aman-

1825 2739 1955 2793 tium
1983 2754 2046 2794 ac
2073 2739 2442 2810 religiosorum
2482 2739 2787 2796 animorum
2813 2741 3061 2796 virtutem
3117 2758 3239 2798 vera
3271 2758 3392 2797 nar-

1825 2833 2035 2887 ratione
2089 2841 2476 2899 repraesentare
2543 2831 2842 2888 studemus.
2896 2834 3255 2900 Quamobrem
3310 2845 3393 2890 ta-

1825 2924 2037 2978 cebitur
2073 2938 2264 2992 genus,
2296 2938 2394 2977 nec
2421 2933 2704 2993 parentum
2731 2923 2956 2979 illustris
2982 2925 3176 2996 gloria,
3196 2929 3392 2998 negotii

1828 3015 2030 3085 aliquid
2067 3015 2281 3070 dicturo
2317 3014 2599 3085 praabebit.
2669 3015 2894 3086 Quippe,
2926 3033 3048 3072 caro
3093 3029 3141 3073 et
3181 3022 3391 3090 sanguis

161 3113 272 3174 τούς
299 3109 535 3182 οὐρανοῦ
578 3108 800 3171 πολίτας
831 3107 1155 3178 τιμήσομεν
1189 3105 1326 3160 ἀλλά
1359 3107 1466 3160 πᾶν
1506 3106 1725 3159 τούναν-

1828 3125 2040 3178 regnum
2073 3107 2168 3163 Dei
2199 3124 2300 3162 non
2322 3109 2655 3178 possidebunt
2671 3108 2748 3176 °’;
2780 3124 2878 3167 nec
2901 3110 3022 3167 (ιωιί
3049 3111 3194 3168 cives
3235 3128 3263 3168 a
3289 3125 3393 3170 ter-

163 3201 282 3265 τίον,
311 3202 563 3274 πατέρων
593 3199 805 3270 ἀφανὴς
836 3198 968 3270 βίος,
992 3199 1086 3252 καὶ
1107 3199 1292 3269 τέχναι
1331 3197 1611 3268 βάναυσοι,
1633 3197 1726 3251 καὶ

165 3296 342 3358 πενίας
395 3293 797 3364 ὀνομαζόμενον
847 3289 1070 3354 ὄνειδος,
1101 3289 1274 3344 ταῦτα
1323 3292 1435 3353 τοῖς
1487 3289 1730 3352 ἐπαίνοις

168 3387 677 3459 μνημονευθήσεται.
718 3386 855 3452 Δόξα
901 3385 1008 3457 γάρ
1056 3383 1419 3456 Χριστιανῶν,
1480 3381 1619 3437 κατά
1669 3382 1730 3434 τὸ

166 3481 483 3549 Εὐαγγέλιον
523 3481 584 3533 τὸ
613 3479 879 3550 ἡμέτερον
898 3519 913 3544 ,
945 3478 1266 3548 ταπεινότης
1295 3477 1462 3530 ἐστίν.
1507 3475 1644 3545 Ἐγὼ
1672 3475 1728 3530 δὲ

166 3575 245 3625 καὶ
295 3573 396 3626 τῶν
419 3557 934 3641 ἓξωθενέγκωμίων
959 3569 1196 3642 συνορῶν
1225 3567 1414 3632 δεινῶς
1447 3566 1730 3638 καταμέμ-

168 3681 345 3738 φομαιο
377 3666 458 3718 ὅτι
488 3663 775 3735 σεμνύνειν
814 3662 1124 3734 βουλόμενοι
1154 3662 1246 3726 οὓς
1273 3661 1338 3716 ἂν
1363 3661 1608 3724 ἕλωνται,
1655 3660 1729 3724 ὼς

172 3759 326 3828 μηδὲν
349 3757 627 3830 ἐξαίρετον
656 3757 831 3810 εἰπεῖν
887 3755 1098 3827 ἔχοντες
1144 3753 1366 3824 ἀγαθὸν,
1399 3756 1573 3826 μάτην
1619 3755 1730 3817 τοῖς

169 3850 340 3918 τάφοις
365 3845 822 3920 προσφεύγουσιν,
857 3847 951 3900 καὶ
981 3846 1248 3916 διοχλοῦσι
1290 3847 1415 3909 τοὺς
1443 3845 1730 3917 κειμένους

172 3942 303 4010 εἰκῆ,
327 3941 417 3994 καὶ
444 3941 572 4003 τοὺς
595 3941 822 4010 νεκροὺς
862 3938 1077 3991 ποιοῦσι
1106 3938 1306 4009 κόσμον
1345 3938 1452 3990 τῶν
1489 3933 1724 4000 ζώντων·

171 4031 226 4081 δι’
253 4025 324 4083 ὧν
360 4029 743 4083 ὲπικαλούθται
781 4031 907 4093 τοὺς
935 4028 1388 4100 τελευτήσαντας,
1419 4028 1732 4100 ὁμολογοῦν·

172 4141 248 4187 τες
288 4125 436 4178 οὐδὲν
473 4122 680 4191 ἀγαθὸν
707 4125 820 4185 τοῖς
849 4123 979 4193 παρ’
1013 4121 1193 4175 αὐτῶν
1231 4121 1733 4192 ἐγκωμιαζομένοις

176 4220 462 4284 προσεῖναι.
494 4215 605 4268 Καὶ
649 4214 788 4284 πρὸς
827 4213 1060 4276 τούτοις,
1092 4213 1140 4266 εί
1183 4212 1281 4284 μὲν
1303 4209 1731 4283 ὁμολογούμενον

173 4305 249 4379 ἦν,
289 4312 502 4374 πάντως
533 4311 660 4374 τοὺς
693 4311 756 4362 ἐκ
792 4307 1059 4380 λαμπρῶν
1089 4307 1340 4376 πατέρων
1368 4305 1728 4373 κατάγοντας,

176 4404 253 4453 καὶ
273 4403 457 4466 αὐτοὺς
484 4401 752 4472 ὐπάρχειν
792 4399 1053 4468 ἀγαθοὺς,
1084 4399 1176 4452 καὶ
1197 4398 1384 4468 ὥσπερ
1411 4398 1532 4449 τινὰ
1571 4395 1731 4465 φύσιν

1832 3201 1980 3256 renis
2003 3216 2067 3255 ac
2097 3202 2279 3256 smculi
2303 3202 2672 3273 prmrogativis
2701 3203 3018 3260 bonoraturi
3041 3220 3226 3262 sumus
3251 3225 3266 3273 ;
3297 3207 3394 3264 sed

1830 3291 1989 3361 plane
2018 3306 2208 3356 secus,
2237 3290 2528 3347 obscuram
2553 3301 2835 3362 parentum
2865 3293 3027 3348 vitam
3047 3337 3060 3360 ,
3093 3307 3240 3353 artes
3279 3313 3394 3354 me-

1829 3383 2119 3448 chanicas,
2140 3384 2473 3453 paupertatis
2503 3383 2734 3455 denique
2763 3385 3086 3456 appellatum
3105 3391 3359 3458 probrum
3377 3429 3394 3454 ,

1831 3473 1946 3528 hac
1999 3473 2187 3542 utique
2244 3473 2382 3529 inter
2443 3472 2766 3529 laudandum
2826 3480 3392 3533 commemorabimns.

1831 3562 1963 3618 Nam
1988 3564 2142 3634 juxta
2189 3565 2536 3637 Evangelium
2573 3575 2841 3631 nostrum,
2885 3567 3178 3624 Christiani
3217 3571 3393 3626 humi-

1831 3657 1981 3726 litate
2037 3657 2263 3727 gloriam
2315 3659 2534 3715 habent.
2589 3659 2729 3716 Sane
2780 3661 2997 3731 quidem
3045 3674 3394 3720 externorum

1831 3751 2077 3806 encomia
2109 3760 2394 3818 contuens,
2417 3752 2654 3808 maxime
2678 3753 2942 3824 vitupero,
2995 3755 3137 3825 quod
3167 3771 3262 3812 eos
3279 3755 3396 3812 lau-

1831 3842 2007 3897 daturi
2029 3857 2165 3912 quos
2190 3843 2292 3898 sibi
2315 3843 2690 3914 proposuerint
2719 3844 2770 3900 in
2796 3845 2969 3903 laudis
2997 3857 3396 3918 argumentum,

1833 3945 2086 4004 tanquam
2124 3935 2256 3989 nihil
2279 3935 2548 4006 peculiare
2570 3937 2856 3993 dicendum
2885 3948 3157 4010 suppetat,
3190 3942 3256 3995 ad
3281 3955 3396 3994 ma-

1825 4024 2005 4095 jorum
2032 4027 2238 4083 frustra
2271 4028 2518 4098 sepulcra
2559 4029 2906 4100 confugiant,
2939 4046 3004 4086 ac
3047 4030 3315 4087 defunctis
3342 4033 3396 4086 in

1831 4135 2047 4174 cassum
2074 4121 2347 4191 negotium
2371 4121 2677 4188 lacessant,
2711 4133 3058 4194 mortuosque
3103 4123 3397 4180 viventium

1831 4222 2152 4270 ornamento
2207 4213 2524 4270 asciscant:
2565 4216 2762 4286 quibus
2807 4217 2918 4272 vita
2973 4215 3189 4272 functos
3243 4217 3399 4273 invo-

1831 4312 1982 4367 cant,
2010 4304 2145 4360 nihil
2177 4305 2301 4359 boni
2341 4319 2406 4361 ac
2440 4306 2688 4376 praeclari
2734 4307 2873 4377 apud
2904 4321 2999 4363 eos
3021 4317 3238 4363 exstare
3271 4323 3397 4377 pro-

1833 4395 2070 4462 fitentes,
2108 4411 2243 4466 quos
2280 4397 2528 4456 laudibus
2555 4399 2851 4455 celebrant.
2877 4398 3168 4465 Praeterea,
3195 4408 3252 4453 ut
3275 4400 3398 4468 qni-

174 4492 257 4563 τὴν
284 4495 476 4565 ἀρετὴν
502 4491 868 4562 διαδέχεσθαι,
895 4490 1148 4562 εὐκαιρον
1174 4485 1243 4561 ἦν
1271 4489 1400 4553 ἴσως
1431 4489 1619 4560 μνείαν
1649 4507 1731 4542 τι-

1835 4490 1955 4542 dem
1979 4498 2187 4544 certum
2224 4499 2390 4555 esset,
2417 4491 2496 4546 sic
2529 4491 2750 4546 omnino
2773 4502 3140 4559 comparatum
3165 4505 3305 4556 esse,
3344 4501 3398 4546 ut

176 4582 231 4635 νά
255 4585 350 4638 τῶν
379 4585 584 4654 γονέων
609 4582 908 4637 ποιεῖσθαι·
935 4581 1120 4652 ἐπειδὴ
1145 4581 1201 4635 δέ
1236 4581 1488 4651 ψεύδεται
1517 4581 1615 4645 τὰς
1637 4585 1730 4636 τοῦ

177 4676 341 4743 γένους
368 4678 622 4748 διαδοχὰς
651 4678 744 4730 ἐπὶ
772 4675 978 4745 πλέονὴ
1006 4675 1115 4728 τῶν
1142 4675 1583 4746 ἐπιτηδευμάτων
1613 4675 1731 4728 δια-

179 4770 300 4840 φορά
326 4773 555 4840 (γίνεται
584 4771 694 4842 γάρ
726 4769 937 4832 ἄσωτος
975 4769 1004 4820 ὁ
1038 4767 1133 4821 τοῦ
1169 4767 1478 4837 φιλοσόφου,
1514 4768 1608 4821 καὶ
1647 4785 1732 4837 φι-

178 4858 372 4930 λάσοφος
395 4865 423 4915 6
457 4861 554 4914 τοῦ
587 4859 913 4931 φιληδόνου),
947 4859 1175 4930 μάταιος
1211 4858 1240 4910 δ
1268 4858 1428 4922 πόνος
1459 4856 1567 4910 τῶν
1596 4874 1730 4929 πρίν

181 4954 388 5006 πάππων
410 4951 742 5026 μεμνῆσθαι·
776 4950 894 5006 δέον
922 4948 1300 5014 ἐπιδεικνύειν,
1324 4949 1480 5020 εἴπερ
1509 4948 1620 5018 ἔχει
1647 4964 1730 5011 τις

180 5043 352 5114 ἀρετῆς
384 5046 812 5118 κατορθωματα.
849 5045 959 5097 Καὶ
987 5042 1143 5096 ταῦθ’
1173 5042 1254 5095 ὅτι
1279 5040 1465 5095 τοῦτον
1503 5040 1616 5111 ἔχει
1639 5040 1731 5093 τὸν

184 5137 369 5202 τρόπον,
398 5139 500 5192 οὐκ
550 5138 698 5190 ἔστιν
738 5134 958 5188 ἄλλοθεν
997 5130 1586 5205 πολυπραγμονοῦντας
1628 5149 1732 5201 μα-

182 5228 290 5294 θεῖν,
324 5233 430 5285 ἀλλ’
476 5230 535 5296 ἐξ
585 5230 756 5300 αὐτῆς
783 5227 882 5298 τῆς
907 5227 1059 5298 ἱερᾶς
1108 5224 1265 5296 ἡμῶν
1295 5222 1538 5294 Γραφῆς,
1571 5222 1730 5276 πολύς

182 5339 351 5390 warm
376 5324 604 5396 ἐχούσης
623 5321 720 5376 καὶ
752 5319 1004 5389 ποικίλην
1030 5318 1129 5389 τὴν
1159 5316 1448 5386 ὠφέλειαν.

1835 4581 1928 4648 qui
1979 4581 2142 4636 claris
2185 4581 2480 4649 majoribus
2531 4583 2796 4652 procreati
2839 4591 2983 4650 sunt,
3036 4584 3135 4651 ipsi
3184 4598 3399 4652 quoque

1835 4670 1986 4740 probi
2015 4671 2355 4734 exsisterent,
2381 4687 2445 4728 ac
2477 4672 2765 4738 virtutem,
2797 4688 2893 4730 ceu
2931 4673 3216 4743 quamdam
3245 4683 3399 4727 natu-

1836 4776 1951 4816 ram
2017 4763 2161 4816 velut
2221 4763 2564 4820 luereditaria
2627 4767 2973 4822 successione
3022 4765 3399 4821 transmissum

1834 4855 2206 4925 susciperent;
2237 4866 2385 4912 esset
2427 4857 2657 4914 fortasse
2697 4857 2839 4914 haud
2895 4858 3252 4927 incongruum
3305 4872 3399 4926 pa-

1835 4954 2050 5000 rentum
2081 4945 2432 5002 meminisse:
2465 4962 2588 5002 cum
2619 4962 2749 5002 vero
2778 4945 3079 5002 studiorum
3109 4946 3400 5002 diversitas

1830 5038 2148 5106 plerumque
2182 5038 2397 5107 generis
2444 5038 2844 5094 successionem
2876 5035 3169 5092 mentiatur
3206 5035 3400 5106 (philo-

1830 5129 1986 5196 sophi
2017 5143 2254 5198 namque
2285 5129 2446 5195 filius,
2474 5129 2780 5185 luxuriosus
2813 5143 2876 5184 ac
2897 5142 3070 5200 ganeo
3101 5128 3311 5192 evadit;
3337 5142 3400 5182 ac

1829 5219 2200 5290 philosophus,
2228 5220 2518 5290 voluptarii
2557 5235 2620 5276 ac
2657 5219 2926 5278 libidinosi
2962 5219 3160 5292 filius),
3195 5218 3400 5274 frustra

1830 5312 2109 5368 laboratur
2146 5313 2533 5383 percensendis
2560 5317 2810 5368 eucomio
2839 5311 3054 5382 proavis
3083 5325 3147 5366 ac
3178 5308 3409 5378 majori-'

183 5408 297 5474 bus,
328 5429 441 5468 cum
475 5416 543 5468 sit
573 5410 987 5474 ostendendum,
1027 5422 1147 5476 quae
1180 5407 1440 5476 cujusque
1472 5403 1716 5460 facinora
1756 5417 1821 5457 ac
1847 5419 1932 5458 res
1981 5404 2240 5474 przeclare
2272 5414 2439 5474 gesta;
2475 5405 2603 5464 sint.
2645 5405 2796 5472 Quod
2854 5406 2969 5460 haec
3034 5417 3163 5460 vero
3189 5403 3270 5458 sic
3302 5403 3400 5457 ha-

186 5506 338 5574 beant,
368 5509 504 5564 haud
539 5508 758 5562 aliunde
793 5504 1036 5575 diligenti
1067 5499 1524 5572 pervestigatione
1555 5498 1887 5564 noverimus,
1920 5513 2082 5556 uuam
2116 5515 2182 5557 ex
2246 5501 2418 5559 sacris
2477 5501 2608 5571 ipsis
2657 5500 3093 5557 Christianorum
3152 5495 3400 5568 Scriptu-

187 5600 268 5664 τίς,
295 5618 508 5672 quorum
543 5601 823 5671 multiplex
859 5599 1113 5666 variaque
1150 5583 1612 5650 utilitas-exsistit.

241 5806 384 5863 “10'.
414 5807 799 5882 χορηγηθῆναι.
875 5804 916 5836 ⁶¹
950 5801 1015 5858 IV
1047 5805 1172 5876 Reg.
1203 5821 1276 5870 tv,
1302 5805 1388 5859 38.
1468 5803 1511 5834 ⁶¹
1543 5801 1560 5856 l
1597 5804 1720 5861 Cor.

1825 5815 1850 5869 ν,
1884 5799 1970 5855 50.

506 5905 772 5968 Pauor"
816 5900 934 5961 (in.
983 5900 1113 5962 XL.
