3820 6360
464 375 573 434 267

464 585 656 640 muelis
682 599 804 640 cum
842 585 1185 641 educatorem
1243 596 1352 638 tum
1410 585 1723 653 magistrum
1763 587 1831 640 “.
1880 585 2023 640 Nihil

465 686 642 731 tamen
677 677 810 745 ipse,
844 691 1155 746 quanquam
1202 678 1441 745 optimus
1474 687 1615 742 erat,
1656 675 1798 744 juvit
1837 678 2019 734 ﬁlios:

463 765 644 834 idque,
670 780 793 820 cum
833 765 974 835 apud
1016 774 1294 835 parentem
1343 764 1516 834 ipsum
1552 764 1771 819 educati
1817 775 2019 829 essent,

459 870 524 911 ac
552 858 793 926 quotidie
826 856 1117 912 sacerdotii
1140 857 1263 926 jura
1299 871 1364 911 ac
1407 856 1554 927 leges
1582 857 1853 911 audirent.
1880 857 2022 909 Rur-

460 962 580 1003 sum
609 964 737 1004 vero
751 947 1064 1004 Timotheus
1089 948 1268 1018 impiis
1291 950 1603 1019 parentibus
1617 950 1793 1005 editus
1809 950 1984 1003 erat“
2005 968 2019 1003 :

461 1039 574 1106 ille,
605 1040 855 1109 inquam,
882 1041 1184 1110 apostolus,
1228 1040 1488 1110 Paulique
1538 1055 1833 1110 generosus
1871 1052 2024 1096 catu-

461 1131 546 1185 lus
575 1148 590 1184 :
626 1131 767 1185 haud
804 1132 891 1184 ille
929 1140 1132 1196 tamen,
1183 1147 1281 1186 ceu
1313 1133 1602 1200 quamdam
1639 1143 1907 1198 naturam,
1943 1149 2025 1188 se-

458 1230 618 1274 cutus
646 1228 729 1274 est
754 1229 1036 1288 parentum
1082 1221 1432 1287 memoriam;
1467 1223 1595 1290 quin
1639 1221 1806 1275 libera
1833 1225 2021 1276 volun-

461 1320 571 1366 tate
588 1326 774 1365 eorum
806 1312 932 1367 odio
959 1313 1292 1382 impietatem
1322 1314 1547 1379 habens,
1572 1315 1640 1368 ad
1666 1328 1877 1370 sacram
1909 1316 2022 1386 pie-

460 1405 589 1458 tatis
622 1404 791 1475 legem
827 1405 1137 1475 transfugit,
1174 1407 1451 1476 dulcisque
1510 1408 1716 1463 fructus
1741 1423 1807 1464 ex
1838 1424 2018 1463 amara

461 1498 646 1552 radice
672 1498 890 1568 prodiit.
936 1498 1198 1554 Mulurum
1241 1501 1453 1570 cepula,
1487 1515 1551 1555 ac
1593 1502 1776 1556 ovium
1807 1511 2011 1571 partus.

460 1592 551 1647 Sic
588 1592 838 1648 Absalom
858 1595 928 1659 ⁸⁸,
957 1594 1187 1650 modesti
1223 1608 1287 1650 ac
1301 1595 1466 1650 sobrii
1516 1595 1688 1665 patris
1727 1594 1910 1648 furens
1937 1594 2022 1662 ju-

458 1685 643 1749 venis,
672 1697 845 1756 eoque
871 1688 1176 1741 temeritate
1208 1701 1272 1741 ac
1298 1686 1524 1741 audacia
1567 1697 1748 1752 notus,
1792 1700 1900 1756 quo
1927 1701 2020 1755 pa-

458 1780 542 1826 ter
567 1772 751 1845 probis
768 1788 833 1828 ac
854 1774 1099 1845 ingenuis
1127 1777 1396 1842 moribus;
1436 1790 1530 1831 seu
1556 1777 1754 1845 potius,
1776 1785 1858 1844 ut;
1876 1776 2017 1847 quod

456 1866 532 1920 sit
561 1865 732 1937 magis
772 1880 804 1920 e
832 1867 1057 1922 veritate
1108 1868 1380 1935 dicamus,
1434 1869 1779 1938 exsuperanti
1816 1869 2019 1923 malitia

455 1964 739 2023 paternam
784 1955 942 2026 longe
981 1971 1244 2027 superans
1269 1959 1547 2013 virtutem.
1589 1959 1766 2028 Atque
1800 1959 1933 2015 adeo
1962 1968 2023 2013 ut

457 2047 582 2116 quis
620 2047 908 2103 contrariis
937 2047 1201 2117 ejusmodi
1248 2048 1480 2103 ﬁliorum
1520 2049 1587 2104 ad
1621 2058 1874 2119 parentes
1905 2064 2021 2105 mo—

459 2138 614 2192 ribus
683 2136 921 2191 animum
973 2136 1229 2193 adhibere
1277 2137 1425 2203 velit,
1472 2139 1744 2195 studiosos
1793 2154 1857 2194 ac
1886 2140 2020 2193 recti

458 2238 701 2285 amantes
731 2228 1042 2285 innumeros
1089 2230 1249 2284 malis
1281 2239 1570 2301 prognatos
1614 2224 1881 2299 oﬁ‘endet,’
1910 2247 2023 2286 ma-

458 2319 644 2390 losque
664 2320 899 2375 vicissim
934 2321 1250 2390 parentibus
1281 2322 1501 2391 optimis
1522 2331 1690 2381 satos.
1727 2323 1891 2394 quue
1924 2322 2021 2379 ad-

458 2415 674 2470 modum
702 2415 916 2470 merito.
950 2415 1226 2485 Siquidem
1254 2417 1398 2471 enim
1422 2427 1635 2483 natura,
1672 2433 1778 2473 non
1817 2433 2018 2484 mores,

457 2506 643 2560 vitium
673 2515 767 2561 aut
805 2506 1057 2561 virtutem
1090 2504 1343 2573 efﬁceret,
1382 2521 1487 2562 non
1521 2506 1632 2575 jam
1677 2509 1784 2564 duo
1816 2518 2017 2574 essent,

456 2595 548 2651 sed
581 2595 806 2651 alterum
831 2594 1173 2651 uniformiter
1189 2596 1527 2665 pravaleret.

531 2689 747 2744 Dicatur
794 2702 923 2759 ergo
995 2687 1187 2744 Petrus
1252 2689 1394 2745 ﬁlius
1443 2688 1592 2745 lunae
1623 2690 2019 2762 “:cujusnam

455 2794 585 2835 vero
609 2780 774 2845 illius,
810 2780 943 2835 nihil
985 2793 1104 2834 mea
1172 2780 1359 2835 refert.
1399 2781 1509 2851 Ego
1564 2797 1798 2852 namque
1842 2798 1873 2837 a
1926 2783 2020 2837 ﬁlii

458 2872 856 2934 actis,honesto
877 2880 1187 2940 parentem;
1214 2880 1376 2943 atque
1404 2873 1472 2927 ab
1497 2873 1620 2928 imis
1644 2874 1926 2944 incipiens,
1954 2875 2020 2929 ad

457 2964 737 3035 superiora
782 2963 1090 3019 transmitto
1130 2962 1378 3031 laudem;
1426 2966 1770 3018 lucernarum
1825 2965 2019 3031 instar,

456 3073 577 3130 qua:
621 3067 781 3115 noctu
817 3073 845 3111 a
890 3057 1007 3114 solo
1052 3071 1117 3112 ac
1152 3056 1258 3112 ima
1289 3058 1467 3122 domo,
1515 3065 1650 3112 tecta
1690 3057 2018 3113 illuminant.

458 3152 602 3205 Sane
624 3164 752 3206 vero
784 3147 950 3204 Isaias
977 3148 1237 3203 vaticinio
1290 3149 1368 3203 ait
1400 3149 1467 3215 ⁸⁷,
1500 3149 1741 3218 posuisse
1770 3147 2015 3214 Patrem,

458 3243 650 3299 Filium
684 3242 916 3313 lapidem
975 3239 1284 3311 angularem
1317 3257 1331 3295 :
1386 3240 1638 3294 nimirum
1677 3239 2015 3310 signiﬁcans.

458 3333 641 3391 mundi
674 3341 834 3388 totam
870 3330 1294 3396 concretionem,
1322 3328 1414 3385 illo
1446 3328 1796 3385 fundamento
1824 3346 1885 3384 ac
1905 3329 2019 3385 basi

456 3425 638 3481 nixam
663 3437 804 3480 esse.
848 3421 989 3491 Quin
1030 3432 1087 3477 et
1124 3434 1337 3476 rursum
1369 3420 1705 3491 Unigenitus,
1740 3422 1815 3475 uti
1850 3424 2019 3476 sacris

454 3515 729 3587 Evangelii
768 3516 923 3570 libris
945 3515 1314 3582 conscriptum
1347 3522 1449 3578 est,
1479 3511 1724 3579 Petrum,
1764 3512 2019 3568 Ecclesia:

456 3606 861 3663 fundamentum
907 3605 1073 3659 dicit.
1114 3603 1193 3657 Tu
1241 3620 1295 3657 es
1332 3602 1545 3667 Petrus,
1591 3611 1640 3656 et
1684 3619 1840 3671 super
1884 3604 2019 3659 hanc

455 3708 656 3767 petram
699 3694 972 3764 aediﬁcabo
1006 3684 1511 3749 Ecclesium-meam
1541 3695 1608 3750 ⁸⁸.
1633 3694 1847 3752 Primus
1872 3698 2019 3751 enim

456 3804 642 3845 revera
672 3789 778 3853 bic,
807 3804 905 3844 ceu
938 3788 1159 3858 grandis
1204 3788 1423 3857 quidam
1459 3804 1523 3844 ac
1568 3790 1734 3844 durus
1770 3788 1926 3859 lapis,
1963 3789 2018 3843 in

457 3881 640 3936 mundi
672 3882 829 3952 hujus
859 3896 992 3936 cava
1015 3880 1286 3936 demissus
1318 3890 1424 3946 est,
1464 3881 1580 3936 sive
1627 3882 1679 3935 in
1721 3881 2017 3936 convallem

455 3974 794 4045 plorationis,
828 3974 1278 4044 quemadmodum
1322 3973 1499 4027 David"
1527 3972 1603 4027 ait
1640 3973 1721 4039 ";
1754 3983 1814 4028 ut
1859 3973 2019 4029 Chri-

464 4066 671 4122 stianos
691 4081 879 4121 omnes
913 4064 1368 4133 supermdiﬁcatos
1390 4073 1630 4134 portans,
1672 4064 1723 4119 in
1751 4065 1980 4121 sublime
2002 4106 2017 4131 ,

458 4172 667 4228 nempe,
695 4159 763 4213 ad
791 4159 904 4228 spei
940 4167 1139 4213 nostra:
1177 4156 1530 4223 domicilium,
1559 4157 1841 4212 subvehat.
1870 4156 2020 4211 Fun-

455 4249 755 4304 damentum
782 4249 928 4303 aliud
974 4265 1120 4304 nemo
1142 4258 1311 4316 potest
1343 4266 1552 4320 ponere,
1587 4260 1778 4319 praeter
1798 4250 1852 4303 id
1880 4250 2017 4318 quod

454 4344 681 4414 positum
706 4355 801 4406 est,
832 4342 969 4413 quod
994 4351 1073 4396 est
1103 4340 1339 4396 Christus
1360 4342 1596 4397 Jews".
1631 4341 1736 4396 Sed
1762 4351 1818 4396 et
1856 4341 2017 4395 simili

455 4450 669 4509 quoque
710 4435 958 4492 Salvator
991 4444 1174 4491 noster
1200 4434 1575 4505 appellatione,
1607 4434 1836 4503 primum
1862 4446 2016 4487 suum

1726 378 1785 434 S.
1826 377 2099 436 ASTERII
2139 377 2440 434 AMASENI

536 493 751 549 Scimus
776 492 930 562 plane
950 495 1281 550 sacerdotem
1302 535 1317 559 ,
1340 507 1526 549 senem
1552 493 1700 548 illum
1726 496 1906 565 magni
1931 495 2027 549 Sa-
2055 500 2098 555 Α

3589 385 3694 436 263

2207 496 2395 566 Ἵσμεν
2419 495 2635 557 πάντως
2663 493 2754 547 τὸν
2776 491 2946 564 ἱερέα,
2976 492 3067 546 τὸν
3112 493 3426 565 πρεσϐύτην
3468 496 3695 563 ἐκεῖνον,

2123 587 2215 639 τὸν
2242 587 2336 640 τοῦ
2362 586 2601 657 μεγάλου
2628 583 2881 655 Σαμουὴλ
2918 584 3124 654 τροφέα
3145 602 3203 637 τε
3232 587 3328 638 καὶ
3356 585 3696 640 διδάσκαλον’

2122 680 2235 733 ἀλλ’
2262 680 2412 732 οὐδὲν
2459 680 2587 742 τοὺς
2628 678 2778 740 υἱοὺς
2817 675 3098 747 ὠφέλησεν
3143 678 3304 741 αὐτὸς
3345 678 3566 750 ἄριστος
3596 679 3695 734 ὤν’

2122 772 2214 824 καὶ
2236 771 2410 825 ταῦτα
2433 769 2738 842 τραφέντας
2754 770 2845 821 ὑπ’
2875 768 3025 839 αὐτῷ
3055 768 3137 839 τῷ
3168 770 3575 841 γεννησαμένῳ,
3596 772 3696 843 τὴν

2121 864 2242 914 καθ’
2293 862 2506 932 ἡμέραν
2539 859 2907 930 μανθάνοντας
2947 860 3076 923 τοὺς
3126 861 3226 930 τῆς
3267 861 3564 932 ἱερωσύνης
3609 861 3672 914 θε

2122 953 2312 1022 σμούς.
2357 953 2451 1005 Ἐκ
2509 952 2758 1022 πατέρων
2785 952 2945 1004 πάλιν
2974 950 3184 1004 ἀσεϐῶν
3211 954 3236 1005 ὀ
3265 952 3547 1022 Τιμόθεος,
3606 952 3695 1006 τὸν

2118 1045 2411 1098 ἀπόστολον
2449 1044 2612 1112 λέγω,
2634 1045 2725 1097 τὸν
2758 1046 3002 1112 γενναῖον
3034 1043 3128 1096 τοῦ
3162 1044 3374 1097 Παύλου
3424 1045 3695 1099 σκύλακα’

2120 1134 2215 1186 καὶ
2255 1134 2317 1186 οὐ
2352 1134 2460 1203 μὴν
2500 1132 2888 1203 ἠκολούθησεν,
2920 1133 3110 1203 ῶσπερ
3136 1134 3245 1185 τινὶ
3282 1134 3441 1204 φύσει
3471 1136 3581 1189 τῶν
3603 1154 3696 1205 γο-

2118 1226 2252 1278 νέων
2297 1228 2361 1296 τῇ
2394 1228 2601 1297 μνήμῃο
2657 1226 2889 1295 λογικῶς
2941 1227 2999 1279 δὲ
3052 1228 3290 1297 μισήσας
3319 1227 3420 1292 τὴν
3468 1228 3696 1283 ἐκείνων

2119 1317 2459 1379 δυσσέϐειαν,
2516 1318 2653 1389 πρὺς
2697 1322 2788 1371 τὸν
2836 1319 2993 1386 ἆγιον
3041 1319 3242 1389 θεσμὸν
3273 1319 3375 1391 τῆς
3416 1321 3695 1386 εὐσεϐείας

2118 1409 2557 1481 άπηυτομόλησε.
2620 1412 2716 1464 καὶ
2776 1411 2988 1482 καρπὸς
3036 1412 3277 1482 ἀνεφάνη
3343 1411 3547 1480 γλυκὺς
3588 1415 3697 1468 ἀπὸ

2122 1499 2278 1572 ῥίζης
2304 1503 2527 1573 πικρᾶς.
2574 1502 2843 1571 Ἣμιόνων
2877 1503 2911 1572 ή
2947 1503 3223 1564 συνουσία,
3262 1503 3358 1556 καὶ
3407 1503 3696 1573 προϐάτων

2117 1592 2293 1656 τόκος.
2319 1592 2507 1656 Οὕτως
2530 1595 2559 1646 6
2597 1592 2924 1658 Ἀϐεσαλὼν,
2965 1594 3170 1665 πατρὸς
3204 1593 3482 1657 ἑπιεικοῦς
3512 1612 3696 1666 μεμη-

2120 1683 2226 1747 νὼς
2278 1684 2575 1747 νεανίσκος,
2627 1685 2721 1737 καὶ
2747 1684 2998 1737 τοσοῦτον
3038 1685 3131 1737 ἐπὶ
3168 1684 3465 1756 θρασύτητι
3497 1687 3693 1759 γνώριο

2125 1792 2244 1845 μος,
2287 1776 2410 1828 ὅσον
2432 1778 2460 1828 6
2498 1777 2679 1846 πατὴρ
2713 1777 2771 1828 ὲν
2818 1774 3166 1847 χρηστότητν
3207 1776 3240 1846 ἦ
3280 1777 3496 1845 μᾶλλον,
3537 1779 3589 1829 εἰ
3615 1777 3695 1830 δεῖ

2053 1848 2096 1905 Β
2123 1866 2510 1938 τάληθέστερον
2543 1868 2735 1930 εἰπεῖν,
2768 1865 2947 1936 πολλῷ
2968 1865 3045 1936 τῷ
3074 1866 3254 1937 μέτρῳ
3287 1867 3695 1939 ὑπερϐαλλόμε-

2121 1973 2210 2019 νος
2246 1959 2313 2027 τῇ
2348 1956 2515 2027 κακία
2535 1957 2631 2027 τὴν
2655 1957 2855 2027 ἀρετὴν
2875 1956 2969 2009 τοῦ
2995 1958 3372 2027 γεννήσαντος.
3406 1960 3515 2012 Καὶ
3531 1960 3693 2023 ὅλως,

2120 2046 2267 2109 εἴτις
2290 2045 2533 2117 θελήσειε
2559 2049 2680 2110 ταῖς
2732 2046 3008 2110 τοιαύταις
3032 2046 3140 2099 τῶν
3172 2046 3374 2101 παίδων
3395 2050 3531 2119 πρὸς
3567 2052 3696 2115 τοὺς

2120 2136 2360 2208 πατέρας
2396 2137 2759 2208 ὲναντιότησιν
2806 2138 3095 2209 ἐπιστῆσαι
3140 2136 3232 2190 τὸν
3276 2137 3419 2201 νοῦν,
3464 2139 3695 2210 μυρίους

2120 2227 2338 2297 εὑρήσει
2398 2227 2710 2290 σπουδαίους
2768 2227 2874 2281 ἀπὸ
2914 2228 3121 2288 κακῶν,
3186 2227 3284 2280 καὶ
3330 2231 3607 2300 πονηροὺς
3629 2233 3695 2283 ὲκ

2122 2317 2427 2388 βελτίστων,
2468 2319 2578 2395 Καὶ
2619 2319 2821 2389 σφόδρα
2862 2336 2927 2388 γε
2974 2320 3217 2384 εἰκότως.
3259 2320 3321 2373 Εἰ
3349 2320 3458 2392 γὰρ
3506 2320 3695 2391 φύσις,

2120 2412 2216 2465 καὶ
2264 2413 2338 2483 μὴ
2379 2411 2597 2483 τρόπος,
2651 2413 2851 2466 κακίαν
2892 2414 2926 2484 ἢ
2984 2414 3184 2485 ἀρετὴν
3234 2415 3542 2486 εἰργάξετο,
3593 2419 3696 2471 οὐκ

2120 2502 2185 2557 ἂν
2231 2500 2300 2575 ἦν
2366 2503 2434 2557 τά
2506 2502 2618 2569 δύο,
2687 2505 2824 2559 ἀλλὰ
2893 2506 3210 2578 μονομερῶς
3281 2507 3576 2580 ἐπεκράτει
3636 2508 3696 2561 τι

2120 2596 2326 2667 ἕτερον.
3389 2630 3407 2651 ρ

2192 2684 2447 2755 Λεγέσθω
2492 2686 2671 2740 τοίνυν
2703 2685 2911 2759 Πέτρος
2959 2687 3075 2751 υἱὸς
3111 2688 3283 2742 Ἰωνᾶ·
3323 2688 3467 2751 τίνος
3490 2688 3550 2742 δὲ
3573 2689 3694 2742 τού-

2119 2796 2232 2843 του,
2260 2778 2411 2831 οὐδέν
2444 2796 2534 2849 μοι
2560 2777 2827 2849 διαφέρει.
2893 2777 3033 2847 Ἐγὼ
3059 2778 3168 2851 γὰρ
3192 2783 3255 2833 ὲκ
3296 2778 3405 2833 τῶν
3441 2780 3695 2851 πράξεων

2119 2869 2212 2922 τοῦ
2240 2868 2377 2935 υἱοῦ,
2412 2869 2657 2939 σεμνύνω
2695 2869 2786 2922 τὸν
2834 2871 3254 2941 γεννησάμενον·
3305 2871 3398 2924 καὶ
3448 2872 3696 2925 κάτωθεν

2119 2959 2439 3032 ἀρξάμενος,
2460 2961 2551 3014 ἐπὶ
2572 2965 2640 3014 τά
2667 2961 2778 3015 ἄνω
2796 2962 3150 3032 παραπέμπω
3178 2963 3274 3034 τὴν
3301 2961 3475 3029 δόξαν,
3502 2963 3695 3036 ὥσπερ

2120 3052 2167 3102 oi
2196 3050 2374 3120 λύχνοι
2418 3052 2467 3104 οἱ
2516 3050 2731 3123 νύκτωρ
2772 3051 2837 3104 ὲκ
2875 3051 2971 3104 τοῦ
3011 3052 3241 3120 ἐδάφους
3290 3055 3417 3118 τοὺς
3461 3055 3696 3127 ὀρόφους

2121 3144 2460 3213 φωτίζοντες.
2514 3145 2739 3209 Ἡσαΐας
2778 3148 2876 3217 μὲν
2905 3144 2997 3202 οὖν
3023 3166 3155 3220 φησι
3185 3149 3568 3220 προφητεύων,
3611 3150 3696 3203 ὅτι

2117 3235 2262 3289 λίθον
2294 3237 2685 3308 ἀκρογωνιαίον
2721 3240 2750 3291 6
2781 3241 2970 3312 Πατὴρ
2999 3240 3161 3313 ἔθηκε
3212 3242 3302 3295 τὸν
3331 3243 3479 3304 Υίὸν,
3526 3244 3694 3297 ἐνδει-

2118 3328 2401 3399 κνύμενος,
2426 3329 2502 3391 ὡς
2527 3331 2558 3400 ἡ
2586 3332 2736 3384 πᾶσα
2785 3331 2881 3385 τοῦ
2930 3334 3133 3404 κόσμου
3184 3333 3441 3398 σύστασις
3485 3337 3695 3390 ἐκεῖνον

2117 3419 2230 3491 ἔχει
2261 3421 2359 3492 τὴν
2388 3421 2549 3493 ἕδραν
2586 3423 2680 3476 καὶ
2711 3423 2809 3495 τὴν
2838 3425 3098 3497 κρηπῖδα.
3163 3426 3221 3479 '0
3274 3425 3330 3478 δὲ
3378 3428 3694 3497 Μονογενὴς

2119 3512 2304 3577 πάλιν,
2359 3513 2540 3577 καθὼς
2590 3515 2649 3569 ὲν
2705 3514 3060 3585 Εὐαγγελίοις
3100 3519 3281 3589 φησὶν,
3310 3516 3562 3588 θεμέλιον
3602 3519 3693 3572 τὸν

2119 3605 2324 3677 Πέτρον
2378 3605 2633 3677 ὀνομάζει
2666 3608 2765 3676 τῆς
2808 3608 3153 3679 Ἐκκλησίας
3206 3609 3290 3662 Σὺ
3345 3604 3404 3662 εἶ
3447 3608 3694 3677 Πέτρος,

2117 3697 2215 3751 καὶ
2238 3697 2337 3751 ἐπὶ
2368 3699 2551 3766 ταύτῃ
2574 3696 2651 3766 τῇ
2672 3698 2857 3768 πέτρᾳ
2879 3698 3251 3770 οἰκοδομήσω
3269 3700 3387 3769 μοῦ
3416 3700 3534 3767 τὴν
3571 3701 3691 3755 Ἑκο

2118 3789 2399 3855 κλησίαν.
2428 3788 2647 3859 Πρωτος
2676 3789 2784 3861 γὰρ
2812 3790 3027 3861 ἀληθῶς
3053 3785 3228 3855 οὗτος,
3272 3791 3459 3863 ὥσπερ
3495 3810 3584 3856 τις
3615 3793 3690 3846 λίς

2118 3878 2211 3942 θος
2257 3880 2429 3950 μέγας
2475 3880 2568 3933 καὶ
2614 3882 2879 3953 καρτερὸς
2917 3883 3175 3955 ὲνερρίφη
3222 3885 3286 3954 τῇ
3343 3882 3436 3937 τοῦ
3483 3884 3692 3955 κόσμου

2117 3969 2304 4023 τούτου
2336 3971 2626 4043 κοιλότητι,
2659 3973 2692 4043 ἢ
2722 3976 2787 4044 τῇ
2833 3972 3037 4027 κοιλάδι
3066 3973 3159 4027 τοῦ
3188 3974 3566 4046 κλαυθμῶνος,
3617 3977 3690 4040 ὣς

2118 4079 2283 4134 φησιν
2310 4064 2338 4116 6
2375 4064 2556 4118 Aa6i8'
2585 4064 2671 4118 ἵνα
2702 4066 2909 4126 πάντας
2928 4067 3288 4138 Χριστιανοὺς
3309 4068 3689 4137 ἐποικοδομου-

2121 4156 2312 4224 μένους
2359 4155 2651 4225 βαστάσας,
2706 4157 2955 4228 ἀναγάγῃ
3016 4158 3152 4230 πρὸς
3211 4158 3272 4211 τὸ
3321 4159 3475 4228 ὓψος.
3516 4160 3548 4213 δ
3593 4160 3690 4230 τῆς

2117 4246 2329 4310 ἐλπίδος
2352 4247 2509 4319 ἡμῶν
2541 4249 2686 4301 ἐστιν
2721 4250 3053 4321 οἰκητήριον.
3086 4251 3370 4320 Θεμέλιον
3396 4252 3554 4307 ἄλλο
3594 4255 3693 4307 οὐ-

2116 4335 2236 4403 δεὶς
2267 4338 2516 4392 δύναται
2545 4337 2752 4404 θεῖναι,
2785 4342 2941 4411 παρὰ
2963 4340 3071 4395 τὸν
3100 4342 3395 4412 κείμενον,
3420 4343 3487 4409 ὅς
3519 4344 3693 4398 ἐστιν·

2131 4427 2367 4497 Ἰησοῦς
2417 4432 2684 4497 Χριστός.
2747 4432 2823 4503 Τῇ
2863 4433 3024 4506 ὁμοίᾳ
3068 4433 3126 4487 δὲ
3170 4434 3361 4506 κλήσει
3411 4436 3441 4487 6
3495 4436 3690 4507 Σωτὴρ

453 4526 777 4599 discipulum
822 4525 1210 4583 honestandum
1244 4526 1416 4591 duxit,
1466 4525 1750 4579 nominans
1773 4522 1895 4578 ﬁdei
1929 4538 2019 4592 pe-

2122 4519 2274 4592 ἡμῶν
2302 4524 2395 4574 καὶ
2424 4522 2515 4574 τὸν
2544 4523 2756 4593 πρῶτον
2801 4524 2964 4577 αὑτοῦ
2994 4526 3241 4596 μαθητὴν
3284 4526 3687 4598 κατεκόσμησε,

451 4631 616 4675 tram.
647 4618 749 4675 Per
778 4617 995 4675 Petrum
1031 4632 1181 4689 ergo,
1213 4633 1398 4673 verum
1453 4632 1512 4672 ac
1553 4616 1762 4672 ﬁdelem
1802 4616 2019 4687 pietatis

450 4712 722 4769 doctorem
773 4709 1043 4777 effectum,
1083 4710 1445 4766 Ecclesiarum
1479 4710 1688 4766 stabilis
1717 4708 2017 4780 inﬁexaque

449 4802 679 4861 ﬁrmitas
708 4803 971 4859 consistit.
1007 4797 1154 4858 'Justi
1201 4816 1363 4871 porro
1402 4802 1757 4857 aediﬁcatione
1789 4801 2011 4856 radicati

458 4903 689 4959 stamus,
721 4893 811 4963 qui
841 4893 908 4947 ab
946 4903 1069 4947 ortu
1097 4891 1226 4947 solis
1258 4892 1324 4945 ad
1358 4906 1530 4960 usque
1545 4908 1795 4948 occasum
1827 4907 2012 4948 sumus

450 4984 764 5041 Christiani.
815 4983 1000 5048 Plane,
1035 4996 1159 5036 cum
1214 4995 1245 5035 a
1298 4990 1539 5053 tempore
1586 4983 2010 5037 annuntiationis

448 5077 789 5147 evangelica,
825 5074 1005 5130 multa:
1031 5074 1359 5129 increverint
1395 5075 1739 5143 tentationes,
1769 5075 2011 5145 tyranni-

447 5183 554 5238 que
599 5182 700 5224 nos
743 5164 1185 5230 innumerabiles,
1255 5180 1317 5220 ac
1367 5166 1472 5222 illis
1515 5166 1685 5237 prior,
1731 5165 2006 5232 diabolus,

449 5259 687 5314 funditus
719 5258 1031 5320 destruere,
1081 5265 1245 5326 atque
1285 5271 1315 5309 a
1366 5256 1731 5313 fundamentis
1767 5268 2013 5315 evertere

447 5351 629 5407 conati
696 5349 845 5404 sint:
876 5348 1235 5403 decurrerunt
1276 5345 1495 5404 ﬁumina
1530 5347 1674 5401 velut
1710 5357 2014 5416 torrentes,

447 5442 623 5514 inquit
656 5440 890 5497 salubris
926 5454 991 5495 ac
1038 5453 1192 5495 sacra
1242 5439 1516 5512 Scriptura
1544 5442 1621 5505 τίς
1663 5442 2013 5497 vehementes

447 5534 835 5592 diabollcorum
863 5532 1150 5604 spirituum
1182 5534 1326 5589 venti
1375 5535 1679 5599 irruerunt;
1718 5534 1923 5601 copiosi
1947 5550 2012 5589 ac

513 5745 559 5779 “
582 5742 610 5818 lg
630 5743 858 5818 Beg.utt_.
888 5741 958 5818 ἰᾷ
979 5756 1101 5814 sqq.
1177 5742 1221 5775 “
1246 5745 1500 5818 actam},
1529 5745 1583 5818 l.

1661 5745 1705 5777 ”
1730 5743 1924 5815 "Reg.
1969 5749 2105 5807 xv,l
2143 5764 2264 5818 sqq.

2123 4611 2327 4684 πέτραν
2377 4612 2645 4682 ὀνομάσας
2704 4616 2802 4684 τῆς
2851 4615 3104 4679 πίστεως.
3129 4614 3226 4668 Διὰ
3250 4615 3457 4687 Πέτρον
3485 4617 3689 4679 τοίνυν,

2120 4703 2367 4758 ἄπτωτον
2402 4705 2494 4757 καὶ
2524 4704 2739 4768 ἁκλινὲς
2792 4706 2852 4758 τὸ
2884 4705 2991 4760 τῶν
3056 4706 3391 4780 Ἐκκλησιῶν
3440 4709 3689 4780 ἓδρασμα

2119 4795 2370 4860 σώζεται,
2400 4798 2621 4869 γνήσιον
2638 4798 2731 4850 καὶ
2759 4799 2947 4851 πιστὸν
2973 4799 3261 4870 γενόμενον
3289 4800 3388 4871 τῆς
3407 4800 3685 4865 εὐσεϐείας

2119 4893 2495 4962 μυσταγωγόν.
2521 4893 2619 4947 Διὰ
2641 4892 2739 4964 τὴν
2778 4893 3062 4965 οἰκοδομὴν
3078 4893 3134 4947 δὲ
3165 4894 3260 4948 τοῦ
3286 4894 3493 4949 δικαίου
3525 4898 3686 4967 ἐστή-

2120 5001 2294 5055 καμεν
2323 4983 2700 5057 ἐρριζωμένοι,
2737 4988 2784 5039 οἱ
2824 4986 2931 5038 άπὸ
2954 4986 3265 5057 ἀνίσχοντος
3288 4987 3466 5059 ήλίου,
3523 4989 3685 5059 μέχρι

2118 5079 2212 5132 καὶ
2240 5077 2522 5149 δυομένου,
2553 5079 2888 5151 Χριστιανοί.
2917 5079 3138 5135 Πολλῶν
3164 5080 3222 5134 δὲ
3245 5081 3569 5153 πειρασμῶν
3602 5099 3684 5134 κιο

2116 5168 2401 5240 νηθέντων,
2435 5171 2526 5238 ἀφ’
2558 5165 2618 5224 οὗ
2658 5171 2967 5242 κατηγγέλη
2990 5172 3052 5225 τὸ
3078 5171 3424 5241 Εὐαγγέλιον,
3454 5173 3551 5227 καὶ
3583 5192 3684 5245 μυ-

2113 5261 2248 5333 ρίων
2272 5261 2566 5333 τυράννων·
2599 5263 2694 5316 καὶ
2742 5264 2851 5336 πρὸ
2886 5263 3130 5329 ἐκείνων,
3161 5264 3255 5319 τοῦ
3301 5265 3549 5320 διαϐόλου
3580 5284 3683 5319 κα-

2111 5353 2377 5424 ταστῆσαι
2403 5353 2730 5427 θελήσαντος
2761 5357 2842 5420 εἰς
2872 5355 3089 5427 ἔδαφος,
3131 5357 3226 5411 καὶ
3265 5357 3511 5412 καθελεῖν
3539 5360 3682 5429 ἡμᾶς

2113 5444 2296 5509 αὐτοῖς
2319 5447 2748 5520 κρηπιδήμασιν·
2782 5447 3049 5520 ἔῤῥευσαν
3083 5448 3181 5520 μὲν
3211 5449 3261 5503 οἱ
3307 5450 3563 5520 ποταμοὶ,
3609 5448 3683 5512 ὣς

2113 5553 2275 5608 φησιν
2306 5541 2335 5592 ὀ
2368 5542 2634 5612 σωτήριος
2664 5541 2839 5611 λόγος,
2883 5540 2960 5605 ὡς
3008 5542 3316 5613 χείμαρροι,
3366 5541 3586 5613 σφοδροὶ
3626 5541 3682 5594 δὲ

2343 5749 2387 5781 ⁸⁸
2413 5748 2569 5805 Joan.
2598 5767 2639 5816 ι,
2671 5749 2760 5805 42.
2834 5750 2877 5781 ⁵⁷
2902 5749 3009 5804 lsa.
3043 5748 3347 5815 xxvttt,16.
3424 5749 3470 5783 ⁸⁸
3491 5746 3661 5807 Matth

446 5830 559 5885 xvi,
592 5813 679 5872 l8.
714 5813 799 5848 ἠ
825 5813 972 5871 Psal.
1002 5813 1232 5882 usam,
1255 5813 1308 5869 7.
1379 5815 1425 5847 ’θ
1456 5813 1477 5868 ι
1518 5813 1640 5871 Cor.
1714 5831 1797 5882 tu,
1830 5813 1918 5872 tt.
1993 5819 2038 5850 ⁷⁸
2065 5813 2250 5875 Matth.
2295 5834 2390 5886 vu,
2413 5818 2506 5875 ‘27.
