3820 6300
87 353 266 409 ,269

1052 349 1330 408 HOMlLlA
1373 349 1501 407 VIII.
1536 350 1602 406 IN
1638 347 1734 406 SS.
1778 337 2063 407 PETRUM
2097 349 2186 406 ET
2222 351 2532 408 PAULUM.

3311 354 3419 408 270

155 472 359 540 ἄνεμοι
385 470 496 524 τῶν
528 468 848 523 διαϐολικῶν
882 469 1210 541 πνευμάτων
1237 471 1593 544 προσέϐαλον,
1621 469 1752 524 λαῦ-

1855 470 2102 528 immensi
2131 472 2572 543 persequentium
2620 471 2962 528 Christianos
3001 471 3202 528 imbres
3224 470 3424 541 itnpetu

161 583 243 635 ροι
275 564 336 617 δὲ
358 564 506 616 ὑετοὶ
529 563 640 615 τῶν
673 563 979 616 διωκόντων
1001 565 1362 635 Χριστιανοὺς
1396 566 1748 638 κατερράγη-

159 673 282 717 σαν,
317 656 411 709 καὶ
436 655 593 708 οὐδὲν
623 653 871 725 ίσχυρότε
882 672 970 725 ρον
996 653 1155 727 ῶφθη
1184 655 1276 708 τοῦ
1297 656 1439 709 κατά
1465 657 1596 709 Θεὸν
1627 657 1750 727 ὀχυ-

159 744 436 815 ρώματος·
480 744 665 816 ἐπειδὴ
725 747 846 808 ταῖς
889 744 1072 813 ἁγίαις
1101 745 1380 817 παλάμαις
1407 746 1500 800 τοῦ
1533 746 1748 817 πρώτου

157 838 263 891 τῶν
300 838 618 891 ἀποστόλων
650 837 1063 908 κατεσκευάσθη
1109 838 1169 891 τὸ
1211 840 1310 910 τῆς
1344 840 1579 902 πίστεως
1603 840 1750 892 obto-

156 930 407 1002 δύμημα.
448 931 636 984 Ταῦτα
672 931 728 983 δὲ
763 930 958 999 λέγων,
1005 931 1113 983 ἔδει
1145 933 1190 963 ⁷⁸
1221 931 1315 985 ἕνα
1343 932 1497 1002 λόγον
1524 933 1624 1003 τῆς
1670 933 1748 986 εὑ-

156 1023 349 1090 λογίας
395 1021 492 1075 τοῦ
539 1023 747 1092 πέτραν
789 1021 880 1075 τὸν
929 1022 1320 1095 εύαγγελιστὴν
1360 1026 1745 1094 ὀνομάσαντος.

159 1113 397 1185 Ἶδωμεν
435 1114 515 1176 δὲ,
545 1113 778 1180 είδοκεί,
805 1115 922 1178 πῶς
954 1114 1221 1187 ᾠκοδόμει
1243 1116 1466 1189 Πέτροςο
1496 1118 1555 1171 οὑ
1583 1117 1748 1182 λίθοις

153 1210 248 1260 καὶ
284 1208 557 1274 πλίνθοις,
609 1207 729 1261 οὐδὲ
775 1211 892 1272 ταῖς
944 1209 1130 1274 ἄλλαις
1166 1209 1319 1274 ὕλαις
1348 1213 1466 1274 ταῖς
1495 1214 1746 1282 γεηραῖςο

157 1300 292 1353 ἀλλὰ
327 1300 513 1368 λόγοις
549 1300 646 1354 καὶ¹
701 1301 986 1372 πράξεσιν,
1022 1296 1111 1365 αἷς
1138 1304 1421 1372 ἐνηργεῖτο
1449 1303 1596 1374 παρά
1654 1302 1775 1356 τοῦ.

157 1393 296 1446 Πνεύ
307 1411 504 1462 ματος.

222 1485 336 1538 Τοῦ
359 1486 545 1539 τοίνυν
574 1484 710 1539 Θεοῦ
743 1487 836 1540 καὶ
862 1486 1114 1560 Σωτῆρος
1139 1487 1293 1558 ἡμῶν
1326 1487 1637 1552 ἀνελθόντος
1668 1490 1744 1553 είς

151 1575 443 1644 οὐρανοὺς,
487 1575 652 1645 ἡνίκα
685 1574 784 1647 τὴν
818 1575 1047 1647 νεφέλην
1096 1573 1208 1647 εἶχε
1234 1577 1440 1648 ὄχημα,
1474 1578 1582 1632 τῶν
1605 1580 1744 1632 ἀπο·

153 1666 364 1719 στόλων
395 1667 726 1737 βλεπόντων,
756 1659 911 1730 οὗτος
943 1670 970 1721 ό
1000 1669 1141 1740 ἀνὴρ
1175 1670 1496 1723 ἀντελάϐετο
1525 1671 1624 1742 τῆς
1651 1671 1745 1724 τοῦ

154 1758 500 1830 Εὖαγγελίου
531 1760 899 1825 διδασκαλίας
936 1763 1028 1816 καί
1065 1763 1172 1834 πρὸ
1221 1763 1440 1817 πάντων
1493 1765 1601 1818 τῶν
1641 1783 1746 1818 κοι-

1853 565 2211 633 deﬂuxerunt,
2265 581 2363 621 nec
2390 567 2684 636 quidquam
2734 576 2911 621 tamen
2943 566 3125 623 divino
3157 568 3425 637 potentius

1849 657 2023 710 visum
2051 667 2134 712 est
2164 658 2495 724 munimine;
2523 659 2665 728 quod
2706 659 2960 714 nimirum
2991 659 3111 714 fidei
3142 658 3426 714 aedificatio

1851 747 2022 801 sacris
2049 747 2207 816 primi
2241 747 2606 816 apostolorum
2640 751 2890 804 manibus
2933 759 3211 805 exstructa
3258 759 3424 804 esset.

1852 834 1978 890 Haec
2016 852 2178 907 porro
2212 837 2434 893 dicenda
2476 839 2661 903 habui,
2690 840 2759 894 ob
2792 839 2942 894 illum
2982 855 3150 894 unum
3199 840 3424 894 verbum

1849 927 2245 986 benedictionis
2266 929 2402 1001 ejus,
2427 931 2519 1002 qui
2542 933 2924 1004 evangelistam
2954 949 3017 988 ac
3039 948 3254 988 sacrum
3289 946 3429 1002 prte-

1849 1033 2061 1087 conem,
2098 1032 2304 1089 petram
2361 1026 2708 1092 nuncupavit.
2765 1025 3052 1081 Videamus
3106 1033 3325 1089 autem,
3377 1022 3423 1077 si

1851 1111 2018 1178 lubet,
2055 1129 2159 1183 qua
2197 1113 2388 1170 Petrus
2432 1116 2642 1170 ratione
2670 1117 3051 1182 aediﬁcaverit;
3081 1132 3186 1172 non
3233 1115 3426 1185 lapidi-

1849 1205 1951 1259 bus
1980 1204 2372 1276 lateribusque,
2409 1206 2492 1260 vel
2513 1207 2616 1262 alia
2654 1218 2865 1264 terrena
2896 1209 3117 1264 materia
3137 1249 3153 1274 ,
3180 1209 3275 1263 sed
3303 1223 3423 1263 ser-

1850 1297 2099 1353 monibus
2132 1313 2195 1352 ac
2231 1299 2558 1365 actionibus,
2602 1315 2736 1369 quas
2756 1300 2987 1370 Spiritus
3015 1297 3306 1355 exercebat
3339 1298 3423 1352 in-

1848 1389 2067 1443 stinctu.

1922 1479 2056 1537 Cum
2091 1480 2234 1538 Deus
2275 1481 2459 1554 itaque
2513 1499 2578 1538 ac
2631 1483 2881 1538 Salvator
2929 1491 3113 1538 noster
3157 1483 3211 1538 in
3255 1482 3427 1538 caelos

1859 1574 2212 1640 ascendisset,
2244 1576 2459 1645 quando
2499 1577 2760 1646 apostolis
2789 1575 3155 1646 spectantibus
3181 1575 3351 1630 nubes
3375 1575 3426 1630 ei

1849 1665 2154 1720 vehiculum
2188 1666 2330 1721 facta
2366 1677 2469 1734 est,
2499 1668 2582 1722 vir
2634 1668 2734 1722 iste
2767 1669 2990 1722 docendi
3030 1677 3214 1737 partes
3253 1667 3429 1721 Evan-

1849 1758 1970 1826 gelii
2003 1761 2278 1829 suscepit;
2321 1770 2484 1830 atque
2515 1761 2679 1816 sociis
2704 1761 2955 1816 omnibus
2983 1761 3150 1831 prior,
3185 1775 3284 1830 pro
3312 1761 3426 1830 epi-

153 1853 339 1905 νωνῶν
372 1853 473 1924 τῆς
500 1853 807 1923 ἐπισκοπῆς
827 1853 1044 1920 ἀνοίξας
1066 1855 1129 1908 τὸ
1161 1856 1356 1927 στόμα,
1383 1856 1491 1910 τῶν
1520 1857 1751 1912 λυσσώνι·

1855 1851 1998 1919 scopi
2061 1865 2123 1906 ac
2169 1853 2442 1922 praepositi
2488 1868 2709 1909 munere
2751 1870 2811 1909 os
2868 1854 3137 1924 aperiens,
3177 1853 3428 1907 audentis

153 1964 258 2000 των
293 1947 439 2000 κατά
496 1947 599 2017 τῆς
654 1947 937 2012 εὐσεϐείας
976 1950 1354 2022 κατεθάρσησε
1405 1952 1613 2024 δήμων,
1655 1955 1750 2007 καί⁹

152 2041 471 2113 δημηγόρος
498 2043 744 2112 ἀνεφάνη
775 2043 958 2112 σοφὸς,
995 2046 1051 2098 ἐν
1105 2045 1256 2117 μέσῳ
1293 2046 1400 2100 τῶν
1428 2046 1600 2101 ἐθνῶν
1653 2047 1748 2101 καὶ

153 2135 244 2187 τοῦ
284 2134 529 2208 Ἰσραήλ·
560 2135 734 2189 ἐθνῶν
766 2135 1084 2190 ἀκονὼντων
1111 2138 1236 2201 τοὺς
1259 2138 1497 2204 ὀδόντας,
1529 2141 1624 2194 καὶ
1659 2141 1751 2194 θυ-

153 2227 260 2297 μοῦ
301 2227 727 2299 πληρουμένων,
754 2229 904 2293 εἴτις
932 2230 1020 2284 τὸν
1060 2231 1262 2304 Ἰησοῦν
1277 2233 1748 2303 ὀνομάσειε.Ὣστε

152 2319 314 2382 τὸείς
346 2319 441 2373 τὸν
493 2319 701 2390 Κύριον
736 2319 888 2392 παρά
915 2321 1012 2392 τῆς
1045 2323 1381 2394 προφητείας
1412 2323 1621 2395 λεχθὲν,
1647 2326 1747 2397 ἁρ-

157 2411 345 2482 μόζειν
378 2412 520 2465 πάνυ
551 2413 647 2464 καὶ
677 2412 888 2484 Πέτρῳ,
922 2413 1002 2480 τὸ,
1021 2415 1518 2483 Περιεκύκλωσὰν
1541 2435 1618 2486 με
1647 2419 1749 2471 κύο

155 2519 253 2568 νες
283 2504 532 2557 πολλοίο
588 2503 795 2571 ταῦροι
842 2504 1049 2571 πίονες
1103 2505 1428 2576 περιέσχον
1466 2525 1564 2578 με.
1607 2508 1748 2562 Ἀλλ’

154 2596 301 2665 ὅμως
331 2595 478 2656 ζέων
499 2593 578 2665 τῷ
631 2594 932 2666 Πνεύματι,
963 2597 1059 2649 καὶ
1085 2596 1185 2668 τὴν
1232 2598 1453 2668 ἐντολὴν
1487 2599 1748 2671 ἀνεπίλη-

161 2706 281 2742 στον
312 2687 529 2755 σώζων,
559 2689 660 2759 τὴν
688 2689 952 2743 εἰποῦσαν
997 2688 1168 2759 αὐτῷ’
1205 2692 1403 2744 Βόσκε
1453 2690 1524 2744 τὰ
1570 2692 1750 2760 ἀρνία

154 2799 288 2849 μευο
335 2781 474 2846 στάς
525 2783 606 2845 είς
633 2781 804 2854 δῆμον
852 2781 1156 2853 σύμμικτον
1203 2784 1267 2836 ἐκ
1319 2783 1524 2856 μυρίων
1557 2783 1746 2847 ἐθνῶν,

158 2873 302 2927 ἐϐόα·
347 2874 601 2943 Ἀνδρες
644 2874 937 2940 Ἰουδαῖοι,
972 2874 1071 2928 καὶ
1109 2879 1162 2929 οἱ
1195 2876 1616 2943 κατοικοῦντες
1652 2877 1746 2930 Ἰε-

153 2964 476 3033 ρουσαλὴμ
531 2964 816 3030 ἅπαντες.
852 2965 963 3018 Καὶ
1017 2966 1106 3020 ἵνα
1165 2967 1240 3037 μὴ
1291 2966 1741 3038 μακρολογῶμεν,

157 3059 336 3110 πᾶσαν
377 3059 475 3129 τὴν
515 3057 676 3130 ῥῆσιν
702 3059 1060 3130 συνείροντες,
1087 3061 1473 3132 ἀπομέμνηται
1503 3061 1612 3115 τῶν
1652 3062 1742 3113 λο-

159 3149 283 3215 γίων
316 3148 414 3202 τοῦ
464 3148 634 3220 Ἰωὴλ,
682 3149 1039 3220 προφητεύων
1066 3151 1135 3182 ⁷³⁸
1171 3152 1270 3222 τὴν
1303 3151 1396 3204 τοῦ
1427 3152 1743 3222 Πνεύματος

159 3240 523 3311 ὲπιφοίτ-ησινο
563 3239 773 3294 ἐκεῖθεν
807 3241 901 3292 ἐπὶ
929 3241 1020 3294 τὸν
1068 3240 1234 3294 Δαϐ“ιδ
1267 3241 1602 3312 μεταϐαίνει,
1647 3244 1741 3296 καὶ

160 3332 244 3384 τὸν
286 3333 776 3388 πεντεκαιδέκατον
829 3334 1043 3404 ψαλμὸν
1079 3333 1476 3405 παραθέμενος,
1537 3335 1742 3405 βεϐαιοῖ

159 3422 250 3491 τὴν
271 3423 590 3476 ἀνάστασινο
621 3426 718 3477 καὶ
738 3424 828 3476 τὸν
849 3426 1026 3478 πάντα
1047 3424 1204 3494 λόγον
1253 3443 1317 3478 συ
1325 3443 1434 3497 μπε
1445 3429 1740 3498 ρανάμενος

162 3516 214 3567 ἐν
248 3515 414 3586 σοφία
473 3515 648 3584 λόγων
699 3517 793 3569 καὶ
836 3517 1112 3590 μαρτυρίᾳ
1156 3517 1343 3587 νόμου,
1403 3519 1562 3582 εὐθὺς
1615 3523 1740 3585 τοὺς

160 3608 433 3678 ἀκροατὰς
473 3610 804 3679 ἐπηγάγετο.
867 3610 926 3663 ού
975 3609 1128 3673 δέκα,
1179 3611 1300 3663 οὐδὲ
1354 3612 1566 3665 ἑκατόν·
1619 3613 1740 3666 οὐδὲ

162 3701 295 3771 τρὶς,
325 3702 363 3772 ἦ
399 3703 663 3766 πεντάκις
697 3701 1006 3766 τοσούτουςο
1039 3702 1174 3756 ἀλλᾶ
1202 3707 1350 3775 τρεῖς
1378 3705 1618 3775 χιλιάδας
1647 3707 1741 3760 ἀν-

159 3791 312 3864 spat,
355 3794 686 3864 Ἐκκλησίας
714 3795 1009 3867 πλήρωμα,
1037 3795 1209 3865 δῆμον
1267 3796 1389 3849 ὅλον
1427 3797 1607 3851 ἱκανὸν
1639 3815 1740 3853 κα-

161 3886 423 3956 ταπλῆξαι
468 3889 596 3950 τοὺς
639 3886 944 3957 δυσμενεῖς,
989 3880 1064 3942 ὧν
1096 3888 1488 3958 ἀπερράγησαν
1523 3889 1734 3962 ἀθρόον.

164 3979 221 4030 Ὢ
260 3979 486 4042 πειθοῦς
521 3979 812 4051 φάρμακον
864 3978 1064 4050 θερμὸν
1117 3980 1211 4032 καὶ
1263 3979 1542 4053 διάπυρον,
1574 3982 1740 4048 ὀξέως

159 4069 259 4123 τῶν
287 4071 476 4142 ψυχῶν
515 4071 938 4140 καθαψάμενονί
985 4069 1030 4122 ὣ
1062 4071 1222 4140 σοφία
1259 4071 1528 4140 θεολόγος,
1558 4076 1738 4140 πᾶσαν

163 4163 346 4231 σοφίαν
404 4163 758 4235 ἀνθρωπίνην
814 4162 1134 4234 καλύψασαί
1188 4165 1252 4217 Τί
1315 4166 1526 4235 λέγετε,
1559 4169 1608 4220 oi
1648 4168 1738 4221 τὸν

161 4254 505 4328 Δημοσθένην
555 4255 949 4326 στεφανοῦντες
989 4256 1132 4310 κατά
1189 4258 1454 4330 ῥητόρων,
1499 4260 1593 4312 καὶ
1647 4259 1739 4314 τὸν

162 4345 449 4418 Σωκράτην
498 4346 866 4417 άνυμνοῦντες
919 4349 976 4401 ὲν
1016 4347 1356 4418 φιλοσόφοις;
1389 4349 1739 4422 Δημοσθένης

168 4440 254 4507 μὲν
281 4441 410 4512 γάρ,
435 4443 464 4493 ό
497 4440 596 4511 τὴν
630 4439 927 4512 ῥητορικὴν
951 4441 1127 4511 μέγας
1155 4442 1248 4494 καὶ
1281 4441 1734 4514 πολυθρύλλητος,

1851 1941 2016 1996 animi
2047 1943 2414 1999 fortitudinem
2466 1957 2650 2002 contra
2697 1948 2923 2018 populos
2953 1948 3214 2002 adversus
3256 1945 3426 2015 pieta-

1852 2040 1955 2084 tem
1995 2032 2255 2100 l'urentes,
2300 2037 2564 2103 ostendit;
2599 2053 2662 2093 ac
2714 2038 2931 2108 sapiens
2977 2046 3163 2093 orator
3197 2037 3250 2092 in
3308 2051 3426 2090 me-

1849 2118 1940 2174 dio
1988 2122 2228 2190 gentium
2296 2138 2359 2178 ac
2412 2123 2628 2181 Israelis
2693 2127 2926 2192 enituit;
2983 2129 3265 2197 gentium,
3323 2126 3424 2180 in-

1850 2226 2042 2278 quam,
2093 2216 2400 2270 acuentiutn
2459 2217 2689 2284 linguas,
2737 2235 2965 2290 quaeque
3021 2222 3138 2286 ira,
3192 2229 3253 2274 ut.
3304 2220 3426 2290 quis

1855 2298 2042 2356 Iesum
2103 2305 2456 2370 nominasset,
2500 2308 2872 2376 implerentur.
2910 2310 2987 2364 Ita
3019 2325 3150 2365 sane
3189 2319 3241 2366 ut
3279 2314 3425 2382 quod

1853 2407 1882 2446 a
1943 2391 2214 2464 Propheta
2267 2399 2319 2451 in
2376 2397 2584 2454 Domini
2627 2414 2855 2467 persona
2920 2403 3121 2455 dictum
3171 2412 3292 2467 est,
3327 2401 3427 2457 Pe-

1852 2494 1934 2539 tro
1961 2501 2174 2557 quoque
2219 2489 2505 2543 admodum
2554 2501 2876 2562 congrueret
2907 2509 2921 2546 :
2953 2491 3424 2550 Circumdederunt

1849 2595 1930 2633 me
1960 2596 2117 2634 canes
2165 2582 2358 2646 multi;
2401 2585 2541 2637 tauri
2587 2585 2804 2654 pingues
2831 2585 3135 2642 obsederunt
3167 2605 3248 2644 me
3273 2589 3350 2656 7‘;
3381 2593 3427 2646 is

1852 2681 2032 2727 tamen
2095 2671 2300 2743 Spiritu
2342 2674 2575 2743 fervens,
2616 2676 2833 2748 altaque
2886 2681 3141 2734 memoria
3182 2682 3307 2737 illud
3357 2686 3424 2737 ad

1849 2765 2022 2834 ipsum
2056 2765 2268 2822 Domini
2293 2771 2604 2822 mandatum
2631 2771 2888 2835 retinens,
2913 2787 3020 2841 quo
3043 2772 3140 2827 fuit
3171 2774 3372 2830 dictum
3405 2795 3420 2832 :

1849 2856 2015 2911 Pasce
2045 2875 2208 2928 agnos
2233 2875 2371 2914 meos
2403 2861 2480 2928 Ηδ;
2516 2869 2666 2916 stans
2714 2863 2765 2916 in
2807 2867 3115 2931 promiscua
3145 2882 3212 2922 ex
3257 2867 3422 2922 innu-

1846 2951 2196 3006 merabilibus
2244 2953 2497 3020 gentibus
2551 2954 2912 3020 multitudine,
2946 2957 3255 3015 clamabat:
3310 2959 3426 3018 Viri

1842 3038 2044 3108 Iudici,
2075 3054 2122 3097 et
2142 3045 2232 3114 qui
2260 3045 2506 3100 habitatis
2538 3045 2867 3102 Hierusalem
2887 3052 3195 3108 universi".
3235 3055 3317 3110 Ac
3357 3071 3425 3112 ne

1847 3134 2020 3190 locum
2050 3146 2217 3192 totum
2251 3139 2631 3194 subnectentes
2683 3139 2955 3212 longiores
2990 3145 3183 3216 simus,
3224 3148 3280 3204 in
3307 3164 3423 3203 me-

1769 3209 1811 3266 C
1847 3230 2074 3284 moriam
2107 3242 2321 3285 revocat
2361 3231 2528 3288 Joelis
2576 3237 2810 3302 oracula,
2841 3237 3182 3306 praediceniis
3228 3241 3420 3310 spiritu

1843 3320 2157 3388 prophetico
2181 3319 2416 3391 Spiritus
2437 3324 2720 3379 adventum
2747 3343 2760 3380 :
2791 3337 2902 3382 tum
2933 3332 3128 3386 transit
3155 3332 3220 3386 ad
3253 3333 3420 3388 Davi-

1844 3411 1985 3475 detn,
1999 3426 2067 3478 ac
2086 3426 2361 3482 exponens
2379 3414 2642 3484 psalmum
2661 3417 2906 3488 quintum
2929 3420 3422 3489 decimum,conlir-

1843 3505 2415 3560 matresurrectionem
2441 3525 2455 3561 :
2480 3508 2664 3578 sicque
2685 3525 2986 3567 sermonem
3016 3515 3324 3572 universum
3363 3520 3418 3573 in

1841 3595 2126 3650 verborum
2139 3596 2403 3666 sapientia
2417 3614 2480 3653 ac
2492 3599 2626 3670 legis
2642 3600 2946 3657 testimonia
2961 3603 3307 3673 concludens,
3321 3615 3420 3662 sta-

1843 3690 1936 3744 tim
1965 3701 2084 3760 post
2100 3705 2158 3746 se
2181 3690 2344 3745 traxit
2362 3691 2672 3757 auditores;
2705 3708 2808 3748 non
2829 3693 3034 3762 decem,
3055 3706 3147 3751 aut
3163 3709 3418 3765 centum;

1844 3782 1923 3837 vel
1956 3783 2120 3837 etiam
2154 3791 2237 3836 ter
2265 3794 2426 3839 autve
2454 3784 2740 3855 quinquies
2770 3788 3142 3857 tantos;;quin
3167 3789 3294 3852 imo,
3319 3793 3420 3845 tria

1842 3876 2008 3930 millia
2063 3876 2338 3944 virorum;
2372 3876 2626 3932 Ecclesia:
2659 3888 2903 3942 emtum;
2950 3878 3218 3950 integrum
3247 3896 3420 3952 popu-

1842 3969 1949 4024 lum
1994 3971 2207 4026 abunde
2239 3971 2524 4025 habentem
2575 3970 2758 4026 hostes
2798 3969 3116 4040 percellere,
3165 3986 3195 4026 a
3222 3973 3421 4042 quibus

1842 4065 2124 4135 repentina
2162 4065 2296 4120 adeo
2328 4065 2630 4119 mutatione
2668 4064 2893 4120 abscissi
2921 4075 3122 4119 essent.
3161 4065 3204 4120 Ο
3242 4068 3421 4120 suadae

1843 4158 2047 4212 fervida
2093 4171 2431 4226 accensaque
2467 4157 2845 4223 medicamina,
2889 4158 3100 4213 animos
3135 4157 3325 4214 intime
3357 4174 3436 4214 ac‘

1839 4251 2250 4320 penetrabiliter
2271 4251 2720 4320 perstringentia!
2744 4251 2788 4305 υ
2808 4250 2989 4304 divina
3014 4251 3297 4319 sapientia,
3327 4251 3422 4305 hn-

1840 4357 2054 4396 manam
2083 4357 2298 4396 omnem
2329 4341 2651 4411 sapientiam
2674 4341 2997 4396 obscuratis!
3023 4340 3166 4408 Quid
3194 4342 3260 4395 ad
3279 4343 3415 4405 bene,

1838 4435 1929 4504 qui
1963 4435 2309 4489 Demostheni
2361 4449 2521 4503 supra
2560 4433 2805 4488 rhetores
2856 4434 3079 4488 defertis
3128 4433 3364 4488 lauream
3399 4448 3415 4487 :

163 4532 404 4584 τοσοῦτον
425 4533 622 4602 ἀπεῖχε
655 4531 748 4584 τοῦ
781 4532 907 4602 περὶ
938 4526 1012 4586 ὧν
1045 4532 1292 4586 ἐϐούλετο
1319 4535 1545 4600 πείθειν,
1596 4536 1737 4591 ὥστε

1847 4528 2044 4597 quique
2073 4527 2352 4582 Socratem
2380 4527 2618 4582 laudatis
2669 4527 2810 4582 inter
2840 4525 3228 4594 philosophos?
3267 4523 3416 4578 Tan-

165 4621 251 4672 καὶ
276 4622 546 4693 ἐξωρίσθη
567 4621 668 4691 τῆς
696 4620 904 4684 πόλεως
945 4619 1096 4691 παρὰ
1142 4621 1249 4674 τῶν
1277 4621 1581 4694 ἀκροατῶν·
1619 4625 1733 4677 Σω-

167 4713 362 4783 κράτης
389 4713 470 4776 δέ,
523 4711 635 4764 τῶν
661 4711 872 4764 πολλῶν
903 4712 1038 4782 πρὸς
1080 4712 1392 4782 Ἀθηναίους
1421 4713 1614 4782 λόγων,
1641 4717 1735 4770 καὶ

165 4802 263 4852 τῶν
312 4804 489 4874 σοφῶν
545 4804 856 4870 διαλέξεων,
909 4804 1082 4870 τέλος,
1146 4805 1207 4858 τὸ
1245 4805 1466 4860 κώνειον
1513 4807 1730 4877 εὕρατο,

168 4894 304 4963 παρά
342 4895 434 4948 τοῦ
484 4894 650 4966 χοροῦ
689 4895 799 4947 τῶν
835 4894 1092 4966 μαθητῶν
1127 4895 1424 4964 φονευθείς·
1480 4899 1732 4953 τοσοῦτον

168 4984 314 5037 αὑτὸν
349 4988 549 5058 περιῆν
590 4987 690 5058 τῆς
716 4985 812 5039 τοῦ
861 4987 1071 5040 πείθειν
1105 4987 1407 5059 δυνάμεως.
1445 4989 1649 5060 Πέτρος
1675 4991 1730 5044 δὲ

166 5076 193 5126 ὁ
233 5077 428 5142 ωιεῦς,
480 5079 512 5131 ὁ
562 5078 934 5150 χειροτέχνης,
958 5080 986 5131 ὁ
1015 5078 1252 5150 ἀμαθὴς,
1284 5083 1313 5134 ό
1339 5082 1445 5134 πᾶν
1478 5082 1615 5153 ὅπερ
1664 5080 1730 5134 ἂν

167 5166 311 5238 ἐθέλῃ
339 5188 422 5234 τις
451 5170 732 5239 φαυλίζων
759 5170 963 5235 καλεῖν,
999 5173 1057 5224 ἐν
1103 5172 1204 5242 μιᾷ
1260 5171 1420 5239 λόγου
1454 5172 1726 5244 προσϐολῇ

168 5262 476 5330 τρισχιλίους
515 5261 721 5333 ἄνδρας
765 5261 1056 5334 Θηρεύσας,
1111 5263 1343 5333 βεϐαίως
1409 5264 1726 5336 μετέστησεν

171 5358 454 5424 καὶταῦτα,
473 5358 1010 5430 δυσανασχετοῦντας
1036 5360 1130 5414 καὶ
1180 5360 1589 5424 στασιάζοντας,
1639 5361 1734 5412 καὶ

171 5449 223 5501 οὐ
274 5453 689 5524 συγχωροῦντας
755 5452 906 5524 αύτῷ
973 5454 1072 5528 τὴν
1146 5453 1324 5526 ἀρχὴν
1384 5453 1610 5525 διαιρεῖν
1673 5455 1734 5507 τὸ

177 5545 347 5614 στόμα,

1848 4634 1959 4677 tum
1981 4621 2125 4676 enim
2159 4622 2332 4685 abest,
2375 4631 2434 4676 ut
2460 4637 2686 4692 magnus
2719 4621 2806 4676 ille
2838 4635 2902 4675 ac
2955 4617 3416 4674 celebratissimus

1841 4729 1940 4783 pro
1974 4714 2211 4770 oratoria
2262 4714 2550 4781 facultate,
2597 4730 2660 4768 ea
2697 4713 3032 4767 auditoribus
3061 4711 3416 4780 persuaserit,

1839 4823 1959 4878 quae
1992 4806 2172 4860 animo
2207 4805 2497 4860 constituta
2549 4814 2761 4869 essent,
2805 4813 2860 4857 ut
2891 4804 3054 4858 etiam
3103 4801 3171 4856 ab
3221 4801 3414 4856 iisdem

1840 4900 1974 4954 urbe
2006 4913 2070 4953 ac
2099 4898 2274 4966 patrio
2321 4897 2438 4952 solo
2465 4899 2778 4966 deportatus
2804 4895 2909 4960 sit;
2960 4895 3219 4948 Socrates
3260 4907 3412 4958 vero,

1837 4989 2070 5058 plurium
2101 4989 2314 5043 illorum
2346 4989 2413 5043 ad
2467 4988 2826 5043 Athenienses
2867 5001 3200 5050 sermonum,
3233 5000 3298 5039 ac
3323 5001 3412 5040 sa-

1840 5082 2041 5152 pientia
2081 5081 2405 5136 refertarum
2460 5080 2880 5150 disputationum
2933 5077 3134 5143 tinem,
3177 5077 3412 5132 cicutam

1839 5174 2065 5242 invenit,
2099 5173 2460 5228 interticiente
2501 5173 2889 5243 discipulorum
2917 5173 3117 5239 choro,
3151 5179 3302 5227 tanta
3335 5172 3415 5225 ni-

1839 5267 2034 5321 mirum
2066 5265 2302 5336 pollebat
2337 5267 2385 5319 vi
2416 5267 2617 5321 suadze.
2650 5267 2722 5321 At
2776 5265 2988 5332 Petrus,
3017 5265 3258 5336 piscator
3294 5265 3414 5331 ille,

1837 5360 1927 5415 ille
1950 5375 2204 5414 manuum
2229 5368 2344 5412 arte
2365 5359 2563 5413 victum
2589 5375 2857 5429 quaerens,
2902 5359 2990 5415 ille
3015 5359 3319 5430 imperitus,
3350 5375 3414 5414 ac

1837 5452 2097 5522 quidquid
2131 5467 2228 5521 per
2255 5461 2620 5521 contemptum
2661 5452 2796 5506 velis
2831 5451 3123 5522 appellare,
3161 5465 3271 5507 uno
3295 5465 3412 5506 ser-

1847 5545 2022 5600 monis
2068 5548 2212 5616 jactu
2267 5543 2367 5599 tria
2423 5544 2654 5599 virorum
2689 5543 2855 5598 millia
2906 5553 3152 5608 venatus,
3184 5543 3414 5598 ﬁrmiter

176 5645 450 5713 transtulit;
476 5645 778 5717 idquecum
806 5643 878 5699 illi
909 5643 1129 5699 moleste
1150 5643 1352 5700 l‘errcnt
1388 5659 1452 5698 ac
1476 5641 1951 5707 tumultuarentur,
1974 5656 2038 5696 ac
2059 5656 2126 5696 ne
2149 5657 2210 5696 os
2242 5641 2458 5711 quidem
2491 5641 2746 5694 diducere
2795 5655 2823 5693 a
2848 5639 3112 5710 principio
3138 5639 3402 5694 sinerent.

234 5768 273 5842 ζ’
295 5767 412 5837 ιρι.
429 5771 610 5840 λέγειν
642 5771 750 5824 ἔδει
777 5768 866 5842 δι’.
941 5769 1011 5800 ’ν
1047 5767 1176 5842 Lee.
1209 5766 1664 5842 προφητεύοντοςν
1697 5776 1752 5822 ει

1847 5765 1960 5834 lira,
1993 5765 2056 5835 D,
2095 5764 2348 5820 τοσοῦτον
2386 5762 2534 5836 αύτῷ
2580 5763 2798 5836 περιῆν.
2874 5764 2919 5795 ⁷³
2969 5761 3111 5819 Psal.
3157 5776 3271 5828 ut,
3324 5761 3408 5814 l5.

175 5833 217 5868 "
235 5833 514 5906 ιουηῖιιι,
539 5842 626 5899 l5.
706 5841 752 5874 ⁷⁸
782 5840 899 5897 Act.
931 5855 994 5903 ll,
1035 5841 1095 5895 41
1125 5833 1140 5882 ἶ
